  <div class='ocr_page' id='page_1' title='image "/cluster/home/n/w/nwhite01/storage/ocr_20150623/53-54/hvd.32044012465829/079.png"; bbox 0 0 3752 6240; ppageno 0'>
   <div class='ocr_carea' id='block_1_1' title="bbox 401 148 3662 221">
    <p class='ocr_par' dir='ltr' id='par_1_1' title="bbox 401 148 3662 221">
     <span class='ocr_line' id='line_1_1' title="bbox 401 148 3662 221; baseline 0.006 -18"><span class='ocrx_word' id='word_1_1' title='bbox 401 148 461 205; x_wconf 80' lang='lat'><strong>79</strong></span> <span class='ocrx_word' id='word_1_2' title='bbox 1098 154 1153 210; x_wconf 91' lang='lat' dir='ltr'><strong>S.</strong></span> <span class='ocrx_word' id='word_1_3' title='bbox 1196 152 1473 211; x_wconf 75' lang='lat' dir='ltr'><strong>JOANNIS</strong></span> <span class='ocrx_word' id='word_1_4' title='bbox 1499 154 1967 212; x_wconf 71' lang='lat' dir='ltr'><strong>CHRYSOSTOMI</strong></span> <span class='ocrx_word' id='word_1_5' title='bbox 2006 154 2324 213; x_wconf 76' lang='lat' dir='ltr'><strong>ARCIHEP.</strong></span> <span class='ocrx_word' id='word_1_6' title='bbox 2360 158 2895 217; x_wconf 74' lang='lat' dir='ltr'><strong>CONSTANTINOP.</strong></span> <span class='ocrx_word' id='word_1_7' title='bbox 3602 171 3662 221; x_wconf 71' lang='lat'><strong>80</strong></span> 
     </span>
    </p>
   </div>
   <div class='ocr_carea' id='block_1_2' title="bbox 402 265 1978 338">
    <p class='ocr_par' dir='ltr' id='par_1_2' title="bbox 402 265 1978 338">
     <span class='ocr_line' id='line_1_2' title="bbox 402 265 1978 338; baseline 0.003 -17"><span class='ocrx_word' id='word_1_8' title='bbox 402 268 586 323; x_wconf 79' lang='lat' dir='ltr'><strong>falsam</strong></span> <span class='ocrx_word' id='word_1_9' title='bbox 618 267 713 323; x_wconf 91' lang='lat' dir='ltr'><strong>Dei</strong></span> <span class='ocrx_word' id='word_1_10' title='bbox 742 265 1174 338; x_wconf 88' lang='lat' dir='ltr'><strong>promissionem.</strong></span> <span class='ocrx_word' id='word_1_11' title='bbox 1207 269 1338 325; x_wconf 85' lang='lat' dir='ltr'><strong>Nam</strong></span> <span class='ocrx_word' id='word_1_12' title='bbox 1370 271 1436 325; x_wconf 86' lang='lat' dir='ltr'><strong>ab</strong></span> <span class='ocrx_word' id='word_1_13' title='bbox 1465 270 1618 324; x_wconf 85' lang='lat' dir='ltr'><strong>initio</strong></span> <span class='ocrx_word' id='word_1_14' title='bbox 1648 285 1737 326; x_wconf 90' lang='lat' dir='ltr'><strong>res</strong></span> <span class='ocrx_word' id='word_1_15' title='bbox 1764 286 1869 325; x_wconf 87' lang='lat' dir='ltr'><strong>non</strong></span> <span class='ocrx_word' id='word_1_16' title='bbox 1910 271 1978 325; x_wconf 89' lang='lat' dir='ltr'><strong>ita</strong></span> 
     </span>
    </p>
   </div>
   <div class='ocr_carea' id='block_1_3' title="bbox 398 362 1982 431">
    <p class='ocr_par' dir='ltr' id='par_1_3' title="bbox 398 362 1982 431">
     <span class='ocr_line' id='line_1_3' title="bbox 398 362 1982 431; baseline 0.001 -14"><span class='ocrx_word' id='word_1_17' title='bbox 398 378 459 419; x_wconf 90' lang='lat' dir='ltr'><strong>se</strong></span> <span class='ocrx_word' id='word_1_18' title='bbox 484 362 751 418; x_wconf 84' lang='lat' dir='ltr'><strong>habebant</strong></span> <span class='ocrx_word' id='word_1_19' title='bbox 771 404 786 428; x_wconf 96' lang='lat'><strong>,</strong></span> <span class='ocrx_word' id='word_1_20' title='bbox 816 363 909 418; x_wconf 89' lang='lat' dir='ltr'><strong>sed</strong></span> <span class='ocrx_word' id='word_1_21' title='bbox 944 364 1203 418; x_wconf 88' lang='lat' dir='ltr'><strong>timebant</strong></span> <span class='ocrx_word' id='word_1_22' title='bbox 1250 374 1305 419; x_wconf 91' lang='lat' dir='ltr'><strong>et</strong></span> <span class='ocrx_word' id='word_1_23' title='bbox 1348 366 1651 421; x_wconf 86' lang='lat' dir='ltr'><strong>tremebant</strong></span> <span class='ocrx_word' id='word_1_24' title='bbox 1681 366 1905 431; x_wconf 72' lang='lat' dir='ltr'><strong>bestire,</strong></span> <span class='ocrx_word' id='word_1_25' title='bbox 1928 377 1982 422; x_wconf 86' lang='lat' dir='ltr'><strong>et</strong></span> 
     </span>
    </p>
   </div>
   <div class='ocr_carea' id='block_1_4' title="bbox 400 455 1981 515">
    <p class='ocr_par' dir='ltr' id='par_1_4' title="bbox 400 455 1981 515">
     <span class='ocr_line' id='line_1_4' title="bbox 400 455 1981 515; baseline 0.004 -8"><span class='ocrx_word' id='word_1_26' title='bbox 400 455 796 512; x_wconf 74' lang='lat' dir='ltr'><strong>venerabantur</strong></span> <span class='ocrx_word' id='word_1_27' title='bbox 836 455 1134 510; x_wconf 90' lang='lat' dir='ltr'><strong>domimnu.</strong></span> <span class='ocrx_word' id='word_1_28' title='bbox 1168 456 1265 511; x_wconf 80' lang='lat' dir='ltr'><strong>Uhi</strong></span> <span class='ocrx_word' id='word_1_29' title='bbox 1296 466 1473 512; x_wconf 89' lang='lat' dir='ltr'><strong>autem</strong></span> <span class='ocrx_word' id='word_1_30' title='bbox 1517 473 1581 513; x_wconf 71' lang='lat' dir='ltr'><strong>ex</strong></span> <span class='ocrx_word' id='word_1_31' title='bbox 1620 458 1981 515; x_wconf 88' lang='lat' dir='ltr'><strong>inobedieutia</strong></span> 
     </span>
    </p>
   </div>
   <div class='ocr_carea' id='block_1_5' title="bbox 399 546 1982 619">
    <p class='ocr_par' dir='ltr' id='par_1_5' title="bbox 399 546 1982 619">
     <span class='ocr_line' id='line_1_5' title="bbox 399 546 1982 619; baseline 0.005 -21"><span class='ocrx_word' id='word_1_32' title='bbox 399 547 645 601; x_wconf 82' lang='lat' dir='ltr'><strong>tiduciam</strong></span> <span class='ocrx_word' id='word_1_33' title='bbox 692 546 833 615; x_wconf 89' lang='lat' dir='ltr'><strong>apud</strong></span> <span class='ocrx_word' id='word_1_34' title='bbox 881 547 1048 601; x_wconf 89' lang='lat' dir='ltr'><strong>Deum</strong></span> <span class='ocrx_word' id='word_1_35' title='bbox 1096 548 1411 616; x_wconf 88' lang='lat' dir='ltr'><strong>amisimus,</strong></span> <span class='ocrx_word' id='word_1_36' title='bbox 1444 550 1604 605; x_wconf 85' lang='lat' dir='ltr'><strong>etiam</strong></span> <span class='ocrx_word' id='word_1_37' title='bbox 1655 549 1982 619; x_wconf 78' lang='lat' dir='ltr'><strong>principatus</strong></span> 
     </span>
    </p>
   </div>
   <div class='ocr_carea' id='block_1_6' title="bbox 400 639 1979 708">
    <p class='ocr_par' dir='ltr' id='par_1_6' title="bbox 400 639 1979 708">
     <span class='ocr_line' id='line_1_6' title="bbox 400 639 1979 708; baseline 0.004 -18"><span class='ocrx_word' id='word_1_38' title='bbox 400 649 581 692; x_wconf 86' lang='lat' dir='ltr'><strong>noster</strong></span> <span class='ocrx_word' id='word_1_39' title='bbox 608 639 881 693; x_wconf 87' lang='lat' dir='ltr'><strong>mutilatus</strong></span> <span class='ocrx_word' id='word_1_40' title='bbox 910 648 1011 694; x_wconf 90' lang='lat' dir='ltr'><strong>est.</strong></span> <span class='ocrx_word' id='word_1_41' title='bbox 1043 639 1295 708; x_wconf 87' lang='lat' dir='ltr'><strong>Subjecta</strong></span> <span class='ocrx_word' id='word_1_42' title='bbox 1325 642 1468 695; x_wconf 89' lang='lat' dir='ltr'><strong>enim</strong></span> <span class='ocrx_word' id='word_1_43' title='bbox 1501 641 1702 697; x_wconf 84' lang='lat' dir='ltr'><strong>homini</strong></span> <span class='ocrx_word' id='word_1_44' title='bbox 1732 643 1979 697; x_wconf 80' lang='lat' dir='ltr'><strong>animalia</strong></span> 
     </span>
    </p>
   </div>
   <div class='ocr_carea' id='block_1_7' title="bbox 398 728 1977 801">
    <p class='ocr_par' dir='ltr' id='par_1_7' title="bbox 398 728 1977 801">
     <span class='ocr_line' id='line_1_7' title="bbox 398 728 1977 801; baseline 0.005 -22"><span class='ocrx_word' id='word_1_45' title='bbox 398 732 574 783; x_wconf 84' lang='lat' dir='ltr'><strong>omnia</strong></span> <span class='ocrx_word' id='word_1_46' title='bbox 601 729 762 784; x_wconf 85' lang='lat' dir='ltr'><strong>fuisse</strong></span> <span class='ocrx_word' id='word_1_47' title='bbox 785 728 968 798; x_wconf 83' lang='lat' dir='ltr'><strong>accipe</strong></span> <span class='ocrx_word' id='word_1_48' title='bbox 997 744 1061 784; x_wconf 78' lang='lat' dir='ltr'><strong>ex</strong></span> <span class='ocrx_word' id='word_1_49' title='bbox 1084 729 1382 800; x_wconf 88' lang='lat' dir='ltr'><strong>Scriptura,</strong></span> <span class='ocrx_word' id='word_1_50' title='bbox 1408 747 1529 801; x_wconf 69' lang='lat' dir='ltr'><strong>qua:</strong></span> <span class='ocrx_word' id='word_1_51' title='bbox 1549 732 1680 788; x_wconf 77' lang='lat' dir='ltr'><strong>dicit</strong></span> <span class='ocrx_word' id='word_1_52' title='bbox 1698 774 1714 798; x_wconf 94' lang='lat'><strong>,</strong></span> <span class='ocrx_word' id='word_1_53' title='bbox 1747 734 1977 788; x_wconf 77' lang='lat' dir='ltr'><strong>Adduxit</strong></span> 
     </span>
    </p>
   </div>
   <div class='ocr_carea' id='block_1_8' title="bbox 399 819 1982 898">
    <p class='ocr_par' dir='ltr' id='par_1_8' title="bbox 399 819 1982 898">
     <span class='ocr_line' id='line_1_8' title="bbox 399 819 1982 898; baseline 0.006 -25"><span class='ocrx_word' id='word_1_54' title='bbox 399 819 534 874; x_wconf 83' lang='lat' dir='ltr'><strong>Deus</strong></span> <span class='ocrx_word' id='word_1_55' title='bbox 561 822 741 876; x_wconf 83' lang='lat' dir='ltr'><strong>bestias</strong></span> <span class='ocrx_word' id='word_1_56' title='bbox 761 861 777 886; x_wconf 89' lang='lat'><strong>,</strong></span> <span class='ocrx_word' id='word_1_57' title='bbox 809 831 855 877; x_wconf 78' lang='lat' dir='ltr'><strong>et</strong></span> <span class='ocrx_word' id='word_1_58' title='bbox 876 824 1047 877; x_wconf 79' lang='lat' dir='ltr'><strong>omnia</strong></span> <span class='ocrx_word' id='word_1_59' title='bbox 1086 824 1235 879; x_wconf 84' lang='lat' dir='ltr'><strong>bruta</strong></span> <span class='ocrx_word' id='word_1_60' title='bbox 1257 826 1327 878; x_wconf 85' lang='lat' dir='ltr'><strong>ad</strong></span> <span class='ocrx_word' id='word_1_61' title='bbox 1354 826 1538 892; x_wconf 78' lang='lat' dir='ltr'><strong>Adam,</strong></span> <span class='ocrx_word' id='word_1_62' title='bbox 1568 838 1622 881; x_wconf 82' lang='lat' dir='ltr'><strong>ut</strong></span> <span class='ocrx_word' id='word_1_63' title='bbox 1650 829 1837 883; x_wconf 83' lang='lat' dir='ltr'><strong>videret</strong></span> <span class='ocrx_word' id='word_1_64' title='bbox 1860 830 1982 898; x_wconf 82' lang='lat' dir='ltr'><strong>quid</strong></span> 
     </span>
    </p>
   </div>
   <div class='ocr_carea' id='block_1_9' title="bbox 398 911 1978 989">
    <p class='ocr_par' dir='ltr' id='par_1_9' title="bbox 398 911 1978 989">
     <span class='ocr_line' id='line_1_9' title="bbox 398 911 1978 989; baseline 0.008 -27"><span class='ocrx_word' id='word_1_65' title='bbox 398 920 673 965; x_wconf 77' lang='lat' dir='ltr'><strong>vocarctea</strong></span> <span class='ocrx_word' id='word_1_66' title='bbox 703 911 857 982; x_wconf 77' lang='lat' dir='ltr'><strong>(Ceu.</strong></span> <span class='ocrx_word' id='word_1_67' title='bbox 880 912 934 967; x_wconf 78' lang='grc'><strong>2.</strong></span> <span class='ocrx_word' id='word_1_68' title='bbox 970 914 1081 985; x_wconf 79' lang='grc'><strong>19).</strong></span> <span class='ocrx_word' id='word_1_69' title='bbox 1116 916 1182 970; x_wconf 86' lang='lat' dir='ltr'><strong>Et</strong></span> <span class='ocrx_word' id='word_1_70' title='bbox 1218 932 1339 972; x_wconf 88' lang='lat' dir='ltr'><strong>cum</strong></span> <span class='ocrx_word' id='word_1_71' title='bbox 1375 920 1581 974; x_wconf 85' lang='lat' dir='ltr'><strong>videret</strong></span> <span class='ocrx_word' id='word_1_72' title='bbox 1613 919 1763 989; x_wconf 79' lang='lat' dir='ltr'><strong>juxta</strong></span> <span class='ocrx_word' id='word_1_73' title='bbox 1789 935 1849 975; x_wconf 92' lang='lat' dir='ltr'><strong>se</strong></span> <span class='ocrx_word' id='word_1_74' title='bbox 1884 920 1978 974; x_wconf 89' lang='lat' dir='ltr'><strong>be-</strong></span> 
     </span>
    </p>
   </div>
   <div class='ocr_carea' id='block_1_10' title="bbox 396 1002 1980 1094">
    <p class='ocr_par' dir='ltr' id='par_1_10' title="bbox 396 1002 1980 1094">
     <span class='ocr_line' id='line_1_10' title="bbox 396 1002 1980 1094; baseline 0.007 -40"><span class='ocrx_word' id='word_1_75' title='bbox 396 1002 563 1066; x_wconf 86' lang='lat' dir='ltr'><strong>stias,</strong></span> <span class='ocrx_word' id='word_1_76' title='bbox 599 1017 716 1094; x_wconf 53' lang='lat' dir='ltr'><strong>.non</strong></span> <span class='ocrx_word' id='word_1_77' title='bbox 773 1006 999 1073; x_wconf 89' lang='lat' dir='ltr'><strong>resiliit;</strong></span> <span class='ocrx_word' id='word_1_78' title='bbox 1046 1008 1139 1062; x_wconf 88' lang='lat' dir='ltr'><strong>sed</strong></span> <span class='ocrx_word' id='word_1_79' title='bbox 1191 1018 1457 1077; x_wconf 83' lang='lat' dir='ltr'><strong>tamquam</strong></span> <span class='ocrx_word' id='word_1_80' title='bbox 1499 1010 1745 1066; x_wconf 90' lang='lat' dir='ltr'><strong>dominus</strong></span> <span class='ocrx_word' id='word_1_81' title='bbox 1790 1013 1980 1081; x_wconf 83' lang='lat' dir='ltr'><strong>aliquis</strong></span> 
     </span>
    </p>
   </div>
   <div class='ocr_carea' id='block_1_11' title="bbox 400 1096 1981 1175">
    <p class='ocr_par' dir='ltr' id='par_1_11' title="bbox 400 1096 1981 1175">
     <span class='ocr_line' id='line_1_11' title="bbox 400 1096 1981 1175; baseline 0.008 -29"><span class='ocrx_word' id='word_1_82' title='bbox 400 1096 573 1150; x_wconf 75' lang='lat' dir='ltr'><strong>servis</strong></span> <span class='ocrx_word' id='word_1_83' title='bbox 600 1096 828 1153; x_wconf 88' lang='lat' dir='ltr'><strong>subditis</strong></span> <span class='ocrx_word' id='word_1_84' title='bbox 851 1101 1068 1157; x_wconf 89' lang='lat' dir='ltr'><strong>nomina</strong></span> <span class='ocrx_word' id='word_1_85' title='bbox 1095 1100 1346 1171; x_wconf 90' lang='lat' dir='ltr'><strong>imposuit</strong></span> <span class='ocrx_word' id='word_1_86' title='bbox 1374 1121 1387 1157; x_wconf 92' lang='lat'><strong>:</strong></span> <span class='ocrx_word' id='word_1_87' title='bbox 1416 1104 1483 1157; x_wconf 85' lang='lat' dir='ltr'><strong>Et</strong></span> <span class='ocrx_word' id='word_1_88' title='bbox 1509 1121 1656 1158; x_wconf 85' lang='lat' dir='ltr'><strong>omne</strong></span> <span class='ocrx_word' id='word_1_89' title='bbox 1681 1107 1815 1175; x_wconf 77' lang='lat' dir='ltr'><strong>quod</strong></span> <span class='ocrx_word' id='word_1_90' title='bbox 1836 1122 1981 1158; x_wconf 84' lang='lat' dir='ltr'><strong>voca-</strong></span> 
     </span>
    </p>
   </div>
   <div class='ocr_carea' id='block_1_12' title="bbox 392 1188 1980 1266">
    <p class='ocr_par' dir='ltr' id='par_1_12' title="bbox 392 1188 1980 1266">
     <span class='ocr_line' id='line_1_12' title="bbox 392 1188 1980 1266; baseline 0.008 -27"><span class='ocrx_word' id='word_1_91' title='bbox 392 1190 462 1241; x_wconf 76' lang='lat' dir='ltr'><strong>rit</strong></span> <span class='ocrx_word' id='word_1_92' title='bbox 494 1188 684 1252; x_wconf 75' lang='lat' dir='ltr'><strong>Adam,</strong></span> <span class='ocrx_word' id='word_1_93' title='bbox 715 1191 915 1259; x_wconf 88' lang='lat' dir='ltr'><strong>inquit,</strong></span> <span class='ocrx_word' id='word_1_94' title='bbox 949 1193 1042 1246; x_wconf 85' lang='lat' dir='ltr'><strong>Iwc</strong></span> <span class='ocrx_word' id='word_1_95' title='bbox 1094 1210 1273 1249; x_wconf 79' lang='lat' dir='ltr'><strong>nomen</strong></span> <span class='ocrx_word' id='word_1_96' title='bbox 1328 1204 1401 1249; x_wconf 78' lang='lat' dir='ltr'><strong>est</strong></span> <span class='ocrx_word' id='word_1_97' title='bbox 1450 1196 1529 1249; x_wconf 85' lang='lat' dir='ltr'><strong>illi</strong></span> <span class='ocrx_word' id='word_1_98' title='bbox 1562 1238 1576 1251; x_wconf 93' lang='lat'><strong>.</strong></span> <span class='ocrx_word' id='word_1_99' title='bbox 1608 1196 1751 1265; x_wconf 86' lang='lat' dir='ltr'><strong>quod</strong></span> <span class='ocrx_word' id='word_1_100' title='bbox 1799 1197 1980 1266; x_wconf 89' lang='lat' dir='ltr'><strong>utique</strong></span> 
     </span>
    </p>
   </div>
   <div class='ocr_carea' id='block_1_13' title="bbox 391 1280 1980 1358">
    <p class='ocr_par' dir='ltr' id='par_1_13' title="bbox 391 1280 1980 1358">
     <span class='ocr_line' id='line_1_13' title="bbox 391 1280 1980 1358; baseline 0.006 -26"><span class='ocrx_word' id='word_1_101' title='bbox 391 1280 621 1349; x_wconf 84' lang='lat' dir='ltr'><strong>dominii</strong></span> <span class='ocrx_word' id='word_1_102' title='bbox 653 1281 883 1351; x_wconf 83' lang='lat' dir='ltr'><strong>signum.</strong></span> <span class='ocrx_word' id='word_1_103' title='bbox 916 1283 1041 1339; x_wconf 84' lang='lat' dir='ltr'><strong>Ideo</strong></span> <span class='ocrx_word' id='word_1_104' title='bbox 1087 1285 1227 1340; x_wconf 89' lang='lat' dir='ltr'><strong>Deus</strong></span> <span class='ocrx_word' id='word_1_105' title='bbox 1255 1295 1311 1341; x_wconf 92' lang='lat' dir='ltr'><strong>ut</strong></span> <span class='ocrx_word' id='word_1_106' title='bbox 1338 1286 1560 1341; x_wconf 86' lang='lat' dir='ltr'><strong>doceret</strong></span> <span class='ocrx_word' id='word_1_107' title='bbox 1586 1287 1758 1358; x_wconf 89' lang='lat' dir='ltr'><strong>ipsum</strong></span> <span class='ocrx_word' id='word_1_108' title='bbox 1792 1298 1980 1357; x_wconf 87' lang='lat' dir='ltr'><strong>poten-</strong></span> 
     </span>
    </p>
   </div>
   <div class='ocr_carea' id='block_1_14' title="bbox 391 1373 1980 1449">
    <p class='ocr_par' dir='ltr' id='par_1_14' title="bbox 391 1373 1980 1449">
     <span class='ocr_line' id='line_1_14' title="bbox 391 1373 1980 1449; baseline 0.008 -26"><span class='ocrx_word' id='word_1_109' title='bbox 391 1373 478 1426; x_wconf 78' lang='lat' dir='ltr'><strong>tiae</strong></span> <span class='ocrx_word' id='word_1_110' title='bbox 500 1386 614 1428; x_wconf 74' lang='lat' dir='ltr'><strong>sine</strong></span> <span class='ocrx_word' id='word_1_111' title='bbox 634 1373 972 1443; x_wconf 88' lang='lat' dir='ltr'><strong>dignitatem,</strong></span> <span class='ocrx_word' id='word_1_112' title='bbox 997 1378 1273 1432; x_wconf 88' lang='lat' dir='ltr'><strong>nominum</strong></span> <span class='ocrx_word' id='word_1_113' title='bbox 1328 1378 1723 1448; x_wconf 89' lang='lat' dir='ltr'><strong>impositionem</strong></span> <span class='ocrx_word' id='word_1_114' title='bbox 1754 1380 1831 1434; x_wconf 90' lang='lat' dir='ltr'><strong>illi</strong></span> <span class='ocrx_word' id='word_1_115' title='bbox 1860 1396 1980 1449; x_wconf 88' lang='lat' dir='ltr'><strong>per-</strong></span> 
     </span>
    </p>
   </div>
   <div class='ocr_carea' id='block_1_15' title="bbox 390 1462 1979 1535">
    <p class='ocr_par' dir='ltr' id='par_1_15' title="bbox 390 1462 1979 1535">
     <span class='ocr_line' id='line_1_15' title="bbox 390 1462 1979 1535; baseline 0.006 -21"><span class='ocrx_word' id='word_1_116' title='bbox 390 1462 561 1517; x_wconf 88' lang='lat' dir='ltr'><strong>misit.</strong></span> <span class='ocrx_word' id='word_1_117' title='bbox 596 1465 772 1535; x_wconf 85' lang='lat' dir='ltr'><strong>Atque</strong></span> <span class='ocrx_word' id='word_1_118' title='bbox 812 1465 928 1521; x_wconf 74' lang='lat' dir='ltr'><strong>hrec</strong></span> <span class='ocrx_word' id='word_1_119' title='bbox 981 1467 1195 1535; x_wconf 83' lang='lat' dir='ltr'><strong>quidem</strong></span> <span class='ocrx_word' id='word_1_120' title='bbox 1241 1468 1372 1523; x_wconf 85' lang='lat' dir='ltr'><strong>satis</strong></span> <span class='ocrx_word' id='word_1_121' title='bbox 1415 1470 1672 1535; x_wconf 89' lang='lat' dir='ltr'><strong>indicant,</strong></span> <span class='ocrx_word' id='word_1_122' title='bbox 1702 1470 1769 1525; x_wconf 88' lang='lat' dir='ltr'><strong>ab</strong></span> <span class='ocrx_word' id='word_1_123' title='bbox 1827 1472 1979 1525; x_wconf 89' lang='lat' dir='ltr'><strong>initio</strong></span> 
     </span>
    </p>
   </div>
   <div class='ocr_carea' id='block_1_16' title="bbox 393 1556 1976 1619">
    <p class='ocr_par' dir='ltr' id='par_1_16' title="bbox 393 1556 1976 1619">
     <span class='ocr_line' id='line_1_16' title="bbox 393 1556 1976 1619; baseline 0.005 -11"><span class='ocrx_word' id='word_1_124' title='bbox 393 1557 535 1610; x_wconf 86' lang='lat' dir='ltr'><strong>feras</strong></span> <span class='ocrx_word' id='word_1_125' title='bbox 567 1556 769 1619; x_wconf 86' lang='lat' dir='ltr'><strong>homini</strong></span> <span class='ocrx_word' id='word_1_126' title='bbox 798 1560 1064 1615; x_wconf 85' lang='lat' dir='ltr'><strong>terribiles</strong></span> <span class='ocrx_word' id='word_1_127' title='bbox 1091 1576 1197 1616; x_wconf 92' lang='lat' dir='ltr'><strong>non</strong></span> <span class='ocrx_word' id='word_1_128' title='bbox 1244 1561 1423 1617; x_wconf 88' lang='lat' dir='ltr'><strong>fuisse.</strong></span> <span class='ocrx_word' id='word_1_129' title='bbox 1475 1561 1571 1616; x_wconf 87' lang='lat' dir='ltr'><strong>Est</strong></span> <span class='ocrx_word' id='word_1_130' title='bbox 1608 1570 1787 1617; x_wconf 88' lang='lat' dir='ltr'><strong>tamen</strong></span> <span class='ocrx_word' id='word_1_131' title='bbox 1834 1563 1976 1617; x_wconf 88' lang='lat' dir='ltr'><strong>aliud</strong></span> 
     </span>
    </p>
   </div>
   <div class='ocr_carea' id='block_1_17' title="bbox 393 1649 1979 1724">
    <p class='ocr_par' dir='ltr' id='par_1_17' title="bbox 393 1649 1979 1724">
     <span class='ocr_line' id='line_1_17' title="bbox 393 1649 1979 1724; baseline 0.006 -23"><span class='ocrx_word' id='word_1_132' title='bbox 393 1649 647 1716; x_wconf 85' lang='lat' dir='ltr'><strong>quiddam</strong></span> <span class='ocrx_word' id='word_1_133' title='bbox 679 1666 785 1707; x_wconf 90' lang='lat' dir='ltr'><strong>non</strong></span> <span class='ocrx_word' id='word_1_134' title='bbox 818 1652 1026 1716; x_wconf 89' lang='lat' dir='ltr'><strong>minus,</strong></span> <span class='ocrx_word' id='word_1_135' title='bbox 1056 1654 1163 1708; x_wconf 92' lang='lat' dir='ltr'><strong>imo</strong></span> <span class='ocrx_word' id='word_1_136' title='bbox 1202 1662 1257 1709; x_wconf 89' lang='lat' dir='ltr'><strong>et</strong></span> <span class='ocrx_word' id='word_1_137' title='bbox 1301 1654 1402 1709; x_wconf 90' lang='lat' dir='ltr'><strong>hoc</strong></span> <span class='ocrx_word' id='word_1_138' title='bbox 1442 1663 1760 1724; x_wconf 90' lang='lat' dir='ltr'><strong>argumento</strong></span> <span class='ocrx_word' id='word_1_139' title='bbox 1808 1658 1979 1711; x_wconf 86' lang='lat' dir='ltr'><strong>mani-</strong></span> 
     </span>
    </p>
   </div>
   <div class='ocr_carea' id='block_1_18' title="bbox 395 1737 1976 1816">
    <p class='ocr_par' dir='ltr' id='par_1_18' title="bbox 395 1737 1976 1816">
     <span class='ocr_line' id='line_1_18' title="bbox 395 1737 1976 1816; baseline 0.007 -25"><span class='ocrx_word' id='word_1_140' title='bbox 395 1737 603 1795; x_wconf 86' lang='lat' dir='ltr'><strong>festius.</strong></span> <span class='ocrx_word' id='word_1_141' title='bbox 641 1740 709 1795; x_wconf 87' lang='lat' dir='ltr'><strong>Et</strong></span> <span class='ocrx_word' id='word_1_142' title='bbox 736 1742 1003 1810; x_wconf 90' lang='lat' dir='ltr'><strong>quodnam</strong></span> <span class='ocrx_word' id='word_1_143' title='bbox 1033 1742 1169 1798; x_wconf 88' lang='lat' dir='ltr'><strong>hoc?</strong></span> <span class='ocrx_word' id='word_1_144' title='bbox 1196 1743 1533 1815; x_wconf 90' lang='lat' dir='ltr'><strong>Colloquium</strong></span> <span class='ocrx_word' id='word_1_145' title='bbox 1566 1747 1833 1816; x_wconf 83' lang='lat' dir='ltr'><strong>serpentis</strong></span> <span class='ocrx_word' id='word_1_146' title='bbox 1856 1761 1976 1802; x_wconf 92' lang='lat' dir='ltr'><strong>cum</strong></span> 
     </span>
    </p>
   </div>
   <div class='ocr_carea' id='block_1_19' title="bbox 394 1830 1974 1904">
    <p class='ocr_par' dir='ltr' id='par_1_19' title="bbox 394 1830 1974 1904">
     <span class='ocr_line' id='line_1_19' title="bbox 394 1830 1974 1904; baseline 0.006 -21"><span class='ocrx_word' id='word_1_147' title='bbox 394 1830 640 1889; x_wconf 83' lang='lat' dir='ltr'><strong>muliere.</strong></span> <span class='ocrx_word' id='word_1_148' title='bbox 676 1831 805 1888; x_wconf 84' lang='lat' dir='ltr'><strong>Nam</strong></span> <span class='ocrx_word' id='word_1_149' title='bbox 837 1835 880 1888; x_wconf 93' lang='lat' dir='ltr'><strong>si</strong></span> <span class='ocrx_word' id='word_1_150' title='bbox 937 1836 1201 1891; x_wconf 81' lang='lat' dir='ltr'><strong>terribiles</strong></span> <span class='ocrx_word' id='word_1_151' title='bbox 1244 1836 1474 1893; x_wconf 83' lang='lat' dir='ltr'><strong>fuissent</strong></span> <span class='ocrx_word' id='word_1_152' title='bbox 1519 1836 1721 1893; x_wconf 85' lang='lat' dir='ltr'><strong>homini</strong></span> <span class='ocrx_word' id='word_1_153' title='bbox 1770 1838 1974 1904; x_wconf 74' lang='lat' dir='ltr'><strong>bestiae,</strong></span> 
     </span>
    </p>
   </div>
   <div class='ocr_carea' id='block_1_20' title="bbox 392 1924 1979 2001">
    <p class='ocr_par' dir='ltr' id='par_1_20' title="bbox 392 1924 1979 2001">
     <span class='ocr_line' id='line_1_20' title="bbox 392 1924 1979 2001; baseline 0.008 -26"><span class='ocrx_word' id='word_1_154' title='bbox 392 1924 587 1980; x_wconf 81' lang='lat' dir='ltr'><strong>mulier</strong></span> <span class='ocrx_word' id='word_1_155' title='bbox 605 1936 855 1995; x_wconf 84' lang='lat' dir='ltr'><strong>serpente</strong></span> <span class='ocrx_word' id='word_1_156' title='bbox 880 1938 1173 1998; x_wconf 87' lang='lat' dir='ltr'><strong>conspecto</strong></span> <span class='ocrx_word' id='word_1_157' title='bbox 1194 1946 1301 1985; x_wconf 88' lang='lat' dir='ltr'><strong>non</strong></span> <span class='ocrx_word' id='word_1_158' title='bbox 1322 1931 1628 1997; x_wconf 83' lang='lat' dir='ltr'><strong>mansisset,</strong></span> <span class='ocrx_word' id='word_1_159' title='bbox 1658 1946 1830 2001; x_wconf 89' lang='lat' dir='ltr'><strong>neque</strong></span> <span class='ocrx_word' id='word_1_160' title='bbox 1849 1947 1979 1988; x_wconf 85' lang='lat' dir='ltr'><strong>eon-</strong></span> 
     </span>
    </p>
   </div>
   <div class='ocr_carea' id='block_1_21' title="bbox 393 2016 1979 2091">
    <p class='ocr_par' dir='ltr' id='par_1_21' title="bbox 393 2016 1979 2091">
     <span class='ocr_line' id='line_1_21' title="bbox 393 2016 1979 2091; baseline 0.006 -22"><span class='ocrx_word' id='word_1_161' title='bbox 393 2016 573 2071; x_wconf 85' lang='lat' dir='ltr'><strong>siiium</strong></span> <span class='ocrx_word' id='word_1_162' title='bbox 624 2020 945 2088; x_wconf 80' lang='lat' dir='ltr'><strong>accepisset,</strong></span> <span class='ocrx_word' id='word_1_163' title='bbox 994 2036 1168 2091; x_wconf 86' lang='lat' dir='ltr'><strong>neque</strong></span> <span class='ocrx_word' id='word_1_164' title='bbox 1214 2038 1334 2077; x_wconf 92' lang='lat' dir='ltr'><strong>cum</strong></span> <span class='ocrx_word' id='word_1_165' title='bbox 1382 2030 1525 2077; x_wconf 83' lang='lat' dir='ltr'><strong>tanta</strong></span> <span class='ocrx_word' id='word_1_166' title='bbox 1568 2024 1856 2080; x_wconf 77' lang='lat' dir='ltr'><strong>securitate</strong></span> <span class='ocrx_word' id='word_1_167' title='bbox 1903 2025 1979 2079; x_wconf 90' lang='lat' dir='ltr'><strong>illi</strong></span> 
     </span>
    </p>
   </div>
   <div class='ocr_carea' id='block_1_22' title="bbox 395 2107 1978 2184">
    <p class='ocr_par' dir='ltr' id='par_1_22' title="bbox 395 2107 1978 2184">
     <span class='ocr_line' id='line_1_22' title="bbox 395 2107 1978 2184; baseline 0.006 -24"><span class='ocrx_word' id='word_1_168' title='bbox 395 2107 612 2176; x_wconf 90' lang='lat' dir='ltr'><strong>loquuta</strong></span> <span class='ocrx_word' id='word_1_169' title='bbox 642 2109 865 2175; x_wconf 79' lang='lat' dir='ltr'><strong>fuisset,</strong></span> <span class='ocrx_word' id='word_1_170' title='bbox 888 2112 981 2167; x_wconf 88' lang='lat' dir='ltr'><strong>sed</strong></span> <span class='ocrx_word' id='word_1_171' title='bbox 1008 2113 1190 2167; x_wconf 82' lang='lat' dir='ltr'><strong>statim</strong></span> <span class='ocrx_word' id='word_1_172' title='bbox 1216 2112 1282 2167; x_wconf 86' lang='lat' dir='ltr'><strong>ad</strong></span> <span class='ocrx_word' id='word_1_173' title='bbox 1314 2122 1591 2184; x_wconf 88' lang='lat' dir='ltr'><strong>aspectum</strong></span> <span class='ocrx_word' id='word_1_174' title='bbox 1620 2113 1761 2169; x_wconf 85' lang='lat' dir='ltr'><strong>illius</strong></span> <span class='ocrx_word' id='word_1_175' title='bbox 1788 2116 1978 2171; x_wconf 82' lang='lat' dir='ltr'><strong>obstu-</strong></span> 
     </span>
    </p>
   </div>
   <div class='ocr_carea' id='block_1_23' title="bbox 397 2199 1979 2275">
    <p class='ocr_par' dir='ltr' id='par_1_23' title="bbox 397 2199 1979 2275">
     <span class='ocr_line' id='line_1_23' title="bbox 397 2199 1979 2275; baseline 0.005 -22"><span class='ocrx_word' id='word_1_176' title='bbox 397 2199 605 2267; x_wconf 82' lang='lat' dir='ltr'><strong>pefacta</strong></span> <span class='ocrx_word' id='word_1_177' title='bbox 660 2201 997 2272; x_wconf 77' lang='lat' dir='ltr'><strong>profugisset.</strong></span> <span class='ocrx_word' id='word_1_178' title='bbox 1034 2203 1229 2259; x_wconf 87' lang='lat' dir='ltr'><strong>Verum</strong></span> <span class='ocrx_word' id='word_1_179' title='bbox 1282 2220 1423 2261; x_wconf 87' lang='lat' dir='ltr'><strong>nunc</strong></span> <span class='ocrx_word' id='word_1_180' title='bbox 1470 2204 1824 2275; x_wconf 85' lang='lat' dir='ltr'><strong>colloquitur,</strong></span> <span class='ocrx_word' id='word_1_181' title='bbox 1881 2220 1979 2261; x_wconf 88' lang='lat' dir='ltr'><strong>nec</strong></span> 
     </span>
    </p>
   </div>
   <div class='ocr_carea' id='block_1_24' title="bbox 396 2291 1978 2352">
    <p class='ocr_par' dir='ltr' id='par_1_24' title="bbox 396 2291 1978 2352">
     <span class='ocr_line' id='line_1_24' title="bbox 396 2291 1978 2352; baseline 0.007 -11"><span class='ocrx_word' id='word_1_182' title='bbox 396 2291 585 2346; x_wconf 69' lang='lat' dir='ltr'><strong>innotuit</strong></span> <span class='ocrx_word' id='word_1_183' title='bbox 617 2308 631 2346; x_wconf 90' lang='lat'><strong>:</strong></span> <span class='ocrx_word' id='word_1_184' title='bbox 662 2293 894 2347; x_wconf 87' lang='lat' dir='ltr'><strong>nondum</strong></span> <span class='ocrx_word' id='word_1_185' title='bbox 925 2294 1067 2349; x_wconf 89' lang='lat' dir='ltr'><strong>enim</strong></span> <span class='ocrx_word' id='word_1_186' title='bbox 1098 2304 1215 2350; x_wconf 88' lang='lat' dir='ltr'><strong>erat</strong></span> <span class='ocrx_word' id='word_1_187' title='bbox 1256 2296 1416 2350; x_wconf 81' lang='lat' dir='ltr'><strong>timor</strong></span> <span class='ocrx_word' id='word_1_188' title='bbox 1440 2296 1549 2351; x_wconf 90' lang='lat' dir='ltr'><strong>ille.</strong></span> <span class='ocrx_word' id='word_1_189' title='bbox 1584 2295 1848 2352; x_wconf 67' lang='lat' dir='ltr'><strong>Caeterum</strong></span> <span class='ocrx_word' id='word_1_190' title='bbox 1890 2298 1978 2352; x_wconf 91' lang='lat' dir='ltr'><strong>ubi</strong></span> 
     </span>
    </p>
   </div>
   <div class='ocr_carea' id='block_1_25' title="bbox 397 2383 1979 2458">
    <p class='ocr_par' dir='ltr' id='par_1_25' title="bbox 397 2383 1979 2458">
     <span class='ocr_line' id='line_1_25' title="bbox 397 2383 1979 2458; baseline 0.006 -25"><span class='ocrx_word' id='word_1_191' title='bbox 397 2391 673 2450; x_wconf 67' lang='lat' dir='ltr'><strong>peceatum</strong></span> <span class='ocrx_word' id='word_1_192' title='bbox 705 2383 938 2452; x_wconf 69' lang='lat' dir='ltr'><strong>intrarit,</strong></span> <span class='ocrx_word' id='word_1_193' title='bbox 974 2386 1150 2441; x_wconf 87' lang='lat' dir='ltr'><strong>ablata</strong></span> <span class='ocrx_word' id='word_1_194' title='bbox 1187 2395 1271 2441; x_wconf 89' lang='lat' dir='ltr'><strong>est</strong></span> <span class='ocrx_word' id='word_1_195' title='bbox 1309 2386 1423 2442; x_wconf 72' lang='lat' dir='ltr'><strong>htec</strong></span> <span class='ocrx_word' id='word_1_196' title='bbox 1462 2387 1689 2458; x_wconf 82' lang='lat' dir='ltr'><strong>dignitas</strong></span> <span class='ocrx_word' id='word_1_197' title='bbox 1734 2397 1790 2443; x_wconf 89' lang='lat' dir='ltr'><strong>et</strong></span> <span class='ocrx_word' id='word_1_198' title='bbox 1831 2398 1979 2458; x_wconf 89' lang='lat' dir='ltr'><strong>pote—</strong></span> 
     </span>
    </p>
   </div>
   <div class='ocr_carea' id='block_1_26' title="bbox 394 2476 1979 2547">
    <p class='ocr_par' dir='ltr' id='par_1_26' title="bbox 394 2476 1979 2547">
     <span class='ocr_line' id='line_1_26' title="bbox 394 2476 1979 2547; baseline 0.006 -19"><span class='ocrx_word' id='word_1_199' title='bbox 394 2485 527 2530; x_wconf 85' lang='lat' dir='ltr'><strong>stas.</strong></span> <span class='ocrx_word' id='word_1_200' title='bbox 556 2476 622 2531; x_wconf 82' lang='lat' dir='ltr'><strong>Et</strong></span> <span class='ocrx_word' id='word_1_201' title='bbox 664 2478 1110 2547; x_wconf 79' lang='lat' dir='ltr'><strong>quemadmodtm</strong></span> <span class='ocrx_word' id='word_1_202' title='bbox 1160 2481 1298 2537; x_wconf 87' lang='lat' dir='ltr'><strong>inter</strong></span> <span class='ocrx_word' id='word_1_203' title='bbox 1327 2495 1513 2536; x_wconf 86' lang='lat' dir='ltr'><strong>servos</strong></span> <span class='ocrx_word' id='word_1_204' title='bbox 1556 2482 1670 2537; x_wconf 87' lang='lat' dir='ltr'><strong>fieri</strong></span> <span class='ocrx_word' id='word_1_205' title='bbox 1718 2482 1889 2547; x_wconf 90' lang='lat' dir='ltr'><strong>solet,</strong></span> <span class='ocrx_word' id='word_1_206' title='bbox 1919 2492 1979 2537; x_wconf 93' lang='lat' dir='ltr'><strong>ut</strong></span> 
     </span>
    </p>
   </div>
   <div class='ocr_carea' id='block_1_27' title="bbox 398 2567 1976 2643">
    <p class='ocr_par' dir='ltr' id='par_1_27' title="bbox 398 2567 1976 2643">
     <span class='ocr_line' id='line_1_27' title="bbox 398 2567 1976 2643; baseline 0.005 -24"><span class='ocrx_word' id='word_1_207' title='bbox 398 2567 730 2635; x_wconf 84' lang='lat' dir='ltr'><strong>probatiores</strong></span> <span class='ocrx_word' id='word_1_208' title='bbox 755 2580 812 2625; x_wconf 85' lang='lat' dir='ltr'><strong>et</strong></span> <span class='ocrx_word' id='word_1_209' title='bbox 833 2569 1171 2627; x_wconf 80' lang='lat' dir='ltr'><strong>honestiores</strong></span> <span class='ocrx_word' id='word_1_210' title='bbox 1194 2573 1470 2627; x_wconf 81' lang='lat' dir='ltr'><strong>conservis</strong></span> <span class='ocrx_word' id='word_1_211' title='bbox 1491 2572 1683 2627; x_wconf 89' lang='lat' dir='ltr'><strong>terrori</strong></span> <span class='ocrx_word' id='word_1_212' title='bbox 1716 2573 1852 2637; x_wconf 91' lang='lat' dir='ltr'><strong>sint;</strong></span> <span class='ocrx_word' id='word_1_213' title='bbox 1886 2574 1976 2643; x_wconf 90' lang='lat' dir='ltr'><strong>qui</strong></span> 
     </span>
    </p>
   </div>
   <div class='ocr_carea' id='block_1_28' title="bbox 393 2658 1977 2729">
    <p class='ocr_par' dir='ltr' id='par_1_28' title="bbox 393 2658 1977 2729">
     <span class='ocr_line' id='line_1_28' title="bbox 393 2658 1977 2729; baseline 0.006 -19"><span class='ocrx_word' id='word_1_214' title='bbox 393 2667 573 2714; x_wconf 82' lang='lat' dir='ltr'><strong>autem</strong></span> <span class='ocrx_word' id='word_1_215' title='bbox 614 2658 971 2729; x_wconf 81' lang='lat' dir='ltr'><strong>deliquerunt,</strong></span> <span class='ocrx_word' id='word_1_216' title='bbox 998 2672 1053 2717; x_wconf 89' lang='lat' dir='ltr'><strong>et</strong></span> <span class='ocrx_word' id='word_1_217' title='bbox 1081 2677 1371 2720; x_wconf 72' lang='lat' dir='ltr'><strong>cotiservos</strong></span> <span class='ocrx_word' id='word_1_218' title='bbox 1412 2664 1670 2719; x_wconf 86' lang='lat' dir='ltr'><strong>timeant:</strong></span> <span class='ocrx_word' id='word_1_219' title='bbox 1703 2665 1781 2720; x_wconf 91' lang='lat' dir='ltr'><strong>sic</strong></span> <span class='ocrx_word' id='word_1_220' title='bbox 1826 2674 1882 2719; x_wconf 91' lang='lat' dir='ltr'><strong>ct</strong></span> <span class='ocrx_word' id='word_1_221' title='bbox 1922 2666 1977 2719; x_wconf 90' lang='lat' dir='ltr'><strong>in</strong></span> 
     </span>
    </p>
   </div>
   <div class='ocr_carea' id='block_1_29' title="bbox 396 2750 1976 2811">
    <p class='ocr_par' dir='ltr' id='par_1_29' title="bbox 396 2750 1976 2811">
     <span class='ocr_line' id='line_1_29' title="bbox 396 2750 1976 2811; baseline 0.007 -11"><span class='ocrx_word' id='word_1_222' title='bbox 396 2750 612 2805; x_wconf 80' lang='lat' dir='ltr'><strong>homine</strong></span> <span class='ocrx_word' id='word_1_223' title='bbox 641 2750 835 2807; x_wconf 89' lang='lat' dir='ltr'><strong>factum</strong></span> <span class='ocrx_word' id='word_1_224' title='bbox 858 2762 960 2807; x_wconf 90' lang='lat' dir='ltr'><strong>est.</strong></span> <span class='ocrx_word' id='word_1_225' title='bbox 1001 2752 1133 2808; x_wconf 85' lang='lat' dir='ltr'><strong>Nam</strong></span> <span class='ocrx_word' id='word_1_226' title='bbox 1163 2754 1305 2809; x_wconf 84' lang='lat' dir='ltr'><strong>salva</strong></span> <span class='ocrx_word' id='word_1_227' title='bbox 1338 2764 1589 2811; x_wconf 90' lang='lat' dir='ltr'><strong>manente</strong></span> <span class='ocrx_word' id='word_1_228' title='bbox 1615 2756 1756 2811; x_wconf 90' lang='lat' dir='ltr'><strong>illius</strong></span> <span class='ocrx_word' id='word_1_229' title='bbox 1785 2756 1976 2811; x_wconf 90' lang='lat' dir='ltr'><strong>fiducia</strong></span> 
     </span>
    </p>
   </div>
   <div class='ocr_carea' id='block_1_30' title="bbox 392 2840 1976 2908">
    <p class='ocr_par' dir='ltr' id='par_1_30' title="bbox 392 2840 1976 2908">
     <span class='ocr_line' id='line_1_30' title="bbox 392 2840 1976 2908; baseline 0.006 -15"><span class='ocrx_word' id='word_1_230' title='bbox 392 2840 531 2908; x_wconf 87' lang='lat' dir='ltr'><strong>apud</strong></span> <span class='ocrx_word' id='word_1_231' title='bbox 561 2841 729 2898; x_wconf 92' lang='lat' dir='ltr'><strong>Deum</strong></span> <span class='ocrx_word' id='word_1_232' title='bbox 752 2884 766 2905; x_wconf 87' lang='lat'><em>.</em></span> <span class='ocrx_word' id='word_1_233' title='bbox 799 2844 1051 2900; x_wconf 88' lang='lat' dir='ltr'><strong>terribilis</strong></span> <span class='ocrx_word' id='word_1_234' title='bbox 1071 2855 1189 2901; x_wconf 84' lang='lat' dir='ltr'><strong>erat</strong></span> <span class='ocrx_word' id='word_1_235' title='bbox 1211 2854 1269 2901; x_wconf 84' lang='lat' dir='ltr'><strong>et</strong></span> <span class='ocrx_word' id='word_1_236' title='bbox 1296 2846 1520 2902; x_wconf 87' lang='lat' dir='ltr'><strong>bestiis:</strong></span> <span class='ocrx_word' id='word_1_237' title='bbox 1549 2846 1638 2902; x_wconf 92' lang='lat' dir='ltr'><strong>ubi</strong></span> <span class='ocrx_word' id='word_1_238' title='bbox 1666 2856 1845 2903; x_wconf 88' lang='lat' dir='ltr'><strong>autem</strong></span> <span class='ocrx_word' id='word_1_239' title='bbox 1872 2847 1976 2902; x_wconf 84' lang='lat' dir='ltr'><strong>im-</strong></span> 
     </span>
    </p>
   </div>
   <div class='ocr_carea' id='block_1_31' title="bbox 394 2932 1973 3004">
    <p class='ocr_par' dir='ltr' id='par_1_31' title="bbox 394 2932 1973 3004">
     <span class='ocr_line' id='line_1_31' title="bbox 394 2932 1973 3004; baseline 0.009 -25"><span class='ocrx_word' id='word_1_240' title='bbox 394 2932 565 3000; x_wconf 71' lang='grc' dir='ltr'><strong>νοιςὶι.</strong></span> <span class='ocrx_word' id='word_1_241' title='bbox 617 2933 807 2989; x_wconf 89' lang='lat' dir='ltr'><strong>timere</strong></span> <span class='ocrx_word' id='word_1_242' title='bbox 847 2936 1011 3004; x_wconf 66' lang='lat' dir='ltr'><strong>erepit</strong></span> <span class='ocrx_word' id='word_1_243' title='bbox 1055 2936 1215 2993; x_wconf 87' lang='lat' dir='ltr'><strong>etiam</strong></span> <span class='ocrx_word' id='word_1_244' title='bbox 1258 2951 1639 2994; x_wconf 86' lang='lat' dir='ltr'><strong>conservorum</strong></span> <span class='ocrx_word' id='word_1_245' title='bbox 1683 2947 1973 2993; x_wconf 80' lang='lat' dir='ltr'><strong>extremos.</strong></span> 
     </span>
    </p>
   </div>
   <div class='ocr_carea' id='block_1_32' title="bbox 392 3021 1974 3094">
    <p class='ocr_par' dir='ltr' id='par_1_32' title="bbox 392 3021 1974 3094">
     <span class='ocr_line' id='line_1_32' title="bbox 392 3021 1974 3094; baseline 0.006 -19"><span class='ocrx_word' id='word_1_246' title='bbox 392 3021 545 3086; x_wconf 81' lang='lat' dir='ltr'><strong>Quod</strong></span> <span class='ocrx_word' id='word_1_247' title='bbox 574 3023 620 3076; x_wconf 89' lang='lat' dir='ltr'><strong>si</strong></span> <span class='ocrx_word' id='word_1_248' title='bbox 660 3037 779 3092; x_wconf 69' lang='lat' dir='ltr'><strong>qua:</strong></span> <span class='ocrx_word' id='word_1_249' title='bbox 807 3024 1031 3081; x_wconf 89' lang='lat' dir='ltr'><strong>dicimus</strong></span> <span class='ocrx_word' id='word_1_250' title='bbox 1058 3043 1162 3081; x_wconf 88' lang='lat' dir='ltr'><strong>non</strong></span> <span class='ocrx_word' id='word_1_251' title='bbox 1191 3027 1331 3083; x_wconf 82' lang='lat' dir='ltr'><strong>feras</strong></span> <span class='ocrx_word' id='word_1_252' title='bbox 1352 3068 1367 3094; x_wconf 93' lang='lat'><strong>,</strong></span> <span class='ocrx_word' id='word_1_253' title='bbox 1392 3028 1698 3084; x_wconf 89' lang='lat' dir='ltr'><strong>demonstra</strong></span> <span class='ocrx_word' id='word_1_254' title='bbox 1731 3039 1783 3083; x_wconf 91' lang='lat' dir='ltr'><strong>tu</strong></span> <span class='ocrx_word' id='word_1_255' title='bbox 1822 3030 1974 3094; x_wconf 88' lang='lat' dir='ltr'><strong>mihi,</strong></span> 
     </span>
    </p>
   </div>
   <div class='ocr_carea' id='block_1_33' title="bbox 394 3111 1972 3195">
    <p class='ocr_par' dir='ltr' id='par_1_33' title="bbox 394 3111 1972 3195">
     <span class='ocr_line' id='line_1_33' title="bbox 394 3111 1972 3195; baseline 0.004 -30"><span class='ocrx_word' id='word_1_256' title='bbox 394 3111 482 3165; x_wconf 91' lang='lat' dir='ltr'><strong>ubi</strong></span> <span class='ocrx_word' id='word_1_257' title='bbox 523 3112 790 3168; x_wconf 78' lang='lat' dir='ltr'><strong>terribiles</strong></span> <span class='ocrx_word' id='word_1_258' title='bbox 824 3123 948 3195; x_wconf 87' lang='lat' dir='ltr'><strong>ante</strong></span> <span class='ocrx_word' id='word_1_259' title='bbox 987 3126 1259 3184; x_wconf 89' lang='lat' dir='ltr'><strong>peccatum</strong></span> <span class='ocrx_word' id='word_1_260' title='bbox 1290 3116 1487 3173; x_wconf 88' lang='lat' dir='ltr'><strong>fuerint</strong></span> <span class='ocrx_word' id='word_1_261' title='bbox 1519 3117 1719 3173; x_wconf 88' lang='lat' dir='ltr'><strong>homini</strong></span> <span class='ocrx_word' id='word_1_262' title='bbox 1766 3119 1972 3174; x_wconf 84' lang='lat' dir='ltr'><strong>bestiae.</strong></span> 
     </span>
    </p>
   </div>
   <div class='ocr_carea' id='block_1_34' title="bbox 394 3202 1975 3277">
    <p class='ocr_par' dir='ltr' id='par_1_34' title="bbox 394 3202 1975 3277">
     <span class='ocr_line' id='line_1_34' title="bbox 394 3202 1975 3277; baseline 0.005 -21"><span class='ocrx_word' id='word_1_263' title='bbox 394 3202 500 3256; x_wconf 87' lang='lat' dir='ltr'><strong>Sed</strong></span> <span class='ocrx_word' id='word_1_264' title='bbox 540 3218 643 3257; x_wconf 90' lang='lat' dir='ltr'><strong>non</strong></span> <span class='ocrx_word' id='word_1_265' title='bbox 674 3205 894 3274; x_wconf 81' lang='lat' dir='ltr'><strong>poteris.</strong></span> <span class='ocrx_word' id='word_1_266' title='bbox 923 3205 1077 3273; x_wconf 87' lang='lat' dir='ltr'><strong>Quod</strong></span> <span class='ocrx_word' id='word_1_267' title='bbox 1104 3208 1148 3263; x_wconf 90' lang='lat' dir='ltr'><strong>si</strong></span> <span class='ocrx_word' id='word_1_268' title='bbox 1180 3217 1363 3277; x_wconf 86' lang='lat' dir='ltr'><strong>postea</strong></span> <span class='ocrx_word' id='word_1_269' title='bbox 1398 3209 1561 3264; x_wconf 88' lang='lat' dir='ltr'><strong>subiit</strong></span> <span class='ocrx_word' id='word_1_270' title='bbox 1591 3210 1781 3275; x_wconf 89' lang='lat' dir='ltr'><strong>timor,</strong></span> <span class='ocrx_word' id='word_1_271' title='bbox 1814 3211 1975 3265; x_wconf 86' lang='lat' dir='ltr'><strong>etiam</strong></span> 
     </span>
    </p>
   </div>
   <div class='ocr_carea' id='block_1_35' title="bbox 392 3294 1975 3368">
    <p class='ocr_par' dir='ltr' id='par_1_35' title="bbox 392 3294 1975 3368">
     <span class='ocr_line' id='line_1_35' title="bbox 392 3294 1975 3368; baseline 0.004 -19"><span class='ocrx_word' id='word_1_272' title='bbox 392 3294 427 3349; x_wconf 92' lang='lat' dir='ltr'><strong>h</strong></span> <span class='ocrx_word' id='word_1_273' title='bbox 450 3310 494 3349; x_wconf 61' lang='lat' dir='ltr'><strong>vc</strong></span> <span class='ocrx_word' id='word_1_274' title='bbox 523 3296 615 3350; x_wconf 86' lang='lat' dir='ltr'><strong>Dei</strong></span> <span class='ocrx_word' id='word_1_275' title='bbox 637 3294 975 3367; x_wconf 76' lang='lat' dir='ltr'><strong>benignitatis</strong></span> <span class='ocrx_word' id='word_1_276' title='bbox 1003 3298 1293 3354; x_wconf 74' lang='lat' dir='ltr'><strong>maximum</strong></span> <span class='ocrx_word' id='word_1_277' title='bbox 1319 3310 1689 3368; x_wconf 79' lang='lat' dir='ltr'><strong>argumentum</strong></span> <span class='ocrx_word' id='word_1_278' title='bbox 1710 3309 1814 3357; x_wconf 90' lang='lat' dir='ltr'><strong>est.</strong></span> <span class='ocrx_word' id='word_1_279' title='bbox 1843 3300 1975 3356; x_wconf 84' lang='lat' dir='ltr'><strong>Nam</strong></span> 
     </span>
    </p>
   </div>
   <div class='ocr_carea' id='block_1_36' title="bbox 392 3387 1975 3462">
    <p class='ocr_par' dir='ltr' id='par_1_36' title="bbox 392 3387 1975 3462">
     <span class='ocr_line' id='line_1_36' title="bbox 392 3387 1975 3462; baseline 0.005 -22"><span class='ocrx_word' id='word_1_280' title='bbox 392 3387 437 3440; x_wconf 91' lang='lat' dir='ltr'><strong>si</strong></span> <span class='ocrx_word' id='word_1_281' title='bbox 464 3397 742 3457; x_wconf 79' lang='lat' dir='ltr'><strong>postquam</strong></span> <span class='ocrx_word' id='word_1_282' title='bbox 786 3388 947 3444; x_wconf 89' lang='lat' dir='ltr'><strong>homo</strong></span> <span class='ocrx_word' id='word_1_283' title='bbox 972 3389 1278 3445; x_wconf 75' lang='lat' dir='ltr'><strong>renudatum</strong></span> <span class='ocrx_word' id='word_1_284' title='bbox 1321 3400 1685 3462; x_wconf 78' lang='lat' dir='ltr'><strong>transgressus</strong></span> <span class='ocrx_word' id='word_1_285' title='bbox 1704 3402 1806 3456; x_wconf 89' lang='lat' dir='ltr'><strong>est,</strong></span> <span class='ocrx_word' id='word_1_286' title='bbox 1840 3393 1975 3448; x_wconf 87' lang='lat' dir='ltr'><strong>inte-</strong></span> 
     </span>
    </p>
   </div>
   <div class='ocr_carea' id='block_1_37' title="bbox 386 3476 1973 3554">
    <p class='ocr_par' dir='ltr' id='par_1_37' title="bbox 386 3476 1973 3554">
     <span class='ocr_line' id='line_1_37' title="bbox 386 3476 1973 3554; baseline 0.004 -22"><span class='ocrx_word' id='word_1_287' title='bbox 386 3492 486 3546; x_wconf 87' lang='lat' dir='ltr'><strong>gcr</strong></span> <span class='ocrx_word' id='word_1_288' title='bbox 510 3476 647 3531; x_wconf 91' lang='lat' dir='ltr'><strong>illius</strong></span> <span class='ocrx_word' id='word_1_289' title='bbox 665 3479 951 3547; x_wconf 87' lang='lat' dir='ltr'><strong>mansisset</strong></span> <span class='ocrx_word' id='word_1_290' title='bbox 972 3479 1143 3535; x_wconf 88' lang='lat' dir='ltr'><strong>honor</strong></span> <span class='ocrx_word' id='word_1_291' title='bbox 1166 3490 1222 3536; x_wconf 89' lang='lat' dir='ltr'><strong>et</strong></span> <span class='ocrx_word' id='word_1_292' title='bbox 1249 3480 1566 3549; x_wconf 89' lang='lat' dir='ltr'><strong>immobilis,</strong></span> <span class='ocrx_word' id='word_1_293' title='bbox 1594 3480 1734 3537; x_wconf 91' lang='lat' dir='ltr'><strong>haud</strong></span> <span class='ocrx_word' id='word_1_294' title='bbox 1761 3480 1914 3554; x_wconf 80' lang='lat' dir='ltr'><strong>facile</strong></span> <span class='ocrx_word' id='word_1_295' title='bbox 1942 3498 1973 3538; x_wconf 87' lang='lat' dir='ltr'><strong>a</strong></span> 
     </span>
    </p>
   </div>
   <div class='ocr_carea' id='block_1_38' title="bbox 392 3569 1974 3643">
    <p class='ocr_par' dir='ltr' id='par_1_38' title="bbox 392 3569 1974 3643">
     <span class='ocr_line' id='line_1_38' title="bbox 392 3569 1974 3643; baseline 0.006 -21"><span class='ocrx_word' id='word_1_296' title='bbox 392 3569 541 3637; x_wconf 82' lang='lat' dir='ltr'><strong>lapsu</strong></span> <span class='ocrx_word' id='word_1_297' title='bbox 567 3570 960 3626; x_wconf 77' lang='lat' dir='ltr'><strong>resurrexisset.</strong></span> <span class='ocrx_word' id='word_1_298' title='bbox 993 3570 1431 3643; x_wconf 85' lang='lat' dir='ltr'><strong>Quandoquidem</strong></span> <span class='ocrx_word' id='word_1_299' title='bbox 1458 3588 1578 3629; x_wconf 88' lang='lat' dir='ltr'><strong>cum</strong></span> <span class='ocrx_word' id='word_1_300' title='bbox 1608 3574 1974 3631; x_wconf 85' lang='lat' dir='ltr'><strong>inobedientes</strong></span> 
     </span>
    </p>
   </div>
   <div class='ocr_carea' id='block_1_39' title="bbox 390 3660 1974 3737">
    <p class='ocr_par' dir='ltr' id='par_1_39' title="bbox 390 3660 1974 3737">
     <span class='ocr_line' id='line_1_39' title="bbox 390 3660 1974 3737; baseline 0.003 -21"><span class='ocrx_word' id='word_1_301' title='bbox 390 3670 444 3716; x_wconf 92' lang='lat' dir='ltr'><strong>et</strong></span> <span class='ocrx_word' id='word_1_302' title='bbox 472 3660 784 3717; x_wconf 83' lang='lat' dir='ltr'><strong>obedientes</strong></span> <span class='ocrx_word' id='word_1_303' title='bbox 808 3661 1052 3718; x_wconf 88' lang='lat' dir='ltr'><strong>homines</strong></span> <span class='ocrx_word' id='word_1_304' title='bbox 1072 3664 1186 3733; x_wconf 87' lang='lat' dir='ltr'><strong>pari</strong></span> <span class='ocrx_word' id='word_1_305' title='bbox 1205 3664 1461 3734; x_wconf 77' lang='lat' dir='ltr'><strong>dignitate</strong></span> <span class='ocrx_word' id='word_1_306' title='bbox 1484 3665 1762 3733; x_wconf 82' lang='lat' dir='ltr'><strong>fruuntur,</strong></span> <span class='ocrx_word' id='word_1_307' title='bbox 1789 3668 1974 3737; x_wconf 91' lang='lat' dir='ltr'><strong>nequi-</strong></span> 
     </span>
    </p>
   </div>
   <div class='ocr_carea' id='block_1_40' title="bbox 390 3752 1970 3824">
    <p class='ocr_par' dir='ltr' id='par_1_40' title="bbox 390 3752 1970 3824">
     <span class='ocr_line' id='line_1_40' title="bbox 390 3752 1970 3824; baseline 0.004 -19"><span class='ocrx_word' id='word_1_308' title='bbox 390 3754 495 3807; x_wconf 71' lang='grc' dir='ltr'><strong>εἰω-</strong></span> <span class='ocrx_word' id='word_1_309' title='bbox 518 3752 813 3808; x_wconf 89' lang='lat' dir='ltr'><strong>assuefiunt</strong></span> <span class='ocrx_word' id='word_1_310' title='bbox 839 3755 1028 3824; x_wconf 89' lang='lat' dir='ltr'><strong>magis,</strong></span> <span class='ocrx_word' id='word_1_311' title='bbox 1057 3769 1155 3810; x_wconf 89' lang='lat' dir='ltr'><strong>nec</strong></span> <span class='ocrx_word' id='word_1_312' title='bbox 1181 3756 1337 3812; x_wconf 89' lang='lat' dir='ltr'><strong>facile</strong></span> <span class='ocrx_word' id='word_1_313' title='bbox 1362 3756 1429 3811; x_wconf 92' lang='lat' dir='ltr'><strong>ab</strong></span> <span class='ocrx_word' id='word_1_314' title='bbox 1454 3771 1514 3812; x_wconf 90' lang='lat' dir='ltr'><strong>ea</strong></span> <span class='ocrx_word' id='word_1_315' title='bbox 1537 3756 1816 3813; x_wconf 88' lang='lat' dir='ltr'><strong>desistunt.</strong></span> <span class='ocrx_word' id='word_1_316' title='bbox 1837 3756 1970 3813; x_wconf 91' lang='lat' dir='ltr'><strong>Cum</strong></span> 
     </span>
    </p>
   </div>
   <div class='ocr_carea' id='block_1_41' title="bbox 387 3846 1970 3921">
    <p class='ocr_par' dir='ltr' id='par_1_41' title="bbox 387 3846 1970 3921">
     <span class='ocr_line' id='line_1_41' title="bbox 387 3846 1970 3921; baseline 0.003 -19"><span class='ocrx_word' id='word_1_317' title='bbox 387 3848 531 3902; x_wconf 91' lang='lat' dir='ltr'><strong>cnim</strong></span> <span class='ocrx_word' id='word_1_318' title='bbox 558 3862 700 3903; x_wconf 91' lang='lat' dir='ltr'><strong>nunc</strong></span> <span class='ocrx_word' id='word_1_319' title='bbox 728 3856 805 3904; x_wconf 90' lang='lat' dir='ltr'><strong>tot</strong></span> <span class='ocrx_word' id='word_1_320' title='bbox 827 3846 1151 3905; x_wconf 87' lang='lat' dir='ltr'><strong>instantibus</strong></span> <span class='ocrx_word' id='word_1_321' title='bbox 1172 3851 1503 3917; x_wconf 89' lang='lat' dir='ltr'><strong>terroribus,</strong></span> <span class='ocrx_word' id='word_1_322' title='bbox 1529 3850 1721 3920; x_wconf 70' lang='lat' dir='ltr'><strong>poenis,</strong></span> <span class='ocrx_word' id='word_1_323' title='bbox 1745 3860 1801 3906; x_wconf 91' lang='lat' dir='ltr'><strong>et</strong></span> <span class='ocrx_word' id='word_1_324' title='bbox 1840 3867 1970 3921; x_wconf 80' lang='lat' dir='ltr'><strong>sup—</strong></span> 
     </span>
    </p>
   </div>
   <div class='ocr_carea' id='block_1_42' title="bbox 386 3939 1970 4014">
    <p class='ocr_par' dir='ltr' id='par_1_42' title="bbox 386 3939 1970 4014">
     <span class='ocr_line' id='line_1_42' title="bbox 386 3939 1970 4014; baseline 0.004 -21"><span class='ocrx_word' id='word_1_325' title='bbox 386 3939 560 4007; x_wconf 88' lang='lat' dir='ltr'><strong>pliciis</strong></span> <span class='ocrx_word' id='word_1_326' title='bbox 585 3956 690 3995; x_wconf 91' lang='lat' dir='ltr'><strong>non</strong></span> <span class='ocrx_word' id='word_1_327' title='bbox 720 3941 1107 4008; x_wconf 89' lang='lat' dir='ltr'><strong>emendantur,</strong></span> <span class='ocrx_word' id='word_1_328' title='bbox 1138 3942 1323 4013; x_wconf 86' lang='lat' dir='ltr'><strong>quales</strong></span> <span class='ocrx_word' id='word_1_329' title='bbox 1355 3942 1574 3999; x_wconf 87' lang='lat' dir='ltr'><strong>fuissent</strong></span> <span class='ocrx_word' id='word_1_330' title='bbox 1616 3945 1661 3999; x_wconf 91' lang='lat' dir='ltr'><strong>si</strong></span> <span class='ocrx_word' id='word_1_331' title='bbox 1698 3943 1829 3999; x_wconf 92' lang='lat' dir='ltr'><strong>nihil</strong></span> <span class='ocrx_word' id='word_1_332' title='bbox 1874 3959 1970 4014; x_wconf 92' lang='lat' dir='ltr'><strong>pro</strong></span> 
     </span>
    </p>
   </div>
   <div class='ocr_carea' id='block_1_43' title="bbox 384 4028 1969 4105">
    <p class='ocr_par' dir='ltr' id='par_1_43' title="bbox 384 4028 1969 4105">
     <span class='ocr_line' id='line_1_43' title="bbox 384 4028 1969 4105; baseline 0.006 -23"><span class='ocrx_word' id='word_1_333' title='bbox 384 4028 597 4085; x_wconf 83' lang='lat' dir='ltr'><strong>delictis</strong></span> <span class='ocrx_word' id='word_1_334' title='bbox 626 4029 738 4085; x_wconf 90' lang='lat' dir='ltr'><strong>suis</strong></span> <span class='ocrx_word' id='word_1_335' title='bbox 772 4046 933 4101; x_wconf 84' lang='lat' dir='ltr'><strong>grave</strong></span> <span class='ocrx_word' id='word_1_336' title='bbox 962 4032 1103 4101; x_wconf 86' lang='lat' dir='ltr'><strong>passi</strong></span> <span class='ocrx_word' id='word_1_337' title='bbox 1133 4034 1358 4088; x_wconf 87' lang='lat' dir='ltr'><strong>essent?</strong></span> <span class='ocrx_word' id='word_1_338' title='bbox 1388 4036 1560 4103; x_wconf 83' lang='lat' dir='ltr'><strong>Atque</strong></span> <span class='ocrx_word' id='word_1_339' title='bbox 1586 4034 1657 4088; x_wconf 90' lang='lat' dir='ltr'><strong>ita</strong></span> <span class='ocrx_word' id='word_1_340' title='bbox 1689 4034 1969 4105; x_wconf 89' lang='lat' dir='ltr'><strong>imperium</strong></span> 
     </span>
    </p>
   </div>
   <div class='ocr_carea' id='block_1_44' title="bbox 386 4120 1969 4197">
    <p class='ocr_par' dir='ltr' id='par_1_44' title="bbox 386 4120 1969 4197">
     <span class='ocr_line' id='line_1_44' title="bbox 386 4120 1969 4197; baseline 0.006 -23"><span class='ocrx_word' id='word_1_341' title='bbox 386 4120 546 4176; x_wconf 89' lang='lat' dir='ltr'><strong>nobis</strong></span> <span class='ocrx_word' id='word_1_342' title='bbox 570 4135 601 4174; x_wconf 91' lang='lat' dir='ltr'><strong>a</strong></span> <span class='ocrx_word' id='word_1_343' title='bbox 632 4121 777 4189; x_wconf 91' lang='lat' dir='ltr'><strong>Deo,</strong></span> <span class='ocrx_word' id='word_1_344' title='bbox 804 4122 946 4193; x_wconf 88' lang='lat' dir='ltr'><strong>quod</strong></span> <span class='ocrx_word' id='word_1_345' title='bbox 976 4138 1223 4194; x_wconf 88' lang='lat' dir='ltr'><strong>magnam</strong></span> <span class='ocrx_word' id='word_1_346' title='bbox 1267 4125 1437 4180; x_wconf 89' lang='lat' dir='ltr'><strong>nostri</strong></span> <span class='ocrx_word' id='word_1_347' title='bbox 1484 4140 1665 4181; x_wconf 88' lang='lat' dir='ltr'><strong>curam</strong></span> <span class='ocrx_word' id='word_1_348' title='bbox 1704 4136 1759 4182; x_wconf 86' lang='lat' dir='ltr'><strong>et</strong></span> <span class='ocrx_word' id='word_1_349' title='bbox 1788 4128 1969 4197; x_wconf 78' lang='lat' dir='ltr'><strong>provi-</strong></span> 
     </span>
    </p>
   </div>
   <div class='ocr_carea' id='block_1_45' title="bbox 388 4210 1287 4283">
    <p class='ocr_par' dir='ltr' id='par_1_45' title="bbox 388 4210 1287 4283">
     <span class='ocr_line' id='line_1_45' title="bbox 388 4210 1287 4283; baseline 0.006 -19"><span class='ocrx_word' id='word_1_350' title='bbox 388 4210 626 4267; x_wconf 88' lang='lat' dir='ltr'><strong>dentiam</strong></span> <span class='ocrx_word' id='word_1_351' title='bbox 661 4223 892 4283; x_wconf 88' lang='lat' dir='ltr'><strong>gereret,</strong></span> <span class='ocrx_word' id='word_1_352' title='bbox 922 4222 1007 4269; x_wconf 86' lang='lat' dir='ltr'><strong>est</strong></span> <span class='ocrx_word' id='word_1_353' title='bbox 1031 4213 1287 4269; x_wconf 86' lang='lat' dir='ltr'><strong>ablatum.</strong></span> 
     </span>
    </p>
   </div>
   <div class='ocr_carea' id='block_1_46' title="bbox 455 4305 1959 4381">
    <p class='ocr_par' dir='ltr' id='par_1_46' title="bbox 455 4305 1959 4381">
     <span class='ocr_line' id='line_1_46' title="bbox 455 4305 1959 4381; baseline 0.004 -20"><span class='ocrx_word' id='word_1_354' title='bbox 455 4305 509 4361; x_wconf 83' lang='lat'><strong>5.</strong></span> <span class='ocrx_word' id='word_1_355' title='bbox 541 4305 619 4360; x_wconf 88' lang='lat' dir='ltr'><strong>Tu</strong></span> <span class='ocrx_word' id='word_1_356' title='bbox 649 4313 849 4373; x_wconf 86' lang='lat' dir='ltr'><strong>autem,</strong></span> <span class='ocrx_word' id='word_1_357' title='bbox 889 4306 1186 4376; x_wconf 88' lang='lat' dir='ltr'><strong>carissime,</strong></span> <span class='ocrx_word' id='word_1_358' title='bbox 1218 4316 1273 4363; x_wconf 91' lang='lat' dir='ltr'><strong>et</strong></span> <span class='ocrx_word' id='word_1_359' title='bbox 1286 4308 1397 4378; x_wconf 87' lang='lat' dir='ltr'><strong>jam</strong></span> <span class='ocrx_word' id='word_1_360' title='bbox 1427 4307 1552 4364; x_wconf 90' lang='lat' dir='ltr'><strong>inde</strong></span> <span class='ocrx_word' id='word_1_361' title='bbox 1580 4309 1959 4381; x_wconf 88' lang='lat' dir='ltr'><strong>benignitatem</strong></span> 
     </span>
    </p>
   </div>
   <div class='ocr_carea' id='block_1_47' title="bbox 382 4396 1966 4470">
    <p class='ocr_par' dir='ltr' id='par_1_47' title="bbox 382 4396 1966 4470">
     <span class='ocr_line' id='line_1_47' title="bbox 382 4396 1966 4470; baseline 0.003 -17"><span class='ocrx_word' id='word_1_362' title='bbox 382 4396 480 4453; x_wconf 88' lang='lat' dir='ltr'><strong>Dei</strong></span> <span class='ocrx_word' id='word_1_363' title='bbox 529 4396 847 4453; x_wconf 77' lang='lat' dir='ltr'><strong>ineﬂ‘abilem</strong></span> <span class='ocrx_word' id='word_1_364' title='bbox 899 4398 1177 4454; x_wconf 89' lang='lat' dir='ltr'><strong>considera</strong></span> <span class='ocrx_word' id='word_1_365' title='bbox 1201 4440 1217 4465; x_wconf 93' lang='lat'><strong>,</strong></span> <span class='ocrx_word' id='word_1_366' title='bbox 1262 4401 1528 4470; x_wconf 88' lang='lat' dir='ltr'><strong>quomodo</strong></span> <span class='ocrx_word' id='word_1_367' title='bbox 1578 4401 1748 4456; x_wconf 85' lang='lat' dir='ltr'><strong>Adam</strong></span> <span class='ocrx_word' id='word_1_368' title='bbox 1796 4408 1966 4458; x_wconf 89' lang='lat' dir='ltr'><strong>totum</strong></span> 
     </span>
    </p>
   </div>
   <div class='ocr_carea' id='block_1_48' title="bbox 383 4488 1965 4562">
    <p class='ocr_par' dir='ltr' id='par_1_48' title="bbox 383 4488 1965 4562">
     <span class='ocr_line' id='line_1_48' title="bbox 383 4488 1965 4562; baseline 0.003 -17"><span class='ocrx_word' id='word_1_369' title='bbox 383 4488 690 4545; x_wconf 87' lang='lat' dir='ltr'><strong>mandatum</strong></span> <span class='ocrx_word' id='word_1_370' title='bbox 739 4489 1077 4556; x_wconf 88' lang='lat' dir='ltr'><strong>subverterit,</strong></span> <span class='ocrx_word' id='word_1_371' title='bbox 1114 4498 1169 4545; x_wconf 91' lang='lat' dir='ltr'><strong>et</strong></span> <span class='ocrx_word' id='word_1_372' title='bbox 1196 4500 1355 4545; x_wconf 90' lang='lat' dir='ltr'><strong>totam</strong></span> <span class='ocrx_word' id='word_1_373' title='bbox 1382 4491 1553 4562; x_wconf 84' lang='lat' dir='ltr'><strong>legem</strong></span> <span class='ocrx_word' id='word_1_374' title='bbox 1600 4501 1965 4562; x_wconf 85' lang='lat' dir='ltr'><strong>transgressus</strong></span> 
     </span>
    </p>
   </div>
   <div class='ocr_carea' id='block_1_49' title="bbox 380 4580 1963 4652">
    <p class='ocr_par' dir='ltr' id='par_1_49' title="bbox 380 4580 1963 4652">
     <span class='ocr_line' id='line_1_49' title="bbox 380 4580 1963 4652; baseline 0.003 -16"><span class='ocrx_word' id='word_1_375' title='bbox 380 4581 451 4636; x_wconf 88' lang='lat' dir='ltr'><strong>sit</strong></span> <span class='ocrx_word' id='word_1_376' title='bbox 480 4598 497 4637; x_wconf 88' lang='lat'><strong>:</strong></span> <span class='ocrx_word' id='word_1_377' title='bbox 525 4580 785 4652; x_wconf 85' lang='lat' dir='ltr'><strong>benignus</strong></span> <span class='ocrx_word' id='word_1_378' title='bbox 808 4590 986 4645; x_wconf 87' lang='lat' dir='ltr'><strong>autem</strong></span> <span class='ocrx_word' id='word_1_379' title='bbox 1018 4582 1160 4637; x_wconf 88' lang='lat' dir='ltr'><strong>Deus</strong></span> <span class='ocrx_word' id='word_1_380' title='bbox 1183 4582 1419 4637; x_wconf 84' lang='lat' dir='ltr'><strong>bonitate</strong></span> <span class='ocrx_word' id='word_1_381' title='bbox 1443 4597 1538 4637; x_wconf 92' lang='lat' dir='ltr'><strong>sua</strong></span> <span class='ocrx_word' id='word_1_382' title='bbox 1567 4593 1745 4639; x_wconf 83' lang='lat' dir='ltr'><strong>nostra</strong></span> <span class='ocrx_word' id='word_1_383' title='bbox 1772 4584 1963 4640; x_wconf 89' lang='lat' dir='ltr'><strong>delicta</strong></span> 
     </span>
    </p>
   </div>
   <div class='ocr_carea' id='block_1_50' title="bbox 336 4673 1961 4746">
    <p class='ocr_par' dir='ltr' id='par_1_50' title="bbox 336 4673 1961 4746">
     <span class='ocr_line' id='line_1_50' title="bbox 336 4673 1961 4746; baseline 0.001 -16"><span class='ocrx_word' id='word_1_384' title='bbox 336 4702 339 4707; x_wconf 60' lang='grc' dir='ltr'><strong><em>λ</em></strong></span> <span class='ocrx_word' id='word_1_385' title='bbox 381 4688 666 4745; x_wconf 88' lang='lat' dir='ltr'><strong>superans,</strong></span> <span class='ocrx_word' id='word_1_386' title='bbox 693 4689 800 4728; x_wconf 91' lang='lat' dir='ltr'><strong>non</strong></span> <span class='ocrx_word' id='word_1_387' title='bbox 831 4682 999 4729; x_wconf 78' lang='lat' dir='ltr'><strong>totum</strong></span> <span class='ocrx_word' id='word_1_388' title='bbox 1027 4673 1285 4730; x_wconf 85' lang='lat' dir='ltr'><strong>honorem</strong></span> <span class='ocrx_word' id='word_1_389' title='bbox 1319 4675 1618 4742; x_wconf 89' lang='lat' dir='ltr'><strong>abstulerit,</strong></span> <span class='ocrx_word' id='word_1_390' title='bbox 1648 4691 1821 4746; x_wconf 90' lang='lat' dir='ltr'><strong>neque</strong></span> <span class='ocrx_word' id='word_1_391' title='bbox 1849 4685 1961 4733; x_wconf 89' lang='lat' dir='ltr'><strong>toto</strong></span> 
     </span>
    </p>
   </div>
   <div class='ocr_carea' id='block_1_51' title="bbox 375 4765 1961 4835">
    <p class='ocr_par' dir='ltr' id='par_1_51' title="bbox 375 4765 1961 4835">
     <span class='ocr_line' id='line_1_51' title="bbox 375 4765 1961 4835; baseline 0.002 -15"><span class='ocrx_word' id='word_1_392' title='bbox 375 4766 631 4835; x_wconf 67' lang='lat' dir='ltr'><strong>di-jccerit</strong></span> <span class='ocrx_word' id='word_1_393' title='bbox 674 4765 970 4835; x_wconf 89' lang='lat' dir='ltr'><strong>principatu</strong></span> <span class='ocrx_word' id='word_1_394' title='bbox 1020 4765 1161 4821; x_wconf 89' lang='lat' dir='ltr'><strong>:sed</strong></span> <span class='ocrx_word' id='word_1_395' title='bbox 1206 4782 1267 4821; x_wconf 89' lang='lat' dir='ltr'><strong>ea</strong></span> <span class='ocrx_word' id='word_1_396' title='bbox 1312 4766 1587 4821; x_wconf 81' lang='lat' dir='ltr'><strong>dumtaxat</strong></span> <span class='ocrx_word' id='word_1_397' title='bbox 1630 4768 1878 4823; x_wconf 89' lang='lat' dir='ltr'><strong>animalia</strong></span> <span class='ocrx_word' id='word_1_398' title='bbox 1929 4784 1961 4823; x_wconf 89' lang='lat' dir='ltr'><strong>a</strong></span> 
     </span>
    </p>
   </div>
   <div class='ocr_carea' id='block_1_52' title="bbox 376 4856 1962 4931">
    <p class='ocr_par' dir='ltr' id='par_1_52' title="bbox 376 4856 1962 4931">
     <span class='ocr_line' id='line_1_52' title="bbox 376 4856 1962 4931; baseline 0.003 -20"><span class='ocrx_word' id='word_1_399' title='bbox 376 4868 557 4913; x_wconf 88' lang='lat' dir='ltr'><strong>nostra</strong></span> <span class='ocrx_word' id='word_1_400' title='bbox 581 4863 845 4926; x_wconf 86' lang='lat' dir='ltr'><strong>potestate</strong></span> <span class='ocrx_word' id='word_1_401' title='bbox 865 4856 1165 4921; x_wconf 81' lang='lat' dir='ltr'><strong>abduxerit,</strong></span> <span class='ocrx_word' id='word_1_402' title='bbox 1183 4872 1301 4928; x_wconf 60' lang='lat' dir='ltr'><strong>quae</strong></span> <span class='ocrx_word' id='word_1_403' title='bbox 1327 4873 1431 4913; x_wconf 91' lang='lat' dir='ltr'><strong>non</strong></span> <span class='ocrx_word' id='word_1_404' title='bbox 1452 4860 1675 4914; x_wconf 91' lang='lat' dir='ltr'><strong>multum</strong></span> <span class='ocrx_word' id='word_1_405' title='bbox 1706 4860 1772 4915; x_wconf 91' lang='lat' dir='ltr'><strong>ad</strong></span> <span class='ocrx_word' id='word_1_406' title='bbox 1803 4860 1962 4931; x_wconf 87' lang='lat' dir='ltr'><strong>hujus</strong></span> 
     </span>
    </p>
   </div>
   <div class='ocr_carea' id='block_1_53' title="bbox 372 4948 1961 5020">
    <p class='ocr_par' dir='ltr' id='par_1_53' title="bbox 372 4948 1961 5020">
     <span class='ocr_line' id='line_1_53' title="bbox 372 4948 1961 5020; baseline 0.005 -21"><span class='ocrx_word' id='word_1_407' title='bbox 372 4950 497 5003; x_wconf 74' lang='lat' dir='ltr'><strong>vita:</strong></span> <span class='ocrx_word' id='word_1_408' title='bbox 520 4949 798 5004; x_wconf 81' lang='lat' dir='ltr'><strong>utilitatem</strong></span> <span class='ocrx_word' id='word_1_409' title='bbox 823 4949 976 5005; x_wconf 90' lang='lat' dir='ltr'><strong>nobis</strong></span> <span class='ocrx_word' id='word_1_410' title='bbox 995 4948 1313 5013; x_wconf 88' lang='lat' dir='ltr'><strong>conducunt,</strong></span> <span class='ocrx_word' id='word_1_411' title='bbox 1337 4965 1454 5020; x_wconf 75' lang='lat' dir='ltr'><strong>qum</strong></span> <span class='ocrx_word' id='word_1_412' title='bbox 1474 4966 1602 5007; x_wconf 83' lang='lat' dir='ltr'><strong>vero</strong></span> <span class='ocrx_word' id='word_1_413' title='bbox 1626 4952 1742 5007; x_wconf 64' lang='lat' dir='ltr'><strong>vita:</strong></span> <span class='ocrx_word' id='word_1_414' title='bbox 1765 4962 1961 5008; x_wconf 75' lang='lat' dir='ltr'><strong>nostra:</strong></span> 
     </span>
    </p>
   </div>
   <div class='ocr_carea' id='block_1_54' title="bbox 377 5039 1959 5113">
    <p class='ocr_par' dir='ltr' id='par_1_54' title="bbox 377 5039 1959 5113">
     <span class='ocr_line' id='line_1_54' title="bbox 377 5039 1959 5113; baseline 0.004 -19"><span class='ocrx_word' id='word_1_415' title='bbox 377 5040 604 5096; x_wconf 71' lang='lat' dir='ltr'><strong>multum</strong></span> <span class='ocrx_word' id='word_1_416' title='bbox 647 5039 905 5105; x_wconf 86' lang='lat' dir='ltr'><strong>serviunt,</strong></span> <span class='ocrx_word' id='word_1_417' title='bbox 938 5048 992 5095; x_wconf 89' lang='lat' dir='ltr'><strong>et</strong></span> <span class='ocrx_word' id='word_1_418' title='bbox 1023 5041 1166 5095; x_wconf 87' lang='lat' dir='ltr'><strong>utilia</strong></span> <span class='ocrx_word' id='word_1_419' title='bbox 1196 5043 1604 5113; x_wconf 88' lang='lat' dir='ltr'><strong>necessariaque</strong></span> <span class='ocrx_word' id='word_1_420' title='bbox 1645 5053 1788 5111; x_wconf 90' lang='lat' dir='ltr'><strong>sunt,</strong></span> <span class='ocrx_word' id='word_1_421' title='bbox 1817 5059 1878 5100; x_wconf 91' lang='lat' dir='ltr'><strong>ea</strong></span> <span class='ocrx_word' id='word_1_422' title='bbox 1906 5046 1959 5101; x_wconf 93' lang='lat' dir='ltr'><strong>in</strong></span> 
     </span>
    </p>
   </div>
   <div class='ocr_carea' id='block_1_55' title="bbox 374 5133 1959 5208">
    <p class='ocr_par' dir='ltr' id='par_1_55' title="bbox 374 5133 1959 5208">
     <span class='ocr_line' id='line_1_55' title="bbox 374 5133 1959 5208; baseline 0.007 -25"><span class='ocrx_word' id='word_1_423' title='bbox 374 5134 651 5197; x_wconf 84' lang='lat' dir='ltr'><strong>servitute,</strong></span> <span class='ocrx_word' id='word_1_424' title='bbox 684 5143 738 5187; x_wconf 91' lang='lat' dir='ltr'><strong>et</strong></span> <span class='ocrx_word' id='word_1_425' title='bbox 767 5133 1103 5202; x_wconf 83' lang='lat' dir='ltr'><strong>subjectioue</strong></span> <span class='ocrx_word' id='word_1_426' title='bbox 1127 5147 1220 5187; x_wconf 89' lang='lat' dir='ltr'><strong>sua</strong></span> <span class='ocrx_word' id='word_1_427' title='bbox 1268 5134 1548 5190; x_wconf 88' lang='lat' dir='ltr'><strong>dimiserit.</strong></span> <span class='ocrx_word' id='word_1_428' title='bbox 1577 5136 1806 5207; x_wconf 80' lang='lat' dir='ltr'><strong>Reliquit</strong></span> <span class='ocrx_word' id='word_1_429' title='bbox 1830 5153 1959 5208; x_wconf 86' lang='lat' dir='ltr'><strong>ergo</strong></span> 
     </span>
    </p>
   </div>
   <div class='ocr_carea' id='block_1_56' title="bbox 373 5221 1956 5291">
    <p class='ocr_par' dir='ltr' id='par_1_56' title="bbox 373 5221 1956 5291">
     <span class='ocr_line' id='line_1_56' title="bbox 373 5221 1956 5291; baseline 0.003 -15"><span class='ocrx_word' id='word_1_430' title='bbox 373 5221 529 5276; x_wconf 88' lang='lat' dir='ltr'><strong>nobis</strong></span> <span class='ocrx_word' id='word_1_431' title='bbox 558 5222 716 5276; x_wconf 91' lang='lat' dir='ltr'><strong>boum</strong></span> <span class='ocrx_word' id='word_1_432' title='bbox 742 5232 981 5279; x_wconf 89' lang='lat' dir='ltr'><strong>armenta</strong></span> <span class='ocrx_word' id='word_1_433' title='bbox 1003 5264 1019 5288; x_wconf 95' lang='lat'><strong>,</strong></span> <span class='ocrx_word' id='word_1_434' title='bbox 1052 5231 1111 5279; x_wconf 92' lang='lat' dir='ltr'><strong>ut</strong></span> <span class='ocrx_word' id='word_1_435' title='bbox 1134 5234 1371 5279; x_wconf 88' lang='lat' dir='ltr'><strong>aratrum</strong></span> <span class='ocrx_word' id='word_1_436' title='bbox 1416 5225 1707 5291; x_wconf 88' lang='lat' dir='ltr'><strong>trahamus,</strong></span> <span class='ocrx_word' id='word_1_437' title='bbox 1759 5236 1956 5283; x_wconf 86' lang='lat' dir='ltr'><strong>terram</strong></span> 
     </span>
    </p>
   </div>
   <div class='ocr_carea' id='block_1_57' title="bbox 373 5312 1956 5387">
    <p class='ocr_par' dir='ltr' id='par_1_57' title="bbox 373 5312 1956 5387">
     <span class='ocr_line' id='line_1_57' title="bbox 373 5312 1956 5387; baseline 0.004 -19"><span class='ocrx_word' id='word_1_438' title='bbox 373 5312 674 5377; x_wconf 83' lang='lat' dir='ltr'><strong>sulcemus,</strong></span> <span class='ocrx_word' id='word_1_439' title='bbox 726 5329 999 5370; x_wconf 89' lang='lat' dir='ltr'><strong>seramus:</strong></span> <span class='ocrx_word' id='word_1_440' title='bbox 1040 5315 1253 5385; x_wconf 88' lang='lat' dir='ltr'><strong>reliquit</strong></span> <span class='ocrx_word' id='word_1_441' title='bbox 1300 5324 1354 5371; x_wconf 90' lang='lat' dir='ltr'><strong>et</strong></span> <span class='ocrx_word' id='word_1_442' title='bbox 1390 5316 1744 5387; x_wconf 85' lang='lat' dir='ltr'><strong>subjugalium</strong></span> <span class='ocrx_word' id='word_1_443' title='bbox 1794 5320 1956 5375; x_wconf 89' lang='lat' dir='ltr'><strong>multa</strong></span> 
     </span>
    </p>
   </div>
   <div class='ocr_carea' id='block_1_58' title="bbox 372 5407 1953 5480">
    <p class='ocr_par' dir='ltr' id='par_1_58' title="bbox 372 5407 1953 5480">
     <span class='ocr_line' id='line_1_58' title="bbox 372 5407 1953 5480; baseline 0.008 -25"><span class='ocrx_word' id='word_1_444' title='bbox 372 5419 590 5474; x_wconf 79' lang='lat' dir='ltr'><strong>genera,</strong></span> <span class='ocrx_word' id='word_1_445' title='bbox 614 5414 673 5460; x_wconf 92' lang='lat' dir='ltr'><strong>ut</strong></span> <span class='ocrx_word' id='word_1_446' title='bbox 692 5421 790 5461; x_wconf 91' lang='lat' dir='ltr'><strong>nos</strong></span> <span class='ocrx_word' id='word_1_447' title='bbox 810 5407 1061 5476; x_wconf 76' lang='lat' dir='ltr'><strong>adiuvent</strong></span> <span class='ocrx_word' id='word_1_448' title='bbox 1081 5407 1147 5461; x_wconf 91' lang='lat' dir='ltr'><strong>ad</strong></span> <span class='ocrx_word' id='word_1_449' title='bbox 1172 5408 1317 5462; x_wconf 90' lang='lat' dir='ltr'><strong>utilia</strong></span> <span class='ocrx_word' id='word_1_450' title='bbox 1334 5425 1557 5480; x_wconf 68' lang='lat' dir='ltr'><strong>quinque</strong></span> <span class='ocrx_word' id='word_1_451' title='bbox 1578 5413 1953 5479; x_wconf 87' lang='lat' dir='ltr'><strong>convehenda;</strong></span> 
     </span>
    </p>
   </div>
   <div class='ocr_carea' id='block_1_59' title="bbox 375 5496 1954 5572">
    <p class='ocr_par' dir='ltr' id='par_1_59' title="bbox 375 5496 1954 5572">
     <span class='ocr_line' id='line_1_59' title="bbox 375 5496 1954 5572; baseline 0.007 -23"><span class='ocrx_word' id='word_1_452' title='bbox 375 5496 589 5566; x_wconf 79' lang='lat' dir='ltr'><strong>reliquit</strong></span> <span class='ocrx_word' id='word_1_453' title='bbox 608 5497 785 5551; x_wconf 88' lang='lat' dir='ltr'><strong>ovium</strong></span> <span class='ocrx_word' id='word_1_454' title='bbox 815 5513 1023 5567; x_wconf 79' lang='lat' dir='ltr'><strong>greges,</strong></span> <span class='ocrx_word' id='word_1_455' title='bbox 1052 5506 1111 5552; x_wconf 94' lang='lat' dir='ltr'><strong>ut</strong></span> <span class='ocrx_word' id='word_1_456' title='bbox 1139 5497 1457 5554; x_wconf 86' lang='lat' dir='ltr'><strong>haberemus</strong></span> <span class='ocrx_word' id='word_1_457' title='bbox 1482 5517 1600 5572; x_wconf 78' lang='lat' dir='ltr'><strong>qua:</strong></span> <span class='ocrx_word' id='word_1_458' title='bbox 1629 5502 1695 5557; x_wconf 86' lang='lat' dir='ltr'><strong>ad</strong></span> <span class='ocrx_word' id='word_1_459' title='bbox 1725 5505 1954 5560; x_wconf 77' lang='lat' dir='ltr'><strong>vestien-</strong></span> 
     </span>
    </p>
   </div>
   <div class='ocr_carea' id='block_1_60' title="bbox 321 5577 1950 5665">
    <p class='ocr_par' dir='ltr' id='par_1_60' title="bbox 321 5577 1950 5665">
     <span class='ocr_line' id='line_1_60' title="bbox 321 5577 1950 5665; baseline 0.004 -23"><span class='ocrx_word' id='word_1_460' title='bbox 321 5577 357 5619; x_wconf 66' lang='grc' dir='ltr'><strong>θ’</strong></span> <span class='ocrx_word' id='word_1_461' title='bbox 374 5591 499 5642; x_wconf 74' lang='lat' dir='ltr'><strong>dum</strong></span> <span class='ocrx_word' id='word_1_462' title='bbox 538 5603 636 5642; x_wconf 89' lang='lat' dir='ltr'><strong>nos</strong></span> <span class='ocrx_word' id='word_1_463' title='bbox 666 5586 1002 5654; x_wconf 82' lang='lat' dir='ltr'><strong>sufﬁcerent;</strong></span> <span class='ocrx_word' id='word_1_464' title='bbox 1027 5588 1238 5661; x_wconf 82' lang='lat' dir='ltr'><strong>reliquit</strong></span> <span class='ocrx_word' id='word_1_465' title='bbox 1273 5601 1323 5646; x_wconf 89' lang='lat' dir='ltr'><strong>et</strong></span> <span class='ocrx_word' id='word_1_466' title='bbox 1360 5592 1461 5647; x_wconf 85' lang='lat' dir='ltr'><strong>alia</strong></span> <span class='ocrx_word' id='word_1_467' title='bbox 1483 5594 1829 5651; x_wconf 89' lang='lat' dir='ltr'><strong>animantium</strong></span> <span class='ocrx_word' id='word_1_468' title='bbox 1857 5611 1950 5665; x_wconf 89' lang='lat' dir='ltr'><strong>ge-</strong></span> 
     </span>
    </p>
   </div>
   <div class='ocr_carea' id='block_1_61' title="bbox 2091 270 3661 344">
    <p class='ocr_par' dir='ltr' id='par_1_61' title="bbox 2091 270 3661 344">
     <span class='ocr_line' id='line_1_61' title="bbox 2091 270 3661 344; baseline 0.003 -19"><span class='ocrx_word' id='word_1_469' title='bbox 2091 285 2242 338; x_wconf 88' lang='lat' dir='ltr'><strong>nera,</strong></span> <span class='ocrx_word' id='word_1_470' title='bbox 2266 270 2406 328; x_wconf 89' lang='lat' dir='ltr'><strong>unde</strong></span> <span class='ocrx_word' id='word_1_471' title='bbox 2431 274 2591 327; x_wconf 91' lang='lat' dir='ltr'><strong>multa</strong></span> <span class='ocrx_word' id='word_1_472' title='bbox 2610 273 2764 330; x_wconf 69' lang='lat' dir='ltr'><strong>nobis</strong></span> <span class='ocrx_word' id='word_1_473' title='bbox 2789 272 3194 344; x_wconf 79' lang='lat' dir='ltr'><strong>suppeditantur</strong></span> <span class='ocrx_word' id='word_1_474' title='bbox 3216 277 3523 329; x_wconf 90' lang='lat' dir='ltr'><strong>commoda.</strong></span> <span class='ocrx_word' id='word_1_475' title='bbox 3542 276 3661 330; x_wconf 75' lang='lat' dir='ltr'><strong>Nam</strong></span> 
     </span>
    </p>
   </div>
   <div class='ocr_carea' id='block_1_62' title="bbox 2087 365 3665 434">
    <p class='ocr_par' dir='ltr' id='par_1_62' title="bbox 2087 365 3665 434">
     <span class='ocr_line' id='line_1_62' title="bbox 2087 365 3665 434; baseline 0.003 -16"><span class='ocrx_word' id='word_1_476' title='bbox 2087 365 2210 434; x_wconf 87' lang='lat' dir='ltr'><strong>quia</strong></span> <span class='ocrx_word' id='word_1_477' title='bbox 2224 365 2449 434; x_wconf 89' lang='lat' dir='ltr'><strong>puniens</strong></span> <span class='ocrx_word' id='word_1_478' title='bbox 2461 366 2729 423; x_wconf 88' lang='lat' dir='ltr'><strong>hominem</strong></span> <span class='ocrx_word' id='word_1_479' title='bbox 2747 368 2817 424; x_wconf 90' lang='lat' dir='ltr'><strong>ob</strong></span> <span class='ocrx_word' id='word_1_480' title='bbox 2828 367 3503 433; x_wconf 75' lang='lat' dir='ltr'><strong>inobcdientiam,dixerat,</strong></span> <span class='ocrx_word' id='word_1_481' title='bbox 3520 368 3581 423; x_wconf 86' lang='lat' dir='ltr'><strong>lu</strong></span> <span class='ocrx_word' id='word_1_482' title='bbox 3594 388 3665 424; x_wconf 84' lang='lat' dir='ltr'><strong>su-</strong></span> 
     </span>
    </p>
   </div>
   <div class='ocr_carea' id='block_1_63' title="bbox 2087 455 3663 529">
    <p class='ocr_par' dir='ltr' id='par_1_63' title="bbox 2087 455 3663 529">
     <span class='ocr_line' id='line_1_63' title="bbox 2087 455 3663 529; baseline 0.004 -20"><span class='ocrx_word' id='word_1_483' title='bbox 2087 455 2210 510; x_wconf 82' lang='lat' dir='ltr'><strong>dore</strong></span> <span class='ocrx_word' id='word_1_484' title='bbox 2224 456 2370 523; x_wconf 81' lang='lat' dir='ltr'><strong>faciei</strong></span> <span class='ocrx_word' id='word_1_485' title='bbox 2390 468 2491 511; x_wconf 73' lang='lat' dir='ltr'><strong>tuae</strong></span> <span class='ocrx_word' id='word_1_486' title='bbox 2508 460 2714 513; x_wconf 73' lang='lat' dir='ltr'><strong>vesceris</strong></span> <span class='ocrx_word' id='word_1_487' title='bbox 2727 474 2857 527; x_wconf 85' lang='lat' dir='ltr'><strong>pane</strong></span> <span class='ocrx_word' id='word_1_488' title='bbox 2870 468 2955 512; x_wconf 88' lang='lat' dir='ltr'><strong>tuo</strong></span> <span class='ocrx_word' id='word_1_489' title='bbox 2967 457 3120 528; x_wconf 78' lang='lat' dir='ltr'><strong>(Gen.</strong></span> <span class='ocrx_word' id='word_1_490' title='bbox 3138 460 3192 513; x_wconf 79' lang='lat'><strong>‘5.</strong></span> <span class='ocrx_word' id='word_1_491' title='bbox 3211 460 3301 529; x_wconf 82' lang='grc'><strong>19)</strong></span> <span class='ocrx_word' id='word_1_492' title='bbox 3320 480 3333 515; x_wconf 90' lang='lat'><strong>:</strong></span> <span class='ocrx_word' id='word_1_493' title='bbox 3355 471 3413 513; x_wconf 94' lang='lat' dir='ltr'><strong>ut</strong></span> <span class='ocrx_word' id='word_1_494' title='bbox 3431 476 3498 514; x_wconf 85' lang='lat' dir='ltr'><strong>ne</strong></span> <span class='ocrx_word' id='word_1_495' title='bbox 3510 462 3663 515; x_wconf 89' lang='lat' dir='ltr'><strong>sudor</strong></span> 
     </span>
    </p>
   </div>
   <div class='ocr_carea' id='block_1_64' title="bbox 2088 546 3661 623">
    <p class='ocr_par' dir='ltr' id='par_1_64' title="bbox 2088 546 3661 623">
     <span class='ocr_line' id='line_1_64' title="bbox 2088 546 3661 623; baseline 0.003 -22"><span class='ocrx_word' id='word_1_496' title='bbox 2088 557 2142 601; x_wconf 91' lang='lat' dir='ltr'><strong>et</strong></span> <span class='ocrx_word' id='word_1_497' title='bbox 2159 546 2309 602; x_wconf 91' lang='lat' dir='ltr'><strong>labor</strong></span> <span class='ocrx_word' id='word_1_498' title='bbox 2326 548 2410 603; x_wconf 91' lang='lat' dir='ltr'><strong>hic</strong></span> <span class='ocrx_word' id='word_1_499' title='bbox 2428 560 2610 604; x_wconf 88' lang='lat' dir='ltr'><strong>noster</strong></span> <span class='ocrx_word' id='word_1_500' title='bbox 2623 549 2970 623; x_wconf 85' lang='lat' dir='ltr'><strong>intolerabilis</strong></span> <span class='ocrx_word' id='word_1_501' title='bbox 2986 549 3359 615; x_wconf 88' lang='lat' dir='ltr'><strong>foret,sudoris</strong></span> <span class='ocrx_word' id='word_1_502' title='bbox 3377 550 3661 613; x_wconf 85' lang='lat' dir='ltr'><strong>molestias,</strong></span> 
     </span>
    </p>
   </div>
   <div class='ocr_carea' id='block_1_65' title="bbox 2087 636 3665 710">
    <p class='ocr_par' dir='ltr' id='par_1_65' title="bbox 2087 636 3665 710">
     <span class='ocr_line' id='line_1_65' title="bbox 2087 636 3665 710; baseline 0.004 -20"><span class='ocrx_word' id='word_1_503' title='bbox 2087 644 2142 691; x_wconf 89' lang='lat' dir='ltr'><strong>et</strong></span> <span class='ocrx_word' id='word_1_504' title='bbox 2186 636 2387 693; x_wconf 90' lang='lat' dir='ltr'><strong>laboris</strong></span> <span class='ocrx_word' id='word_1_505' title='bbox 2424 653 2561 693; x_wconf 90' lang='lat' dir='ltr'><strong>onus</strong></span> <span class='ocrx_word' id='word_1_506' title='bbox 2586 639 2857 695; x_wconf 87' lang='lat' dir='ltr'><strong>alleviavit</strong></span> <span class='ocrx_word' id='word_1_507' title='bbox 2898 640 3263 710; x_wconf 88' lang='lat' dir='ltr'><strong>jumentorum</strong></span> <span class='ocrx_word' id='word_1_508' title='bbox 3308 643 3665 709; x_wconf 86' lang='lat' dir='ltr'><strong>multitudine,</strong></span> 
     </span>
    </p>
   </div>
   <div class='ocr_carea' id='block_1_66' title="bbox 2088 728 3665 801">
    <p class='ocr_par' dir='ltr' id='par_1_66' title="bbox 2088 728 3665 801">
     <span class='ocr_line' id='line_1_66' title="bbox 2088 728 3665 801; baseline 0.005 -21"><span class='ocrx_word' id='word_1_509' title='bbox 2088 742 2206 796; x_wconf 74' lang='lat' dir='ltr'><strong>qua:</strong></span> <span class='ocrx_word' id='word_1_510' title='bbox 2257 741 2362 782; x_wconf 89' lang='lat' dir='ltr'><strong>una</strong></span> <span class='ocrx_word' id='word_1_511' title='bbox 2409 728 2684 785; x_wconf 89' lang='lat' dir='ltr'><strong>nobiscum</strong></span> <span class='ocrx_word' id='word_1_512' title='bbox 2735 730 2998 796; x_wconf 89' lang='lat' dir='ltr'><strong>laborant,</strong></span> <span class='ocrx_word' id='word_1_513' title='bbox 3051 742 3105 786; x_wconf 92' lang='lat' dir='ltr'><strong>et</strong></span> <span class='ocrx_word' id='word_1_514' title='bbox 3149 731 3425 787; x_wconf 84' lang='lat' dir='ltr'><strong>molestias</strong></span> <span class='ocrx_word' id='word_1_515' title='bbox 3476 733 3665 801; x_wconf 87' lang='lat' dir='ltr'><strong>ferunt,</strong></span> 
     </span>
    </p>
   </div>
   <div class='ocr_carea' id='block_1_67' title="bbox 2087 816 3664 893">
    <p class='ocr_par' dir='ltr' id='par_1_67' title="bbox 2087 816 3664 893">
     <span class='ocr_line' id='line_1_67' title="bbox 2087 816 3664 893; baseline 0.005 -22"><span class='ocrx_word' id='word_1_516' title='bbox 2087 816 2227 872; x_wconf 91' lang='lat' dir='ltr'><strong>idem</strong></span> <span class='ocrx_word' id='word_1_517' title='bbox 2258 818 2457 875; x_wconf 82' lang='lat' dir='ltr'><strong>faciens</strong></span> <span class='ocrx_word' id='word_1_518' title='bbox 2484 820 2626 890; x_wconf 87' lang='lat' dir='ltr'><strong>quod</strong></span> <span class='ocrx_word' id='word_1_519' title='bbox 2654 821 2913 891; x_wconf 89' lang='lat' dir='ltr'><strong>benignus</strong></span> <span class='ocrx_word' id='word_1_520' title='bbox 2928 831 2981 877; x_wconf 91' lang='lat' dir='ltr'><strong>et</strong></span> <span class='ocrx_word' id='word_1_521' title='bbox 3010 821 3246 893; x_wconf 87' lang='lat' dir='ltr'><strong>prudens</strong></span> <span class='ocrx_word' id='word_1_522' title='bbox 3274 824 3664 893; x_wconf 82' lang='lat' dir='ltr'><strong>paterfamilias,</strong></span> 
     </span>
    </p>
   </div>
   <div class='ocr_carea' id='block_1_68' title="bbox 2086 908 3660 984">
    <p class='ocr_par' dir='ltr' id='par_1_68' title="bbox 2086 908 3660 984">
     <span class='ocr_line' id='line_1_68' title="bbox 2086 908 3660 984; baseline 0.004 -22"><span class='ocrx_word' id='word_1_523' title='bbox 2086 908 2177 977; x_wconf 91' lang='lat' dir='ltr'><strong>qui</strong></span> <span class='ocrx_word' id='word_1_524' title='bbox 2206 908 2468 979; x_wconf 83' lang='lat' dir='ltr'><strong>ﬂagellato</strong></span> <span class='ocrx_word' id='word_1_525' title='bbox 2484 924 2661 978; x_wconf 88' lang='lat' dir='ltr'><strong>servo,</strong></span> <span class='ocrx_word' id='word_1_526' title='bbox 2693 912 2851 966; x_wconf 89' lang='lat' dir='ltr'><strong>etiam</strong></span> <span class='ocrx_word' id='word_1_527' title='bbox 2868 926 3050 967; x_wconf 87' lang='lat' dir='ltr'><strong>curam</strong></span> <span class='ocrx_word' id='word_1_528' title='bbox 3075 913 3361 983; x_wconf 89' lang='lat' dir='ltr'><strong>quamdam</strong></span> <span class='ocrx_word' id='word_1_529' title='bbox 3378 929 3660 984; x_wconf 78' lang='lat' dir='ltr'><strong>congruam</strong></span> 
     </span>
    </p>
   </div>
   <div class='ocr_carea' id='block_1_69' title="bbox 2088 998 3662 1075">
    <p class='ocr_par' dir='ltr' id='par_1_69' title="bbox 2088 998 3662 1075">
     <span class='ocr_line' id='line_1_69' title="bbox 2088 998 3662 1075; baseline 0.007 -24"><span class='ocrx_word' id='word_1_530' title='bbox 2088 998 2312 1068; x_wconf 85' lang='lat' dir='ltr'><strong>flagellis</strong></span> <span class='ocrx_word' id='word_1_531' title='bbox 2340 1000 2558 1057; x_wconf 88' lang='lat' dir='ltr'><strong>adhibet</strong></span> <span class='ocrx_word' id='word_1_532' title='bbox 2590 1020 2602 1055; x_wconf 91' lang='lat'><strong>:</strong></span> <span class='ocrx_word' id='word_1_533' title='bbox 2629 1002 2709 1056; x_wconf 90' lang='lat' dir='ltr'><strong>sic</strong></span> <span class='ocrx_word' id='word_1_534' title='bbox 2741 1010 2795 1057; x_wconf 89' lang='lat' dir='ltr'><strong>et</strong></span> <span class='ocrx_word' id='word_1_535' title='bbox 2825 1003 2963 1059; x_wconf 91' lang='lat' dir='ltr'><strong>Deus</strong></span> <span class='ocrx_word' id='word_1_536' title='bbox 2993 1012 3051 1058; x_wconf 88' lang='lat' dir='ltr'><strong>ut</strong></span> <span class='ocrx_word' id='word_1_537' title='bbox 3078 1004 3457 1060; x_wconf 84' lang='lat' dir='ltr'><strong>condemnavit</strong></span> <span class='ocrx_word' id='word_1_538' title='bbox 3483 1020 3662 1075; x_wconf 84' lang='lat' dir='ltr'><strong>pecca-</strong></span> 
     </span>
    </p>
   </div>
   <div class='ocr_carea' id='block_1_70' title="bbox 2089 1091 3664 1165">
    <p class='ocr_par' dir='ltr' id='par_1_70' title="bbox 2089 1091 3664 1165">
     <span class='ocr_line' id='line_1_70' title="bbox 2089 1091 3664 1165; baseline 0.006 -22"><span class='ocrx_word' id='word_1_539' title='bbox 2089 1097 2280 1155; x_wconf 90' lang='lat' dir='ltr'><strong>torem,</strong></span> <span class='ocrx_word' id='word_1_540' title='bbox 2330 1091 2588 1149; x_wconf 88' lang='lat' dir='ltr'><strong>leniorem</strong></span> <span class='ocrx_word' id='word_1_541' title='bbox 2617 1096 2777 1150; x_wconf 90' lang='lat' dir='ltr'><strong>etiam</strong></span> <span class='ocrx_word' id='word_1_542' title='bbox 2807 1095 3307 1152; x_wconf 86' lang='lat' dir='ltr'><strong>condemnationem</strong></span> <span class='ocrx_word' id='word_1_543' title='bbox 3336 1112 3459 1153; x_wconf 87' lang='lat' dir='ltr'><strong>esse</strong></span> <span class='ocrx_word' id='word_1_544' title='bbox 3486 1099 3664 1165; x_wconf 76' lang='lat' dir='ltr'><strong>voluit,</strong></span> 
     </span>
    </p>
   </div>
   <div class='ocr_carea' id='block_1_71' title="bbox 2086 1181 3666 1255">
    <p class='ocr_par' dir='ltr' id='par_1_71' title="bbox 2086 1181 3666 1255">
     <span class='ocr_line' id='line_1_71' title="bbox 2086 1181 3666 1255; baseline 0.005 -21"><span class='ocrx_word' id='word_1_545' title='bbox 2086 1189 2140 1235; x_wconf 92' lang='lat' dir='ltr'><strong>et</strong></span> <span class='ocrx_word' id='word_1_546' title='bbox 2168 1181 2320 1237; x_wconf 90' lang='lat' dir='ltr'><strong>nobis</strong></span> <span class='ocrx_word' id='word_1_547' title='bbox 2339 1181 2405 1236; x_wconf 89' lang='lat' dir='ltr'><strong>ad</strong></span> <span class='ocrx_word' id='word_1_548' title='bbox 2425 1182 2675 1238; x_wconf 91' lang='lat' dir='ltr'><strong>sudorem</strong></span> <span class='ocrx_word' id='word_1_549' title='bbox 2700 1193 2755 1239; x_wconf 93' lang='lat' dir='ltr'><strong>et</strong></span> <span class='ocrx_word' id='word_1_550' title='bbox 2782 1184 3015 1239; x_wconf 87' lang='lat' dir='ltr'><strong>laborem</strong></span> <span class='ocrx_word' id='word_1_551' title='bbox 3042 1195 3358 1255; x_wconf 87' lang='lat' dir='ltr'><strong>perpetuum</strong></span> <span class='ocrx_word' id='word_1_552' title='bbox 3384 1186 3666 1251; x_wconf 87' lang='lat' dir='ltr'><strong>damnatis.</strong></span> 
     </span>
    </p>
   </div>
   <div class='ocr_carea' id='block_1_72' title="bbox 2085 1270 3663 1348">
    <p class='ocr_par' dir='ltr' id='par_1_72' title="bbox 2085 1270 3663 1348">
     <span class='ocr_line' id='line_1_72' title="bbox 2085 1270 3663 1348; baseline 0.004 -24"><span class='ocrx_word' id='word_1_553' title='bbox 2085 1270 2403 1327; x_wconf 87' lang='lat' dir='ltr'><strong>subsidiaria</strong></span> <span class='ocrx_word' id='word_1_554' title='bbox 2432 1272 2558 1327; x_wconf 90' lang='lat' dir='ltr'><strong>fecit</strong></span> <span class='ocrx_word' id='word_1_555' title='bbox 2603 1275 2768 1327; x_wconf 88' lang='lat' dir='ltr'><strong>multa</strong></span> <span class='ocrx_word' id='word_1_556' title='bbox 2800 1273 3075 1329; x_wconf 89' lang='lat' dir='ltr'><strong>brutarum</strong></span> <span class='ocrx_word' id='word_1_557' title='bbox 3116 1291 3332 1345; x_wconf 89' lang='lat' dir='ltr'><strong>genera.</strong></span> <span class='ocrx_word' id='word_1_558' title='bbox 3366 1281 3539 1348; x_wconf 80' lang='lat' dir='ltr'><strong>Atque</strong></span> <span class='ocrx_word' id='word_1_559' title='bbox 3580 1280 3663 1340; x_wconf 83' lang='lat' dir='ltr'><strong>ita,</strong></span> 
     </span>
    </p>
   </div>
   <div class='ocr_carea' id='block_1_73' title="bbox 2086 1362 3668 1433">
    <p class='ocr_par' dir='ltr' id='par_1_73' title="bbox 2086 1362 3668 1433">
     <span class='ocr_line' id='line_1_73' title="bbox 2086 1362 3668 1433; baseline 0.004 -17"><span class='ocrx_word' id='word_1_560' title='bbox 2086 1362 2226 1433; x_wconf 90' lang='lat' dir='ltr'><strong>quod</strong></span> <span class='ocrx_word' id='word_1_561' title='bbox 2269 1362 2529 1419; x_wconf 88' lang='lat' dir='ltr'><strong>honorem</strong></span> <span class='ocrx_word' id='word_1_562' title='bbox 2562 1365 2715 1420; x_wconf 92' lang='lat' dir='ltr'><strong>nobis</strong></span> <span class='ocrx_word' id='word_1_563' title='bbox 2756 1365 2977 1421; x_wconf 85' lang='lat' dir='ltr'><strong>deditet</strong></span> <span class='ocrx_word' id='word_1_564' title='bbox 3004 1382 3186 1421; x_wconf 88' lang='lat' dir='ltr'><strong>rursus</strong></span> <span class='ocrx_word' id='word_1_565' title='bbox 3215 1368 3448 1433; x_wconf 89' lang='lat' dir='ltr'><strong>abstulit,</strong></span> <span class='ocrx_word' id='word_1_566' title='bbox 3501 1380 3553 1423; x_wconf 89' lang='lat' dir='ltr'><strong>et</strong></span> <span class='ocrx_word' id='word_1_567' title='bbox 3580 1369 3668 1423; x_wconf 84' lang='lat' dir='ltr'><strong>be-</strong></span> 
     </span>
    </p>
   </div>
   <div class='ocr_carea' id='block_1_74' title="bbox 2085 1456 3668 1529">
    <p class='ocr_par' dir='ltr' id='par_1_74' title="bbox 2085 1456 3668 1529">
     <span class='ocr_line' id='line_1_74' title="bbox 2085 1456 3668 1529; baseline 0.001 -17"><span class='ocrx_word' id='word_1_568' title='bbox 2085 1456 2310 1512; x_wconf 88' lang='lat' dir='ltr'><strong>stiarum</strong></span> <span class='ocrx_word' id='word_1_569' title='bbox 2343 1456 2497 1512; x_wconf 90' lang='lat' dir='ltr'><strong>nobis</strong></span> <span class='ocrx_word' id='word_1_570' title='bbox 2518 1467 2719 1513; x_wconf 91' lang='lat' dir='ltr'><strong>metum</strong></span> <span class='ocrx_word' id='word_1_571' title='bbox 2748 1457 2988 1525; x_wconf 83' lang='lat' dir='ltr'><strong>immisit,</strong></span> <span class='ocrx_word' id='word_1_572' title='bbox 3016 1467 3071 1513; x_wconf 89' lang='lat' dir='ltr'><strong>ct</strong></span> <span class='ocrx_word' id='word_1_573' title='bbox 3111 1459 3313 1522; x_wconf 85' lang='lat' dir='ltr'><strong>omnia.</strong></span> <span class='ocrx_word' id='word_1_574' title='bbox 3344 1460 3388 1513; x_wconf 91' lang='lat' dir='ltr'><strong>si</strong></span> <span class='ocrx_word' id='word_1_575' title='bbox 3417 1459 3536 1529; x_wconf 89' lang='lat' dir='ltr'><strong>quis</strong></span> <span class='ocrx_word' id='word_1_576' title='bbox 3557 1460 3668 1513; x_wconf 86' lang='lat' dir='ltr'><strong>dili-</strong></span> 
     </span>
    </p>
   </div>
   <div class='ocr_carea' id='block_1_75' title="bbox 2084 1548 3667 1622">
    <p class='ocr_par' dir='ltr' id='par_1_75' title="bbox 2084 1548 3667 1622">
     <span class='ocr_line' id='line_1_75' title="bbox 2084 1548 3667 1622; baseline 0.001 -18"><span class='ocrx_word' id='word_1_577' title='bbox 2084 1557 2275 1620; x_wconf 89' lang='lat' dir='ltr'><strong>genter</strong></span> <span class='ocrx_word' id='word_1_578' title='bbox 2294 1559 2348 1604; x_wconf 89' lang='lat' dir='ltr'><strong>et</strong></span> <span class='ocrx_word' id='word_1_579' title='bbox 2387 1548 2604 1605; x_wconf 89' lang='lat' dir='ltr'><strong>cordate</strong></span> <span class='ocrx_word' id='word_1_580' title='bbox 2630 1550 2882 1620; x_wconf 89' lang='lat' dir='ltr'><strong>inquirat,</strong></span> <span class='ocrx_word' id='word_1_581' title='bbox 2926 1550 3162 1607; x_wconf 81' lang='lat' dir='ltr'><strong>otlendet</strong></span> <span class='ocrx_word' id='word_1_582' title='bbox 3190 1550 3347 1621; x_wconf 82' lang='lat' dir='ltr'><strong>plena</strong></span> <span class='ocrx_word' id='word_1_583' title='bbox 3376 1552 3667 1622; x_wconf 68' lang='lat' dir='ltr'><strong>sapicntim,</strong></span> 
     </span>
    </p>
   </div>
   <div class='ocr_carea' id='block_1_76' title="bbox 2087 1640 2925 1711">
    <p class='ocr_par' dir='ltr' id='par_1_76' title="bbox 2087 1640 2925 1711">
     <span class='ocr_line' id='line_1_76' title="bbox 2087 1640 2925 1711; baseline 0 -16"><span class='ocrx_word' id='word_1_584' title='bbox 2087 1640 2457 1711; x_wconf 66' lang='lat' dir='ltr'><strong>providentiae,</strong></span> <span class='ocrx_word' id='word_1_585' title='bbox 2480 1649 2536 1697; x_wconf 92' lang='lat' dir='ltr'><strong>et</strong></span> <span class='ocrx_word' id='word_1_586' title='bbox 2563 1641 2925 1711; x_wconf 87' lang='lat' dir='ltr'><strong>benignitatis.</strong></span> 
     </span>
    </p>
   </div>
   <div class='ocr_carea' id='block_1_77' title="bbox 2159 1729 3667 1799">
    <p class='ocr_par' dir='ltr' id='par_1_77' title="bbox 2159 1729 3667 1799">
     <span class='ocr_line' id='line_1_77' title="bbox 2159 1729 3667 1799; baseline 0 -12"><span class='ocrx_word' id='word_1_587' title='bbox 2159 1730 2485 1799; x_wconf 79' lang='lat' dir='ltr'><strong>Sacriﬁcium</strong></span> <span class='ocrx_word' id='word_1_588' title='bbox 2524 1732 2801 1785; x_wconf 71' lang='lat' dir='ltr'><strong>niaximum</strong></span> <span class='ocrx_word' id='word_1_589' title='bbox 2848 1729 2947 1787; x_wconf 87' lang='lat' dir='ltr'><strong>Dei</strong></span> <span class='ocrx_word' id='word_1_590' title='bbox 2989 1731 3343 1787; x_wconf 75' lang='lat' dir='ltr'><strong>beneficiorum</strong></span> <span class='ocrx_word' id='word_1_591' title='bbox 3394 1735 3667 1787; x_wconf 77' lang='lat' dir='ltr'><strong>recordari.</strong></span> 
     </span>
    </p>
   </div>
   <div class='ocr_carea' id='block_1_78' title="bbox 2084 1823 3670 1896">
    <p class='ocr_par' dir='ltr' id='par_1_78' title="bbox 2084 1823 3670 1896">
     <span class='ocr_line' id='line_1_78' title="bbox 2084 1823 3670 1896; baseline -0.001 -19"><span class='ocrx_word' id='word_1_592' title='bbox 2084 1851 2156 1865; x_wconf 90' lang='lat'><strong>--</strong></span> <span class='ocrx_word' id='word_1_593' title='bbox 2199 1824 2458 1893; x_wconf 87' lang='lat' dir='ltr'><strong>Quocirca</strong></span> <span class='ocrx_word' id='word_1_594' title='bbox 2511 1838 2612 1896; x_wconf 90' lang='lat' dir='ltr'><strong>pro</strong></span> <span class='ocrx_word' id='word_1_595' title='bbox 2657 1824 2741 1881; x_wconf 88' lang='lat' dir='ltr'><strong>bis</strong></span> <span class='ocrx_word' id='word_1_596' title='bbox 2792 1823 3040 1880; x_wconf 87' lang='lat' dir='ltr'><strong>omnibus</strong></span> <span class='ocrx_word' id='word_1_597' title='bbox 3081 1826 3280 1895; x_wconf 85' lang='lat' dir='ltr'><strong>gratias</strong></span> <span class='ocrx_word' id='word_1_598' title='bbox 3333 1825 3385 1880; x_wconf 93' lang='lat' dir='ltr'><strong>ei</strong></span> <span class='ocrx_word' id='word_1_599' title='bbox 3436 1840 3670 1880; x_wconf 82' lang='lat' dir='ltr'><strong>suounas</strong></span> 
     </span>
    </p>
   </div>
   <div class='ocr_carea' id='block_1_79' title="bbox 2084 1915 3666 1989">
    <p class='ocr_par' dir='ltr' id='par_1_79' title="bbox 2084 1915 3666 1989">
     <span class='ocr_line' id='line_1_79' title="bbox 2084 1915 3666 1989; baseline -0.001 -19"><span class='ocrx_word' id='word_1_600' title='bbox 2084 1930 2345 1986; x_wconf 86' lang='lat' dir='ltr'><strong>agamus,</strong></span> <span class='ocrx_word' id='word_1_601' title='bbox 2394 1915 2486 1987; x_wconf 89' lang='lat' dir='ltr'><strong>qui</strong></span> <span class='ocrx_word' id='word_1_602' title='bbox 2538 1924 2682 1971; x_wconf 90' lang='lat' dir='ltr'><strong>tanta</strong></span> <span class='ocrx_word' id='word_1_603' title='bbox 2724 1916 2865 1989; x_wconf 87' lang='lat' dir='ltr'><strong>apud</strong></span> <span class='ocrx_word' id='word_1_604' title='bbox 2904 1931 3005 1972; x_wconf 85' lang='lat' dir='ltr'><strong>nos</strong></span> <span class='ocrx_word' id='word_1_605' title='bbox 3050 1915 3305 1972; x_wconf 80' lang='lat' dir='ltr'><strong>beneﬁcia</strong></span> <span class='ocrx_word' id='word_1_606' title='bbox 3368 1918 3666 1973; x_wconf 81' lang='lat' dir='ltr'><strong>collocavit.</strong></span> 
     </span>
    </p>
   </div>
   <div class='ocr_carea' id='block_1_80' title="bbox 2084 2006 3671 2078">
    <p class='ocr_par' dir='ltr' id='par_1_80' title="bbox 2084 2006 3671 2078">
     <span class='ocr_line' id='line_1_80' title="bbox 2084 2006 3671 2078; baseline -0.001 -16"><span class='ocrx_word' id='word_1_607' title='bbox 2084 2006 2267 2077; x_wconf 85' lang='lat' dir='ltr'><strong>Neque</strong></span> <span class='ocrx_word' id='word_1_608' title='bbox 2313 2007 2456 2062; x_wconf 91' lang='lat' dir='ltr'><strong>enim</strong></span> <span class='ocrx_word' id='word_1_609' title='bbox 2518 2022 2680 2078; x_wconf 89' lang='lat' dir='ltr'><strong>grave</strong></span> <span class='ocrx_word' id='word_1_610' title='bbox 2743 2006 2943 2078; x_wconf 88' lang='lat' dir='ltr'><strong>aliquid</strong></span> <span class='ocrx_word' id='word_1_611' title='bbox 2990 2015 3047 2063; x_wconf 89' lang='lat' dir='ltr'><strong>et</strong></span> <span class='ocrx_word' id='word_1_612' title='bbox 3095 2021 3382 2063; x_wconf 90' lang='lat' dir='ltr'><strong>onerosum</strong></span> <span class='ocrx_word' id='word_1_613' title='bbox 3432 2023 3463 2061; x_wconf 86' lang='lat' dir='ltr'><strong>a</strong></span> <span class='ocrx_word' id='word_1_614' title='bbox 3520 2009 3671 2062; x_wconf 85' lang='lat' dir='ltr'><strong>nobis</strong></span> 
     </span>
    </p>
   </div>
   <div class='ocr_carea' id='block_1_81' title="bbox 2086 2096 3670 2168">
    <p class='ocr_par' dir='ltr' id='par_1_81' title="bbox 2086 2096 3670 2168">
     <span class='ocr_line' id='line_1_81' title="bbox 2086 2096 3670 2168; baseline -0.002 -15"><span class='ocrx_word' id='word_1_615' title='bbox 2086 2097 2309 2168; x_wconf 89' lang='lat' dir='ltr'><strong>requirit</strong></span> <span class='ocrx_word' id='word_1_616' title='bbox 2342 2115 2358 2154; x_wconf 89' lang='lat'><strong>:</strong></span> <span class='ocrx_word' id='word_1_617' title='bbox 2399 2096 2495 2154; x_wconf 89' lang='lat' dir='ltr'><strong>sed</strong></span> <span class='ocrx_word' id='word_1_618' title='bbox 2536 2098 2711 2154; x_wconf 89' lang='lat' dir='ltr'><strong>solum</strong></span> <span class='ocrx_word' id='word_1_619' title='bbox 2750 2108 2809 2153; x_wconf 89' lang='lat' dir='ltr'><strong>ut</strong></span> <span class='ocrx_word' id='word_1_620' title='bbox 2852 2107 3108 2154; x_wconf 89' lang='lat' dir='ltr'><strong>testemur</strong></span> <span class='ocrx_word' id='word_1_621' title='bbox 3145 2107 3201 2154; x_wconf 92' lang='lat' dir='ltr'><strong>et</strong></span> <span class='ocrx_word' id='word_1_622' title='bbox 3236 2099 3496 2154; x_wconf 86' lang='lat' dir='ltr'><strong>fateamur</strong></span> <span class='ocrx_word' id='word_1_623' title='bbox 3531 2108 3670 2152; x_wconf 78' lang='lat' dir='ltr'><strong>tanta</strong></span> 
     </span>
    </p>
   </div>
   <div class='ocr_carea' id='block_1_82' title="bbox 2085 2188 3671 2261">
    <p class='ocr_par' dir='ltr' id='par_1_82' title="bbox 2085 2188 3671 2261">
     <span class='ocr_line' id='line_1_82' title="bbox 2085 2188 3671 2261; baseline 0.002 -19"><span class='ocrx_word' id='word_1_624' title='bbox 2085 2188 2365 2254; x_wconf 87' lang='lat' dir='ltr'><strong>beneficia,</strong></span> <span class='ocrx_word' id='word_1_625' title='bbox 2414 2198 2469 2244; x_wconf 92' lang='lat' dir='ltr'><strong>et</strong></span> <span class='ocrx_word' id='word_1_626' title='bbox 2493 2204 2592 2260; x_wconf 92' lang='lat' dir='ltr'><strong>pro</strong></span> <span class='ocrx_word' id='word_1_627' title='bbox 2634 2189 2718 2244; x_wconf 89' lang='lat' dir='ltr'><strong>his</strong></span> <span class='ocrx_word' id='word_1_628' title='bbox 2760 2190 2957 2261; x_wconf 88' lang='lat' dir='ltr'><strong>gratias</strong></span> <span class='ocrx_word' id='word_1_629' title='bbox 3008 2189 3347 2245; x_wconf 88' lang='lat' dir='ltr'><strong>referamus:</strong></span> <span class='ocrx_word' id='word_1_630' title='bbox 3378 2206 3487 2244; x_wconf 92' lang='lat' dir='ltr'><strong>non</strong></span> <span class='ocrx_word' id='word_1_631' title='bbox 3533 2192 3671 2260; x_wconf 84' lang='lat' dir='ltr'><strong>quod</strong></span> 
     </span>
    </p>
   </div>
   <div class='ocr_carea' id='block_1_83' title="bbox 2087 2278 3669 2351">
    <p class='ocr_par' dir='ltr' id='par_1_83' title="bbox 2087 2278 3669 2351">
     <span class='ocr_line' id='line_1_83' title="bbox 2087 2278 3669 2351; baseline -0.001 -18"><span class='ocrx_word' id='word_1_632' title='bbox 2087 2278 2200 2349; x_wconf 86' lang='lat' dir='ltr'><strong>ipse</strong></span> <span class='ocrx_word' id='word_1_633' title='bbox 2223 2279 2308 2334; x_wconf 90' lang='lat' dir='ltr'><strong>his</strong></span> <span class='ocrx_word' id='word_1_634' title='bbox 2330 2288 2502 2350; x_wconf 88' lang='lat' dir='ltr'><strong>egeat,</strong></span> <span class='ocrx_word' id='word_1_635' title='bbox 2528 2280 2619 2351; x_wconf 92' lang='lat' dir='ltr'><strong>qui</strong></span> <span class='ocrx_word' id='word_1_636' title='bbox 2650 2280 2793 2336; x_wconf 91' lang='lat' dir='ltr'><strong>nulla</strong></span> <span class='ocrx_word' id='word_1_637' title='bbox 2824 2295 2884 2337; x_wconf 93' lang='lat' dir='ltr'><strong>re</strong></span> <span class='ocrx_word' id='word_1_638' title='bbox 2909 2280 3111 2350; x_wconf 90' lang='lat' dir='ltr'><strong>indiget</strong></span> <span class='ocrx_word' id='word_1_639' title='bbox 3132 2296 3147 2347; x_wconf 89' lang='lat'><strong>;</strong></span> <span class='ocrx_word' id='word_1_640' title='bbox 3167 2280 3258 2336; x_wconf 89' lang='lat' dir='ltr'><strong>sed</strong></span> <span class='ocrx_word' id='word_1_641' title='bbox 3284 2290 3340 2335; x_wconf 93' lang='lat' dir='ltr'><strong>ut</strong></span> <span class='ocrx_word' id='word_1_642' title='bbox 3361 2296 3459 2335; x_wconf 90' lang='lat' dir='ltr'><strong>nos</strong></span> <span class='ocrx_word' id='word_1_643' title='bbox 3498 2281 3669 2335; x_wconf 85' lang='lat' dir='ltr'><strong>disea-</strong></span> 
     </span>
    </p>
   </div>
   <div class='ocr_carea' id='block_1_84' title="bbox 2085 2371 3667 2438">
    <p class='ocr_par' dir='ltr' id='par_1_84' title="bbox 2085 2371 3667 2438">
     <span class='ocr_line' id='line_1_84' title="bbox 2085 2371 3667 2438; baseline 0.001 -14"><span class='ocrx_word' id='word_1_644' title='bbox 2085 2384 2206 2425; x_wconf 88' lang='lat' dir='ltr'><strong>mus</strong></span> <span class='ocrx_word' id='word_1_645' title='bbox 2229 2381 2504 2427; x_wconf 88' lang='lat' dir='ltr'><strong>auctorem</strong></span> <span class='ocrx_word' id='word_1_646' title='bbox 2534 2371 2798 2427; x_wconf 86' lang='lat' dir='ltr'><strong>bonorum</strong></span> <span class='ocrx_word' id='word_1_647' title='bbox 2828 2371 2984 2427; x_wconf 89' lang='lat' dir='ltr'><strong>nobis</strong></span> <span class='ocrx_word' id='word_1_648' title='bbox 3011 2371 3322 2438; x_wconf 88' lang='lat' dir='ltr'><strong>conciliare,</strong></span> <span class='ocrx_word' id='word_1_649' title='bbox 3365 2381 3419 2425; x_wconf 88' lang='lat' dir='ltr'><strong>et</strong></span> <span class='ocrx_word' id='word_1_650' title='bbox 3448 2388 3556 2425; x_wconf 90' lang='lat' dir='ltr'><strong>non</strong></span> <span class='ocrx_word' id='word_1_651' title='bbox 3586 2372 3667 2425; x_wconf 88' lang='lat' dir='ltr'><strong>in-</strong></span> 
     </span>
    </p>
   </div>
   <div class='ocr_carea' id='block_1_85' title="bbox 2086 2463 3663 2535">
    <p class='ocr_par' dir='ltr' id='par_1_85' title="bbox 2086 2463 3663 2535">
     <span class='ocr_line' id='line_1_85' title="bbox 2086 2463 3663 2535; baseline 0.001 -18"><span class='ocrx_word' id='word_1_652' title='bbox 2086 2464 2221 2533; x_wconf 89' lang='lat' dir='ltr'><strong>grati</strong></span> <span class='ocrx_word' id='word_1_653' title='bbox 2245 2463 2432 2532; x_wconf 91' lang='lat' dir='ltr'><strong>simus,</strong></span> <span class='ocrx_word' id='word_1_654' title='bbox 2460 2465 2553 2520; x_wconf 92' lang='lat' dir='ltr'><strong>sed</strong></span> <span class='ocrx_word' id='word_1_655' title='bbox 2573 2465 2786 2535; x_wconf 88' lang='lat' dir='ltr'><strong>dignam</strong></span> <span class='ocrx_word' id='word_1_656' title='bbox 2814 2466 2976 2520; x_wconf 91' lang='lat' dir='ltr'><strong>tantis</strong></span> <span class='ocrx_word' id='word_1_657' title='bbox 2995 2464 3270 2529; x_wconf 80' lang='lat' dir='ltr'><strong>beneficiis</strong></span> <span class='ocrx_word' id='word_1_658' title='bbox 3300 2476 3357 2520; x_wconf 93' lang='lat' dir='ltr'><strong>et</strong></span> <span class='ocrx_word' id='word_1_659' title='bbox 3379 2466 3663 2535; x_wconf 75' lang='lat' dir='ltr'><strong>providen-</strong></span> 
     </span>
    </p>
   </div>
   <div class='ocr_carea' id='block_1_86' title="bbox 2086 2555 3665 2633">
    <p class='ocr_par' dir='ltr' id='par_1_86' title="bbox 2086 2555 3665 2633">
     <span class='ocr_line' id='line_1_86' title="bbox 2086 2555 3665 2633; baseline -0.002 -22"><span class='ocrx_word' id='word_1_660' title='bbox 2086 2558 2157 2633; x_wconf 86' lang='lat' dir='ltr'><strong>tia</strong></span> <span class='ocrx_word' id='word_1_661' title='bbox 2187 2557 2437 2612; x_wconf 91' lang='lat' dir='ltr'><strong>virtutem</strong></span> <span class='ocrx_word' id='word_1_662' title='bbox 2488 2556 2793 2613; x_wconf 75' lang='lat' dir='ltr'><strong>atleramus.</strong></span> <span class='ocrx_word' id='word_1_663' title='bbox 2823 2556 2957 2612; x_wconf 85' lang='lat' dir='ltr'><strong>Nam</strong></span> <span class='ocrx_word' id='word_1_664' title='bbox 2988 2556 3067 2612; x_wconf 90' lang='lat' dir='ltr'><strong>sic</strong></span> <span class='ocrx_word' id='word_1_665' title='bbox 3112 2558 3284 2626; x_wconf 89' lang='lat' dir='ltr'><strong>ipsum</strong></span> <span class='ocrx_word' id='word_1_666' title='bbox 3315 2556 3382 2611; x_wconf 86' lang='lat' dir='ltr'><strong>ad</strong></span> <span class='ocrx_word' id='word_1_667' title='bbox 3410 2555 3665 2625; x_wconf 76' lang='lat' dir='ltr'><strong>majorem</strong></span> 
     </span>
    </p>
   </div>
   <div class='ocr_carea' id='block_1_87' title="bbox 2085 2648 3666 2721">
    <p class='ocr_par' dir='ltr' id='par_1_87' title="bbox 2085 2648 3666 2721">
     <span class='ocr_line' id='line_1_87' title="bbox 2085 2648 3666 2721; baseline -0.002 -17"><span class='ocrx_word' id='word_1_668' title='bbox 2085 2650 2253 2705; x_wconf 83' lang='lat' dir='ltr'><strong>nostri</strong></span> <span class='ocrx_word' id='word_1_669' title='bbox 2294 2649 2704 2706; x_wconf 87' lang='lat' dir='ltr'><strong>sollicitudinem</strong></span> <span class='ocrx_word' id='word_1_670' title='bbox 2752 2648 3182 2721; x_wconf 89' lang='lat' dir='ltr'><strong>provocabimus.</strong></span> <span class='ocrx_word' id='word_1_671' title='bbox 3214 2648 3322 2703; x_wconf 90' lang='lat' dir='ltr'><strong>Oro</strong></span> <span class='ocrx_word' id='word_1_672' title='bbox 3371 2649 3550 2718; x_wconf 88' lang='lat' dir='ltr'><strong>igitur,</strong></span> <span class='ocrx_word' id='word_1_673' title='bbox 3604 2665 3666 2702; x_wconf 87' lang='lat' dir='ltr'><strong>ne</strong></span> 
     </span>
    </p>
   </div>
   <div class='ocr_carea' id='block_1_88' title="bbox 2084 2740 3667 2813">
    <p class='ocr_par' dir='ltr' id='par_1_88' title="bbox 2084 2740 3667 2813">
     <span class='ocr_line' id='line_1_88' title="bbox 2084 2740 3667 2813; baseline 0 -17"><span class='ocrx_word' id='word_1_674' title='bbox 2084 2740 2296 2796; x_wconf 84' lang='lat' dir='ltr'><strong>desides</strong></span> <span class='ocrx_word' id='word_1_675' title='bbox 2321 2741 2510 2808; x_wconf 89' lang='lat' dir='ltr'><strong>simus,</strong></span> <span class='ocrx_word' id='word_1_676' title='bbox 2557 2742 2653 2798; x_wconf 89' lang='lat' dir='ltr'><strong>sed</strong></span> <span class='ocrx_word' id='word_1_677' title='bbox 2683 2741 3047 2813; x_wconf 89' lang='lat' dir='ltr'><strong>unusquisque</strong></span> <span class='ocrx_word' id='word_1_678' title='bbox 3093 2756 3189 2812; x_wconf 93' lang='lat' dir='ltr'><strong>pro</strong></span> <span class='ocrx_word' id='word_1_679' title='bbox 3235 2740 3375 2796; x_wconf 90' lang='lat' dir='ltr'><strong>virili</strong></span> <span class='ocrx_word' id='word_1_680' title='bbox 3418 2752 3667 2811; x_wconf 79' lang='lat' dir='ltr'><strong>suppetet</strong></span> 
     </span>
    </p>
   </div>
   <div class='ocr_carea' id='block_1_89' title="bbox 2084 2832 3668 2904">
    <p class='ocr_par' dir='ltr' id='par_1_89' title="bbox 2084 2832 3668 2904">
     <span class='ocr_line' id='line_1_89' title="bbox 2084 2832 3668 2904; baseline 0 -17"><span class='ocrx_word' id='word_1_681' title='bbox 2084 2832 2225 2903; x_wconf 91' lang='lat' dir='ltr'><strong>apud</strong></span> <span class='ocrx_word' id='word_1_682' title='bbox 2252 2832 2313 2889; x_wconf 80' lang='lat' dir='ltr'><strong>se&#39;</strong></span> <span class='ocrx_word' id='word_1_683' title='bbox 2334 2834 2558 2904; x_wconf 85' lang='lat' dir='ltr'><strong>singulis</strong></span> <span class='ocrx_word' id='word_1_684' title='bbox 2596 2834 2760 2901; x_wconf 89' lang='lat' dir='ltr'><strong>horis,</strong></span> <span class='ocrx_word' id='word_1_685' title='bbox 2791 2849 2899 2889; x_wconf 91' lang='lat' dir='ltr'><strong>non</strong></span> <span class='ocrx_word' id='word_1_686' title='bbox 2940 2834 3113 2889; x_wconf 87' lang='lat' dir='ltr'><strong>solum</strong></span> <span class='ocrx_word' id='word_1_687' title='bbox 3137 2834 3440 2889; x_wconf 89' lang='lat' dir='ltr'><strong>communia</strong></span> <span class='ocrx_word' id='word_1_688' title='bbox 3465 2834 3668 2888; x_wconf 83' lang='lat' dir='ltr'><strong>benefi-</strong></span> 
     </span>
    </p>
   </div>
   <div class='ocr_carea' id='block_1_90' title="bbox 2084 2924 3665 2996">
    <p class='ocr_par' dir='ltr' id='par_1_90' title="bbox 2084 2924 3665 2996">
     <span class='ocr_line' id='line_1_90' title="bbox 2084 2924 3665 2996; baseline 0 -16"><span class='ocrx_word' id='word_1_689' title='bbox 2084 2925 2187 2991; x_wconf 90' lang='lat' dir='ltr'><strong>cia,</strong></span> <span class='ocrx_word' id='word_1_690' title='bbox 2218 2924 2313 2980; x_wconf 87' lang='lat' dir='ltr'><strong>sed</strong></span> <span class='ocrx_word' id='word_1_691' title='bbox 2335 2933 2390 2980; x_wconf 88' lang='lat' dir='ltr'><strong>et</strong></span> <span class='ocrx_word' id='word_1_692' title='bbox 2415 2925 2616 2996; x_wconf 89' lang='lat' dir='ltr'><strong>privata</strong></span> <span class='ocrx_word' id='word_1_693' title='bbox 2642 2926 2696 2980; x_wconf 92' lang='lat' dir='ltr'><strong>in</strong></span> <span class='ocrx_word' id='word_1_694' title='bbox 2721 2940 2779 2981; x_wconf 88' lang='lat' dir='ltr'><strong>se</strong></span> <span class='ocrx_word' id='word_1_695' title='bbox 2807 2925 3002 2980; x_wconf 89' lang='lat' dir='ltr'><strong>collata</strong></span> <span class='ocrx_word' id='word_1_696' title='bbox 3036 2943 3049 2979; x_wconf 92' lang='lat'><strong>:</strong></span> <span class='ocrx_word' id='word_1_697' title='bbox 3087 2940 3192 2979; x_wconf 91' lang='lat' dir='ltr'><strong>non</strong></span> <span class='ocrx_word' id='word_1_698' title='bbox 3218 2940 3280 2980; x_wconf 88' lang='lat' dir='ltr'><strong>ea</strong></span> <span class='ocrx_word' id='word_1_699' title='bbox 3310 2934 3515 2979; x_wconf 89' lang='lat' dir='ltr'><strong>tantum</strong></span> <span class='ocrx_word' id='word_1_700' title='bbox 3551 2942 3665 2995; x_wconf 79' lang='lat' dir='ltr'><strong>qua:</strong></span> 
     </span>
    </p>
   </div>
   <div class='ocr_carea' id='block_1_91' title="bbox 2083 3014 3664 3089">
    <p class='ocr_par' dir='ltr' id='par_1_91' title="bbox 2083 3014 3664 3089">
     <span class='ocr_line' id='line_1_91' title="bbox 2083 3014 3664 3089; baseline -0.001 -16"><span class='ocrx_word' id='word_1_701' title='bbox 2083 3032 2271 3073; x_wconf 86' lang='lat' dir='ltr'><strong>omnes</strong></span> <span class='ocrx_word' id='word_1_702' title='bbox 2296 3018 2547 3084; x_wconf 89' lang='lat' dir='ltr'><strong>fatentur,</strong></span> <span class='ocrx_word' id='word_1_703' title='bbox 2575 3027 2631 3074; x_wconf 90' lang='lat' dir='ltr'><strong>et</strong></span> <span class='ocrx_word' id='word_1_704' title='bbox 2669 3033 2788 3089; x_wconf 67' lang='lat' dir='ltr'><strong>quae</strong></span> <span class='ocrx_word' id='word_1_705' title='bbox 2814 3017 3063 3073; x_wconf 89' lang='lat' dir='ltr'><strong>omnibus</strong></span> <span class='ocrx_word' id='word_1_706' title='bbox 3090 3014 3365 3072; x_wconf 86' lang='lat' dir='ltr'><strong>manifesta</strong></span> <span class='ocrx_word' id='word_1_707' title='bbox 3396 3027 3543 3082; x_wconf 84' lang='lat' dir='ltr'><strong>sunt,</strong></span> <span class='ocrx_word' id='word_1_708' title='bbox 3574 3018 3664 3073; x_wconf 85' lang='lat' dir='ltr'><strong>sed</strong></span> 
     </span>
    </p>
   </div>
   <div class='ocr_carea' id='block_1_92' title="bbox 2083 3108 3667 3179">
    <p class='ocr_par' dir='ltr' id='par_1_92' title="bbox 2083 3108 3667 3179">
     <span class='ocr_line' id='line_1_92' title="bbox 2083 3108 3667 3179; baseline 0 -16"><span class='ocrx_word' id='word_1_709' title='bbox 2083 3117 2139 3163; x_wconf 91' lang='lat' dir='ltr'><strong>ct</strong></span> <span class='ocrx_word' id='word_1_710' title='bbox 2164 3110 2396 3178; x_wconf 87' lang='lat' dir='ltr'><strong>propria,</strong></span> <span class='ocrx_word' id='word_1_711' title='bbox 2428 3123 2491 3165; x_wconf 90' lang='lat' dir='ltr'><strong>ac</strong></span> <span class='ocrx_word' id='word_1_712' title='bbox 2531 3109 2813 3179; x_wconf 91' lang='lat' dir='ltr'><strong>plerosque</strong></span> <span class='ocrx_word' id='word_1_713' title='bbox 2837 3108 3053 3164; x_wconf 88' lang='lat' dir='ltr'><strong>latentia</strong></span> <span class='ocrx_word' id='word_1_714' title='bbox 3083 3126 3098 3164; x_wconf 88' lang='lat'><strong>:</strong></span> <span class='ocrx_word' id='word_1_715' title='bbox 3128 3108 3205 3164; x_wconf 89' lang='lat' dir='ltr'><strong>sic</strong></span> <span class='ocrx_word' id='word_1_716' title='bbox 3231 3108 3370 3163; x_wconf 90' lang='lat' dir='ltr'><strong>enim</strong></span> <span class='ocrx_word' id='word_1_717' title='bbox 3406 3109 3472 3163; x_wconf 91' lang='lat' dir='ltr'><strong>ad</strong></span> <span class='ocrx_word' id='word_1_718' title='bbox 3497 3111 3667 3164; x_wconf 80' lang='lat' dir='ltr'><strong>conti-</strong></span> 
     </span>
    </p>
   </div>
   <div class='ocr_carea' id='block_1_93' title="bbox 2083 3198 3661 3269">
    <p class='ocr_par' dir='ltr' id='par_1_93' title="bbox 2083 3198 3661 3269">
     <span class='ocr_line' id='line_1_93' title="bbox 2083 3198 3661 3269; baseline -0.001 -15"><span class='ocrx_word' id='word_1_719' title='bbox 2083 3216 2243 3255; x_wconf 89' lang='lat' dir='ltr'><strong>nuam</strong></span> <span class='ocrx_word' id='word_1_720' title='bbox 2271 3200 2559 3269; x_wconf 89' lang='lat' dir='ltr'><strong>gratiarum</strong></span> <span class='ocrx_word' id='word_1_721' title='bbox 2589 3201 2853 3256; x_wconf 89' lang='lat' dir='ltr'><strong>actionem</strong></span> <span class='ocrx_word' id='word_1_722' title='bbox 2885 3199 3110 3255; x_wconf 91' lang='lat' dir='ltr'><strong>Domino</strong></span> <span class='ocrx_word' id='word_1_723' title='bbox 3147 3198 3486 3254; x_wconf 80' lang='lat' dir='ltr'><strong>referendam</strong></span> <span class='ocrx_word' id='word_1_724' title='bbox 3529 3200 3661 3253; x_wconf 89' lang='lat' dir='ltr'><strong>inci-</strong></span> 
     </span>
    </p>
   </div>
   <div class='ocr_carea' id='block_1_94' title="bbox 2086 3290 3664 3360">
    <p class='ocr_par' dir='ltr' id='par_1_94' title="bbox 2086 3290 3664 3360">
     <span class='ocr_line' id='line_1_94' title="bbox 2086 3290 3664 3360; baseline -0.003 -13"><span class='ocrx_word' id='word_1_725' title='bbox 2086 3293 2300 3347; x_wconf 90' lang='lat' dir='ltr'><strong>tabitur.</strong></span> <span class='ocrx_word' id='word_1_726' title='bbox 2334 3292 2448 3348; x_wconf 90' lang='lat' dir='ltr'><strong>lloc</strong></span> <span class='ocrx_word' id='word_1_727' title='bbox 2467 3293 2753 3347; x_wconf 80' lang='lat' dir='ltr'><strong>maximum</strong></span> <span class='ocrx_word' id='word_1_728' title='bbox 2777 3291 3118 3359; x_wconf 85' lang='lat' dir='ltr'><strong>sacrificium,</strong></span> <span class='ocrx_word' id='word_1_729' title='bbox 3168 3290 3284 3346; x_wconf 69' lang='lat' dir='ltr'><strong>haec</strong></span> <span class='ocrx_word' id='word_1_730' title='bbox 3315 3290 3553 3360; x_wconf 83' lang='lat' dir='ltr'><strong>perfecta</strong></span> <span class='ocrx_word' id='word_1_731' title='bbox 3581 3293 3664 3346; x_wconf 68' lang='lat' dir='ltr'><strong>ob</strong></span> 
     </span>
    </p>
   </div>
   <div class='ocr_carea' id='block_1_95' title="bbox 2084 3386 3663 3457">
    <p class='ocr_par' dir='ltr' id='par_1_95' title="bbox 2084 3386 3663 3457">
     <span class='ocr_line' id='line_1_95' title="bbox 2084 3386 3663 3457; baseline -0.001 -16"><span class='ocrx_word' id='word_1_732' title='bbox 2084 3386 2212 3441; x_wconf 88' lang='lat' dir='ltr'><strong>latio</strong></span> <span class='ocrx_word' id='word_1_733' title='bbox 2236 3395 2339 3452; x_wconf 82' lang='lat' dir='ltr'><strong>est,</strong></span> <span class='ocrx_word' id='word_1_734' title='bbox 2368 3386 2469 3441; x_wconf 90' lang='lat' dir='ltr'><strong>hoc</strong></span> <span class='ocrx_word' id='word_1_735' title='bbox 2496 3386 2709 3442; x_wconf 68' lang='lat' dir='ltr'><strong>fiducia:</strong></span> <span class='ocrx_word' id='word_1_736' title='bbox 2729 3402 2855 3457; x_wconf 89' lang='lat' dir='ltr'><strong>erga</strong></span> <span class='ocrx_word' id='word_1_737' title='bbox 2880 3388 3047 3441; x_wconf 90' lang='lat' dir='ltr'><strong>Deum</strong></span> <span class='ocrx_word' id='word_1_738' title='bbox 3073 3393 3271 3441; x_wconf 74' lang='lat' dir='ltr'><strong>nostra:</strong></span> <span class='ocrx_word' id='word_1_739' title='bbox 3290 3396 3663 3457; x_wconf 88' lang='lat' dir='ltr'><strong>argumentum</strong></span> 
     </span>
    </p>
   </div>
   <div class='ocr_carea' id='block_1_96' title="bbox 2081 3475 3663 3547">
    <p class='ocr_par' dir='ltr' id='par_1_96' title="bbox 2081 3475 3663 3547">
     <span class='ocr_line' id='line_1_96' title="bbox 2081 3475 3663 3547; baseline 0.001 -16"><span class='ocrx_word' id='word_1_740' title='bbox 2081 3484 2138 3531; x_wconf 89' lang='lat' dir='ltr'><strong>et</strong></span> <span class='ocrx_word' id='word_1_741' title='bbox 2162 3490 2320 3531; x_wconf 90' lang='lat' dir='ltr'><strong>causa</strong></span> <span class='ocrx_word' id='word_1_742' title='bbox 2349 3486 2464 3531; x_wconf 89' lang='lat' dir='ltr'><strong>cst:</strong></span> <span class='ocrx_word' id='word_1_743' title='bbox 2493 3487 2547 3532; x_wconf 91' lang='lat' dir='ltr'><strong>et</strong></span> <span class='ocrx_word' id='word_1_744' title='bbox 2569 3476 2860 3547; x_wconf 88' lang='lat' dir='ltr'><strong>quomodo,</strong></span> <span class='ocrx_word' id='word_1_745' title='bbox 2890 3492 2992 3547; x_wconf 89' lang='lat' dir='ltr'><strong>ego</strong></span> <span class='ocrx_word' id='word_1_746' title='bbox 3018 3477 3212 3532; x_wconf 92' lang='lat' dir='ltr'><strong>dicam.</strong></span> <span class='ocrx_word' id='word_1_747' title='bbox 3243 3475 3347 3543; x_wconf 90' lang='lat' dir='ltr'><strong>Qui</strong></span> <span class='ocrx_word' id='word_1_748' title='bbox 3371 3477 3516 3532; x_wconf 88' lang='lat' dir='ltr'><strong>enim</strong></span> <span class='ocrx_word' id='word_1_749' title='bbox 3550 3476 3663 3532; x_wconf 72' lang='lat' dir='ltr'><strong>hmc</strong></span> 
     </span>
    </p>
   </div>
   <div class='ocr_carea' id='block_1_97' title="bbox 2080 3568 3662 3633">
    <p class='ocr_par' dir='ltr' id='par_1_97' title="bbox 2080 3568 3662 3633">
     <span class='ocr_line' id='line_1_97' title="bbox 2080 3568 3662 3633; baseline -0.002 -9"><span class='ocrx_word' id='word_1_750' title='bbox 2080 3568 2334 3624; x_wconf 90' lang='lat' dir='ltr'><strong>continuo</strong></span> <span class='ocrx_word' id='word_1_751' title='bbox 2380 3568 2435 3623; x_wconf 91' lang='lat' dir='ltr'><strong>in</strong></span> <span class='ocrx_word' id='word_1_752' title='bbox 2480 3577 2659 3623; x_wconf 89' lang='lat' dir='ltr'><strong>mente</strong></span> <span class='ocrx_word' id='word_1_753' title='bbox 2700 3583 2795 3625; x_wconf 90' lang='lat' dir='ltr'><strong>sua</strong></span> <span class='ocrx_word' id='word_1_754' title='bbox 2842 3576 3037 3633; x_wconf 90' lang='lat' dir='ltr'><strong>versat,</strong></span> <span class='ocrx_word' id='word_1_755' title='bbox 3068 3576 3122 3624; x_wconf 89' lang='lat' dir='ltr'><strong>et</strong></span> <span class='ocrx_word' id='word_1_756' title='bbox 3150 3582 3298 3622; x_wconf 87' lang='lat' dir='ltr'><strong>suam</strong></span> <span class='ocrx_word' id='word_1_757' title='bbox 3352 3568 3662 3623; x_wconf 84' lang='lat' dir='ltr'><strong>tenuitatem</strong></span> 
     </span>
    </p>
   </div>
   <div class='ocr_carea' id='block_1_98' title="bbox 2080 3660 3661 3730">
    <p class='ocr_par' dir='ltr' id='par_1_98' title="bbox 2080 3660 3661 3730">
     <span class='ocr_line' id='line_1_98' title="bbox 2080 3660 3661 3730; baseline -0.001 -14"><span class='ocrx_word' id='word_1_758' title='bbox 2080 3670 2329 3717; x_wconf 90' lang='lat' dir='ltr'><strong>accurate</strong></span> <span class='ocrx_word' id='word_1_759' title='bbox 2358 3661 2525 3726; x_wconf 89' lang='lat' dir='ltr'><strong>novit,</strong></span> <span class='ocrx_word' id='word_1_760' title='bbox 2580 3671 2634 3717; x_wconf 92' lang='lat' dir='ltr'><strong>et</strong></span> <span class='ocrx_word' id='word_1_761' title='bbox 2662 3661 2989 3717; x_wconf 89' lang='lat' dir='ltr'><strong>eminentem</strong></span> <span class='ocrx_word' id='word_1_762' title='bbox 3020 3661 3251 3716; x_wconf 82' lang='lat' dir='ltr'><strong>divinam</strong></span> <span class='ocrx_word' id='word_1_763' title='bbox 3281 3660 3661 3730; x_wconf 87' lang='lat' dir='ltr'><strong>benignitatem</strong></span> 
     </span>
    </p>
   </div>
   <div class='ocr_carea' id='block_1_99' title="bbox 2079 3750 3664 3822">
    <p class='ocr_par' dir='ltr' id='par_1_99' title="bbox 2079 3750 3664 3822">
     <span class='ocr_line' id='line_1_99' title="bbox 2079 3750 3664 3822; baseline -0.001 -14"><span class='ocrx_word' id='word_1_764' title='bbox 2079 3753 2309 3822; x_wconf 75' lang='lat' dir='ltr'><strong>Cogitat;</strong></span> <span class='ocrx_word' id='word_1_765' title='bbox 2333 3751 2600 3821; x_wconf 90' lang='lat' dir='ltr'><strong>quomodo</strong></span> <span class='ocrx_word' id='word_1_766' title='bbox 2626 3766 2817 3821; x_wconf 87' lang='lat' dir='ltr'><strong>nempe</strong></span> <span class='ocrx_word' id='word_1_767' title='bbox 2838 3766 2943 3807; x_wconf 93' lang='lat' dir='ltr'><strong>non</strong></span> <span class='ocrx_word' id='word_1_768' title='bbox 2965 3750 3245 3806; x_wconf 87' lang='lat' dir='ltr'><strong>attendens</strong></span> <span class='ocrx_word' id='word_1_769' title='bbox 3269 3750 3396 3820; x_wconf 89' lang='lat' dir='ltr'><strong>quid</strong></span> <span class='ocrx_word' id='word_1_770' title='bbox 3420 3766 3664 3807; x_wconf 81' lang='lat' dir='ltr'><strong>merean-</strong></span> 
     </span>
    </p>
   </div>
   <div class='ocr_carea' id='block_1_100' title="bbox 2080 3842 3661 3914">
    <p class='ocr_par' dir='ltr' id='par_1_100' title="bbox 2080 3842 3661 3914">
     <span class='ocr_line' id='line_1_100' title="bbox 2080 3842 3661 3914; baseline 0 -16"><span class='ocrx_word' id='word_1_771' title='bbox 2080 3852 2165 3898; x_wconf 90' lang='lat' dir='ltr'><strong>tur</strong></span> <span class='ocrx_word' id='word_1_772' title='bbox 2195 3853 2407 3913; x_wconf 81' lang='lat' dir='ltr'><strong>peccata</strong></span> <span class='ocrx_word' id='word_1_773' title='bbox 2438 3853 2641 3908; x_wconf 89' lang='lat' dir='ltr'><strong>nostra,</strong></span> <span class='ocrx_word' id='word_1_774' title='bbox 2674 3844 2769 3899; x_wconf 90' lang='lat' dir='ltr'><strong>sed</strong></span> <span class='ocrx_word' id='word_1_775' title='bbox 2789 3843 2915 3914; x_wconf 88' lang='lat' dir='ltr'><strong>quid</strong></span> <span class='ocrx_word' id='word_1_776' title='bbox 2942 3859 3037 3898; x_wconf 90' lang='lat' dir='ltr'><strong>sua</strong></span> <span class='ocrx_word' id='word_1_777' title='bbox 3066 3842 3275 3898; x_wconf 89' lang='lat' dir='ltr'><strong>bonitas</strong></span> <span class='ocrx_word' id='word_1_778' title='bbox 3303 3843 3563 3913; x_wconf 84' lang='lat' dir='ltr'><strong>postulet,</strong></span> <span class='ocrx_word' id='word_1_779' title='bbox 3593 3844 3661 3898; x_wconf 84' lang='lat' dir='ltr'><strong>ita</strong></span> 
     </span>
    </p>
   </div>
   <div class='ocr_carea' id='block_1_101' title="bbox 2077 3935 3656 4005">
    <p class='ocr_par' dir='ltr' id='par_1_101' title="bbox 2077 3935 3656 4005">
     <span class='ocr_line' id='line_1_101' title="bbox 2077 3935 3656 4005; baseline -0.003 -12"><span class='ocrx_word' id='word_1_780' title='bbox 2077 3951 2165 3993; x_wconf 89' lang='lat' dir='ltr'><strong>res</strong></span> <span class='ocrx_word' id='word_1_781' title='bbox 2197 3946 2409 3991; x_wconf 89' lang='lat' dir='ltr'><strong>nostras</strong></span> <span class='ocrx_word' id='word_1_782' title='bbox 2428 3935 2737 4005; x_wconf 88' lang='lat' dir='ltr'><strong>dispenset:</strong></span> <span class='ocrx_word' id='word_1_783' title='bbox 2769 3936 2813 3991; x_wconf 89' lang='lat' dir='ltr'><strong>is</strong></span> <span class='ocrx_word' id='word_1_784' title='bbox 2839 3936 3096 3991; x_wconf 88' lang='lat' dir='ltr'><strong>nimirum</strong></span> <span class='ocrx_word' id='word_1_785' title='bbox 3123 3944 3356 3990; x_wconf 89' lang='lat' dir='ltr'><strong>mentem</strong></span> <span class='ocrx_word' id='word_1_786' title='bbox 3382 3935 3656 4005; x_wconf 86' lang='lat' dir='ltr'><strong>deprimit,</strong></span> 
     </span>
    </p>
   </div>
   <div class='ocr_carea' id='block_1_102' title="bbox 2074 4027 3659 4099">
    <p class='ocr_par' dir='ltr' id='par_1_102' title="bbox 2074 4027 3659 4099">
     <span class='ocr_line' id='line_1_102' title="bbox 2074 4027 3659 4099; baseline -0.001 -14"><span class='ocrx_word' id='word_1_787' title='bbox 2074 4044 2171 4085; x_wconf 85' lang='lat' dir='ltr'><strong>cor</strong></span> <span class='ocrx_word' id='word_1_788' title='bbox 2198 4029 2449 4095; x_wconf 86' lang='lat' dir='ltr'><strong>conterit,</strong></span> <span class='ocrx_word' id='word_1_789' title='bbox 2474 4044 2687 4084; x_wconf 89' lang='lat' dir='ltr'><strong>omnem</strong></span> <span class='ocrx_word' id='word_1_790' title='bbox 2718 4027 2912 4083; x_wconf 90' lang='lat' dir='ltr'><strong>fastum</strong></span> <span class='ocrx_word' id='word_1_791' title='bbox 2940 4036 2995 4083; x_wconf 89' lang='lat' dir='ltr'><strong>et</strong></span> <span class='ocrx_word' id='word_1_792' title='bbox 3016 4029 3373 4099; x_wconf 88' lang='lat' dir='ltr'><strong>arrogantiam</strong></span> <span class='ocrx_word' id='word_1_793' title='bbox 3405 4029 3659 4099; x_wconf 66' lang='lat' dir='ltr'><strong>castigat,</strong></span> 
     </span>
    </p>
   </div>
   <div class='ocr_carea' id='block_1_103' title="bbox 2075 4120 3663 4193">
    <p class='ocr_par' dir='ltr' id='par_1_103' title="bbox 2075 4120 3663 4193">
     <span class='ocr_line' id='line_1_103' title="bbox 2075 4120 3663 4193; baseline -0.002 -15"><span class='ocrx_word' id='word_1_794' title='bbox 2075 4122 2234 4178; x_wconf 85' lang='lat' dir='ltr'><strong>discit</strong></span> <span class='ocrx_word' id='word_1_795' title='bbox 2250 4121 2495 4177; x_wconf 90' lang='lat' dir='ltr'><strong>modeste</strong></span> <span class='ocrx_word' id='word_1_796' title='bbox 2511 4136 2690 4191; x_wconf 90' lang='lat' dir='ltr'><strong>agere,</strong></span> <span class='ocrx_word' id='word_1_797' title='bbox 2721 4130 3069 4177; x_wconf 87' lang='lat' dir='ltr'><strong>contemnere</strong></span> <span class='ocrx_word' id='word_1_798' title='bbox 3092 4120 3373 4191; x_wconf 61' lang='lat' dir='ltr'><strong>praesentis</strong></span> <span class='ocrx_word' id='word_1_799' title='bbox 3394 4122 3518 4176; x_wconf 75' lang='lat' dir='ltr'><strong>vita:</strong></span> <span class='ocrx_word' id='word_1_800' title='bbox 3539 4124 3663 4193; x_wconf 84' lang='lat' dir='ltr'><strong>glo-</strong></span> 
     </span>
    </p>
   </div>
   <div class='ocr_carea' id='block_1_104' title="bbox 2073 4210 3661 4282">
    <p class='ocr_par' dir='ltr' id='par_1_104' title="bbox 2073 4210 3661 4282">
     <span class='ocr_line' id='line_1_104' title="bbox 2073 4210 3661 4282; baseline -0.002 -13"><span class='ocrx_word' id='word_1_801' title='bbox 2073 4214 2230 4281; x_wconf 90' lang='lat' dir='ltr'><strong>riam,</strong></span> <span class='ocrx_word' id='word_1_802' title='bbox 2262 4214 2439 4271; x_wconf 84' lang='lat' dir='ltr'><strong>ridere</strong></span> <span class='ocrx_word' id='word_1_803' title='bbox 2481 4212 2705 4268; x_wconf 89' lang='lat' dir='ltr'><strong>visibilia</strong></span> <span class='ocrx_word' id='word_1_804' title='bbox 2744 4213 2946 4280; x_wconf 88' lang='lat' dir='ltr'><strong>omnia,</strong></span> <span class='ocrx_word' id='word_1_805' title='bbox 3000 4213 3236 4282; x_wconf 88' lang='lat' dir='ltr'><strong>cogitare</strong></span> <span class='ocrx_word' id='word_1_806' title='bbox 3290 4210 3471 4266; x_wconf 84' lang='lat' dir='ltr'><strong>futura</strong></span> <span class='ocrx_word' id='word_1_807' title='bbox 3521 4211 3661 4266; x_wconf 84' lang='lat' dir='ltr'><strong>bona</strong></span> 
     </span>
    </p>
   </div>
   <div class='ocr_carea' id='block_1_105' title="bbox 2073 4302 3662 4375">
    <p class='ocr_par' dir='ltr' id='par_1_105' title="bbox 2073 4302 3662 4375">
     <span class='ocr_line' id='line_1_105' title="bbox 2073 4302 3662 4375; baseline -0.002 -15"><span class='ocrx_word' id='word_1_808' title='bbox 2073 4306 2343 4375; x_wconf 87' lang='lat' dir='ltr'><strong>vitamque</strong></span> <span class='ocrx_word' id='word_1_809' title='bbox 2372 4304 2727 4360; x_wconf 88' lang='lat' dir='ltr'><strong>immortalem</strong></span> <span class='ocrx_word' id='word_1_810' title='bbox 2774 4317 2837 4359; x_wconf 87' lang='lat' dir='ltr'><strong>ac</strong></span> <span class='ocrx_word' id='word_1_811' title='bbox 2886 4318 3174 4373; x_wconf 82' lang='lat' dir='ltr'><strong>numquam</strong></span> <span class='ocrx_word' id='word_1_812' title='bbox 3217 4302 3529 4357; x_wconf 90' lang='lat' dir='ltr'><strong>finiendam.</strong></span> <span class='ocrx_word' id='word_1_813' title='bbox 3558 4303 3662 4368; x_wconf 90' lang='lat' dir='ltr'><strong>Qui</strong></span> 
     </span>
    </p>
   </div>
   <div class='ocr_carea' id='block_1_106' title="bbox 2073 4396 3664 4466">
    <p class='ocr_par' dir='ltr' id='par_1_106' title="bbox 2073 4396 3664 4466">
     <span class='ocr_line' id='line_1_106' title="bbox 2073 4396 3664 4466; baseline -0.001 -15"><span class='ocrx_word' id='word_1_814' title='bbox 2073 4405 2250 4453; x_wconf 90' lang='lat' dir='ltr'><strong>autem</strong></span> <span class='ocrx_word' id='word_1_815' title='bbox 2276 4397 2353 4452; x_wconf 91' lang='lat' dir='ltr'><strong>sic</strong></span> <span class='ocrx_word' id='word_1_816' title='bbox 2380 4396 2610 4451; x_wconf 86' lang='lat' dir='ltr'><strong>afficitur</strong></span> <span class='ocrx_word' id='word_1_817' title='bbox 2633 4396 2832 4461; x_wconf 91' lang='lat' dir='ltr'><strong>animo,</strong></span> <span class='ocrx_word' id='word_1_818' title='bbox 2858 4410 3044 4451; x_wconf 85' lang='lat' dir='ltr'><strong>verum</strong></span> <span class='ocrx_word' id='word_1_819' title='bbox 3066 4404 3120 4450; x_wconf 89' lang='lat' dir='ltr'><strong>et</strong></span> <span class='ocrx_word' id='word_1_820' title='bbox 3146 4404 3426 4466; x_wconf 90' lang='lat' dir='ltr'><strong>acceptum</strong></span> <span class='ocrx_word' id='word_1_821' title='bbox 3453 4396 3664 4451; x_wconf 79' lang='lat' dir='ltr'><strong>sacriﬁ-</strong></span> 
     </span>
    </p>
   </div>
   <div class='ocr_carea' id='block_1_107' title="bbox 2071 4485 3663 4558">
    <p class='ocr_par' dir='ltr' id='par_1_107' title="bbox 2071 4485 3663 4558">
     <span class='ocr_line' id='line_1_107' title="bbox 2071 4485 3663 4558; baseline -0.004 -13"><span class='ocrx_word' id='word_1_822' title='bbox 2071 4490 2213 4545; x_wconf 91' lang='lat' dir='ltr'><strong>cium</strong></span> <span class='ocrx_word' id='word_1_823' title='bbox 2243 4488 2354 4545; x_wconf 89' lang='lat' dir='ltr'><strong>Deo</strong></span> <span class='ocrx_word' id='word_1_824' title='bbox 2393 4488 2567 4555; x_wconf 83' lang='lat' dir='ltr'><strong>ofl&#39;crt,</strong></span> <span class='ocrx_word' id='word_1_825' title='bbox 2619 4489 2757 4543; x_wconf 90' lang='lat' dir='ltr'><strong>sicut</strong></span> <span class='ocrx_word' id='word_1_826' title='bbox 2799 4487 3058 4558; x_wconf 88' lang='lat' dir='ltr'><strong>propheta</strong></span> <span class='ocrx_word' id='word_1_827' title='bbox 3087 4485 3215 4542; x_wconf 90' lang='lat' dir='ltr'><strong>dicit</strong></span> <span class='ocrx_word' id='word_1_828' title='bbox 3264 4504 3278 4539; x_wconf 91' lang='lat'><strong>:</strong></span> <span class='ocrx_word' id='word_1_829' title='bbox 3328 4486 3663 4555; x_wconf 83' lang='lat' dir='ltr'><strong>Sacriﬁcium</strong></span> 
     </span>
    </p>
   </div>
   <div class='ocr_carea' id='block_1_108' title="bbox 2076 4578 3665 4651">
    <p class='ocr_par' dir='ltr' id='par_1_108' title="bbox 2076 4578 3665 4651">
     <span class='ocr_line' id='line_1_108' title="bbox 2076 4578 3665 4651; baseline -0.002 -18"><span class='ocrx_word' id='word_1_830' title='bbox 2076 4579 2179 4635; x_wconf 89' lang='lat' dir='ltr'><strong>Deo</strong></span> <span class='ocrx_word' id='word_1_831' title='bbox 2211 4580 2419 4651; x_wconf 81' lang='lat' dir='ltr'><strong>spiritus</strong></span> <span class='ocrx_word' id='word_1_832' title='bbox 2442 4579 2802 4632; x_wconf 81' lang='lat' dir='ltr'><strong>contribulatus</strong></span> <span class='ocrx_word' id='word_1_833' title='bbox 2823 4596 2843 4645; x_wconf 91' lang='lat'><strong><em>;</em></strong></span> <span class='ocrx_word' id='word_1_834' title='bbox 2865 4594 2953 4632; x_wconf 88' lang='lat' dir='ltr'><strong>cor</strong></span> <span class='ocrx_word' id='word_1_835' title='bbox 2971 4578 3241 4632; x_wconf 83' lang='lat' dir='ltr'><strong>contritum</strong></span> <span class='ocrx_word' id='word_1_836' title='bbox 3267 4589 3313 4631; x_wconf 80' lang='lat' dir='ltr'><strong>et</strong></span> <span class='ocrx_word' id='word_1_837' title='bbox 3338 4578 3665 4631; x_wconf 75' lang='lat' dir='ltr'><strong>Itumiliatum</strong></span> 
     </span>
    </p>
   </div>
   <div class='ocr_carea' id='block_1_109' title="bbox 2077 4668 3662 4742">
    <p class='ocr_par' dir='ltr' id='par_1_109' title="bbox 2077 4668 3662 4742">
     <span class='ocr_line' id='line_1_109' title="bbox 2077 4668 3662 4742; baseline -0.001 -16"><span class='ocrx_word' id='word_1_838' title='bbox 2077 4671 2213 4726; x_wconf 83' lang='lat' dir='ltr'><strong>Deus</strong></span> <span class='ocrx_word' id='word_1_839' title='bbox 2238 4688 2337 4739; x_wconf 81' lang='lat' dir='ltr'><strong>non</strong></span> <span class='ocrx_word' id='word_1_840' title='bbox 2365 4672 2599 4742; x_wconf 82' lang='lat' dir='ltr'><strong>despiciet</strong></span> <span class='ocrx_word' id='word_1_841' title='bbox 2632 4670 2801 4742; x_wconf 86' lang='lat' dir='ltr'><strong>(Psal.</strong></span> <span class='ocrx_word' id='word_1_842' title='bbox 2829 4669 2918 4727; x_wconf 85' lang='lat'><strong>50.</strong></span> <span class='ocrx_word' id='word_1_843' title='bbox 2952 4669 3071 4741; x_wconf 80' lang='grc'><strong>19).</strong></span> <span class='ocrx_word' id='word_1_844' title='bbox 3104 4668 3363 4725; x_wconf 85' lang='lat' dir='ltr'><strong>Cordatos</strong></span> <span class='ocrx_word' id='word_1_845' title='bbox 3407 4672 3556 4726; x_wconf 90' lang='lat' dir='ltr'><strong>enim</strong></span> <span class='ocrx_word' id='word_1_846' title='bbox 3582 4671 3662 4725; x_wconf 78' lang='lat' dir='ltr'><strong>fa-</strong></span> 
     </span>
    </p>
   </div>
   <div class='ocr_carea' id='block_1_110' title="bbox 2073 4762 3663 4832">
    <p class='ocr_par' dir='ltr' id='par_1_110' title="bbox 2073 4762 3663 4832">
     <span class='ocr_line' id='line_1_110' title="bbox 2073 4762 3663 4832; baseline 0 -15"><span class='ocrx_word' id='word_1_847' title='bbox 2073 4763 2248 4817; x_wconf 91' lang='lat' dir='ltr'><strong>mulos</strong></span> <span class='ocrx_word' id='word_1_848' title='bbox 2275 4778 2382 4817; x_wconf 89' lang='lat' dir='ltr'><strong>non</strong></span> <span class='ocrx_word' id='word_1_849' title='bbox 2411 4772 2517 4817; x_wconf 87' lang='lat' dir='ltr'><strong>tam</strong></span> <span class='ocrx_word' id='word_1_850' title='bbox 2549 4778 2720 4832; x_wconf 70' lang='lat' dir='ltr'><strong>pinna:</strong></span> <span class='ocrx_word' id='word_1_851' title='bbox 2745 4772 2799 4817; x_wconf 91' lang='lat' dir='ltr'><strong>et</strong></span> <span class='ocrx_word' id='word_1_852' title='bbox 2843 4762 3101 4831; x_wconf 90' lang='lat' dir='ltr'><strong>supplicia</strong></span> <span class='ocrx_word' id='word_1_853' title='bbox 3140 4762 3443 4827; x_wconf 86' lang='lat' dir='ltr'><strong>emendant,</strong></span> <span class='ocrx_word' id='word_1_854' title='bbox 3475 4772 3541 4816; x_wconf 92' lang='lat' dir='ltr'><strong>ut</strong></span> <span class='ocrx_word' id='word_1_855' title='bbox 3572 4763 3663 4817; x_wconf 88' lang='lat' dir='ltr'><strong>bc-</strong></span> 
     </span>
    </p>
   </div>
   <div class='ocr_carea' id='block_1_111' title="bbox 2070 4852 3660 4924">
    <p class='ocr_par' dir='ltr' id='par_1_111' title="bbox 2070 4852 3660 4924">
     <span class='ocr_line' id='line_1_111' title="bbox 2070 4852 3660 4924; baseline -0.001 -16"><span class='ocrx_word' id='word_1_856' title='bbox 2070 4854 2280 4922; x_wconf 87' lang='lat' dir='ltr'><strong>neficia,</strong></span> <span class='ocrx_word' id='word_1_857' title='bbox 2307 4864 2360 4909; x_wconf 91' lang='lat' dir='ltr'><strong>et</strong></span> <span class='ocrx_word' id='word_1_858' title='bbox 2385 4853 2528 4924; x_wconf 89' lang='lat' dir='ltr'><strong>quod</strong></span> <span class='ocrx_word' id='word_1_859' title='bbox 2554 4855 2798 4909; x_wconf 87' lang='lat' dir='ltr'><strong>noverint</strong></span> <span class='ocrx_word' id='word_1_860' title='bbox 2818 4868 2876 4910; x_wconf 90' lang='lat' dir='ltr'><strong>se</strong></span> <span class='ocrx_word' id='word_1_861' title='bbox 2893 4868 3001 4908; x_wconf 91' lang='lat' dir='ltr'><strong>non</strong></span> <span class='ocrx_word' id='word_1_862' title='bbox 3027 4852 3318 4909; x_wconf 88' lang='lat' dir='ltr'><strong>secundum</strong></span> <span class='ocrx_word' id='word_1_863' title='bbox 3339 4853 3660 4909; x_wconf 84' lang='lat' dir='ltr'><strong>delictorum</strong></span> 
     </span>
    </p>
   </div>
   <div class='ocr_carea' id='block_1_112' title="bbox 2069 4947 2695 5017">
    <p class='ocr_par' dir='ltr' id='par_1_112' title="bbox 2069 4947 2695 5017">
     <span class='ocr_line' id='line_1_112' title="bbox 2069 4947 2695 5017; baseline -0.006 -13"><span class='ocrx_word' id='word_1_864' title='bbox 2069 4948 2257 5004; x_wconf 88' lang='lat' dir='ltr'><strong>merita</strong></span> <span class='ocrx_word' id='word_1_865' title='bbox 2286 4962 2496 5017; x_wconf 61' lang='lat' dir='ltr'><strong>poenam</strong></span> <span class='ocrx_word' id='word_1_866' title='bbox 2529 4947 2695 5002; x_wconf 91' lang='lat' dir='ltr'><strong>luere.</strong></span> 
     </span>
    </p>
   </div>
   <div class='ocr_carea' id='block_1_113' title="bbox 2140 5036 3659 5109">
    <p class='ocr_par' dir='ltr' id='par_1_113' title="bbox 2140 5036 3659 5109">
     <span class='ocr_line' id='line_1_113' title="bbox 2140 5036 3659 5109; baseline -0.004 -14"><span class='ocrx_word' id='word_1_867' title='bbox 2140 5040 2193 5095; x_wconf 89' lang='lat'><strong>6.</strong></span> <span class='ocrx_word' id='word_1_868' title='bbox 2222 5039 2573 5094; x_wconf 90' lang='lat' dir='ltr'><strong>Conteramus</strong></span> <span class='ocrx_word' id='word_1_869' title='bbox 2600 5038 2776 5109; x_wconf 88' lang='lat' dir='ltr'><strong>igitur,</strong></span> <span class='ocrx_word' id='word_1_870' title='bbox 2817 5037 3064 5105; x_wconf 87' lang='lat' dir='ltr'><strong>obsecro,</strong></span> <span class='ocrx_word' id='word_1_871' title='bbox 3106 5036 3342 5092; x_wconf 90' lang='lat' dir='ltr'><strong>animum</strong></span> <span class='ocrx_word' id='word_1_872' title='bbox 3373 5046 3659 5101; x_wconf 87' lang='lat' dir='ltr'><strong>nostrum,</strong></span> 
     </span>
    </p>
   </div>
   <div class='ocr_carea' id='block_1_114' title="bbox 2070 5127 3659 5197">
    <p class='ocr_par' dir='ltr' id='par_1_114' title="bbox 2070 5127 3659 5197">
     <span class='ocr_line' id='line_1_114' title="bbox 2070 5127 3659 5197; baseline -0.003 -14"><span class='ocrx_word' id='word_1_873' title='bbox 2070 5130 2410 5185; x_wconf 90' lang='lat' dir='ltr'><strong>humiliemus</strong></span> <span class='ocrx_word' id='word_1_874' title='bbox 2436 5138 2672 5185; x_wconf 91' lang='lat' dir='ltr'><strong>mentem</strong></span> <span class='ocrx_word' id='word_1_875' title='bbox 2696 5138 2750 5184; x_wconf 90' lang='lat' dir='ltr'><strong>et</strong></span> <span class='ocrx_word' id='word_1_876' title='bbox 2772 5144 2912 5183; x_wconf 90' lang='lat' dir='ltr'><strong>nunc</strong></span> <span class='ocrx_word' id='word_1_877' title='bbox 2936 5127 3168 5183; x_wconf 75' lang='lat' dir='ltr'><strong>maxime</strong></span> <span class='ocrx_word' id='word_1_878' title='bbox 3184 5142 3305 5181; x_wconf 87' lang='lat' dir='ltr'><strong>eum</strong></span> <span class='ocrx_word' id='word_1_879' title='bbox 3335 5127 3436 5182; x_wconf 88' lang='lat' dir='ltr'><strong>hoc</strong></span> <span class='ocrx_word' id='word_1_880' title='bbox 3460 5128 3659 5197; x_wconf 77' lang='lat' dir='ltr'><strong>jejunii</strong></span> 
     </span>
    </p>
   </div>
   <div class='ocr_carea' id='block_1_115' title="bbox 2068 5218 3659 5292">
    <p class='ocr_par' dir='ltr' id='par_1_115' title="bbox 2068 5218 3659 5292">
     <span class='ocr_line' id='line_1_115' title="bbox 2068 5218 3659 5292; baseline -0.003 -14"><span class='ocrx_word' id='word_1_881' title='bbox 2068 5232 2277 5292; x_wconf 89' lang='lat' dir='ltr'><strong>tempus</strong></span> <span class='ocrx_word' id='word_1_882' title='bbox 2310 5222 2473 5276; x_wconf 90' lang='lat' dir='ltr'><strong>multa</strong></span> <span class='ocrx_word' id='word_1_883' title='bbox 2513 5221 2666 5276; x_wconf 91' lang='lat' dir='ltr'><strong>nobis</strong></span> <span class='ocrx_word' id='word_1_884' title='bbox 2695 5221 2761 5275; x_wconf 90' lang='lat' dir='ltr'><strong>ad</strong></span> <span class='ocrx_word' id='word_1_885' title='bbox 2802 5220 2904 5275; x_wconf 89' lang='lat' dir='ltr'><strong>hoc</strong></span> <span class='ocrx_word' id='word_1_886' title='bbox 2934 5219 3136 5291; x_wconf 83' lang='lat' dir='ltr'><strong>praebet</strong></span> <span class='ocrx_word' id='word_1_887' title='bbox 3155 5218 3413 5275; x_wconf 84' lang='lat' dir='ltr'><strong>subsidia.</strong></span> <span class='ocrx_word' id='word_1_888' title='bbox 3448 5218 3585 5274; x_wconf 87' lang='lat' dir='ltr'><strong>Nam</strong></span> <span class='ocrx_word' id='word_1_889' title='bbox 3613 5220 3659 5273; x_wconf 85' lang='lat' dir='ltr'><strong>si</strong></span> 
     </span>
    </p>
   </div>
   <div class='ocr_carea' id='block_1_116' title="bbox 2066 5311 3660 5382">
    <p class='ocr_par' dir='ltr' id='par_1_116' title="bbox 2066 5311 3660 5382">
     <span class='ocr_line' id='line_1_116' title="bbox 2066 5311 3660 5382; baseline -0.004 -12"><span class='ocrx_word' id='word_1_890' title='bbox 2066 5316 2137 5371; x_wconf 90' lang='lat' dir='ltr'><strong>ita</strong></span> <span class='ocrx_word' id='word_1_891' title='bbox 2175 5314 2349 5370; x_wconf 82' lang='lat' dir='ltr'><strong>affecti</strong></span> <span class='ocrx_word' id='word_1_892' title='bbox 2399 5314 2675 5378; x_wconf 87' lang='lat' dir='ltr'><strong>fuerimus,</strong></span> <span class='ocrx_word' id='word_1_893' title='bbox 2732 5312 3020 5382; x_wconf 90' lang='lat' dir='ltr'><strong>poterimus</strong></span> <span class='ocrx_word' id='word_1_894' title='bbox 3046 5320 3099 5366; x_wconf 92' lang='lat' dir='ltr'><strong>et</strong></span> <span class='ocrx_word' id='word_1_895' title='bbox 3118 5321 3307 5381; x_wconf 88' lang='lat' dir='ltr'><strong>magna</strong></span> <span class='ocrx_word' id='word_1_896' title='bbox 3358 5311 3660 5364; x_wconf 87' lang='lat' dir='ltr'><strong>attentione</strong></span> 
     </span>
    </p>
   </div>
   <div class='ocr_carea' id='block_1_117' title="bbox 2067 5402 3655 5478">
    <p class='ocr_par' dir='ltr' id='par_1_117' title="bbox 2067 5402 3655 5478">
     <span class='ocr_line' id='line_1_117' title="bbox 2067 5402 3655 5478; baseline -0.006 -15"><span class='ocrx_word' id='word_1_897' title='bbox 2067 5420 2254 5478; x_wconf 86' lang='lat' dir='ltr'><strong>preces</strong></span> <span class='ocrx_word' id='word_1_898' title='bbox 2288 5407 2533 5472; x_wconf 86' lang='lat' dir='ltr'><strong>fundere,</strong></span> <span class='ocrx_word' id='word_1_899' title='bbox 2552 5405 2934 5460; x_wconf 77' lang='lat' dir='ltr'><strong>etconfitentes</strong></span> <span class='ocrx_word' id='word_1_900' title='bbox 2957 5412 3170 5473; x_wconf 89' lang='lat' dir='ltr'><strong>peccata</strong></span> <span class='ocrx_word' id='word_1_901' title='bbox 3188 5402 3410 5457; x_wconf 86' lang='lat' dir='ltr'><strong>multam</strong></span> <span class='ocrx_word' id='word_1_902' title='bbox 3428 5403 3655 5471; x_wconf 88' lang='lat' dir='ltr'><strong>gratiam</strong></span> 
     </span>
    </p>
   </div>
   <div class='ocr_carea' id='block_1_118' title="bbox 2065 5493 3659 5572">
    <p class='ocr_par' dir='ltr' id='par_1_118' title="bbox 2065 5493 3659 5572">
     <span class='ocr_line' id='line_1_118' title="bbox 2065 5493 3659 5572; baseline -0.008 -15"><span class='ocrx_word' id='word_1_903' title='bbox 2065 5517 2293 5572; x_wconf 87' lang='lat' dir='ltr'><strong>superne</strong></span> <span class='ocrx_word' id='word_1_904' title='bbox 2318 5500 2582 5555; x_wconf 88' lang='lat' dir='ltr'><strong>obtinere.</strong></span> <span class='ocrx_word' id='word_1_905' title='bbox 2610 5498 2676 5553; x_wconf 90' lang='lat' dir='ltr'><strong>Et</strong></span> <span class='ocrx_word' id='word_1_906' title='bbox 2700 5509 2757 5553; x_wconf 89' lang='lat' dir='ltr'><strong>ut</strong></span> <span class='ocrx_word' id='word_1_907' title='bbox 2778 5498 2957 5553; x_wconf 89' lang='lat' dir='ltr'><strong>sciatis</strong></span> <span class='ocrx_word' id='word_1_908' title='bbox 2980 5496 3113 5551; x_wconf 90' lang='lat' dir='ltr'><strong>tales</strong></span> <span class='ocrx_word' id='word_1_909' title='bbox 3156 5494 3364 5550; x_wconf 89' lang='lat' dir='ltr'><strong>animas</strong></span> <span class='ocrx_word' id='word_1_910' title='bbox 3397 5496 3507 5550; x_wconf 91' lang='lat' dir='ltr'><strong>Deo</strong></span> <span class='ocrx_word' id='word_1_911' title='bbox 3546 5493 3659 5562; x_wconf 85' lang='lat' dir='ltr'><strong>pla-</strong></span> 
     </span>
    </p>
   </div>
   <div class='ocr_carea' id='block_1_119' title="bbox 2065 5587 3653 5663">
    <p class='ocr_par' dir='ltr' id='par_1_119' title="bbox 2065 5587 3653 5663">
     <span class='ocr_line' id='line_1_119' title="bbox 2065 5587 3653 5663; baseline -0.008 -14"><span class='ocrx_word' id='word_1_912' title='bbox 2065 5610 2205 5663; x_wconf 88' lang='lat' dir='ltr'><strong>cere,</strong></span> <span class='ocrx_word' id='word_1_913' title='bbox 2240 5595 2359 5649; x_wconf 86' lang='lat' dir='ltr'><strong>audi</strong></span> <span class='ocrx_word' id='word_1_914' title='bbox 2405 5596 2575 5663; x_wconf 91' lang='lat' dir='ltr'><strong>ipsum</strong></span> <span class='ocrx_word' id='word_1_915' title='bbox 2616 5592 2881 5648; x_wconf 88' lang='lat' dir='ltr'><strong>dicentem</strong></span> <span class='ocrx_word' id='word_1_916' title='bbox 2913 5608 2924 5646; x_wconf 95' lang='lat'><strong>:</strong></span> <span class='ocrx_word' id='word_1_917' title='bbox 2956 5591 3036 5644; x_wconf 77' lang='lat' dir='ltr'><strong>Ad</strong></span> <span class='ocrx_word' id='word_1_918' title='bbox 3060 5606 3204 5661; x_wconf 83' lang='lat' dir='ltr'><strong>quem</strong></span> <span class='ocrx_word' id='word_1_919' title='bbox 3231 5590 3524 5660; x_wconf 76' lang='lat' dir='ltr'><strong>respiciam,</strong></span> <span class='ocrx_word' id='word_1_920' title='bbox 3557 5587 3653 5639; x_wconf 71' lang='lat' dir='ltr'><strong>nisi</strong></span> 
     </span>
    </p>
   </div>
  </div>
