3784 6248
200 205 265 261 81
1362 185 1427 241 IN
1465 181 1619 240 CAP.
1660 179 1700 234 1.
1739 176 1831 235 GE

2027 174 2255 232 llOMIL.
2300 173 2365 233 Χ.
3432 174 3501 229 82

203 324 275 374 ad
304 319 577 384 humilem,
620 333 665 372 ei
708 320 1035 386 quietum,et
1082 317 1370 367 trementem
1392 318 1645 361 sermones
1672 314 1806 355 meos

204 414 363 481 (Isai.
389 412 481 467 66.
512 410 551 466 2
570 410 628 480 )2
650 408 851 464 Idcirco
875 415 929 461 et
957 404 1201 460 Christus
1232 402 1299 456 ita
1327 397 1643 469 loquebatur
1672 411 1685 446 :
1717 392 1813 446 Di-

202 508 330 560 scite
359 521 395 557 a
415 520 498 557 me
522 502 643 570 quia
668 500 803 555 mitts
824 514 958 563 sum,
979 502 1024 551 el
1047 493 1252 548 humilis
1280 488 1451 552 corde,
1472 497 1519 541 et
1548 483 1810 542 invenietis

203 596 437 666 requiem
480 593 746 647 animabus
787 589 962 646 vestris
987 586 1207 659 (Matt/1.
1233 585 1320 639 il.
1368 580 1486 652 29).
1538 578 1670 635 Nam
1719 573 1813 646 qui

178 702 341 763 ﬁere
372 686 616 756 seipsum
647 682 909 748 bumiliat,
933 692 1219 748 numquam
1244 676 1438 746 poterit
1463 672 1538 730 ira
1567 682 1811 725 commo-

180 762 352 846 ‘veri,
388 788 445 835 et
478 777 726 848 proximo
759 787 1101 839 succensere,
1129 771 1305 825 anima
1331 767 1447 837 ejus
1482 765 1535 819 in
1565 762 1647 817 sui
1685 775 1815 815 con-

205 869 551 925 sidentioae
603 875 862 936 occupata
917 873 973 919 et
1022 863 1160 917 intra
1214 859 1445 929 seipsam
1518 852 1808 913 humiliata.

209 960 415 1015 Anima
439 969 626 1017 autem
651 974 769 1029 qua:
794 957 873 1012 sic
895 970 956 1013 se
988 954 1167 1019 habet,
1198 950 1326 1022 quid
1357 962 1477 1006 esse
1507 944 1674 1016 possit
1693 943 1817 997 bea-

211 1053 367 1108 tius!
394 1052 733 1121 Quicumque
755 1050 876 1104 talis
903 1058 1005 1113 est,
1034 1048 1080 1103 is
1113 1054 1267 1117 portu
1291 1044 1547 1101 continuo
1568 1036 1721 1093 sedet
1748 1034 1815 1089 ab

211 1146 370 1201 omni
396 1150 718 1215 tempestate
757 1142 912 1207 liber,
942 1150 999 1197 et
1025 1139 1322 1196 oblectatur
1356 1136 1409 1190 in
1436 1130 1817 1204 cogitationum

214 1237 633 1310 tranquillitate.
688 1235 811 1291 ldeo
862 1234 1106 1289 Christus
1136 1229 1347 1287 dicebat
1384 1246 1399 1283 :
1449 1225 1516 1279 Et
1562 1220 1820 1278 invenietis

212 1331 450 1402 requiem
475 1327 741 1389 annotabus
769 1326 963 1386 vestris.
999 1322 1181 1392 Itaque
1225 1321 1361 1375 sicut
1388 1317 1478 1389 qui
1506 1314 1821 1370 affectiones

215 1424 345 1478 illas
370 1420 571 1493 sapit-it
596 1419 762 1478 multa
788 1417 971 1488 requie
994 1415 1207 1477 fruitur,
1236 1412 1307 1467 ita
1326 1410 1483 1466 deses
1504 1417 1560 1463 et
1576 1404 1819 1474 supinus,

216 1524 281 1571 et
302 1514 401 1584 qui
417 1511 605 1583 nequit
620 1509 844 1566 affectus
871 1522 999 1563 suos
1024 1516 1084 1561 ut
1110 1504 1265 1561 decet
1306 1500 1597 1564 moderari,
1623 1512 1819 1570 perpe-

219 1616 322 1661 tuo
349 1600 842 1677 perturbationibus
870 1598 1131 1654 obnoxius
1158 1603 1260 1661 est,
1310 1592 1457 1648 domi
1500 1590 1696 1646 bellum
1727 1587 1822 1642 ba-

219 1701 342 1766 ω,
386 1699 602 1755 nemine
640 1702 906 1768 praesente
936 1692 1197 1757 turbatur,
1247 1697 1302 1744 et
1331 1700 1545 1759 giaxem
1594 1681 1825 1738 sustinet.

220 1800 608 1863 tempestatem
650 1807 665 1842 :
704 1796 987 1859 propterea
1029 1783 1276 1839 ﬂuetibus
1319 1795 1380 1838 se
1421 1773 1819 1841 extollentibus,

220 1896 284 1941 et
310 1882 683 1940 exorientibus
735 1878 1000 1934 malorum
1040 1874 1325 1946 Spirituum
1374 1869 1647 1942 procellis,
1678 1881 1824 1935 saepe

224 1976 359 2032 navi
391 1974 461 2030 ob
486 1971 803 2044 imperitiam
825 1967 1197 2040 gubernatoris
1220 1966 1489 2029 demersa,
1520 1960 1678 2017 simul
1709 1961 1824 2030 ipse

220 2070 614 2139 submergitur.
640 2066 870 2122 Proinde
895 2065 1053 2121 decet
1090 2077 1191 2119 nos
1218 2075 1342 2118 esse
1375 2057 1588 2115 sobrios
1621 2064 1676 2110 et
1698 2052 1827 2124 vigi-

225 2165 339 2230 les,
398 2172 453 2217 et
494 2169 805 2232 perpetuam
856 2158 1355 2225 iudesinentemque
1400 2152 1593 2207 animae
1628 2157 1826 2205 nostrae

222 2254 649 2313 sollicitudinem
691 2251 909 2307 lubere.
951 2247 1239 2305 Christiani
1266 2248 1412 2303 enim
1445 2252 1530 2300 est
1571 2241 1830 2296 adversus

222 2346 701 2415 concupiscentias
746 2342 924 2397 carnis
961 2355 1177 2410 semper
1222 2339 1277 2394 in
1321 2336 1437 2392 acie
1466 2342 1631 2398 stare,
1679 2331 1828 2401 leges

224 2440 449 2498 Domini
477 2438 642 2493 nostri
690 2435 843 2491 nobis
873 2435 1024 2490 datas
1050 2447 1263 2504 semper
1288 2430 1489 2485 habere
1509 2433 1825 2498 prtesentes,

226 2545 285 2594 et
320 2534 409 2589 his
438 2532 631 2588 muniri
658 2540 819 2601 atque
850 2529 989 2584 illius
1016 2526 1294 2584 tolerantia
1316 2539 1423 2580 non
1455 2521 1624 2587 abuti,
1653 2533 1827 2590 neque

224 2634 571 2698 exspectare,
602 2624 774 2678 donec
800 2637 859 2677 re
898 2622 1011 2691 ipsa
1041 2621 1134 2674 ira:
1161 2618 1302 2674 illius
1337 2615 1629 2687 periculum
1670 2612 1829 2666 facia-

226 2736 381 2785 mus,
432 2727 493 2773 ut
518 2727 642 2772 tunc
684 2715 1045 2778 bumiliemur,
1084 2720 1142 2768 ut
1184 2725 1252 2766 ne
1289 2718 1344 2767 et
1382 2708 1448 2763 de
1494 2705 1648 2762 nobis
1685 2705 1829 2757 dica-

228 2820 347 2879 tur,
393 2808 523 2863 Cum
564 2806 806 2862 occideret
848 2821 952 2873 eos,
998 2813 1115 2859 tunc
1152 2800 1466 2872 inquirebant
1502 2814 1615 2853 eum
1646 2794 1826 2869 (Psal.

228 2904 329 2959 π.
361 2903 429 2958 st
457 2902 503 2975 ).

303 2996 573 3069 Confessio
598 3003 935 3064 peccatorum.
956 3023 1027 3033 ——
1051 2990 1183 3049 Cum
1213 2990 1371 3061 igitur
1392 2987 1705 3059 adjumento
1733 3002 1830 3040 no-

230 3091 322 3147 bis
350 3105 494 3145 nunc
506 3088 580 3144 sit
593 3087 784 3158 jejunii
814 3095 1045 3156 tempus,
1072 3082 1357 3147 carissimi,
1379 3094 1569 3136 oumes
1596 3078 1663 3133 ad
1694 3092 1829 3133 con-

231 3184 530 3241 fessionem
580 3190 921 3251 peccatorum
966 3186 1269 3234 nostrorum
1312 3175 1642 3236 festinemus,
1684 3180 1738 3251 et
1763 3170 1832 3225 ab

231 3277 388 3334 omni
407 3249 609 3330 malitia
628 3274 975 3337 abstinentes,
998 3282 1344 3327 exerceamus
1368 3267 1595 3324 virtutes
1617 3249 1826 3320 omnes.

232 3368 375 3425 Nam
394 3367 475 3422 sic
493 3376 549 3422 et
573 3366 761 3420 beatus
798 3362 1054 3433 propheta
1087 3360 1248 3416 David
1294 3358 1455 3415 docet
1493 3358 1577 3411 his
1605 3354 1784 3411 verbis
1812 3372 1826 3409 :

234 3459 461 3514 Declina
487 3474 519 3511 a
549 3457 704 3521 male,
730 3465 778 3511 et
806 3456 888 3525 fac
909 3453 1097 3509 bonum
1141 3452 1310 3526 (Psal.
1337 3451 1432 3507 '56.
1457 3450 1569 3520 27).
1602 3447 1753 3515 Quod
1783 3447 1830 3501 si

234 3554 291 3609 in
328 3552 476 3607 hunc
506 3551 723 3605 modum
747 3551 909 3603 vitam
931 3556 1171 3603 nostram
1196 3544 1603 3609 instituerimus,
1626 3552 1681 3598 et
1708 3541 1832 3595 abs-

235 3645 484 3702 tinentiae
515 3644 755 3699 ciborum
776 3643 1154 3697 abstinentiam
1170 3655 1201 3695 a
1225 3639 1368 3694 vitiis
1402 3635 1828 3705 adjunxerimus,

232 3737 543 3807 poterimus
563 3745 615 3791 et
646 3748 747 3788 nos
777 3733 964 3802 majori
991 3732 1181 3787 fiducia
1210 3731 1333 3798 frui,
1371 3739 1426 3784 et
1468 3727 1769 3783 uberiorem
1799 3742 1828 3780 a

234 3830 357 3885 Deo
381 3829 761 3899 benignitatem
798 3826 1039 3881 obtinere
1077 3834 1132 3880 et
1158 3825 1212 3880 in
1261 3822 1510 3894 praesenti
1539 3822 1665 3885 vita,
1694 3830 1750 3877 et
1777 3821 1829 3875 in

235 3921 423 3977 futuro
444 3921 535 3975 illo
575 3920 663 3976 die
701 3919 945 3986 terribili,
979 3917 1230 3989 precibus
1256 3925 1311 3971 et
1362 3915 1832 3970 intercessionibus

233 4030 429 4070 eorum
460 4013 550 4082 qui
581 4012 679 4082 ipsi
725 4012 955 4065 maxime
1002 4011 1312 4080 placuerunt
1355 4027 1368 4062 :
1400 4008 1568 4079 gratia
1599 4016 1653 4062 et
1680 4007 1833 4062 heni-

234 4107 446 4177 gnitate
498 4104 709 4158 Domini
752 4102 917 4157 nostri
943 4101 1073 4158 Jesu
1107 4100 1325 4166 Christi,
1377 4115 1497 4156 cum
1541 4114 1649 4170 quo
1689 4099 1831 4154 Patri

234 4198 404 4255 simul
434 4208 488 4254 et
507 4196 928 4267 Spirituisaneto
946 4194 1017 4249 sit
1034 4194 1222 4265 gloria,
1271 4192 1573 4263 imperium,
1614 4193 1785 4246 honor
1811 4231 1828 4258 ,

238 4304 389 4347 nunc
427 4300 481 4346 et
532 4304 768 4358 semper,
820 4297 874 4343 et
926 4287 979 4341 in
1027 4286 1222 4342 szecula
1248 4285 1590 4341 smeulorum.
1631 4284 1827 4339 Amen.

848 4466 1127 4524 HOMILIA
1174 4465 1241 4521 Χ.

239 4646 559 4707 Exhortatio
579 4644 647 4700 ad
674 4659 767 4701 eos
791 4658 928 4715 quos
950 4642 1112 4713 pudet
1132 4652 1252 4714 post
1269 4642 1448 4698 cibum
1460 4650 1728 4710 sumptum
1747 4656 1836 4695 ac-

312 4740 510 4794 cedere
548 4737 614 4791 ad
656 4725 969 4791 concionem
997 4734 1376 4805 vespertinam,
1399 4742 1454 4788 et
1494 4734 1545 4787 in
1576 4733 1835 4802 reliquum

314 4840 521 4885 textum
568 4836 710 4899 post,
738 4826 1011 4882 Faciamus
1057 4827 1311 4882 hominem
1352 4824 1628 4881 secundum
1656 4825 1839 4893 imagi-

314 4940 435 4977 nem
461 4931 709 4986 nostram,
752 4927 798 4973 et
826 4918 1104 4974 secundum
1152 4916 1531 4972 similitudinem
1577 4914 1729 4986 (Gen.
1783 4917 1837 4971 1.

313 5016 456 5087 26);
483 5024 539 5070 et
566 5014 636 5071 de
665 5013 747 5069 his
766 5012 964 5078 verbis,
1006 5010 1077 5066 Et
1119 5011 1236 5081 fecit
1259 5011 1394 5065 Deus
1433 5010 1727 5073 hominem;
1753 5026 1837 5064 se-

311 5107 540 5163 cundum
580 5106 853 5176 imaginem
907 5103 1001 5159 Dei
1049 5104 1169 5173 fecit
1220 5102 1412 5170 illum;
1462 5101 1745 5158 masculum
1788 5110 1838 5157 et

314 5198 563 5271 [carinam
588 5197 705 5268 fecit
728 5197 843 5251 illos
858 5194 967 5267 (Ib.
996 5210 1049 5251 1.
1072 5194 1141 5249 27

314 5403 369 5456 1.
395 5400 570 5454 Minor
590 5398 750 5453 hodie
779 5395 932 5453 nobis
957 5405 1250 5453 conventus
1268 5395 1453 5463 adest,
1480 5404 1535 5451 ct
1562 5395 1841 5466 angustius

237 5493 629 5551 Confluentium
644 5493 930 5547 theatrum.
953 5490 1147 5558 Cur,ct
1166 5505 1268 5560 qua
1293 5489 1524 5544 decausa
1544 5489 1844 5545 ?Fortassis

238 5594 308 5645 ab
334 5589 405 5660 pii
433 5588 762 5644 erubuerunt
788 5628 802 5657 ,
830 5595 949 5658 post
973 5586 1276 5645 scnsihilcm
1317 5600 1554 5641 mensam
1598 5584 1662 5639 ad
1690 5583 1863 5661 spiri-o

1918 291 2060 349 tuale
2087 293 2188 348 hoc
2209 292 2388 347 venire
2408 289 2729 357 convivium,
2752 298 2807 345 et
2833 289 2947 348 haec
2989 288 3117 359 ipsis
3142 298 3221 345 est
3244 291 3504 347 absentia:

1914 400 2073 440 causa
2109 384 2243 440 :sed
2284 384 2501 439 audiant
2530 385 2825 453 sapientem
2855 382 3139 452 quemdam
3188 382 3453 439 dicentem
3488 402 3502 438 :

1917 476 2011 531 Est
2040 478 2267 548 confusio
2296 493 2408 548 qua:
2431 476 2622 537 inducit
2648 487 2923 547 peccatum,
2953 483 3092 531 etest
3118 477 3348 547 confusio
3393 475 3503 546 glo-

1918 572 1997 625 ria
2019 581 2066 625 et
2089 572 2253 643 gratia
2278 570 2471 639 (Eccli.
2491 572 2545 626 4.
2562 570 2674 642 23).
2696 570 2812 625 Non
2830 578 2909 624 est
2928 568 3242 624 confusione
3262 568 3506 638 dignum,

1918 684 2043 723 eum
2074 668 2167 736 qui
2185 668 2479 737 corporalis
2520 684 2718 722 mensae
2770 669 3036 738 particeps
3067 667 3186 736 fuit,
3227 667 3296 723 ad
3344 667 3507 738 spiri-

1920 759 2062 819 tuale
2102 760 2402 815 convivium
2445 760 2645 814 venire.
2678 759 2792 813 Non
2842 760 2983 814 cnim
3015 768 3072 813 ut
3100 759 3345 814 humana:
3397 775 3514 826 res,

1925 851 1995 904 ita
2022 859 2078 909 et
2105 850 2408 920 spirituales
2437 851 2671 906 definitis
2701 850 3027 920 temporibus
3070 850 3334 906 distinctu:
3363 860 3509 906 smit.

1921 940 2169 997 Sermoni
2214 942 2355 997 enim
2385 942 2643 1010 spirituali
2673 957 2833 997 onme
2871 942 2976 996 diei
3012 950 3219 1012 tempus
3258 943 3510 1003 idoneum

1923 1032 2101 1100 fuerit,
2131 1044 2183 1089 et
2204 1033 2328 1103 quid
2350 1034 2470 1089 dico
2484 1032 2589 1088 diei
2615 1033 2858 1103 tempus?
2873 1032 3053 1103 Neque
3074 1034 3117 1089 si
3145 1050 3249 1089 uox
3276 1034 3508 1104 ingruat,

1923 1126 2251 1196 spiritualem
2289 1126 2584 1182 doctrinam
2618 1114 2857 1197 impedit.
2906 1126 3192 1196 Propterea
3237 1134 3292 1179 et
3329 1125 3505 1183 Timo-

1925 1218 2054 1275 theo
2092 1218 2208 1275 hinc
2254 1219 2518 1274 scribebat
2559 1218 2757 1274 Paulus
2812 1235 2826 1272 :
2878 1217 3027 1273 lnsta
3072 1226 3371 1287 opporfune,
3411 1216 3514 1271 imo

1927 1320 2141 1381 portune
2165 1327 2186 1366 :
2206 1328 2382 1383 argue,
2434 1312 2661 1381 increpa,
2693 1310 2895 1365 obsecra
2926 1310 3004 1379 (2.
3037 1308 3169 1363 Tim.
3224 1312 3278 1364 4.
3336 1309 3413 1379 2).
3447 1310 3517 1364 Et

1927 1403 2119 1459 iterum
2164 1403 2285 1459 audi
2340 1404 2551 1459 beatum
2604 1402 2802 1459 Lucam
2859 1400 3125 1457 dicentem
3174 1418 3186 1454 :
3249 1400 3513 1455 Discessu.

1927 1513 2014 1553 rus
2038 1498 2257 1552 crastino
2299 1495 2499 1552 Paulus
2521 1513 2554 1549 a
2585 1495 2800 1560 Troade,
2835 1493 3103 1548 disserebat
3130 1494 3221 1557 eis,
3253 1500 3299 1548 et
3323 1509 3514 1546 sermo-

1928 1604 2042 1642 nem
2079 1588 2318 1659 produxit
2360 1604 2514 1660 usque
2541 1588 2607 1641 ad
2634 1586 2852 1642 mediam
2891 1596 3086 1641 noctem
3138 1583 3271 1657 (Act.
3298 1585 3390 1639 20.
3420 1583 3519 1659 7

1928 1678 2192 1752 Numquid
2230 1690 2438 1750 tempus
2465 1679 2678 1735 obfuit?
2707 1679 2812 1747 dic,
2862 1692 3077 1751 qumso;
3111 1693 3234 1731 num
3260 1674 3518 1741 doctrina:

1930 1786 2235 1831 sermonem
2289 1771 2566 1843 praecidit?
2628 1771 2867 1846 Vigilans
2919 1780 2974 1829 et
3025 1778 3260 1829 attentus
3308 1766 3520 1833 auditor

1930 1865 2089 1921 etiam
2120 1880 2366 1933 pransus,
2412 1865 2516 1924 hoc
2561 1864 2822 1934 spirituali
2867 1871 3130 1923 conventu
3176 1861 3367 1932 dignus
3393 1870 3515 1922 est;

1934 1956 2152 2027 parique
2180 1956 2342 2011 modo
2369 1956 2592 2026 supinus
2616 1965 2670 2010 et
2694 1954 2870 2018 deses,
2921 1954 3128 2011 etiamsi
3151 1952 3370 2023 jejunus
3398 1967 3519 2024 pera

1932 2057 2165 2114 maneat,
2195 2048 2325 2112 nihil
2352 2048 2472 2103 inde
2503 2047 2743 2102 utilitatis
2769 2046 2965 2118 capiet.

2003 2138 2085 2201 Ad
2130 2138 2417 2207 spiritantia
2464 2137 2715 2209 quomodo
2753 2134 3112 2196 accedendum.
3160 2163 3233 2178 ——
3282 2134 3347 2189 Et
3400 2132 3515 2186 hmo

1932 2230 2080 2301 dico,
2121 2246 2227 2286 non
2279 2239 2336 2289 ut
2380 2230 2567 2301 jejunii
2615 2229 2842 2300 rigorem
2882 2227 3122 2286 solvam;
3168 2225 3342 2289 absit;
3396 2239 3521 2287 nam,

1934 2324 2159 2386 multum
2200 2323 2357 2381 laudo
2386 2324 2660 2394 proboque
2676 2322 2978 2392 jejunantes
3012 2339 3025 2375 :
3054 2319 3150 2374 sed
3182 2326 3239 2373 ut
3267 2318 3509 2381 doceam,

1933 2415 2113 2473 sobrio
2142 2415 2371 2488 quodam
2406 2417 2607 2482 animo,
2657 2430 2761 2468 non
2805 2413 3216 2479 consuetudine,
3270 2410 3337 2465 ad
3363 2411 3521 2480 spiri-

1936 2508 2094 2564 tualia
2122 2523 2244 2564 esse
2269 2506 2648 2564 accedendum.
2675 2505 2790 2560 Non
2816 2505 2958 2560 enim
2988 2514 3142 2574 turpe
3188 2503 3365 2568 fuerit,
3394 2518 3523 2563 cum

1933 2600 2024 2672 qui
2050 2601 2227 2657 cibum
2257 2613 2411 2656 antea
2455 2600 2679 2668 accepit,
2707 2598 2894 2652 adesse
2930 2586 3194 2665 spirituali
3241 2595 3525 2663 doctrinm,

1934 2692 2026 2748 sed
2054 2692 2246 2762 ignavo
2273 2695 2453 2747 animo
2480 2692 2689 2756 adesse,
2722 2701 2777 2746 et
2810 2689 2879 2744 ab
2919 2687 3287 2761 affectionibus
3314 2690 3519 2755 vexari,

1934 2796 1989 2842 et
2011 2786 2186 2842 carnis
2211 2786 2453 2842 lascivias
2484 2786 2498 2815 '
2530 2801 2635 2839 non
2664 2783 3037 2853 comprimere.
3065 2780 3182 2849 Non
3211 2780 3407 2834 malum
3438 2791 3521 2834 est

1934 2877 2243 2943 comedere;
2275 2877 2444 2933 absit:
2478 2876 2573 2931 sed
2619 2875 2740 2945 gula
2785 2873 3038 2937 damnosa
3067 2880 3170 2939 est,
3217 2881 3271 2927 et
3312 2871 3526 2942 impleri

1937 2970 2056 3040 plus
2083 2980 2242 3040 quam
2282 2968 2434 3032 satis,
2465 2982 2529 3022 ac
2556 2966 2893 3035 disrumpere
2941 2975 3182 3031 ventrem
3236 2982 3250 3020 :
3299 2962 3348 3019 id
3376 2963 3523 3033 quod

1936 3061 2101 3129 ipsam
2120 3060 2278 3113 etiam
2304 3059 2470 3125 illam,
2489 3074 2607 3129 qum
2632 3074 2697 3112 ex
2717 3057 2836 3111 cibo
2853 3055 3039 3112 haberi
3061 3063 3257 3125 potest,
3278 3053 3525 3125 t'olttptao.

1936 3164 2042 3208 tem
2071 3153 2326 3218 offendit;
2354 3150 2804 3223 quemadmodmn
2855 3149 2985 3204 nihil
3025 3149 3149 3203 mali
3200 3158 3302 3214 est,
3338 3149 3520 3201 vinum

1935 3247 2000 3302 ad
2041 3260 2344 3311 mensuram
2374 3245 2575 3313 bibere,
2603 3242 2699 3303 sed
2736 3242 2977 3307 ebrietati
3028 3255 3087 3296 se
3113 3239 3328 3302 dedeue,
3361 3248 3415 3294 et
3441 3239 3523 3292 in-

1936 3340 2285 3411 temperantia
2329 3338 2586 3408 judicium
2635 3336 2856 3399 rationis
2898 3334 3226 3389 subvertere.
3271 3333 3477 3387 Etenim
3503 3372 3518 3395 ,

1935 3434 2167 3501 dilecte,
2188 3432 2233 3486 si
2257 3430 2328 3489 ob
2357 3429 2597 3498 corporis
2625 3426 3043 3485 imbecillitatem
3074 3440 3178 3478 non
3206 3433 3357 3493 potes
3378 3423 3523 3493 jeju-.

1936 3540 2035 3581 nus
2064 3524 2203 3585 diem
2228 3519 2865 3593 producere,nullusqui
2891 3519 3064 3589 sapiat.
3092 3528 3308 3588 propter
3338 3516 3440 3580 hoc
3472 3528 3529 3573 te.

1934 3631 2158 3687 arguere
2187 3615 2397 3684 poterit.
2422 3613 2703 3675 Dominum
2730 3610 2873 3675 enim
2904 3610 3161 3665 habemus
3177 3617 3519 3671 .tuansuetum

1935 3725 1999 3771 ac
2019 3710 2324 3779 benignum,
2348 3716 2404 3767 et
2425 3705 2569 3765 nihil,
2586 3718 2744 3774 supra
2772 3704 2913 3760 vires
2941 3712 3149 3762 nostras
3171 3716 3209 3765 a,
3234 3702 3391 3755 nobis
3406 3701 3523 3755 exi-

1935 3814 2167 3875 gentem.
2196 3802 2379 3873 Neque
2404 3801 2546 3860 enim
2592 3800 2967 3858 abstinentiam
2993 3812 3025 3852 a
3052 3797 3184 3851 cibis
3211 3806 3265 3851 et
3290 3794 3520 3853 inediam

1935 3895 2248 3965 simpliciter
2271 3894 2484 3955 anobis
2503 3892 2689 3963 exigit,
2721 3905 2895 3961 neque
2918 3889 3020 3950 hoc
3045 3889 3239 3959 ipsum.
3274 3897 3333 3946 ut
3352 3888 3520 3958 jejuni

1938 3984 2275 4042 solummodo
2298 3997 2723 4056 permancamus,
2753 3981 2855 4038 sed.
2887 3990 2946 4039 ut
2963 3980 3363 4037 asmcularibus
3390 3993 3522 4049 ope«

1937 4080 2212 4141 ribusnos
2237 4078 2569 4145 abdicantes,
2599 4092 2760 4133 omne
2794 4084 3034 4131 nostrum
3064 4074 3228 4129 otium
3260 4074 3316 4128 in
3366 4073 3525 4143 spiri-

1938 4170 2169 4228 tualibus
2207 4185 2603 4227 consumamus.
2656 4168 2787 4224 Nam
2832 4169 2877 4225 si
2927 4167 3103 4224 sobria
3151 4174 3331 4222 mente
3359 4166 3520 4222 vitam

1937 4273 2174 4319 nostram
2204 4264 2628 4324 institueramus,
2645 4270 2702 4318 et
2728 4259 2986 4332 quidquid
3005 4259 3103 4314 otii
3128 4257 3309 4325 datur,
3331 4257 3385 4311 in
3411 4258 3524 4328 spi-

1938 4356 2144 4411 ritualia
2170 4356 2601 4426 impendet-emus
2633 4370 2646 4408 :
2677 4361 2733 4409 et
2761 4353 2912 4408 cibos
2957 4352 3030 4407 ita
3073 4364 3433 4417 sumeremus,
3465 4359 3526 4403 ut

1941 4460 2145 4516 tantum
2196 4464 2552 4517 sumeremus,
2594 4456 2851 4518 quantum
2902 4461 3031 4501 usus
3068 4444 3256 4515 exigit,
3284 4453 3340 4499 et
3359 4444 3527 4498 vitam

1942 4550 2106 4598 totam
2159 4542 2214 4596 in
2252 4541 2404 4597 bouis
2423 4539 2675 4611 operibus
2718 4536 3174 4608 dispensaremus,
3217 4535 3334 4604 jam
3377 4532 3524 4589 nullo

1940 4650 2075 4705 opus
2122 4645 2264 4689 esset
2306 4649 2371 4687 ex
2408 4631 2626 4703 jejuniis
2668 4630 2998 4699 adjumento.
3050 4626 3155 4683 Sed
3201 4626 3325 4696 quia
3354 4626 3526 4696 neglii-

1940 4743 2071 4798 gens
2116 4736 2201 4783 est
2224 4727 2452 4780 humana
2490 4736 2699 4789 natura,
2752 4733 2803 4778 et
2844 4721 3047 4777 deliciis
3082 4721 3309 4791 gaudet,
3363 4728 3416 4775 et
3437 4733 3525 4773 re-

1944 4821 2239 4881 laxatioues
2264 4820 2454 4890 qumrit
2480 4837 2494 4873 :
2524 4818 2722 4871 ideirco
2748 4826 3015 4885 tamquam
3043 4813 3110 4867 ad
3139 4826 3376 4866 amorem
3399 4826 3529 4878 pro-

1944 4912 2009 4967 lis
2039 4925 2332 4982 propensus
2360 4918 2508 4979 pater
2526 4909 2765 4963 clemens
2793 4904 3046 4960 Dominus
3069 4902 3207 4957 hanc
3235 4916 3304 4955 ex
3327 4897 3529 4969 jejuni.)

1944 5003 2260 5062 medicinam
2288 4999 2623 5072 excogitavit,
2656 5006 2715 5053 ut
2741 5007 2795 5052 et
2817 4995 3042 5051 delicata
3070 5008 3101 5048 e
3137 4991 3315 5047 medio
3335 4990 3529 5044 tollano

1946 5104 2032 5156 tur
2057 5105 2113 5152 et
2131 5094 2465 5152 saecularium
2492 5107 2673 5147 curam
2692 5089 2758 5145 ad
2787 5086 3083 5158 spiritualia
3108 5099 3272 5155 opera
3292 5081 3529 5137 transfe-

1946 5206 2145 5246 ramus.
2172 5189 2229 5244 Si
2252 5188 2409 5258 igitur
2432 5195 2557 5242 sunt
2585 5182 2747 5254 aliqui
2776 5186 3087 5253 praesentes,
3119 5191 3258 5248 quos
3283 5174 3530 5244 corporis

1945 5292 2089 5338 vetat
2109 5281 2391 5340 infirmitas
2410 5279 2622 5348 jejunos
2649 5286 2702 5330 et
2736 5274 3036 5344 impransos
3080 5282 3414 5342 permanere.
3437 5277 3533 5319 eos

1946 5373 2131 5428 hortor
2176 5379 2231 5426 ut
2257 5370 2496 5440 corporis
2532 5367 2892 5422 infirmitatem
2938 5372 3147 5427 curent,
3176 5370 3229 5416 et
3269 5355 3537 5429 spirituali

1982 5531 2027 5601 _'
2066 5528 2364 5601 sicoomnes,
2391 5536 2567 5589 praeter
2592 5525 2751 5579 Morel.
2778 5524 2859 5601 qui
2894 5523 3062 5584 habet,
3105 5518 3355 5572 libidinum
3392 5512 3532 5573 lasci-

1948 5598 2061 5652 vias,
2087 5598 2245 5645 minus
2268 5598 2424 5644 recte.
2678 5640 2681 5643 ,
2816 5598 2821 5601 ’

3518 5666 3561 5708 τι.
