3752 6258
260 228 326 282 $3
1002 225 1057 279 S.
1098 224 1370 281 10.“le
1395 221 1862 279 CllllYSOSTOMI
1905 220 2223 276 ABCIIIEP.
2264 220 2791 279 CONSTANTINOP.
3472 222 3537 278 84

256 346 356 396 hac
378 338 615 393 doctrina
648 335 750 393 no'u
790 337 961 395 solum
994 354 1098 394 non
1138 338 1432 409 priventur,
1461 336 1554 394 sed
1572 346 1624 393 ct
1647 336 1825 406 pransi

256 434 374 501 plus
403 432 688 487 exhibeant
711 431 893 486 studii.

325 524 381 577 2.
420 522 526 585 Via:
582 522 792 581 diversa:
846 522 1027 593 quibus
1081 522 1176 576 Dei
1214 521 1551 579 benevolentia
1619 519 1841 588 acquiri-

252 628 352 668 tur.
387 645 458 655 —-
482 614 615 670 Sunt
642 616 808 685 enim,
854 624 977 669 sunt
1008 613 1248 684 profecto
1274 614 1372 669 vim
1421 612 1611 683 quibus
1641 610 1843 664 ﬁducia:

250 710 315 763 ad
355 710 515 765 Deum
539 709 715 778 janurc
736 709 926 777 aperiri
961 718 1203 776 possunt,
1237 707 1407 761 multo
1432 706 1662 774 majores
1683 719 1840 774 quant

253 802 493 863 ciborum
521 799 860 854 abstinentia.
895 798 1057 870 lgitur
1084 801 1170 868 qui
1211 800 1385 853 cibum
1414 797 1606 866 accipit
1630 795 1842 864 etjeju-

259 907 384 947 nare
429 906 534 944 non
564 891 723 954 valet,
756 890 1037 962 largiorem
1070 890 1159 945 det
1188 889 1606 959 eleemosynam,
1636 886 1845 941 ferven-

257 986 358 1038 tior
384 985 454 1039 sit
485 984 537 1039 in
566 983 831 1054 precibus,
890 982 1147 1052 majorem
1184 983 1377 1039 habeat
1415 982 1743 1037 alacritatem
1790 978 1842 1033 in

256 1076 535 1131 audiendis
550 1075 744 1131 divinis
769 1076 1017 1146 eloquiis,
1039 1076 1091 1129 in
1107 1075 1297 1145 quibus
1309 1073 1547 1144 corporis
1568 1071 1846 1126 inﬁrmitas

258 1168 391 1222 nihil
440 1168 652 1223 obstare
707 1176 924 1236 potest:
959 1167 1186 1222 inimicis
1225 1164 1636 1239 reconcilietur,
1683 1177 1844 1218 omne

256 1259 435 1312 odium
464 1268 515 1312 et
549 1256 792 1311 vindicta:
820 1256 1161 1326 cupiditatem
1202 1272 1266 1312 ex
1287 1255 1464 1323 animo
1499 1254 1756 1311 eliminet.
1787 1251 1845 1307 Si

257 1352 371 1405 lucc
398 1350 599 1413 fecerit,
628 1362 811 1412 verum
847 1349 1107 1421 jejunavit
1126 1332 1409 1418 jejunium,
1461 1346 1660 1418 quod‘a
1691 1344 1845 1400 nobis

263 1442 597 1511 potissimum
625 1441 866 1511 exposcit
885 1440 1161 1509 Dominus.
1185 1441 1470 1508 Propterea
1487 1438 1628 1493 enim
1656 1436 1795 1491 hanc
1814 1450 1844 1491 a

258 1534 393 1611 cibis
417 1533 793 1587 abstinentiam
824 1532 1066 1587 adhiberi
1108 1531 1371 1601 praecipit,
1408 1538 1471 1584 ut
1511 1527 1844 1585 refrenantes

258 1625 435 1679 carnis
467 1623 731 1691 lascivias,
759 1638 876 1678 eam
899 1622 1281 1693 obsequentem
1304 1620 1591 1677 reddamus
1610 1619 1676 1675 ad
1695 1634 1845 1674 man-

258 1717 381 1770 data
410 1713 507 1772 Dei
534 1714 822 1784 implenda.
851 1713 1000 1781 Quod
1028 1714 1074 1768 si
1100 1714 1169 1768 ob
1200 1712 1566 1767 inﬁrmitatem
1604 1710 1846 1780 corporis

259 1806 549 1869 subsidium
574 1806 692 1871 hoc,
724 1805 863 1877 quod
883 1805 1144 1875 jejunium
1173 1811 1389 1875 praestat
1409 1802 1563 1858 nobis
1591 1801 1845 1859 adhibere

260 1901 523 1964 nolumus,
551 1908 604 1953 et
633 1898 850 1952 desidiae
879 1897 1170 1952 deditiores
1200 1910 1406 1960 sumus,
1432 1895 1661 1953 maxima
1690 1893 1845 1949 nobis

260 1991 386 2060 ipsis
411 1990 603 2044 damna
634 1989 997 2059 imprudentes
1020 1978 1310 2047 ai‘fcrimus.
1335 1986 1466 2040 Nam
1491 1986 1536 2039 si
1556 1984 1838 2055 jejunium,

259 2083 568 2137 absentibus
594 2082 712 2149 aliis
739 2081 1004 2151 praedictis
1032 2080 1307 2157 operibus,
1336 2077 1471 2135 nihil
1505 2076 1658 2132 nobis
1685 2075 1846 2146 prod-

259 2184 363 2242 est,
395 2176 562 2231 multo
600 2176 787 2245 magis,
815 2176 859 2233 si
890 2190 1010 2231 cum
1030 2174 1218 2244 jejunii
1265 2172 1556 2243 pbarmaco
1604 2172 1679 2226 uti
1734 2186 1841 2225 non

263 2254 566 2335 possimus,
622 2250 922 2337 graviorem
991 2264 1365 2335 negligentiam
1424 2262 1839 2319 exbibuerimus.

264 2357 387 2412 limo
412 2367 591 2413 autem
617 2373 737 2413 cum
762 2372 792 2411 a
824 2357 981 2412 nobis
1024 2357 1340 2427 didiceritis,
1370 2370 1587 2411 oramus
1615 2369 1731 2423 vos,
1754 2355 1846 2426 qui

257 2452 500 2521 jejnuare
524 2450 729 2517 valetis,
757 2458 815 2505 ut
835 2451 935 2521 ipsi
961 2460 1217 2521 quantum
1257 2451 1521 2522 poteritis,
1565 2450 1760 2506 bonam
1787 2459 1845 2506 et

264 2541 581 2601 laudabilem
608 2543 745 2614 hanc
764 2551 995 2598 vestram
1009 2542 1249 2612 augeatis
1263 2541 1615 2612 diligentiam.
1644 2542 1845 2610 Quanto

260 2633 405 2704 enim
438 2644 673 2698 externus
715 2644 885 2688 noster
913 2634 1062 2688 homo
1092 2635 1455 2706 corrumpitur,
1503 2618 1667 2689 tanto.
1693 2634 1848 2688 inter-

261 2742 357 2793 pus
382 2735 654 2792 renovatur
679 2726 754 2790 ('2.
787 2725 909 2780 Cor.
940 2726 993 2781 4.
1019 2725 1144 2797 16).
1168 2725 1436 2795 Jejunium
1470 2725 1611 2805 enim
1652 2739 1846 2795 corpus

260 2815 581 2884 comprimit,
606 2822 661 2870 et
689 2815 931 2870 lascivias
957 2815 1288 2870 inordinatus
1314 2814 1570 2881 refrenat,
1601 2815 1834 2883 animam

262 2915 440 2960 autem
475 2906 754 2961 clariorem
784 2906 968 2970 efﬁcit,
999 2906 1101 2961 alis
1129 2906 1343 2961 instruit
1373 2915 1427 2961 et
1455 2906 1741 2961 sublimem
1768 2906 1845 2962 le—

265 3012 490 3069 remque
539 2996 682 3051 facit.
713 2996 929 3051 Fratres
958 3012 1175 3066 quoque
1214 3005 1443 3068 vestros,
1491 3004 1753 3067 quotquot
1777 2996 1849 3052 ob

264 3088 501 3158 corporis
524 3087 880 3158 valetudinem
898 3087 1139 3165 jejunare
1155 3071 1443 3159 nequeunt,
1467 3089 1844 3154 exhortemini,

268 3194 334 3251 ne
374 3178 703 3248 spiritualem
735 3179 871 3233 hanc
900 3193 1140 3237 mensam
1182 3178 1507 3248 relinquant,
1534 3190 1589 3234 et
1617 3178 1683 3233 ad
1728 3179 1846 3237 illos

267 3271 460 3326 referte
482 3285 602 3339 quae
626 3284 655 3323 a
701 3269 857 3343 nobis
896 3269 1193 3325 didiceritis
1216 3311 1232 3338 ,
1278 3269 1571 3326 indicantes
1596 3285 1716 3339 cum
1756 3271 1847 3341 qui

268 3360 539 3429 moderate
566 3358 800 3413 comedit
824 3367 879 3414 et
899 3357 1033 3413 bibit
1060 3373 1164 3414 non
1202 3360 1473 3430 indignum
1501 3360 1603 3415 hoc
1640 3360 1849 3415 audito—-

269 3453 348 3505 rio
364 3465 503 3515 esse,
533 3450 625 3505 sed
643 3451 869 3520 eumqui
908 3450 1064 3505 deses
1087 3458 1140 3511 et
1164 3451 1451 3507 dissolutus
1479 3452 1568 3506 sit.
1598 3452 1668 3513 Et
1688 3452 1846 3510 dicite

266 3546 343 3603 eis
365 3544 382 3576 ⁸
409 3543 763 3613 apostolicum
788 3543 890 3601 hoc
930 3543 1132 3598 dictum
1166 3561 1180 3597 :
1211 3543 1277 3597 Et
1307 3545 1392 3613 qui
1411 3544 1703 3611 manducat,
1734 3546 1845 3601 Do-

266 3634 401 3705 mino
444 3633 717 3688 manducet
771 3650 791 3688 :
831 3642 879 3688 et
904 3634 991 3705 qui
1018 3652 1118 3689 non
1141 3634 1435 3700 manducat,
1482 3635 1699 3705 Domino
1742 3655 1845 3694 non

264 3726 554 3802 manducat,
585 3735 634 3781 et
678 3728 872 3797 gratias
897 3727 1002 3805 agit
1050 3726 1158 3790 Deo
1198 3726 1375 3801 (Rom.
1414 3728 1498 3783 14.
1543 3729 1636 3800 6).
1687 3729 1846 3800 Igitur

263 3818 350 3893 qui
370 3817 595 3888 jejunat,
621 3819 818 3887 gratias
836 3819 945 3888 agit
978 3819 1222 3887 Domino,
1251 3819 1342 3890 qui
1376 3819 1518 3876 viros
1564 3821 1613 3875 ei
1659 3821 1845 3877 tribuit

265 3908 330 3983 ad
373 3906 629 3965 ferendos
665 3908 856 3978 jejunii
887 3910 1100 3964 labores
1133 3926 1147 3963 :
1191 3918 1246 3965 et
1274 3911 1363 3981 qui
1392 3911 1694 3979 manducat,
1742 3913 1843 3967 ite-

267 4013 382 4053 rum
407 4000 607 4069 gratias
632 4000 742 4068 agit
781 4000 911 4065 Deo,
940 4001 1061 4070 quia
1084 4000 1136 4055 id
1167 4001 1299 4055 nihil
1325 4003 1496 4071 ipsum
1520 4002 1716 4059 laedere
1746 4018 1843 4073 po-

264 4097 388 4154 test,
416 4088 707 4158 quominus
731 4087 925 4142 anima:
967 4074 1192 4161 salutem
1214 4100 1353 4160 agat.
1378 4092 1541 4147 modo
1568 4094 1715 4147 velit.
1742 4093 1843 4148 Tot

264 4178 409 4246 enim
434 4178 589 4233 nobis
619 4178 731 4232 vias
782 4179 986 4247 paravit
1026 4179 1286 4249 benignus
1335 4181 1496 4248 Deus,
1523 4192 1656 4252 quot
1687 4162 1843 4245 enar-

265 4285 385 4325 rare
419 4285 526 4324 non
552 4284 857 4340 possumus,
896 4286 992 4341 per
1030 4285 1195 4343 quas,
1226 4273 1272 4337 si
1301 4274 1651 4341 voluerimus,
1691 4290 1841 4331 sum-

265 4377 406 4416 mam
445 4362 688 4418 ﬁduciam
724 4364 934 4433 assequi
976 4363 1120 4419 licet.
1158 4365 1283 4421 llaec
1332 4376 1550 4437 propter
1593 4368 1843 4426 absentes

263 4453 463 4508 dixisse
482 4454 549 4509 sit
578 4455 730 4519 satis,
763 4464 822 4509 ut
856 4454 1074 4510 tollatur
1115 4456 1194 4513 eis
1234 4457 1456 4527 pudoris
1485 4460 1755 4524 obtentus,
1789 4470 1844 4517 et

261 4545 482 4613 sciatur,
509 4561 615 4601 non
656 4556 907 4623 oportere
935 4556 1155 4618 propter
1182 4548 1284 4604 hoc
1311 4551 1516 4620 pudore
1568 4553 1799 4609 sulfundi
1827 4572 1840 4609 :

262 4653 443 4708 neque
473 4639 616 4693 enim
660 4639 960 4696 comedisse
1006 4640 1269 4710 pudorem
1318 4643 1474 4717 nobis
1522 4644 1696 4714 aﬂ‘ert,
1746 4647 1842 4717 sed

260 4728 385 4785 mali
414 4730 684 4801 quidpiam
712 4731 905 4802 egisse.

330 4819 595 4892 Confessio
619 4832 955 4892 peccatorum.
975 4822 1329 4893 Temperantia
1347 4826 1415 4879 ad
1439 4827 1699 4882 sanitatem
1716 4845 1841 4888 con-

260 4915 418 4972 ducit.
440 4943 516 4956 —-
542 4914 822 4971 Peccatum
866 4930 1056 4986 magna
1085 4918 1354 4987 turpitudo
1381 4926 1463 4974 est
1488 4938 1502 4976 :
1541 4910 1585 4975 si
1615 4921 1716 4978 hoc
1743 4923 1842 4978 ad-

263 5008 540 5075 mittimus,
572 5023 678 5075 non
705 5008 879 5063 solum
903 5008 1219 5065 erubescere
1243 5009 1520 5077 debemus,
1550 5012 1645 5068 sed
1665 5022 1720 5068 et
1743 5028 1841 5070 nos

272 5096 548 5163 tceultare,
594 5107 651 5154 et
692 5099 919 5154 miseros
963 5097 1142 5159 dicere
1181 5113 1279 5153 nos
1328 5099 1473 5170 ipsos
1506 5104 1835 5171 nonminus,

276 5202 421 5255 ruam
464 5190 554 5258 qui
582 5191 637 5243 in
664 5193 938 5261 scopulum
982 5191 1353 5263 impegerunt:
1384 5194 1492 5249 imo
1516 5210 1688 5265 neque
1716 5204 1841 5251 tunc

279 5276 594 5355 lespondere
634 5280 868 5336 animum
889 5324 905 5349 ,
954 5284 1047 5338 sed
1074 5284 1141 5338 ad
1170 5283 1560 5341 confessionem
1579 5326 1597 5355 ,
1627 5296 1680 5341 et
1703 5288 1840 5342 resi-

275 5369 570 5427 aisccntiam
613 5369 867 5427 festinare
910 5373 1184 5430 debemus.
1231 5376 1545 5447 Hujusmodi
1587 5377 1729 5432 enim
1756 5387 1840 5433 est

268 5460 515 5515 Dominus
542 5471 742 5528 noster,
770 5462 858 5532 qui
883 5463 1014 5517 nihil
1039 5465 1177 5519 aliud
1209 5468 1429 5538 requirit
1453 5467 1686 5525 admisso
1711 5484 1837 5539 pec-

322 5598 334 5625 ¹
374 5602 488 5665 ueg.
516 5608 659 5665 unus,
684 5594 951 5665 indicantes
974 5597 1181 5665 fructum
1203 5612 1265 5649 ea:
1301 5600 1374 5665 bis
1397 5602 1693 5654 sermonibus
1714 5601 1837 5654 acci-

256 5669 304 5732 ιη
334 5658 499 5730 ndwn.
531 5666 581 5709 L'l
605 5659 748 5732 dicite
771 5659 857 5722 eis,
881 5663 1068 5712 omissis
1090 5663 1401 5724 ιιιιυηοδιιιδ.

1953 344 2090 400 cato,
2120 335 2164 391 si
2202 334 2413 404 quando
2453 350 2545 403 per
2590 335 2849 405 ignaviam
2899 333 3232 405 deliquimus,
3279 349 3440 405 quam
3482 349 3541 389 ut

1950 436 2127 480 errata
2174 426 2542 491 conﬁteamur,
2595 442 2694 481 nec
2741 428 2875 481 ultra
2920 427 3338 497 progrediamur,
3368 428 3455 483 vel
3490 432 3541 480 in

1950 517 2135 572 eadem
2173 518 2491 586 recidamus.
2538 517 2799 580 Caeterum
2842 532 2964 572 cum
3006 518 3126 571 cibo
3157 529 3354 574 nostra:
3382 533 3542 581 men—

1950 623 2088 665 sura:
2136 609 2447 678 oeagruenti
2494 611 2725 676 utimur,
2780 625 3065 679 numquam
3110 611 3543 666 erubescamus:

1952 714 2074 756 nam
2107 701 2360 756 Dominus
2386 717 2481 756 nos
2508 701 2598 756 tali
2629 705 2838 771 corpori
2864 701 3174 771 conjunctos
3203 716 3325 757 esse
3351 701 3544 759 voluit.

1951 790 2092 860 quod
2114 792 2269 866 aliter
2292 793 2584 848 consistere
2612 792 2791 862 nequit
2818 790 2918 846 nisi
2950 793 3069 846 cibo
3091 802 3356 861 pascatur,
3379 792 3547 861 modo

1950 883 2127 938 cibum
2159 882 2379 937 nimium
2409 898 2477 939 ne
2501 897 2777 945 sumamus
2810 900 2823 936 :
2855 882 2907 938 id
2936 882 3076 950 quod
3109 880 3262 937 nobis
3284 882 3355 937 ad
3392 883 3547 937 sani-

1952 982 2114 1029 tatem
2179 983 2233 1029 et
2282 975 2522 1046 corporis
2584 975 2775 1029 bonam
2831 973 3195 1031 habitudinem
3253 973 3547 1044 plurimum

1950 1064 2215 1120 conducit.
2253 1067 2442 1120 Annon
2469 1065 2657 1120 videtis
2684 1064 2921 1135 quotidie
2944 1080 3008 1119 ex
3034 1065 3362 1134 sumptuosis
3381 1079 3547 1119 men-

1950 1160 2023 1213 sis
2048 1169 2098 1214 et
2140 1158 2421 1221 immodica
2469 1159 2698 1229 ingluvie
2738 1157 2942 1220 inﬁnita
2986 1157 3292 1213 morborum
3341 1172 3545 1226 genera

1952 1254 2167 1310 induci?
2213 1255 2362 1325 Unde
2408 1255 2693 1325 podagrae?
2735 1254 2882 1311 Unde
2904 1253 3093 1324 capitis
3117 1251 3371 1321 dolores?
3400 1250 3543 1305 unde

1950 1354 2322 1412 corruptorum
2369 1343 2652 1401 humerum
2691 1342 3049 1398 abundantia?
3096 1341 3235 1396 unde
3273 1340 3546 1397 innumeri

1950 1436 2038 1489 alii
2062 1436 2270 1489 morbi?
2292 1434 2479 1490 Nonne
2505 1435 2572 1489 ab
2593 1433 3003 1504 intemperantia
3031 1442 3085 1487 et
3110 1432 3357 1502 largiore,
3380 1446 3549 1500 quam

1951 1545 2045 1600 par
2072 1530 2160 1595 sit,
2205 1530 2311 1584 vini
2358 1531 2525 1600 potu?
2565 1530 2694 1584 Nam
2741 1530 2879 1584 sicut
2923 1528 3091 1593 navis,
3140 1542 3258 1596 qua:
3282 1525 3439 1595 aquis
3474 1525 3546 1585 ita

1949 1626 2219 1697 impletur,
2247 1634 2304 1679 ut
2348 1624 2611 1679 exhauriri
2644 1630 2888 1693 nequeat,
2924 1625 3099 1677 statim
3140 1620 3546 1689 submergitur:

1950 1716 2022 1771 ita
2050 1727 2104 1771 et
2135 1718 2294 1769 homo
2320 1714 2531 1786 quando
2559 1714 2794 1784 crapulae
2819 1722 2873 1768 et
2899 1711 3142 1768 ebrietati
3180 1712 3418 1779 seipsum
3448 1709 3545 1765 de-

1949 1805 2103 1873 didit,
2140 1806 2189 1859 in
2222 1820 2458 1876 praeceps
2485 1803 2649 1871 vadit,
2683 1814 2737 1859 et
2761 1804 3018 1859 rationem
3044 1817 3193 1857 suam
3220 1800 3542 1870 submergit,

1949 1897 2177 1969 denique
2202 1898 2344 1970 jacet
2386 1898 2534 1969 quasi
2582 1898 2757 1951 vivum
2788 1896 3035 1962 cadaver,
3066 1894 3131 1949 ad
3159 1893 3295 1948 mala
3326 1892 3544 1963 quidem

1949 1990 2218 2059 opcranda
2268 2003 2411 2058 saepe
2454 1988 2663 2053 habilis,
2706 1988 2772 2041 ad
2803 1988 2941 2049 bona
2970 1994 3143 2041 autem
3170 1985 3348 2041 omnia
3375 1984 3545 2039 nihilo

1950 2096 2009 2141 se
2036 2082 2227 2137 melius
2266 2080 2489 2145 habens,
2520 2096 2677 2152 quam
2709 2081 2923 2134 mortui.

2024 2173 2079 2229 5.
2122 2173 2321 2229 Idcirco
2352 2174 2595 2238 obsecro,
2626 2180 2684 2227 ut
2709 2171 2998 2227 secundum
3038 2171 3250 2227 beatum
3292 2169 3537 2229 Paulum,

1951 2263 2130 2320 Carnis
2168 2280 2343 2318 curam
2384 2281 2449 2319 ne
2489 2265 2651 2335 agatis
2679 2264 2748 2317 ad
2783 2262 3210 2333 concupiscentius
3239 2258 3416 2332 (Rom.
3452 2260 3542 2333 {5.

1951 2357 2061 2426 ll),
2090 2356 2182 2411 sed
2222 2366 2276 2409 ut
2316 2357 2529 2426 possitis
2578 2355 2889 2421 subsistere,
2933 2364 2987 2409 et
3027 2352 3216 2422 majori
3266 2352 3543 2407 alacritate

1950 2447 2109 2503 rebus
2155 2446 2516 2517 spiritualibus
2560 2461 2780 2517 operam
2809 2445 2958 2501 dare.
3000 2443 3127 2498 Hmc
3151 2443 3327 2497 omnia
3358 2442 3545 2497 fratri-

1950 2538 2048 2593 bus
2076 2539 2264 2593 vestris
2302 2539 2480 2605 dicite,
2512 2547 2564 2594 et
2594 2537 2814 2593 suadete
2843 2536 2969 2601 illis,
2998 2549 3065 2589 ne
3092 2548 3341 2604 umquam
3377 2531 3540 2604 Spiri«

1951 2628 2075 2684 tuali
2107 2626 2209 2684 hoc
2244 2629 2498 2684 alimento
2526 2643 2585 2684 se
2611 2628 2854 2698 privent;
2903 2626 2999 2681 sed
3038 2626 3138 2681 etsi
3182 2626 3363 2694 pransi
3406 2626 3538 2687 sint,

1950 2718 2166 2773 veniant
2194 2720 2337 2774 omni
2366 2734 2487 2773 cum
2513 2720 2807 2785 alacritate,
2835 2728 2893 2773 ut
2920 2728 3137 2787 accepta
3165 2716 3251 2770 hic
3272 2715 3541 2786 spirituali

1952 2812 2215 2879 doctrina,
2247 2812 2519 2868 diabolicis
2551 2813 2754 2867 insidiis
2794 2812 2999 2867 fortiter
3027 2810 3281 2866 resistere
3309 2810 3538 2879 passim.

1949 2905 2215 2961 Caeterum
2258 2906 2411 2959 vobis
2456 2914 2763 2960 consuetam
2810 2903 3138 2973 spiritualem
3171 2916 3411 2957 mensam
3444 2916 3541 2956 nos

1950 3011 2299 3066 apponamus,
2330 2997 2565 3058 caritatis
2593 3006 2786 3052 vestra:
2815 2996 2868 3050 in
2899 2994 3175 3051 audiendis
3198 2994 3399 3048 divinis
3429 3002 3541 3048 stu-

1950 3087 2094 3142 dium
2125 3087 2202 3143 sic
2240 3089 2650 3156 remuneraturi,
2680 3099 2732 3143 et
2760 3087 2998 3143 debitum
3027 3086 3167 3157 quod
3196 3086 3541 3155 promisimus

1950 3180 2264 3236 exsoluturi.
2311 3181 2470 3236 Scitis
2503 3180 2645 3235 enim
2693 3180 2929 3245 omnino,
2972 3188 3026 3233 et
3054 3176 3394 3243 meministis,
3440 3192 3540 3232 nos

1950 3271 2019 3326 de
2063 3271 2292 3326 hominis
2338 3270 2655 3327 formatione
2694 3272 2875 3328 dicere
2911 3270 3160 3341 cmpisse,
3202 3278 3259 3324 et
3293 3269 3539 3339 angustia

1952 3365 2205 3433 temporis
2252 3363 2592 3434 praepeditos,
2634 3364 2914 3419 lectionem
2944 3372 3109 3417 totam
3141 3360 3400 3431 perﬁcere
3430 3375 3538 3415 non

1949 3458 2208 3523 valentes,
2254 3457 2306 3511 in
2357 3456 2597 3511 doctrina
2641 3455 2709 3510 de
2754 3454 2984 3511 ferarum
3014 3452 3240 3508 utilitate
3264 3452 3428 3506 ﬁnem
3457 3450 3538 3506 fe-

1948 3549 2110 3613 cisse,
2135 3547 2499 3612 ostendentes,
2547 3546 2817 3602 hominem
2860 3554 3078 3616 propter
3117 3542 3537 3598 inobedientiam

1947 3654 1979 3693 a
2008 3638 2325 3708 principatu,
2367 3652 2526 3708 quem
2576 3637 2723 3707 prius
2768 3652 2928 3705 super
2967 3649 3060 3691 eas
3095 3634 3344 3697 habebat,
3384 3634 3537 3688 exci-

1948 3729 2111 3785 disse.
2134 3728 2288 3785 Unde
2317 3728 2475 3783 hodie
2498 3731 2637 3800 quod
2658 3727 2922 3797 reliquum
2944 3736 3026 3782 est
3043 3726 3349 3790 reddemus,
3375 3716 3539 3794 ahue

1950 3822 2020 3876 ita
2074 3821 2198 3875 hinc
2246 3833 2344 3875 vos
2393 3820 2743 3875 dimittemus.
2795 3818 2864 3873 Et
2914 3826 2974 3872 ut
3021 3814 3349 3871 manifestior
3382 3814 3538 3869 vobis

1949 3927 2126 3969 sermo
2170 3921 2353 3970 noster
2394 3914 2483 3977 sit,
2528 3925 2706 3980 operm
2746 3909 2981 3979 pretium
3001 3908 3160 3963 fuerit
3200 3906 3530 3971 meminisse,

1949 4006 2037 4061 ubi
2076 4014 2203 4061 tunc
2242 4005 2464 4060 missum
2492 4003 2775 4059 fecerimus
2803 4017 3128 4066 sermonem,
3155 4009 3213 4055 ut
3239 4000 3361 4054 inde
3390 3997 3535 4055 facto

1948 4099 2117 4165 initio,
2160 4113 2278 4167 qua:
2304 4097 2507 4166 reliqua
2530 4103 2658 4154 sunt
2685 4095 3021 4165 impleamus.
3054 4092 3155 4149 Ubi
3181 4092 3341 4161 igitur
3368 4091 3532 4145 finem

1948 4190 2160 4247 dicendi
2189 4188 2449 4245 fecimus?
2477 4187 2608 4243 Cum
2630 4186 2860 4261 diximus
2889 4185 2955 4240 de
2981 4186 3082 4240 illis
3108 4184 3305 4248 verbis,
3340 4182 3532 4236 Facia-

1948 4300 2060 4337 mus
2109 4283 2360 4337 hominem
2395 4282 2666 4336 secundum
2693 4280 2962 4349 imaginem
2986 4287 3228 4341 nostram,
3260 4284 3307 4329 et
3348 4292 3532 4330 secun-

1949 4374 2069 4428 dum
2105 4373 2503 4439 similitudinem,
2546 4381 2593 4426 et
2637 4371 2954 4425 dominentur
3000 4368 3218 4439 piscibus
3260 4368 3435 4429 maris,
3484 4377 3531 4420 et

1947 4464 2230 4517 volucribus
2252 4463 2385 4527 cwli,
2416 4462 2537 4531 quia
2565 4470 2690 4515 tunc
2714 4473 2891 4516 sermo
2921 4458 3176 4529 prolixior
3204 4457 3323 4521 fuit,
3354 4465 3409 4511 et
3434 4472 3528 4510 na-

1948 4562 2058 4608 tum
2103 4563 2185 4608 est
2226 4553 2380 4608 nobis
2427 4553 2644 4622 pelagus
2680 4550 2944 4621 quoddam
2987 4548 3392 4613 sententiarum,
3433 4563 3529 4604 nec

1946 4658 2280 4709 concessum,
2312 4651 2373 4698 ut
2400 4643 2621 4698 ulterius
2653 4642 3114 4712 progrederemur,
3146 4640 3239 4695 sed
3269 4640 3530 4693 hactenus

1948 4736 2204 4806 producto
2241 4750 2508 4797 sermone,
2558 4733 2832 4804 sequentia
2877 4749 2981 4787 non
3034 4733 3325 4802 attiginms.
3378 4732 3532 4787 Unde

1946 4841 2087 4884 nunc
2126 4826 2505 4893 necessarium,
2549 4835 2607 4880 ut
2642 4825 2845 4880 caritati
2871 4832 3061 4879 vestra:
3089 4836 3208 4892 quae
3236 4832 3533 4892 sequuntur

1946 4921 2206 4990 legantur,
2254 4927 2311 4974 ut
2349 4918 2487 4973 scire
2526 4916 2741 4987 possitis
2767 4930 3010 4986 quaenam
3055 4914 3205 4970 vobis
3233 4913 3424 4968 dicturi
3454 4914 3530 4967 si-

1945 5026 2088 5077 mus.
2123 5010 2309 5065 Statim
2338 5010 2495 5079 igitur
2522 5009 2701 5064 divina
2730 5008 2999 5077 Scriptura
3036 5006 3270 5062 subdidit
3302 5023 3317 5063 :
3342 5005 3434 5060 9.7.
3464 5005 3532 5059 Et

1946 5102 2060 5173 fecit
2076 5100 2214 5157 Deus
2235 5101 2507 5166 hominem;
2526 5100 2801 5156 secundum
2820 5099 3087 5168 imaginem
3108 5097 3204 5150 Dei
3222 5097 3337 5166 fecit
3360 5097 3528 5162 illum;

1946 5195 2227 5247 masculum
2269 5204 2316 5249 ct
2345 5193 2583 5262 feminam
2612 5193 2727 5261 fecit
2751 5191 2887 5245 illos.
2916 5190 3009 5244 28.
3048 5187 3116 5241 Et
3143 5187 3395 5241 benedixit
3426 5186 3531 5239 illis

1946 5282 2084 5337 Deus
2137 5284 2306 5337 dicens
2335 5299 2354 5336 :
2393 5281 2611 5337 Crescite
2654 5292 2702 5336 et
2740 5278 3185 5351 multiplicamini,
3233 5286 3279 5331 et
3326 5278 3532 5347 implete

1947 5385 2150 5439 terram,
2177 5385 2222 5428 et
2246 5375 2569 5428 dominemini
2596 5374 2663 5439 ei;
2690 5382 2738 5428 et
2756 5372 3082 5427 dominamini
3112 5369 3328 5439 piscibus
3352 5367 3529 5435 maris,

1944 5478 1992 5522 et
2020 5467 2303 5522 volatilibus
2322 5468 2451 5535 cwli,
2470 5478 2515 5522 et
2541 5468 2768 5520 omnibus
2781 5465 3056 5535 pecoribus,
3074 5474 3120 5517 et
3135 5463 3271 5515 omni
3295 5472 3460 5524 term,
3481 5478 3529 5516 es

1945 5561 2174 5621 omnibus
2200 5562 2458 5631 reptilibus
2475 5560 2757 5628 repentibus
2785 5574 2937 5627 super
2964 5566 3170 5609 terram.
3204 5553 3376 5608 Pauca
3405 5564 3532 5609 sunt

1899 5684 1915 5690 ε
1950 5653 2128 5725 verba,
2150 5653 2242 5709 scd
2258 5668 2475 5731 magnus
2507 5651 2810 5708 reconditus
2838 5650 3117 5717 thesaurus
3139 5646 3191 5701 in
3212 5656 3318 5706 tam
3345 5646 3530 5717 paucis
