  <div class='ocr_page' id='page_1' title='image "/cluster/home/n/w/nwhite01/storage/ocr_20150623/53-54/hvd.32044012465829/086.png"; bbox 0 0 3784 6244; ppageno 0'>
   <div class='ocr_carea' id='block_1_1' title="bbox 254 296 1863 362">
    <p class='ocr_par' dir='ltr' id='par_1_1' title="bbox 254 296 1863 358">
     <span class='ocr_line' id='line_1_1' title="bbox 254 296 1863 358; baseline -0.002 -2"><span class='ocrx_word' id='word_1_1' title='bbox 254 302 327 358; x_wconf 78' lang='lat'><strong>85</strong></span> <span class='ocrx_word' id='word_1_2' title='bbox 1374 299 1436 353; x_wconf 81' lang='lat' dir='ltr'><strong>IN</strong></span> <span class='ocrx_word' id='word_1_3' title='bbox 1476 299 1629 355; x_wconf 77' lang='lat' dir='ltr'><strong>CAP.</strong></span> <span class='ocrx_word' id='word_1_4' title='bbox 1673 300 1714 353; x_wconf 94' lang='grc'><strong>1.</strong></span> <span class='ocrx_word' id='word_1_5' title='bbox 1754 296 1863 355; x_wconf 76' lang='grc' dir='ltr'><strong>ϐΕῘ</strong></span> 
     </span>
    </p>
   </div>
   <div class='ocr_carea' id='block_1_2' title="bbox 1991 296 3553 362">
    <p class='ocr_par' dir='ltr' id='par_1_2' title="bbox 1991 297 3553 362">
     <span class='ocr_line' id='line_1_2' title="bbox 1991 297 3553 362; baseline 0.004 -9"><span class='ocrx_word' id='word_1_6' title='bbox 1991 340 1996 354; x_wconf 87' lang='grc'><em>.</em></span> <span class='ocrx_word' id='word_1_7' title='bbox 2039 297 2273 362; x_wconf 78' lang='lat' dir='ltr'><strong>HOMIL.</strong></span> <span class='ocrx_word' id='word_1_8' title='bbox 2319 301 2384 355; x_wconf 77' lang='grc' dir='ltr'><strong>Χ.</strong></span> <span class='ocrx_word' id='word_1_9' title='bbox 3479 304 3553 360; x_wconf 80' lang='lat' dir='ltr'><strong>8G</strong></span> 
     </span>
    </p>
   </div>
   <div class='ocr_carea' id='block_1_3' title="bbox 256 410 1852 483">
    <p class='ocr_par' dir='ltr' id='par_1_3' title="bbox 256 410 1852 483">
     <span class='ocr_line' id='line_1_3' title="bbox 256 410 1852 483; baseline -0.003 -13"><span class='ocrx_word' id='word_1_10' title='bbox 256 414 464 470; x_wconf 77' lang='lat' dir='ltr'><strong>verbis.</strong></span> <span class='ocrx_word' id='word_1_11' title='bbox 522 413 726 483; x_wconf 92' lang='lat' dir='ltr'><strong>Spiritu</strong></span> <span class='ocrx_word' id='word_1_12' title='bbox 775 412 915 467; x_wconf 90' lang='lat' dir='ltr'><strong>enim</strong></span> <span class='ocrx_word' id='word_1_13' title='bbox 962 412 1185 481; x_wconf 88' lang='lat' dir='ltr'><strong>loquens</strong></span> <span class='ocrx_word' id='word_1_14' title='bbox 1229 410 1414 467; x_wconf 89' lang='lat' dir='ltr'><strong>beatus</strong></span> <span class='ocrx_word' id='word_1_15' title='bbox 1444 411 1532 467; x_wconf 92' lang='lat' dir='ltr'><strong>hic</strong></span> <span class='ocrx_word' id='word_1_16' title='bbox 1575 412 1852 483; x_wconf 78' lang='lat' dir='ltr'><strong>propheta,</strong></span> 
     </span>
    </p>
   </div>
   <div class='ocr_carea' id='block_1_4' title="bbox 256 502 1857 574">
    <p class='ocr_par' dir='ltr' id='par_1_4' title="bbox 256 502 1857 574">
     <span class='ocr_line' id='line_1_4' title="bbox 256 502 1857 574; baseline -0.002 -13"><span class='ocrx_word' id='word_1_17' title='bbox 256 522 405 561; x_wconf 75' lang='lat' dir='ltr'><strong>nunc</strong></span> <span class='ocrx_word' id='word_1_18' title='bbox 427 521 529 560; x_wconf 89' lang='lat' dir='ltr'><strong>nos</strong></span> <span class='ocrx_word' id='word_1_19' title='bbox 558 520 751 559; x_wconf 85' lang='lat' dir='ltr'><strong>arcana</strong></span> <span class='ocrx_word' id='word_1_20' title='bbox 778 503 1019 574; x_wconf 76' lang='lat' dir='ltr'><strong>quzedam</strong></span> <span class='ocrx_word' id='word_1_21' title='bbox 1044 502 1238 559; x_wconf 87' lang='lat' dir='ltr'><strong>docere</strong></span> <span class='ocrx_word' id='word_1_22' title='bbox 1262 504 1391 558; x_wconf 90' lang='lat' dir='ltr'><strong>vult.</strong></span> <span class='ocrx_word' id='word_1_23' title='bbox 1420 504 1549 559; x_wconf 86' lang='lat' dir='ltr'><strong>Nam</strong></span> <span class='ocrx_word' id='word_1_24' title='bbox 1582 513 1857 574; x_wconf 79' lang='lat' dir='ltr'><strong>postquam</strong></span> 
     </span>
    </p>
   </div>
   <div class='ocr_carea' id='block_1_5' title="bbox 252 595 1858 660">
    <p class='ocr_par' dir='ltr' id='par_1_5' title="bbox 252 595 1858 660">
     <span class='ocr_line' id='line_1_5' title="bbox 252 595 1858 660; baseline -0.001 -10"><span class='ocrx_word' id='word_1_25' title='bbox 252 597 418 659; x_wconf 78' lang='lat' dir='ltr'><strong>dixit,</strong></span> <span class='ocrx_word' id='word_1_26' title='bbox 452 595 731 649; x_wconf 78' lang='lat' dir='ltr'><strong>Faciamus</strong></span> <span class='ocrx_word' id='word_1_27' title='bbox 755 595 1028 656; x_wconf 84' lang='lat' dir='ltr'><strong>hominem,</strong></span> <span class='ocrx_word' id='word_1_28' title='bbox 1058 604 1110 649; x_wconf 91' lang='lat' dir='ltr'><strong>et</strong></span> <span class='ocrx_word' id='word_1_29' title='bbox 1149 596 1449 659; x_wconf 76' lang='lat' dir='ltr'><strong>consilium,</strong></span> <span class='ocrx_word' id='word_1_30' title='bbox 1479 605 1552 660; x_wconf 90' lang='lat' dir='ltr'><strong>et,</strong></span> <span class='ocrx_word' id='word_1_31' title='bbox 1588 605 1644 650; x_wconf 91' lang='lat' dir='ltr'><strong>ttt</strong></span> <span class='ocrx_word' id='word_1_32' title='bbox 1674 597 1741 649; x_wconf 88' lang='lat' dir='ltr'><strong>ita</strong></span> <span class='ocrx_word' id='word_1_33' title='bbox 1773 595 1858 649; x_wconf 84' lang='lat' dir='ltr'><strong>di-</strong></span> 
     </span>
    </p>
   </div>
   <div class='ocr_carea' id='block_1_6' title="bbox 255 686 1856 758">
    <p class='ocr_par' dir='ltr' id='par_1_6' title="bbox 255 686 1856 758">
     <span class='ocr_line' id='line_1_6' title="bbox 255 686 1856 758; baseline -0.001 -14"><span class='ocrx_word' id='word_1_34' title='bbox 255 704 405 753; x_wconf 69' lang='lat' dir='ltr'><strong>alio,</strong></span> <span class='ocrx_word' id='word_1_35' title='bbox 438 689 675 743; x_wconf 87' lang='lat' dir='ltr'><strong>studium</strong></span> <span class='ocrx_word' id='word_1_36' title='bbox 708 686 945 741; x_wconf 81' lang='lat' dir='ltr'><strong>adhibuit</strong></span> <span class='ocrx_word' id='word_1_37' title='bbox 972 688 1208 743; x_wconf 88' lang='lat' dir='ltr'><strong>omnium</strong></span> <span class='ocrx_word' id='word_1_38' title='bbox 1252 689 1459 758; x_wconf 83' lang='lat' dir='ltr'><strong>Opifex,</strong></span> <span class='ocrx_word' id='word_1_39' title='bbox 1492 698 1547 743; x_wconf 89' lang='lat' dir='ltr'><strong>ut</strong></span> <span class='ocrx_word' id='word_1_40' title='bbox 1572 688 1672 743; x_wconf 91' lang='lat' dir='ltr'><strong>hoc</strong></span> <span class='ocrx_word' id='word_1_41' title='bbox 1701 690 1856 743; x_wconf 81' lang='lat' dir='ltr'><strong>sche-</strong></span> 
     </span>
    </p>
   </div>
   <div class='ocr_carea' id='block_1_7' title="bbox 260 780 1858 850">
    <p class='ocr_par' dir='ltr' id='par_1_7' title="bbox 260 780 1858 850">
     <span class='ocr_line' id='line_1_7' title="bbox 260 780 1858 850; baseline -0.001 -15"><span class='ocrx_word' id='word_1_42' title='bbox 260 792 409 836; x_wconf 86' lang='lat' dir='ltr'><strong>mate</strong></span> <span class='ocrx_word' id='word_1_43' title='bbox 436 780 697 836; x_wconf 82' lang='lat' dir='ltr'><strong>formandi</strong></span> <span class='ocrx_word' id='word_1_44' title='bbox 722 780 951 834; x_wconf 84' lang='lat' dir='ltr'><strong>hominis</strong></span> <span class='ocrx_word' id='word_1_45' title='bbox 976 780 1283 850; x_wconf 88' lang='lat' dir='ltr'><strong>dignitatem</strong></span> <span class='ocrx_word' id='word_1_46' title='bbox 1306 782 1631 845; x_wconf 83' lang='lat' dir='ltr'><strong>ostenderet,</strong></span> <span class='ocrx_word' id='word_1_47' title='bbox 1658 790 1711 834; x_wconf 77' lang='lat' dir='ltr'><strong>et</strong></span> <span class='ocrx_word' id='word_1_48' title='bbox 1736 789 1858 834; x_wconf 88' lang='lat' dir='ltr'><strong>ante</strong></span> 
     </span>
    </p>
   </div>
   <div class='ocr_carea' id='block_1_8' title="bbox 262 870 1857 942">
    <p class='ocr_par' dir='ltr' id='par_1_8' title="bbox 262 870 1857 942">
     <span class='ocr_line' id='line_1_8' title="bbox 262 870 1857 942; baseline 0 -17"><span class='ocrx_word' id='word_1_49' title='bbox 262 873 647 927; x_wconf 85' lang='lat' dir='ltr'><strong>formationem</strong></span> <span class='ocrx_word' id='word_1_50' title='bbox 698 872 859 926; x_wconf 89' lang='lat' dir='ltr'><strong>etiam</strong></span> <span class='ocrx_word' id='word_1_51' title='bbox 910 870 1146 935; x_wconf 90' lang='lat' dir='ltr'><strong>doceret,</strong></span> <span class='ocrx_word' id='word_1_52' title='bbox 1201 880 1454 942; x_wconf 86' lang='lat' dir='ltr'><strong>quantum</strong></span> <span class='ocrx_word' id='word_1_53' title='bbox 1508 873 1857 941; x_wconf 72' lang='lat' dir='ltr'><strong>principatum</strong></span> 
     </span>
    </p>
   </div>
   <div class='ocr_carea' id='block_1_9' title="bbox 263 962 1858 1033">
    <p class='ocr_par' dir='ltr' id='par_1_9' title="bbox 263 962 1858 1033">
     <span class='ocr_line' id='line_1_9' title="bbox 263 962 1858 1033; baseline -0.001 -14"><span class='ocrx_word' id='word_1_54' title='bbox 263 964 551 1019; x_wconf 86' lang='lat' dir='ltr'><strong>formando</strong></span> <span class='ocrx_word' id='word_1_55' title='bbox 574 964 773 1018; x_wconf 88' lang='lat' dir='ltr'><strong>homini</strong></span> <span class='ocrx_word' id='word_1_56' title='bbox 795 963 1014 1017; x_wconf 89' lang='lat' dir='ltr'><strong>daturus</strong></span> <span class='ocrx_word' id='word_1_57' title='bbox 1036 972 1196 1018; x_wconf 81' lang='lat' dir='ltr'><strong>esset.</strong></span> <span class='ocrx_word' id='word_1_58' title='bbox 1222 964 1401 1033; x_wconf 80' lang='lat' dir='ltr'><strong>Itaque</strong></span> <span class='ocrx_word' id='word_1_59' title='bbox 1418 980 1539 1018; x_wconf 89' lang='lat' dir='ltr'><strong>cum</strong></span> <span class='ocrx_word' id='word_1_60' title='bbox 1557 964 1687 1018; x_wconf 81' lang='lat' dir='ltr'><strong>dixit</strong></span> <span class='ocrx_word' id='word_1_61' title='bbox 1711 982 1723 1017; x_wconf 94' lang='lat'>:</span> <span class='ocrx_word' id='word_1_62' title='bbox 1748 962 1858 1017; x_wconf 83' lang='lat' dir='ltr'><strong>Fa-</strong></span> 
     </span>
    </p>
   </div>
   <div class='ocr_carea' id='block_1_10' title="bbox 260 1053 1859 1125">
    <p class='ocr_par' dir='ltr' id='par_1_10' title="bbox 260 1053 1859 1125">
     <span class='ocr_line' id='line_1_10' title="bbox 260 1053 1859 1125; baseline -0.001 -17"><span class='ocrx_word' id='word_1_63' title='bbox 260 1056 466 1109; x_wconf 82' lang='lat' dir='ltr'><strong>ciamus</strong></span> <span class='ocrx_word' id='word_1_64' title='bbox 491 1055 745 1108; x_wconf 79' lang='lat' dir='ltr'><strong>hominem</strong></span> <span class='ocrx_word' id='word_1_65' title='bbox 783 1053 1058 1108; x_wconf 86' lang='lat' dir='ltr'><strong>secundum</strong></span> <span class='ocrx_word' id='word_1_66' title='bbox 1102 1054 1371 1125; x_wconf 85' lang='lat' dir='ltr'><strong>imaginem</strong></span> <span class='ocrx_word' id='word_1_67' title='bbox 1415 1066 1659 1121; x_wconf 78' lang='lat' dir='ltr'><strong>nostrain,</strong></span> <span class='ocrx_word' id='word_1_68' title='bbox 1706 1062 1752 1107; x_wconf 89' lang='lat' dir='ltr'><strong>et</strong></span> <span class='ocrx_word' id='word_1_69' title='bbox 1777 1071 1859 1107; x_wconf 86' lang='lat' dir='ltr'><strong>se-</strong></span> 
     </span>
    </p>
   </div>
   <div class='ocr_carea' id='block_1_11' title="bbox 262 1144 1859 1214">
    <p class='ocr_par' dir='ltr' id='par_1_11' title="bbox 262 1144 1859 1214">
     <span class='ocr_line' id='line_1_11' title="bbox 262 1144 1859 1214; baseline 0 -16"><span class='ocrx_word' id='word_1_70' title='bbox 262 1146 496 1198; x_wconf 77' lang='lat' dir='ltr'><strong>cundum</strong></span> <span class='ocrx_word' id='word_1_71' title='bbox 520 1144 928 1209; x_wconf 72' lang='lat' dir='ltr'><strong>similitudinem;</strong></span> <span class='ocrx_word' id='word_1_72' title='bbox 966 1144 1221 1209; x_wconf 83' lang='lat' dir='ltr'><strong>subdidit,</strong></span> <span class='ocrx_word' id='word_1_73' title='bbox 1277 1154 1324 1200; x_wconf 88' lang='lat' dir='ltr'><strong>et</strong></span> <span class='ocrx_word' id='word_1_74' title='bbox 1355 1145 1675 1199; x_wconf 78' lang='lat' dir='ltr'><strong>dominentur</strong></span> <span class='ocrx_word' id='word_1_75' title='bbox 1705 1146 1859 1214; x_wconf 86' lang='lat' dir='ltr'><strong>pisci-</strong></span> 
     </span>
    </p>
   </div>
   <div class='ocr_carea' id='block_1_12' title="bbox 261 1234 1858 1306">
    <p class='ocr_par' dir='ltr' id='par_1_12' title="bbox 261 1234 1858 1306">
     <span class='ocr_line' id='line_1_12' title="bbox 261 1234 1858 1306; baseline 0.002 -17"><span class='ocrx_word' id='word_1_76' title='bbox 261 1236 362 1291; x_wconf 78' lang='lat' dir='ltr'><strong>bus</strong></span> <span class='ocrx_word' id='word_1_77' title='bbox 414 1238 593 1289; x_wconf 85' lang='lat' dir='ltr'><strong>maris.</strong></span> <span class='ocrx_word' id='word_1_78' title='bbox 627 1234 760 1290; x_wconf 83' lang='lat' dir='ltr'><strong>Vide</strong></span> <span class='ocrx_word' id='word_1_79' title='bbox 795 1236 1065 1306; x_wconf 89' lang='lat' dir='ltr'><strong>quomodo</strong></span> <span class='ocrx_word' id='word_1_80' title='bbox 1111 1236 1287 1291; x_wconf 85' lang='lat' dir='ltr'><strong>statim</strong></span> <span class='ocrx_word' id='word_1_81' title='bbox 1318 1237 1385 1291; x_wconf 89' lang='lat' dir='ltr'><strong>ab</strong></span> <span class='ocrx_word' id='word_1_82' title='bbox 1415 1237 1565 1292; x_wconf 87' lang='lat' dir='ltr'><strong>initio</strong></span> <span class='ocrx_word' id='word_1_83' title='bbox 1608 1237 1858 1292; x_wconf 82' lang='lat' dir='ltr'><strong>latentem</strong></span> 
     </span>
    </p>
   </div>
   <div class='ocr_carea' id='block_1_13' title="bbox 267 1328 1861 1398">
    <p class='ocr_par' dir='ltr' id='par_1_13' title="bbox 267 1328 1861 1398">
     <span class='ocr_line' id='line_1_13' title="bbox 267 1328 1861 1398; baseline 0.002 -17"><span class='ocrx_word' id='word_1_84' title='bbox 267 1328 428 1382; x_wconf 82' lang='lat' dir='ltr'><strong>nobis</strong></span> <span class='ocrx_word' id='word_1_85' title='bbox 476 1329 785 1383; x_wconf 84' lang='lat' dir='ltr'><strong>thesaurum</strong></span> <span class='ocrx_word' id='word_1_86' title='bbox 843 1328 1192 1383; x_wconf 87' lang='lat' dir='ltr'><strong>demonstrat.</strong></span> <span class='ocrx_word' id='word_1_87' title='bbox 1240 1328 1437 1398; x_wconf 82' lang='lat' dir='ltr'><strong>Spiritu</strong></span> <span class='ocrx_word' id='word_1_88' title='bbox 1483 1330 1622 1383; x_wconf 82' lang='lat' dir='ltr'><strong>cuitu</strong></span> <span class='ocrx_word' id='word_1_89' title='bbox 1677 1330 1861 1385; x_wconf 88' lang='lat' dir='ltr'><strong>divino</strong></span> 
     </span>
    </p>
   </div>
   <div class='ocr_carea' id='block_1_14' title="bbox 268 1418 1862 1491">
    <p class='ocr_par' dir='ltr' id='par_1_14' title="bbox 268 1418 1862 1491">
     <span class='ocr_line' id='line_1_14' title="bbox 268 1418 1862 1491; baseline 0.001 -18"><span class='ocrx_word' id='word_1_90' title='bbox 268 1422 503 1489; x_wconf 67' lang='lat' dir='ltr'><strong>loquens</strong></span> <span class='ocrx_word' id='word_1_91' title='bbox 547 1418 829 1490; x_wconf 81' lang='lat' dir='ltr'><strong>propheta,</strong></span> <span class='ocrx_word' id='word_1_92' title='bbox 877 1435 996 1489; x_wconf 73' lang='lat' dir='ltr'><strong>qute</strong></span> <span class='ocrx_word' id='word_1_93' title='bbox 1027 1420 1259 1474; x_wconf 90' lang='lat' dir='ltr'><strong>nondum</strong></span> <span class='ocrx_word' id='word_1_94' title='bbox 1302 1420 1678 1487; x_wconf 70' lang='lat' dir='ltr'><strong>subsistebant,</strong></span> <span class='ocrx_word' id='word_1_95' title='bbox 1710 1420 1862 1491; x_wconf 89' lang='lat' dir='ltr'><strong>quasi</strong></span> 
     </span>
    </p>
   </div>
   <div class='ocr_carea' id='block_1_15' title="bbox 266 1507 1859 1578">
    <p class='ocr_par' dir='ltr' id='par_1_15' title="bbox 266 1507 1859 1578">
     <span class='ocr_line' id='line_1_15' title="bbox 266 1507 1859 1578; baseline 0.001 -14"><span class='ocrx_word' id='word_1_96' title='bbox 266 1510 616 1564; x_wconf 76' lang='lat' dir='ltr'><strong>subsistentia</strong></span> <span class='ocrx_word' id='word_1_97' title='bbox 646 1519 701 1564; x_wconf 88' lang='lat' dir='ltr'><strong>et</strong></span> <span class='ocrx_word' id='word_1_98' title='bbox 730 1508 866 1565; x_wconf 89' lang='lat' dir='ltr'><strong>facta</strong></span> <span class='ocrx_word' id='word_1_99' title='bbox 896 1507 1060 1564; x_wconf 83' lang='lat' dir='ltr'><strong>videt.</strong></span> <span class='ocrx_word' id='word_1_100' title='bbox 1097 1509 1273 1578; x_wconf 87' lang='lat' dir='ltr'><strong>Quare</strong></span> <span class='ocrx_word' id='word_1_101' title='bbox 1300 1526 1449 1577; x_wconf 81' lang='lat' dir='ltr'><strong>ergo,</strong></span> <span class='ocrx_word' id='word_1_102' title='bbox 1481 1511 1583 1574; x_wconf 87' lang='lat' dir='ltr'><strong>die,</strong></span> <span class='ocrx_word' id='word_1_103' title='bbox 1614 1510 1859 1577; x_wconf 88' lang='lat' dir='ltr'><strong>obsecro,</strong></span> 
     </span>
    </p>
   </div>
   <div class='ocr_carea' id='block_1_16' title="bbox 267 1601 1861 1669">
    <p class='ocr_par' dir='ltr' id='par_1_16' title="bbox 267 1601 1861 1669">
     <span class='ocr_line' id='line_1_16' title="bbox 267 1601 1861 1669; baseline 0.001 -14"><span class='ocrx_word' id='word_1_104' title='bbox 267 1615 327 1655; x_wconf 83' lang='lat' dir='ltr'><strong>ut</strong></span> <span class='ocrx_word' id='word_1_105' title='bbox 359 1603 514 1665; x_wconf 73' lang='lat' dir='ltr'><strong>dixit,</strong></span> <span class='ocrx_word' id='word_1_106' title='bbox 549 1601 823 1656; x_wconf 86' lang='lat' dir='ltr'><strong>Faciamus</strong></span> <span class='ocrx_word' id='word_1_107' title='bbox 854 1602 1126 1669; x_wconf 79' lang='lat' dir='ltr'><strong>hominem,</strong></span> <span class='ocrx_word' id='word_1_108' title='bbox 1154 1619 1294 1657; x_wconf 90' lang='lat' dir='ltr'><strong>nunc</strong></span> <span class='ocrx_word' id='word_1_109' title='bbox 1319 1603 1473 1668; x_wconf 85' lang='lat' dir='ltr'><strong>dixit,</strong></span> <span class='ocrx_word' id='word_1_110' title='bbox 1500 1602 1562 1655; x_wconf 82' lang='lat' dir='ltr'><strong>Et</strong></span> <span class='ocrx_word' id='word_1_111' title='bbox 1592 1602 1861 1656; x_wconf 83' lang='lat' dir='ltr'><strong>dominen-</strong></span> 
     </span>
    </p>
   </div>
   <div class='ocr_carea' id='block_1_17' title="bbox 266 1691 1864 1761">
    <p class='ocr_par' dir='ltr' id='par_1_17' title="bbox 266 1691 1864 1761">
     <span class='ocr_line' id='line_1_17' title="bbox 266 1691 1864 1761; baseline 0 -16"><span class='ocrx_word' id='word_1_112' title='bbox 266 1694 384 1745; x_wconf 78' lang='lat' dir='ltr'><strong>tur.’</strong></span> <span class='ocrx_word' id='word_1_113' title='bbox 402 1691 685 1747; x_wconf 87' lang='lat' dir='ltr'><strong>Occultum</strong></span> <span class='ocrx_word' id='word_1_114' title='bbox 708 1691 862 1747; x_wconf 87' lang='lat' dir='ltr'><strong>nobis</strong></span> <span class='ocrx_word' id='word_1_115' title='bbox 886 1699 1276 1746; x_wconf 86' lang='lat' dir='ltr'><strong>sacramentum</strong></span> <span class='ocrx_word' id='word_1_116' title='bbox 1305 1692 1389 1746; x_wconf 91' lang='lat' dir='ltr'><strong>hic</strong></span> <span class='ocrx_word' id='word_1_117' title='bbox 1404 1694 1513 1761; x_wconf 87' lang='lat' dir='ltr'><strong>jam</strong></span> <span class='ocrx_word' id='word_1_118' title='bbox 1535 1704 1864 1760; x_wconf 82' lang='lat' dir='ltr'><strong>coitsequen-</strong></span> 
     </span>
    </p>
   </div>
   <div class='ocr_carea' id='block_1_18' title="bbox 268 1780 1865 1848">
    <p class='ocr_par' dir='ltr' id='par_1_18' title="bbox 268 1780 1865 1848">
     <span class='ocr_line' id='line_1_18' title="bbox 268 1780 1865 1848; baseline -0.003 -9"><span class='ocrx_word' id='word_1_119' title='bbox 268 1794 357 1839; x_wconf 76' lang='lat' dir='ltr'><strong>ter</strong></span> <span class='ocrx_word' id='word_1_120' title='bbox 381 1783 640 1839; x_wconf 72' lang='lat' dir='ltr'><strong>declarat.</strong></span> <span class='ocrx_word' id='word_1_121' title='bbox 670 1781 895 1848; x_wconf 84' lang='lat' dir='ltr'><strong>Quinam</strong></span> <span class='ocrx_word' id='word_1_122' title='bbox 935 1780 1307 1836; x_wconf 87' lang='lat' dir='ltr'><strong>dominentur?</strong></span> <span class='ocrx_word' id='word_1_123' title='bbox 1345 1782 1580 1837; x_wconf 84' lang='lat' dir='ltr'><strong>Mulieris</strong></span> <span class='ocrx_word' id='word_1_124' title='bbox 1618 1781 1865 1836; x_wconf 90' lang='lat' dir='ltr'><strong>videlicet</strong></span> 
     </span>
    </p>
   </div>
   <div class='ocr_carea' id='block_1_19' title="bbox 269 1872 1864 1945">
    <p class='ocr_par' dir='ltr' id='par_1_19' title="bbox 269 1872 1864 1945">
     <span class='ocr_line' id='line_1_19' title="bbox 269 1872 1864 1945; baseline -0.001 -15"><span class='ocrx_word' id='word_1_125' title='bbox 269 1877 506 1930; x_wconf 82' lang='lat' dir='ltr'><strong>innneus</strong></span> <span class='ocrx_word' id='word_1_126' title='bbox 548 1875 917 1930; x_wconf 78' lang='lat' dir='ltr'><strong>formationem</strong></span> <span class='ocrx_word' id='word_1_127' title='bbox 947 1873 1048 1929; x_wconf 89' lang='lat' dir='ltr'><strong>hoc</strong></span> <span class='ocrx_word' id='word_1_128' title='bbox 1073 1874 1223 1928; x_wconf 83' lang='lat' dir='ltr'><strong>dixit.</strong></span> <span class='ocrx_word' id='word_1_129' title='bbox 1256 1874 1416 1929; x_wconf 80' lang='lat' dir='ltr'><strong>Vides</strong></span> <span class='ocrx_word' id='word_1_130' title='bbox 1442 1875 1706 1945; x_wconf 87' lang='lat' dir='ltr'><strong>quomodo</strong></span> <span class='ocrx_word' id='word_1_131' title='bbox 1732 1872 1864 1929; x_wconf 86' lang='lat' dir='ltr'><strong>nihil</strong></span> 
     </span>
    </p>
   </div>
   <div class='ocr_carea' id='block_1_20' title="bbox 268 1965 1861 2035">
    <p class='ocr_par' dir='ltr' id='par_1_20' title="bbox 268 1965 1861 2035">
     <span class='ocr_line' id='line_1_20' title="bbox 268 1965 1861 2035; baseline -0.002 -15"><span class='ocrx_word' id='word_1_132' title='bbox 268 1968 417 2020; x_wconf 76' lang='lat' dir='ltr'><strong>inest</strong></span> <span class='ocrx_word' id='word_1_133' title='bbox 442 1966 636 2020; x_wconf 87' lang='lat' dir='ltr'><strong>divinis</strong></span> <span class='ocrx_word' id='word_1_134' title='bbox 664 1965 859 2021; x_wconf 88' lang='lat' dir='ltr'><strong>Literis</strong></span> <span class='ocrx_word' id='word_1_135' title='bbox 888 1974 1093 2020; x_wconf 89' lang='lat' dir='ltr'><strong>temere</strong></span> <span class='ocrx_word' id='word_1_136' title='bbox 1118 1976 1170 2020; x_wconf 91' lang='lat' dir='ltr'><strong>et</strong></span> <span class='ocrx_word' id='word_1_137' title='bbox 1194 1965 1392 2035; x_wconf 90' lang='lat' dir='ltr'><strong>absque</strong></span> <span class='ocrx_word' id='word_1_138' title='bbox 1411 1980 1569 2020; x_wconf 86' lang='lat' dir='ltr'><strong>causa</strong></span> <span class='ocrx_word' id='word_1_139' title='bbox 1611 1967 1861 2035; x_wconf 73' lang='lat' dir='ltr'><strong>positum,</strong></span> 
     </span>
    </p>
   </div>
   <div class='ocr_carea' id='block_1_21' title="bbox 266 2050 1866 2127">
    <p class='ocr_par' dir='ltr' id='par_1_21' title="bbox 266 2050 1866 2127">
     <span class='ocr_line' id='line_1_21' title="bbox 266 2050 1866 2127; baseline -0.002 -15"><span class='ocrx_word' id='word_1_140' title='bbox 266 2060 544 2127; x_wconf 70' lang='lat' dir='ltr'><strong>clamque</strong></span> <span class='ocrx_word' id='word_1_141' title='bbox 587 2056 807 2112; x_wconf 89' lang='lat' dir='ltr'><strong>verbum</strong></span> <span class='ocrx_word' id='word_1_142' title='bbox 852 2055 993 2126; x_wconf 88' lang='lat' dir='ltr'><strong>quod</strong></span> <span class='ocrx_word' id='word_1_143' title='bbox 1026 2054 1300 2110; x_wconf 88' lang='lat' dir='ltr'><strong>fortuitum</strong></span> <span class='ocrx_word' id='word_1_144' title='bbox 1331 2055 1494 2110; x_wconf 90' lang='lat' dir='ltr'><strong>videri</strong></span> <span class='ocrx_word' id='word_1_145' title='bbox 1516 2050 1724 2126; x_wconf 81' lang='lat' dir='ltr'><strong>posset,</strong></span> <span class='ocrx_word' id='word_1_146' title='bbox 1754 2071 1866 2114; x_wconf 81' lang='lat' dir='ltr'><strong>ma—</strong></span> 
     </span>
    </p>
   </div>
   <div class='ocr_carea' id='block_1_22' title="bbox 268 2147 1507 2217">
    <p class='ocr_par' dir='ltr' id='par_1_22' title="bbox 268 2147 1507 2217">
     <span class='ocr_line' id='line_1_22' title="bbox 268 2147 1507 2217; baseline 0.002 -18"><span class='ocrx_word' id='word_1_147' title='bbox 268 2166 438 2217; x_wconf 85' lang='lat' dir='ltr'><strong>guum</strong></span> <span class='ocrx_word' id='word_1_148' title='bbox 468 2148 778 2202; x_wconf 84' lang='lat' dir='ltr'><strong>thesaurum</strong></span> <span class='ocrx_word' id='word_1_149' title='bbox 807 2147 859 2201; x_wconf 91' lang='lat' dir='ltr'><strong>in</strong></span> <span class='ocrx_word' id='word_1_150' title='bbox 883 2163 942 2202; x_wconf 89' lang='lat' dir='ltr'><strong>se</strong></span> <span class='ocrx_word' id='word_1_151' title='bbox 968 2147 1222 2202; x_wconf 86' lang='lat' dir='ltr'><strong>latentem</strong></span> <span class='ocrx_word' id='word_1_152' title='bbox 1248 2149 1507 2203; x_wconf 88' lang='lat' dir='ltr'><strong>continet.</strong></span> 
     </span>
    </p>
   </div>
   <div class='ocr_carea' id='block_1_23' title="bbox 345 2239 1863 2308">
    <p class='ocr_par' dir='ltr' id='par_1_23' title="bbox 345 2239 1863 2308">
     <span class='ocr_line' id='line_1_23' title="bbox 345 2239 1863 2308; baseline 0.001 -14"><span class='ocrx_word' id='word_1_153' title='bbox 345 2242 401 2294; x_wconf 75' lang='grc'><strong>4.</strong></span> <span class='ocrx_word' id='word_1_154' title='bbox 438 2242 506 2296; x_wconf 78' lang='lat' dir='ltr'><strong>Et</strong></span> <span class='ocrx_word' id='word_1_155' title='bbox 525 2256 593 2296; x_wconf 88' lang='lat' dir='ltr'><strong>ne</strong></span> <span class='ocrx_word' id='word_1_156' title='bbox 638 2240 888 2306; x_wconf 83' lang='lat' dir='ltr'><strong>mireris,</strong></span> <span class='ocrx_word' id='word_1_157' title='bbox 929 2239 1154 2307; x_wconf 86' lang='lat' dir='ltr'><strong>dilecte,</strong></span> <span class='ocrx_word' id='word_1_158' title='bbox 1202 2239 1343 2308; x_wconf 90' lang='lat' dir='ltr'><strong>quod</strong></span> <span class='ocrx_word' id='word_1_159' title='bbox 1381 2240 1580 2295; x_wconf 90' lang='lat' dir='ltr'><strong>dictum</strong></span> <span class='ocrx_word' id='word_1_160' title='bbox 1612 2249 1714 2294; x_wconf 90' lang='lat' dir='ltr'><strong>est.</strong></span> <span class='ocrx_word' id='word_1_161' title='bbox 1746 2239 1863 2295; x_wconf 85' lang='lat' dir='ltr'><strong>Mos</strong></span> 
     </span>
    </p>
   </div>
   <div class='ocr_carea' id='block_1_24' title="bbox 268 2329 1867 2401">
    <p class='ocr_par' dir='ltr' id='par_1_24' title="bbox 268 2329 1867 2401">
     <span class='ocr_line' id='line_1_24' title="bbox 268 2329 1867 2401; baseline -0.002 -14"><span class='ocrx_word' id='word_1_162' title='bbox 268 2333 419 2387; x_wconf 80' lang='lat' dir='ltr'><strong>cuitu</strong></span> <span class='ocrx_word' id='word_1_163' title='bbox 454 2332 539 2386; x_wconf 79' lang='lat' dir='ltr'><strong>hic</strong></span> <span class='ocrx_word' id='word_1_164' title='bbox 563 2341 645 2385; x_wconf 88' lang='lat' dir='ltr'><strong>est</strong></span> <span class='ocrx_word' id='word_1_165' title='bbox 675 2329 1335 2401; x_wconf 69' lang='lat' dir='ltr'><strong>prophetarumeumium,</strong></span> <span class='ocrx_word' id='word_1_166' title='bbox 1362 2329 1429 2384; x_wconf 88' lang='lat' dir='ltr'><strong>de</strong></span> <span class='ocrx_word' id='word_1_167' title='bbox 1454 2330 1687 2384; x_wconf 87' lang='lat' dir='ltr'><strong>nondum</strong></span> <span class='ocrx_word' id='word_1_168' title='bbox 1714 2329 1867 2384; x_wconf 87' lang='lat' dir='ltr'><strong>factis</strong></span> 
     </span>
    </p>
   </div>
   <div class='ocr_carea' id='block_1_25' title="bbox 271 2422 1868 2495">
    <p class='ocr_par' dir='ltr' id='par_1_25' title="bbox 271 2422 1868 2495">
     <span class='ocr_line' id='line_1_25' title="bbox 271 2422 1868 2495; baseline -0.001 -16"><span class='ocrx_word' id='word_1_169' title='bbox 271 2436 332 2479; x_wconf 89' lang='lat' dir='ltr'><strong>ut</strong></span> <span class='ocrx_word' id='word_1_170' title='bbox 374 2425 447 2481; x_wconf 91' lang='lat' dir='ltr'><strong>de</strong></span> <span class='ocrx_word' id='word_1_171' title='bbox 472 2423 627 2480; x_wconf 87' lang='lat' dir='ltr'><strong>factis</strong></span> <span class='ocrx_word' id='word_1_172' title='bbox 655 2424 819 2495; x_wconf 90' lang='lat' dir='ltr'><strong>loqui.</strong></span> <span class='ocrx_word' id='word_1_173' title='bbox 851 2423 985 2491; x_wconf 80' lang='lat' dir='ltr'><strong>Quia</strong></span> <span class='ocrx_word' id='word_1_174' title='bbox 1013 2423 1155 2478; x_wconf 88' lang='lat' dir='ltr'><strong>enim</strong></span> <span class='ocrx_word' id='word_1_175' title='bbox 1188 2423 1504 2479; x_wconf 89' lang='lat' dir='ltr'><strong>mentalibus</strong></span> <span class='ocrx_word' id='word_1_176' title='bbox 1528 2424 1696 2479; x_wconf 91' lang='lat' dir='ltr'><strong>oculis</strong></span> <span class='ocrx_word' id='word_1_177' title='bbox 1722 2422 1868 2478; x_wconf 85' lang='lat' dir='ltr'><strong>vide-</strong></span> 
     </span>
    </p>
   </div>
   <div class='ocr_carea' id='block_1_26' title="bbox 271 2515 1867 2588">
    <p class='ocr_par' dir='ltr' id='par_1_26' title="bbox 271 2515 1867 2588">
     <span class='ocr_line' id='line_1_26' title="bbox 271 2515 1867 2588; baseline -0.001 -18"><span class='ocrx_word' id='word_1_178' title='bbox 271 2519 409 2572; x_wconf 82' lang='lat' dir='ltr'><strong>bant</strong></span> <span class='ocrx_word' id='word_1_179' title='bbox 444 2533 565 2588; x_wconf 68' lang='lat' dir='ltr'><strong>qua:</strong></span> <span class='ocrx_word' id='word_1_180' title='bbox 612 2527 733 2588; x_wconf 86' lang='lat' dir='ltr'><strong>post</strong></span> <span class='ocrx_word' id='word_1_181' title='bbox 778 2516 1067 2571; x_wconf 89' lang='lat' dir='ltr'><strong>multorum</strong></span> <span class='ocrx_word' id='word_1_182' title='bbox 1113 2530 1373 2570; x_wconf 87' lang='lat' dir='ltr'><strong>annorum</strong></span> <span class='ocrx_word' id='word_1_183' title='bbox 1411 2515 1672 2570; x_wconf 88' lang='lat' dir='ltr'><strong>curricula</strong></span> <span class='ocrx_word' id='word_1_184' title='bbox 1713 2522 1867 2570; x_wconf 89' lang='lat' dir='ltr'><strong>erant</strong></span> 
     </span>
    </p>
   </div>
   <div class='ocr_carea' id='block_1_27' title="bbox 271 2610 1865 2682">
    <p class='ocr_par' dir='ltr' id='par_1_27' title="bbox 271 2610 1865 2682">
     <span class='ocr_line' id='line_1_27' title="bbox 271 2610 1865 2682; baseline -0.003 -16"><span class='ocrx_word' id='word_1_185' title='bbox 271 2611 458 2666; x_wconf 87' lang='lat' dir='ltr'><strong>futura</strong></span> <span class='ocrx_word' id='word_1_186' title='bbox 483 2652 500 2675; x_wconf 81' lang='lat'><strong>,</strong></span> <span class='ocrx_word' id='word_1_187' title='bbox 551 2611 752 2667; x_wconf 88' lang='lat' dir='ltr'><strong>idcirco</strong></span> <span class='ocrx_word' id='word_1_188' title='bbox 774 2610 922 2682; x_wconf 87' lang='lat' dir='ltr'><strong>quasi</strong></span> <span class='ocrx_word' id='word_1_189' title='bbox 954 2625 1095 2665; x_wconf 89' lang='lat' dir='ltr'><strong>nunc</strong></span> <span class='ocrx_word' id='word_1_190' title='bbox 1135 2611 1204 2665; x_wconf 92' lang='lat' dir='ltr'><strong>ob</strong></span> <span class='ocrx_word' id='word_1_191' title='bbox 1229 2610 1411 2666; x_wconf 89' lang='lat' dir='ltr'><strong>oculos</strong></span> <span class='ocrx_word' id='word_1_192' title='bbox 1455 2610 1622 2681; x_wconf 89' lang='lat' dir='ltr'><strong>posita</strong></span> <span class='ocrx_word' id='word_1_193' title='bbox 1659 2619 1865 2680; x_wconf 79' lang='lat' dir='ltr'><strong>specta-</strong></span> 
     </span>
    </p>
   </div>
   <div class='ocr_carea' id='block_1_28' title="bbox 269 2700 1868 2771">
    <p class='ocr_par' dir='ltr' id='par_1_28' title="bbox 269 2700 1868 2771">
     <span class='ocr_line' id='line_1_28' title="bbox 269 2700 1868 2771; baseline 0.001 -16"><span class='ocrx_word' id='word_1_194' title='bbox 269 2711 433 2769; x_wconf 90' lang='lat' dir='ltr'><strong>rent,</strong></span> <span class='ocrx_word' id='word_1_195' title='bbox 492 2701 562 2755; x_wconf 85' lang='lat' dir='ltr'><strong>ita</strong></span> <span class='ocrx_word' id='word_1_196' title='bbox 608 2710 798 2757; x_wconf 84' lang='lat' dir='ltr'><strong>cuncta</strong></span> <span class='ocrx_word' id='word_1_197' title='bbox 838 2700 1143 2756; x_wconf 86' lang='lat' dir='ltr'><strong>narrabant.</strong></span> <span class='ocrx_word' id='word_1_198' title='bbox 1198 2700 1267 2755; x_wconf 88' lang='lat' dir='ltr'><strong>Et</strong></span> <span class='ocrx_word' id='word_1_199' title='bbox 1304 2717 1410 2771; x_wconf 88' lang='lat' dir='ltr'><strong>quo</strong></span> <span class='ocrx_word' id='word_1_200' title='bbox 1442 2700 1724 2756; x_wconf 84' lang='lat' dir='ltr'><strong>manifeste</strong></span> <span class='ocrx_word' id='word_1_201' title='bbox 1766 2700 1868 2757; x_wconf 90' lang='lat' dir='ltr'><strong>hoc</strong></span> 
     </span>
    </p>
   </div>
   <div class='ocr_carea' id='block_1_29' title="bbox 268 2792 1869 2859">
    <p class='ocr_par' dir='ltr' id='par_1_29' title="bbox 268 2792 1869 2859">
     <span class='ocr_line' id='line_1_29' title="bbox 268 2792 1869 2859; baseline 0.001 -12"><span class='ocrx_word' id='word_1_202' title='bbox 268 2794 439 2859; x_wconf 81' lang='lat' dir='ltr'><strong>scias,</strong></span> <span class='ocrx_word' id='word_1_203' title='bbox 468 2793 588 2847; x_wconf 88' lang='lat' dir='ltr'><strong>audi</strong></span> <span class='ocrx_word' id='word_1_204' title='bbox 613 2793 828 2848; x_wconf 88' lang='lat' dir='ltr'><strong>beatum</strong></span> <span class='ocrx_word' id='word_1_205' title='bbox 854 2792 1109 2847; x_wconf 89' lang='lat' dir='ltr'><strong>Davidem</strong></span> <span class='ocrx_word' id='word_1_206' title='bbox 1138 2793 1421 2857; x_wconf 82' lang='lat' dir='ltr'><strong>dicentem,</strong></span> <span class='ocrx_word' id='word_1_207' title='bbox 1449 2803 1502 2848; x_wconf 92' lang='lat' dir='ltr'><strong>et</strong></span> <span class='ocrx_word' id='word_1_208' title='bbox 1522 2801 1645 2849; x_wconf 89' lang='lat' dir='ltr'><strong>ante</strong></span> <span class='ocrx_word' id='word_1_209' title='bbox 1667 2802 1742 2849; x_wconf 88' lang='lat' dir='ltr'><strong>tot</strong></span> <span class='ocrx_word' id='word_1_210' title='bbox 1767 2808 1869 2848; x_wconf 86' lang='lat' dir='ltr'><strong>sae-</strong></span> 
     </span>
    </p>
   </div>
   <div class='ocr_carea' id='block_1_30' title="bbox 268 2885 1863 2952">
    <p class='ocr_par' dir='ltr' id='par_1_30' title="bbox 268 2885 1863 2952">
     <span class='ocr_line' id='line_1_30' title="bbox 268 2885 1863 2952; baseline 0 -13"><span class='ocrx_word' id='word_1_211' title='bbox 268 2888 393 2939; x_wconf 87' lang='lat' dir='ltr'><strong>cula</strong></span> <span class='ocrx_word' id='word_1_212' title='bbox 439 2886 814 2942; x_wconf 70' lang='lat' dir='ltr'><strong>vaticinantem</strong></span> <span class='ocrx_word' id='word_1_213' title='bbox 841 2885 908 2941; x_wconf 91' lang='lat' dir='ltr'><strong>de</strong></span> <span class='ocrx_word' id='word_1_214' title='bbox 948 2901 1108 2941; x_wconf 88' lang='lat' dir='ltr'><strong>cruce</strong></span> <span class='ocrx_word' id='word_1_215' title='bbox 1133 2885 1367 2952; x_wconf 85' lang='lat' dir='ltr'><strong>Christi,</strong></span> <span class='ocrx_word' id='word_1_216' title='bbox 1414 2896 1468 2941; x_wconf 90' lang='lat' dir='ltr'><strong>et</strong></span> <span class='ocrx_word' id='word_1_217' title='bbox 1497 2886 1813 2942; x_wconf 88' lang='lat' dir='ltr'><strong>clamantem</strong></span> <span class='ocrx_word' id='word_1_218' title='bbox 1848 2904 1863 2939; x_wconf 70' lang='grc' dir='ltr'><strong>ε</strong></span> 
     </span>
    </p>
   </div>
   <div class='ocr_carea' id='block_1_31' title="bbox 270 2977 1866 3048">
    <p class='ocr_par' dir='ltr' id='par_1_31' title="bbox 270 2977 1866 3048">
     <span class='ocr_line' id='line_1_31' title="bbox 270 2977 1866 3048; baseline -0.001 -16"><span class='ocrx_word' id='word_1_219' title='bbox 270 2978 543 3043; x_wconf 73' lang='lat' dir='ltr'><strong>Foderunt</strong></span> <span class='ocrx_word' id='word_1_220' title='bbox 573 2994 752 3033; x_wconf 86' lang='lat' dir='ltr'><strong>manus</strong></span> <span class='ocrx_word' id='word_1_221' title='bbox 776 2994 911 3033; x_wconf 84' lang='lat' dir='ltr'><strong>meas</strong></span> <span class='ocrx_word' id='word_1_222' title='bbox 940 2988 987 3032; x_wconf 89' lang='lat' dir='ltr'><strong>et</strong></span> <span class='ocrx_word' id='word_1_223' title='bbox 1014 2978 1164 3048; x_wconf 84' lang='lat' dir='ltr'><strong>pedes</strong></span> <span class='ocrx_word' id='word_1_224' title='bbox 1187 2995 1321 3033; x_wconf 89' lang='lat' dir='ltr'><strong>meos</strong></span> <span class='ocrx_word' id='word_1_225' title='bbox 1344 2995 1361 3042; x_wconf 91' lang='lat'><em>;</em></span> <span class='ocrx_word' id='word_1_226' title='bbox 1385 2988 1440 3033; x_wconf 83' lang='lat' dir='ltr'><strong>et</strong></span> <span class='ocrx_word' id='word_1_227' title='bbox 1468 2980 1688 3046; x_wconf 87' lang='lat' dir='ltr'><strong>iterum,</strong></span> <span class='ocrx_word' id='word_1_228' title='bbox 1718 2977 1866 3032; x_wconf 89' lang='lat' dir='ltr'><strong>Divi-</strong></span> 
     </span>
    </p>
   </div>
   <div class='ocr_carea' id='block_1_32' title="bbox 266 3068 1867 3142">
    <p class='ocr_par' dir='ltr' id='par_1_32' title="bbox 266 3068 1867 3142">
     <span class='ocr_line' id='line_1_32' title="bbox 266 3068 1867 3142; baseline 0 -16"><span class='ocrx_word' id='word_1_229' title='bbox 266 3082 449 3126; x_wconf 74' lang='lat' dir='ltr'><strong>serunt</strong></span> <span class='ocrx_word' id='word_1_230' title='bbox 475 3072 763 3125; x_wconf 79' lang='lat' dir='ltr'><strong>vestimenta</strong></span> <span class='ocrx_word' id='word_1_231' title='bbox 782 3086 892 3124; x_wconf 89' lang='lat' dir='ltr'><strong>mea</strong></span> <span class='ocrx_word' id='word_1_232' title='bbox 915 3070 1009 3124; x_wconf 90' lang='lat' dir='ltr'><strong>sibi</strong></span> <span class='ocrx_word' id='word_1_233' title='bbox 1040 3068 1208 3142; x_wconf 85' lang='lat' dir='ltr'><strong>(Psal.</strong></span> <span class='ocrx_word' id='word_1_234' title='bbox 1235 3070 1325 3124; x_wconf 72' lang='grc'><strong>9-1.</strong></span> <span class='ocrx_word' id='word_1_235' title='bbox 1362 3071 1447 3124; x_wconf 85' lang='lat' dir='ltr'><strong>l7.</strong></span> <span class='ocrx_word' id='word_1_236' title='bbox 1477 3080 1524 3124; x_wconf 88' lang='lat' dir='ltr'><strong>et</strong></span> <span class='ocrx_word' id='word_1_237' title='bbox 1562 3069 1676 3142; x_wconf 80' lang='grc'><strong>19).</strong></span> <span class='ocrx_word' id='word_1_238' title='bbox 1707 3070 1867 3126; x_wconf 83' lang='lat' dir='ltr'><strong>Vides</strong></span> 
     </span>
    </p>
   </div>
   <div class='ocr_carea' id='block_1_33' title="bbox 267 3161 1865 3233">
    <p class='ocr_par' dir='ltr' id='par_1_33' title="bbox 267 3161 1865 3233">
     <span class='ocr_line' id='line_1_33' title="bbox 267 3161 1865 3233; baseline 0 -17"><span class='ocrx_word' id='word_1_239' title='bbox 267 3162 547 3233; x_wconf 81' lang='lat' dir='ltr'><strong>quomodo</strong></span> <span class='ocrx_word' id='word_1_240' title='bbox 573 3172 691 3231; x_wconf 91' lang='lat' dir='ltr'><strong>post</strong></span> <span class='ocrx_word' id='word_1_241' title='bbox 715 3162 930 3231; x_wconf 88' lang='lat' dir='ltr'><strong>longum</strong></span> <span class='ocrx_word' id='word_1_242' title='bbox 960 3171 1168 3231; x_wconf 87' lang='lat' dir='ltr'><strong>tempus</strong></span> <span class='ocrx_word' id='word_1_243' title='bbox 1198 3161 1395 3226; x_wconf 88' lang='lat' dir='ltr'><strong>futura,</strong></span> <span class='ocrx_word' id='word_1_244' title='bbox 1425 3163 1572 3233; x_wconf 87' lang='lat' dir='ltr'><strong>quasi</strong></span> <span class='ocrx_word' id='word_1_245' title='bbox 1595 3162 1704 3231; x_wconf 88' lang='lat' dir='ltr'><strong>jam</strong></span> <span class='ocrx_word' id='word_1_246' title='bbox 1729 3162 1865 3217; x_wconf 90' lang='lat' dir='ltr'><strong>facta</strong></span> 
     </span>
    </p>
   </div>
   <div class='ocr_carea' id='block_1_34' title="bbox 270 3246 1866 3327">
    <p class='ocr_par' dir='ltr' id='par_1_34' title="bbox 270 3246 1866 3327">
     <span class='ocr_line' id='line_1_34' title="bbox 270 3246 1866 3327; baseline -0.001 -15"><span class='ocrx_word' id='word_1_247' title='bbox 270 3258 566 3327; x_wconf 65' lang='lat' dir='ltr'><strong>prxdixit?</strong></span> <span class='ocrx_word' id='word_1_248' title='bbox 607 3255 695 3312; x_wconf 92' lang='lat' dir='ltr'><strong>Sic</strong></span> <span class='ocrx_word' id='word_1_249' title='bbox 721 3265 775 3311; x_wconf 90' lang='lat' dir='ltr'><strong>et</strong></span> <span class='ocrx_word' id='word_1_250' title='bbox 821 3256 1008 3311; x_wconf 89' lang='lat' dir='ltr'><strong>beatus</strong></span> <span class='ocrx_word' id='word_1_251' title='bbox 1035 3255 1121 3311; x_wconf 89' lang='lat' dir='ltr'><strong>hic</strong></span> <span class='ocrx_word' id='word_1_252' title='bbox 1153 3257 1407 3326; x_wconf 85' lang='lat' dir='ltr'><strong>prepheta</strong></span> <span class='ocrx_word' id='word_1_253' title='bbox 1440 3246 1548 3324; x_wconf 88' lang='lat' dir='ltr'><strong>jam</strong></span> <span class='ocrx_word' id='word_1_254' title='bbox 1595 3256 1866 3310; x_wconf 87' lang='lat' dir='ltr'><strong>insinuans</strong></span> 
     </span>
    </p>
   </div>
   <div class='ocr_carea' id='block_1_35' title="bbox 270 3348 1866 3418">
    <p class='ocr_par' dir='ltr' id='par_1_35' title="bbox 270 3348 1866 3418">
     <span class='ocr_line' id='line_1_35' title="bbox 270 3348 1866 3418; baseline 0.001 -16"><span class='ocrx_word' id='word_1_255' title='bbox 270 3349 435 3403; x_wconf 88' lang='lat' dir='ltr'><strong>nobis</strong></span> <span class='ocrx_word' id='word_1_256' title='bbox 465 3348 703 3404; x_wconf 87' lang='lat' dir='ltr'><strong>mulieris</strong></span> <span class='ocrx_word' id='word_1_257' title='bbox 749 3349 1118 3404; x_wconf 88' lang='lat' dir='ltr'><strong>formationem</strong></span> <span class='ocrx_word' id='word_1_258' title='bbox 1143 3390 1158 3415; x_wconf 95' lang='lat'><strong>,</strong></span> <span class='ocrx_word' id='word_1_259' title='bbox 1204 3349 1532 3418; x_wconf 63' lang='lat' dir='ltr'><strong>{enigmatice</strong></span> <span class='ocrx_word' id='word_1_260' title='bbox 1563 3358 1617 3403; x_wconf 93' lang='lat' dir='ltr'><strong>et</strong></span> <span class='ocrx_word' id='word_1_261' title='bbox 1640 3349 1866 3404; x_wconf 87' lang='lat' dir='ltr'><strong>obscure</strong></span> 
     </span>
    </p>
   </div>
   <div class='ocr_carea' id='block_1_36' title="bbox 268 3439 1867 3510">
    <p class='ocr_par' dir='ltr' id='par_1_36' title="bbox 268 3439 1867 3510">
     <span class='ocr_line' id='line_1_36' title="bbox 268 3439 1867 3510; baseline 0 -17"><span class='ocrx_word' id='word_1_262' title='bbox 268 3442 406 3495; x_wconf 83' lang='lat' dir='ltr'><strong>dicit</strong></span> <span class='ocrx_word' id='word_1_263' title='bbox 446 3459 460 3494; x_wconf 91' lang='lat'><strong>:</strong></span> <span class='ocrx_word' id='word_1_264' title='bbox 510 3439 576 3494; x_wconf 86' lang='lat' dir='ltr'><strong>Et</strong></span> <span class='ocrx_word' id='word_1_265' title='bbox 609 3440 932 3494; x_wconf 88' lang='lat' dir='ltr'><strong>dominentur</strong></span> <span class='ocrx_word' id='word_1_266' title='bbox 969 3440 1186 3510; x_wconf 80' lang='lat' dir='ltr'><strong>piscibus</strong></span> <span class='ocrx_word' id='word_1_267' title='bbox 1233 3440 1407 3492; x_wconf 88' lang='lat' dir='ltr'><strong>maris.</strong></span> <span class='ocrx_word' id='word_1_268' title='bbox 1459 3439 1525 3493; x_wconf 80' lang='lat' dir='ltr'><strong>Et</strong></span> <span class='ocrx_word' id='word_1_269' title='bbox 1553 3453 1867 3508; x_wconf 81' lang='lat' dir='ltr'><strong>progressus</strong></span> 
     </span>
    </p>
   </div>
   <div class='ocr_carea' id='block_1_37' title="bbox 270 3528 1867 3602">
    <p class='ocr_par' dir='ltr' id='par_1_37' title="bbox 270 3528 1867 3602">
     <span class='ocr_line' id='line_1_37' title="bbox 270 3528 1867 3602; baseline -0.003 -15"><span class='ocrx_word' id='word_1_270' title='bbox 270 3534 418 3587; x_wconf 86' lang='lat' dir='ltr'><strong>ultra</strong></span> <span class='ocrx_word' id='word_1_271' title='bbox 452 3532 781 3587; x_wconf 85' lang='lat' dir='ltr'><strong>manifestius</strong></span> <span class='ocrx_word' id='word_1_272' title='bbox 811 3532 1014 3602; x_wconf 85' lang='lat' dir='ltr'><strong>inquit,</strong></span> <span class='ocrx_word' id='word_1_273' title='bbox 1056 3530 1125 3585; x_wconf 85' lang='lat' dir='ltr'><strong>Et</strong></span> <span class='ocrx_word' id='word_1_274' title='bbox 1153 3531 1269 3599; x_wconf 81' lang='lat' dir='ltr'><strong>fecit</strong></span> <span class='ocrx_word' id='word_1_275' title='bbox 1301 3528 1436 3585; x_wconf 85' lang='lat' dir='ltr'><strong>Deus</strong></span> <span class='ocrx_word' id='word_1_276' title='bbox 1463 3531 1751 3595; x_wconf 87' lang='lat' dir='ltr'><strong>hominem;</strong></span> <span class='ocrx_word' id='word_1_277' title='bbox 1787 3546 1867 3583; x_wconf 56' lang='lat' dir='ltr'><strong>se.</strong></span> 
     </span>
    </p>
   </div>
   <div class='ocr_carea' id='block_1_38' title="bbox 267 3620 1865 3695">
    <p class='ocr_par' dir='ltr' id='par_1_38' title="bbox 267 3620 1865 3695">
     <span class='ocr_line' id='line_1_38' title="bbox 267 3620 1865 3695; baseline -0.004 -16"><span class='ocrx_word' id='word_1_278' title='bbox 267 3625 498 3679; x_wconf 77' lang='lat' dir='ltr'><strong>cundum</strong></span> <span class='ocrx_word' id='word_1_279' title='bbox 532 3624 802 3695; x_wconf 83' lang='lat' dir='ltr'><strong>imaginem</strong></span> <span class='ocrx_word' id='word_1_280' title='bbox 827 3622 924 3676; x_wconf 88' lang='lat' dir='ltr'><strong>Dei</strong></span> <span class='ocrx_word' id='word_1_281' title='bbox 962 3624 1078 3693; x_wconf 80' lang='lat' dir='ltr'><strong>fecit</strong></span> <span class='ocrx_word' id='word_1_282' title='bbox 1120 3623 1301 3687; x_wconf 87' lang='lat' dir='ltr'><strong>illum;</strong></span> <span class='ocrx_word' id='word_1_283' title='bbox 1330 3622 1610 3676; x_wconf 80' lang='lat' dir='ltr'><strong>masculum</strong></span> <span class='ocrx_word' id='word_1_284' title='bbox 1646 3630 1692 3673; x_wconf 74' lang='lat' dir='ltr'><strong>ct</strong></span> <span class='ocrx_word' id='word_1_285' title='bbox 1714 3620 1865 3691; x_wconf 74' lang='lat' dir='ltr'><strong>[enti-</strong></span> 
     </span>
    </p>
   </div>
   <div class='ocr_carea' id='block_1_39' title="bbox 270 3714 1864 3786">
    <p class='ocr_par' dir='ltr' id='par_1_39' title="bbox 270 3714 1864 3786">
     <span class='ocr_line' id='line_1_39' title="bbox 270 3714 1864 3786; baseline -0.003 -15"><span class='ocrx_word' id='word_1_286' title='bbox 270 3734 399 3771; x_wconf 83' lang='lat' dir='ltr'><strong>nam</strong></span> <span class='ocrx_word' id='word_1_287' title='bbox 430 3717 549 3786; x_wconf 74' lang='lat' dir='ltr'><strong>fecit</strong></span> <span class='ocrx_word' id='word_1_288' title='bbox 572 3717 708 3770; x_wconf 88' lang='lat' dir='ltr'><strong>illos.</strong></span> <span class='ocrx_word' id='word_1_289' title='bbox 751 3714 1128 3770; x_wconf 85' lang='lat' dir='ltr'><strong>Animadverte</strong></span> <span class='ocrx_word' id='word_1_290' title='bbox 1163 3723 1356 3783; x_wconf 90' lang='lat' dir='ltr'><strong>quanta</strong></span> <span class='ocrx_word' id='word_1_291' title='bbox 1390 3728 1515 3768; x_wconf 91' lang='lat' dir='ltr'><strong>usus</strong></span> <span class='ocrx_word' id='word_1_292' title='bbox 1535 3721 1617 3767; x_wconf 67' lang='lat' dir='ltr'><strong>est</strong></span> <span class='ocrx_word' id='word_1_293' title='bbox 1644 3727 1864 3767; x_wconf 87' lang='lat' dir='ltr'><strong>accura-</strong></span> 
     </span>
    </p>
   </div>
   <div class='ocr_carea' id='block_1_40' title="bbox 271 3804 1864 3878">
    <p class='ocr_par' dir='ltr' id='par_1_40' title="bbox 271 3804 1864 3878">
     <span class='ocr_line' id='line_1_40' title="bbox 271 3804 1864 3878; baseline -0.004 -15"><span class='ocrx_word' id='word_1_294' title='bbox 271 3811 448 3878; x_wconf 85' lang='lat' dir='ltr'><strong>tionc,</strong></span> <span class='ocrx_word' id='word_1_295' title='bbox 476 3810 641 3864; x_wconf 86' lang='lat' dir='ltr'><strong>semel</strong></span> <span class='ocrx_word' id='word_1_296' title='bbox 668 3818 829 3877; x_wconf 89' lang='lat' dir='ltr'><strong>atque</strong></span> <span class='ocrx_word' id='word_1_297' title='bbox 860 3809 1050 3862; x_wconf 90' lang='lat' dir='ltr'><strong>iterum</strong></span> <span class='ocrx_word' id='word_1_298' title='bbox 1082 3806 1220 3860; x_wconf 86' lang='lat' dir='ltr'><strong>idem</strong></span> <span class='ocrx_word' id='word_1_299' title='bbox 1252 3806 1433 3860; x_wconf 89' lang='lat' dir='ltr'><strong>dicens</strong></span> <span class='ocrx_word' id='word_1_300' title='bbox 1455 3847 1470 3870; x_wconf 94' lang='lat'><strong>,</strong></span> <span class='ocrx_word' id='word_1_301' title='bbox 1508 3814 1565 3859; x_wconf 90' lang='lat' dir='ltr'><strong>ut</strong></span> <span class='ocrx_word' id='word_1_302' title='bbox 1589 3805 1641 3859; x_wconf 94' lang='lat' dir='ltr'><strong>in</strong></span> <span class='ocrx_word' id='word_1_303' title='bbox 1670 3804 1864 3859; x_wconf 89' lang='lat' dir='ltr'><strong>menti-</strong></span> 
     </span>
    </p>
   </div>
   <div class='ocr_carea' id='block_1_41' title="bbox 272 3896 1863 3968">
    <p class='ocr_par' dir='ltr' id='par_1_41' title="bbox 272 3896 1863 3968">
     <span class='ocr_line' id='line_1_41' title="bbox 272 3896 1863 3968; baseline -0.003 -12"><span class='ocrx_word' id='word_1_304' title='bbox 272 3903 380 3956; x_wconf 87' lang='lat' dir='ltr'><strong>bus</strong></span> <span class='ocrx_word' id='word_1_305' title='bbox 432 3901 735 3955; x_wconf 86' lang='lat' dir='ltr'><strong>auditorum</strong></span> <span class='ocrx_word' id='word_1_306' title='bbox 768 3900 904 3953; x_wconf 90' lang='lat' dir='ltr'><strong>bene</strong></span> <span class='ocrx_word' id='word_1_307' title='bbox 948 3897 1133 3967; x_wconf 89' lang='lat' dir='ltr'><strong>reponi</strong></span> <span class='ocrx_word' id='word_1_308' title='bbox 1181 3897 1387 3968; x_wconf 89' lang='lat' dir='ltr'><strong>possint</strong></span> <span class='ocrx_word' id='word_1_309' title='bbox 1432 3913 1549 3967; x_wconf 80' lang='lat' dir='ltr'><strong>qua:</strong></span> <span class='ocrx_word' id='word_1_310' title='bbox 1595 3896 1863 3952; x_wconf 89' lang='lat' dir='ltr'><strong>dicuntur.</strong></span> 
     </span>
    </p>
   </div>
   <div class='ocr_carea' id='block_1_42' title="bbox 270 3989 1866 4057">
    <p class='ocr_par' dir='ltr' id='par_1_42' title="bbox 270 3989 1866 4057">
     <span class='ocr_line' id='line_1_42' title="bbox 270 3989 1866 4057; baseline -0.004 -8"><span class='ocrx_word' id='word_1_311' title='bbox 270 3996 391 4050; x_wconf 76' lang='lat' dir='ltr'><strong>Nisi</strong></span> <span class='ocrx_word' id='word_1_312' title='bbox 434 3994 575 4049; x_wconf 87' lang='lat' dir='ltr'><strong>enim</strong></span> <span class='ocrx_word' id='word_1_313' title='bbox 605 3995 705 4046; x_wconf 85' lang='lat' dir='ltr'><strong>hoc</strong></span> <span class='ocrx_word' id='word_1_314' title='bbox 725 3992 773 4047; x_wconf 92' lang='lat' dir='ltr'><strong>ei</strong></span> <span class='ocrx_word' id='word_1_315' title='bbox 804 4001 946 4045; x_wconf 80' lang='lat' dir='ltr'><strong>cura:</strong></span> <span class='ocrx_word' id='word_1_316' title='bbox 980 3991 1199 4057; x_wconf 80' lang='lat' dir='ltr'><strong>fuisset,</strong></span> <span class='ocrx_word' id='word_1_317' title='bbox 1232 3989 1530 4045; x_wconf 86' lang='lat' dir='ltr'><strong>suflicicbat</strong></span> <span class='ocrx_word' id='word_1_318' title='bbox 1554 3989 1766 4055; x_wconf 88' lang='lat' dir='ltr'><strong>dicere,</strong></span> <span class='ocrx_word' id='word_1_319' title='bbox 1801 3989 1866 4043; x_wconf 83' lang='lat' dir='ltr'><strong>Et</strong></span> 
     </span>
    </p>
   </div>
   <div class='ocr_carea' id='block_1_43' title="bbox 274 4080 1866 4156">
    <p class='ocr_par' dir='ltr' id='par_1_43' title="bbox 274 4080 1866 4156">
     <span class='ocr_line' id='line_1_43' title="bbox 274 4080 1866 4156; baseline -0.005 -17"><span class='ocrx_word' id='word_1_320' title='bbox 274 4087 397 4156; x_wconf 73' lang='lat' dir='ltr'><strong>fecit</strong></span> <span class='ocrx_word' id='word_1_321' title='bbox 440 4084 575 4137; x_wconf 75' lang='lat' dir='ltr'><strong>Deus</strong></span> <span class='ocrx_word' id='word_1_322' title='bbox 606 4084 858 4137; x_wconf 84' lang='lat' dir='ltr'><strong>hominem</strong></span> <span class='ocrx_word' id='word_1_323' title='bbox 889 4098 906 4135; x_wconf 87' lang='lat'><strong>.&#39;</strong></span> <span class='ocrx_word' id='word_1_324' title='bbox 932 4080 1025 4136; x_wconf 86' lang='lat' dir='ltr'><strong>sed</strong></span> <span class='ocrx_word' id='word_1_325' title='bbox 1057 4081 1244 4135; x_wconf 88' lang='lat' dir='ltr'><strong>iterum</strong></span> <span class='ocrx_word' id='word_1_326' title='bbox 1277 4081 1527 4149; x_wconf 89' lang='lat' dir='ltr'><strong>apponit,</strong></span> <span class='ocrx_word' id='word_1_327' title='bbox 1574 4080 1866 4135; x_wconf 81' lang='lat' dir='ltr'><strong>Secundum</strong></span> 
     </span>
    </p>
   </div>
   <div class='ocr_carea' id='block_1_44' title="bbox 270 4171 1868 4247">
    <p class='ocr_par' dir='ltr' id='par_1_44' title="bbox 270 4171 1868 4247">
     <span class='ocr_line' id='line_1_44' title="bbox 270 4171 1868 4247; baseline -0.003 -17"><span class='ocrx_word' id='word_1_328' title='bbox 270 4177 549 4247; x_wconf 83' lang='lat' dir='ltr'><strong>imaginem</strong></span> <span class='ocrx_word' id='word_1_329' title='bbox 575 4174 671 4227; x_wconf 88' lang='lat' dir='ltr'><strong>Dei</strong></span> <span class='ocrx_word' id='word_1_330' title='bbox 695 4174 813 4245; x_wconf 81' lang='lat' dir='ltr'><strong>fecit</strong></span> <span class='ocrx_word' id='word_1_331' title='bbox 841 4172 1008 4227; x_wconf 85' lang='lat' dir='ltr'><strong>illum.</strong></span> <span class='ocrx_word' id='word_1_332' title='bbox 1054 4172 1338 4241; x_wconf 84' lang='lat' dir='ltr'><strong>Postquam</strong></span> <span class='ocrx_word' id='word_1_333' title='bbox 1366 4173 1510 4227; x_wconf 90' lang='lat' dir='ltr'><strong>enim</strong></span> <span class='ocrx_word' id='word_1_334' title='bbox 1552 4186 1649 4226; x_wconf 90' lang='lat' dir='ltr'><strong>nos</strong></span> <span class='ocrx_word' id='word_1_335' title='bbox 1687 4171 1868 4226; x_wconf 90' lang='lat' dir='ltr'><strong>docuit</strong></span> 
     </span>
    </p>
   </div>
   <div class='ocr_carea' id='block_1_45' title="bbox 273 4262 1865 4337">
    <p class='ocr_par' dir='ltr' id='par_1_45' title="bbox 273 4262 1865 4337">
     <span class='ocr_line' id='line_1_45' title="bbox 273 4262 1865 4337; baseline -0.003 -16"><span class='ocrx_word' id='word_1_336' title='bbox 273 4283 372 4337; x_wconf 88' lang='lat' dir='ltr'><strong>per</strong></span> <span class='ocrx_word' id='word_1_337' title='bbox 398 4265 773 4336; x_wconf 76' lang='lat' dir='ltr'><strong>przecedentia,</strong></span> <span class='ocrx_word' id='word_1_338' title='bbox 799 4263 925 4334; x_wconf 92' lang='lat' dir='ltr'><strong>quid</strong></span> <span class='ocrx_word' id='word_1_339' title='bbox 955 4264 1058 4327; x_wconf 90' lang='lat' dir='ltr'><strong>sit,</strong></span> <span class='ocrx_word' id='word_1_340' title='bbox 1106 4262 1397 4317; x_wconf 85' lang='lat' dir='ltr'><strong>Secundum</strong></span> <span class='ocrx_word' id='word_1_341' title='bbox 1430 4263 1733 4332; x_wconf 82' lang='lat' dir='ltr'><strong>imaginem,</strong></span> <span class='ocrx_word' id='word_1_342' title='bbox 1767 4262 1865 4316; x_wconf 88' lang='lat' dir='ltr'><strong>de-</strong></span> 
     </span>
    </p>
   </div>
   <div class='ocr_carea' id='block_1_46' title="bbox 272 4354 1869 4423">
    <p class='ocr_par' dir='ltr' id='par_1_46' title="bbox 272 4354 1869 4423">
     <span class='ocr_line' id='line_1_46' title="bbox 272 4354 1869 4423; baseline -0.003 -10"><span class='ocrx_word' id='word_1_343' title='bbox 272 4376 385 4414; x_wconf 84' lang='lat' dir='ltr'><strong>nuo</strong></span> <span class='ocrx_word' id='word_1_344' title='bbox 426 4372 489 4411; x_wconf 90' lang='lat' dir='ltr'><strong>ea</strong></span> <span class='ocrx_word' id='word_1_345' title='bbox 531 4357 600 4411; x_wconf 88' lang='lat' dir='ltr'><strong>de</strong></span> <span class='ocrx_word' id='word_1_346' title='bbox 645 4370 805 4411; x_wconf 88' lang='lat' dir='ltr'><strong>causa</strong></span> <span class='ocrx_word' id='word_1_347' title='bbox 837 4355 921 4409; x_wconf 90' lang='lat' dir='ltr'><strong>hic</strong></span> <span class='ocrx_word' id='word_1_348' title='bbox 959 4354 1204 4411; x_wconf 89' lang='lat' dir='ltr'><strong>eumdem</strong></span> <span class='ocrx_word' id='word_1_349' title='bbox 1232 4356 1425 4423; x_wconf 84' lang='lat' dir='ltr'><strong>repetit</strong></span> <span class='ocrx_word' id='word_1_350' title='bbox 1448 4368 1746 4408; x_wconf 82' lang='lat' dir='ltr'><strong>sermonem</strong></span> <span class='ocrx_word' id='word_1_351' title='bbox 1767 4395 1783 4421; x_wconf 93' lang='lat'><strong>,</strong></span> <span class='ocrx_word' id='word_1_352' title='bbox 1814 4362 1869 4409; x_wconf 91' lang='lat' dir='ltr'><strong>et</strong></span> 
     </span>
    </p>
   </div>
   <div class='ocr_carea' id='block_1_47' title="bbox 268 4444 1869 4517">
    <p class='ocr_par' dir='ltr' id='par_1_47' title="bbox 268 4444 1869 4517">
     <span class='ocr_line' id='line_1_47' title="bbox 268 4444 1869 4517; baseline -0.006 -12"><span class='ocrx_word' id='word_1_353' title='bbox 268 4452 445 4505; x_wconf 85' lang='lat' dir='ltr'><strong>dicit:</strong></span> <span class='ocrx_word' id='word_1_354' title='bbox 478 4448 772 4503; x_wconf 88' lang='lat' dir='ltr'><strong>Secundum</strong></span> <span class='ocrx_word' id='word_1_355' title='bbox 788 4447 1059 4517; x_wconf 83' lang='lat' dir='ltr'><strong>imaginem</strong></span> <span class='ocrx_word' id='word_1_356' title='bbox 1092 4445 1184 4500; x_wconf 85' lang='lat' dir='ltr'><strong>Dei</strong></span> <span class='ocrx_word' id='word_1_357' title='bbox 1208 4446 1323 4515; x_wconf 78' lang='lat' dir='ltr'><strong>fecit</strong></span> <span class='ocrx_word' id='word_1_358' title='bbox 1344 4461 1476 4498; x_wconf 88' lang='lat' dir='ltr'><strong>eum.</strong></span> <span class='ocrx_word' id='word_1_359' title='bbox 1501 4445 1565 4498; x_wconf 87' lang='lat' dir='ltr'><strong>Et</strong></span> <span class='ocrx_word' id='word_1_360' title='bbox 1596 4454 1652 4497; x_wconf 90' lang='lat' dir='ltr'><strong>ut</strong></span> <span class='ocrx_word' id='word_1_361' title='bbox 1678 4461 1745 4499; x_wconf 89' lang='lat' dir='ltr'><strong>ne</strong></span> <span class='ocrx_word' id='word_1_362' title='bbox 1769 4444 1869 4498; x_wconf 80' lang='lat' dir='ltr'><strong>im-</strong></span> 
     </span>
    </p>
   </div>
   <div class='ocr_carea' id='block_1_48' title="bbox 273 4534 1869 4611">
    <p class='ocr_par' dir='ltr' id='par_1_48' title="bbox 273 4534 1869 4611">
     <span class='ocr_line' id='line_1_48' title="bbox 273 4534 1869 4611; baseline -0.003 -19"><span class='ocrx_word' id='word_1_363' title='bbox 273 4540 568 4611; x_wconf 88' lang='lat' dir='ltr'><strong>pndentem</strong></span> <span class='ocrx_word' id='word_1_364' title='bbox 616 4538 830 4609; x_wconf 86' lang='lat' dir='ltr'><strong>quidem</strong></span> <span class='ocrx_word' id='word_1_365' title='bbox 875 4537 1202 4591; x_wconf 70' lang='lat' dir='ltr'><strong>defensionis</strong></span> <span class='ocrx_word' id='word_1_366' title='bbox 1249 4543 1564 4605; x_wconf 49' lang='lat' dir='ltr'><strong>prattextum</strong></span> <span class='ocrx_word' id='word_1_367' title='bbox 1604 4534 1869 4604; x_wconf 85' lang='lat' dir='ltr'><strong>relinquat</strong></span> 
     </span>
    </p>
   </div>
   <div class='ocr_carea' id='block_1_49' title="bbox 272 4626 1865 4701">
    <p class='ocr_par' dir='ltr' id='par_1_49' title="bbox 272 4626 1865 4701">
     <span class='ocr_line' id='line_1_49' title="bbox 272 4626 1865 4701; baseline -0.006 -13"><span class='ocrx_word' id='word_1_368' title='bbox 272 4633 533 4688; x_wconf 70' lang='lat' dir='ltr'><strong>Ecclesia:</strong></span> <span class='ocrx_word' id='word_1_369' title='bbox 562 4632 807 4701; x_wconf 80' lang='lat' dir='ltr'><strong>dogmata</strong></span> <span class='ocrx_word' id='word_1_370' title='bbox 856 4630 1168 4699; x_wconf 81' lang='lat' dir='ltr'><strong>impugnare</strong></span> <span class='ocrx_word' id='word_1_371' title='bbox 1210 4627 1545 4692; x_wconf 86' lang='lat' dir='ltr'><strong>volentibus,</strong></span> <span class='ocrx_word' id='word_1_372' title='bbox 1599 4626 1865 4696; x_wconf 88' lang='lat' dir='ltr'><strong>paululum</strong></span> 
     </span>
    </p>
   </div>
   <div class='ocr_carea' id='block_1_50' title="bbox 273 4718 1868 4796">
    <p class='ocr_par' dir='ltr' id='par_1_50' title="bbox 273 4718 1868 4796">
     <span class='ocr_line' id='line_1_50' title="bbox 273 4718 1868 4796; baseline -0.002 -19"><span class='ocrx_word' id='word_1_373' title='bbox 273 4739 597 4796; x_wconf 83' lang='lat' dir='ltr'><strong>progressus</strong></span> <span class='ocrx_word' id='word_1_374' title='bbox 643 4722 782 4778; x_wconf 89' lang='lat' dir='ltr'><strong>idem</strong></span> <span class='ocrx_word' id='word_1_375' title='bbox 832 4722 1023 4777; x_wconf 89' lang='lat' dir='ltr'><strong>iterum</strong></span> <span class='ocrx_word' id='word_1_376' title='bbox 1055 4721 1212 4776; x_wconf 88' lang='lat' dir='ltr'><strong>docet</strong></span> <span class='ocrx_word' id='word_1_377' title='bbox 1235 4762 1250 4785; x_wconf 95' lang='lat'><strong>,</strong></span> <span class='ocrx_word' id='word_1_378' title='bbox 1284 4719 1427 4789; x_wconf 87' lang='lat' dir='ltr'><strong>quod</strong></span> <span class='ocrx_word' id='word_1_379' title='bbox 1458 4720 1578 4774; x_wconf 91' lang='lat' dir='ltr'><strong>idco</strong></span> <span class='ocrx_word' id='word_1_380' title='bbox 1623 4718 1868 4789; x_wconf 82' lang='lat' dir='ltr'><strong>imaginis</strong></span> 
     </span>
    </p>
   </div>
   <div class='ocr_carea' id='block_1_51' title="bbox 273 4811 1869 4884">
    <p class='ocr_par' dir='ltr' id='par_1_51' title="bbox 273 4811 1869 4884">
     <span class='ocr_line' id='line_1_51' title="bbox 273 4811 1869 4884; baseline -0.003 -15"><span class='ocrx_word' id='word_1_381' title='bbox 273 4818 496 4870; x_wconf 87' lang='lat' dir='ltr'><strong>nomine</strong></span> <span class='ocrx_word' id='word_1_382' title='bbox 524 4831 651 4870; x_wconf 91' lang='lat' dir='ltr'><strong>usus</strong></span> <span class='ocrx_word' id='word_1_383' title='bbox 678 4816 764 4880; x_wconf 91' lang='lat' dir='ltr'><strong>sit,</strong></span> <span class='ocrx_word' id='word_1_384' title='bbox 795 4815 933 4884; x_wconf 90' lang='lat' dir='ltr'><strong>quod</strong></span> <span class='ocrx_word' id='word_1_385' title='bbox 966 4814 1320 4882; x_wconf 86' lang='lat' dir='ltr'><strong>imperaturus</strong></span> <span class='ocrx_word' id='word_1_386' title='bbox 1349 4855 1363 4879; x_wconf 92' lang='lat'><strong>,</strong></span> <span class='ocrx_word' id='word_1_387' title='bbox 1410 4822 1464 4867; x_wconf 85' lang='lat' dir='ltr'><strong>et</strong></span> <span class='ocrx_word' id='word_1_388' title='bbox 1507 4811 1608 4866; x_wconf 87' lang='lat' dir='ltr'><strong>sub</strong></span> <span class='ocrx_word' id='word_1_389' title='bbox 1636 4826 1694 4866; x_wconf 88' lang='lat' dir='ltr'><strong>se</strong></span> <span class='ocrx_word' id='word_1_390' title='bbox 1719 4826 1869 4866; x_wconf 87' lang='lat' dir='ltr'><strong>crea-</strong></span> 
     </span>
    </p>
   </div>
   <div class='ocr_carea' id='block_1_52' title="bbox 274 4902 1867 4973">
    <p class='ocr_par' dir='ltr' id='par_1_52' title="bbox 274 4902 1867 4973">
     <span class='ocr_line' id='line_1_52' title="bbox 274 4902 1867 4973; baseline -0.007 -7"><span class='ocrx_word' id='word_1_391' title='bbox 274 4924 427 4966; x_wconf 84' lang='lat' dir='ltr'><strong>turas</strong></span> <span class='ocrx_word' id='word_1_392' title='bbox 454 4921 641 4961; x_wconf 86' lang='lat' dir='ltr'><strong>omnes</strong></span> <span class='ocrx_word' id='word_1_393' title='bbox 672 4904 946 4961; x_wconf 89' lang='lat' dir='ltr'><strong>habiturus</strong></span> <span class='ocrx_word' id='word_1_394' title='bbox 972 4914 1132 4960; x_wconf 55' lang='lat' dir='ltr'><strong>esset.</strong></span> <span class='ocrx_word' id='word_1_395' title='bbox 1165 4904 1281 4959; x_wconf 87' lang='lat' dir='ltr'><strong>.latn</strong></span> <span class='ocrx_word' id='word_1_396' title='bbox 1317 4905 1587 4958; x_wconf 84' lang='lat' dir='ltr'><strong>videamus</strong></span> <span class='ocrx_word' id='word_1_397' title='bbox 1631 4902 1755 4973; x_wconf 91' lang='lat' dir='ltr'><strong>quid</strong></span> <span class='ocrx_word' id='word_1_398' title='bbox 1784 4902 1867 4956; x_wconf 87' lang='lat' dir='ltr'><strong>di-</strong></span> 
     </span>
    </p>
   </div>
   <div class='ocr_carea' id='block_1_53' title="bbox 268 4994 1868 5070">
    <p class='ocr_par' dir='ltr' id='par_1_53' title="bbox 268 4994 1868 5070">
     <span class='ocr_line' id='line_1_53' title="bbox 268 4994 1868 5070; baseline -0.004 -14"><span class='ocrx_word' id='word_1_399' title='bbox 268 5014 347 5058; x_wconf 75' lang='lat' dir='ltr'><strong>ctt</strong></span> <span class='ocrx_word' id='word_1_400' title='bbox 374 5021 388 5055; x_wconf 91' lang='lat'><strong>:</strong></span> <span class='ocrx_word' id='word_1_401' title='bbox 424 5000 489 5054; x_wconf 82' lang='lat' dir='ltr'><strong>Et</strong></span> <span class='ocrx_word' id='word_1_402' title='bbox 510 5001 627 5070; x_wconf 76' lang='lat' dir='ltr'><strong>fecit</strong></span> <span class='ocrx_word' id='word_1_403' title='bbox 661 4998 796 5053; x_wconf 89' lang='lat' dir='ltr'><strong>Deus</strong></span> <span class='ocrx_word' id='word_1_404' title='bbox 831 4999 1120 5063; x_wconf 81' lang='lat' dir='ltr'><strong>hominem;</strong></span> <span class='ocrx_word' id='word_1_405' title='bbox 1153 4997 1426 5051; x_wconf 78' lang='lat' dir='ltr'><strong>secundant</strong></span> <span class='ocrx_word' id='word_1_406' title='bbox 1473 4997 1744 5067; x_wconf 85' lang='lat' dir='ltr'><strong>imaginem</strong></span> <span class='ocrx_word' id='word_1_407' title='bbox 1774 4994 1868 5049; x_wconf 86' lang='lat' dir='ltr'><strong>Dei</strong></span> 
     </span>
    </p>
   </div>
   <div class='ocr_carea' id='block_1_54' title="bbox 271 5087 1868 5163">
    <p class='ocr_par' dir='ltr' id='par_1_54' title="bbox 271 5087 1868 5163">
     <span class='ocr_line' id='line_1_54' title="bbox 271 5087 1868 5163; baseline -0.002 -17"><span class='ocrx_word' id='word_1_408' title='bbox 271 5094 395 5163; x_wconf 75' lang='lat' dir='ltr'><strong>fecit</strong></span> <span class='ocrx_word' id='word_1_409' title='bbox 428 5094 572 5145; x_wconf 89' lang='lat' dir='ltr'><strong>illum</strong></span> <span class='ocrx_word' id='word_1_410' title='bbox 610 5109 631 5158; x_wconf 82' lang='lat'><strong>,&#39;</strong></span> <span class='ocrx_word' id='word_1_411' title='bbox 660 5092 942 5145; x_wconf 83' lang='lat' dir='ltr'><strong>masculum</strong></span> <span class='ocrx_word' id='word_1_412' title='bbox 977 5100 1023 5144; x_wconf 87' lang='lat' dir='ltr'><strong>et</strong></span> <span class='ocrx_word' id='word_1_413' title='bbox 1053 5091 1291 5161; x_wconf 76' lang='lat' dir='ltr'><strong>feminam</strong></span> <span class='ocrx_word' id='word_1_414' title='bbox 1317 5091 1431 5159; x_wconf 74' lang='lat' dir='ltr'><strong>fecit</strong></span> <span class='ocrx_word' id='word_1_415' title='bbox 1454 5089 1589 5143; x_wconf 87' lang='lat' dir='ltr'><strong>illos.</strong></span> <span class='ocrx_word' id='word_1_416' title='bbox 1626 5087 1682 5143; x_wconf 90' lang='lat' dir='ltr'><strong>Id</strong></span> <span class='ocrx_word' id='word_1_417' title='bbox 1726 5087 1868 5158; x_wconf 90' lang='lat' dir='ltr'><strong>quod</strong></span> 
     </span>
    </p>
   </div>
   <div class='ocr_carea' id='block_1_55' title="bbox 272 5179 1869 5258">
    <p class='ocr_par' dir='ltr' id='par_1_55' title="bbox 272 5179 1869 5258">
     <span class='ocr_line' id='line_1_55' title="bbox 272 5179 1869 5258; baseline -0.008 -14"><span class='ocrx_word' id='word_1_418' title='bbox 272 5203 440 5258; x_wconf 72' lang='lat' dir='ltr'><strong>supra</strong></span> <span class='ocrx_word' id='word_1_419' title='bbox 470 5185 853 5250; x_wconf 82' lang='lat' dir='ltr'><strong>insinuaverat,</strong></span> <span class='ocrx_word' id='word_1_420' title='bbox 880 5184 1085 5245; x_wconf 82' lang='lat' dir='ltr'><strong>dicens.</strong></span> <span class='ocrx_word' id='word_1_421' title='bbox 1120 5182 1184 5236; x_wconf 82' lang='lat' dir='ltr'><strong>Et</strong></span> <span class='ocrx_word' id='word_1_422' title='bbox 1213 5183 1551 5247; x_wconf 83' lang='lat' dir='ltr'><strong>dominentur,</strong></span> <span class='ocrx_word' id='word_1_423' title='bbox 1585 5180 1669 5235; x_wconf 91' lang='lat' dir='ltr'><strong>hic</strong></span> <span class='ocrx_word' id='word_1_424' title='bbox 1697 5179 1869 5234; x_wconf 82' lang='lat' dir='ltr'><strong>mani-</strong></span> 
     </span>
    </p>
   </div>
   <div class='ocr_carea' id='block_1_56' title="bbox 272 5273 1869 5348">
    <p class='ocr_par' dir='ltr' id='par_1_56' title="bbox 272 5273 1869 5348">
     <span class='ocr_line' id='line_1_56' title="bbox 272 5273 1869 5348; baseline -0.004 -13"><span class='ocrx_word' id='word_1_425' title='bbox 272 5283 464 5337; x_wconf 80' lang='lat' dir='ltr'><strong>festius</strong></span> <span class='ocrx_word' id='word_1_426' title='bbox 499 5279 670 5343; x_wconf 84' lang='lat' dir='ltr'><strong>dixit;</strong></span> <span class='ocrx_word' id='word_1_427' title='bbox 700 5277 926 5348; x_wconf 89' lang='lat' dir='ltr'><strong>idipsum</strong></span> <span class='ocrx_word' id='word_1_428' title='bbox 970 5286 1145 5331; x_wconf 89' lang='lat' dir='ltr'><strong>tamen</strong></span> <span class='ocrx_word' id='word_1_429' title='bbox 1185 5275 1528 5330; x_wconf 90' lang='lat' dir='ltr'><strong>reconditiori</strong></span> <span class='ocrx_word' id='word_1_430' title='bbox 1576 5273 1735 5328; x_wconf 89' lang='lat' dir='ltr'><strong>modo</strong></span> <span class='ocrx_word' id='word_1_431' title='bbox 1771 5287 1869 5329; x_wconf 87' lang='lat' dir='ltr'><strong>nos</strong></span> 
     </span>
    </p>
   </div>
   <div class='ocr_carea' id='block_1_57' title="bbox 273 5365 1869 5433">
    <p class='ocr_par' dir='ltr' id='par_1_57' title="bbox 273 5365 1869 5433">
     <span class='ocr_line' id='line_1_57' title="bbox 273 5365 1869 5433; baseline -0.004 -5"><span class='ocrx_word' id='word_1_432' title='bbox 273 5374 481 5428; x_wconf 82' lang='lat' dir='ltr'><strong>docens</strong></span> <span class='ocrx_word' id='word_1_433' title='bbox 516 5389 531 5425; x_wconf 87' lang='lat'><strong>:</strong></span> <span class='ocrx_word' id='word_1_434' title='bbox 564 5368 801 5424; x_wconf 90' lang='lat' dir='ltr'><strong>nondum</strong></span> <span class='ocrx_word' id='word_1_435' title='bbox 840 5367 982 5422; x_wconf 89' lang='lat' dir='ltr'><strong>enim</strong></span> <span class='ocrx_word' id='word_1_436' title='bbox 1018 5367 1084 5422; x_wconf 91' lang='lat' dir='ltr'><strong>de</strong></span> <span class='ocrx_word' id='word_1_437' title='bbox 1122 5368 1439 5421; x_wconf 83' lang='lat' dir='ltr'><strong>formatione</strong></span> <span class='ocrx_word' id='word_1_438' title='bbox 1460 5365 1737 5433; x_wconf 86' lang='lat' dir='ltr'><strong>docuerat,</strong></span> <span class='ocrx_word' id='word_1_439' title='bbox 1772 5381 1869 5421; x_wconf 89' lang='lat' dir='ltr'><strong>ne-</strong></span> 
     </span>
    </p>
   </div>
   <div class='ocr_carea' id='block_1_58' title="bbox 274 5458 1871 5535">
    <p class='ocr_par' dir='ltr' id='par_1_58' title="bbox 274 5458 1871 5535">
     <span class='ocr_line' id='line_1_58' title="bbox 274 5458 1871 5535; baseline -0.003 -18"><span class='ocrx_word' id='word_1_440' title='bbox 274 5482 382 5535; x_wconf 87' lang='lat' dir='ltr'><strong>que</strong></span> <span class='ocrx_word' id='word_1_441' title='bbox 422 5464 628 5519; x_wconf 80' lang='lat' dir='ltr'><strong>dixerat</strong></span> <span class='ocrx_word' id='word_1_442' title='bbox 668 5462 811 5517; x_wconf 88' lang='lat' dir='ltr'><strong>unde</strong></span> <span class='ocrx_word' id='word_1_443' title='bbox 851 5459 1045 5516; x_wconf 88' lang='lat' dir='ltr'><strong>mulier</strong></span> <span class='ocrx_word' id='word_1_444' title='bbox 1086 5460 1341 5529; x_wconf 88' lang='lat' dir='ltr'><strong>producta</strong></span> <span class='ocrx_word' id='word_1_445' title='bbox 1374 5477 1387 5511; x_wconf 88' lang='lat'><strong>:</strong></span> <span class='ocrx_word' id='word_1_446' title='bbox 1421 5458 1706 5513; x_wconf 81' lang='lat' dir='ltr'><strong>Masculum</strong></span> <span class='ocrx_word' id='word_1_447' title='bbox 1735 5500 1750 5525; x_wconf 93' lang='lat'><strong>,</strong></span> <span class='ocrx_word' id='word_1_448' title='bbox 1790 5460 1871 5513; x_wconf 91' lang='lat' dir='ltr'><strong>in-</strong></span> 
     </span>
    </p>
   </div>
   <div class='ocr_carea' id='block_1_59' title="bbox 274 5549 1868 5628">
    <p class='ocr_par' dir='ltr' id='par_1_59' title="bbox 274 5549 1868 5628">
     <span class='ocr_line' id='line_1_59' title="bbox 274 5549 1868 5628; baseline -0.003 -17"><span class='ocrx_word' id='word_1_449' title='bbox 274 5558 429 5628; x_wconf 81' lang='lat' dir='ltr'><strong>quit,</strong></span> <span class='ocrx_word' id='word_1_450' title='bbox 472 5566 520 5609; x_wconf 88' lang='lat' dir='ltr'><strong>et</strong></span> <span class='ocrx_word' id='word_1_451' title='bbox 545 5554 785 5625; x_wconf 81' lang='lat' dir='ltr'><strong>feminam</strong></span> <span class='ocrx_word' id='word_1_452' title='bbox 829 5553 947 5626; x_wconf 80' lang='lat' dir='ltr'><strong>fecit</strong></span> <span class='ocrx_word' id='word_1_453' title='bbox 984 5552 1118 5605; x_wconf 89' lang='lat' dir='ltr'><strong>illos.</strong></span> <span class='ocrx_word' id='word_1_454' title='bbox 1161 5549 1352 5605; x_wconf 88' lang='lat' dir='ltr'><strong>Vidisti</strong></span> <span class='ocrx_word' id='word_1_455' title='bbox 1382 5551 1683 5621; x_wconf 86' lang='lat' dir='ltr'><strong>quomodo,</strong></span> <span class='ocrx_word' id='word_1_456' title='bbox 1726 5550 1868 5621; x_wconf 73' lang='grc' dir='ltr'><strong>(ιιιοά</strong></span> 
     </span>
    </p>
   </div>
   <div class='ocr_carea' id='block_1_60' title="bbox 218 5642 1868 5716">
    <p class='ocr_par' dir='ltr' id='par_1_60' title="bbox 218 5642 1868 5716">
     <span class='ocr_line' id='line_1_60' title="bbox 218 5642 1868 5716; baseline -0.005 -11"><span class='ocrx_word' id='word_1_457' title='bbox 218 5692 221 5695; x_wconf 90' lang='grc'><strong><em>-</em></strong></span> <span class='ocrx_word' id='word_1_458' title='bbox 276 5647 517 5705; x_wconf 87' lang='lat' dir='ltr'><strong>nondum</strong></span> <span class='ocrx_word' id='word_1_459' title='bbox 541 5647 740 5702; x_wconf 83' lang='lat' dir='ltr'><strong>factum</strong></span> <span class='ocrx_word' id='word_1_460' title='bbox 761 5687 776 5711; x_wconf 94' lang='lat'><strong>,</strong></span> <span class='ocrx_word' id='word_1_461' title='bbox 807 5644 956 5716; x_wconf 88' lang='lat' dir='ltr'><strong>quasi</strong></span> <span class='ocrx_word' id='word_1_462' title='bbox 981 5647 1090 5713; x_wconf 90' lang='lat' dir='ltr'><strong>jam</strong></span> <span class='ocrx_word' id='word_1_463' title='bbox 1123 5642 1318 5699; x_wconf 86' lang='lat' dir='ltr'><strong>factum</strong></span> <span class='ocrx_word' id='word_1_464' title='bbox 1350 5643 1625 5698; x_wconf 87' lang='lat' dir='ltr'><strong>narravit?</strong></span> <span class='ocrx_word' id='word_1_465' title='bbox 1669 5644 1868 5713; x_wconf 72' lang='lat' dir='ltr'><strong>llujus~</strong></span> 
     </span>
    </p>
   </div>
   <div class='ocr_carea' id='block_1_61' title="bbox 272 5737 1866 5812">
    <p class='ocr_par' dir='ltr' id='par_1_61' title="bbox 272 5737 1866 5812">
     <span class='ocr_line' id='line_1_61' title="bbox 272 5737 1866 5812; baseline -0.005 -13"><span class='ocrx_word' id='word_1_466' title='bbox 272 5741 425 5799; x_wconf 72' lang='lat' dir='ltr'><strong>modi</strong></span> <span class='ocrx_word' id='word_1_467' title='bbox 449 5749 574 5799; x_wconf 85' lang='lat' dir='ltr'><strong>sunt</strong></span> <span class='ocrx_word' id='word_1_468' title='bbox 598 5740 738 5796; x_wconf 91' lang='lat' dir='ltr'><strong>oculi</strong></span> <span class='ocrx_word' id='word_1_469' title='bbox 766 5738 1067 5812; x_wconf 86' lang='lat' dir='ltr'><strong>spirituales</strong></span> <span class='ocrx_word' id='word_1_470' title='bbox 1100 5754 1111 5793; x_wconf 91' lang='lat'><strong>:</strong></span> <span class='ocrx_word' id='word_1_471' title='bbox 1142 5752 1315 5808; x_wconf 90' lang='lat' dir='ltr'><strong>neque</strong></span> <span class='ocrx_word' id='word_1_472' title='bbox 1330 5737 1470 5795; x_wconf 86' lang='lat' dir='ltr'><strong>enim</strong></span> <span class='ocrx_word' id='word_1_473' title='bbox 1502 5745 1702 5792; x_wconf 88' lang='lat' dir='ltr'><strong>tantum</strong></span> <span class='ocrx_word' id='word_1_474' title='bbox 1732 5751 1866 5806; x_wconf 78' lang='lat' dir='ltr'><strong>pra:-</strong></span> 
     </span>
    </p>
   </div>
   <div class='ocr_carea' id='block_1_62' title="bbox 1968 419 3549 490">
    <p class='ocr_par' dir='ltr' id='par_1_62' title="bbox 1968 419 3549 490">
     <span class='ocr_line' id='line_1_62' title="bbox 1968 419 3549 490; baseline 0.006 -24"><span class='ocrx_word' id='word_1_475' title='bbox 1968 421 2113 467; x_wconf 88' lang='lat' dir='ltr'><strong>stare</strong></span> <span class='ocrx_word' id='word_1_476' title='bbox 2159 425 2380 483; x_wconf 79' lang='lat' dir='ltr'><strong>pOSsuut</strong></span> <span class='ocrx_word' id='word_1_477' title='bbox 2416 419 2721 486; x_wconf 87' lang='lat' dir='ltr'><strong>corporales</strong></span> <span class='ocrx_word' id='word_1_478' title='bbox 2752 419 2803 473; x_wconf 85' lang='lat' dir='ltr'><strong>lti</strong></span> <span class='ocrx_word' id='word_1_479' title='bbox 2853 421 3014 485; x_wconf 88' lang='lat' dir='ltr'><strong>oeuli,</strong></span> <span class='ocrx_word' id='word_1_480' title='bbox 3041 420 3131 490; x_wconf 85' lang='lat' dir='ltr'><strong>qui</strong></span> <span class='ocrx_word' id='word_1_481' title='bbox 3165 421 3387 477; x_wconf 89' lang='lat' dir='ltr'><strong>visibilia</strong></span> <span class='ocrx_word' id='word_1_482' title='bbox 3429 437 3549 475; x_wconf 57' lang='lat' dir='ltr'><strong>cerv-</strong></span> 
     </span>
    </p>
   </div>
   <div class='ocr_carea' id='block_1_63' title="bbox 1969 507 3551 580">
    <p class='ocr_par' dir='ltr' id='par_1_63' title="bbox 1969 507 3551 580">
     <span class='ocr_line' id='line_1_63' title="bbox 1969 507 3551 580; baseline 0.007 -24"><span class='ocrx_word' id='word_1_483' title='bbox 1969 512 2121 568; x_wconf 88' lang='lat' dir='ltr'><strong>tntnt,</strong></span> <span class='ocrx_word' id='word_1_484' title='bbox 2144 513 2398 572; x_wconf 87' lang='lat' dir='ltr'><strong>quantum</strong></span> <span class='ocrx_word' id='word_1_485' title='bbox 2416 507 2552 559; x_wconf 89' lang='lat' dir='ltr'><strong>oculi</strong></span> <span class='ocrx_word' id='word_1_486' title='bbox 2581 508 2819 576; x_wconf 87' lang='lat' dir='ltr'><strong>spiritus,</strong></span> <span class='ocrx_word' id='word_1_487' title='bbox 2847 510 2935 578; x_wconf 90' lang='lat' dir='ltr'><strong>qui</strong></span> <span class='ocrx_word' id='word_1_488' title='bbox 2955 525 3017 565; x_wconf 88' lang='lat' dir='ltr'><strong>ea</strong></span> <span class='ocrx_word' id='word_1_489' title='bbox 3038 526 3156 580; x_wconf 70' lang='lat' dir='ltr'><strong>qua:</strong></span> <span class='ocrx_word' id='word_1_490' title='bbox 3179 526 3283 564; x_wconf 88' lang='lat' dir='ltr'><strong>non</strong></span> <span class='ocrx_word' id='word_1_491' title='bbox 3302 510 3551 567; x_wconf 87' lang='lat' dir='ltr'><strong>videntur</strong></span> 
     </span>
    </p>
   </div>
   <div class='ocr_carea' id='block_1_64' title="bbox 1967 595 3548 670">
    <p class='ocr_par' dir='ltr' id='par_1_64' title="bbox 1967 595 3548 670">
     <span class='ocr_line' id='line_1_64' title="bbox 1967 595 3548 670; baseline 0.004 -24"><span class='ocrx_word' id='word_1_492' title='bbox 1967 609 2140 664; x_wconf 90' lang='lat' dir='ltr'><strong>neque</strong></span> <span class='ocrx_word' id='word_1_493' title='bbox 2181 595 2504 662; x_wconf 57' lang='lat' dir='ltr'><strong>subsistunt,</strong></span> <span class='ocrx_word' id='word_1_494' title='bbox 2561 598 2742 654; x_wconf 83' lang='lat' dir='ltr'><strong>videre</strong></span> <span class='ocrx_word' id='word_1_495' title='bbox 2784 609 3023 668; x_wconf 72' lang='lat' dir='ltr'><strong>possunt.</strong></span> <span class='ocrx_word' id='word_1_496' title='bbox 3076 599 3235 670; x_wconf 91' lang='lat' dir='ltr'><strong>Igitur</strong></span> <span class='ocrx_word' id='word_1_497' title='bbox 3278 611 3334 654; x_wconf 92' lang='lat' dir='ltr'><strong>ut</strong></span> <span class='ocrx_word' id='word_1_498' title='bbox 3379 599 3508 655; x_wconf 73' lang='lat' dir='ltr'><strong>dixit</strong></span> <span class='ocrx_word' id='word_1_499' title='bbox 3534 642 3548 660; x_wconf 87' lang='lat'><strong>.</strong></span> 
     </span>
    </p>
   </div>
   <div class='ocr_carea' id='block_1_65' title="bbox 1970 686 3551 763">
    <p class='ocr_par' dir='ltr' id='par_1_65' title="bbox 1970 686 3551 763">
     <span class='ocr_line' id='line_1_65' title="bbox 1970 686 3551 763; baseline 0.003 -23"><span class='ocrx_word' id='word_1_500' title='bbox 1970 686 2258 740; x_wconf 81' lang='lat' dir='ltr'><strong>Masculum</strong></span> <span class='ocrx_word' id='word_1_501' title='bbox 2295 697 2342 741; x_wconf 91' lang='lat' dir='ltr'><strong>et</strong></span> <span class='ocrx_word' id='word_1_502' title='bbox 2367 690 2605 758; x_wconf 79' lang='lat' dir='ltr'><strong>fetninam</strong></span> <span class='ocrx_word' id='word_1_503' title='bbox 2633 691 2748 761; x_wconf 80' lang='lat' dir='ltr'><strong>fecit</strong></span> <span class='ocrx_word' id='word_1_504' title='bbox 2782 692 2917 755; x_wconf 88' lang='lat' dir='ltr'><strong>illos,</strong></span> <span class='ocrx_word' id='word_1_505' title='bbox 2949 692 3100 763; x_wconf 86' lang='lat' dir='ltr'><strong>quasi</strong></span> <span class='ocrx_word' id='word_1_506' title='bbox 3139 693 3347 760; x_wconf 86' lang='lat' dir='ltr'><strong>utrique</strong></span> <span class='ocrx_word' id='word_1_507' title='bbox 3382 692 3551 747; x_wconf 74' lang='lat' dir='ltr'><strong>bene-</strong></span> 
     </span>
    </p>
   </div>
   <div class='ocr_carea' id='block_1_66' title="bbox 1967 775 3548 851">
    <p class='ocr_par' dir='ltr' id='par_1_66' title="bbox 1967 775 3548 851">
     <span class='ocr_line' id='line_1_66' title="bbox 1967 775 3548 851; baseline 0.005 -22"><span class='ocrx_word' id='word_1_508' title='bbox 1967 775 2255 831; x_wconf 85' lang='lat' dir='ltr'><strong>dictionem</strong></span> <span class='ocrx_word' id='word_1_509' title='bbox 2278 777 2449 844; x_wconf 87' lang='lat' dir='ltr'><strong>daret,</strong></span> <span class='ocrx_word' id='word_1_510' title='bbox 2478 779 2606 835; x_wconf 86' lang='lat' dir='ltr'><strong>dicit</strong></span> <span class='ocrx_word' id='word_1_511' title='bbox 2634 798 2647 835; x_wconf 92' lang='lat'>:</span> <span class='ocrx_word' id='word_1_512' title='bbox 2680 781 2745 834; x_wconf 81' lang='lat' dir='ltr'><strong>Et</strong></span> <span class='ocrx_word' id='word_1_513' title='bbox 2763 783 3009 836; x_wconf 63' lang='lat' dir='ltr'><strong>benedixit</strong></span> <span class='ocrx_word' id='word_1_514' title='bbox 3037 784 3140 838; x_wconf 85' lang='lat' dir='ltr'><strong>illis</strong></span> <span class='ocrx_word' id='word_1_515' title='bbox 3172 784 3328 851; x_wconf 88' lang='lat' dir='ltr'><strong>Deus,</strong></span> <span class='ocrx_word' id='word_1_516' title='bbox 3359 785 3548 851; x_wconf 77' lang='lat' dir='ltr'><strong>dicens,</strong></span> 
     </span>
    </p>
   </div>
   <div class='ocr_carea' id='block_1_67' title="bbox 1966 866 3551 941">
    <p class='ocr_par' dir='ltr' id='par_1_67' title="bbox 1966 866 3551 941">
     <span class='ocr_line' id='line_1_67' title="bbox 1966 866 3551 941; baseline 0.004 -20"><span class='ocrx_word' id='word_1_517' title='bbox 1966 866 2200 935; x_wconf 75' lang='lat' dir='ltr'><strong>Crescite,</strong></span> <span class='ocrx_word' id='word_1_518' title='bbox 2229 877 2275 921; x_wconf 89' lang='lat' dir='ltr'><strong>et</strong></span> <span class='ocrx_word' id='word_1_519' title='bbox 2304 869 2734 939; x_wconf 87' lang='lat' dir='ltr'><strong>multiplicamini,</strong></span> <span class='ocrx_word' id='word_1_520' title='bbox 2768 882 2813 925; x_wconf 89' lang='lat' dir='ltr'><strong>et</strong></span> <span class='ocrx_word' id='word_1_521' title='bbox 2839 873 3040 941; x_wconf 85' lang='lat' dir='ltr'><strong>implete</strong></span> <span class='ocrx_word' id='word_1_522' title='bbox 3066 883 3251 928; x_wconf 86' lang='lat' dir='ltr'><strong>tenam</strong></span> <span class='ocrx_word' id='word_1_523' title='bbox 3272 915 3288 939; x_wconf 90' lang='lat'><strong>,</strong></span> <span class='ocrx_word' id='word_1_524' title='bbox 3320 885 3365 927; x_wconf 87' lang='lat' dir='ltr'><strong>et</strong></span> <span class='ocrx_word' id='word_1_525' title='bbox 3387 875 3551 927; x_wconf 71' lang='lat' dir='ltr'><strong>domio</strong></span> 
     </span>
    </p>
   </div>
   <div class='ocr_carea' id='block_1_68' title="bbox 1964 948 3547 1033">
    <p class='ocr_par' dir='ltr' id='par_1_68' title="bbox 1964 948 3547 1033">
     <span class='ocr_line' id='line_1_68' title="bbox 1964 948 3547 1033; baseline 0.004 -22"><span class='ocrx_word' id='word_1_526' title='bbox 1964 948 2159 1011; x_wconf 81' lang='lat' dir='ltr'><strong>numini</strong></span> <span class='ocrx_word' id='word_1_527' title='bbox 2206 958 2318 1022; x_wconf 86' lang='lat' dir='ltr'><strong>illi,</strong></span> <span class='ocrx_word' id='word_1_528' title='bbox 2363 968 2410 1012; x_wconf 88' lang='lat' dir='ltr'><strong>et</strong></span> <span class='ocrx_word' id='word_1_529' title='bbox 2448 959 2688 1028; x_wconf 87' lang='lat' dir='ltr'><strong>imperate</strong></span> <span class='ocrx_word' id='word_1_530' title='bbox 2729 962 2948 1033; x_wconf 79' lang='lat' dir='ltr'><strong>piscibus</strong></span> <span class='ocrx_word' id='word_1_531' title='bbox 2999 964 3169 1016; x_wconf 85' lang='lat' dir='ltr'><strong>maris.</strong></span> <span class='ocrx_word' id='word_1_532' title='bbox 3204 964 3345 1018; x_wconf 87' lang='lat' dir='ltr'><strong>Ecce</strong></span> <span class='ocrx_word' id='word_1_533' title='bbox 3388 980 3547 1033; x_wconf 89' lang='lat' dir='ltr'><strong>quam</strong></span> 
     </span>
    </p>
   </div>
   <div class='ocr_carea' id='block_1_69' title="bbox 1964 1050 3547 1124">
    <p class='ocr_par' dir='ltr' id='par_1_69' title="bbox 1964 1050 3547 1124">
     <span class='ocr_line' id='line_1_69' title="bbox 1964 1050 3547 1124; baseline 0.003 -20"><span class='ocrx_word' id='word_1_534' title='bbox 1964 1050 2205 1105; x_wconf 86' lang='lat' dir='ltr'><strong>eminens</strong></span> <span class='ocrx_word' id='word_1_535' title='bbox 2230 1050 2549 1107; x_wconf 86' lang='lat' dir='ltr'><strong>benedictio.</strong></span> <span class='ocrx_word' id='word_1_536' title='bbox 2589 1052 2718 1107; x_wconf 83' lang='lat' dir='ltr'><strong>Nam</strong></span> <span class='ocrx_word' id='word_1_537' title='bbox 2750 1053 2871 1119; x_wconf 86' lang='lat' dir='ltr'><strong>hoc,</strong></span> <span class='ocrx_word' id='word_1_538' title='bbox 2904 1054 3137 1120; x_wconf 78' lang='lat' dir='ltr'><strong>Crescite,</strong></span> <span class='ocrx_word' id='word_1_539' title='bbox 3167 1067 3212 1108; x_wconf 90' lang='lat' dir='ltr'><strong>et</strong></span> <span class='ocrx_word' id='word_1_540' title='bbox 3239 1057 3547 1124; x_wconf 86' lang='lat' dir='ltr'><strong>multiplica-</strong></span> 
     </span>
    </p>
   </div>
   <div class='ocr_carea' id='block_1_70' title="bbox 1967 1143 3546 1214">
    <p class='ocr_par' dir='ltr' id='par_1_70' title="bbox 1967 1143 3546 1214">
     <span class='ocr_line' id='line_1_70' title="bbox 1967 1143 3546 1214; baseline 0.003 -18"><span class='ocrx_word' id='word_1_541' title='bbox 1967 1143 2090 1197; x_wconf 87' lang='lat' dir='ltr'><strong>mini</strong></span> <span class='ocrx_word' id='word_1_542' title='bbox 2107 1184 2123 1211; x_wconf 90' lang='lat'><strong>,</strong></span> <span class='ocrx_word' id='word_1_543' title='bbox 2156 1154 2202 1197; x_wconf 88' lang='lat' dir='ltr'><strong>et</strong></span> <span class='ocrx_word' id='word_1_544' title='bbox 2227 1144 2431 1214; x_wconf 87' lang='lat' dir='ltr'><strong>implete</strong></span> <span class='ocrx_word' id='word_1_545' title='bbox 2454 1155 2641 1199; x_wconf 89' lang='lat' dir='ltr'><strong>terram</strong></span> <span class='ocrx_word' id='word_1_546' title='bbox 2659 1186 2674 1208; x_wconf 93' lang='lat'><strong>,</strong></span> <span class='ocrx_word' id='word_1_547' title='bbox 2721 1148 2877 1200; x_wconf 90' lang='lat' dir='ltr'><strong>etiam</strong></span> <span class='ocrx_word' id='word_1_548' title='bbox 2904 1146 2971 1201; x_wconf 90' lang='lat' dir='ltr'><strong>de</strong></span> <span class='ocrx_word' id='word_1_549' title='bbox 2996 1147 3166 1201; x_wconf 88' lang='lat' dir='ltr'><strong>brutis</strong></span> <span class='ocrx_word' id='word_1_550' title='bbox 3193 1148 3509 1202; x_wconf 88' lang='lat' dir='ltr'><strong>animalibus</strong></span> <span class='ocrx_word' id='word_1_551' title='bbox 3529 1189 3546 1214; x_wconf 97' lang='lat'><strong>,</strong></span> 
     </span>
    </p>
   </div>
   <div class='ocr_carea' id='block_1_71' title="bbox 1966 1233 3550 1306">
    <p class='ocr_par' dir='ltr' id='par_1_71' title="bbox 1966 1233 3550 1306">
     <span class='ocr_line' id='line_1_71' title="bbox 1966 1233 3550 1306; baseline 0.002 -17"><span class='ocrx_word' id='word_1_552' title='bbox 1966 1244 2021 1289; x_wconf 90' lang='lat' dir='ltr'><strong>et</strong></span> <span class='ocrx_word' id='word_1_553' title='bbox 2051 1235 2327 1305; x_wconf 90' lang='lat' dir='ltr'><strong>reptilibus</strong></span> <span class='ocrx_word' id='word_1_554' title='bbox 2351 1233 2549 1289; x_wconf 89' lang='lat' dir='ltr'><strong>dictum</strong></span> <span class='ocrx_word' id='word_1_555' title='bbox 2572 1245 2655 1290; x_wconf 88' lang='lat' dir='ltr'><strong>est</strong></span> <span class='ocrx_word' id='word_1_556' title='bbox 2686 1253 2699 1288; x_wconf 90' lang='lat'><strong>:</strong></span> <span class='ocrx_word' id='word_1_557' title='bbox 2728 1236 2821 1290; x_wconf 88' lang='lat' dir='ltr'><strong>sed</strong></span> <span class='ocrx_word' id='word_1_558' title='bbox 2846 1278 2862 1304; x_wconf 95' lang='lat'><strong>,</strong></span> <span class='ocrx_word' id='word_1_559' title='bbox 2907 1236 3250 1290; x_wconf 87' lang='lat' dir='ltr'><strong>Dominamini</strong></span> <span class='ocrx_word' id='word_1_560' title='bbox 3268 1278 3283 1304; x_wconf 90' lang='lat'><strong>,</strong></span> <span class='ocrx_word' id='word_1_561' title='bbox 3312 1246 3357 1292; x_wconf 86' lang='lat' dir='ltr'><strong>et</strong></span> <span class='ocrx_word' id='word_1_562' title='bbox 3390 1240 3550 1306; x_wconf 84' lang='lat' dir='ltr'><strong>impe-</strong></span> 
     </span>
    </p>
   </div>
   <div class='ocr_carea' id='block_1_72' title="bbox 1966 1327 3545 1401">
    <p class='ocr_par' dir='ltr' id='par_1_72' title="bbox 1966 1327 3545 1401">
     <span class='ocr_line' id='line_1_72' title="bbox 1966 1327 3545 1401; baseline 0.004 -22"><span class='ocrx_word' id='word_1_563' title='bbox 1966 1335 2102 1389; x_wconf 87' lang='lat' dir='ltr'><strong>rate,</strong></span> <span class='ocrx_word' id='word_1_564' title='bbox 2147 1328 2213 1382; x_wconf 91' lang='lat' dir='ltr'><strong>dc</strong></span> <span class='ocrx_word' id='word_1_565' title='bbox 2234 1327 2349 1380; x_wconf 91' lang='lat' dir='ltr'><strong>viro</strong></span> <span class='ocrx_word' id='word_1_566' title='bbox 2374 1336 2429 1382; x_wconf 93' lang='lat' dir='ltr'><strong>et</strong></span> <span class='ocrx_word' id='word_1_567' title='bbox 2462 1328 2688 1383; x_wconf 90' lang='lat' dir='ltr'><strong>muliere</strong></span> <span class='ocrx_word' id='word_1_568' title='bbox 2729 1328 2949 1383; x_wconf 91' lang='lat' dir='ltr'><strong>dictum.</strong></span> <span class='ocrx_word' id='word_1_569' title='bbox 2992 1329 3124 1384; x_wconf 83' lang='lat' dir='ltr'><strong>Vide</strong></span> <span class='ocrx_word' id='word_1_570' title='bbox 3170 1330 3545 1401; x_wconf 85' lang='lat' dir='ltr'><strong>benignitatem</strong></span> 
     </span>
    </p>
   </div>
   <div class='ocr_carea' id='block_1_73' title="bbox 1970 1419 3544 1491">
    <p class='ocr_par' dir='ltr' id='par_1_73' title="bbox 1970 1419 3544 1491">
     <span class='ocr_line' id='line_1_73' title="bbox 1970 1419 3544 1491; baseline 0.001 -18"><span class='ocrx_word' id='word_1_571' title='bbox 1970 1419 2179 1473; x_wconf 91' lang='lat' dir='ltr'><strong>Domini</strong></span> <span class='ocrx_word' id='word_1_572' title='bbox 2210 1437 2224 1474; x_wconf 86' lang='lat'><strong>:</strong></span> <span class='ocrx_word' id='word_1_573' title='bbox 2254 1429 2539 1489; x_wconf 85' lang='lat' dir='ltr'><strong>antequam</strong></span> <span class='ocrx_word' id='word_1_574' title='bbox 2583 1421 2856 1476; x_wconf 83' lang='lat' dir='ltr'><strong>mulierem</strong></span> <span class='ocrx_word' id='word_1_575' title='bbox 2887 1421 3140 1490; x_wconf 89' lang='lat' dir='ltr'><strong>producat</strong></span> <span class='ocrx_word' id='word_1_576' title='bbox 3174 1461 3192 1489; x_wconf 91' lang='lat'><strong>,</strong></span> <span class='ocrx_word' id='word_1_577' title='bbox 3240 1424 3544 1491; x_wconf 80' lang='lat' dir='ltr'><strong>participem</strong></span> 
     </span>
    </p>
   </div>
   <div class='ocr_carea' id='block_1_74' title="bbox 1968 1511 3546 1583">
    <p class='ocr_par' dir='ltr' id='par_1_74' title="bbox 1968 1511 3546 1583">
     <span class='ocr_line' id='line_1_74' title="bbox 1968 1511 3546 1583; baseline 0.002 -18"><span class='ocrx_word' id='word_1_578' title='bbox 1968 1512 2109 1566; x_wconf 88' lang='lat' dir='ltr'><strong>illam</strong></span> <span class='ocrx_word' id='word_1_579' title='bbox 2140 1511 2263 1565; x_wconf 92' lang='lat' dir='ltr'><strong>facit</strong></span> <span class='ocrx_word' id='word_1_580' title='bbox 2293 1511 2533 1583; x_wconf 89' lang='lat' dir='ltr'><strong>imperii,</strong></span> <span class='ocrx_word' id='word_1_581' title='bbox 2559 1520 2611 1568; x_wconf 91' lang='lat' dir='ltr'><strong>et</strong></span> <span class='ocrx_word' id='word_1_582' title='bbox 2636 1514 3023 1568; x_wconf 90' lang='lat' dir='ltr'><strong>benedictionis</strong></span> <span class='ocrx_word' id='word_1_583' title='bbox 3047 1513 3250 1568; x_wconf 86' lang='lat' dir='ltr'><strong>honore</strong></span> <span class='ocrx_word' id='word_1_584' title='bbox 3279 1514 3546 1582; x_wconf 77' lang='lat' dir='ltr'><strong>dignatur.</strong></span> 
     </span>
    </p>
   </div>
   <div class='ocr_carea' id='block_1_75' title="bbox 1969 1602 3549 1674">
    <p class='ocr_par' dir='ltr' id='par_1_75' title="bbox 1969 1602 3549 1674">
     <span class='ocr_line' id='line_1_75' title="bbox 1969 1602 3549 1674; baseline 0.002 -18"><span class='ocrx_word' id='word_1_585' title='bbox 1969 1602 2035 1656; x_wconf 82' lang='lat' dir='ltr'><strong>Et</strong></span> <span class='ocrx_word' id='word_1_586' title='bbox 2066 1603 2333 1670; x_wconf 88' lang='lat' dir='ltr'><strong>imperate,</strong></span> <span class='ocrx_word' id='word_1_587' title='bbox 2365 1603 2473 1670; x_wconf 89' lang='lat' dir='ltr'><strong>ait,</strong></span> <span class='ocrx_word' id='word_1_588' title='bbox 2502 1603 2717 1674; x_wconf 84' lang='lat' dir='ltr'><strong>piscibus</strong></span> <span class='ocrx_word' id='word_1_589' title='bbox 2746 1605 2921 1671; x_wconf 88' lang='lat' dir='ltr'><strong>maris,</strong></span> <span class='ocrx_word' id='word_1_590' title='bbox 2949 1613 2995 1658; x_wconf 89' lang='lat' dir='ltr'><strong>et</strong></span> <span class='ocrx_word' id='word_1_591' title='bbox 3021 1604 3304 1659; x_wconf 83' lang='lat' dir='ltr'><strong>volatilibus</strong></span> <span class='ocrx_word' id='word_1_592' title='bbox 3332 1606 3440 1659; x_wconf 69' lang='lat' dir='ltr'><strong>radi</strong></span> <span class='ocrx_word' id='word_1_593' title='bbox 3458 1648 3473 1669; x_wconf 85' lang='grc'>,</span> <span class='ocrx_word' id='word_1_594' title='bbox 3502 1615 3549 1659; x_wconf 84' lang='lat' dir='ltr'><strong>et</strong></span> 
     </span>
    </p>
   </div>
   <div class='ocr_carea' id='block_1_76' title="bbox 1968 1693 3547 1767">
    <p class='ocr_par' dir='ltr' id='par_1_76' title="bbox 1968 1693 3547 1767">
     <span class='ocr_line' id='line_1_76' title="bbox 1968 1693 3547 1767; baseline 0.003 -22"><span class='ocrx_word' id='word_1_595' title='bbox 1968 1693 2198 1747; x_wconf 87' lang='lat' dir='ltr'><strong>omnibus</strong></span> <span class='ocrx_word' id='word_1_596' title='bbox 2222 1695 2501 1765; x_wconf 86' lang='lat' dir='ltr'><strong>pecoribus,</strong></span> <span class='ocrx_word' id='word_1_597' title='bbox 2529 1704 2574 1748; x_wconf 88' lang='lat' dir='ltr'><strong>et</strong></span> <span class='ocrx_word' id='word_1_598' title='bbox 2599 1696 2840 1749; x_wconf 75' lang='lat' dir='ltr'><strong>universa:</strong></span> <span class='ocrx_word' id='word_1_599' title='bbox 2872 1705 3038 1762; x_wconf 67' lang='lat' dir='ltr'><strong>terrm,</strong></span> <span class='ocrx_word' id='word_1_600' title='bbox 3066 1704 3111 1750; x_wconf 86' lang='lat' dir='ltr'><strong>et</strong></span> <span class='ocrx_word' id='word_1_601' title='bbox 3136 1695 3363 1749; x_wconf 89' lang='lat' dir='ltr'><strong>omnibus</strong></span> <span class='ocrx_word' id='word_1_602' title='bbox 3391 1696 3547 1767; x_wconf 85' lang='lat' dir='ltr'><strong>repti-</strong></span> 
     </span>
    </p>
   </div>
   <div class='ocr_carea' id='block_1_77' title="bbox 1968 1784 2855 1855">
    <p class='ocr_par' dir='ltr' id='par_1_77' title="bbox 1968 1784 2855 1855">
     <span class='ocr_line' id='line_1_77' title="bbox 1968 1784 2855 1855; baseline -0.001 -16"><span class='ocrx_word' id='word_1_603' title='bbox 1968 1784 2117 1849; x_wconf 86' lang='lat' dir='ltr'><strong>libus,</strong></span> <span class='ocrx_word' id='word_1_604' title='bbox 2140 1799 2251 1853; x_wconf 68' lang='lat' dir='ltr'><strong>quar</strong></span> <span class='ocrx_word' id='word_1_605' title='bbox 2269 1795 2449 1853; x_wconf 85' lang='lat' dir='ltr'><strong>repunt</strong></span> <span class='ocrx_word' id='word_1_606' title='bbox 2474 1801 2623 1855; x_wconf 89' lang='lat' dir='ltr'><strong>super</strong></span> <span class='ocrx_word' id='word_1_607' title='bbox 2650 1796 2855 1839; x_wconf 85' lang='lat' dir='ltr'><strong>terram.</strong></span> 
     </span>
    </p>
   </div>
   <div class='ocr_carea' id='block_1_78' title="bbox 2041 1875 3546 1947">
    <p class='ocr_par' dir='ltr' id='par_1_78' title="bbox 2041 1875 3546 1947">
     <span class='ocr_line' id='line_1_78' title="bbox 2041 1875 3546 1947; baseline 0.001 -17"><span class='ocrx_word' id='word_1_608' title='bbox 2041 1876 2093 1930; x_wconf 81' lang='lat'><strong>5.</strong></span> <span class='ocrx_word' id='word_1_609' title='bbox 2125 1875 2313 1930; x_wconf 80' lang='lat' dir='ltr'><strong>Vidisti</strong></span> <span class='ocrx_word' id='word_1_610' title='bbox 2340 1875 2745 1931; x_wconf 88' lang='lat' dir='ltr'><strong>inenarrabilem</strong></span> <span class='ocrx_word' id='word_1_611' title='bbox 2773 1878 3124 1947; x_wconf 87' lang='lat' dir='ltr'><strong>potestatem?</strong></span> <span class='ocrx_word' id='word_1_612' title='bbox 3147 1876 3319 1931; x_wconf 90' lang='lat' dir='ltr'><strong>vidisti</strong></span> <span class='ocrx_word' id='word_1_613' title='bbox 3350 1876 3546 1946; x_wconf 89' lang='lat' dir='ltr'><strong>princi-</strong></span> 
     </span>
    </p>
   </div>
   <div class='ocr_carea' id='block_1_79' title="bbox 1969 1968 3549 2039">
    <p class='ocr_par' dir='ltr' id='par_1_79' title="bbox 1969 1968 3549 2039">
     <span class='ocr_line' id='line_1_79' title="bbox 1969 1968 3549 2039; baseline 0.004 -22"><span class='ocrx_word' id='word_1_614' title='bbox 1969 1978 2121 2038; x_wconf 86' lang='lat' dir='ltr'><strong>patus</strong></span> <span class='ocrx_word' id='word_1_615' title='bbox 2144 1968 2602 2039; x_wconf 83' lang='lat' dir='ltr'><strong>magnitudinem?</strong></span> <span class='ocrx_word' id='word_1_616' title='bbox 2628 1968 2804 2022; x_wconf 87' lang='lat' dir='ltr'><strong>vidisti</strong></span> <span class='ocrx_word' id='word_1_617' title='bbox 2831 1968 3044 2023; x_wconf 88' lang='lat' dir='ltr'><strong>condita</strong></span> <span class='ocrx_word' id='word_1_618' title='bbox 3071 1970 3246 2022; x_wconf 91' lang='lat' dir='ltr'><strong>omnia</strong></span> <span class='ocrx_word' id='word_1_619' title='bbox 3273 1969 3373 2022; x_wconf 87' lang='lat' dir='ltr'><strong>sub</strong></span> <span class='ocrx_word' id='word_1_620' title='bbox 3395 1968 3549 2036; x_wconf 84' lang='lat' dir='ltr'><strong>hujus</strong></span> 
     </span>
    </p>
   </div>
   <div class='ocr_carea' id='block_1_80' title="bbox 1971 2059 3549 2131">
    <p class='ocr_par' dir='ltr' id='par_1_80' title="bbox 1971 2059 3549 2131">
     <span class='ocr_line' id='line_1_80' title="bbox 1971 2059 3549 2131; baseline 0.001 -19"><span class='ocrx_word' id='word_1_621' title='bbox 1971 2071 2283 2131; x_wconf 88' lang='lat' dir='ltr'><strong>potestatem</strong></span> <span class='ocrx_word' id='word_1_622' title='bbox 2315 2060 2567 2115; x_wconf 89' lang='lat' dir='ltr'><strong>redacta?</strong></span> <span class='ocrx_word' id='word_1_623' title='bbox 2593 2059 2736 2116; x_wconf 86' lang='lat' dir='ltr'><strong>Nihil</strong></span> <span class='ocrx_word' id='word_1_624' title='bbox 2779 2061 3002 2131; x_wconf 88' lang='lat' dir='ltr'><strong>posthac</strong></span> <span class='ocrx_word' id='word_1_625' title='bbox 3039 2059 3307 2115; x_wconf 89' lang='lat' dir='ltr'><strong>mediocre</strong></span> <span class='ocrx_word' id='word_1_626' title='bbox 3350 2060 3417 2114; x_wconf 89' lang='lat' dir='ltr'><strong>de</strong></span> <span class='ocrx_word' id='word_1_627' title='bbox 3464 2074 3549 2114; x_wconf 90' lang='lat' dir='ltr'><strong>ra-</strong></span> 
     </span>
    </p>
   </div>
   <div class='ocr_carea' id='block_1_81' title="bbox 1971 2150 3550 2223">
    <p class='ocr_par' dir='ltr' id='par_1_81' title="bbox 1971 2150 3550 2223">
     <span class='ocr_line' id='line_1_81' title="bbox 1971 2150 3550 2223; baseline -0.001 -17"><span class='ocrx_word' id='word_1_628' title='bbox 1971 2152 2152 2206; x_wconf 91' lang='lat' dir='ltr'><strong>tionali</strong></span> <span class='ocrx_word' id='word_1_629' title='bbox 2195 2152 2296 2207; x_wconf 92' lang='lat' dir='ltr'><strong>hoc</strong></span> <span class='ocrx_word' id='word_1_630' title='bbox 2341 2152 2559 2207; x_wconf 89' lang='lat' dir='ltr'><strong>animali</strong></span> <span class='ocrx_word' id='word_1_631' title='bbox 2604 2152 2949 2223; x_wconf 87' lang='lat' dir='ltr'><strong>imagineris,</strong></span> <span class='ocrx_word' id='word_1_632' title='bbox 2993 2151 3088 2206; x_wconf 87' lang='lat' dir='ltr'><strong>sed</strong></span> <span class='ocrx_word' id='word_1_633' title='bbox 3130 2152 3302 2219; x_wconf 87' lang='lat' dir='ltr'><strong>cogita</strong></span> <span class='ocrx_word' id='word_1_634' title='bbox 3333 2150 3550 2205; x_wconf 87' lang='lat' dir='ltr'><strong>honoris</strong></span> 
     </span>
    </p>
   </div>
   <div class='ocr_carea' id='block_1_82' title="bbox 1970 2241 3547 2313">
    <p class='ocr_par' dir='ltr' id='par_1_82' title="bbox 1970 2241 3547 2313">
     <span class='ocr_line' id='line_1_82' title="bbox 1970 2241 3547 2313; baseline -0.003 -16"><span class='ocrx_word' id='word_1_635' title='bbox 1970 2241 2382 2313; x_wconf 81' lang='lat' dir='ltr'><strong>magnitudinem</strong></span> <span class='ocrx_word' id='word_1_636' title='bbox 2402 2282 2419 2308; x_wconf 87' lang='lat'><strong>,</strong></span> <span class='ocrx_word' id='word_1_637' title='bbox 2461 2251 2514 2298; x_wconf 88' lang='lat' dir='ltr'><strong>et</strong></span> <span class='ocrx_word' id='word_1_638' title='bbox 2536 2242 2742 2297; x_wconf 89' lang='lat' dir='ltr'><strong>Domini</strong></span> <span class='ocrx_word' id='word_1_639' title='bbox 2768 2258 2890 2313; x_wconf 82' lang='lat' dir='ltr'><strong>erga</strong></span> <span class='ocrx_word' id='word_1_640' title='bbox 2922 2243 3045 2297; x_wconf 89' lang='lat' dir='ltr'><strong>illud</strong></span> <span class='ocrx_word' id='word_1_641' title='bbox 3076 2242 3498 2298; x_wconf 61' lang='lat' dir='ltr'><strong>benevolentiam</strong></span> <span class='ocrx_word' id='word_1_642' title='bbox 3532 2281 3547 2306; x_wconf 92' lang='lat'><strong>,</strong></span> 
     </span>
    </p>
   </div>
   <div class='ocr_carea' id='block_1_83' title="bbox 1968 2331 3543 2405">
    <p class='ocr_par' dir='ltr' id='par_1_83' title="bbox 1968 2331 3543 2405">
     <span class='ocr_line' id='line_1_83' title="bbox 1968 2331 3543 2405; baseline -0.003 -17"><span class='ocrx_word' id='word_1_643' title='bbox 1968 2334 2351 2405; x_wconf 83' lang='lat' dir='ltr'><strong>obstupescens</strong></span> <span class='ocrx_word' id='word_1_644' title='bbox 2396 2333 2535 2388; x_wconf 91' lang='lat' dir='ltr'><strong>illius</strong></span> <span class='ocrx_word' id='word_1_645' title='bbox 2579 2335 2892 2388; x_wconf 88' lang='lat' dir='ltr'><strong>immensam</strong></span> <span class='ocrx_word' id='word_1_646' title='bbox 2930 2340 2984 2387; x_wconf 90' lang='lat' dir='ltr'><strong>et</strong></span> <span class='ocrx_word' id='word_1_647' title='bbox 3012 2332 3419 2389; x_wconf 81' lang='lat' dir='ltr'><strong>inenarrabilem</strong></span> <span class='ocrx_word' id='word_1_648' title='bbox 3452 2331 3543 2385; x_wconf 86' lang='lat' dir='ltr'><strong>be-</strong></span> 
     </span>
    </p>
   </div>
   <div class='ocr_carea' id='block_1_84' title="bbox 1970 2422 3547 2494">
    <p class='ocr_par' dir='ltr' id='par_1_84' title="bbox 1970 2422 3547 2494">
     <span class='ocr_line' id='line_1_84' title="bbox 1970 2422 3547 2494; baseline -0.004 -16"><span class='ocrx_word' id='word_1_649' title='bbox 1970 2423 2299 2494; x_wconf 79' lang='lat' dir='ltr'><strong>nignitatem.</strong></span> <span class='ocrx_word' id='word_1_650' title='bbox 2327 2423 2418 2478; x_wconf 79' lang='lat'><strong>29.</strong></span> <span class='ocrx_word' id='word_1_651' title='bbox 2449 2422 2515 2477; x_wconf 86' lang='lat' dir='ltr'><strong>Et</strong></span> <span class='ocrx_word' id='word_1_652' title='bbox 2541 2424 2668 2479; x_wconf 71' lang='lat' dir='ltr'><strong>dixit</strong></span> <span class='ocrx_word' id='word_1_653' title='bbox 2698 2422 2834 2478; x_wconf 86' lang='lat' dir='ltr'><strong>Deus</strong></span> <span class='ocrx_word' id='word_1_654' title='bbox 2857 2441 2874 2478; x_wconf 94' lang='lat'><strong><em>:</em></strong></span> <span class='ocrx_word' id='word_1_655' title='bbox 2902 2423 3036 2477; x_wconf 88' lang='lat' dir='ltr'><strong>Ecce</strong></span> <span class='ocrx_word' id='word_1_656' title='bbox 3059 2424 3171 2476; x_wconf 83' lang='lat' dir='ltr'><strong>dedi</strong></span> <span class='ocrx_word' id='word_1_657' title='bbox 3197 2422 3330 2475; x_wconf 85' lang='lat' dir='ltr'><strong>vobis</strong></span> <span class='ocrx_word' id='word_1_658' title='bbox 3354 2438 3547 2474; x_wconf 88' lang='lat' dir='ltr'><strong>onmem</strong></span> 
     </span>
    </p>
   </div>
   <div class='ocr_carea' id='block_1_85' title="bbox 1970 2514 3549 2585">
    <p class='ocr_par' dir='ltr' id='par_1_85' title="bbox 1970 2514 3549 2585">
     <span class='ocr_line' id='line_1_85' title="bbox 1970 2514 3549 2585; baseline -0.003 -16"><span class='ocrx_word' id='word_1_659' title='bbox 1970 2515 2173 2569; x_wconf 70' lang='lat' dir='ltr'><strong>herbam</strong></span> <span class='ocrx_word' id='word_1_660' title='bbox 2214 2516 2461 2580; x_wconf 81' lang='lat' dir='ltr'><strong>salivam;</strong></span> <span class='ocrx_word' id='word_1_661' title='bbox 2504 2517 2756 2570; x_wconf 85' lang='lat' dir='ltr'><strong>seminans</strong></span> <span class='ocrx_word' id='word_1_662' title='bbox 2797 2533 2959 2569; x_wconf 81' lang='lat' dir='ltr'><strong>semen</strong></span> <span class='ocrx_word' id='word_1_663' title='bbox 3002 2514 3135 2585; x_wconf 85' lang='lat' dir='ltr'><strong>quod</strong></span> <span class='ocrx_word' id='word_1_664' title='bbox 3168 2524 3240 2567; x_wconf 89' lang='lat' dir='ltr'><strong>est</strong></span> <span class='ocrx_word' id='word_1_665' title='bbox 3266 2530 3417 2582; x_wconf 83' lang='lat' dir='ltr'><strong>super</strong></span> <span class='ocrx_word' id='word_1_666' title='bbox 3448 2523 3549 2566; x_wconf 87' lang='lat' dir='ltr'><strong>ter-</strong></span> 
     </span>
    </p>
   </div>
   <div class='ocr_carea' id='block_1_86' title="bbox 1969 2606 3549 2677">
    <p class='ocr_par' dir='ltr' id='par_1_86' title="bbox 1969 2606 3549 2677">
     <span class='ocr_line' id='line_1_86' title="bbox 1969 2606 3549 2677; baseline -0.004 -16"><span class='ocrx_word' id='word_1_667' title='bbox 1969 2625 2078 2661; x_wconf 90' lang='lat' dir='ltr'><strong>ram</strong></span> <span class='ocrx_word' id='word_1_668' title='bbox 2106 2623 2125 2661; x_wconf 90' lang='lat'><strong><em>:</em></strong></span> <span class='ocrx_word' id='word_1_669' title='bbox 2154 2616 2201 2661; x_wconf 85' lang='lat' dir='ltr'><strong>et</strong></span> <span class='ocrx_word' id='word_1_670' title='bbox 2224 2623 2367 2661; x_wconf 85' lang='lat' dir='ltr'><strong>omne</strong></span> <span class='ocrx_word' id='word_1_671' title='bbox 2393 2607 2607 2677; x_wconf 84' lang='lat' dir='ltr'><strong>lignum,</strong></span> <span class='ocrx_word' id='word_1_672' title='bbox 2635 2607 2769 2677; x_wconf 84' lang='lat' dir='ltr'><strong>quod</strong></span> <span class='ocrx_word' id='word_1_673' title='bbox 2794 2606 2936 2659; x_wconf 83' lang='lat' dir='ltr'><strong>habet</strong></span> <span class='ocrx_word' id='word_1_674' title='bbox 2965 2607 3017 2659; x_wconf 91' lang='lat' dir='ltr'><strong>in</strong></span> <span class='ocrx_word' id='word_1_675' title='bbox 3042 2608 3204 2672; x_wconf 83' lang='lat' dir='ltr'><strong>seipse</strong></span> <span class='ocrx_word' id='word_1_676' title='bbox 3226 2607 3441 2676; x_wconf 81' lang='lat' dir='ltr'><strong>fructum</strong></span> <span class='ocrx_word' id='word_1_677' title='bbox 3466 2620 3549 2657; x_wconf 85' lang='lat' dir='ltr'><strong>se-</strong></span> 
     </span>
    </p>
   </div>
   <div class='ocr_carea' id='block_1_87' title="bbox 1970 2695 3551 2765">
    <p class='ocr_par' dir='ltr' id='par_1_87' title="bbox 1970 2695 3551 2765">
     <span class='ocr_line' id='line_1_87' title="bbox 1970 2695 3551 2765; baseline -0.003 -14"><span class='ocrx_word' id='word_1_678' title='bbox 1970 2699 2117 2753; x_wconf 90' lang='lat' dir='ltr'><strong>minis</strong></span> <span class='ocrx_word' id='word_1_679' title='bbox 2146 2698 2291 2752; x_wconf 90' lang='lat' dir='ltr'><strong>sativi</strong></span> <span class='ocrx_word' id='word_1_680' title='bbox 2314 2739 2330 2765; x_wconf 91' lang='lat'><strong>,</strong></span> <span class='ocrx_word' id='word_1_681' title='bbox 2376 2698 2513 2752; x_wconf 84' lang='lat' dir='ltr'><strong>vobis</strong></span> <span class='ocrx_word' id='word_1_682' title='bbox 2540 2699 2634 2751; x_wconf 88' lang='lat' dir='ltr'><strong>erit</strong></span> <span class='ocrx_word' id='word_1_683' title='bbox 2658 2699 2709 2751; x_wconf 89' lang='lat' dir='ltr'><strong>in</strong></span> <span class='ocrx_word' id='word_1_684' title='bbox 2737 2698 2901 2751; x_wconf 89' lang='lat' dir='ltr'><strong>cibum</strong></span> <span class='ocrx_word' id='word_1_685' title='bbox 2924 2739 2940 2763; x_wconf 91' lang='lat'><strong>,</strong></span> <span class='ocrx_word' id='word_1_686' title='bbox 2965 2697 3054 2752; x_wconf 75' lang='lat'><strong>50.</strong></span> <span class='ocrx_word' id='word_1_687' title='bbox 3092 2705 3138 2750; x_wconf 88' lang='lat' dir='ltr'><strong>et</strong></span> <span class='ocrx_word' id='word_1_688' title='bbox 3165 2695 3394 2748; x_wconf 86' lang='lat' dir='ltr'><strong>omnibus</strong></span> <span class='ocrx_word' id='word_1_689' title='bbox 3431 2695 3551 2764; x_wconf 79' lang='lat' dir='ltr'><strong>feris</strong></span> 
     </span>
    </p>
   </div>
   <div class='ocr_carea' id='block_1_88' title="bbox 1970 2787 3550 2858">
    <p class='ocr_par' dir='ltr' id='par_1_88' title="bbox 1970 2787 3550 2858">
     <span class='ocr_line' id='line_1_88' title="bbox 1970 2787 3550 2858; baseline -0.003 -14"><span class='ocrx_word' id='word_1_690' title='bbox 1970 2799 2117 2845; x_wconf 72' lang='lat' dir='ltr'><strong>terra:</strong></span> <span class='ocrx_word' id='word_1_691' title='bbox 2139 2831 2155 2858; x_wconf 93' lang='lat'><strong>,</strong></span> <span class='ocrx_word' id='word_1_692' title='bbox 2200 2798 2248 2845; x_wconf 89' lang='lat' dir='ltr'><strong>et</strong></span> <span class='ocrx_word' id='word_1_693' title='bbox 2271 2789 2498 2844; x_wconf 86' lang='lat' dir='ltr'><strong>omnibus</strong></span> <span class='ocrx_word' id='word_1_694' title='bbox 2523 2789 2807 2844; x_wconf 83' lang='lat' dir='ltr'><strong>volatilibus</strong></span> <span class='ocrx_word' id='word_1_695' title='bbox 2833 2791 2944 2843; x_wconf 62' lang='lat' dir='ltr'><strong>caeli</strong></span> <span class='ocrx_word' id='word_1_696' title='bbox 2969 2830 2983 2854; x_wconf 96' lang='lat'><strong>,</strong></span> <span class='ocrx_word' id='word_1_697' title='bbox 3039 2797 3087 2843; x_wconf 87' lang='lat' dir='ltr'><strong>et</strong></span> <span class='ocrx_word' id='word_1_698' title='bbox 3112 2788 3251 2841; x_wconf 90' lang='lat' dir='ltr'><strong>omni</strong></span> <span class='ocrx_word' id='word_1_699' title='bbox 3277 2787 3442 2856; x_wconf 86' lang='lat' dir='ltr'><strong>reptili</strong></span> <span class='ocrx_word' id='word_1_700' title='bbox 3472 2802 3550 2839; x_wconf 88' lang='lat' dir='ltr'><strong>re-</strong></span> 
     </span>
    </p>
   </div>
   <div class='ocr_carea' id='block_1_89' title="bbox 1969 2878 3546 2953">
    <p class='ocr_par' dir='ltr' id='par_1_89' title="bbox 1969 2878 3546 2953">
     <span class='ocr_line' id='line_1_89' title="bbox 1969 2878 3546 2953; baseline -0.003 -18"><span class='ocrx_word' id='word_1_701' title='bbox 1969 2882 2106 2953; x_wconf 87' lang='lat' dir='ltr'><strong>penti</strong></span> <span class='ocrx_word' id='word_1_702' title='bbox 2133 2898 2285 2953; x_wconf 84' lang='lat' dir='ltr'><strong>super</strong></span> <span class='ocrx_word' id='word_1_703' title='bbox 2310 2891 2492 2936; x_wconf 85' lang='lat' dir='ltr'><strong>terram</strong></span> <span class='ocrx_word' id='word_1_704' title='bbox 2511 2922 2526 2947; x_wconf 94' lang='lat'><strong>,</strong></span> <span class='ocrx_word' id='word_1_705' title='bbox 2556 2881 2692 2952; x_wconf 84' lang='lat' dir='ltr'><strong>quod</strong></span> <span class='ocrx_word' id='word_1_706' title='bbox 2718 2881 2861 2934; x_wconf 82' lang='lat' dir='ltr'><strong>habet</strong></span> <span class='ocrx_word' id='word_1_707' title='bbox 2888 2881 2940 2933; x_wconf 88' lang='lat' dir='ltr'><strong>in</strong></span> <span class='ocrx_word' id='word_1_708' title='bbox 2964 2880 3126 2948; x_wconf 83' lang='lat' dir='ltr'><strong>seipse</strong></span> <span class='ocrx_word' id='word_1_709' title='bbox 3154 2879 3373 2931; x_wconf 85' lang='lat' dir='ltr'><strong>animum</strong></span> <span class='ocrx_word' id='word_1_710' title='bbox 3400 2878 3546 2942; x_wconf 76' lang='lat' dir='ltr'><strong>vitw,</strong></span> 
     </span>
    </p>
   </div>
   <div class='ocr_carea' id='block_1_90' title="bbox 1968 2969 3547 3040">
    <p class='ocr_par' dir='ltr' id='par_1_90' title="bbox 1968 2969 3547 3040">
     <span class='ocr_line' id='line_1_90' title="bbox 1968 2969 3547 3040; baseline -0.004 -13"><span class='ocrx_word' id='word_1_711' title='bbox 1968 2984 2015 3027; x_wconf 92' lang='lat' dir='ltr'><strong>et</strong></span> <span class='ocrx_word' id='word_1_712' title='bbox 2041 2989 2237 3027; x_wconf 89' lang='lat' dir='ltr'><strong>omnem</strong></span> <span class='ocrx_word' id='word_1_713' title='bbox 2266 2973 2467 3027; x_wconf 84' lang='lat' dir='ltr'><strong>herbam</strong></span> <span class='ocrx_word' id='word_1_714' title='bbox 2489 2972 2694 3026; x_wconf 84' lang='lat' dir='ltr'><strong>viridem</strong></span> <span class='ocrx_word' id='word_1_715' title='bbox 2720 2972 2771 3026; x_wconf 90' lang='lat' dir='ltr'><strong>in</strong></span> <span class='ocrx_word' id='word_1_716' title='bbox 2801 2973 2985 3026; x_wconf 90' lang='lat' dir='ltr'><strong>cibum.</strong></span> <span class='ocrx_word' id='word_1_717' title='bbox 3020 2970 3087 3024; x_wconf 83' lang='lat' dir='ltr'><strong>Et</strong></span> <span class='ocrx_word' id='word_1_718' title='bbox 3132 2970 3318 3040; x_wconf 76' lang='lat' dir='ltr'><strong>factum</strong></span> <span class='ocrx_word' id='word_1_719' title='bbox 3356 2978 3429 3022; x_wconf 88' lang='lat' dir='ltr'><strong>est</strong></span> <span class='ocrx_word' id='word_1_720' title='bbox 3456 2969 3547 3022; x_wconf 89' lang='lat' dir='ltr'><strong>ita.</strong></span> 
     </span>
    </p>
   </div>
   <div class='ocr_carea' id='block_1_91' title="bbox 1972 3061 3551 3132">
    <p class='ocr_par' dir='ltr' id='par_1_91' title="bbox 1972 3061 3551 3132">
     <span class='ocr_line' id='line_1_91' title="bbox 1972 3061 3551 3132; baseline -0.004 -13"><span class='ocrx_word' id='word_1_721' title='bbox 1972 3065 2103 3121; x_wconf 87' lang='lat' dir='ltr'><strong>Vide</strong></span> <span class='ocrx_word' id='word_1_722' title='bbox 2123 3105 2138 3131; x_wconf 96' lang='lat'><strong>,</strong></span> <span class='ocrx_word' id='word_1_723' title='bbox 2167 3064 2393 3119; x_wconf 88' lang='lat' dir='ltr'><strong>obsecro</strong></span> <span class='ocrx_word' id='word_1_724' title='bbox 2411 3106 2425 3130; x_wconf 93' lang='lat'><strong>,</strong></span> <span class='ocrx_word' id='word_1_725' title='bbox 2462 3063 2736 3120; x_wconf 83' lang='lat' dir='ltr'><strong>cariSsime</strong></span> <span class='ocrx_word' id='word_1_726' title='bbox 2756 3103 2772 3128; x_wconf 95' lang='lat'><strong>,</strong></span> <span class='ocrx_word' id='word_1_727' title='bbox 2812 3062 3095 3117; x_wconf 87' lang='lat' dir='ltr'><strong>verborum</strong></span> <span class='ocrx_word' id='word_1_728' title='bbox 3117 3061 3437 3132; x_wconf 81' lang='lat' dir='ltr'><strong>diligentiam</strong></span> <span class='ocrx_word' id='word_1_729' title='bbox 3455 3102 3468 3123; x_wconf 93' lang='lat'><strong>,</strong></span> <span class='ocrx_word' id='word_1_730' title='bbox 3497 3068 3551 3114; x_wconf 87' lang='lat' dir='ltr'><strong>et</strong></span> 
     </span>
    </p>
   </div>
   <div class='ocr_carea' id='block_1_92' title="bbox 1971 3142 3548 3228">
    <p class='ocr_par' dir='ltr' id='par_1_92' title="bbox 1971 3142 3548 3228">
     <span class='ocr_line' id='line_1_92' title="bbox 1971 3142 3548 3228; baseline -0.005 -15"><span class='ocrx_word' id='word_1_731' title='bbox 1971 3159 2287 3213; x_wconf 72' lang='lat' dir='ltr'><strong>ineffabilem</strong></span> <span class='ocrx_word' id='word_1_732' title='bbox 2331 3142 2424 3213; x_wconf 91' lang='lat' dir='ltr'><strong>Dei</strong></span> <span class='ocrx_word' id='word_1_733' title='bbox 2473 3157 2849 3228; x_wconf 84' lang='lat' dir='ltr'><strong>benignitatem</strong></span> <span class='ocrx_word' id='word_1_734' title='bbox 2876 3200 2891 3222; x_wconf 95' lang='lat'><strong>,</strong></span> <span class='ocrx_word' id='word_1_735' title='bbox 2928 3165 3078 3212; x_wconf 87' lang='lat' dir='ltr'><strong>etne</strong></span> <span class='ocrx_word' id='word_1_736' title='bbox 3118 3156 3241 3227; x_wconf 89' lang='lat' dir='ltr'><strong>quid</strong></span> <span class='ocrx_word' id='word_1_737' title='bbox 3286 3154 3548 3209; x_wconf 87' lang='lat' dir='ltr'><strong>dictorqu</strong></span> 
     </span>
    </p>
   </div>
   <div class='ocr_carea' id='block_1_93' title="bbox 1968 3244 3551 3321">
    <p class='ocr_par' dir='ltr' id='par_1_93' title="bbox 1968 3244 3551 3321">
     <span class='ocr_line' id='line_1_93' title="bbox 1968 3244 3551 3321; baseline -0.007 -14"><span class='ocrx_word' id='word_1_738' title='bbox 1968 3252 2281 3321; x_wconf 88' lang='lat' dir='ltr'><strong>simpliciter</strong></span> <span class='ocrx_word' id='word_1_739' title='bbox 2326 3260 2629 3321; x_wconf 76' lang='lat' dir='ltr'><strong>praetereas.</strong></span> <span class='ocrx_word' id='word_1_740' title='bbox 2673 3250 2739 3304; x_wconf 87' lang='lat' dir='ltr'><strong>Et</strong></span> <span class='ocrx_word' id='word_1_741' title='bbox 2764 3250 2921 3317; x_wconf 76' lang='lat' dir='ltr'><strong>dixit,</strong></span> <span class='ocrx_word' id='word_1_742' title='bbox 2963 3249 3169 3319; x_wconf 90' lang='lat' dir='ltr'><strong>inquit,</strong></span> <span class='ocrx_word' id='word_1_743' title='bbox 3202 3246 3339 3301; x_wconf 85' lang='lat' dir='ltr'><strong>Deus</strong></span> <span class='ocrx_word' id='word_1_744' title='bbox 3371 3261 3390 3299; x_wconf 91' lang='lat'><strong><em>:</em></strong></span> <span class='ocrx_word' id='word_1_745' title='bbox 3422 3244 3551 3298; x_wconf 82' lang='lat' dir='ltr'><strong>Ecce</strong></span> 
     </span>
    </p>
   </div>
   <div class='ocr_carea' id='block_1_94' title="bbox 1969 3337 3551 3409">
    <p class='ocr_par' dir='ltr' id='par_1_94' title="bbox 1969 3337 3551 3409">
     <span class='ocr_line' id='line_1_94' title="bbox 1969 3337 3551 3409; baseline -0.004 -13"><span class='ocrx_word' id='word_1_746' title='bbox 1969 3342 2085 3397; x_wconf 87' lang='lat' dir='ltr'><strong>dedi</strong></span> <span class='ocrx_word' id='word_1_747' title='bbox 2131 3342 2267 3398; x_wconf 87' lang='lat' dir='ltr'><strong>vobis</strong></span> <span class='ocrx_word' id='word_1_748' title='bbox 2315 3358 2511 3397; x_wconf 87' lang='lat' dir='ltr'><strong>onmem</strong></span> <span class='ocrx_word' id='word_1_749' title='bbox 2560 3341 2764 3396; x_wconf 85' lang='lat' dir='ltr'><strong>herbam</strong></span> <span class='ocrx_word' id='word_1_750' title='bbox 2813 3342 3025 3396; x_wconf 82' lang='lat' dir='ltr'><strong>salivam</strong></span> <span class='ocrx_word' id='word_1_751' title='bbox 3056 3354 3076 3394; x_wconf 89' lang='lat'><strong><em>:</em></strong></span> <span class='ocrx_word' id='word_1_752' title='bbox 3114 3339 3262 3409; x_wconf 90' lang='lat' dir='ltr'><strong>quasi</strong></span> <span class='ocrx_word' id='word_1_753' title='bbox 3308 3337 3375 3392; x_wconf 89' lang='lat' dir='ltr'><strong>ad</strong></span> <span class='ocrx_word' id='word_1_754' title='bbox 3416 3337 3551 3390; x_wconf 84' lang='lat' dir='ltr'><strong>duos</strong></span> 
     </span>
    </p>
   </div>
   <div class='ocr_carea' id='block_1_95' title="bbox 1968 3425 3550 3502">
    <p class='ocr_par' dir='ltr' id='par_1_95' title="bbox 1968 3425 3550 3502">
     <span class='ocr_line' id='line_1_95' title="bbox 1968 3425 3550 3502; baseline -0.006 -15"><span class='ocrx_word' id='word_1_755' title='bbox 1968 3448 2147 3488; x_wconf 89' lang='lat' dir='ltr'><strong>sermo</strong></span> <span class='ocrx_word' id='word_1_756' title='bbox 2173 3433 2263 3501; x_wconf 90' lang='lat' dir='ltr'><strong>sit,</strong></span> <span class='ocrx_word' id='word_1_757' title='bbox 2292 3431 2535 3502; x_wconf 90' lang='lat' dir='ltr'><strong>quamvis</strong></span> <span class='ocrx_word' id='word_1_758' title='bbox 2559 3431 2793 3487; x_wconf 90' lang='lat' dir='ltr'><strong>nondum</strong></span> <span class='ocrx_word' id='word_1_759' title='bbox 2813 3431 3036 3487; x_wconf 89' lang='lat' dir='ltr'><strong>muliere</strong></span> <span class='ocrx_word' id='word_1_760' title='bbox 3053 3429 3323 3501; x_wconf 88' lang='lat' dir='ltr'><strong>producta.</strong></span> <span class='ocrx_word' id='word_1_761' title='bbox 3350 3425 3550 3481; x_wconf 89' lang='lat' dir='ltr'><strong>Deinde</strong></span> 
     </span>
    </p>
   </div>
   <div class='ocr_carea' id='block_1_96' title="bbox 1970 3517 3550 3593">
    <p class='ocr_par' dir='ltr' id='par_1_96' title="bbox 1970 3517 3550 3593">
     <span class='ocr_line' id='line_1_96' title="bbox 1970 3517 3550 3593; baseline -0.006 -13"><span class='ocrx_word' id='word_1_762' title='bbox 1970 3535 2023 3580; x_wconf 87' lang='lat' dir='ltr'><strong>ttt</strong></span> <span class='ocrx_word' id='word_1_763' title='bbox 2050 3524 2224 3580; x_wconf 90' lang='lat' dir='ltr'><strong>discas</strong></span> <span class='ocrx_word' id='word_1_764' title='bbox 2253 3524 2597 3580; x_wconf 83' lang='lat' dir='ltr'><strong>excellentem</strong></span> <span class='ocrx_word' id='word_1_765' title='bbox 2628 3522 2744 3593; x_wconf 88' lang='lat' dir='ltr'><strong>ejus</strong></span> <span class='ocrx_word' id='word_1_766' title='bbox 2765 3524 3057 3578; x_wconf 89' lang='lat' dir='ltr'><strong>bonitatem</strong></span> <span class='ocrx_word' id='word_1_767' title='bbox 3090 3564 3104 3587; x_wconf 94' lang='lat'><strong>,</strong></span> <span class='ocrx_word' id='word_1_768' title='bbox 3132 3520 3253 3575; x_wconf 85' lang='lat' dir='ltr'><strong>vide</strong></span> <span class='ocrx_word' id='word_1_769' title='bbox 3283 3517 3550 3588; x_wconf 89' lang='lat' dir='ltr'><strong>quomodo</strong></span> 
     </span>
    </p>
   </div>
   <div class='ocr_carea' id='block_1_97' title="bbox 1968 3612 3548 3690">
    <p class='ocr_par' dir='ltr' id='par_1_97' title="bbox 1968 3612 3548 3690">
     <span class='ocr_line' id='line_1_97' title="bbox 1968 3612 3548 3690; baseline -0.009 -14"><span class='ocrx_word' id='word_1_770' title='bbox 1968 3619 2290 3676; x_wconf 86' lang='lat' dir='ltr'><strong>eminentem</strong></span> <span class='ocrx_word' id='word_1_771' title='bbox 2334 3618 2707 3690; x_wconf 78' lang='lat' dir='ltr'><strong>benignitatem</strong></span> <span class='ocrx_word' id='word_1_772' title='bbox 2737 3658 2752 3683; x_wconf 96' lang='lat'><strong>,</strong></span> <span class='ocrx_word' id='word_1_773' title='bbox 2811 3626 2867 3672; x_wconf 89' lang='lat' dir='ltr'><strong>et</strong></span> <span class='ocrx_word' id='word_1_774' title='bbox 2912 3616 3099 3671; x_wconf 87' lang='lat' dir='ltr'><strong>miram</strong></span> <span class='ocrx_word' id='word_1_775' title='bbox 3150 3612 3548 3674; x_wconf 85' lang='lat' dir='ltr'><strong>liberalitatem,</strong></span> 
     </span>
    </p>
   </div>
   <div class='ocr_carea' id='block_1_98' title="bbox 1971 3704 3551 3768">
    <p class='ocr_par' dir='ltr' id='par_1_98' title="bbox 1971 3704 3551 3768">
     <span class='ocr_line' id='line_1_98' title="bbox 1971 3704 3551 3768; baseline -0.008 0"><span class='ocrx_word' id='word_1_776' title='bbox 1971 3730 2075 3768; x_wconf 90' lang='lat' dir='ltr'><strong>non</strong></span> <span class='ocrx_word' id='word_1_777' title='bbox 2104 3714 2155 3767; x_wconf 92' lang='lat' dir='ltr'><strong>in</strong></span> <span class='ocrx_word' id='word_1_778' title='bbox 2185 3713 2300 3767; x_wconf 89' lang='lat' dir='ltr'><strong>viro</strong></span> <span class='ocrx_word' id='word_1_779' title='bbox 2329 3722 2379 3767; x_wconf 91' lang='lat' dir='ltr'><strong>et</strong></span> <span class='ocrx_word' id='word_1_780' title='bbox 2405 3713 2628 3766; x_wconf 90' lang='lat' dir='ltr'><strong>muliere</strong></span> <span class='ocrx_word' id='word_1_781' title='bbox 2657 3709 2890 3766; x_wconf 91' lang='lat' dir='ltr'><strong>nondum</strong></span> <span class='ocrx_word' id='word_1_782' title='bbox 2926 3709 3144 3763; x_wconf 88' lang='lat' dir='ltr'><strong>formata</strong></span> <span class='ocrx_word' id='word_1_783' title='bbox 3172 3708 3342 3761; x_wconf 90' lang='lat' dir='ltr'><strong>solum</strong></span> <span class='ocrx_word' id='word_1_784' title='bbox 3373 3704 3551 3759; x_wconf 89' lang='lat' dir='ltr'><strong>decla-</strong></span> 
     </span>
    </p>
   </div>
   <div class='ocr_carea' id='block_1_99' title="bbox 1968 3793 3549 3872">
    <p class='ocr_par' dir='ltr' id='par_1_99' title="bbox 1968 3793 3549 3872">
     <span class='ocr_line' id='line_1_99' title="bbox 1968 3793 3549 3872; baseline -0.009 -12"><span class='ocrx_word' id='word_1_785' title='bbox 1968 3813 2071 3869; x_wconf 89' lang='lat' dir='ltr'><strong>ret,</strong></span> <span class='ocrx_word' id='word_1_786' title='bbox 2103 3804 2195 3859; x_wconf 90' lang='lat' dir='ltr'><strong>sed</strong></span> <span class='ocrx_word' id='word_1_787' title='bbox 2222 3812 2276 3859; x_wconf 87' lang='lat' dir='ltr'><strong>et</strong></span> <span class='ocrx_word' id='word_1_788' title='bbox 2303 3804 2353 3857; x_wconf 90' lang='lat' dir='ltr'><strong>in</strong></span> <span class='ocrx_word' id='word_1_789' title='bbox 2386 3803 2514 3872; x_wconf 89' lang='lat' dir='ltr'><strong>ipsis</strong></span> <span class='ocrx_word' id='word_1_790' title='bbox 2533 3802 2720 3855; x_wconf 88' lang='lat' dir='ltr'><strong>brutis.</strong></span> <span class='ocrx_word' id='word_1_791' title='bbox 2748 3800 2880 3854; x_wconf 88' lang='lat' dir='ltr'><strong>Nam</strong></span> <span class='ocrx_word' id='word_1_792' title='bbox 2906 3808 2966 3854; x_wconf 90' lang='lat' dir='ltr'><strong>ut</strong></span> <span class='ocrx_word' id='word_1_793' title='bbox 2993 3799 3125 3852; x_wconf 82' lang='lat' dir='ltr'><strong>dixit</strong></span> <span class='ocrx_word' id='word_1_794' title='bbox 3152 3815 3165 3850; x_wconf 93' lang='lat'><strong>:</strong></span> <span class='ocrx_word' id='word_1_795' title='bbox 3209 3795 3355 3850; x_wconf 81' lang='lat' dir='ltr'><strong>Vobis</strong></span> <span class='ocrx_word' id='word_1_796' title='bbox 3385 3795 3476 3848; x_wconf 87' lang='lat' dir='ltr'><strong>erit</strong></span> <span class='ocrx_word' id='word_1_797' title='bbox 3498 3793 3549 3845; x_wconf 89' lang='lat' dir='ltr'><strong>in</strong></span> 
     </span>
    </p>
   </div>
   <div class='ocr_carea' id='block_1_100' title="bbox 1967 3889 3544 3963">
    <p class='ocr_par' dir='ltr' id='par_1_100' title="bbox 1967 3889 3544 3963">
     <span class='ocr_line' id='line_1_100' title="bbox 1967 3889 3544 3963; baseline -0.008 -11"><span class='ocrx_word' id='word_1_798' title='bbox 1967 3898 2161 3963; x_wconf 83' lang='lat' dir='ltr'><strong>cibum,</strong></span> <span class='ocrx_word' id='word_1_799' title='bbox 2193 3895 2442 3960; x_wconf 89' lang='lat' dir='ltr'><strong>subdidit,</strong></span> <span class='ocrx_word' id='word_1_800' title='bbox 2470 3894 2537 3948; x_wconf 87' lang='lat' dir='ltr'><strong>Et</strong></span> <span class='ocrx_word' id='word_1_801' title='bbox 2558 3894 2786 3949; x_wconf 85' lang='lat' dir='ltr'><strong>omnibus</strong></span> <span class='ocrx_word' id='word_1_802' title='bbox 2815 3893 2980 3947; x_wconf 86' lang='lat' dir='ltr'><strong>bestiis</strong></span> <span class='ocrx_word' id='word_1_803' title='bbox 3005 3902 3168 3946; x_wconf 69' lang='lat' dir='ltr'><strong>terrae.</strong></span> <span class='ocrx_word' id='word_1_804' title='bbox 3198 3889 3329 3944; x_wconf 89' lang='lat' dir='ltr'><strong>Vide</strong></span> <span class='ocrx_word' id='word_1_805' title='bbox 3355 3889 3544 3942; x_wconf 88' lang='lat' dir='ltr'><strong>iterum</strong></span> 
     </span>
    </p>
   </div>
   <div class='ocr_carea' id='block_1_101' title="bbox 1967 3978 3548 4058">
    <p class='ocr_par' dir='ltr' id='par_1_101' title="bbox 1967 3978 3548 4058">
     <span class='ocr_line' id='line_1_101' title="bbox 1967 3978 3548 4058; baseline -0.008 -16"><span class='ocrx_word' id='word_1_806' title='bbox 1967 3990 2126 4042; x_wconf 91' lang='lat' dir='ltr'><strong>aliam</strong></span> <span class='ocrx_word' id='word_1_807' title='bbox 2157 3988 2405 4058; x_wconf 88' lang='lat' dir='ltr'><strong>abyssum</strong></span> <span class='ocrx_word' id='word_1_808' title='bbox 2442 3984 2802 4054; x_wconf 84' lang='lat' dir='ltr'><strong>benignitatis.</strong></span> <span class='ocrx_word' id='word_1_809' title='bbox 2853 3982 2966 4038; x_wconf 85' lang='lat' dir='ltr'><strong>Non</strong></span> <span class='ocrx_word' id='word_1_810' title='bbox 3004 3982 3145 4036; x_wconf 91' lang='lat' dir='ltr'><strong>enim</strong></span> <span class='ocrx_word' id='word_1_811' title='bbox 3176 3982 3344 4033; x_wconf 90' lang='lat' dir='ltr'><strong>solum</strong></span> <span class='ocrx_word' id='word_1_812' title='bbox 3382 3978 3548 4031; x_wconf 89' lang='lat' dir='ltr'><strong>brutis</strong></span> 
     </span>
    </p>
   </div>
   <div class='ocr_carea' id='block_1_102' title="bbox 1967 4067 3541 4141">
    <p class='ocr_par' dir='ltr' id='par_1_102' title="bbox 1967 4067 3541 4141">
     <span class='ocr_line' id='line_1_102' title="bbox 1967 4067 3541 4141; baseline -0.012 -6"><span class='ocrx_word' id='word_1_813' title='bbox 1967 4078 2295 4141; x_wconf 90' lang='lat' dir='ltr'><strong>domesticis,</strong></span> <span class='ocrx_word' id='word_1_814' title='bbox 2327 4086 2378 4132; x_wconf 92' lang='lat' dir='ltr'><strong>et</strong></span> <span class='ocrx_word' id='word_1_815' title='bbox 2407 4085 2590 4131; x_wconf 89' lang='lat' dir='ltr'><strong>nostro</strong></span> <span class='ocrx_word' id='word_1_816' title='bbox 2615 4074 2728 4129; x_wconf 90' lang='lat' dir='ltr'><strong>usui</strong></span> <span class='ocrx_word' id='word_1_817' title='bbox 2753 4071 3126 4136; x_wconf 90' lang='lat' dir='ltr'><strong>servientibus,</strong></span> <span class='ocrx_word' id='word_1_818' title='bbox 3148 4069 3230 4122; x_wconf 90' lang='lat' dir='ltr'><strong>vel</strong></span> <span class='ocrx_word' id='word_1_819' title='bbox 3256 4068 3319 4122; x_wconf 89' lang='lat' dir='ltr'><strong>ad</strong></span> <span class='ocrx_word' id='word_1_820' title='bbox 3342 4067 3541 4129; x_wconf 82' lang='lat' dir='ltr'><strong>cibum,</strong></span> 
     </span>
    </p>
   </div>
   <div class='ocr_carea' id='block_1_103' title="bbox 1968 4159 3547 4233">
    <p class='ocr_par' dir='ltr' id='par_1_103' title="bbox 1968 4159 3547 4233">
     <span class='ocr_line' id='line_1_103' title="bbox 1968 4159 3547 4233; baseline -0.012 -5"><span class='ocrx_word' id='word_1_821' title='bbox 1968 4172 2052 4227; x_wconf 75' lang='lat' dir='ltr'><strong>vt-l</strong></span> <span class='ocrx_word' id='word_1_822' title='bbox 2098 4171 2165 4225; x_wconf 89' lang='lat' dir='ltr'><strong>ad</strong></span> <span class='ocrx_word' id='word_1_823' title='bbox 2212 4168 2601 4231; x_wconf 87' lang='lat' dir='ltr'><strong>ministerium,</strong></span> <span class='ocrx_word' id='word_1_824' title='bbox 2649 4167 2743 4221; x_wconf 90' lang='lat' dir='ltr'><strong>sed</strong></span> <span class='ocrx_word' id='word_1_825' title='bbox 2785 4173 2838 4219; x_wconf 92' lang='lat' dir='ltr'><strong>et</strong></span> <span class='ocrx_word' id='word_1_826' title='bbox 2864 4165 2990 4219; x_wconf 86' lang='lat' dir='ltr'><strong>feris</strong></span> <span class='ocrx_word' id='word_1_827' title='bbox 3015 4161 3306 4233; x_wconf 84' lang='lat' dir='ltr'><strong>prospexit.</strong></span> <span class='ocrx_word' id='word_1_828' title='bbox 3353 4159 3547 4227; x_wconf 77' lang='lat' dir='ltr'><strong>Ecquis</strong></span> 
     </span>
    </p>
   </div>
   <div class='ocr_carea' id='block_1_104' title="bbox 1969 4249 3548 4332">
    <p class='ocr_par' dir='ltr' id='par_1_104' title="bbox 1969 4249 3548 4332">
     <span class='ocr_line' id='line_1_104' title="bbox 1969 4249 3548 4332; baseline -0.008 -19"><span class='ocrx_word' id='word_1_829' title='bbox 1969 4277 2067 4332; x_wconf 87' lang='lat' dir='ltr'><strong>pro</strong></span> <span class='ocrx_word' id='word_1_830' title='bbox 2094 4261 2345 4330; x_wconf 90' lang='lat' dir='ltr'><strong>dignitate</strong></span> <span class='ocrx_word' id='word_1_831' title='bbox 2387 4259 2619 4329; x_wconf 87' lang='lat' dir='ltr'><strong>attigerit</strong></span> <span class='ocrx_word' id='word_1_832' title='bbox 2658 4258 2967 4312; x_wconf 88' lang='lat' dir='ltr'><strong>immensam</strong></span> <span class='ocrx_word' id='word_1_833' title='bbox 3011 4255 3165 4309; x_wconf 89' lang='lat' dir='ltr'><strong>istam</strong></span> <span class='ocrx_word' id='word_1_834' title='bbox 3211 4249 3548 4307; x_wconf 84' lang='lat' dir='ltr'><strong>bonitatem?</strong></span> 
     </span>
    </p>
   </div>
   <div class='ocr_carea' id='block_1_105' title="bbox 1981 4342 3543 4419">
    <p class='ocr_par' dir='ltr' id='par_1_105' title="bbox 1981 4342 3543 4419">
     <span class='ocr_line' id='line_1_105' title="bbox 1981 4342 3543 4419; baseline -0.01 -13"><span class='ocrx_word' id='word_1_835' title='bbox 1981 4353 2129 4406; x_wconf 81' lang='lat' dir='ltr'><strong>Vobis</strong></span> <span class='ocrx_word' id='word_1_836' title='bbox 2154 4353 2243 4405; x_wconf 90' lang='lat' dir='ltr'><strong>erit</strong></span> <span class='ocrx_word' id='word_1_837' title='bbox 2268 4353 2321 4405; x_wconf 88' lang='lat' dir='ltr'><strong>in</strong></span> <span class='ocrx_word' id='word_1_838' title='bbox 2347 4352 2508 4404; x_wconf 83' lang='lat' dir='ltr'><strong>cibum</strong></span> <span class='ocrx_word' id='word_1_839' title='bbox 2530 4392 2545 4416; x_wconf 94' lang='lat'><strong>,</strong></span> <span class='ocrx_word' id='word_1_840' title='bbox 2596 4348 2799 4419; x_wconf 90' lang='lat' dir='ltr'><strong>inquit,</strong></span> <span class='ocrx_word' id='word_1_841' title='bbox 2844 4356 2890 4401; x_wconf 91' lang='lat' dir='ltr'><strong>et</strong></span> <span class='ocrx_word' id='word_1_842' title='bbox 2918 4344 3145 4400; x_wconf 88' lang='lat' dir='ltr'><strong>onmibus</strong></span> <span class='ocrx_word' id='word_1_843' title='bbox 3180 4342 3345 4397; x_wconf 83' lang='lat' dir='ltr'><strong>bestiis</strong></span> <span class='ocrx_word' id='word_1_844' title='bbox 3372 4351 3543 4404; x_wconf 71' lang='lat' dir='ltr'><strong>terrm,</strong></span> 
     </span>
    </p>
   </div>
   <div class='ocr_carea' id='block_1_106' title="bbox 1969 4434 3547 4507">
    <p class='ocr_par' dir='ltr' id='par_1_106' title="bbox 1969 4434 3547 4507">
     <span class='ocr_line' id='line_1_106' title="bbox 1969 4434 3547 4507; baseline -0.01 -8"><span class='ocrx_word' id='word_1_845' title='bbox 1969 4456 2015 4499; x_wconf 89' lang='lat' dir='ltr'><strong>et</strong></span> <span class='ocrx_word' id='word_1_846' title='bbox 2045 4443 2275 4499; x_wconf 87' lang='lat' dir='ltr'><strong>omnibus</strong></span> <span class='ocrx_word' id='word_1_847' title='bbox 2295 4442 2575 4497; x_wconf 87' lang='lat' dir='ltr'><strong>volatilibus</strong></span> <span class='ocrx_word' id='word_1_848' title='bbox 2602 4441 2733 4506; x_wconf 79' lang='lat' dir='ltr'><strong>cwli,</strong></span> <span class='ocrx_word' id='word_1_849' title='bbox 2769 4448 2813 4493; x_wconf 90' lang='lat' dir='ltr'><strong>ct</strong></span> <span class='ocrx_word' id='word_1_850' title='bbox 2834 4438 2969 4493; x_wconf 89' lang='lat' dir='ltr'><strong>omni</strong></span> <span class='ocrx_word' id='word_1_851' title='bbox 2998 4436 3168 4507; x_wconf 86' lang='lat' dir='ltr'><strong>reptili</strong></span> <span class='ocrx_word' id='word_1_852' title='bbox 3190 4434 3380 4504; x_wconf 88' lang='lat' dir='ltr'><strong>repenti</strong></span> <span class='ocrx_word' id='word_1_853' title='bbox 3398 4447 3547 4499; x_wconf 80' lang='lat' dir='ltr'><strong>super</strong></span> 
     </span>
    </p>
   </div>
   <div class='ocr_carea' id='block_1_107' title="bbox 1971 4527 3547 4605">
    <p class='ocr_par' dir='ltr' id='par_1_107' title="bbox 1971 4527 3547 4605">
     <span class='ocr_line' id='line_1_107' title="bbox 1971 4527 3547 4605; baseline -0.012 -14"><span class='ocrx_word' id='word_1_854' title='bbox 1971 4548 2176 4601; x_wconf 88' lang='lat' dir='ltr'><strong>terram,</strong></span> <span class='ocrx_word' id='word_1_855' title='bbox 2207 4535 2341 4605; x_wconf 87' lang='lat' dir='ltr'><strong>quod</strong></span> <span class='ocrx_word' id='word_1_856' title='bbox 2362 4534 2509 4588; x_wconf 89' lang='lat' dir='ltr'><strong>habet</strong></span> <span class='ocrx_word' id='word_1_857' title='bbox 2532 4533 2584 4586; x_wconf 87' lang='lat' dir='ltr'><strong>in</strong></span> <span class='ocrx_word' id='word_1_858' title='bbox 2605 4532 2866 4602; x_wconf 88' lang='lat' dir='ltr'><strong>semetipso</strong></span> <span class='ocrx_word' id='word_1_859' title='bbox 2887 4529 3107 4582; x_wconf 89' lang='lat' dir='ltr'><strong>animam</strong></span> <span class='ocrx_word' id='word_1_860' title='bbox 3133 4527 3262 4587; x_wconf 73' lang='lat' dir='ltr'><strong>vitm,</strong></span> <span class='ocrx_word' id='word_1_861' title='bbox 3286 4535 3331 4578; x_wconf 90' lang='lat' dir='ltr'><strong>et</strong></span> <span class='ocrx_word' id='word_1_862' title='bbox 3352 4538 3547 4577; x_wconf 86' lang='lat' dir='ltr'><strong>onmem</strong></span> 
     </span>
    </p>
   </div>
   <div class='ocr_carea' id='block_1_108' title="bbox 1971 4610 3549 4690">
    <p class='ocr_par' dir='ltr' id='par_1_108' title="bbox 1971 4610 3549 4690">
     <span class='ocr_line' id='line_1_108' title="bbox 1971 4610 3549 4690; baseline -0.011 -9"><span class='ocrx_word' id='word_1_863' title='bbox 1971 4628 2175 4684; x_wconf 82' lang='lat' dir='ltr'><strong>herbam</strong></span> <span class='ocrx_word' id='word_1_864' title='bbox 2205 4624 2414 4681; x_wconf 84' lang='lat' dir='ltr'><strong>viridem</strong></span> <span class='ocrx_word' id='word_1_865' title='bbox 2454 4625 2507 4677; x_wconf 90' lang='lat' dir='ltr'><strong>in</strong></span> <span class='ocrx_word' id='word_1_866' title='bbox 2546 4622 2729 4676; x_wconf 87' lang='lat' dir='ltr'><strong>cibmn.</strong></span> <span class='ocrx_word' id='word_1_867' title='bbox 2773 4621 2957 4690; x_wconf 76' lang='lat' dir='ltr'><strong>Magna</strong></span> <span class='ocrx_word' id='word_1_868' title='bbox 2986 4617 3196 4672; x_wconf 89' lang='lat' dir='ltr'><strong>Domini</strong></span> <span class='ocrx_word' id='word_1_869' title='bbox 3225 4630 3347 4685; x_wconf 85' lang='lat' dir='ltr'><strong>erga</strong></span> <span class='ocrx_word' id='word_1_870' title='bbox 3378 4610 3549 4666; x_wconf 85' lang='lat' dir='ltr'><strong>homi-</strong></span> 
     </span>
    </p>
   </div>
   <div class='ocr_carea' id='block_1_109' title="bbox 1975 4705 3546 4789">
    <p class='ocr_par' dir='ltr' id='par_1_109' title="bbox 1975 4705 3546 4789">
     <span class='ocr_line' id='line_1_109' title="bbox 1975 4705 3546 4789; baseline -0.013 -12"><span class='ocrx_word' id='word_1_871' title='bbox 1975 4737 2096 4776; x_wconf 89' lang='lat' dir='ltr'><strong>nem</strong></span> <span class='ocrx_word' id='word_1_872' title='bbox 2120 4763 2135 4789; x_wconf 90' lang='lat'><strong>,</strong></span> <span class='ocrx_word' id='word_1_873' title='bbox 2185 4735 2340 4786; x_wconf 89' lang='lat' dir='ltr'><strong>quem</strong></span> <span class='ocrx_word' id='word_1_874' title='bbox 2371 4715 2649 4779; x_wconf 89' lang='lat' dir='ltr'><strong>condidit,</strong></span> <span class='ocrx_word' id='word_1_875' title='bbox 2698 4713 2997 4769; x_wconf 88' lang='lat' dir='ltr'><strong>ostenditur</strong></span> <span class='ocrx_word' id='word_1_876' title='bbox 3028 4707 3373 4781; x_wconf 87' lang='lat' dir='ltr'><strong>providentia.</strong></span> <span class='ocrx_word' id='word_1_877' title='bbox 3414 4705 3546 4760; x_wconf 83' lang='lat' dir='ltr'><strong>Nam</strong></span> 
     </span>
    </p>
   </div>
   <div class='ocr_carea' id='block_1_110' title="bbox 1974 4795 3544 4882">
    <p class='ocr_par' dir='ltr' id='par_1_110' title="bbox 1974 4795 3544 4882">
     <span class='ocr_line' id='line_1_110' title="bbox 1974 4795 3544 4882; baseline -0.011 -17"><span class='ocrx_word' id='word_1_878' title='bbox 1974 4822 2249 4882; x_wconf 84' lang='lat' dir='ltr'><strong>postquam</strong></span> <span class='ocrx_word' id='word_1_879' title='bbox 2282 4811 2453 4879; x_wconf 90' lang='lat' dir='ltr'><strong>ipsum</strong></span> <span class='ocrx_word' id='word_1_880' title='bbox 2486 4806 2760 4878; x_wconf 84' lang='lat' dir='ltr'><strong>produxit,</strong></span> <span class='ocrx_word' id='word_1_881' title='bbox 2794 4813 2848 4860; x_wconf 89' lang='lat' dir='ltr'><strong>et</strong></span> <span class='ocrx_word' id='word_1_882' title='bbox 2890 4804 3063 4858; x_wconf 92' lang='lat' dir='ltr'><strong>omnis</strong></span> <span class='ocrx_word' id='word_1_883' title='bbox 3092 4810 3349 4856; x_wconf 71' lang='lat' dir='ltr'><strong>creatura:</strong></span> <span class='ocrx_word' id='word_1_884' title='bbox 3375 4795 3544 4851; x_wconf 79' lang='lat' dir='ltr'><strong>domt-</strong></span> 
     </span>
    </p>
   </div>
   <div class='ocr_carea' id='block_1_111' title="bbox 1972 4891 3543 4972">
    <p class='ocr_par' dir='ltr' id='par_1_111' title="bbox 1972 4891 3543 4972">
     <span class='ocr_line' id='line_1_111' title="bbox 1972 4891 3543 4972; baseline -0.013 -14"><span class='ocrx_word' id='word_1_885' title='bbox 1972 4904 2119 4959; x_wconf 87' lang='lat' dir='ltr'><strong>nium</strong></span> <span class='ocrx_word' id='word_1_886' title='bbox 2152 4903 2250 4972; x_wconf 91' lang='lat' dir='ltr'><strong>ipsi</strong></span> <span class='ocrx_word' id='word_1_887' title='bbox 2281 4900 2493 4956; x_wconf 88' lang='lat' dir='ltr'><strong>tradidit</strong></span> <span class='ocrx_word' id='word_1_888' title='bbox 2516 4915 2531 4964; x_wconf 91' lang='lat'><strong>;</strong></span> <span class='ocrx_word' id='word_1_889' title='bbox 2556 4894 2618 4953; x_wconf 83' lang='lat' dir='ltr'><strong>ut</strong></span> <span class='ocrx_word' id='word_1_890' title='bbox 2638 4914 2704 4952; x_wconf 91' lang='lat' dir='ltr'><strong>ne</strong></span> <span class='ocrx_word' id='word_1_891' title='bbox 2733 4895 2911 4951; x_wconf 88' lang='lat' dir='ltr'><strong>statim</strong></span> <span class='ocrx_word' id='word_1_892' title='bbox 2934 4895 2999 4948; x_wconf 91' lang='lat' dir='ltr'><strong>ab</strong></span> <span class='ocrx_word' id='word_1_893' title='bbox 3019 4891 3543 4960; x_wconf 83' lang='lat' dir='ltr'><strong>iuitiojtnncntorum</strong></span> 
     </span>
    </p>
   </div>
   <div class='ocr_carea' id='block_1_112' title="bbox 1970 4978 3543 5052">
    <p class='ocr_par' dir='ltr' id='par_1_112' title="bbox 1970 4978 3543 5052">
     <span class='ocr_line' id='line_1_112' title="bbox 1970 4978 3543 5052; baseline -0.011 -2"><span class='ocrx_word' id='word_1_894' title='bbox 1970 4992 2362 5050; x_wconf 86' lang='lat' dir='ltr'><strong>multitudinem</strong></span> <span class='ocrx_word' id='word_1_895' title='bbox 2404 4990 2590 5045; x_wconf 88' lang='lat' dir='ltr'><strong>videns</strong></span> <span class='ocrx_word' id='word_1_896' title='bbox 2619 4986 2939 5043; x_wconf 88' lang='lat' dir='ltr'><strong>stomachari</strong></span> <span class='ocrx_word' id='word_1_897' title='bbox 2988 4983 3188 5052; x_wconf 91' lang='lat' dir='ltr'><strong>possit,</strong></span> <span class='ocrx_word' id='word_1_898' title='bbox 3243 4978 3390 5047; x_wconf 87' lang='lat' dir='ltr'><strong>quasi</strong></span> <span class='ocrx_word' id='word_1_899' title='bbox 3439 4992 3543 5033; x_wconf 87' lang='lat' dir='ltr'><strong>non</strong></span> 
     </span>
    </p>
   </div>
   <div class='ocr_carea' id='block_1_113' title="bbox 1970 5070 3547 5141">
    <p class='ocr_par' dir='ltr' id='par_1_113' title="bbox 1970 5070 3547 5141">
     <span class='ocr_line' id='line_1_113' title="bbox 1970 5070 3547 5141; baseline -0.01 -1"><span class='ocrx_word' id='word_1_900' title='bbox 1970 5086 2239 5141; x_wconf 89' lang='lat' dir='ltr'><strong>sufficeret</strong></span> <span class='ocrx_word' id='word_1_901' title='bbox 2264 5083 2332 5137; x_wconf 88' lang='lat' dir='ltr'><strong>ad</strong></span> <span class='ocrx_word' id='word_1_902' title='bbox 2356 5080 2545 5138; x_wconf 88' lang='lat' dir='ltr'><strong>alenda</strong></span> <span class='ocrx_word' id='word_1_903' title='bbox 2569 5088 2646 5134; x_wconf 93' lang='lat' dir='ltr'><strong>tot</strong></span> <span class='ocrx_word' id='word_1_904' title='bbox 2669 5087 2724 5133; x_wconf 90' lang='lat' dir='ltr'><strong>et</strong></span> <span class='ocrx_word' id='word_1_905' title='bbox 2755 5085 2899 5131; x_wconf 87' lang='lat' dir='ltr'><strong>tanta</strong></span> <span class='ocrx_word' id='word_1_906' title='bbox 2924 5073 3171 5129; x_wconf 87' lang='lat' dir='ltr'><strong>animalia</strong></span> <span class='ocrx_word' id='word_1_907' title='bbox 3202 5088 3214 5124; x_wconf 87' lang='lat'><strong>:</strong></span> <span class='ocrx_word' id='word_1_908' title='bbox 3245 5070 3547 5139; x_wconf 75' lang='lat' dir='ltr'><strong>priusquam</strong></span> 
     </span>
    </p>
   </div>
   <div class='ocr_carea' id='block_1_114' title="bbox 1971 5159 3540 5243">
    <p class='ocr_par' dir='ltr' id='par_1_114' title="bbox 1971 5159 3540 5243">
     <span class='ocr_line' id='line_1_114' title="bbox 1971 5159 3540 5243; baseline -0.013 -9"><span class='ocrx_word' id='word_1_909' title='bbox 1971 5177 2040 5234; x_wconf 91' lang='lat' dir='ltr'><strong>de</strong></span> <span class='ocrx_word' id='word_1_910' title='bbox 2083 5178 2185 5232; x_wconf 92' lang='lat' dir='ltr'><strong>hoc</strong></span> <span class='ocrx_word' id='word_1_911' title='bbox 2226 5175 2311 5231; x_wconf 89' lang='lat' dir='ltr'><strong>vel</strong></span> <span class='ocrx_word' id='word_1_912' title='bbox 2354 5174 2638 5243; x_wconf 88' lang='lat' dir='ltr'><strong>cogitaret,</strong></span> <span class='ocrx_word' id='word_1_913' title='bbox 2677 5170 2847 5223; x_wconf 91' lang='lat' dir='ltr'><strong>bonus</strong></span> <span class='ocrx_word' id='word_1_914' title='bbox 2882 5168 3021 5221; x_wconf 92' lang='lat' dir='ltr'><strong>Deus</strong></span> <span class='ocrx_word' id='word_1_915' title='bbox 3052 5160 3422 5233; x_wconf 68' lang='lat' dir='ltr'><strong>prieveuieudo</strong></span> <span class='ocrx_word' id='word_1_916' title='bbox 3450 5159 3540 5214; x_wconf 88' lang='lat' dir='ltr'><strong>de-</strong></span> 
     </span>
    </p>
   </div>
   <div class='ocr_carea' id='block_1_115' title="bbox 1973 5252 3542 5330">
    <p class='ocr_par' dir='ltr' id='par_1_115' title="bbox 1973 5252 3542 5330">
     <span class='ocr_line' id='line_1_115' title="bbox 1973 5252 3542 5330; baseline -0.014 -3"><span class='ocrx_word' id='word_1_917' title='bbox 1973 5272 2212 5327; x_wconf 79' lang='lat' dir='ltr'><strong>mulcens</strong></span> <span class='ocrx_word' id='word_1_918' title='bbox 2241 5281 2364 5321; x_wconf 91' lang='lat' dir='ltr'><strong>eum</strong></span> <span class='ocrx_word' id='word_1_919' title='bbox 2391 5307 2407 5330; x_wconf 95' lang='lat'><strong>,</strong></span> <span class='ocrx_word' id='word_1_920' title='bbox 2436 5273 2492 5318; x_wconf 91' lang='lat' dir='ltr'><strong>ut</strong></span> <span class='ocrx_word' id='word_1_921' title='bbox 2517 5263 2585 5317; x_wconf 91' lang='lat' dir='ltr'><strong>ita</strong></span> <span class='ocrx_word' id='word_1_922' title='bbox 2614 5261 2786 5316; x_wconf 89' lang='lat' dir='ltr'><strong>dicam</strong></span> <span class='ocrx_word' id='word_1_923' title='bbox 2808 5299 2823 5321; x_wconf 92' lang='lat'><strong>,</strong></span> <span class='ocrx_word' id='word_1_924' title='bbox 2849 5267 2904 5312; x_wconf 90' lang='lat' dir='ltr'><strong>et</strong></span> <span class='ocrx_word' id='word_1_925' title='bbox 2929 5254 3217 5311; x_wconf 89' lang='lat' dir='ltr'><strong>ostendens</strong></span> <span class='ocrx_word' id='word_1_926' title='bbox 3243 5264 3346 5307; x_wconf 89' lang='lat' dir='ltr'><strong>tam</strong></span> <span class='ocrx_word' id='word_1_927' title='bbox 3379 5252 3542 5320; x_wconf 90' lang='lat' dir='ltr'><strong>ipsum</strong></span> 
     </span>
    </p>
   </div>
   <div class='ocr_carea' id='block_1_116' title="bbox 1973 5345 3543 5435">
    <p class='ocr_par' dir='ltr' id='par_1_116' title="bbox 1973 5345 3543 5435">
     <span class='ocr_line' id='line_1_116' title="bbox 1973 5345 3543 5435; baseline -0.016 -15"><span class='ocrx_word' id='word_1_928' title='bbox 1973 5380 2130 5435; x_wconf 89' lang='lat' dir='ltr'><strong>quam</strong></span> <span class='ocrx_word' id='word_1_929' title='bbox 2152 5362 2391 5433; x_wconf 89' lang='lat' dir='ltr'><strong>jumenta</strong></span> <span class='ocrx_word' id='word_1_930' title='bbox 2419 5365 2471 5413; x_wconf 87' lang='lat' dir='ltr'><strong>ct</strong></span> <span class='ocrx_word' id='word_1_931' title='bbox 2490 5356 2644 5410; x_wconf 90' lang='lat' dir='ltr'><strong>bruta</strong></span> <span class='ocrx_word' id='word_1_932' title='bbox 2671 5353 2849 5408; x_wconf 91' lang='lat' dir='ltr'><strong>omnia</strong></span> <span class='ocrx_word' id='word_1_933' title='bbox 2869 5393 2884 5418; x_wconf 93' lang='lat'><strong>,</strong></span> <span class='ocrx_word' id='word_1_934' title='bbox 2913 5358 3177 5421; x_wconf 77' lang='lat' dir='ltr'><strong>prtecepto</strong></span> <span class='ocrx_word' id='word_1_935' title='bbox 3204 5345 3411 5400; x_wconf 86' lang='lat' dir='ltr'><strong>Domini</strong></span> <span class='ocrx_word' id='word_1_936' title='bbox 3442 5360 3543 5396; x_wconf 89' lang='lat' dir='ltr'><strong>om-</strong></span> 
     </span>
    </p>
   </div>
   <div class='ocr_carea' id='block_1_117' title="bbox 1975 5438 3547 5523">
    <p class='ocr_par' dir='ltr' id='par_1_117' title="bbox 1975 5438 3547 5523">
     <span class='ocr_line' id='line_1_117' title="bbox 1975 5438 3547 5523; baseline -0.013 -13"><span class='ocrx_word' id='word_1_937' title='bbox 1975 5471 2097 5510; x_wconf 90' lang='lat' dir='ltr'><strong>nem</strong></span> <span class='ocrx_word' id='word_1_938' title='bbox 2130 5455 2333 5523; x_wconf 76' lang='lat' dir='ltr'><strong>COpiam</strong></span> <span class='ocrx_word' id='word_1_939' title='bbox 2361 5448 2426 5503; x_wconf 90' lang='lat' dir='ltr'><strong>ad</strong></span> <span class='ocrx_word' id='word_1_940' title='bbox 2455 5449 2567 5502; x_wconf 74' lang='lat' dir='ltr'><strong>tunc</strong></span> <span class='ocrx_word' id='word_1_941' title='bbox 2594 5443 2802 5511; x_wconf 89' lang='lat' dir='ltr'><strong>alenda,</strong></span> <span class='ocrx_word' id='word_1_942' title='bbox 2833 5454 2971 5499; x_wconf 90' lang='lat' dir='ltr'><strong>terra</strong></span> <span class='ocrx_word' id='word_1_943' title='bbox 2999 5438 3401 5510; x_wconf 82' lang='lat' dir='ltr'><strong>suppeditante,</strong></span> <span class='ocrx_word' id='word_1_944' title='bbox 3431 5447 3547 5490; x_wconf 59' lang='lat' dir='ltr'><strong>esse</strong></span> 
     </span>
    </p>
   </div>
   <div class='ocr_carea' id='block_1_118' title="bbox 1975 5531 3608 5619">
    <p class='ocr_par' dir='ltr' id='par_1_118' title="bbox 1975 5531 3608 5619">
     <span class='ocr_line' id='line_1_118' title="bbox 1975 5531 3608 5619; baseline -0.015 -16"><span class='ocrx_word' id='word_1_945' title='bbox 1975 5547 2276 5609; x_wconf 89' lang='lat' dir='ltr'><strong>habituros,</strong></span> <span class='ocrx_word' id='word_1_946' title='bbox 2309 5551 2585 5611; x_wconf 92' lang='lat' dir='ltr'><strong>postquam</strong></span> <span class='ocrx_word' id='word_1_947' title='bbox 2611 5539 2775 5602; x_wconf 85' lang='lat' dir='ltr'><strong>dixit,</strong></span> <span class='ocrx_word' id='word_1_948' title='bbox 2815 5536 2929 5591; x_wconf 87' lang='lat' dir='ltr'><strong>Erit</strong></span> <span class='ocrx_word' id='word_1_949' title='bbox 2956 5535 3093 5589; x_wconf 88' lang='lat' dir='ltr'><strong>vobis</strong></span> <span class='ocrx_word' id='word_1_950' title='bbox 3118 5534 3170 5586; x_wconf 89' lang='lat' dir='ltr'><strong>in</strong></span> <span class='ocrx_word' id='word_1_951' title='bbox 3196 5531 3401 5594; x_wconf 84' lang='lat' dir='ltr'><strong>cibum;</strong></span> <span class='ocrx_word' id='word_1_952' title='bbox 3428 5542 3545 5581; x_wconf 77' lang='lat' dir='ltr'><strong>mox</strong></span> <span class='ocrx_word' id='word_1_953' title='bbox 3599 5609 3608 5619; x_wconf 25' lang='grc' dir='ltr'>ι</span> 
     </span>
    </p>
   </div>
   <div class='ocr_carea' id='block_1_119' title="bbox 1973 5618 3543 5710">
    <p class='ocr_par' dir='ltr' id='par_1_119' title="bbox 1973 5618 3543 5710">
     <span class='ocr_line' id='line_1_119' title="bbox 1973 5618 3543 5710; baseline -0.017 -14"><span class='ocrx_word' id='word_1_954' title='bbox 1973 5635 2262 5710; x_wconf 87' lang='lat' dir='ltr'><strong>subjungit,</strong></span> <span class='ocrx_word' id='word_1_955' title='bbox 2300 5634 2361 5688; x_wconf 84' lang='lat' dir='ltr'><strong>Et</strong></span> <span class='ocrx_word' id='word_1_956' title='bbox 2383 5632 2609 5687; x_wconf 87' lang='lat' dir='ltr'><strong>omnibus</strong></span> <span class='ocrx_word' id='word_1_957' title='bbox 2633 5629 2799 5685; x_wconf 83' lang='lat' dir='ltr'><strong>bestiis</strong></span> <span class='ocrx_word' id='word_1_958' title='bbox 2827 5640 3001 5695; x_wconf 72' lang='lat' dir='ltr'><strong>(errat,</strong></span> <span class='ocrx_word' id='word_1_959' title='bbox 3032 5635 3079 5681; x_wconf 89' lang='lat' dir='ltr'><strong>et</strong></span> <span class='ocrx_word' id='word_1_960' title='bbox 3106 5621 3384 5681; x_wconf 78' lang='lat' dir='ltr'><strong>volatilibus</strong></span> <span class='ocrx_word' id='word_1_961' title='bbox 3407 5618 3543 5682; x_wconf 65' lang='lat' dir='ltr'><strong>creti,</strong></span> 
     </span>
    </p>
   </div>
   <div class='ocr_carea' id='block_1_120' title="bbox 1977 5713 3549 5801">
    <p class='ocr_par' dir='ltr' id='par_1_120' title="bbox 1977 5713 3549 5801">
     <span class='ocr_line' id='line_1_120' title="bbox 1977 5713 3549 5801; baseline -0.017 -11"><span class='ocrx_word' id='word_1_962' title='bbox 1977 5742 2024 5790; x_wconf 65' lang='lat' dir='ltr'><strong>ei</strong></span> <span class='ocrx_word' id='word_1_963' title='bbox 2050 5731 2188 5788; x_wconf 87' lang='lat' dir='ltr'><strong>omni</strong></span> <span class='ocrx_word' id='word_1_964' title='bbox 2220 5728 2383 5801; x_wconf 83' lang='lat' dir='ltr'><strong>reptili</strong></span> <span class='ocrx_word' id='word_1_965' title='bbox 2418 5727 2608 5800; x_wconf 84' lang='lat' dir='ltr'><strong>repenti</strong></span> <span class='ocrx_word' id='word_1_966' title='bbox 2635 5740 2783 5795; x_wconf 86' lang='lat' dir='ltr'><strong>super</strong></span> <span class='ocrx_word' id='word_1_967' title='bbox 2808 5730 3025 5790; x_wconf 86' lang='lat' dir='ltr'><strong>terram,</strong></span> <span class='ocrx_word' id='word_1_968' title='bbox 3065 5717 3201 5790; x_wconf 86' lang='lat' dir='ltr'><strong>quod</strong></span> <span class='ocrx_word' id='word_1_969' title='bbox 3223 5714 3369 5770; x_wconf 86' lang='lat' dir='ltr'><strong>habet</strong></span> <span class='ocrx_word' id='word_1_970' title='bbox 3392 5713 3443 5766; x_wconf 88' lang='lat' dir='ltr'><strong>in</strong></span> <span class='ocrx_word' id='word_1_971' title='bbox 3469 5726 3549 5765; x_wconf 66' lang='lat' dir='ltr'><strong>sco</strong></span> 
     </span>
    </p>
   </div>
  </div>
