  <div class='ocr_page' id='page_1' title='image "/cluster/home/n/w/nwhite01/storage/ocr_20150623/53-54/hvd.32044012465829/087.png"; bbox 0 0 3784 6238; ppageno 0'>
   <div class='ocr_carea' id='block_1_1' title="bbox 204 210 1784 325">
    <p class='ocr_par' dir='ltr' id='par_1_1' title="bbox 204 241 1784 305">
     <span class='ocr_line' id='line_1_1' title="bbox 204 241 1784 305; baseline -0.005 -1"><span class='ocrx_word' id='word_1_1' title='bbox 204 250 269 305; x_wconf 84' lang='grc'><strong>87</strong></span> <span class='ocrx_word' id='word_1_2' title='bbox 911 244 968 300; x_wconf 88' lang='lat' dir='ltr'><strong>S.</strong></span> <span class='ocrx_word' id='word_1_3' title='bbox 1007 242 1286 300; x_wconf 81' lang='lat' dir='ltr'><strong>JOANNIS</strong></span> <span class='ocrx_word' id='word_1_4' title='bbox 1323 244 1458 300; x_wconf 75' lang='lat' dir='ltr'><strong>Cllll</strong></span> <span class='ocrx_word' id='word_1_5' title='bbox 1472 241 1784 299; x_wconf 76' lang='lat' dir='ltr'><strong>YSOSTOMI</strong></span> 
     </span>
    </p>
   </div>
   <div class='ocr_carea' id='block_1_2' title="bbox 1937 210 3464 325">
    <p class='ocr_par' dir='ltr' id='par_1_2' title="bbox 1937 210 3464 325">
     <span class='ocr_line' id='line_1_2' title="bbox 1937 210 3464 325; baseline 0.016 -26"><span class='ocrx_word' id='word_1_6' title='bbox 1937 210 2163 302; x_wconf 76' lang='lat' dir='ltr'><strong>ClllEP.</strong></span> <span class='ocrx_word' id='word_1_7' title='bbox 2187 248 2720 308; x_wconf 75' lang='lat' dir='ltr'><strong>CONSTANTINOP.</strong></span> <span class='ocrx_word' id='word_1_8' title='bbox 3399 268 3464 325; x_wconf 76' lang='lat' dir='ltr'><strong>ss</strong></span> 
     </span>
    </p>
   </div>
   <div class='ocr_carea' id='block_1_3' title="bbox 202 354 1776 433">
    <p class='ocr_par' dir='ltr' id='par_1_3' title="bbox 202 354 1776 433">
     <span class='ocr_line' id='line_1_3' title="bbox 202 354 1776 433; baseline -0.004 -20"><span class='ocrx_word' id='word_1_9' title='bbox 202 363 411 433; x_wconf 81' lang='lat' dir='ltr'><strong>metipso</strong></span> <span class='ocrx_word' id='word_1_10' title='bbox 440 361 660 413; x_wconf 84' lang='lat' dir='ltr'><strong>animant</strong></span> <span class='ocrx_word' id='word_1_11' title='bbox 690 361 820 422; x_wconf 61' lang='lat' dir='ltr'><strong>vitat.</strong></span> <span class='ocrx_word' id='word_1_12' title='bbox 860 370 905 412; x_wconf 86' lang='lat' dir='ltr'><strong>ct</strong></span> <span class='ocrx_word' id='word_1_13' title='bbox 931 376 1129 413; x_wconf 84' lang='lat' dir='ltr'><strong>onmem</strong></span> <span class='ocrx_word' id='word_1_14' title='bbox 1156 359 1355 411; x_wconf 83' lang='lat' dir='ltr'><strong><em>herbam</em></strong></span> <span class='ocrx_word' id='word_1_15' title='bbox 1384 356 1590 410; x_wconf 89' lang='lat' dir='ltr'><strong>viridem</strong></span> <span class='ocrx_word' id='word_1_16' title='bbox 1620 355 1671 407; x_wconf 86' lang='lat' dir='ltr'><strong>in</strong></span> <span class='ocrx_word' id='word_1_17' title='bbox 1702 354 1776 406; x_wconf 85' lang='lat' dir='ltr'><strong>ci-</strong></span> 
     </span>
    </p>
   </div>
   <div class='ocr_carea' id='block_1_4' title="bbox 205 443 1783 521">
    <p class='ocr_par' dir='ltr' id='par_1_4' title="bbox 205 443 1783 521">
     <span class='ocr_line' id='line_1_4' title="bbox 205 443 1783 521; baseline -0.005 -17"><span class='ocrx_word' id='word_1_18' title='bbox 205 454 341 505; x_wconf 91' lang='lat' dir='ltr'><strong>bum.</strong></span> <span class='ocrx_word' id='word_1_19' title='bbox 384 448 448 503; x_wconf 81' lang='lat' dir='ltr'><strong>Et</strong></span> <span class='ocrx_word' id='word_1_20' title='bbox 480 455 669 521; x_wconf 81' lang='lat' dir='ltr'><strong>factum</strong></span> <span class='ocrx_word' id='word_1_21' title='bbox 690 460 758 504; x_wconf 87' lang='lat' dir='ltr'><strong>cst</strong></span> <span class='ocrx_word' id='word_1_22' title='bbox 782 451 872 503; x_wconf 88' lang='lat' dir='ltr'><strong>ita.</strong></span> <span class='ocrx_word' id='word_1_23' title='bbox 919 448 1104 503; x_wconf 92' lang='lat' dir='ltr'><strong>Omnia</strong></span> <span class='ocrx_word' id='word_1_24' title='bbox 1129 460 1476 518; x_wconf 71' lang='lat' dir='ltr'><strong>qumcumque</strong></span> <span class='ocrx_word' id='word_1_25' title='bbox 1504 443 1783 514; x_wconf 89' lang='lat' dir='ltr'><strong>imperavit</strong></span> 
     </span>
    </p>
   </div>
   <div class='ocr_carea' id='block_1_5' title="bbox 204 535 1781 614">
    <p class='ocr_par' dir='ltr' id='par_1_5' title="bbox 204 535 1781 614">
     <span class='ocr_line' id='line_1_5' title="bbox 204 535 1781 614; baseline -0.005 -17"><span class='ocrx_word' id='word_1_26' title='bbox 204 544 484 608; x_wconf 77' lang='lat' dir='ltr'><strong>Conditor,</strong></span> <span class='ocrx_word' id='word_1_27' title='bbox 511 543 713 614; x_wconf 90' lang='lat' dir='ltr'><strong>inquit,</strong></span> <span class='ocrx_word' id='word_1_28' title='bbox 744 557 905 611; x_wconf 89' lang='lat' dir='ltr'><strong>opere</strong></span> <span class='ocrx_word' id='word_1_29' title='bbox 934 539 1167 610; x_wconf 88' lang='lat' dir='ltr'><strong>perfecta</strong></span> <span class='ocrx_word' id='word_1_30' title='bbox 1197 547 1339 604; x_wconf 86' lang='lat' dir='ltr'><strong>sunt,</strong></span> <span class='ocrx_word' id='word_1_31' title='bbox 1364 546 1417 591; x_wconf 76' lang='lat' dir='ltr'><strong>et</strong></span> <span class='ocrx_word' id='word_1_32' title='bbox 1444 535 1621 591; x_wconf 83' lang='lat' dir='ltr'><strong>omnia</strong></span> <span class='ocrx_word' id='word_1_33' title='bbox 1650 550 1781 590; x_wconf 86' lang='lat' dir='ltr'><strong>con-</strong></span> 
     </span>
    </p>
   </div>
   <div class='ocr_carea' id='block_1_6' title="bbox 203 627 1783 702">
    <p class='ocr_par' dir='ltr' id='par_1_6' title="bbox 203 627 1783 702">
     <span class='ocr_line' id='line_1_6' title="bbox 203 627 1783 702; baseline -0.003 -17"><span class='ocrx_word' id='word_1_34' title='bbox 203 635 412 702; x_wconf 82' lang='lat' dir='ltr'><strong>gruenti</strong></span> <span class='ocrx_word' id='word_1_35' title='bbox 447 636 634 688; x_wconf 85' lang='lat' dir='ltr'><strong>ordine</strong></span> <span class='ocrx_word' id='word_1_36' title='bbox 660 645 784 688; x_wconf 89' lang='lat' dir='ltr'><strong>sunt</strong></span> <span class='ocrx_word' id='word_1_37' title='bbox 807 634 1110 698; x_wconf 86' lang='lat' dir='ltr'><strong>constituta,</strong></span> <span class='ocrx_word' id='word_1_38' title='bbox 1142 641 1421 701; x_wconf 77' lang='lat' dir='ltr'><strong>propterea</strong></span> <span class='ocrx_word' id='word_1_39' title='bbox 1448 629 1626 684; x_wconf 88' lang='lat' dir='ltr'><strong>statim</strong></span> <span class='ocrx_word' id='word_1_40' title='bbox 1654 627 1783 682; x_wconf 85' lang='lat' dir='ltr'><strong>sub-</strong></span> 
     </span>
    </p>
   </div>
   <div class='ocr_carea' id='block_1_7' title="bbox 203 721 1785 793">
    <p class='ocr_par' dir='ltr' id='par_1_7' title="bbox 203 721 1785 793">
     <span class='ocr_line' id='line_1_7' title="bbox 203 721 1785 793; baseline -0.001 -20"><span class='ocrx_word' id='word_1_41' title='bbox 203 726 279 776; x_wconf 90' lang='lat' dir='ltr'><strong>dit</strong></span> <span class='ocrx_word' id='word_1_42' title='bbox 325 743 337 778; x_wconf 93' lang='lat'><strong>:</strong></span> <span class='ocrx_word' id='word_1_43' title='bbox 372 726 459 779; x_wconf 79' lang='lat'><strong>5|.</strong></span> <span class='ocrx_word' id='word_1_44' title='bbox 486 723 551 778; x_wconf 84' lang='lat' dir='ltr'><strong>Et</strong></span> <span class='ocrx_word' id='word_1_45' title='bbox 586 727 705 780; x_wconf 80' lang='lat' dir='ltr'><strong>vidit</strong></span> <span class='ocrx_word' id='word_1_46' title='bbox 732 724 869 779; x_wconf 88' lang='lat' dir='ltr'><strong>Deus</strong></span> <span class='ocrx_word' id='word_1_47' title='bbox 896 724 1067 777; x_wconf 81' lang='lat' dir='ltr'><strong>omnia</strong></span> <span class='ocrx_word' id='word_1_48' title='bbox 1093 737 1414 793; x_wconf 69' lang='lat' dir='ltr'><strong>quaecumque</strong></span> <span class='ocrx_word' id='word_1_49' title='bbox 1432 721 1569 790; x_wconf 82' lang='lat' dir='ltr'><strong>fecit,</strong></span> <span class='ocrx_word' id='word_1_50' title='bbox 1600 728 1646 773; x_wconf 88' lang='lat' dir='ltr'><strong>et</strong></span> <span class='ocrx_word' id='word_1_51' title='bbox 1672 734 1785 773; x_wconf 85' lang='lat' dir='ltr'><strong>ecce</strong></span> 
     </span>
    </p>
   </div>
   <div class='ocr_carea' id='block_1_8' title="bbox 203 814 520 872">
    <p class='ocr_par' dir='ltr' id='par_1_8' title="bbox 203 814 520 872">
     <span class='ocr_line' id='line_1_8' title="bbox 203 814 520 872; baseline 0.016 -5"><span class='ocrx_word' id='word_1_52' title='bbox 203 814 331 868; x_wconf 88' lang='lat' dir='ltr'><strong>bona</strong></span> <span class='ocrx_word' id='word_1_53' title='bbox 360 817 520 872; x_wconf 72' lang='lat' dir='ltr'><strong>valde.</strong></span> 
     </span>
    </p>
   </div>
   <div class='ocr_carea' id='block_1_9' title="bbox 284 900 1787 979">
    <p class='ocr_par' dir='ltr' id='par_1_9' title="bbox 284 900 1787 979">
     <span class='ocr_line' id='line_1_9' title="bbox 284 900 1787 979; baseline -0.004 -18"><span class='ocrx_word' id='word_1_54' title='bbox 284 907 337 961; x_wconf 83' lang='lat'><strong>6.</strong></span> <span class='ocrx_word' id='word_1_55' title='bbox 368 909 496 975; x_wconf 89' lang='lat' dir='ltr'><strong>Quis</strong></span> <span class='ocrx_word' id='word_1_56' title='bbox 528 924 624 979; x_wconf 86' lang='lat' dir='ltr'><strong>pro</strong></span> <span class='ocrx_word' id='word_1_57' title='bbox 647 908 899 979; x_wconf 85' lang='lat' dir='ltr'><strong>dignitate</strong></span> <span class='ocrx_word' id='word_1_58' title='bbox 926 906 1153 961; x_wconf 88' lang='lat' dir='ltr'><strong>laudarit</strong></span> <span class='ocrx_word' id='word_1_59' title='bbox 1178 904 1369 959; x_wconf 82' lang='lat' dir='ltr'><strong>divinae</strong></span> <span class='ocrx_word' id='word_1_60' title='bbox 1393 902 1678 972; x_wconf 62' lang='lat' dir='ltr'><strong>Scriptura:</strong></span> <span class='ocrx_word' id='word_1_61' title='bbox 1706 900 1787 955; x_wconf 91' lang='lat' dir='ltr'><strong>di-</strong></span> 
     </span>
    </p>
   </div>
   <div class='ocr_carea' id='block_1_10' title="bbox 206 994 1785 1076">
    <p class='ocr_par' dir='ltr' id='par_1_10' title="bbox 206 994 1785 1076">
     <span class='ocr_line' id='line_1_10' title="bbox 206 994 1785 1076; baseline -0.008 -16"><span class='ocrx_word' id='word_1_62' title='bbox 206 1005 514 1076; x_wconf 87' lang='lat' dir='ltr'><strong>ligentiam?</strong></span> <span class='ocrx_word' id='word_1_63' title='bbox 548 1004 685 1059; x_wconf 84' lang='lat' dir='ltr'><strong>Ecce</strong></span> <span class='ocrx_word' id='word_1_64' title='bbox 708 1003 850 1059; x_wconf 88' lang='lat' dir='ltr'><strong>enim</strong></span> <span class='ocrx_word' id='word_1_65' title='bbox 871 1011 925 1056; x_wconf 92' lang='lat' dir='ltr'><strong>et</strong></span> <span class='ocrx_word' id='word_1_66' title='bbox 954 1001 1039 1056; x_wconf 89' lang='lat' dir='ltr'><strong>hic</strong></span> <span class='ocrx_word' id='word_1_67' title='bbox 1059 1000 1221 1055; x_wconf 88' lang='lat' dir='ltr'><strong>verbo</strong></span> <span class='ocrx_word' id='word_1_68' title='bbox 1247 1013 1351 1051; x_wconf 91' lang='lat' dir='ltr'><strong>uno</strong></span> <span class='ocrx_word' id='word_1_69' title='bbox 1373 997 1558 1053; x_wconf 89' lang='lat' dir='ltr'><strong>dicens</strong></span> <span class='ocrx_word' id='word_1_70' title='bbox 1581 1014 1594 1050; x_wconf 89' lang='lat'><strong>:</strong></span> <span class='ocrx_word' id='word_1_71' title='bbox 1625 994 1689 1049; x_wconf 88' lang='lat' dir='ltr'><strong>Et</strong></span> <span class='ocrx_word' id='word_1_72' title='bbox 1713 996 1785 1049; x_wconf 84' lang='lat' dir='ltr'><strong>vi-</strong></span> 
     </span>
    </p>
   </div>
   <div class='ocr_carea' id='block_1_11' title="bbox 206 1086 1784 1165">
    <p class='ocr_par' dir='ltr' id='par_1_11' title="bbox 206 1086 1784 1165">
     <span class='ocr_line' id='line_1_11' title="bbox 206 1086 1784 1165; baseline -0.006 -16"><span class='ocrx_word' id='word_1_73' title='bbox 206 1098 279 1149; x_wconf 85' lang='lat' dir='ltr'><strong>dit</strong></span> <span class='ocrx_word' id='word_1_74' title='bbox 332 1095 469 1149; x_wconf 86' lang='lat' dir='ltr'><strong>Deus</strong></span> <span class='ocrx_word' id='word_1_75' title='bbox 515 1095 685 1149; x_wconf 80' lang='lat' dir='ltr'><strong>omnia</strong></span> <span class='ocrx_word' id='word_1_76' title='bbox 730 1108 1053 1165; x_wconf 68' lang='lat' dir='ltr'><strong>quaecumque</strong></span> <span class='ocrx_word' id='word_1_77' title='bbox 1080 1091 1230 1159; x_wconf 80' lang='lat' dir='ltr'><strong>fecit,</strong></span> <span class='ocrx_word' id='word_1_78' title='bbox 1271 1089 1499 1159; x_wconf 76' lang='lat' dir='ltr'><strong>linguam</strong></span> <span class='ocrx_word' id='word_1_79' title='bbox 1548 1086 1784 1142; x_wconf 90' lang='lat' dir='ltr'><strong>omnium</strong></span> 
     </span>
    </p>
   </div>
   <div class='ocr_carea' id='block_1_12' title="bbox 210 1178 1788 1257">
    <p class='ocr_par' dir='ltr' id='par_1_12' title="bbox 210 1178 1788 1257">
     <span class='ocr_line' id='line_1_12' title="bbox 210 1178 1788 1257; baseline -0.005 -16"><span class='ocrx_word' id='word_1_80' title='bbox 210 1196 393 1257; x_wconf 89' lang='lat' dir='ltr'><strong>postea</strong></span> <span class='ocrx_word' id='word_1_81' title='bbox 425 1184 790 1242; x_wconf 89' lang='lat' dir='ltr'><strong>contradicere</strong></span> <span class='ocrx_word' id='word_1_82' title='bbox 814 1184 1117 1239; x_wconf 79' lang='lat' dir='ltr'><strong>conantium</strong></span> <span class='ocrx_word' id='word_1_83' title='bbox 1162 1180 1508 1250; x_wconf 88' lang='lat' dir='ltr'><strong>compescuit.</strong></span> <span class='ocrx_word' id='word_1_84' title='bbox 1556 1178 1623 1235; x_wconf 84' lang='lat' dir='ltr'><strong>Et</strong></span> <span class='ocrx_word' id='word_1_85' title='bbox 1666 1178 1788 1233; x_wconf 84' lang='lat' dir='ltr'><strong>vidit</strong></span> 
     </span>
    </p>
   </div>
   <div class='ocr_carea' id='block_1_13' title="bbox 208 1270 1790 1346">
    <p class='ocr_par' dir='ltr' id='par_1_13' title="bbox 208 1270 1790 1346">
     <span class='ocr_line' id='line_1_13' title="bbox 208 1270 1790 1346; baseline -0.003 -17"><span class='ocrx_word' id='word_1_86' title='bbox 208 1278 346 1331; x_wconf 97' lang='lat' dir='ltr'><strong>Deus</strong></span> <span class='ocrx_word' id='word_1_87' title='bbox 372 1320 386 1343; x_wconf 94' lang='lat'><strong>,</strong></span> <span class='ocrx_word' id='word_1_88' title='bbox 424 1277 625 1346; x_wconf 86' lang='lat' dir='ltr'><strong>inquit,</strong></span> <span class='ocrx_word' id='word_1_89' title='bbox 668 1276 837 1329; x_wconf 89' lang='lat' dir='ltr'><strong>onmia</strong></span> <span class='ocrx_word' id='word_1_90' title='bbox 864 1290 1187 1344; x_wconf 70' lang='lat' dir='ltr'><strong>qua’cumque</strong></span> <span class='ocrx_word' id='word_1_91' title='bbox 1214 1273 1329 1341; x_wconf 76' lang='lat' dir='ltr'><strong>fecit</strong></span> <span class='ocrx_word' id='word_1_92' title='bbox 1349 1313 1365 1338; x_wconf 90' lang='lat'><strong>,</strong></span> <span class='ocrx_word' id='word_1_93' title='bbox 1407 1281 1452 1324; x_wconf 86' lang='lat' dir='ltr'><strong>et</strong></span> <span class='ocrx_word' id='word_1_94' title='bbox 1476 1279 1617 1324; x_wconf 85' lang='lat' dir='ltr'><strong>erant</strong></span> <span class='ocrx_word' id='word_1_95' title='bbox 1642 1270 1790 1325; x_wconf 80' lang='lat' dir='ltr'><strong><em>valde</em></strong></span> 
     </span>
    </p>
   </div>
   <div class='ocr_carea' id='block_1_14' title="bbox 207 1362 1788 1436">
    <p class='ocr_par' dir='ltr' id='par_1_14' title="bbox 207 1362 1788 1436">
     <span class='ocr_line' id='line_1_14' title="bbox 207 1362 1788 1436; baseline -0.003 -16"><span class='ocrx_word' id='word_1_96' title='bbox 207 1369 355 1420; x_wconf 87' lang='lat' dir='ltr'><strong>bona.</strong></span> <span class='ocrx_word' id='word_1_97' title='bbox 408 1367 469 1419; x_wconf 87' lang='lat' dir='ltr'><strong>Et</strong></span> <span class='ocrx_word' id='word_1_98' title='bbox 503 1367 641 1435; x_wconf 65' lang='lat' dir='ltr'><strong>facta</strong></span> <span class='ocrx_word' id='word_1_99' title='bbox 676 1377 745 1420; x_wconf 90' lang='lat' dir='ltr'><strong>est</strong></span> <span class='ocrx_word' id='word_1_100' title='bbox 774 1383 1007 1436; x_wconf 82' lang='lat' dir='ltr'><strong>vespera,</strong></span> <span class='ocrx_word' id='word_1_101' title='bbox 1056 1375 1102 1419; x_wconf 88' lang='lat' dir='ltr'><strong>et</strong></span> <span class='ocrx_word' id='word_1_102' title='bbox 1134 1367 1323 1436; x_wconf 79' lang='lat' dir='ltr'><strong>factum</strong></span> <span class='ocrx_word' id='word_1_103' title='bbox 1350 1372 1424 1416; x_wconf 89' lang='lat' dir='ltr'><strong>est</strong></span> <span class='ocrx_word' id='word_1_104' title='bbox 1462 1379 1608 1415; x_wconf 85' lang='lat' dir='ltr'><strong>mane</strong></span> <span class='ocrx_word' id='word_1_105' title='bbox 1630 1403 1645 1429; x_wconf 93' lang='lat'><strong>,</strong></span> <span class='ocrx_word' id='word_1_106' title='bbox 1681 1362 1788 1415; x_wconf 88' lang='lat' dir='ltr'><strong>dies</strong></span> 
     </span>
    </p>
   </div>
   <div class='ocr_carea' id='block_1_15' title="bbox 207 1454 1784 1526">
    <p class='ocr_par' dir='ltr' id='par_1_15' title="bbox 207 1454 1784 1526">
     <span class='ocr_line' id='line_1_15' title="bbox 207 1454 1784 1526; baseline -0.003 -17"><span class='ocrx_word' id='word_1_107' title='bbox 207 1468 394 1511; x_wconf 72' lang='lat' dir='ltr'><strong>sertas.</strong></span> <span class='ocrx_word' id='word_1_108' title='bbox 420 1459 678 1525; x_wconf 81' lang='lat' dir='ltr'><strong>Quoniam</strong></span> <span class='ocrx_word' id='word_1_109' title='bbox 702 1458 844 1513; x_wconf 91' lang='lat' dir='ltr'><strong>enim</strong></span> <span class='ocrx_word' id='word_1_110' title='bbox 869 1457 936 1512; x_wconf 90' lang='lat' dir='ltr'><strong>de</strong></span> <span class='ocrx_word' id='word_1_111' title='bbox 957 1472 1268 1526; x_wconf 90' lang='lat' dir='ltr'><strong>unaquaque</strong></span> <span class='ocrx_word' id='word_1_112' title='bbox 1290 1462 1532 1510; x_wconf 79' lang='lat' dir='ltr'><strong>creatura</strong></span> <span class='ocrx_word' id='word_1_113' title='bbox 1554 1454 1784 1519; x_wconf 75' lang='lat' dir='ltr'><strong>dicebat,</strong></span> 
     </span>
    </p>
   </div>
   <div class='ocr_carea' id='block_1_16' title="bbox 209 1545 1788 1621">
    <p class='ocr_par' dir='ltr' id='par_1_16' title="bbox 209 1545 1788 1621">
     <span class='ocr_line' id='line_1_16' title="bbox 209 1545 1788 1621; baseline -0.002 -18"><span class='ocrx_word' id='word_1_114' title='bbox 209 1548 275 1603; x_wconf 77' lang='lat' dir='ltr'><strong>Et</strong></span> <span class='ocrx_word' id='word_1_115' title='bbox 302 1550 425 1604; x_wconf 83' lang='lat' dir='ltr'><strong>vidit</strong></span> <span class='ocrx_word' id='word_1_116' title='bbox 465 1550 604 1604; x_wconf 90' lang='lat' dir='ltr'><strong>Deus</strong></span> <span class='ocrx_word' id='word_1_117' title='bbox 630 1551 763 1621; x_wconf 87' lang='lat' dir='ltr'><strong>quod</strong></span> <span class='ocrx_word' id='word_1_118' title='bbox 790 1560 914 1605; x_wconf 89' lang='lat' dir='ltr'><strong>esset</strong></span> <span class='ocrx_word' id='word_1_119' title='bbox 942 1553 1123 1603; x_wconf 83' lang='lat' dir='ltr'><strong>bonum</strong></span> <span class='ocrx_word' id='word_1_120' title='bbox 1148 1564 1169 1603; x_wconf 87' lang='lat'><strong>:</strong></span> <span class='ocrx_word' id='word_1_121' title='bbox 1196 1561 1334 1602; x_wconf 90' lang='lat' dir='ltr'><strong>nunc</strong></span> <span class='ocrx_word' id='word_1_122' title='bbox 1374 1546 1585 1616; x_wconf 78' lang='lat' dir='ltr'><strong>quando</strong></span> <span class='ocrx_word' id='word_1_123' title='bbox 1610 1545 1788 1600; x_wconf 84' lang='lat' dir='ltr'><strong>omnia</strong></span> 
     </span>
    </p>
   </div>
   <div class='ocr_carea' id='block_1_17' title="bbox 205 1639 1785 1710">
    <p class='ocr_par' dir='ltr' id='par_1_17' title="bbox 205 1639 1785 1710">
     <span class='ocr_line' id='line_1_17' title="bbox 205 1639 1785 1710; baseline -0.004 -15"><span class='ocrx_word' id='word_1_124' title='bbox 205 1643 470 1710; x_wconf 82' lang='lat' dir='ltr'><strong>completa</strong></span> <span class='ocrx_word' id='word_1_125' title='bbox 493 1654 645 1705; x_wconf 88' lang='lat' dir='ltr'><strong>sunt,</strong></span> <span class='ocrx_word' id='word_1_126' title='bbox 674 1652 728 1698; x_wconf 89' lang='lat' dir='ltr'><strong>et</strong></span> <span class='ocrx_word' id='word_1_127' title='bbox 750 1642 853 1697; x_wconf 91' lang='lat' dir='ltr'><strong>diei</strong></span> <span class='ocrx_word' id='word_1_128' title='bbox 882 1642 1014 1696; x_wconf 80' lang='lat' dir='ltr'><strong>sexti</strong></span> <span class='ocrx_word' id='word_1_129' title='bbox 1040 1656 1202 1710; x_wconf 84' lang='lat' dir='ltr'><strong>opera</strong></span> <span class='ocrx_word' id='word_1_130' title='bbox 1239 1639 1397 1694; x_wconf 75' lang='lat' dir='ltr'><strong>linem</strong></span> <span class='ocrx_word' id='word_1_131' title='bbox 1425 1646 1747 1707; x_wconf 87' lang='lat' dir='ltr'><strong>acceperunt</strong></span> <span class='ocrx_word' id='word_1_132' title='bbox 1770 1678 1785 1702; x_wconf 91' lang='lat'><strong>,</strong></span> 
     </span>
    </p>
   </div>
   <div class='ocr_carea' id='block_1_18' title="bbox 207 1729 1789 1805">
    <p class='ocr_par' dir='ltr' id='par_1_18' title="bbox 207 1729 1789 1805">
     <span class='ocr_line' id='line_1_18' title="bbox 207 1729 1789 1805; baseline -0.002 -20"><span class='ocrx_word' id='word_1_133' title='bbox 207 1732 663 1805; x_wconf 19' lang='lat' dir='ltr'><strong>etquicreaturis‘</strong></span> <span class='ocrx_word' id='word_1_134' title='bbox 697 1734 943 1787; x_wconf 91' lang='lat' dir='ltr'><strong>omnibus</strong></span> <span class='ocrx_word' id='word_1_135' title='bbox 996 1732 1251 1786; x_wconf 80' lang='lat' dir='ltr'><strong>fruiturus</strong></span> <span class='ocrx_word' id='word_1_136' title='bbox 1303 1740 1452 1797; x_wconf 91' lang='lat' dir='ltr'><strong>erat,</strong></span> <span class='ocrx_word' id='word_1_137' title='bbox 1498 1729 1789 1799; x_wconf 89' lang='lat' dir='ltr'><strong>productus</strong></span> 
     </span>
    </p>
   </div>
   <div class='ocr_carea' id='block_1_19' title="bbox 208 1820 1788 1894">
    <p class='ocr_par' dir='ltr' id='par_1_19' title="bbox 208 1820 1788 1894">
     <span class='ocr_line' id='line_1_19' title="bbox 208 1820 1788 1894; baseline -0.002 -19"><span class='ocrx_word' id='word_1_138' title='bbox 208 1833 291 1877; x_wconf 90' lang='lat' dir='ltr'><strong>est</strong></span> <span class='ocrx_word' id='word_1_139' title='bbox 316 1864 331 1888; x_wconf 91' lang='lat'><strong>,</strong></span> <span class='ocrx_word' id='word_1_140' title='bbox 364 1824 574 1892; x_wconf 83' lang='lat' dir='ltr'><strong>inquit:</strong></span> <span class='ocrx_word' id='word_1_141' title='bbox 612 1823 674 1877; x_wconf 88' lang='lat' dir='ltr'><strong>Et</strong></span> <span class='ocrx_word' id='word_1_142' title='bbox 703 1825 824 1881; x_wconf 80' lang='lat' dir='ltr'><strong>vidit</strong></span> <span class='ocrx_word' id='word_1_143' title='bbox 846 1824 982 1881; x_wconf 85' lang='lat' dir='ltr'><strong>Deus</strong></span> <span class='ocrx_word' id='word_1_144' title='bbox 1007 1824 1175 1877; x_wconf 87' lang='lat' dir='ltr'><strong>omnia</strong></span> <span class='ocrx_word' id='word_1_145' title='bbox 1192 1838 1519 1894; x_wconf 72' lang='lat' dir='ltr'><strong>qua’cumque</strong></span> <span class='ocrx_word' id='word_1_146' title='bbox 1546 1820 1663 1889; x_wconf 78' lang='lat' dir='ltr'><strong>fecit</strong></span> <span class='ocrx_word' id='word_1_147' title='bbox 1686 1861 1701 1887; x_wconf 93' lang='lat'><strong>,</strong></span> <span class='ocrx_word' id='word_1_148' title='bbox 1742 1828 1788 1873; x_wconf 86' lang='lat' dir='ltr'><strong>et</strong></span> 
     </span>
    </p>
   </div>
   <div class='ocr_carea' id='block_1_20' title="bbox 208 1914 1788 1985">
    <p class='ocr_par' dir='ltr' id='par_1_20' title="bbox 208 1914 1788 1985">
     <span class='ocr_line' id='line_1_20' title="bbox 208 1914 1788 1985; baseline 0.001 -21"><span class='ocrx_word' id='word_1_149' title='bbox 208 1930 319 1967; x_wconf 80' lang='lat' dir='ltr'><strong>erce</strong></span> <span class='ocrx_word' id='word_1_150' title='bbox 343 1914 489 1967; x_wconf 83' lang='lat' dir='ltr'><strong>valde</strong></span> <span class='ocrx_word' id='word_1_151' title='bbox 516 1915 663 1968; x_wconf 88' lang='lat' dir='ltr'><strong>bona.</strong></span> <span class='ocrx_word' id='word_1_152' title='bbox 692 1916 980 1971; x_wconf 81' lang='lat' dir='ltr'><strong>Considera</strong></span> <span class='ocrx_word' id='word_1_153' title='bbox 1008 1914 1274 1985; x_wconf 89' lang='lat' dir='ltr'><strong>quomodo</strong></span> <span class='ocrx_word' id='word_1_154' title='bbox 1302 1920 1575 1968; x_wconf 86' lang='lat' dir='ltr'><strong>creaturas</strong></span> <span class='ocrx_word' id='word_1_155' title='bbox 1600 1926 1788 1965; x_wconf 89' lang='lat' dir='ltr'><strong>omnes</strong></span> 
     </span>
    </p>
   </div>
   <div class='ocr_carea' id='block_1_21' title="bbox 209 2003 1787 2077">
    <p class='ocr_par' dir='ltr' id='par_1_21' title="bbox 209 2003 1787 2077">
     <span class='ocr_line' id='line_1_21' title="bbox 209 2003 1787 2077; baseline 0.001 -22"><span class='ocrx_word' id='word_1_156' title='bbox 209 2004 309 2058; x_wconf 86' lang='lat' dir='ltr'><strong>hoc</strong></span> <span class='ocrx_word' id='word_1_157' title='bbox 347 2007 532 2074; x_wconf 87' lang='lat' dir='ltr'><strong>verbo,</strong></span> <span class='ocrx_word' id='word_1_158' title='bbox 561 2007 779 2074; x_wconf 82' lang='lat' dir='ltr'><strong>Omnia,</strong></span> <span class='ocrx_word' id='word_1_159' title='bbox 828 2009 982 2062; x_wconf 63' lang='lat' dir='ltr'><strong>simul</strong></span> <span class='ocrx_word' id='word_1_160' title='bbox 1019 2008 1364 2077; x_wconf 81' lang='lat' dir='ltr'><strong>complexus,</strong></span> <span class='ocrx_word' id='word_1_161' title='bbox 1404 2019 1590 2058; x_wconf 90' lang='lat' dir='ltr'><strong>omnes</strong></span> <span class='ocrx_word' id='word_1_162' title='bbox 1633 2003 1787 2056; x_wconf 89' lang='lat' dir='ltr'><strong>simul</strong></span> 
     </span>
    </p>
   </div>
   <div class='ocr_carea' id='block_1_22' title="bbox 207 2094 1786 2169">
    <p class='ocr_par' dir='ltr' id='par_1_22' title="bbox 207 2094 1786 2169">
     <span class='ocr_line' id='line_1_22' title="bbox 207 2094 1786 2169; baseline -0.001 -22"><span class='ocrx_word' id='word_1_163' title='bbox 207 2095 362 2151; x_wconf 88' lang='lat' dir='ltr'><strong>laude</strong></span> <span class='ocrx_word' id='word_1_164' title='bbox 388 2109 742 2168; x_wconf 88' lang='lat' dir='ltr'><strong>proscquutus</strong></span> <span class='ocrx_word' id='word_1_165' title='bbox 768 2107 868 2155; x_wconf 88' lang='lat' dir='ltr'><strong>est.</strong></span> <span class='ocrx_word' id='word_1_166' title='bbox 901 2099 1080 2169; x_wconf 81' lang='lat' dir='ltr'><strong>Neque</strong></span> <span class='ocrx_word' id='word_1_167' title='bbox 1108 2097 1248 2152; x_wconf 89' lang='lat' dir='ltr'><strong>enim</strong></span> <span class='ocrx_word' id='word_1_168' title='bbox 1278 2106 1333 2150; x_wconf 90' lang='lat' dir='ltr'><strong>ut</strong></span> <span class='ocrx_word' id='word_1_169' title='bbox 1358 2095 1527 2158; x_wconf 76' lang='lat' dir='ltr'><strong>dixit,</strong></span> <span class='ocrx_word' id='word_1_170' title='bbox 1564 2094 1748 2148; x_wconf 82' lang='lat' dir='ltr'><strong>Omnia</strong></span> <span class='ocrx_word' id='word_1_171' title='bbox 1771 2136 1786 2159; x_wconf 91' lang='lat'><strong>,</strong></span> 
     </span>
    </p>
   </div>
   <div class='ocr_carea' id='block_1_23' title="bbox 206 2185 1792 2255">
    <p class='ocr_par' dir='ltr' id='par_1_23' title="bbox 206 2185 1792 2255">
     <span class='ocr_line' id='line_1_23' title="bbox 206 2185 1792 2255; baseline 0 -16"><span class='ocrx_word' id='word_1_172' title='bbox 206 2185 498 2243; x_wconf 83' lang='lat' dir='ltr'><strong>Contentus</strong></span> <span class='ocrx_word' id='word_1_173' title='bbox 540 2189 636 2243; x_wconf 87' lang='lat' dir='ltr'><strong>fuit</strong></span> <span class='ocrx_word' id='word_1_174' title='bbox 674 2206 739 2244; x_wconf 88' lang='lat' dir='ltr'><strong>eo</strong></span> <span class='ocrx_word' id='word_1_175' title='bbox 783 2190 983 2255; x_wconf 89' lang='lat' dir='ltr'><strong>verbo,</strong></span> <span class='ocrx_word' id='word_1_176' title='bbox 1024 2189 1117 2244; x_wconf 88' lang='lat' dir='ltr'><strong>sed</strong></span> <span class='ocrx_word' id='word_1_177' title='bbox 1150 2187 1417 2254; x_wconf 88' lang='lat' dir='ltr'><strong>subdidit,</strong></span> <span class='ocrx_word' id='word_1_178' title='bbox 1454 2186 1792 2255; x_wconf 65' lang='lat' dir='ltr'><strong>Quacumque</strong></span> 
     </span>
    </p>
   </div>
   <div class='ocr_carea' id='block_1_24' title="bbox 210 2276 1786 2349">
    <p class='ocr_par' dir='ltr' id='par_1_24' title="bbox 210 2276 1786 2349">
     <span class='ocr_line' id='line_1_24' title="bbox 210 2276 1786 2349; baseline 0.001 -22"><span class='ocrx_word' id='word_1_179' title='bbox 210 2278 325 2347; x_wconf 75' lang='lat' dir='ltr'><strong>fecit</strong></span> <span class='ocrx_word' id='word_1_180' title='bbox 354 2294 373 2329; x_wconf 86' lang='lat'><strong>:</strong></span> <span class='ocrx_word' id='word_1_181' title='bbox 399 2289 453 2332; x_wconf 91' lang='lat' dir='ltr'><strong>et</strong></span> <span class='ocrx_word' id='word_1_182' title='bbox 480 2295 649 2349; x_wconf 88' lang='lat' dir='ltr'><strong>neque</strong></span> <span class='ocrx_word' id='word_1_183' title='bbox 679 2279 793 2334; x_wconf 78' lang='lat' dir='ltr'><strong>lucc</strong></span> <span class='ocrx_word' id='word_1_184' title='bbox 832 2288 1033 2334; x_wconf 87' lang='lat' dir='ltr'><strong>tantum</strong></span> <span class='ocrx_word' id='word_1_185' title='bbox 1061 2278 1225 2343; x_wconf 77' lang='lat' dir='ltr'><strong>dixit,</strong></span> <span class='ocrx_word' id='word_1_186' title='bbox 1267 2277 1363 2332; x_wconf 89' lang='lat' dir='ltr'><strong>sed</strong></span> <span class='ocrx_word' id='word_1_187' title='bbox 1394 2276 1460 2330; x_wconf 86' lang='lat' dir='ltr'><strong>Et</strong></span> <span class='ocrx_word' id='word_1_188' title='bbox 1489 2293 1599 2331; x_wconf 87' lang='lat' dir='ltr'><strong>ecce</strong></span> <span class='ocrx_word' id='word_1_189' title='bbox 1623 2277 1751 2329; x_wconf 92' lang='lat' dir='ltr'><strong>bona</strong></span> <span class='ocrx_word' id='word_1_190' title='bbox 1770 2317 1786 2342; x_wconf 92' lang='lat'><strong>,</strong></span> 
     </span>
    </p>
   </div>
   <div class='ocr_carea' id='block_1_25' title="bbox 208 2367 1788 2439">
    <p class='ocr_par' dir='ltr' id='par_1_25' title="bbox 208 2367 1788 2439">
     <span class='ocr_line' id='line_1_25' title="bbox 208 2367 1788 2439; baseline -0.001 -17"><span class='ocrx_word' id='word_1_191' title='bbox 208 2381 265 2423; x_wconf 87' lang='lat' dir='ltr'><strong>et</strong></span> <span class='ocrx_word' id='word_1_192' title='bbox 299 2369 459 2425; x_wconf 84' lang='lat' dir='ltr'><strong>Valde</strong></span> <span class='ocrx_word' id='word_1_193' title='bbox 483 2370 612 2425; x_wconf 87' lang='lat' dir='ltr'><strong>bona</strong></span> <span class='ocrx_word' id='word_1_194' title='bbox 631 2414 645 2439; x_wconf 94' lang='lat'><strong>,</strong></span> <span class='ocrx_word' id='word_1_195' title='bbox 693 2371 794 2427; x_wconf 92' lang='lat' dir='ltr'><strong>hoc</strong></span> <span class='ocrx_word' id='word_1_196' title='bbox 821 2382 942 2438; x_wconf 86' lang='lat' dir='ltr'><strong>est,</strong></span> <span class='ocrx_word' id='word_1_197' title='bbox 986 2371 1270 2425; x_wconf 87' lang='lat' dir='ltr'><strong>admodum</strong></span> <span class='ocrx_word' id='word_1_198' title='bbox 1294 2370 1454 2425; x_wconf 87' lang='lat' dir='ltr'><strong>bona.</strong></span> <span class='ocrx_word' id='word_1_199' title='bbox 1485 2367 1645 2439; x_wconf 79' lang='lat' dir='ltr'><strong>igitur</strong></span> <span class='ocrx_word' id='word_1_200' title='bbox 1668 2382 1788 2421; x_wconf 89' lang='lat' dir='ltr'><strong>cum</strong></span> 
     </span>
    </p>
   </div>
   <div class='ocr_carea' id='block_1_26' title="bbox 212 2460 1790 2535">
    <p class='ocr_par' dir='ltr' id='par_1_26' title="bbox 212 2460 1790 2535">
     <span class='ocr_line' id='line_1_26' title="bbox 212 2460 1790 2535; baseline -0.003 -18"><span class='ocrx_word' id='word_1_201' title='bbox 212 2464 468 2518; x_wconf 86' lang='lat' dir='ltr'><strong>Dominus</strong></span> <span class='ocrx_word' id='word_1_202' title='bbox 491 2506 506 2531; x_wconf 90' lang='lat'><strong>,</strong></span> <span class='ocrx_word' id='word_1_203' title='bbox 535 2466 623 2535; x_wconf 91' lang='lat' dir='ltr'><strong>qui</strong></span> <span class='ocrx_word' id='word_1_204' title='bbox 656 2481 743 2521; x_wconf 89' lang='lat' dir='ltr'><strong>res</strong></span> <span class='ocrx_word' id='word_1_205' title='bbox 777 2481 842 2521; x_wconf 82' lang='lat' dir='ltr'><strong>ex</strong></span> <span class='ocrx_word' id='word_1_206' title='bbox 873 2465 1040 2520; x_wconf 87' lang='lat' dir='ltr'><strong>nihilo</strong></span> <span class='ocrx_word' id='word_1_207' title='bbox 1072 2473 1126 2518; x_wconf 91' lang='lat' dir='ltr'><strong>ut</strong></span> <span class='ocrx_word' id='word_1_208' title='bbox 1152 2470 1332 2517; x_wconf 87' lang='lat' dir='ltr'><strong>essent</strong></span> <span class='ocrx_word' id='word_1_209' title='bbox 1370 2460 1656 2533; x_wconf 80' lang='lat' dir='ltr'><strong>produxit,</strong></span> <span class='ocrx_word' id='word_1_210' title='bbox 1699 2474 1790 2513; x_wconf 89' lang='lat' dir='ltr'><strong>eas</strong></span> 
     </span>
    </p>
   </div>
   <div class='ocr_carea' id='block_1_27' title="bbox 211 2553 1787 2624">
    <p class='ocr_par' dir='ltr' id='par_1_27' title="bbox 211 2553 1787 2624">
     <span class='ocr_line' id='line_1_27' title="bbox 211 2553 1787 2624; baseline 0.001 -19"><span class='ocrx_word' id='word_1_211' title='bbox 211 2556 364 2611; x_wconf 86' lang='lat' dir='ltr'><strong>valde</strong></span> <span class='ocrx_word' id='word_1_212' title='bbox 391 2556 556 2610; x_wconf 84' lang='lat' dir='ltr'><strong>bonas</strong></span> <span class='ocrx_word' id='word_1_213' title='bbox 579 2600 593 2622; x_wconf 92' lang='lat'><strong>,</strong></span> <span class='ocrx_word' id='word_1_214' title='bbox 639 2567 694 2613; x_wconf 87' lang='lat' dir='ltr'><strong>ct</strong></span> <span class='ocrx_word' id='word_1_215' title='bbox 720 2556 1005 2612; x_wconf 90' lang='lat' dir='ltr'><strong>admodum</strong></span> <span class='ocrx_word' id='word_1_216' title='bbox 1047 2556 1214 2611; x_wconf 91' lang='lat' dir='ltr'><strong>bonas</strong></span> <span class='ocrx_word' id='word_1_217' title='bbox 1243 2554 1402 2621; x_wconf 88' lang='lat' dir='ltr'><strong>dicit,</strong></span> <span class='ocrx_word' id='word_1_218' title='bbox 1435 2555 1553 2624; x_wconf 91' lang='lat' dir='ltr'><strong>quis</strong></span> <span class='ocrx_word' id='word_1_219' title='bbox 1581 2553 1787 2608; x_wconf 86' lang='lat' dir='ltr'><strong>etiamsi</strong></span> 
     </span>
    </p>
   </div>
   <div class='ocr_carea' id='block_1_28' title="bbox 210 2645 1789 2719">
    <p class='ocr_par' dir='ltr' id='par_1_28' title="bbox 210 2645 1789 2719">
     <span class='ocr_line' id='line_1_28' title="bbox 210 2645 1789 2719; baseline 0 -20"><span class='ocrx_word' id='word_1_220' title='bbox 210 2646 412 2702; x_wconf 73' lang='lat' dir='ltr'><strong>insonia</strong></span> <span class='ocrx_word' id='word_1_221' title='bbox 444 2650 511 2702; x_wconf 85' lang='lat' dir='ltr'><strong>sit</strong></span> <span class='ocrx_word' id='word_1_222' title='bbox 540 2649 744 2718; x_wconf 83' lang='lat' dir='ltr'><strong>plenus,</strong></span> <span class='ocrx_word' id='word_1_223' title='bbox 772 2650 855 2704; x_wconf 87' lang='lat' dir='ltr'><strong>vel</strong></span> <span class='ocrx_word' id='word_1_224' title='bbox 878 2664 938 2703; x_wconf 90' lang='lat' dir='ltr'><strong>os</strong></span> <span class='ocrx_word' id='word_1_225' title='bbox 964 2648 1194 2719; x_wconf 86' lang='lat' dir='ltr'><strong>aperire,</strong></span> <span class='ocrx_word' id='word_1_226' title='bbox 1223 2656 1277 2703; x_wconf 93' lang='lat' dir='ltr'><strong>et</strong></span> <span class='ocrx_word' id='word_1_227' title='bbox 1299 2645 1668 2702; x_wconf 82' lang='lat' dir='ltr'><strong>contradicere</strong></span> <span class='ocrx_word' id='word_1_228' title='bbox 1696 2645 1789 2699; x_wconf 90' lang='lat' dir='ltr'><strong>Dei</strong></span> 
     </span>
    </p>
   </div>
   <div class='ocr_carea' id='block_1_29' title="bbox 211 2737 1788 2809">
    <p class='ocr_par' dir='ltr' id='par_1_29' title="bbox 211 2737 1788 2809">
     <span class='ocr_line' id='line_1_29' title="bbox 211 2737 1788 2809; baseline 0.002 -22"><span class='ocrx_word' id='word_1_229' title='bbox 211 2738 388 2790; x_wconf 77' lang='lat' dir='ltr'><strong>verbis</strong></span> <span class='ocrx_word' id='word_1_230' title='bbox 436 2739 664 2793; x_wconf 74' lang='lat' dir='ltr'><strong>audeat?</strong></span> <span class='ocrx_word' id='word_1_231' title='bbox 692 2741 950 2809; x_wconf 82' lang='lat' dir='ltr'><strong>Quoniam</strong></span> <span class='ocrx_word' id='word_1_232' title='bbox 978 2740 1120 2795; x_wconf 87' lang='lat' dir='ltr'><strong>enim</strong></span> <span class='ocrx_word' id='word_1_233' title='bbox 1154 2741 1205 2793; x_wconf 89' lang='lat' dir='ltr'><strong>in</strong></span> <span class='ocrx_word' id='word_1_234' title='bbox 1232 2737 1531 2792; x_wconf 82' lang='lat' dir='ltr'><strong>visibilibus</strong></span> <span class='ocrx_word' id='word_1_235' title='bbox 1570 2751 1673 2790; x_wconf 89' lang='lat' dir='ltr'><strong>non</strong></span> <span class='ocrx_word' id='word_1_236' title='bbox 1699 2751 1788 2790; x_wconf 92' lang='lat' dir='ltr'><strong>so-</strong></span> 
     </span>
    </p>
   </div>
   <div class='ocr_carea' id='block_1_30' title="bbox 212 2827 1790 2897">
    <p class='ocr_par' dir='ltr' id='par_1_30' title="bbox 212 2827 1790 2897">
     <span class='ocr_line' id='line_1_30' title="bbox 212 2827 1790 2897; baseline 0.001 -17"><span class='ocrx_word' id='word_1_237' title='bbox 212 2827 319 2882; x_wconf 90' lang='lat' dir='ltr'><strong>lum</strong></span> <span class='ocrx_word' id='word_1_238' title='bbox 347 2830 435 2883; x_wconf 77' lang='lat' dir='ltr'><strong>lux</strong></span> <span class='ocrx_word' id='word_1_239' title='bbox 464 2843 638 2885; x_wconf 88' lang='lat' dir='ltr'><strong>creata</strong></span> <span class='ocrx_word' id='word_1_240' title='bbox 663 2842 745 2886; x_wconf 89' lang='lat' dir='ltr'><strong>est</strong></span> <span class='ocrx_word' id='word_1_241' title='bbox 766 2874 779 2897; x_wconf 90' lang='lat'><strong>,</strong></span> <span class='ocrx_word' id='word_1_242' title='bbox 805 2832 898 2887; x_wconf 88' lang='lat' dir='ltr'><strong>sed</strong></span> <span class='ocrx_word' id='word_1_243' title='bbox 929 2840 983 2887; x_wconf 88' lang='lat' dir='ltr'><strong>et</strong></span> <span class='ocrx_word' id='word_1_244' title='bbox 1011 2831 1242 2886; x_wconf 75' lang='lat' dir='ltr'><strong>tenebra:</strong></span> <span class='ocrx_word' id='word_1_245' title='bbox 1267 2829 1509 2885; x_wconf 63' lang='lat' dir='ltr'><strong>adversae</strong></span> <span class='ocrx_word' id='word_1_246' title='bbox 1553 2827 1692 2895; x_wconf 91' lang='lat' dir='ltr'><strong>luci,</strong></span> <span class='ocrx_word' id='word_1_247' title='bbox 1736 2836 1790 2882; x_wconf 90' lang='lat' dir='ltr'><strong>et</strong></span> 
     </span>
    </p>
   </div>
   <div class='ocr_carea' id='block_1_31' title="bbox 212 2922 1787 2991">
    <p class='ocr_par' dir='ltr' id='par_1_31' title="bbox 212 2922 1787 2991">
     <span class='ocr_line' id='line_1_31' title="bbox 212 2922 1787 2991; baseline 0.001 -18"><span class='ocrx_word' id='word_1_248' title='bbox 212 2936 318 2974; x_wconf 72' lang='lat' dir='ltr'><strong>non</strong></span> <span class='ocrx_word' id='word_1_249' title='bbox 351 2922 519 2977; x_wconf 83' lang='lat' dir='ltr'><strong>solum</strong></span> <span class='ocrx_word' id='word_1_250' title='bbox 551 2924 662 2980; x_wconf 90' lang='lat' dir='ltr'><strong>dies</strong></span> <span class='ocrx_word' id='word_1_251' title='bbox 686 2967 701 2991; x_wconf 94' lang='lat'><strong>,</strong></span> <span class='ocrx_word' id='word_1_252' title='bbox 734 2926 825 2979; x_wconf 90' lang='lat' dir='ltr'><strong>sed</strong></span> <span class='ocrx_word' id='word_1_253' title='bbox 850 2934 903 2980; x_wconf 90' lang='lat' dir='ltr'><strong>et</strong></span> <span class='ocrx_word' id='word_1_254' title='bbox 933 2940 1034 2978; x_wconf 79' lang='lat' dir='ltr'><strong>uox</strong></span> <span class='ocrx_word' id='word_1_255' title='bbox 1057 2924 1321 2979; x_wconf 87' lang='lat' dir='ltr'><strong>contraria</strong></span> <span class='ocrx_word' id='word_1_256' title='bbox 1352 2923 1453 2977; x_wconf 90' lang='lat' dir='ltr'><strong>diei</strong></span> <span class='ocrx_word' id='word_1_257' title='bbox 1479 2939 1494 2987; x_wconf 94' lang='lat'><strong>;</strong></span> <span class='ocrx_word' id='word_1_258' title='bbox 1535 2930 1589 2977; x_wconf 88' lang='lat' dir='ltr'><strong>et</strong></span> <span class='ocrx_word' id='word_1_259' title='bbox 1619 2922 1668 2975; x_wconf 90' lang='lat' dir='ltr'><strong>in</strong></span> <span class='ocrx_word' id='word_1_260' title='bbox 1700 2937 1787 2976; x_wconf 85' lang='lat' dir='ltr'><strong>se-</strong></span> 
     </span>
    </p>
   </div>
   <div class='ocr_carea' id='block_1_32' title="bbox 212 3013 1790 3084">
    <p class='ocr_par' dir='ltr' id='par_1_32' title="bbox 212 3013 1790 3084">
     <span class='ocr_line' id='line_1_32' title="bbox 212 3013 1790 3084; baseline 0.001 -19"><span class='ocrx_word' id='word_1_261' title='bbox 212 3013 443 3069; x_wconf 88' lang='lat' dir='ltr'><strong>minibus</strong></span> <span class='ocrx_word' id='word_1_262' title='bbox 464 3031 581 3084; x_wconf 78' lang='lat' dir='ltr'><strong>quae</strong></span> <span class='ocrx_word' id='word_1_263' title='bbox 622 3032 686 3071; x_wconf 78' lang='lat' dir='ltr'><strong>ex</strong></span> <span class='ocrx_word' id='word_1_264' title='bbox 710 3026 848 3071; x_wconf 88' lang='lat' dir='ltr'><strong>terra</strong></span> <span class='ocrx_word' id='word_1_265' title='bbox 873 3025 1198 3084; x_wconf 88' lang='lat' dir='ltr'><strong>nascuntur,</strong></span> <span class='ocrx_word' id='word_1_266' title='bbox 1243 3031 1348 3070; x_wconf 92' lang='lat' dir='ltr'><strong>non</strong></span> <span class='ocrx_word' id='word_1_267' title='bbox 1392 3015 1563 3069; x_wconf 91' lang='lat' dir='ltr'><strong>solum</strong></span> <span class='ocrx_word' id='word_1_268' title='bbox 1608 3014 1790 3068; x_wconf 81' lang='lat' dir='ltr'><strong>herba:</strong></span> 
     </span>
    </p>
   </div>
   <div class='ocr_carea' id='block_1_33' title="bbox 211 3103 1789 3176">
    <p class='ocr_par' dir='ltr' id='par_1_33' title="bbox 211 3103 1789 3176">
     <span class='ocr_line' id='line_1_33' title="bbox 211 3103 1789 3176; baseline 0.002 -21"><span class='ocrx_word' id='word_1_269' title='bbox 211 3104 390 3169; x_wconf 85' lang='lat' dir='ltr'><strong>utiles,</strong></span> <span class='ocrx_word' id='word_1_270' title='bbox 425 3105 516 3159; x_wconf 87' lang='lat' dir='ltr'><strong>sed</strong></span> <span class='ocrx_word' id='word_1_271' title='bbox 547 3116 601 3160; x_wconf 89' lang='lat' dir='ltr'><strong>et</strong></span> <span class='ocrx_word' id='word_1_272' title='bbox 646 3107 979 3176; x_wconf 53' lang='lat' dir='ltr'><strong>perniciosa,</strong></span> <span class='ocrx_word' id='word_1_273' title='bbox 1012 3116 1066 3162; x_wconf 91' lang='lat' dir='ltr'><strong>et</strong></span> <span class='ocrx_word' id='word_1_274' title='bbox 1095 3107 1313 3161; x_wconf 86' lang='lat' dir='ltr'><strong>arbores</strong></span> <span class='ocrx_word' id='word_1_275' title='bbox 1344 3121 1446 3160; x_wconf 92' lang='lat' dir='ltr'><strong>non</strong></span> <span class='ocrx_word' id='word_1_276' title='bbox 1475 3106 1646 3159; x_wconf 91' lang='lat' dir='ltr'><strong>solum</strong></span> <span class='ocrx_word' id='word_1_277' title='bbox 1676 3103 1789 3158; x_wconf 82' lang='lat' dir='ltr'><strong>fru-</strong></span> 
     </span>
    </p>
   </div>
   <div class='ocr_carea' id='block_1_34' title="bbox 212 3195 1789 3263">
    <p class='ocr_par' dir='ltr' id='par_1_34' title="bbox 212 3195 1789 3263">
     <span class='ocr_line' id='line_1_34' title="bbox 212 3195 1789 3263; baseline 0 -16"><span class='ocrx_word' id='word_1_278' title='bbox 212 3204 434 3261; x_wconf 70' lang='lat' dir='ltr'><strong>ctuosa&#39;,</strong></span> <span class='ocrx_word' id='word_1_279' title='bbox 479 3196 570 3251; x_wconf 88' lang='lat' dir='ltr'><strong>sed</strong></span> <span class='ocrx_word' id='word_1_280' title='bbox 612 3206 662 3251; x_wconf 89' lang='lat' dir='ltr'><strong>et</strong></span> <span class='ocrx_word' id='word_1_281' title='bbox 694 3196 1033 3252; x_wconf 71' lang='lat' dir='ltr'><strong>infructuosa:</strong></span> <span class='ocrx_word' id='word_1_282' title='bbox 1056 3240 1072 3263; x_wconf 90' lang='lat'><strong>,</strong></span> <span class='ocrx_word' id='word_1_283' title='bbox 1115 3206 1171 3253; x_wconf 90' lang='lat' dir='ltr'><strong>et</strong></span> <span class='ocrx_word' id='word_1_284' title='bbox 1209 3196 1454 3251; x_wconf 85' lang='lat' dir='ltr'><strong>animalia</strong></span> <span class='ocrx_word' id='word_1_285' title='bbox 1488 3211 1593 3250; x_wconf 91' lang='lat' dir='ltr'><strong>non</strong></span> <span class='ocrx_word' id='word_1_286' title='bbox 1618 3195 1789 3249; x_wconf 89' lang='lat' dir='ltr'><strong>solum</strong></span> 
     </span>
    </p>
   </div>
   <div class='ocr_carea' id='block_1_35' title="bbox 214 3286 1790 3361">
    <p class='ocr_par' dir='ltr' id='par_1_35' title="bbox 214 3286 1790 3361">
     <span class='ocr_line' id='line_1_35' title="bbox 214 3286 1790 3361; baseline 0 -21"><span class='ocrx_word' id='word_1_287' title='bbox 214 3298 485 3341; x_wconf 81' lang='lat' dir='ltr'><strong>mansueta</strong></span> <span class='ocrx_word' id='word_1_288' title='bbox 505 3329 522 3357; x_wconf 87' lang='lat'><strong>,</strong></span> <span class='ocrx_word' id='word_1_289' title='bbox 555 3289 648 3343; x_wconf 85' lang='lat' dir='ltr'><strong>sed</strong></span> <span class='ocrx_word' id='word_1_290' title='bbox 679 3298 732 3346; x_wconf 88' lang='lat' dir='ltr'><strong>et</strong></span> <span class='ocrx_word' id='word_1_291' title='bbox 777 3290 1052 3361; x_wconf 83' lang='lat' dir='ltr'><strong>sylvestria</strong></span> <span class='ocrx_word' id='word_1_292' title='bbox 1083 3298 1137 3345; x_wconf 89' lang='lat' dir='ltr'><strong>et</strong></span> <span class='ocrx_word' id='word_1_293' title='bbox 1164 3289 1495 3355; x_wconf 85' lang='lat' dir='ltr'><strong>truculenta;</strong></span> <span class='ocrx_word' id='word_1_294' title='bbox 1537 3296 1591 3342; x_wconf 91' lang='lat' dir='ltr'><strong>et</strong></span> <span class='ocrx_word' id='word_1_295' title='bbox 1643 3286 1692 3340; x_wconf 90' lang='lat' dir='ltr'><strong>in</strong></span> <span class='ocrx_word' id='word_1_296' title='bbox 1724 3287 1790 3340; x_wconf 90' lang='lat' dir='ltr'><strong>iis</strong></span> 
     </span>
    </p>
   </div>
   <div class='ocr_carea' id='block_1_36' title="bbox 211 3378 1792 3451">
    <p class='ocr_par' dir='ltr' id='par_1_36' title="bbox 211 3378 1792 3451">
     <span class='ocr_line' id='line_1_36' title="bbox 211 3378 1792 3451; baseline -0.001 -19"><span class='ocrx_word' id='word_1_297' title='bbox 211 3395 331 3446; x_wconf 74' lang='lat' dir='ltr'><strong>qum</strong></span> <span class='ocrx_word' id='word_1_298' title='bbox 370 3396 520 3450; x_wconf 77' lang='lat' dir='ltr'><strong>aqua:</strong></span> <span class='ocrx_word' id='word_1_299' title='bbox 561 3382 959 3451; x_wconf 77' lang='lat' dir='ltr'><strong>produxerunt,</strong></span> <span class='ocrx_word' id='word_1_300' title='bbox 1005 3397 1113 3437; x_wconf 86' lang='lat' dir='ltr'><strong>non</strong></span> <span class='ocrx_word' id='word_1_301' title='bbox 1152 3381 1323 3436; x_wconf 89' lang='lat' dir='ltr'><strong>solum</strong></span> <span class='ocrx_word' id='word_1_302' title='bbox 1361 3381 1568 3450; x_wconf 85' lang='lat' dir='ltr'><strong>pisces,</strong></span> <span class='ocrx_word' id='word_1_303' title='bbox 1615 3378 1707 3435; x_wconf 89' lang='lat' dir='ltr'><strong>sed</strong></span> <span class='ocrx_word' id='word_1_304' title='bbox 1739 3387 1792 3432; x_wconf 87' lang='lat' dir='ltr'><strong>et</strong></span> 
     </span>
    </p>
   </div>
   <div class='ocr_carea' id='block_1_37' title="bbox 213 3467 1790 3537">
    <p class='ocr_par' dir='ltr' id='par_1_37' title="bbox 213 3467 1790 3537">
     <span class='ocr_line' id='line_1_37' title="bbox 213 3467 1790 3537; baseline -0.001 -14"><span class='ocrx_word' id='word_1_305' title='bbox 213 3482 331 3527; x_wconf 79' lang='lat' dir='ltr'><strong>rete</strong></span> <span class='ocrx_word' id='word_1_306' title='bbox 383 3482 436 3525; x_wconf 90' lang='lat' dir='ltr'><strong>et</strong></span> <span class='ocrx_word' id='word_1_307' title='bbox 461 3473 577 3527; x_wconf 80' lang='lat' dir='ltr'><strong>alia:</strong></span> <span class='ocrx_word' id='word_1_308' title='bbox 606 3473 823 3528; x_wconf 75' lang='lat' dir='ltr'><strong>marium</strong></span> <span class='ocrx_word' id='word_1_309' title='bbox 853 3474 1079 3537; x_wconf 70' lang='lat' dir='ltr'><strong>bellum;</strong></span> <span class='ocrx_word' id='word_1_310' title='bbox 1110 3481 1165 3527; x_wconf 90' lang='lat' dir='ltr'><strong>et</strong></span> <span class='ocrx_word' id='word_1_311' title='bbox 1192 3480 1331 3527; x_wconf 90' lang='lat' dir='ltr'><strong>terra</strong></span> <span class='ocrx_word' id='word_1_312' title='bbox 1358 3486 1461 3525; x_wconf 85' lang='lat' dir='ltr'><strong>non</strong></span> <span class='ocrx_word' id='word_1_313' title='bbox 1489 3470 1659 3523; x_wconf 87' lang='lat' dir='ltr'><strong>solum</strong></span> <span class='ocrx_word' id='word_1_314' title='bbox 1691 3467 1790 3523; x_wconf 88' lang='lat' dir='ltr'><strong>ba-</strong></span> 
     </span>
    </p>
   </div>
   <div class='ocr_carea' id='block_1_38' title="bbox 214 3561 1791 3631">
    <p class='ocr_par' dir='ltr' id='par_1_38' title="bbox 214 3561 1791 3631">
     <span class='ocr_line' id='line_1_38' title="bbox 214 3561 1791 3631; baseline -0.001 -16"><span class='ocrx_word' id='word_1_315' title='bbox 214 3563 478 3629; x_wconf 85' lang='lat' dir='ltr'><strong>hitahilis,</strong></span> <span class='ocrx_word' id='word_1_316' title='bbox 532 3565 625 3619; x_wconf 87' lang='lat' dir='ltr'><strong>sed</strong></span> <span class='ocrx_word' id='word_1_317' title='bbox 666 3575 720 3620; x_wconf 89' lang='lat' dir='ltr'><strong>et</strong></span> <span class='ocrx_word' id='word_1_318' title='bbox 761 3566 1157 3630; x_wconf 88' lang='lat' dir='ltr'><strong>inhabitabilis;</strong></span> <span class='ocrx_word' id='word_1_319' title='bbox 1205 3574 1260 3619; x_wconf 91' lang='lat' dir='ltr'><strong>et</strong></span> <span class='ocrx_word' id='word_1_320' title='bbox 1296 3578 1402 3618; x_wconf 92' lang='lat' dir='ltr'><strong>non</strong></span> <span class='ocrx_word' id='word_1_321' title='bbox 1438 3561 1611 3617; x_wconf 90' lang='lat' dir='ltr'><strong>solum</strong></span> <span class='ocrx_word' id='word_1_322' title='bbox 1651 3561 1791 3631; x_wconf 89' lang='lat' dir='ltr'><strong>plani</strong></span> 
     </span>
    </p>
   </div>
   <div class='ocr_carea' id='block_1_39' title="bbox 213 3655 1789 3723">
    <p class='ocr_par' dir='ltr' id='par_1_39' title="bbox 213 3655 1789 3723">
     <span class='ocr_line' id='line_1_39' title="bbox 213 3655 1789 3723; baseline 0 -15"><span class='ocrx_word' id='word_1_323' title='bbox 213 3655 426 3723; x_wconf 88' lang='lat' dir='ltr'><strong>campi,</strong></span> <span class='ocrx_word' id='word_1_324' title='bbox 473 3656 565 3711; x_wconf 91' lang='lat' dir='ltr'><strong>sed</strong></span> <span class='ocrx_word' id='word_1_325' title='bbox 611 3658 770 3712; x_wconf 88' lang='lat' dir='ltr'><strong>etiam</strong></span> <span class='ocrx_word' id='word_1_326' title='bbox 803 3669 1008 3713; x_wconf 88' lang='lat' dir='ltr'><strong>montes</strong></span> <span class='ocrx_word' id='word_1_327' title='bbox 1054 3667 1107 3712; x_wconf 93' lang='lat' dir='ltr'><strong>et</strong></span> <span class='ocrx_word' id='word_1_328' title='bbox 1148 3657 1350 3721; x_wconf 88' lang='lat' dir='ltr'><strong>colles;</strong></span> <span class='ocrx_word' id='word_1_329' title='bbox 1382 3663 1435 3709; x_wconf 92' lang='lat' dir='ltr'><strong>et</strong></span> <span class='ocrx_word' id='word_1_330' title='bbox 1465 3656 1602 3710; x_wconf 89' lang='lat' dir='ltr'><strong>inter</strong></span> <span class='ocrx_word' id='word_1_331' title='bbox 1626 3668 1752 3708; x_wconf 86' lang='lat' dir='ltr'><strong>aves</strong></span> <span class='ocrx_word' id='word_1_332' title='bbox 1775 3693 1789 3721; x_wconf 87' lang='lat'><strong>,</strong></span> 
     </span>
    </p>
   </div>
   <div class='ocr_carea' id='block_1_40' title="bbox 216 3744 1788 3818">
    <p class='ocr_par' dir='ltr' id='par_1_40' title="bbox 216 3744 1788 3818">
     <span class='ocr_line' id='line_1_40' title="bbox 216 3744 1788 3818; baseline 0.002 -21"><span class='ocrx_word' id='word_1_333' title='bbox 216 3759 319 3798; x_wconf 92' lang='lat' dir='ltr'><strong>non</strong></span> <span class='ocrx_word' id='word_1_334' title='bbox 348 3746 516 3799; x_wconf 81' lang='lat' dir='ltr'><strong>Solum</strong></span> <span class='ocrx_word' id='word_1_335' title='bbox 544 3748 870 3817; x_wconf 70' lang='grc' dir='ltr'><strong>ὼηηθδιὶραι,</strong></span> <span class='ocrx_word' id='word_1_336' title='bbox 897 3761 950 3804; x_wconf 89' lang='lat' dir='ltr'><strong>et</strong></span> <span class='ocrx_word' id='word_1_337' title='bbox 974 3748 1039 3803; x_wconf 91' lang='lat' dir='ltr'><strong>ad</strong></span> <span class='ocrx_word' id='word_1_338' title='bbox 1064 3747 1237 3803; x_wconf 88' lang='lat' dir='ltr'><strong>cibum</strong></span> <span class='ocrx_word' id='word_1_339' title='bbox 1260 3755 1417 3818; x_wconf 62' lang='lat' dir='ltr'><strong>apta),</strong></span> <span class='ocrx_word' id='word_1_340' title='bbox 1450 3744 1540 3801; x_wconf 88' lang='lat' dir='ltr'><strong>sed</strong></span> <span class='ocrx_word' id='word_1_341' title='bbox 1567 3754 1619 3801; x_wconf 89' lang='lat' dir='ltr'><strong>et</strong></span> <span class='ocrx_word' id='word_1_342' title='bbox 1642 3744 1788 3815; x_wconf 55' lang='lat' dir='ltr'><strong>fere,</strong></span> 
     </span>
    </p>
   </div>
   <div class='ocr_carea' id='block_1_41' title="bbox 212 3837 1790 3907">
    <p class='ocr_par' dir='ltr' id='par_1_41' title="bbox 212 3837 1790 3907">
     <span class='ocr_line' id='line_1_41' title="bbox 212 3837 1790 3907; baseline 0.003 -20"><span class='ocrx_word' id='word_1_343' title='bbox 212 3845 263 3889; x_wconf 79' lang='lat' dir='ltr'><strong>et</strong></span> <span class='ocrx_word' id='word_1_344' title='bbox 295 3837 611 3904; x_wconf 75' lang='lat' dir='ltr'><strong>imuuuuhe,</strong></span> <span class='ocrx_word' id='word_1_345' title='bbox 664 3850 717 3895; x_wconf 86' lang='lat' dir='ltr'><strong>et</strong></span> <span class='ocrx_word' id='word_1_346' title='bbox 766 3840 949 3907; x_wconf 90' lang='lat' dir='ltr'><strong>milvi,</strong></span> <span class='ocrx_word' id='word_1_347' title='bbox 995 3850 1048 3894; x_wconf 93' lang='lat' dir='ltr'><strong>et</strong></span> <span class='ocrx_word' id='word_1_348' title='bbox 1069 3840 1335 3904; x_wconf 87' lang='lat' dir='ltr'><strong>vultures,</strong></span> <span class='ocrx_word' id='word_1_349' title='bbox 1383 3847 1438 3893; x_wconf 90' lang='lat' dir='ltr'><strong>et</strong></span> <span class='ocrx_word' id='word_1_350' title='bbox 1464 3838 1565 3892; x_wconf 86' lang='lat' dir='ltr'><strong>alia</strong></span> <span class='ocrx_word' id='word_1_351' title='bbox 1598 3837 1790 3892; x_wconf 86' lang='lat' dir='ltr'><strong>similia</strong></span> 
     </span>
    </p>
   </div>
   <div class='ocr_carea' id='block_1_42' title="bbox 213 3931 1789 4002">
    <p class='ocr_par' dir='ltr' id='par_1_42' title="bbox 213 3931 1789 4002">
     <span class='ocr_line' id='line_1_42' title="bbox 213 3931 1789 4002; baseline 0.004 -23"><span class='ocrx_word' id='word_1_352' title='bbox 213 3931 377 3981; x_wconf 90' lang='lat' dir='ltr'><strong>multa</strong></span> <span class='ocrx_word' id='word_1_353' title='bbox 402 3946 415 3991; x_wconf 86' lang='lat'><strong>;</strong></span> <span class='ocrx_word' id='word_1_354' title='bbox 447 3942 702 3997; x_wconf 72' lang='lat' dir='ltr'><strong>prmtcrea</strong></span> <span class='ocrx_word' id='word_1_355' title='bbox 733 3934 780 3985; x_wconf 92' lang='lat' dir='ltr'><strong>in</strong></span> <span class='ocrx_word' id='word_1_356' title='bbox 813 3932 876 3985; x_wconf 88' lang='lat' dir='ltr'><strong>iis</strong></span> <span class='ocrx_word' id='word_1_357' title='bbox 904 3948 1024 4002; x_wconf 63' lang='lat' dir='ltr'><strong>quas</strong></span> <span class='ocrx_word' id='word_1_358' title='bbox 1054 3942 1191 3987; x_wconf 90' lang='lat' dir='ltr'><strong>terra</strong></span> <span class='ocrx_word' id='word_1_359' title='bbox 1218 3932 1437 4001; x_wconf 82' lang='lat' dir='ltr'><strong>profert,</strong></span> <span class='ocrx_word' id='word_1_360' title='bbox 1462 3945 1566 3984; x_wconf 90' lang='lat' dir='ltr'><strong>non</strong></span> <span class='ocrx_word' id='word_1_361' title='bbox 1588 3938 1789 3985; x_wconf 88' lang='lat' dir='ltr'><strong>tantum</strong></span> 
     </span>
    </p>
   </div>
   <div class='ocr_carea' id='block_1_43' title="bbox 216 4023 1793 4090">
    <p class='ocr_par' dir='ltr' id='par_1_43' title="bbox 216 4023 1793 4090">
     <span class='ocr_line' id='line_1_43' title="bbox 216 4023 1793 4090; baseline 0.005 -20"><span class='ocrx_word' id='word_1_362' title='bbox 216 4028 490 4073; x_wconf 86' lang='lat' dir='ltr'><strong>mansueta</strong></span> <span class='ocrx_word' id='word_1_363' title='bbox 518 4031 569 4074; x_wconf 80' lang='lat' dir='ltr'><strong>et</strong></span> <span class='ocrx_word' id='word_1_364' title='bbox 600 4024 810 4075; x_wconf 81' lang='lat' dir='ltr'><strong>innoxia</strong></span> <span class='ocrx_word' id='word_1_365' title='bbox 838 4023 1084 4077; x_wconf 87' lang='lat' dir='ltr'><strong>animalia</strong></span> <span class='ocrx_word' id='word_1_366' title='bbox 1111 4064 1125 4087; x_wconf 94' lang='lat'><strong>,</strong></span> <span class='ocrx_word' id='word_1_367' title='bbox 1170 4023 1263 4077; x_wconf 89' lang='lat' dir='ltr'><strong>sed</strong></span> <span class='ocrx_word' id='word_1_368' title='bbox 1299 4033 1352 4077; x_wconf 91' lang='lat' dir='ltr'><strong>et</strong></span> <span class='ocrx_word' id='word_1_369' title='bbox 1377 4031 1653 4090; x_wconf 71' lang='lat' dir='ltr'><strong>serpentes</strong></span> <span class='ocrx_word' id='word_1_370' title='bbox 1675 4061 1691 4087; x_wconf 90' lang='lat'><strong>,</strong></span> <span class='ocrx_word' id='word_1_371' title='bbox 1738 4029 1793 4075; x_wconf 83' lang='lat' dir='ltr'><strong>ct</strong></span> 
     </span>
    </p>
   </div>
   <div class='ocr_carea' id='block_1_44' title="bbox 216 4111 1792 4185">
    <p class='ocr_par' dir='ltr' id='par_1_44' title="bbox 216 4111 1792 4185">
     <span class='ocr_line' id='line_1_44' title="bbox 216 4111 1792 4185; baseline 0.006 -25"><span class='ocrx_word' id='word_1_372' title='bbox 216 4111 430 4178; x_wconf 64' lang='grc' dir='ltr'><strong>νὶιιθνςι),</strong></span> <span class='ocrx_word' id='word_1_373' title='bbox 462 4121 516 4166; x_wconf 88' lang='lat' dir='ltr'><strong>ct</strong></span> <span class='ocrx_word' id='word_1_374' title='bbox 541 4112 830 4177; x_wconf 81' lang='lat' dir='ltr'><strong>dracones,</strong></span> <span class='ocrx_word' id='word_1_375' title='bbox 861 4124 915 4170; x_wconf 92' lang='lat' dir='ltr'><strong>et</strong></span> <span class='ocrx_word' id='word_1_376' title='bbox 944 4116 1158 4183; x_wconf 90' lang='lat' dir='ltr'><strong>leones,</strong></span> <span class='ocrx_word' id='word_1_377' title='bbox 1194 4123 1248 4170; x_wconf 92' lang='lat' dir='ltr'><strong>et</strong></span> <span class='ocrx_word' id='word_1_378' title='bbox 1277 4115 1424 4185; x_wconf 90' lang='lat' dir='ltr'><strong>pardi</strong></span> <span class='ocrx_word' id='word_1_379' title='bbox 1451 4132 1466 4179; x_wconf 91' lang='lat'><strong>;</strong></span> <span class='ocrx_word' id='word_1_380' title='bbox 1511 4115 1636 4169; x_wconf 88' lang='lat' dir='ltr'><strong>etin</strong></span> <span class='ocrx_word' id='word_1_381' title='bbox 1668 4130 1792 4169; x_wconf 90' lang='lat' dir='ltr'><strong>aere</strong></span> 
     </span>
    </p>
   </div>
   <div class='ocr_carea' id='block_1_45' title="bbox 216 4204 1792 4279">
    <p class='ocr_par' dir='ltr' id='par_1_45' title="bbox 216 4204 1792 4279">
     <span class='ocr_line' id='line_1_45' title="bbox 216 4204 1792 4279; baseline 0.005 -24"><span class='ocrx_word' id='word_1_382' title='bbox 216 4219 321 4256; x_wconf 91' lang='lat' dir='ltr'><strong>non</strong></span> <span class='ocrx_word' id='word_1_383' title='bbox 348 4204 516 4258; x_wconf 90' lang='lat' dir='ltr'><strong>solum</strong></span> <span class='ocrx_word' id='word_1_384' title='bbox 546 4206 735 4274; x_wconf 75' lang='lat' dir='ltr'><strong>pluviae</strong></span> <span class='ocrx_word' id='word_1_385' title='bbox 764 4218 812 4261; x_wconf 90' lang='lat' dir='ltr'><strong>et</strong></span> <span class='ocrx_word' id='word_1_386' title='bbox 846 4209 986 4262; x_wconf 83' lang='lat' dir='ltr'><strong>venti</strong></span> <span class='ocrx_word' id='word_1_387' title='bbox 1018 4209 1193 4275; x_wconf 85' lang='lat' dir='ltr'><strong>utiles,</strong></span> <span class='ocrx_word' id='word_1_388' title='bbox 1226 4209 1318 4263; x_wconf 90' lang='lat' dir='ltr'><strong>sed</strong></span> <span class='ocrx_word' id='word_1_389' title='bbox 1349 4217 1403 4262; x_wconf 90' lang='lat' dir='ltr'><strong>et</strong></span> <span class='ocrx_word' id='word_1_390' title='bbox 1427 4207 1709 4279; x_wconf 83' lang='lat' dir='ltr'><strong>grandines</strong></span> <span class='ocrx_word' id='word_1_391' title='bbox 1738 4217 1792 4263; x_wconf 92' lang='lat' dir='ltr'><strong>ct</strong></span> 
     </span>
    </p>
   </div>
   <div class='ocr_carea' id='block_1_46' title="bbox 217 4296 1791 4369">
    <p class='ocr_par' dir='ltr' id='par_1_46' title="bbox 217 4296 1791 4369">
     <span class='ocr_line' id='line_1_46' title="bbox 217 4296 1791 4369; baseline 0.006 -23"><span class='ocrx_word' id='word_1_392' title='bbox 217 4296 410 4358; x_wconf 83' lang='lat' dir='ltr'><strong>nives;</strong></span> <span class='ocrx_word' id='word_1_393' title='bbox 450 4306 503 4349; x_wconf 91' lang='lat' dir='ltr'><strong>ct</strong></span> <span class='ocrx_word' id='word_1_394' title='bbox 538 4298 581 4351; x_wconf 91' lang='lat' dir='ltr'><strong>si</strong></span> <span class='ocrx_word' id='word_1_395' title='bbox 613 4300 729 4365; x_wconf 85' lang='lat' dir='ltr'><strong>quis</strong></span> <span class='ocrx_word' id='word_1_396' title='bbox 755 4299 962 4369; x_wconf 86' lang='lat' dir='ltr'><strong>singula</strong></span> <span class='ocrx_word' id='word_1_397' title='bbox 991 4310 1312 4369; x_wconf 88' lang='lat' dir='ltr'><strong>pertractare</strong></span> <span class='ocrx_word' id='word_1_398' title='bbox 1335 4302 1496 4368; x_wconf 87' lang='lat' dir='ltr'><strong>velit,</strong></span> <span class='ocrx_word' id='word_1_399' title='bbox 1544 4302 1708 4355; x_wconf 87' lang='lat' dir='ltr'><strong>multa</strong></span> <span class='ocrx_word' id='word_1_400' title='bbox 1739 4302 1791 4355; x_wconf 91' lang='lat' dir='ltr'><strong>in</strong></span> 
     </span>
    </p>
   </div>
   <div class='ocr_carea' id='block_1_47' title="bbox 220 4379 1791 4464">
    <p class='ocr_par' dir='ltr' id='par_1_47' title="bbox 220 4379 1791 4464">
     <span class='ocr_line' id='line_1_47' title="bbox 220 4379 1791 4464; baseline 0.009 -30"><span class='ocrx_word' id='word_1_401' title='bbox 220 4399 532 4454; x_wconf 85' lang='lat' dir='ltr'><strong>unaquaque</strong></span> <span class='ocrx_word' id='word_1_402' title='bbox 554 4400 915 4445; x_wconf 85' lang='lat' dir='ltr'><strong>creaturarum</strong></span> <span class='ocrx_word' id='word_1_403' title='bbox 940 4392 1188 4460; x_wconf 78' lang='lat' dir='ltr'><strong>inveniet,</strong></span> <span class='ocrx_word' id='word_1_404' title='bbox 1216 4379 1333 4464; x_wconf 53' lang='lat' dir='ltr'><strong>quin</strong></span> <span class='ocrx_word' id='word_1_405' title='bbox 1361 4408 1466 4447; x_wconf 90' lang='lat' dir='ltr'><strong>non</strong></span> <span class='ocrx_word' id='word_1_406' title='bbox 1488 4393 1660 4448; x_wconf 87' lang='lat' dir='ltr'><strong>solum</strong></span> <span class='ocrx_word' id='word_1_407' title='bbox 1686 4410 1791 4448; x_wconf 91' lang='lat' dir='ltr'><strong>non</strong></span> 
     </span>
    </p>
   </div>
   <div class='ocr_carea' id='block_1_48' title="bbox 214 4477 1790 4543">
    <p class='ocr_par' dir='ltr' id='par_1_48' title="bbox 214 4477 1790 4543">
     <span class='ocr_line' id='line_1_48' title="bbox 214 4477 1790 4543; baseline 0.009 -16"><span class='ocrx_word' id='word_1_408' title='bbox 214 4477 362 4530; x_wconf 88' lang='lat' dir='ltr'><strong>utilia</strong></span> <span class='ocrx_word' id='word_1_409' title='bbox 387 4518 403 4543; x_wconf 93' lang='lat'><strong>,</strong></span> <span class='ocrx_word' id='word_1_410' title='bbox 444 4479 538 4533; x_wconf 89' lang='lat' dir='ltr'><strong>sed</strong></span> <span class='ocrx_word' id='word_1_411' title='bbox 568 4490 623 4535; x_wconf 89' lang='lat' dir='ltr'><strong>et</strong></span> <span class='ocrx_word' id='word_1_412' title='bbox 648 4482 900 4538; x_wconf 88' lang='lat' dir='ltr'><strong>damnosa</strong></span> <span class='ocrx_word' id='word_1_413' title='bbox 937 4485 1349 4542; x_wconf 59' lang='lat' dir='ltr'><strong>existimentur:</strong></span> <span class='ocrx_word' id='word_1_414' title='bbox 1390 4488 1509 4541; x_wconf 92' lang='lat' dir='ltr'><strong>ideo</strong></span> <span class='ocrx_word' id='word_1_415' title='bbox 1552 4498 1608 4541; x_wconf 91' lang='lat' dir='ltr'><strong>ut</strong></span> <span class='ocrx_word' id='word_1_416' title='bbox 1662 4487 1790 4541; x_wconf 90' lang='lat' dir='ltr'><strong>nulli</strong></span> 
     </span>
    </p>
   </div>
   <div class='ocr_carea' id='block_1_49' title="bbox 217 4569 1791 4647">
    <p class='ocr_par' dir='ltr' id='par_1_49' title="bbox 217 4569 1791 4647">
     <span class='ocr_line' id='line_1_49' title="bbox 217 4569 1791 4647; baseline 0.01 -30"><span class='ocrx_word' id='word_1_417' title='bbox 217 4569 436 4634; x_wconf 78' lang='lat' dir='ltr'><strong>posthac</strong></span> <span class='ocrx_word' id='word_1_418' title='bbox 466 4571 619 4626; x_wconf 80' lang='lat' dir='ltr'><strong>liceat</strong></span> <span class='ocrx_word' id='word_1_419' title='bbox 647 4582 916 4629; x_wconf 87' lang='lat' dir='ltr'><strong>creaturas</strong></span> <span class='ocrx_word' id='word_1_420' title='bbox 938 4577 1238 4645; x_wconf 78' lang='lat' dir='ltr'><strong>reSpicienti</strong></span> <span class='ocrx_word' id='word_1_421' title='bbox 1262 4579 1467 4647; x_wconf 83' lang='lat' dir='ltr'><strong>Opilicia</strong></span> <span class='ocrx_word' id='word_1_422' title='bbox 1494 4578 1791 4647; x_wconf 87' lang='lat' dir='ltr'><strong>vituperare</strong></span> 
     </span>
    </p>
   </div>
   <div class='ocr_carea' id='block_1_50' title="bbox 213 4661 1788 4736">
    <p class='ocr_par' dir='ltr' id='par_1_50' title="bbox 213 4661 1788 4736">
     <span class='ocr_line' id='line_1_50' title="bbox 213 4661 1788 4736; baseline 0.008 -24"><span class='ocrx_word' id='word_1_423' title='bbox 213 4675 275 4713; x_wconf 83' lang='lat' dir='ltr'><strong>ac</strong></span> <span class='ocrx_word' id='word_1_424' title='bbox 304 4661 479 4715; x_wconf 72' lang='lat' dir='ltr'><strong>dicere</strong></span> <span class='ocrx_word' id='word_1_425' title='bbox 513 4682 525 4715; x_wconf 90' lang='lat'><strong>:</strong></span> <span class='ocrx_word' id='word_1_426' title='bbox 554 4664 729 4730; x_wconf 88' lang='lat' dir='ltr'><strong>Quare</strong></span> <span class='ocrx_word' id='word_1_427' title='bbox 770 4664 869 4719; x_wconf 88' lang='lat' dir='ltr'><strong>hoc</strong></span> <span class='ocrx_word' id='word_1_428' title='bbox 892 4707 907 4732; x_wconf 92' lang='lat'><strong>,</strong></span> <span class='ocrx_word' id='word_1_429' title='bbox 949 4676 1004 4722; x_wconf 86' lang='lat' dir='ltr'><strong>et</strong></span> <span class='ocrx_word' id='word_1_430' title='bbox 1052 4669 1116 4721; x_wconf 90' lang='lat' dir='ltr'><strong>ad</strong></span> <span class='ocrx_word' id='word_1_431' title='bbox 1146 4669 1269 4736; x_wconf 90' lang='lat' dir='ltr'><strong>quid</strong></span> <span class='ocrx_word' id='word_1_432' title='bbox 1301 4670 1439 4722; x_wconf 90' lang='lat' dir='ltr'><strong>istud</strong></span> <span class='ocrx_word' id='word_1_433' title='bbox 1465 4672 1487 4721; x_wconf 70' lang='grc' dir='ltr'><strong>ἲ</strong></span> <span class='ocrx_word' id='word_1_434' title='bbox 1516 4670 1615 4724; x_wconf 90' lang='lat' dir='ltr'><strong>hoc</strong></span> <span class='ocrx_word' id='word_1_435' title='bbox 1656 4672 1788 4725; x_wconf 84' lang='lat' dir='ltr'><strong>bene</strong></span> 
     </span>
    </p>
   </div>
   <div class='ocr_carea' id='block_1_51' title="bbox 216 4754 1794 4830">
    <p class='ocr_par' dir='ltr' id='par_1_51' title="bbox 216 4754 1794 4830">
     <span class='ocr_line' id='line_1_51' title="bbox 216 4754 1794 4830; baseline 0.007 -26"><span class='ocrx_word' id='word_1_436' title='bbox 216 4754 409 4807; x_wconf 86' lang='lat' dir='ltr'><strong>factum</strong></span> <span class='ocrx_word' id='word_1_437' title='bbox 439 4766 548 4823; x_wconf 76' lang='lat' dir='ltr'><strong>est,</strong></span> <span class='ocrx_word' id='word_1_438' title='bbox 579 4758 679 4811; x_wconf 90' lang='lat' dir='ltr'><strong>hoc</strong></span> <span class='ocrx_word' id='word_1_439' title='bbox 704 4774 806 4811; x_wconf 89' lang='lat' dir='ltr'><strong>non</strong></span> <span class='ocrx_word' id='word_1_440' title='bbox 836 4761 973 4813; x_wconf 85' lang='lat' dir='ltr'><strong>bene</strong></span> <span class='ocrx_word' id='word_1_441' title='bbox 1003 4777 1015 4812; x_wconf 84' lang='lat'><strong>:</strong></span> <span class='ocrx_word' id='word_1_442' title='bbox 1051 4760 1170 4815; x_wconf 87' lang='lat' dir='ltr'><strong>ideo</strong></span> <span class='ocrx_word' id='word_1_443' title='bbox 1197 4777 1343 4814; x_wconf 73' lang='lat' dir='ltr'><strong>sacra</strong></span> <span class='ocrx_word' id='word_1_444' title='bbox 1372 4764 1639 4830; x_wconf 73' lang='lat' dir='ltr'><strong>Scriptura</strong></span> <span class='ocrx_word' id='word_1_445' title='bbox 1677 4780 1794 4815; x_wconf 85' lang='lat' dir='ltr'><strong>oin-</strong></span> 
     </span>
    </p>
   </div>
   <div class='ocr_carea' id='block_1_52' title="bbox 216 4849 1791 4925">
    <p class='ocr_par' dir='ltr' id='par_1_52' title="bbox 216 4849 1791 4925">
     <span class='ocr_line' id='line_1_52' title="bbox 216 4849 1791 4925; baseline 0.007 -25"><span class='ocrx_word' id='word_1_446' title='bbox 216 4860 311 4901; x_wconf 88' lang='lat' dir='ltr'><strong>ncs</strong></span> <span class='ocrx_word' id='word_1_447' title='bbox 329 4888 345 4913; x_wconf 92' lang='lat'><strong>,</strong></span> <span class='ocrx_word' id='word_1_448' title='bbox 378 4857 437 4903; x_wconf 93' lang='lat' dir='ltr'><strong>ut</strong></span> <span class='ocrx_word' id='word_1_449' title='bbox 465 4849 535 4903; x_wconf 89' lang='lat' dir='ltr'><strong>ita</strong></span> <span class='ocrx_word' id='word_1_450' title='bbox 561 4850 730 4905; x_wconf 89' lang='lat' dir='ltr'><strong>dicam</strong></span> <span class='ocrx_word' id='word_1_451' title='bbox 748 4891 764 4917; x_wconf 92' lang='lat'><strong>,</strong></span> <span class='ocrx_word' id='word_1_452' title='bbox 819 4852 1023 4923; x_wconf 83' lang='lat' dir='ltr'><strong>ingrate</strong></span> <span class='ocrx_word' id='word_1_453' title='bbox 1051 4852 1266 4924; x_wconf 89' lang='lat' dir='ltr'><strong>obloqui</strong></span> <span class='ocrx_word' id='word_1_454' title='bbox 1292 4854 1548 4910; x_wconf 89' lang='lat' dir='ltr'><strong>audentes</strong></span> <span class='ocrx_word' id='word_1_455' title='bbox 1574 4870 1791 4925; x_wconf 89' lang='lat' dir='ltr'><strong>compc-</strong></span> 
     </span>
    </p>
   </div>
   <div class='ocr_carea' id='block_1_53' title="bbox 213 4941 1786 5019">
    <p class='ocr_par' dir='ltr' id='par_1_53' title="bbox 213 4941 1786 5019">
     <span class='ocr_line' id='line_1_53' title="bbox 213 4941 1786 5019; baseline 0.009 -29"><span class='ocrx_word' id='word_1_456' title='bbox 213 4953 391 5005; x_wconf 85' lang='lat' dir='ltr'><strong>scens,</strong></span> <span class='ocrx_word' id='word_1_457' title='bbox 423 4949 572 4994; x_wconf 83' lang='lat' dir='ltr'><strong>sexto</strong></span> <span class='ocrx_word' id='word_1_458' title='bbox 602 4941 689 4997; x_wconf 89' lang='lat' dir='ltr'><strong>die</strong></span> <span class='ocrx_word' id='word_1_459' title='bbox 717 4942 974 4998; x_wconf 88' lang='lat' dir='ltr'><strong>absolutis</strong></span> <span class='ocrx_word' id='word_1_460' title='bbox 999 4946 1256 5000; x_wconf 89' lang='lat' dir='ltr'><strong>creaturis</strong></span> <span class='ocrx_word' id='word_1_461' title='bbox 1284 4947 1550 5014; x_wconf 90' lang='lat' dir='ltr'><strong>omnibus,</strong></span> <span class='ocrx_word' id='word_1_462' title='bbox 1575 4948 1745 5019; x_wconf 86' lang='lat' dir='ltr'><strong>inquit</strong></span> <span class='ocrx_word' id='word_1_463' title='bbox 1773 4967 1786 5004; x_wconf 95' lang='lat'><strong>:</strong></span> 
     </span>
    </p>
   </div>
   <div class='ocr_carea' id='block_1_54' title="bbox 214 5029 1790 5109">
    <p class='ocr_par' dir='ltr' id='par_1_54' title="bbox 214 5029 1790 5109">
     <span class='ocr_line' id='line_1_54' title="bbox 214 5029 1790 5109; baseline 0.009 -27"><span class='ocrx_word' id='word_1_464' title='bbox 214 5029 281 5083; x_wconf 79' lang='lat' dir='ltr'><strong>Et</strong></span> <span class='ocrx_word' id='word_1_465' title='bbox 322 5033 443 5086; x_wconf 83' lang='lat' dir='ltr'><strong>vidit</strong></span> <span class='ocrx_word' id='word_1_466' title='bbox 484 5032 621 5089; x_wconf 88' lang='lat' dir='ltr'><strong>Deus</strong></span> <span class='ocrx_word' id='word_1_467' title='bbox 656 5037 825 5091; x_wconf 88' lang='lat' dir='ltr'><strong>omnia</strong></span> <span class='ocrx_word' id='word_1_468' title='bbox 857 5053 1183 5108; x_wconf 75' lang='lat' dir='ltr'><strong>quazcumque</strong></span> <span class='ocrx_word' id='word_1_469' title='bbox 1224 5041 1377 5109; x_wconf 83' lang='lat' dir='ltr'><strong>fecit,</strong></span> <span class='ocrx_word' id='word_1_470' title='bbox 1414 5050 1461 5094; x_wconf 90' lang='lat' dir='ltr'><strong>et</strong></span> <span class='ocrx_word' id='word_1_471' title='bbox 1507 5058 1619 5095; x_wconf 85' lang='lat' dir='ltr'><strong>ecce</strong></span> <span class='ocrx_word' id='word_1_472' title='bbox 1646 5042 1790 5097; x_wconf 85' lang='lat' dir='ltr'><strong>valde</strong></span> 
     </span>
    </p>
   </div>
   <div class='ocr_carea' id='block_1_55' title="bbox 212 5123 1790 5201">
    <p class='ocr_par' dir='ltr' id='par_1_55' title="bbox 212 5123 1790 5201">
     <span class='ocr_line' id='line_1_55' title="bbox 212 5123 1790 5201; baseline 0.011 -30"><span class='ocrx_word' id='word_1_473' title='bbox 212 5123 361 5174; x_wconf 85' lang='lat' dir='ltr'><strong>bona.</strong></span> <span class='ocrx_word' id='word_1_474' title='bbox 407 5124 539 5191; x_wconf 88' lang='lat' dir='ltr'><strong>Quid</strong></span> <span class='ocrx_word' id='word_1_475' title='bbox 573 5128 727 5196; x_wconf 78' lang='lat' dir='ltr'><strong>igitur</strong></span> <span class='ocrx_word' id='word_1_476' title='bbox 752 5170 767 5194; x_wconf 89' lang='lat'><strong>,</strong></span> <span class='ocrx_word' id='word_1_477' title='bbox 795 5128 1055 5198; x_wconf 88' lang='lat' dir='ltr'><strong>obsecro,</strong></span> <span class='ocrx_word' id='word_1_478' title='bbox 1088 5147 1182 5201; x_wconf 85' lang='lat' dir='ltr'><strong>par</strong></span> <span class='ocrx_word' id='word_1_479' title='bbox 1206 5132 1365 5187; x_wconf 80' lang='lat' dir='ltr'><strong>fuerit</strong></span> <span class='ocrx_word' id='word_1_480' title='bbox 1401 5144 1506 5187; x_wconf 88' lang='lat' dir='ltr'><strong>tam</strong></span> <span class='ocrx_word' id='word_1_481' title='bbox 1546 5134 1790 5192; x_wconf 80' lang='lat' dir='ltr'><strong>ﬁdelibus</strong></span> 
     </span>
    </p>
   </div>
   <div class='ocr_carea' id='block_1_56' title="bbox 213 5215 1790 5295">
    <p class='ocr_par' dir='ltr' id='par_1_56' title="bbox 213 5215 1790 5295">
     <span class='ocr_line' id='line_1_56' title="bbox 213 5215 1790 5295; baseline 0.013 -32"><span class='ocrx_word' id='word_1_482' title='bbox 213 5215 561 5281; x_wconf 73' lang='lat' dir='ltr'><strong>testimoniis,</strong></span> <span class='ocrx_word' id='word_1_483' title='bbox 585 5222 794 5288; x_wconf 90' lang='lat' dir='ltr'><strong>quando</strong></span> <span class='ocrx_word' id='word_1_484' title='bbox 820 5224 933 5293; x_wconf 88' lang='lat' dir='ltr'><strong>ipse</strong></span> <span class='ocrx_word' id='word_1_485' title='bbox 961 5227 1180 5282; x_wconf 90' lang='lat' dir='ltr'><strong>Creator</strong></span> <span class='ocrx_word' id='word_1_486' title='bbox 1214 5226 1530 5282; x_wconf 82' lang='lat' dir='ltr'><strong>sententiam</strong></span> <span class='ocrx_word' id='word_1_487' title='bbox 1572 5228 1704 5295; x_wconf 88' lang='lat' dir='ltr'><strong>fert,</strong></span> <span class='ocrx_word' id='word_1_488' title='bbox 1734 5237 1790 5284; x_wconf 90' lang='lat' dir='ltr'><strong>et</strong></span> 
     </span>
    </p>
   </div>
   <div class='ocr_carea' id='block_1_57' title="bbox 213 5309 1788 5388">
    <p class='ocr_par' dir='ltr' id='par_1_57' title="bbox 213 5309 1788 5388">
     <span class='ocr_line' id='line_1_57' title="bbox 213 5309 1788 5388; baseline 0.013 -30"><span class='ocrx_word' id='word_1_489' title='bbox 213 5309 376 5374; x_wconf 89' lang='lat' dir='ltr'><strong>dicit,</strong></span> <span class='ocrx_word' id='word_1_490' title='bbox 408 5312 586 5366; x_wconf 89' lang='lat' dir='ltr'><strong>omnia</strong></span> <span class='ocrx_word' id='word_1_491' title='bbox 614 5329 961 5388; x_wconf 68' lang='lat' dir='ltr'><strong>quarcumque</strong></span> <span class='ocrx_word' id='word_1_492' title='bbox 984 5321 1121 5377; x_wconf 86' lang='lat' dir='ltr'><strong>facta</strong></span> <span class='ocrx_word' id='word_1_493' title='bbox 1167 5332 1290 5377; x_wconf 88' lang='lat' dir='ltr'><strong>sunt</strong></span> <span class='ocrx_word' id='word_1_494' title='bbox 1313 5363 1328 5388; x_wconf 93' lang='lat'><strong>,</strong></span> <span class='ocrx_word' id='word_1_495' title='bbox 1377 5322 1515 5378; x_wconf 89' lang='lat' dir='ltr'><strong>bona</strong></span> <span class='ocrx_word' id='word_1_496' title='bbox 1545 5339 1664 5378; x_wconf 88' lang='lat' dir='ltr'><strong>esse</strong></span> <span class='ocrx_word' id='word_1_497' title='bbox 1688 5364 1701 5387; x_wconf 92' lang='lat'><strong>,</strong></span> <span class='ocrx_word' id='word_1_498' title='bbox 1734 5333 1788 5378; x_wconf 86' lang='lat' dir='ltr'><strong>et</strong></span> 
     </span>
    </p>
   </div>
   <div class='ocr_carea' id='block_1_58' title="bbox 211 5400 1789 5486">
    <p class='ocr_par' dir='ltr' id='par_1_58' title="bbox 211 5400 1789 5486">
     <span class='ocr_line' id='line_1_58' title="bbox 211 5400 1789 5486; baseline 0.016 -40"><span class='ocrx_word' id='word_1_499' title='bbox 211 5400 363 5455; x_wconf 81' lang='lat' dir='ltr'><strong>valde</strong></span> <span class='ocrx_word' id='word_1_500' title='bbox 385 5401 566 5456; x_wconf 86' lang='lat' dir='ltr'><strong>bona?</strong></span> <span class='ocrx_word' id='word_1_501' title='bbox 592 5404 851 5471; x_wconf 85' lang='lat' dir='ltr'><strong>Quocirca</strong></span> <span class='ocrx_word' id='word_1_502' title='bbox 879 5426 999 5464; x_wconf 91' lang='lat' dir='ltr'><strong>cum</strong></span> <span class='ocrx_word' id='word_1_503' title='bbox 1031 5412 1228 5468; x_wconf 84' lang='lat' dir='ltr'><strong>videris</strong></span> <span class='ocrx_word' id='word_1_504' title='bbox 1258 5416 1487 5486; x_wconf 83' lang='lat' dir='ltr'><strong>aliquem</strong></span> <span class='ocrx_word' id='word_1_505' title='bbox 1508 5459 1521 5482; x_wconf 96' lang='lat'><strong>,</strong></span> <span class='ocrx_word' id='word_1_506' title='bbox 1558 5417 1647 5486; x_wconf 86' lang='lat' dir='ltr'><strong>qui</strong></span> <span class='ocrx_word' id='word_1_507' title='bbox 1677 5418 1789 5472; x_wconf 88' lang='lat' dir='ltr'><strong>suis</strong></span> 
     </span>
    </p>
   </div>
   <div class='ocr_carea' id='block_1_59' title="bbox 210 5494 1787 5578">
    <p class='ocr_par' dir='ltr' id='par_1_59' title="bbox 210 5494 1787 5578">
     <span class='ocr_line' id='line_1_59' title="bbox 210 5494 1787 5578; baseline 0.013 -35"><span class='ocrx_word' id='word_1_508' title='bbox 210 5494 500 5549; x_wconf 69' lang='lat' dir='ltr'><strong>ratiociniis</strong></span> <span class='ocrx_word' id='word_1_509' title='bbox 526 5507 719 5564; x_wconf 85' lang='lat' dir='ltr'><strong>motus,</strong></span> <span class='ocrx_word' id='word_1_510' title='bbox 752 5500 967 5571; x_wconf 88' lang='lat' dir='ltr'><strong>obloqui</strong></span> <span class='ocrx_word' id='word_1_511' title='bbox 1008 5504 1199 5559; x_wconf 78' lang='lat' dir='ltr'><strong>divina:</strong></span> <span class='ocrx_word' id='word_1_512' title='bbox 1248 5507 1534 5578; x_wconf 70' lang='lat' dir='ltr'><strong>Scriptura:</strong></span> <span class='ocrx_word' id='word_1_513' title='bbox 1560 5510 1787 5577; x_wconf 88' lang='lat' dir='ltr'><strong>audeat,</strong></span> 
     </span>
    </p>
   </div>
   <div class='ocr_carea' id='block_1_60' title="bbox 208 5590 1785 5667">
    <p class='ocr_par' dir='ltr' id='par_1_60' title="bbox 208 5590 1785 5667">
     <span class='ocr_line' id='line_1_60' title="bbox 208 5590 1785 5667; baseline 0.016 -34"><span class='ocrx_word' id='word_1_514' title='bbox 208 5602 329 5639; x_wconf 79' lang='lat' dir='ltr'><strong>rtttn</strong></span> <span class='ocrx_word' id='word_1_515' title='bbox 355 5590 503 5656; x_wconf 87' lang='lat' dir='ltr'><strong>quasi</strong></span> <span class='ocrx_word' id='word_1_516' title='bbox 529 5590 768 5645; x_wconf 89' lang='lat' dir='ltr'><strong>insanum</strong></span> <span class='ocrx_word' id='word_1_517' title='bbox 796 5608 1079 5661; x_wconf 86' lang='lat' dir='ltr'><strong>aversare;</strong></span> <span class='ocrx_word' id='word_1_518' title='bbox 1110 5596 1217 5651; x_wconf 90' lang='lat' dir='ltr'><strong>imo</strong></span> <span class='ocrx_word' id='word_1_519' title='bbox 1243 5614 1309 5653; x_wconf 86' lang='lat' dir='ltr'><strong>ne</strong></span> <span class='ocrx_word' id='word_1_520' title='bbox 1349 5603 1648 5667; x_wconf 80' lang='lat' dir='ltr'><strong>averseris;</strong></span> <span class='ocrx_word' id='word_1_521' title='bbox 1692 5604 1785 5659; x_wconf 87' lang='lat' dir='ltr'><strong>scd</strong></span> 
     </span>
    </p>
   </div>
   <div class='ocr_carea' id='block_1_61' title="bbox 222 5678 1782 5761">
    <p class='ocr_par' dir='ltr' id='par_1_61' title="bbox 222 5678 1782 5761">
     <span class='ocr_line' id='line_1_61' title="bbox 222 5678 1782 5761; baseline 0.015 -32"><span class='ocrx_word' id='word_1_522' title='bbox 222 5678 456 5735; x_wconf 58' lang='lat' dir='ltr'><strong>mantus</strong></span> <span class='ocrx_word' id='word_1_523' title='bbox 482 5681 792 5751; x_wconf 78' lang='lat' dir='ltr'><strong>ignorantia:</strong></span> <span class='ocrx_word' id='word_1_524' title='bbox 842 5684 988 5755; x_wconf 79' lang='lat' dir='ltr'><strong>ejus,</strong></span> <span class='ocrx_word' id='word_1_525' title='bbox 1033 5686 1233 5756; x_wconf 86' lang='lat' dir='ltr'><strong>produc</strong></span> <span class='ocrx_word' id='word_1_526' title='bbox 1261 5690 1310 5744; x_wconf 90' lang='lat' dir='ltr'><strong>id</strong></span> <span class='ocrx_word' id='word_1_527' title='bbox 1343 5691 1482 5761; x_wconf 79' lang='lat' dir='ltr'><strong>quod</strong></span> <span class='ocrx_word' id='word_1_528' title='bbox 1510 5693 1583 5747; x_wconf 89' lang='lat' dir='ltr'><strong>ait</strong></span> <span class='ocrx_word' id='word_1_529' title='bbox 1608 5694 1782 5752; x_wconf 82' lang='lat' dir='ltr'><strong>divina</strong></span> 
     </span>
    </p>
   </div>
   <div class='ocr_carea' id='block_1_62' title="bbox 1886 354 3463 451">
    <p class='ocr_par' dir='ltr' id='par_1_62' title="bbox 1886 354 3463 451">
     <span class='ocr_line' id='line_1_62' title="bbox 1886 354 3463 451; baseline 0.018 -42"><span class='ocrx_word' id='word_1_530' title='bbox 1886 354 2156 427; x_wconf 86' lang='lat' dir='ltr'><strong>Scriptura</strong></span> <span class='ocrx_word' id='word_1_531' title='bbox 2182 400 2195 426; x_wconf 92' lang='lat'><strong>,</strong></span> <span class='ocrx_word' id='word_1_532' title='bbox 2229 370 2282 416; x_wconf 92' lang='lat' dir='ltr'><strong>et</strong></span> <span class='ocrx_word' id='word_1_533' title='bbox 2308 362 2411 428; x_wconf 84' lang='lat' dir='ltr'><strong>dic,</strong></span> <span class='ocrx_word' id='word_1_534' title='bbox 2446 363 2581 417; x_wconf 82' lang='lat' dir='ltr'><strong>Vidit</strong></span> <span class='ocrx_word' id='word_1_535' title='bbox 2610 365 2743 421; x_wconf 86' lang='lat' dir='ltr'><strong>Deus</strong></span> <span class='ocrx_word' id='word_1_536' title='bbox 2774 370 2940 423; x_wconf 77' lang='lat' dir='ltr'><strong>omnia</strong></span> <span class='ocrx_word' id='word_1_537' title='bbox 2961 391 3283 446; x_wconf 72' lang='lat' dir='ltr'><strong>qutrrumque</strong></span> <span class='ocrx_word' id='word_1_538' title='bbox 3311 384 3425 451; x_wconf 74' lang='lat' dir='ltr'><strong>fecit</strong></span> <span class='ocrx_word' id='word_1_539' title='bbox 3445 425 3463 449; x_wconf 88' lang='lat'><strong>,</strong></span> 
     </span>
    </p>
   </div>
   <div class='ocr_carea' id='block_1_63' title="bbox 1887 449 3465 526">
    <p class='ocr_par' dir='ltr' id='par_1_63' title="bbox 1887 449 3465 526">
     <span class='ocr_line' id='line_1_63' title="bbox 1887 449 3465 526; baseline 0.016 -25"><span class='ocrx_word' id='word_1_540' title='bbox 1887 457 1941 502; x_wconf 90' lang='lat' dir='ltr'><strong>et</strong></span> <span class='ocrx_word' id='word_1_541' title='bbox 1968 449 2119 516; x_wconf 82' lang='lat' dir='ltr'><strong>dixit,</strong></span> <span class='ocrx_word' id='word_1_542' title='bbox 2156 452 2286 507; x_wconf 83' lang='lat' dir='ltr'><strong>Ecce</strong></span> <span class='ocrx_word' id='word_1_543' title='bbox 2310 455 2458 509; x_wconf 86' lang='lat' dir='ltr'><strong>valde</strong></span> <span class='ocrx_word' id='word_1_544' title='bbox 2485 456 2616 510; x_wconf 90' lang='lat' dir='ltr'><strong>bona</strong></span> <span class='ocrx_word' id='word_1_545' title='bbox 2638 474 2659 522; x_wconf 86' lang='lat'><strong>;</strong></span> <span class='ocrx_word' id='word_1_546' title='bbox 2698 468 2751 513; x_wconf 89' lang='lat' dir='ltr'><strong>et</strong></span> <span class='ocrx_word' id='word_1_547' title='bbox 2781 461 3018 519; x_wconf 70' lang='lat' dir='ltr'><strong>fortassis</strong></span> <span class='ocrx_word' id='word_1_548' title='bbox 3047 449 3355 525; x_wconf 84' lang='lat' dir='ltr'><strong>indomitam</strong></span> <span class='ocrx_word' id='word_1_549' title='bbox 3401 474 3465 526; x_wconf 90' lang='lat' dir='ltr'><strong>il-</strong></span> 
     </span>
    </p>
   </div>
   <div class='ocr_carea' id='block_1_64' title="bbox 1890 540 3469 621">
    <p class='ocr_par' dir='ltr' id='par_1_64' title="bbox 1890 540 3469 621">
     <span class='ocr_line' id='line_1_64' title="bbox 1890 540 3469 621; baseline 0.015 -28"><span class='ocrx_word' id='word_1_550' title='bbox 1890 540 1990 595; x_wconf 91' lang='lat' dir='ltr'><strong>lius</strong></span> <span class='ocrx_word' id='word_1_551' title='bbox 2029 543 2258 612; x_wconf 84' lang='lat' dir='ltr'><strong>linguam</strong></span> <span class='ocrx_word' id='word_1_552' title='bbox 2303 548 2579 604; x_wconf 89' lang='lat' dir='ltr'><strong>continere</strong></span> <span class='ocrx_word' id='word_1_553' title='bbox 2622 551 2841 621; x_wconf 88' lang='lat' dir='ltr'><strong>poteris.</strong></span> <span class='ocrx_word' id='word_1_554' title='bbox 2892 553 3024 608; x_wconf 86' lang='lat' dir='ltr'><strong>Nam</strong></span> <span class='ocrx_word' id='word_1_555' title='bbox 3055 557 3098 610; x_wconf 90' lang='lat' dir='ltr'><strong>si</strong></span> <span class='ocrx_word' id='word_1_556' title='bbox 3128 558 3178 612; x_wconf 90' lang='lat' dir='ltr'><strong>in</strong></span> <span class='ocrx_word' id='word_1_557' title='bbox 3226 559 3469 617; x_wconf 79' lang='lat' dir='ltr'><strong>humanis</strong></span> 
     </span>
    </p>
   </div>
   <div class='ocr_carea' id='block_1_65' title="bbox 1888 637 3470 718">
    <p class='ocr_par' dir='ltr' id='par_1_65' title="bbox 1888 637 3470 718">
     <span class='ocr_line' id='line_1_65' title="bbox 1888 637 3470 718; baseline 0.015 -31"><span class='ocrx_word' id='word_1_558' title='bbox 1888 637 2049 689; x_wconf 87' lang='lat' dir='ltr'><strong>rebus</strong></span> <span class='ocrx_word' id='word_1_559' title='bbox 2074 651 2193 690; x_wconf 91' lang='lat' dir='ltr'><strong>cum</strong></span> <span class='ocrx_word' id='word_1_560' title='bbox 2221 638 2464 696; x_wconf 84' lang='lat' dir='ltr'><strong>videmus</strong></span> <span class='ocrx_word' id='word_1_561' title='bbox 2492 642 2618 696; x_wconf 89' lang='lat' dir='ltr'><strong>viris</strong></span> <span class='ocrx_word' id='word_1_562' title='bbox 2654 644 2970 713; x_wconf 85' lang='lat' dir='ltr'><strong>quibusdam</strong></span> <span class='ocrx_word' id='word_1_563' title='bbox 3010 651 3353 718; x_wconf 83' lang='lat' dir='ltr'><strong>Optimatibus</strong></span> <span class='ocrx_word' id='word_1_564' title='bbox 3406 670 3470 709; x_wconf 89' lang='lat' dir='ltr'><strong>ea</strong></span> 
     </span>
    </p>
   </div>
   <div class='ocr_carea' id='block_1_66' title="bbox 1888 726 3469 814">
    <p class='ocr_par' dir='ltr' id='par_1_66' title="bbox 1888 726 3469 814">
     <span class='ocr_line' id='line_1_66' title="bbox 1888 726 3469 814; baseline 0.015 -37"><span class='ocrx_word' id='word_1_565' title='bbox 1888 741 2006 793; x_wconf 75' lang='lat' dir='ltr'><strong>qua:</strong></span> <span class='ocrx_word' id='word_1_566' title='bbox 2036 726 2168 783; x_wconf 88' lang='lat' dir='ltr'><strong>ﬁunt</strong></span> <span class='ocrx_word' id='word_1_567' title='bbox 2199 730 2450 798; x_wconf 89' lang='lat' dir='ltr'><strong>probari,</strong></span> <span class='ocrx_word' id='word_1_568' title='bbox 2504 733 2710 789; x_wconf 92' lang='lat' dir='ltr'><strong>calculo</strong></span> <span class='ocrx_word' id='word_1_569' title='bbox 2746 737 2955 793; x_wconf 90' lang='lat' dir='ltr'><strong>illorum</strong></span> <span class='ocrx_word' id='word_1_570' title='bbox 2991 756 3095 795; x_wconf 92' lang='lat' dir='ltr'><strong>non</strong></span> <span class='ocrx_word' id='word_1_571' title='bbox 3123 744 3429 801; x_wconf 88' lang='lat' dir='ltr'><strong>obsistimus</strong></span> <span class='ocrx_word' id='word_1_572' title='bbox 3451 787 3469 814; x_wconf 92' lang='lat'><strong>,</strong></span> 
     </span>
    </p>
   </div>
   <div class='ocr_carea' id='block_1_67' title="bbox 1888 815 3468 906">
    <p class='ocr_par' dir='ltr' id='par_1_67' title="bbox 1888 815 3468 906">
     <span class='ocr_line' id='line_1_67' title="bbox 1888 815 3468 906; baseline 0.016 -39"><span class='ocrx_word' id='word_1_573' title='bbox 1888 815 1981 869; x_wconf 88' lang='lat' dir='ltr'><strong>sed</strong></span> <span class='ocrx_word' id='word_1_574' title='bbox 2012 818 2398 886; x_wconf 87' lang='lat' dir='ltr'><strong>adstipulamur</strong></span> <span class='ocrx_word' id='word_1_575' title='bbox 2418 861 2435 887; x_wconf 89' lang='lat'><strong>,</strong></span> <span class='ocrx_word' id='word_1_576' title='bbox 2484 830 2538 875; x_wconf 88' lang='lat' dir='ltr'><strong>et</strong></span> <span class='ocrx_word' id='word_1_577' title='bbox 2566 822 2775 879; x_wconf 89' lang='lat' dir='ltr'><strong>illorum</strong></span> <span class='ocrx_word' id='word_1_578' title='bbox 2807 832 3121 887; x_wconf 84' lang='lat' dir='ltr'><strong>sententiam</strong></span> <span class='ocrx_word' id='word_1_579' title='bbox 3149 836 3362 905; x_wconf 90' lang='lat' dir='ltr'><strong>proprio</strong></span> <span class='ocrx_word' id='word_1_580' title='bbox 3380 837 3468 906; x_wconf 82' lang='lat' dir='ltr'><strong>ju-</strong></span> 
     </span>
    </p>
   </div>
   <div class='ocr_carea' id='block_1_68' title="bbox 1888 904 3471 990">
    <p class='ocr_par' dir='ltr' id='par_1_68' title="bbox 1888 904 3471 990">
     <span class='ocr_line' id='line_1_68' title="bbox 1888 904 3471 990; baseline 0.016 -33"><span class='ocrx_word' id='word_1_581' title='bbox 1888 904 2030 961; x_wconf 88' lang='lat' dir='ltr'><strong>dicio</strong></span> <span class='ocrx_word' id='word_1_582' title='bbox 2058 908 2390 976; x_wconf 69' lang='lat' dir='ltr'><strong>prmferimus</strong></span> <span class='ocrx_word' id='word_1_583' title='bbox 2419 928 2432 964; x_wconf 92' lang='lat'><strong>:</strong></span> <span class='ocrx_word' id='word_1_584' title='bbox 2476 913 2642 967; x_wconf 90' lang='lat' dir='ltr'><strong>multo</strong></span> <span class='ocrx_word' id='word_1_585' title='bbox 2667 916 2834 986; x_wconf 89' lang='lat' dir='ltr'><strong>magis</strong></span> <span class='ocrx_word' id='word_1_586' title='bbox 2860 934 2982 990; x_wconf 85' lang='lat' dir='ltr'><strong>erga</strong></span> <span class='ocrx_word' id='word_1_587' title='bbox 3031 921 3195 979; x_wconf 91' lang='lat' dir='ltr'><strong>Deum</strong></span> <span class='ocrx_word' id='word_1_588' title='bbox 3234 904 3471 981; x_wconf 83' lang='lat' dir='ltr'><strong>onmium</strong></span> 
     </span>
    </p>
   </div>
   <div class='ocr_carea' id='block_1_69' title="bbox 1891 995 3473 1079">
    <p class='ocr_par' dir='ltr' id='par_1_69' title="bbox 1891 995 3473 1079">
     <span class='ocr_line' id='line_1_69' title="bbox 1891 995 3473 1079; baseline 0.016 -32"><span class='ocrx_word' id='word_1_589' title='bbox 1891 995 2177 1052; x_wconf 84' lang='lat' dir='ltr'><strong>visibilium</strong></span> <span class='ocrx_word' id='word_1_590' title='bbox 2204 1000 2446 1070; x_wconf 80' lang='lat' dir='ltr'><strong>Opificem</strong></span> <span class='ocrx_word' id='word_1_591' title='bbox 2492 1003 2562 1057; x_wconf 89' lang='lat' dir='ltr'><strong>ita</strong></span> <span class='ocrx_word' id='word_1_592' title='bbox 2594 1019 2689 1059; x_wconf 93' lang='lat' dir='ltr'><strong>nos</strong></span> <span class='ocrx_word' id='word_1_593' title='bbox 2718 1021 2905 1075; x_wconf 78' lang='lat' dir='ltr'><strong>gerere</strong></span> <span class='ocrx_word' id='word_1_594' title='bbox 2940 1010 3094 1067; x_wconf 88' lang='lat' dir='ltr'><strong>decet</strong></span> <span class='ocrx_word' id='word_1_595' title='bbox 3117 1031 3133 1079; x_wconf 88' lang='lat'><strong>;</strong></span> <span class='ocrx_word' id='word_1_596' title='bbox 3162 1023 3215 1069; x_wconf 90' lang='lat' dir='ltr'><strong>et</strong></span> <span class='ocrx_word' id='word_1_597' title='bbox 3243 1030 3363 1070; x_wconf 91' lang='lat' dir='ltr'><strong>cum</strong></span> <span class='ocrx_word' id='word_1_598' title='bbox 3392 1017 3473 1072; x_wconf 88' lang='lat' dir='ltr'><strong>di-</strong></span> 
     </span>
    </p>
   </div>
   <div class='ocr_carea' id='block_1_70' title="bbox 1891 1087 3474 1178">
    <p class='ocr_par' dir='ltr' id='par_1_70' title="bbox 1891 1087 3474 1178">
     <span class='ocr_line' id='line_1_70' title="bbox 1891 1087 3474 1178; baseline 0.015 -37"><span class='ocrx_word' id='word_1_599' title='bbox 1891 1087 2179 1146; x_wconf 90' lang='lat' dir='ltr'><strong>dicerimus</strong></span> <span class='ocrx_word' id='word_1_600' title='bbox 2217 1094 2334 1164; x_wconf 89' lang='lat' dir='ltr'><strong>ejus</strong></span> <span class='ocrx_word' id='word_1_601' title='bbox 2376 1100 2730 1168; x_wconf 85' lang='lat' dir='ltr'><strong>sententiam,</strong></span> <span class='ocrx_word' id='word_1_602' title='bbox 2778 1114 2958 1160; x_wconf 89' lang='lat' dir='ltr'><strong>nostra</strong></span> <span class='ocrx_word' id='word_1_603' title='bbox 3000 1109 3353 1178; x_wconf 87' lang='lat' dir='ltr'><strong>comprimere</strong></span> <span class='ocrx_word' id='word_1_604' title='bbox 3388 1130 3474 1168; x_wconf 79' lang='lat' dir='ltr'><strong>ra-</strong></span> 
     </span>
    </p>
   </div>
   <div class='ocr_carea' id='block_1_71' title="bbox 1892 1181 3476 1267">
    <p class='ocr_par' dir='ltr' id='par_1_71' title="bbox 1892 1181 3476 1267">
     <span class='ocr_line' id='line_1_71' title="bbox 1892 1181 3476 1267; baseline 0.015 -33"><span class='ocrx_word' id='word_1_605' title='bbox 1892 1181 2105 1235; x_wconf 87' lang='lat' dir='ltr'><strong>tiocinia</strong></span> <span class='ocrx_word' id='word_1_606' title='bbox 2131 1224 2145 1247; x_wconf 93' lang='lat'><strong>,</strong></span> <span class='ocrx_word' id='word_1_607' title='bbox 2194 1200 2365 1254; x_wconf 85' lang='lat' dir='ltr'><strong>neque</strong></span> <span class='ocrx_word' id='word_1_608' title='bbox 2412 1188 2609 1259; x_wconf 88' lang='lat' dir='ltr'><strong>aliquid</strong></span> <span class='ocrx_word' id='word_1_609' title='bbox 2661 1192 2795 1247; x_wconf 90' lang='lat' dir='ltr'><strong>ultra</strong></span> <span class='ocrx_word' id='word_1_610' title='bbox 2822 1195 3074 1267; x_wconf 79' lang='lat' dir='ltr'><strong>aggredi;</strong></span> <span class='ocrx_word' id='word_1_611' title='bbox 3117 1199 3211 1254; x_wconf 88' lang='lat' dir='ltr'><strong>sed</strong></span> <span class='ocrx_word' id='word_1_612' title='bbox 3253 1202 3390 1257; x_wconf 86' lang='lat' dir='ltr'><strong>scire</strong></span> <span class='ocrx_word' id='word_1_613' title='bbox 3420 1216 3476 1260; x_wconf 91' lang='lat' dir='ltr'><strong>et</strong></span> 
     </span>
    </p>
   </div>
   <div class='ocr_carea' id='block_1_72' title="bbox 1891 1277 3477 1366">
    <p class='ocr_par' dir='ltr' id='par_1_72' title="bbox 1891 1277 3477 1366">
     <span class='ocr_line' id='line_1_72' title="bbox 1891 1277 3477 1366; baseline 0.016 -40"><span class='ocrx_word' id='word_1_614' title='bbox 1891 1289 2203 1344; x_wconf 86' lang='lat' dir='ltr'><strong>persuasum</strong></span> <span class='ocrx_word' id='word_1_615' title='bbox 2235 1277 2430 1335; x_wconf 88' lang='lat' dir='ltr'><strong>habere</strong></span> <span class='ocrx_word' id='word_1_616' title='bbox 2455 1322 2471 1348; x_wconf 93' lang='lat'><strong>,</strong></span> <span class='ocrx_word' id='word_1_617' title='bbox 2517 1284 2695 1339; x_wconf 90' lang='lat' dir='ltr'><strong>omnia</strong></span> <span class='ocrx_word' id='word_1_618' title='bbox 2737 1287 2942 1343; x_wconf 90' lang='lat' dir='ltr'><strong>ratione</strong></span> <span class='ocrx_word' id='word_1_619' title='bbox 2979 1290 3205 1360; x_wconf 89' lang='lat' dir='ltr'><strong>quadam</strong></span> <span class='ocrx_word' id='word_1_620' title='bbox 3237 1334 3251 1360; x_wconf 93' lang='lat'><strong>,</strong></span> <span class='ocrx_word' id='word_1_621' title='bbox 3298 1304 3353 1350; x_wconf 90' lang='lat' dir='ltr'><strong>et</strong></span> <span class='ocrx_word' id='word_1_622' title='bbox 3378 1310 3477 1366; x_wconf 91' lang='lat' dir='ltr'><strong>pro</strong></span> 
     </span>
    </p>
   </div>
   <div class='ocr_carea' id='block_1_73' title="bbox 1891 1368 3475 1459">
    <p class='ocr_par' dir='ltr' id='par_1_73' title="bbox 1891 1368 3475 1459">
     <span class='ocr_line' id='line_1_73' title="bbox 1891 1368 3475 1459; baseline 0.015 -39"><span class='ocrx_word' id='word_1_623' title='bbox 1891 1368 2215 1439; x_wconf 85' lang='lat' dir='ltr'><strong>benignitate</strong></span> <span class='ocrx_word' id='word_1_624' title='bbox 2241 1387 2356 1439; x_wconf 87' lang='lat' dir='ltr'><strong>sua,</strong></span> <span class='ocrx_word' id='word_1_625' title='bbox 2385 1373 2454 1428; x_wconf 91' lang='lat' dir='ltr'><strong>ab</strong></span> <span class='ocrx_word' id='word_1_626' title='bbox 2484 1373 2600 1444; x_wconf 89' lang='lat' dir='ltr'><strong>ipso</strong></span> <span class='ocrx_word' id='word_1_627' title='bbox 2626 1377 2882 1447; x_wconf 89' lang='lat' dir='ltr'><strong>producta</strong></span> <span class='ocrx_word' id='word_1_628' title='bbox 2914 1378 3098 1450; x_wconf 84' lang='lat' dir='ltr'><strong>fuisse,</strong></span> <span class='ocrx_word' id='word_1_629' title='bbox 3129 1384 3365 1455; x_wconf 86' lang='lat' dir='ltr'><strong>nihilque</strong></span> <span class='ocrx_word' id='word_1_630' title='bbox 3392 1399 3475 1459; x_wconf 61' lang='lat' dir='ltr'><strong>te:</strong></span> 
     </span>
    </p>
   </div>
   <div class='ocr_carea' id='block_1_74' title="bbox 1892 1463 3475 1538">
    <p class='ocr_par' dir='ltr' id='par_1_74' title="bbox 1892 1463 3475 1538">
     <span class='ocr_line' id='line_1_74' title="bbox 1892 1463 3475 1538; baseline 0.014 -25"><span class='ocrx_word' id='word_1_631' title='bbox 1892 1476 2039 1515; x_wconf 88' lang='lat' dir='ltr'><strong>mere</strong></span> <span class='ocrx_word' id='word_1_632' title='bbox 2067 1471 2122 1516; x_wconf 79' lang='lat' dir='ltr'><strong>et</strong></span> <span class='ocrx_word' id='word_1_633' title='bbox 2147 1463 2263 1519; x_wconf 88' lang='lat' dir='ltr'><strong>sine</strong></span> <span class='ocrx_word' id='word_1_634' title='bbox 2290 1480 2450 1521; x_wconf 88' lang='lat' dir='ltr'><strong>causa</strong></span> <span class='ocrx_word' id='word_1_635' title='bbox 2470 1465 2665 1523; x_wconf 84' lang='lat' dir='ltr'><strong>factum</strong></span> <span class='ocrx_word' id='word_1_636' title='bbox 2692 1484 2844 1538; x_wconf 89' lang='lat' dir='ltr'><strong>esse;</strong></span> <span class='ocrx_word' id='word_1_637' title='bbox 2874 1487 3057 1528; x_wconf 87' lang='lat' dir='ltr'><strong>verum</strong></span> <span class='ocrx_word' id='word_1_638' title='bbox 3096 1475 3221 1532; x_wconf 89' lang='lat' dir='ltr'><strong>licet</strong></span> <span class='ocrx_word' id='word_1_639' title='bbox 3267 1494 3364 1533; x_wconf 90' lang='lat' dir='ltr'><strong>nos</strong></span> <span class='ocrx_word' id='word_1_640' title='bbox 3406 1481 3475 1534; x_wconf 91' lang='lat' dir='ltr'><strong>ob</strong></span> 
     </span>
    </p>
   </div>
   <div class='ocr_carea' id='block_1_75' title="bbox 1892 1556 3473 1638">
    <p class='ocr_par' dir='ltr' id='par_1_75' title="bbox 1892 1556 3473 1638">
     <span class='ocr_line' id='line_1_75' title="bbox 1892 1556 3473 1638; baseline 0.013 -34"><span class='ocrx_word' id='word_1_641' title='bbox 1892 1560 2088 1606; x_wconf 68' lang='lat' dir='ltr'><strong>nostra:</strong></span> <span class='ocrx_word' id='word_1_642' title='bbox 2119 1556 2339 1610; x_wconf 89' lang='lat' dir='ltr'><strong>rationis</strong></span> <span class='ocrx_word' id='word_1_643' title='bbox 2366 1558 2780 1616; x_wconf 87' lang='lat' dir='ltr'><strong>imbecillitatem</strong></span> <span class='ocrx_word' id='word_1_644' title='bbox 2808 1563 3116 1633; x_wconf 87' lang='lat' dir='ltr'><strong>ignoremus</strong></span> <span class='ocrx_word' id='word_1_645' title='bbox 3143 1569 3473 1638; x_wconf 84' lang='lat' dir='ltr'><strong>Opificiorum</strong></span> 
     </span>
    </p>
   </div>
   <div class='ocr_carea' id='block_1_76' title="bbox 1893 1644 3477 1729">
    <p class='ocr_par' dir='ltr' id='par_1_76' title="bbox 1893 1644 3477 1729">
     <span class='ocr_line' id='line_1_76' title="bbox 1893 1644 3477 1729; baseline 0.013 -34"><span class='ocrx_word' id='word_1_646' title='bbox 1893 1644 2172 1700; x_wconf 85' lang='lat' dir='ltr'><strong>utilitatem</strong></span> <span class='ocrx_word' id='word_1_647' title='bbox 2195 1686 2211 1712; x_wconf 89' lang='lat'><strong>,</strong></span> <span class='ocrx_word' id='word_1_648' title='bbox 2262 1648 2433 1718; x_wconf 90' lang='lat' dir='ltr'><strong>ipsum</strong></span> <span class='ocrx_word' id='word_1_649' title='bbox 2461 1658 2637 1706; x_wconf 89' lang='lat' dir='ltr'><strong>tamen</strong></span> <span class='ocrx_word' id='word_1_650' title='bbox 2666 1654 2959 1709; x_wconf 90' lang='lat' dir='ltr'><strong>secundum</strong></span> <span class='ocrx_word' id='word_1_651' title='bbox 2987 1671 3135 1711; x_wconf 89' lang='lat' dir='ltr'><strong>suam</strong></span> <span class='ocrx_word' id='word_1_652' title='bbox 3164 1660 3477 1729; x_wconf 84' lang='lat' dir='ltr'><strong>sapientiam</strong></span> 
     </span>
    </p>
   </div>
   <div class='ocr_carea' id='block_1_77' title="bbox 1891 1738 3359 1817">
    <p class='ocr_par' dir='ltr' id='par_1_77' title="bbox 1891 1738 3359 1817">
     <span class='ocr_line' id='line_1_77' title="bbox 1891 1738 3359 1817; baseline 0.012 -27"><span class='ocrx_word' id='word_1_653' title='bbox 1891 1745 1945 1793; x_wconf 88' lang='lat' dir='ltr'><strong>ct</strong></span> <span class='ocrx_word' id='word_1_654' title='bbox 1973 1738 2372 1795; x_wconf 88' lang='lat' dir='ltr'><strong>solertissimam</strong></span> <span class='ocrx_word' id='word_1_655' title='bbox 2402 1742 2785 1813; x_wconf 87' lang='lat' dir='ltr'><strong>benignitatem</strong></span> <span class='ocrx_word' id='word_1_656' title='bbox 2816 1747 2995 1802; x_wconf 89' lang='lat' dir='ltr'><strong>omnia</strong></span> <span class='ocrx_word' id='word_1_657' title='bbox 3022 1748 3359 1817; x_wconf 71' lang='lat' dir='ltr'><strong>produxisse.</strong></span> 
     </span>
    </p>
   </div>
   <div class='ocr_carea' id='block_1_78' title="bbox 1964 1829 3475 1909">
    <p class='ocr_par' dir='ltr' id='par_1_78' title="bbox 1964 1829 3475 1909">
     <span class='ocr_line' id='line_1_78' title="bbox 1964 1829 3475 1909; baseline 0.011 -28"><span class='ocrx_word' id='word_1_658' title='bbox 1964 1829 2015 1881; x_wconf 84' lang='lat'><strong>7.</strong></span> <span class='ocrx_word' id='word_1_659' title='bbox 2060 1829 2126 1882; x_wconf 88' lang='lat' dir='ltr'><strong>Et</strong></span> <span class='ocrx_word' id='word_1_660' title='bbox 2156 1834 2294 1902; x_wconf 84' lang='lat' dir='ltr'><strong>facta</strong></span> <span class='ocrx_word' id='word_1_661' title='bbox 2320 1842 2413 1900; x_wconf 86' lang='lat' dir='ltr'><strong>est,</strong></span> <span class='ocrx_word' id='word_1_662' title='bbox 2443 1833 2631 1904; x_wconf 88' lang='lat' dir='ltr'><strong>inquit,</strong></span> <span class='ocrx_word' id='word_1_663' title='bbox 2661 1851 2867 1906; x_wconf 86' lang='lat' dir='ltr'><strong>vespera</strong></span> <span class='ocrx_word' id='word_1_664' title='bbox 2896 1847 2943 1890; x_wconf 87' lang='lat' dir='ltr'><strong>et</strong></span> <span class='ocrx_word' id='word_1_665' title='bbox 2980 1840 3173 1909; x_wconf 80' lang='lat' dir='ltr'><strong>factum</strong></span> <span class='ocrx_word' id='word_1_666' title='bbox 3198 1853 3269 1896; x_wconf 88' lang='lat' dir='ltr'><strong>est</strong></span> <span class='ocrx_word' id='word_1_667' title='bbox 3308 1860 3475 1909; x_wconf 85' lang='lat' dir='ltr'><strong>mane,</strong></span> 
     </span>
    </p>
   </div>
   <div class='ocr_carea' id='block_1_79' title="bbox 1893 1917 3479 1990">
    <p class='ocr_par' dir='ltr' id='par_1_79' title="bbox 1893 1917 3479 1990">
     <span class='ocr_line' id='line_1_79' title="bbox 1893 1917 3479 1990; baseline 0.013 -20"><span class='ocrx_word' id='word_1_668' title='bbox 1893 1917 1998 1971; x_wconf 84' lang='lat' dir='ltr'><strong>dies</strong></span> <span class='ocrx_word' id='word_1_669' title='bbox 2049 1930 2238 1976; x_wconf 74' lang='lat' dir='ltr'><strong>sextus.</strong></span> <span class='ocrx_word' id='word_1_670' title='bbox 2278 1922 2396 1977; x_wconf 89' lang='lat' dir='ltr'><strong>Fini</strong></span> <span class='ocrx_word' id='word_1_671' title='bbox 2439 1923 2544 1979; x_wconf 90' lang='lat' dir='ltr'><strong>diei</strong></span> <span class='ocrx_word' id='word_1_672' title='bbox 2589 1935 2755 1982; x_wconf 75' lang='lat' dir='ltr'><strong>sexta:</strong></span> <span class='ocrx_word' id='word_1_673' title='bbox 2794 1928 2955 1983; x_wconf 90' lang='lat' dir='ltr'><strong>etiam</strong></span> <span class='ocrx_word' id='word_1_674' title='bbox 3006 1930 3165 1985; x_wconf 87' lang='lat' dir='ltr'><strong>finem</strong></span> <span class='ocrx_word' id='word_1_675' title='bbox 3209 1932 3479 1990; x_wconf 78' lang='lat' dir='ltr'><strong>formandi</strong></span> 
     </span>
    </p>
   </div>
   <div class='ocr_carea' id='block_1_80' title="bbox 1893 2013 3477 2094">
    <p class='ocr_par' dir='ltr' id='par_1_80' title="bbox 1893 2013 3477 2094">
     <span class='ocr_line' id='line_1_80' title="bbox 1893 2013 3477 2094; baseline 0.009 -29"><span class='ocrx_word' id='word_1_676' title='bbox 1893 2019 2169 2067; x_wconf 90' lang='lat' dir='ltr'><strong>creaturas</strong></span> <span class='ocrx_word' id='word_1_677' title='bbox 2211 2013 2454 2069; x_wconf 90' lang='lat' dir='ltr'><strong>addidit:</strong></span> <span class='ocrx_word' id='word_1_678' title='bbox 2483 2023 2538 2070; x_wconf 90' lang='lat' dir='ltr'><strong>et</strong></span> <span class='ocrx_word' id='word_1_679' title='bbox 2580 2027 2796 2087; x_wconf 89' lang='lat' dir='ltr'><strong>propter</strong></span> <span class='ocrx_word' id='word_1_680' title='bbox 2825 2019 2925 2073; x_wconf 89' lang='lat' dir='ltr'><strong>hoc</strong></span> <span class='ocrx_word' id='word_1_681' title='bbox 2949 2022 3219 2076; x_wconf 89' lang='lat' dir='ltr'><strong>subdidit:</strong></span> <span class='ocrx_word' id='word_1_682' title='bbox 3263 2023 3327 2078; x_wconf 85' lang='lat' dir='ltr'><strong>Et</strong></span> <span class='ocrx_word' id='word_1_683' title='bbox 3359 2044 3477 2094; x_wconf 83' lang='lat' dir='ltr'><strong>per-</strong></span> 
     </span>
    </p>
   </div>
   <div class='ocr_carea' id='block_1_81' title="bbox 1895 2105 3475 2189">
    <p class='ocr_par' dir='ltr' id='par_1_81' title="bbox 1895 2105 3475 2189">
     <span class='ocr_line' id='line_1_81' title="bbox 1895 2105 3475 2189; baseline 0.013 -36"><span class='ocrx_word' id='word_1_684' title='bbox 1895 2106 2026 2172; x_wconf 76' lang='lat' dir='ltr'><strong>fecta</strong></span> <span class='ocrx_word' id='word_1_685' title='bbox 2046 2114 2164 2157; x_wconf 87' lang='lat' dir='ltr'><strong>sunt</strong></span> <span class='ocrx_word' id='word_1_686' title='bbox 2187 2105 2391 2172; x_wconf 75' lang='lat' dir='ltr'><strong>cwlum,</strong></span> <span class='ocrx_word' id='word_1_687' title='bbox 2411 2115 2457 2160; x_wconf 88' lang='lat' dir='ltr'><strong>et</strong></span> <span class='ocrx_word' id='word_1_688' title='bbox 2481 2119 2634 2170; x_wconf 86' lang='lat' dir='ltr'><strong>terra,</strong></span> <span class='ocrx_word' id='word_1_689' title='bbox 2654 2120 2701 2163; x_wconf 88' lang='lat' dir='ltr'><strong>et</strong></span> <span class='ocrx_word' id='word_1_690' title='bbox 2717 2112 2880 2165; x_wconf 89' lang='lat' dir='ltr'><strong>omnis</strong></span> <span class='ocrx_word' id='word_1_691' title='bbox 2896 2124 3105 2166; x_wconf 83' lang='lat' dir='ltr'><strong>ornatus</strong></span> <span class='ocrx_word' id='word_1_692' title='bbox 3130 2132 3298 2169; x_wconf 83' lang='lat' dir='ltr'><strong>eorum</strong></span> <span class='ocrx_word' id='word_1_693' title='bbox 3322 2117 3475 2189; x_wconf 75' lang='lat' dir='ltr'><strong>(Gen.</strong></span> 
     </span>
    </p>
   </div>
   <div class='ocr_carea' id='block_1_82' title="bbox 1892 2194 3479 2280">
    <p class='ocr_par' dir='ltr' id='par_1_82' title="bbox 1892 2194 3479 2280">
     <span class='ocr_line' id='line_1_82' title="bbox 1892 2194 3479 2280; baseline 0.013 -33"><span class='ocrx_word' id='word_1_694' title='bbox 1892 2194 1945 2247; x_wconf 75' lang='lat'><strong>2.</strong></span> <span class='ocrx_word' id='word_1_695' title='bbox 1978 2194 2053 2267; x_wconf 78' lang='grc'><strong>1).</strong></span> <span class='ocrx_word' id='word_1_696' title='bbox 2082 2195 2372 2253; x_wconf 88' lang='lat' dir='ltr'><strong>Considera</strong></span> <span class='ocrx_word' id='word_1_697' title='bbox 2403 2216 2559 2269; x_wconf 90' lang='lat' dir='ltr'><strong>quam</strong></span> <span class='ocrx_word' id='word_1_698' title='bbox 2598 2202 2730 2257; x_wconf 91' lang='lat' dir='ltr'><strong>nihil</strong></span> <span class='ocrx_word' id='word_1_699' title='bbox 2770 2205 2841 2259; x_wconf 91' lang='lat' dir='ltr'><strong>sit</strong></span> <span class='ocrx_word' id='word_1_700' title='bbox 2865 2207 3214 2276; x_wconf 83' lang='lat' dir='ltr'><strong>superﬂuum,</strong></span> <span class='ocrx_word' id='word_1_701' title='bbox 3242 2210 3479 2280; x_wconf 78' lang='lat' dir='ltr'><strong>nihilque</strong></span> 
     </span>
    </p>
   </div>
   <div class='ocr_carea' id='block_1_83' title="bbox 1895 2285 3479 2365">
    <p class='ocr_par' dir='ltr' id='par_1_83' title="bbox 1895 2285 3479 2365">
     <span class='ocr_line' id='line_1_83' title="bbox 1895 2285 3479 2365; baseline 0.012 -26"><span class='ocrx_word' id='word_1_702' title='bbox 1895 2285 2199 2343; x_wconf 88' lang='lat' dir='ltr'><strong>redundans</strong></span> <span class='ocrx_word' id='word_1_703' title='bbox 2223 2289 2274 2343; x_wconf 95' lang='lat' dir='ltr'><strong>in</strong></span> <span class='ocrx_word' id='word_1_704' title='bbox 2303 2289 2495 2346; x_wconf 87' lang='lat' dir='ltr'><strong>divinis</strong></span> <span class='ocrx_word' id='word_1_705' title='bbox 2521 2292 2734 2347; x_wconf 85' lang='lat' dir='ltr'><strong>Litoris.</strong></span> <span class='ocrx_word' id='word_1_706' title='bbox 2770 2293 3056 2365; x_wconf 85' lang='lat' dir='ltr'><strong>Postquam</strong></span> <span class='ocrx_word' id='word_1_707' title='bbox 3087 2299 3479 2358; x_wconf 84' lang='lat' dir='ltr'><strong>elementorum</strong></span> 
     </span>
    </p>
   </div>
   <div class='ocr_carea' id='block_1_84' title="bbox 1894 2380 3479 2461">
    <p class='ocr_par' dir='ltr' id='par_1_84' title="bbox 1894 2380 3479 2461">
     <span class='ocr_line' id='line_1_84' title="bbox 1894 2380 3479 2461; baseline 0.009 -30"><span class='ocrx_word' id='word_1_708' title='bbox 1894 2388 2081 2432; x_wconf 90' lang='lat' dir='ltr'><strong>cuncta</strong></span> <span class='ocrx_word' id='word_1_709' title='bbox 2107 2380 2575 2461; x_wconf 87' lang='lat' dir='ltr'><strong>complectentium</strong></span> <span class='ocrx_word' id='word_1_710' title='bbox 2603 2384 2864 2451; x_wconf 88' lang='lat' dir='ltr'><strong>meminit,</strong></span> <span class='ocrx_word' id='word_1_711' title='bbox 2888 2401 2995 2441; x_wconf 89' lang='lat' dir='ltr'><strong>non</strong></span> <span class='ocrx_word' id='word_1_712' title='bbox 3018 2389 3152 2443; x_wconf 89' lang='lat' dir='ltr'><strong>ultra</strong></span> <span class='ocrx_word' id='word_1_713' title='bbox 3178 2392 3479 2447; x_wconf 86' lang='lat' dir='ltr'><strong>minutatim</strong></span> 
     </span>
    </p>
   </div>
   <div class='ocr_carea' id='block_1_85' title="bbox 1894 2471 3477 2554">
    <p class='ocr_par' dir='ltr' id='par_1_85' title="bbox 1894 2471 3477 2554">
     <span class='ocr_line' id='line_1_85' title="bbox 1894 2471 3477 2554; baseline 0.01 -30"><span class='ocrx_word' id='word_1_714' title='bbox 1894 2471 2095 2541; x_wconf 89' lang='lat' dir='ltr'><strong>reliqua</strong></span> <span class='ocrx_word' id='word_1_715' title='bbox 2118 2485 2525 2542; x_wconf 87' lang='lat' dir='ltr'><strong>commemorat,</strong></span> <span class='ocrx_word' id='word_1_716' title='bbox 2568 2477 2662 2532; x_wconf 79' lang='lat' dir='ltr'><strong>sed</strong></span> <span class='ocrx_word' id='word_1_717' title='bbox 2694 2488 2750 2532; x_wconf 91' lang='lat' dir='ltr'><strong>ut</strong></span> <span class='ocrx_word' id='word_1_718' title='bbox 2781 2479 2937 2550; x_wconf 81' lang='lat' dir='ltr'><strong>dixit,</strong></span> <span class='ocrx_word' id='word_1_719' title='bbox 2973 2481 3203 2554; x_wconf 75' lang='lat' dir='ltr'><strong>Perfecta</strong></span> <span class='ocrx_word' id='word_1_720' title='bbox 3230 2495 3345 2540; x_wconf 89' lang='lat' dir='ltr'><strong>sunt</strong></span> <span class='ocrx_word' id='word_1_721' title='bbox 3375 2502 3477 2540; x_wconf 76' lang='lat' dir='ltr'><strong>ctr-</strong></span> 
     </span>
    </p>
   </div>
   <div class='ocr_carea' id='block_1_86' title="bbox 1896 2562 3479 2647">
    <p class='ocr_par' dir='ltr' id='par_1_86' title="bbox 1896 2562 3479 2647">
     <span class='ocr_line' id='line_1_86' title="bbox 1896 2562 3479 2647; baseline 0.01 -32"><span class='ocrx_word' id='word_1_722' title='bbox 1896 2562 1997 2617; x_wconf 83' lang='lat' dir='ltr'><strong>lum</strong></span> <span class='ocrx_word' id='word_1_723' title='bbox 2029 2574 2075 2619; x_wconf 87' lang='lat' dir='ltr'><strong>et</strong></span> <span class='ocrx_word' id='word_1_724' title='bbox 2106 2573 2259 2633; x_wconf 85' lang='lat' dir='ltr'><strong>terra,</strong></span> <span class='ocrx_word' id='word_1_725' title='bbox 2309 2567 2475 2635; x_wconf 88' lang='lat' dir='ltr'><strong>addit,</strong></span> <span class='ocrx_word' id='word_1_726' title='bbox 2519 2568 2584 2622; x_wconf 83' lang='lat' dir='ltr'><strong>Et</strong></span> <span class='ocrx_word' id='word_1_727' title='bbox 2628 2572 2789 2625; x_wconf 89' lang='lat' dir='ltr'><strong>omnis</strong></span> <span class='ocrx_word' id='word_1_728' title='bbox 2832 2582 3041 2629; x_wconf 85' lang='lat' dir='ltr'><strong>ornatus</strong></span> <span class='ocrx_word' id='word_1_729' title='bbox 3088 2591 3259 2629; x_wconf 84' lang='lat' dir='ltr'><strong>eorum</strong></span> <span class='ocrx_word' id='word_1_730' title='bbox 3297 2592 3317 2631; x_wconf 91' lang='lat'><strong><em>:</em></strong></span> <span class='ocrx_word' id='word_1_731' title='bbox 3372 2592 3479 2647; x_wconf 92' lang='lat' dir='ltr'><strong>quo</strong></span> 
     </span>
    </p>
   </div>
   <div class='ocr_carea' id='block_1_87' title="bbox 1893 2657 3477 2736">
    <p class='ocr_par' dir='ltr' id='par_1_87' title="bbox 1893 2657 3477 2736">
     <span class='ocr_line' id='line_1_87' title="bbox 1893 2657 3477 2736; baseline 0.011 -27"><span class='ocrx_word' id='word_1_732' title='bbox 1893 2657 2157 2727; x_wconf 82' lang='lat' dir='ltr'><strong>significat</strong></span> <span class='ocrx_word' id='word_1_733' title='bbox 2198 2659 2396 2727; x_wconf 89' lang='lat' dir='ltr'><strong>omnia,</strong></span> <span class='ocrx_word' id='word_1_734' title='bbox 2437 2671 2491 2718; x_wconf 87' lang='lat' dir='ltr'><strong>et</strong></span> <span class='ocrx_word' id='word_1_735' title='bbox 2531 2678 2651 2732; x_wconf 64' lang='lat' dir='ltr'><strong>qua!</strong></span> <span class='ocrx_word' id='word_1_736' title='bbox 2694 2664 2747 2717; x_wconf 92' lang='lat' dir='ltr'><strong>in</strong></span> <span class='ocrx_word' id='word_1_737' title='bbox 2777 2664 2941 2733; x_wconf 68' lang='lat' dir='ltr'><strong>cado,</strong></span> <span class='ocrx_word' id='word_1_738' title='bbox 2966 2674 3020 2719; x_wconf 66' lang='lat' dir='ltr'><strong>in</strong></span> <span class='ocrx_word' id='word_1_739' title='bbox 3062 2682 3181 2736; x_wconf 77' lang='lat' dir='ltr'><strong>qua:</strong></span> <span class='ocrx_word' id='word_1_740' title='bbox 3212 2668 3262 2724; x_wconf 85' lang='lat' dir='ltr'><strong>in</strong></span> <span class='ocrx_word' id='word_1_741' title='bbox 3311 2677 3477 2727; x_wconf 88' lang='lat' dir='ltr'><strong>terra.</strong></span> 
     </span>
    </p>
   </div>
   <div class='ocr_carea' id='block_1_88' title="bbox 1893 2747 3474 2827">
    <p class='ocr_par' dir='ltr' id='par_1_88' title="bbox 1893 2747 3474 2827">
     <span class='ocr_line' id='line_1_88' title="bbox 1893 2747 3474 2827; baseline 0.008 -26"><span class='ocrx_word' id='word_1_742' title='bbox 1893 2747 2124 2803; x_wconf 86' lang='lat' dir='ltr'><strong>Ornatus</strong></span> <span class='ocrx_word' id='word_1_743' title='bbox 2149 2750 2289 2804; x_wconf 89' lang='lat' dir='ltr'><strong>enim</strong></span> <span class='ocrx_word' id='word_1_744' title='bbox 2321 2760 2477 2806; x_wconf 65' lang='lat' dir='ltr'><strong>terra:</strong></span> <span class='ocrx_word' id='word_1_745' title='bbox 2506 2761 2629 2806; x_wconf 89' lang='lat' dir='ltr'><strong>sunt</strong></span> <span class='ocrx_word' id='word_1_746' title='bbox 2656 2768 2718 2807; x_wconf 90' lang='lat' dir='ltr'><strong>ea</strong></span> <span class='ocrx_word' id='word_1_747' title='bbox 2744 2770 2861 2824; x_wconf 71' lang='lat' dir='ltr'><strong>qua:</strong></span> <span class='ocrx_word' id='word_1_748' title='bbox 2889 2757 2957 2811; x_wconf 87' lang='lat' dir='ltr'><strong>ab</strong></span> <span class='ocrx_word' id='word_1_749' title='bbox 2984 2756 3073 2812; x_wconf 91' lang='lat' dir='ltr'><strong>illa</strong></span> <span class='ocrx_word' id='word_1_750' title='bbox 3114 2758 3474 2827; x_wconf 85' lang='lat' dir='ltr'><strong>proferuntur,</strong></span> 
     </span>
    </p>
   </div>
   <div class='ocr_carea' id='block_1_89' title="bbox 1894 2839 3478 2917">
    <p class='ocr_par' dir='ltr' id='par_1_89' title="bbox 1894 2839 3478 2917">
     <span class='ocr_line' id='line_1_89' title="bbox 1894 2839 3478 2917; baseline 0.009 -26"><span class='ocrx_word' id='word_1_751' title='bbox 1894 2847 1953 2901; x_wconf 86' lang='lat' dir='ltr'><strong>ut</strong></span> <span class='ocrx_word' id='word_1_752' title='bbox 1984 2839 2266 2895; x_wconf 90' lang='lat' dir='ltr'><strong>herbarum</strong></span> <span class='ocrx_word' id='word_1_753' title='bbox 2297 2842 2558 2910; x_wconf 85' lang='lat' dir='ltr'><strong>germina,</strong></span> <span class='ocrx_word' id='word_1_754' title='bbox 2589 2843 2853 2900; x_wconf 87' lang='lat' dir='ltr'><strong>fructuum</strong></span> <span class='ocrx_word' id='word_1_755' title='bbox 2885 2858 3195 2917; x_wconf 84' lang='lat' dir='ltr'><strong>proventus,</strong></span> <span class='ocrx_word' id='word_1_756' title='bbox 3224 2849 3478 2905; x_wconf 71' lang='lat' dir='ltr'><strong>arborum</strong></span> 
     </span>
    </p>
   </div>
   <div class='ocr_carea' id='block_1_90' title="bbox 1892 2928 3475 3009">
    <p class='ocr_par' dir='ltr' id='par_1_90' title="bbox 1892 2928 3475 3009">
     <span class='ocr_line' id='line_1_90' title="bbox 1892 2928 3475 3009; baseline 0.007 -26"><span class='ocrx_word' id='word_1_757' title='bbox 1892 2928 2115 2995; x_wconf 87' lang='lat' dir='ltr'><strong>fructus,</strong></span> <span class='ocrx_word' id='word_1_758' title='bbox 2145 2933 2353 3003; x_wconf 88' lang='lat' dir='ltr'><strong>aliaque</strong></span> <span class='ocrx_word' id='word_1_759' title='bbox 2383 2934 2560 2989; x_wconf 91' lang='lat' dir='ltr'><strong>omnia</strong></span> <span class='ocrx_word' id='word_1_760' title='bbox 2590 2934 2785 3005; x_wconf 90' lang='lat' dir='ltr'><strong>quibus</strong></span> <span class='ocrx_word' id='word_1_761' title='bbox 2831 2936 2974 2991; x_wconf 89' lang='lat' dir='ltr'><strong>illam</strong></span> <span class='ocrx_word' id='word_1_762' title='bbox 3010 2937 3199 3009; x_wconf 80' lang='lat' dir='ltr'><strong>Opifex</strong></span> <span class='ocrx_word' id='word_1_763' title='bbox 3236 2942 3475 2995; x_wconf 86' lang='lat' dir='ltr'><strong>ornavit:</strong></span> 
     </span>
    </p>
   </div>
   <div class='ocr_carea' id='block_1_91' title="bbox 1893 3025 3476 3101">
    <p class='ocr_par' dir='ltr' id='par_1_91' title="bbox 1893 3025 3476 3101">
     <span class='ocr_line' id='line_1_91' title="bbox 1893 3025 3476 3101; baseline 0.009 -26"><span class='ocrx_word' id='word_1_764' title='bbox 1893 3032 2116 3078; x_wconf 90' lang='lat' dir='ltr'><strong>ornatus</strong></span> <span class='ocrx_word' id='word_1_765' title='bbox 2144 3025 2336 3081; x_wconf 87' lang='lat' dir='ltr'><strong>iterum</strong></span> <span class='ocrx_word' id='word_1_766' title='bbox 2380 3027 2518 3092; x_wconf 83' lang='lat' dir='ltr'><strong>c:cii,</strong></span> <span class='ocrx_word' id='word_1_767' title='bbox 2568 3029 2670 3097; x_wconf 86' lang='lat' dir='ltr'><strong>sol,</strong></span> <span class='ocrx_word' id='word_1_768' title='bbox 2714 3029 2861 3097; x_wconf 89' lang='lat' dir='ltr'><strong>luna,</strong></span> <span class='ocrx_word' id='word_1_769' title='bbox 2906 3030 3180 3087; x_wconf 88' lang='lat' dir='ltr'><strong>stellarum</strong></span> <span class='ocrx_word' id='word_1_770' title='bbox 3228 3035 3476 3101; x_wconf 82' lang='lat' dir='ltr'><strong>varietas,</strong></span> 
     </span>
    </p>
   </div>
   <div class='ocr_carea' id='block_1_92' title="bbox 1894 3118 3480 3186">
    <p class='ocr_par' dir='ltr' id='par_1_92' title="bbox 1894 3118 3480 3186">
     <span class='ocr_line' id='line_1_92' title="bbox 1894 3118 3480 3186; baseline 0.008 -20"><span class='ocrx_word' id='word_1_771' title='bbox 1894 3126 2261 3186; x_wconf 68' lang='lat' dir='ltr'><strong>creaturwque</strong></span> <span class='ocrx_word' id='word_1_772' title='bbox 2322 3133 2509 3174; x_wconf 89' lang='lat' dir='ltr'><strong>omnes</strong></span> <span class='ocrx_word' id='word_1_773' title='bbox 2555 3118 2905 3176; x_wconf 67' lang='lat' dir='ltr'><strong>intermediaz.</strong></span> <span class='ocrx_word' id='word_1_774' title='bbox 2968 3121 3038 3177; x_wconf 90' lang='lat' dir='ltr'><strong>Et</strong></span> <span class='ocrx_word' id='word_1_775' title='bbox 3085 3122 3283 3179; x_wconf 85' lang='lat' dir='ltr'><strong>idcirco</strong></span> <span class='ocrx_word' id='word_1_776' title='bbox 3327 3139 3480 3180; x_wconf 89' lang='lat' dir='ltr'><strong>sacra</strong></span> 
     </span>
    </p>
   </div>
   <div class='ocr_carea' id='block_1_93' title="bbox 1896 3205 3479 3282">
    <p class='ocr_par' dir='ltr' id='par_1_93' title="bbox 1896 3205 3479 3282">
     <span class='ocr_line' id='line_1_93' title="bbox 1896 3205 3479 3282; baseline 0.009 -24"><span class='ocrx_word' id='word_1_777' title='bbox 1896 3205 2167 3277; x_wconf 90' lang='lat' dir='ltr'><strong>Scriptura</strong></span> <span class='ocrx_word' id='word_1_778' title='bbox 2212 3208 2401 3262; x_wconf 80' lang='lat' dir='ltr'><strong>caelum</strong></span> <span class='ocrx_word' id='word_1_779' title='bbox 2444 3218 2749 3281; x_wconf 78' lang='lat' dir='ltr'><strong>terramque</strong></span> <span class='ocrx_word' id='word_1_780' title='bbox 2789 3226 3289 3282; x_wconf 88' lang='lat' dir='ltr'><strong>commmemorans,</strong></span> <span class='ocrx_word' id='word_1_781' title='bbox 3319 3231 3479 3271; x_wconf 89' lang='lat' dir='ltr'><strong>omne</strong></span> 
     </span>
    </p>
   </div>
   <div class='ocr_carea' id='block_1_94' title="bbox 1897 3298 3479 3375">
    <p class='ocr_par' dir='ltr' id='par_1_94' title="bbox 1897 3298 3479 3375">
     <span class='ocr_line' id='line_1_94' title="bbox 1897 3298 3479 3375; baseline 0.007 -24"><span class='ocrx_word' id='word_1_782' title='bbox 1897 3298 1989 3352; x_wconf 86' lang='lat' dir='ltr'><strong>Dei</strong></span> <span class='ocrx_word' id='word_1_783' title='bbox 2025 3298 2293 3368; x_wconf 87' lang='lat' dir='ltr'><strong>opificium</strong></span> <span class='ocrx_word' id='word_1_784' title='bbox 2325 3316 2419 3370; x_wconf 80' lang='lat' dir='ltr'><strong>per</strong></span> <span class='ocrx_word' id='word_1_785' title='bbox 2448 3302 2560 3356; x_wconf 67' lang='lat' dir='ltr'><strong>haec</strong></span> <span class='ocrx_word' id='word_1_786' title='bbox 2590 3302 2854 3358; x_wconf 85' lang='lat' dir='ltr'><strong>elementa</strong></span> <span class='ocrx_word' id='word_1_787' title='bbox 2892 3305 3169 3375; x_wconf 87' lang='lat' dir='ltr'><strong>complexa</strong></span> <span class='ocrx_word' id='word_1_788' title='bbox 3200 3316 3303 3362; x_wconf 89' lang='lat' dir='ltr'><strong>est.</strong></span> <span class='ocrx_word' id='word_1_789' title='bbox 3330 3307 3385 3361; x_wconf 81' lang='lat'><strong>‘2.</strong></span> <span class='ocrx_word' id='word_1_790' title='bbox 3416 3308 3479 3362; x_wconf 65' lang='lat' dir='ltr'><strong>lit</strong></span> 
     </span>
    </p>
   </div>
   <div class='ocr_carea' id='block_1_95' title="bbox 1897 3388 3477 3470">
    <p class='ocr_par' dir='ltr' id='par_1_95' title="bbox 1897 3388 3477 3470">
     <span class='ocr_line' id='line_1_95' title="bbox 1897 3388 3477 3470; baseline 0.008 -29"><span class='ocrx_word' id='word_1_791' title='bbox 1897 3391 2125 3461; x_wconf 75' lang='lat' dir='ltr'><strong>perfecit,</strong></span> <span class='ocrx_word' id='word_1_792' title='bbox 2154 3391 2342 3461; x_wconf 90' lang='lat' dir='ltr'><strong>inquit,</strong></span> <span class='ocrx_word' id='word_1_793' title='bbox 2375 3392 2514 3449; x_wconf 88' lang='lat' dir='ltr'><strong>Deus</strong></span> <span class='ocrx_word' id='word_1_794' title='bbox 2557 3395 2639 3449; x_wconf 90' lang='lat' dir='ltr'><strong>die</strong></span> <span class='ocrx_word' id='word_1_795' title='bbox 2681 3406 2822 3451; x_wconf 78' lang='lat' dir='ltr'><strong>sexto</strong></span> <span class='ocrx_word' id='word_1_796' title='bbox 2853 3388 3006 3468; x_wconf 79' lang='lat' dir='ltr'><strong>opera</strong></span> <span class='ocrx_word' id='word_1_797' title='bbox 3049 3414 3144 3453; x_wconf 88' lang='lat' dir='ltr'><strong>sua</strong></span> <span class='ocrx_word' id='word_1_798' title='bbox 3186 3415 3301 3470; x_wconf 77' lang='lat' dir='ltr'><strong>qua:</strong></span> <span class='ocrx_word' id='word_1_799' title='bbox 3340 3402 3477 3470; x_wconf 75' lang='lat' dir='ltr'><strong>fecit.</strong></span> 
     </span>
    </p>
   </div>
   <div class='ocr_carea' id='block_1_96' title="bbox 1895 3479 3482 3555">
    <p class='ocr_par' dir='ltr' id='par_1_96' title="bbox 1895 3479 3482 3555">
     <span class='ocr_line' id='line_1_96' title="bbox 1895 3479 3482 3555; baseline 0.009 -23"><span class='ocrx_word' id='word_1_800' title='bbox 1895 3479 2187 3535; x_wconf 86' lang='lat' dir='ltr'><strong>Considera</strong></span> <span class='ocrx_word' id='word_1_801' title='bbox 2236 3482 2504 3550; x_wconf 91' lang='lat' dir='ltr'><strong>quomodo</strong></span> <span class='ocrx_word' id='word_1_802' title='bbox 2550 3485 2717 3539; x_wconf 88' lang='lat' dir='ltr'><strong>semel</strong></span> <span class='ocrx_word' id='word_1_803' title='bbox 2746 3496 2800 3540; x_wconf 88' lang='lat' dir='ltr'><strong>et</strong></span> <span class='ocrx_word' id='word_1_804' title='bbox 2847 3486 3041 3542; x_wconf 86' lang='lat' dir='ltr'><strong>iterum</strong></span> <span class='ocrx_word' id='word_1_805' title='bbox 3071 3487 3210 3543; x_wconf 86' lang='lat' dir='ltr'><strong>idem</strong></span> <span class='ocrx_word' id='word_1_806' title='bbox 3240 3490 3388 3555; x_wconf 89' lang='lat' dir='ltr'><strong>dicit,</strong></span> <span class='ocrx_word' id='word_1_807' title='bbox 3424 3501 3482 3546; x_wconf 90' lang='lat' dir='ltr'><strong>ut</strong></span> 
     </span>
    </p>
   </div>
   <div class='ocr_carea' id='block_1_97' title="bbox 1894 3571 3476 3638">
    <p class='ocr_par' dir='ltr' id='par_1_97' title="bbox 1894 3571 3476 3638">
     <span class='ocr_line' id='line_1_97' title="bbox 1894 3571 3476 3638; baseline 0.008 -13"><span class='ocrx_word' id='word_1_808' title='bbox 1894 3571 2163 3627; x_wconf 72' lang='lat' dir='ltr'><strong>discamus</strong></span> <span class='ocrx_word' id='word_1_809' title='bbox 2212 3574 2349 3628; x_wconf 90' lang='lat' dir='ltr'><strong>intra</strong></span> <span class='ocrx_word' id='word_1_810' title='bbox 2379 3585 2585 3630; x_wconf 86' lang='lat' dir='ltr'><strong>sextum</strong></span> <span class='ocrx_word' id='word_1_811' title='bbox 2624 3576 2764 3632; x_wconf 91' lang='lat' dir='ltr'><strong>diem</strong></span> <span class='ocrx_word' id='word_1_812' title='bbox 2803 3578 3041 3634; x_wconf 88' lang='lat' dir='ltr'><strong>absoluta</strong></span> <span class='ocrx_word' id='word_1_813' title='bbox 3084 3580 3248 3636; x_wconf 73' lang='lat' dir='ltr'><strong>fuisse</strong></span> <span class='ocrx_word' id='word_1_814' title='bbox 3277 3584 3476 3638; x_wconf 88' lang='lat' dir='ltr'><strong>omnia.</strong></span> 
     </span>
    </p>
   </div>
   <div class='ocr_carea' id='block_1_98' title="bbox 1898 3664 3479 3746">
    <p class='ocr_par' dir='ltr' id='par_1_98' title="bbox 1898 3664 3479 3746">
     <span class='ocr_line' id='line_1_98' title="bbox 1898 3664 3479 3746; baseline 0.006 -29"><span class='ocrx_word' id='word_1_815' title='bbox 1898 3664 2119 3733; x_wconf 80' lang='lat' dir='ltr'><strong>Perfecit</strong></span> <span class='ocrx_word' id='word_1_816' title='bbox 2148 3666 2313 3732; x_wconf 90' lang='lat' dir='ltr'><strong>enim,</strong></span> <span class='ocrx_word' id='word_1_817' title='bbox 2347 3667 2537 3736; x_wconf 90' lang='lat' dir='ltr'><strong>inquit,</strong></span> <span class='ocrx_word' id='word_1_818' title='bbox 2568 3668 2650 3722; x_wconf 90' lang='lat' dir='ltr'><strong>die</strong></span> <span class='ocrx_word' id='word_1_819' title='bbox 2687 3679 2827 3724; x_wconf 72' lang='lat' dir='ltr'><strong>sexto</strong></span> <span class='ocrx_word' id='word_1_820' title='bbox 2875 3686 3029 3738; x_wconf 80' lang='lat' dir='ltr'><strong>Opera</strong></span> <span class='ocrx_word' id='word_1_821' title='bbox 3073 3688 3169 3725; x_wconf 91' lang='lat' dir='ltr'><strong>sua</strong></span> <span class='ocrx_word' id='word_1_822' title='bbox 3202 3689 3315 3743; x_wconf 78' lang='lat' dir='ltr'><strong>qua:</strong></span> <span class='ocrx_word' id='word_1_823' title='bbox 3340 3678 3479 3746; x_wconf 79' lang='lat' dir='ltr'><strong>fecit,</strong></span> 
     </span>
    </p>
   </div>
   <div class='ocr_carea' id='block_1_99' title="bbox 1895 3758 3481 3835">
    <p class='ocr_par' dir='ltr' id='par_1_99' title="bbox 1895 3758 3481 3835">
     <span class='ocr_line' id='line_1_99' title="bbox 1895 3758 3481 3835; baseline 0.006 -25"><span class='ocrx_word' id='word_1_824' title='bbox 1895 3768 1942 3810; x_wconf 88' lang='lat' dir='ltr'><strong>et</strong></span> <span class='ocrx_word' id='word_1_825' title='bbox 1971 3758 2205 3822; x_wconf 83' lang='lat' dir='ltr'><strong>requievit</strong></span> <span class='ocrx_word' id='word_1_826' title='bbox 2244 3759 2326 3813; x_wconf 89' lang='lat' dir='ltr'><strong>die</strong></span> <span class='ocrx_word' id='word_1_827' title='bbox 2371 3761 2582 3830; x_wconf 85' lang='lat' dir='ltr'><strong>septimo</strong></span> <span class='ocrx_word' id='word_1_828' title='bbox 2608 3761 2670 3814; x_wconf 89' lang='lat' dir='ltr'><strong>ab</strong></span> <span class='ocrx_word' id='word_1_829' title='bbox 2713 3762 2941 3816; x_wconf 87' lang='lat' dir='ltr'><strong>omnibus</strong></span> <span class='ocrx_word' id='word_1_830' title='bbox 2973 3764 3207 3831; x_wconf 79' lang='lat' dir='ltr'><strong>operibus</strong></span> <span class='ocrx_word' id='word_1_831' title='bbox 3235 3766 3339 3819; x_wconf 88' lang='lat' dir='ltr'><strong>suis</strong></span> <span class='ocrx_word' id='word_1_832' title='bbox 3365 3783 3481 3835; x_wconf 80' lang='lat' dir='ltr'><strong>qua:</strong></span> 
     </span>
    </p>
   </div>
   <div class='ocr_carea' id='block_1_100' title="bbox 1896 3851 3481 3925">
    <p class='ocr_par' dir='ltr' id='par_1_100' title="bbox 1896 3851 3481 3925">
     <span class='ocr_line' id='line_1_100' title="bbox 1896 3851 3481 3925; baseline 0.003 -20"><span class='ocrx_word' id='word_1_833' title='bbox 1896 3853 2033 3921; x_wconf 76' lang='lat' dir='ltr'><strong>fecit.</strong></span> <span class='ocrx_word' id='word_1_834' title='bbox 2066 3852 2202 3919; x_wconf 87' lang='lat' dir='ltr'><strong>Quid</strong></span> <span class='ocrx_word' id='word_1_835' title='bbox 2228 3861 2310 3909; x_wconf 89' lang='lat' dir='ltr'><strong>est</strong></span> <span class='ocrx_word' id='word_1_836' title='bbox 2338 3852 2481 3923; x_wconf 90' lang='lat' dir='ltr'><strong>quod</strong></span> <span class='ocrx_word' id='word_1_837' title='bbox 2523 3851 2652 3911; x_wconf 87' lang='lat' dir='ltr'><strong>dicit</strong></span> <span class='ocrx_word' id='word_1_838' title='bbox 2680 3870 2695 3908; x_wconf 87' lang='lat'><strong>:</strong></span> <span class='ocrx_word' id='word_1_839' title='bbox 2728 3852 2797 3907; x_wconf 89' lang='lat' dir='ltr'><strong>Et</strong></span> <span class='ocrx_word' id='word_1_840' title='bbox 2826 3856 3059 3925; x_wconf 85' lang='lat' dir='ltr'><strong>requievit</strong></span> <span class='ocrx_word' id='word_1_841' title='bbox 3100 3856 3237 3912; x_wconf 87' lang='lat' dir='ltr'><strong>Deus</strong></span> <span class='ocrx_word' id='word_1_842' title='bbox 3277 3859 3360 3912; x_wconf 86' lang='lat' dir='ltr'><strong>die</strong></span> <span class='ocrx_word' id='word_1_843' title='bbox 3397 3876 3481 3912; x_wconf 81' lang='lat' dir='ltr'><strong>se-</strong></span> 
     </span>
    </p>
   </div>
   <div class='ocr_carea' id='block_1_101' title="bbox 1896 3943 3479 4017">
    <p class='ocr_par' dir='ltr' id='par_1_101' title="bbox 1896 3943 3479 4017">
     <span class='ocr_line' id='line_1_101' title="bbox 1896 3943 3479 4017; baseline 0.004 -22"><span class='ocrx_word' id='word_1_844' title='bbox 1896 3944 2052 4012; x_wconf 85' lang='lat' dir='ltr'><strong>ptimo</strong></span> <span class='ocrx_word' id='word_1_845' title='bbox 2081 3943 2144 3997; x_wconf 91' lang='lat' dir='ltr'><strong>ab</strong></span> <span class='ocrx_word' id='word_1_846' title='bbox 2186 3944 2421 4013; x_wconf 84' lang='lat' dir='ltr'><strong>operibus</strong></span> <span class='ocrx_word' id='word_1_847' title='bbox 2446 3945 2551 3998; x_wconf 83' lang='lat' dir='ltr'><strong>suis</strong></span> <span class='ocrx_word' id='word_1_848' title='bbox 2589 3960 2701 4015; x_wconf 78' lang='lat' dir='ltr'><strong>qua:</strong></span> <span class='ocrx_word' id='word_1_849' title='bbox 2728 3945 2884 4014; x_wconf 79' lang='lat' dir='ltr'><strong>fecit?</strong></span> <span class='ocrx_word' id='word_1_850' title='bbox 2913 3945 3046 4001; x_wconf 87' lang='lat' dir='ltr'><strong>Vide</strong></span> <span class='ocrx_word' id='word_1_851' title='bbox 3081 3948 3348 4017; x_wconf 82' lang='lat' dir='ltr'><strong>quomodo</strong></span> <span class='ocrx_word' id='word_1_852' title='bbox 3377 3951 3445 4002; x_wconf 88' lang='lat' dir='ltr'><strong>Im</strong></span> <span class='ocrx_word' id='word_1_853' title='bbox 3464 3979 3479 3989; x_wconf 83' lang='lat'><strong>-</strong></span> 
     </span>
    </p>
   </div>
   <div class='ocr_carea' id='block_1_102' title="bbox 1896 4036 3478 4107">
    <p class='ocr_par' dir='ltr' id='par_1_102' title="bbox 1896 4036 3478 4107">
     <span class='ocr_line' id='line_1_102' title="bbox 1896 4036 3478 4107; baseline 0.005 -19"><span class='ocrx_word' id='word_1_854' title='bbox 1896 4050 2056 4089; x_wconf 83' lang='lat' dir='ltr'><strong>mana</strong></span> <span class='ocrx_word' id='word_1_855' title='bbox 2091 4050 2262 4102; x_wconf 89' lang='lat' dir='ltr'><strong>more,</strong></span> <span class='ocrx_word' id='word_1_856' title='bbox 2290 4046 2342 4090; x_wconf 91' lang='lat' dir='ltr'><strong>et</strong></span> <span class='ocrx_word' id='word_1_857' title='bbox 2382 4036 2610 4106; x_wconf 88' lang='lat' dir='ltr'><strong>quadam</strong></span> <span class='ocrx_word' id='word_1_858' title='bbox 2656 4040 3096 4107; x_wconf 88' lang='lat' dir='ltr'><strong>attemperationc</strong></span> <span class='ocrx_word' id='word_1_859' title='bbox 3125 4040 3190 4093; x_wconf 90' lang='lat' dir='ltr'><strong>ad</strong></span> <span class='ocrx_word' id='word_1_860' title='bbox 3239 4054 3478 4096; x_wconf 74' lang='lat' dir='ltr'><strong>nosmnn</strong></span> 
     </span>
    </p>
   </div>
   <div class='ocr_carea' id='block_1_103' title="bbox 1898 4127 3483 4203">
    <p class='ocr_par' dir='ltr' id='par_1_103' title="bbox 1898 4127 3483 4203">
     <span class='ocr_line' id='line_1_103' title="bbox 1898 4127 3483 4203; baseline 0.003 -23"><span class='ocrx_word' id='word_1_861' title='bbox 1898 4127 2313 4183; x_wconf 89' lang='lat' dir='ltr'><strong>imbecillitatem</strong></span> <span class='ocrx_word' id='word_1_862' title='bbox 2341 4129 2516 4183; x_wconf 86' lang='lat' dir='ltr'><strong>divina</strong></span> <span class='ocrx_word' id='word_1_863' title='bbox 2541 4129 2815 4199; x_wconf 84' lang='lat' dir='ltr'><strong>Scriptura</strong></span> <span class='ocrx_word' id='word_1_864' title='bbox 2842 4132 3019 4185; x_wconf 90' lang='lat' dir='ltr'><strong>omnia</strong></span> <span class='ocrx_word' id='word_1_865' title='bbox 3046 4132 3323 4203; x_wconf 87' lang='lat' dir='ltr'><strong>loquatur:</strong></span> <span class='ocrx_word' id='word_1_866' title='bbox 3346 4134 3483 4187; x_wconf 89' lang='lat' dir='ltr'><strong>alio-</strong></span> 
     </span>
    </p>
   </div>
   <div class='ocr_carea' id='block_1_104' title="bbox 1895 4220 3481 4294">
    <p class='ocr_par' dir='ltr' id='par_1_104' title="bbox 1895 4220 3481 4294">
     <span class='ocr_line' id='line_1_104' title="bbox 1895 4220 3481 4294; baseline 0.004 -21"><span class='ocrx_word' id='word_1_867' title='bbox 1895 4220 2006 4290; x_wconf 88' lang='lat' dir='ltr'><strong>qui,</strong></span> <span class='ocrx_word' id='word_1_868' title='bbox 2058 4222 2157 4275; x_wconf 91' lang='lat' dir='ltr'><strong>nisi</strong></span> <span class='ocrx_word' id='word_1_869' title='bbox 2204 4221 2304 4277; x_wconf 90' lang='lat' dir='ltr'><strong>hac</strong></span> <span class='ocrx_word' id='word_1_870' title='bbox 2344 4224 2550 4278; x_wconf 88' lang='lat' dir='ltr'><strong>ratione</strong></span> <span class='ocrx_word' id='word_1_871' title='bbox 2592 4240 2684 4278; x_wconf 89' lang='lat' dir='ltr'><strong>usa</strong></span> <span class='ocrx_word' id='word_1_872' title='bbox 2714 4222 2922 4289; x_wconf 86' lang='lat' dir='ltr'><strong>fuisset,</strong></span> <span class='ocrx_word' id='word_1_873' title='bbox 2969 4240 3074 4279; x_wconf 91' lang='lat' dir='ltr'><strong>non</strong></span> <span class='ocrx_word' id='word_1_874' title='bbox 3121 4228 3481 4294; x_wconf 88' lang='lat' dir='ltr'><strong>potuissemus</strong></span> 
     </span>
    </p>
   </div>
   <div class='ocr_carea' id='block_1_105' title="bbox 1897 4312 3476 4385">
    <p class='ocr_par' dir='ltr' id='par_1_105' title="bbox 1897 4312 3476 4385">
     <span class='ocr_line' id='line_1_105' title="bbox 1897 4312 3476 4385; baseline 0.001 -20"><span class='ocrx_word' id='word_1_875' title='bbox 1897 4313 2096 4382; x_wconf 90' lang='lat' dir='ltr'><strong>aliquid</strong></span> <span class='ocrx_word' id='word_1_876' title='bbox 2129 4313 2390 4368; x_wconf 89' lang='lat' dir='ltr'><strong>dictorum</strong></span> <span class='ocrx_word' id='word_1_877' title='bbox 2418 4314 2534 4383; x_wconf 79' lang='lat' dir='ltr'><strong>ejus</strong></span> <span class='ocrx_word' id='word_1_878' title='bbox 2559 4315 2873 4384; x_wconf 85' lang='lat' dir='ltr'><strong>intelligere.</strong></span> <span class='ocrx_word' id='word_1_879' title='bbox 2911 4312 2976 4367; x_wconf 87' lang='lat' dir='ltr'><strong>Et</strong></span> <span class='ocrx_word' id='word_1_880' title='bbox 3001 4318 3256 4385; x_wconf 86' lang='lat' dir='ltr'><strong>requievit,</strong></span> <span class='ocrx_word' id='word_1_881' title='bbox 3287 4318 3476 4385; x_wconf 79' lang='lat' dir='ltr'><strong>inquit,</strong></span> 
     </span>
    </p>
   </div>
   <div class='ocr_carea' id='block_1_106' title="bbox 1897 4403 3480 4475">
    <p class='ocr_par' dir='ltr' id='par_1_106' title="bbox 1897 4403 3480 4475">
     <span class='ocr_line' id='line_1_106' title="bbox 1897 4403 3480 4475; baseline -0.001 -18"><span class='ocrx_word' id='word_1_882' title='bbox 1897 4403 2034 4458; x_wconf 89' lang='lat' dir='ltr'><strong>Deus</strong></span> <span class='ocrx_word' id='word_1_883' title='bbox 2062 4405 2144 4457; x_wconf 89' lang='lat' dir='ltr'><strong>die</strong></span> <span class='ocrx_word' id='word_1_884' title='bbox 2172 4405 2382 4475; x_wconf 81' lang='lat' dir='ltr'><strong>septimo</strong></span> <span class='ocrx_word' id='word_1_885' title='bbox 2419 4406 2483 4457; x_wconf 88' lang='lat' dir='ltr'><strong>ab</strong></span> <span class='ocrx_word' id='word_1_886' title='bbox 2508 4405 2736 4459; x_wconf 74' lang='lat' dir='ltr'><strong>omnibus</strong></span> <span class='ocrx_word' id='word_1_887' title='bbox 2779 4405 3011 4474; x_wconf 82' lang='lat' dir='ltr'><strong>operibus</strong></span> <span class='ocrx_word' id='word_1_888' title='bbox 3038 4408 3140 4459; x_wconf 87' lang='lat' dir='ltr'><strong>suis</strong></span> <span class='ocrx_word' id='word_1_889' title='bbox 3187 4422 3299 4470; x_wconf 73' lang='lat' dir='ltr'><strong>qtae</strong></span> <span class='ocrx_word' id='word_1_890' title='bbox 3338 4408 3480 4475; x_wconf 77' lang='lat' dir='ltr'><strong>fecit.</strong></span> 
     </span>
    </p>
   </div>
   <div class='ocr_carea' id='block_1_107' title="bbox 1895 4497 3475 4568">
    <p class='ocr_par' dir='ltr' id='par_1_107' title="bbox 1895 4497 3475 4568">
     <span class='ocr_line' id='line_1_107' title="bbox 1895 4497 3475 4568; baseline 0.001 -15"><span class='ocrx_word' id='word_1_891' title='bbox 1895 4497 2164 4562; x_wconf 87' lang='lat' dir='ltr'><strong>Substitit,</strong></span> <span class='ocrx_word' id='word_1_892' title='bbox 2180 4498 2372 4568; x_wconf 90' lang='lat' dir='ltr'><strong>inquit,</strong></span> <span class='ocrx_word' id='word_1_893' title='bbox 2389 4506 2441 4553; x_wconf 90' lang='lat' dir='ltr'><strong>et</strong></span> <span class='ocrx_word' id='word_1_894' title='bbox 2461 4499 2689 4553; x_wconf 86' lang='lat' dir='ltr'><strong>cessavit</strong></span> <span class='ocrx_word' id='word_1_895' title='bbox 2717 4513 2745 4550; x_wconf 92' lang='lat' dir='ltr'><strong>a</strong></span> <span class='ocrx_word' id='word_1_896' title='bbox 2772 4498 3062 4553; x_wconf 89' lang='lat' dir='ltr'><strong>formandis</strong></span> <span class='ocrx_word' id='word_1_897' title='bbox 3091 4500 3475 4568; x_wconf 87' lang='lat' dir='ltr'><strong>producendis-</strong></span> 
     </span>
    </p>
   </div>
   <div class='ocr_carea' id='block_1_108' title="bbox 1895 4589 3479 4661">
    <p class='ocr_par' dir='ltr' id='par_1_108' title="bbox 1895 4589 3479 4661">
     <span class='ocr_line' id='line_1_108' title="bbox 1895 4589 3479 4661; baseline 0.004 -20"><span class='ocrx_word' id='word_1_898' title='bbox 1895 4604 1999 4658; x_wconf 90' lang='lat' dir='ltr'><strong>que</strong></span> <span class='ocrx_word' id='word_1_899' title='bbox 2023 4605 2088 4645; x_wconf 82' lang='lat' dir='ltr'><strong>ex</strong></span> <span class='ocrx_word' id='word_1_900' title='bbox 2121 4589 2285 4643; x_wconf 88' lang='lat' dir='ltr'><strong>nihilo</strong></span> <span class='ocrx_word' id='word_1_901' title='bbox 2313 4591 2492 4645; x_wconf 89' lang='lat' dir='ltr'><strong>rebus.</strong></span> <span class='ocrx_word' id='word_1_902' title='bbox 2511 4589 2698 4645; x_wconf 91' lang='lat' dir='ltr'><strong>Omnia</strong></span> <span class='ocrx_word' id='word_1_903' title='bbox 2721 4589 2861 4645; x_wconf 89' lang='lat' dir='ltr'><strong>cnim</strong></span> <span class='ocrx_word' id='word_1_904' title='bbox 2889 4606 3237 4661; x_wconf 73' lang='lat' dir='ltr'><strong>qumcumque</strong></span> <span class='ocrx_word' id='word_1_905' title='bbox 3262 4604 3479 4659; x_wconf 84' lang='lat' dir='ltr'><strong>oporte-</strong></span> 
     </span>
    </p>
   </div>
   <div class='ocr_carea' id='block_1_109' title="bbox 1897 4678 3476 4750">
    <p class='ocr_par' dir='ltr' id='par_1_109' title="bbox 1897 4678 3476 4750">
     <span class='ocr_line' id='line_1_109' title="bbox 1897 4678 3476 4750; baseline -0.001 -17"><span class='ocrx_word' id='word_1_906' title='bbox 1897 4679 1986 4733; x_wconf 91' lang='lat' dir='ltr'><strong>hat</strong></span> <span class='ocrx_word' id='word_1_907' title='bbox 2012 4680 2359 4750; x_wconf 77' lang='lat' dir='ltr'><strong>produxerat,</strong></span> <span class='ocrx_word' id='word_1_908' title='bbox 2390 4688 2446 4733; x_wconf 91' lang='lat' dir='ltr'><strong>et</strong></span> <span class='ocrx_word' id='word_1_909' title='bbox 2464 4695 2585 4733; x_wconf 90' lang='lat' dir='ltr'><strong>eum</strong></span> <span class='ocrx_word' id='word_1_910' title='bbox 2611 4678 2703 4749; x_wconf 91' lang='lat' dir='ltr'><strong>qui</strong></span> <span class='ocrx_word' id='word_1_911' title='bbox 2733 4679 2813 4733; x_wconf 88' lang='lat' dir='ltr'><strong>his</strong></span> <span class='ocrx_word' id='word_1_912' title='bbox 2853 4679 3109 4733; x_wconf 87' lang='lat' dir='ltr'><strong>fruiturus</strong></span> <span class='ocrx_word' id='word_1_913' title='bbox 3140 4691 3251 4734; x_wconf 82' lang='lat' dir='ltr'><strong>erat</strong></span> <span class='ocrx_word' id='word_1_914' title='bbox 3282 4684 3476 4735; x_wconf 76' lang='lat' dir='ltr'><strong>forma-</strong></span> 
     </span>
    </p>
   </div>
   <div class='ocr_carea' id='block_1_110' title="bbox 1895 4774 3478 4846">
    <p class='ocr_par' dir='ltr' id='par_1_110' title="bbox 1895 4774 3478 4846">
     <span class='ocr_line' id='line_1_110' title="bbox 1895 4774 3478 4846; baseline 0.001 -17"><span class='ocrx_word' id='word_1_915' title='bbox 1895 4785 2063 4830; x_wconf 82' lang='lat' dir='ltr'><strong>verat.</strong></span> <span class='ocrx_word' id='word_1_916' title='bbox 2096 4776 2149 4831; x_wconf 79' lang='grc'><strong>5.</strong></span> <span class='ocrx_word' id='word_1_917' title='bbox 2177 4774 2238 4828; x_wconf 91' lang='lat' dir='ltr'><strong>Et</strong></span> <span class='ocrx_word' id='word_1_918' title='bbox 2262 4774 2535 4840; x_wconf 77' lang='lat' dir='ltr'><strong>benedixit,</strong></span> <span class='ocrx_word' id='word_1_919' title='bbox 2578 4774 2765 4844; x_wconf 89' lang='lat' dir='ltr'><strong>inquit,</strong></span> <span class='ocrx_word' id='word_1_920' title='bbox 2798 4774 2933 4827; x_wconf 87' lang='lat' dir='ltr'><strong>Deus</strong></span> <span class='ocrx_word' id='word_1_921' title='bbox 2957 4774 3088 4827; x_wconf 85' lang='lat' dir='ltr'><strong>diem</strong></span> <span class='ocrx_word' id='word_1_922' title='bbox 3113 4777 3402 4846; x_wconf 81' lang='lat' dir='ltr'><strong>septimum,</strong></span> <span class='ocrx_word' id='word_1_923' title='bbox 3430 4786 3478 4830; x_wconf 82' lang='lat' dir='ltr'><strong>et</strong></span> 
     </span>
    </p>
   </div>
   <div class='ocr_carea' id='block_1_111' title="bbox 1894 4866 3480 4938">
    <p class='ocr_par' dir='ltr' id='par_1_111' title="bbox 1894 4866 3480 4938">
     <span class='ocr_line' id='line_1_111' title="bbox 1894 4866 3480 4938; baseline 0.001 -18"><span class='ocrx_word' id='word_1_924' title='bbox 1894 4866 2221 4935; x_wconf 78' lang='lat' dir='ltr'><strong>sancti/ienuit</strong></span> <span class='ocrx_word' id='word_1_925' title='bbox 2267 4867 2433 4932; x_wconf 83' lang='lat' dir='ltr'><strong>illum,</strong></span> <span class='ocrx_word' id='word_1_926' title='bbox 2477 4867 2594 4937; x_wconf 86' lang='lat' dir='ltr'><strong>quia</strong></span> <span class='ocrx_word' id='word_1_927' title='bbox 2635 4867 2689 4919; x_wconf 89' lang='lat' dir='ltr'><strong>in</strong></span> <span class='ocrx_word' id='word_1_928' title='bbox 2734 4866 2825 4920; x_wconf 83' lang='lat' dir='ltr'><strong>illo</strong></span> <span class='ocrx_word' id='word_1_929' title='bbox 2870 4866 3109 4938; x_wconf 85' lang='lat' dir='ltr'><strong>requievit</strong></span> <span class='ocrx_word' id='word_1_930' title='bbox 3146 4869 3209 4921; x_wconf 90' lang='lat' dir='ltr'><strong>ab</strong></span> <span class='ocrx_word' id='word_1_931' title='bbox 3247 4868 3480 4922; x_wconf 77' lang='lat' dir='ltr'><strong>omnibus</strong></span> 
     </span>
    </p>
   </div>
   <div class='ocr_carea' id='block_1_112' title="bbox 1894 4955 3474 5027">
    <p class='ocr_par' dir='ltr' id='par_1_112' title="bbox 1894 4955 3474 5027">
     <span class='ocr_line' id='line_1_112' title="bbox 1894 4955 3474 5027; baseline 0.001 -17"><span class='ocrx_word' id='word_1_932' title='bbox 1894 4956 2127 5026; x_wconf 85' lang='lat' dir='ltr'><strong>operibus</strong></span> <span class='ocrx_word' id='word_1_933' title='bbox 2155 4956 2258 5011; x_wconf 90' lang='lat' dir='ltr'><strong>suis</strong></span> <span class='ocrx_word' id='word_1_934' title='bbox 2281 4972 2394 5027; x_wconf 76' lang='lat' dir='ltr'><strong>qua:</strong></span> <span class='ocrx_word' id='word_1_935' title='bbox 2419 4965 2635 5026; x_wconf 69' lang='lat' dir='ltr'><strong>mperat</strong></span> <span class='ocrx_word' id='word_1_936' title='bbox 2662 4955 2799 5011; x_wconf 87' lang='lat' dir='ltr'><strong>Deus</strong></span> <span class='ocrx_word' id='word_1_937' title='bbox 2828 4956 3012 5026; x_wconf 75' lang='lat' dir='ltr'><strong>facere.</strong></span> <span class='ocrx_word' id='word_1_938' title='bbox 3035 4956 3165 5011; x_wconf 85' lang='lat' dir='ltr'><strong>Nam</strong></span> <span class='ocrx_word' id='word_1_939' title='bbox 3198 4967 3474 5027; x_wconf 91' lang='lat' dir='ltr'><strong>postquam</strong></span> 
     </span>
    </p>
   </div>
   <div class='ocr_carea' id='block_1_113' title="bbox 1895 5046 3479 5119">
    <p class='ocr_par' dir='ltr' id='par_1_113' title="bbox 1895 5046 3479 5119">
     <span class='ocr_line' id='line_1_113' title="bbox 1895 5046 3479 5119; baseline 0 -16"><span class='ocrx_word' id='word_1_940' title='bbox 1895 5048 2131 5103; x_wconf 85' lang='lat' dir='ltr'><strong>substitit</strong></span> <span class='ocrx_word' id='word_1_941' title='bbox 2157 5046 2365 5119; x_wconf 80' lang='lat' dir='ltr'><strong>Opifex,</strong></span> <span class='ocrx_word' id='word_1_942' title='bbox 2398 5057 2453 5103; x_wconf 90' lang='lat' dir='ltr'><strong>et</strong></span> <span class='ocrx_word' id='word_1_943' title='bbox 2477 5049 2653 5103; x_wconf 90' lang='lat' dir='ltr'><strong>omnia</strong></span> <span class='ocrx_word' id='word_1_944' title='bbox 2683 5063 3033 5119; x_wconf 67' lang='lat' dir='ltr'><strong>quaecumque</strong></span> <span class='ocrx_word' id='word_1_945' title='bbox 3065 5049 3254 5112; x_wconf 86' lang='lat' dir='ltr'><strong>voluit,</strong></span> <span class='ocrx_word' id='word_1_946' title='bbox 3283 5065 3479 5104; x_wconf 88' lang='lat' dir='ltr'><strong>secun-</strong></span> 
     </span>
    </p>
   </div>
   <div class='ocr_carea' id='block_1_114' title="bbox 1894 5137 3474 5210">
    <p class='ocr_par' dir='ltr' id='par_1_114' title="bbox 1894 5137 3474 5210">
     <span class='ocr_line' id='line_1_114' title="bbox 1894 5137 3474 5210; baseline 0.002 -18"><span class='ocrx_word' id='word_1_947' title='bbox 1894 5137 2020 5192; x_wconf 90' lang='lat' dir='ltr'><strong>dum</strong></span> <span class='ocrx_word' id='word_1_948' title='bbox 2064 5138 2440 5207; x_wconf 87' lang='lat' dir='ltr'><strong>benignitatem</strong></span> <span class='ocrx_word' id='word_1_949' title='bbox 2491 5153 2643 5192; x_wconf 88' lang='lat' dir='ltr'><strong>suam</strong></span> <span class='ocrx_word' id='word_1_950' title='bbox 2683 5152 2780 5192; x_wconf 90' lang='lat' dir='ltr'><strong>suo</strong></span> <span class='ocrx_word' id='word_1_951' title='bbox 2808 5148 3076 5209; x_wconf 65' lang='lat' dir='ltr'><strong>praecepto</strong></span> <span class='ocrx_word' id='word_1_952' title='bbox 3125 5141 3378 5210; x_wconf 79' lang='lat' dir='ltr'><strong>produxit</strong></span> <span class='ocrx_word' id='word_1_953' title='bbox 3422 5144 3474 5195; x_wconf 90' lang='lat' dir='ltr'><strong>in</strong></span> 
     </span>
    </p>
   </div>
   <div class='ocr_carea' id='block_1_115' title="bbox 1895 5231 3471 5299">
    <p class='ocr_par' dir='ltr' id='par_1_115' title="bbox 1895 5231 3471 5299">
     <span class='ocr_line' id='line_1_115' title="bbox 1895 5231 3471 5299; baseline 0.001 -13"><span class='ocrx_word' id='word_1_954' title='bbox 1895 5232 2154 5299; x_wconf 88' lang='lat' dir='ltr'><strong>medium,</strong></span> <span class='ocrx_word' id='word_1_955' title='bbox 2186 5242 2311 5287; x_wconf 90' lang='lat' dir='ltr'><strong>tunc</strong></span> <span class='ocrx_word' id='word_1_956' title='bbox 2346 5231 2507 5287; x_wconf 84' lang='lat' dir='ltr'><strong>tinem</strong></span> <span class='ocrx_word' id='word_1_957' title='bbox 2537 5231 2827 5285; x_wconf 68' lang='lat' dir='ltr'><strong>formandi‘</strong></span> <span class='ocrx_word' id='word_1_958' title='bbox 2860 5231 2985 5287; x_wconf 88' lang='lat' dir='ltr'><strong>fecit</strong></span> <span class='ocrx_word' id='word_1_959' title='bbox 3010 5231 3096 5287; x_wconf 89' lang='lat' dir='ltr'><strong>die</strong></span> <span class='ocrx_word' id='word_1_960' title='bbox 3137 5241 3322 5297; x_wconf 80' lang='lat' dir='ltr'><strong>sexto;</strong></span> <span class='ocrx_word' id='word_1_961' title='bbox 3351 5248 3471 5288; x_wconf 91' lang='lat' dir='ltr'><strong>cum</strong></span> 
     </span>
    </p>
   </div>
   <div class='ocr_carea' id='block_1_116' title="bbox 1895 5323 3473 5396">
    <p class='ocr_par' dir='ltr' id='par_1_116' title="bbox 1895 5323 3473 5396">
     <span class='ocr_line' id='line_1_116' title="bbox 1895 5323 3473 5396; baseline 0.002 -20"><span class='ocrx_word' id='word_1_962' title='bbox 1895 5324 2023 5377; x_wconf 91' lang='lat' dir='ltr'><strong>nihil</strong></span> <span class='ocrx_word' id='word_1_963' title='bbox 2067 5323 2211 5378; x_wconf 89' lang='lat' dir='ltr'><strong>aliud</strong></span> <span class='ocrx_word' id='word_1_964' title='bbox 2255 5324 2342 5379; x_wconf 90' lang='lat' dir='ltr'><strong>die</strong></span> <span class='ocrx_word' id='word_1_965' title='bbox 2384 5324 2611 5394; x_wconf 90' lang='lat' dir='ltr'><strong>septimo</strong></span> <span class='ocrx_word' id='word_1_966' title='bbox 2652 5323 2949 5393; x_wconf 89' lang='lat' dir='ltr'><strong>producere</strong></span> <span class='ocrx_word' id='word_1_967' title='bbox 2991 5325 3177 5390; x_wconf 88' lang='lat' dir='ltr'><strong>vellet,</strong></span> <span class='ocrx_word' id='word_1_968' title='bbox 3224 5340 3291 5380; x_wconf 92' lang='lat' dir='ltr'><strong>eo</strong></span> <span class='ocrx_word' id='word_1_969' title='bbox 3332 5326 3473 5396; x_wconf 88' lang='lat' dir='ltr'><strong>quod</strong></span> 
     </span>
    </p>
   </div>
   <div class='ocr_carea' id='block_1_117' title="bbox 1894 5417 3474 5488">
    <p class='ocr_par' dir='ltr' id='par_1_117' title="bbox 1894 5417 3474 5488">
     <span class='ocr_line' id='line_1_117' title="bbox 1894 5417 3474 5488; baseline 0.003 -19"><span class='ocrx_word' id='word_1_970' title='bbox 1894 5417 2094 5482; x_wconf 89' lang='lat' dir='ltr'><strong>omnia,</strong></span> <span class='ocrx_word' id='word_1_971' title='bbox 2125 5433 2244 5487; x_wconf 68' lang='lat' dir='ltr'><strong>qum</strong></span> <span class='ocrx_word' id='word_1_972' title='bbox 2270 5418 2446 5472; x_wconf 88' lang='lat' dir='ltr'><strong>facere</strong></span> <span class='ocrx_word' id='word_1_973' title='bbox 2470 5417 2729 5483; x_wconf 75' lang='lat' dir='ltr'><strong>voluerat,</strong></span> <span class='ocrx_word' id='word_1_974' title='bbox 2749 5417 2859 5487; x_wconf 89' lang='lat' dir='ltr'><strong>jam</strong></span> <span class='ocrx_word' id='word_1_975' title='bbox 2900 5418 3140 5488; x_wconf 77' lang='lat' dir='ltr'><strong>perfecta</strong></span> <span class='ocrx_word' id='word_1_976' title='bbox 3172 5428 3386 5474; x_wconf 90' lang='lat' dir='ltr'><strong>essent:</strong></span> <span class='ocrx_word' id='word_1_977' title='bbox 3420 5430 3474 5474; x_wconf 91' lang='lat' dir='ltr'><strong>ut</strong></span> 
     </span>
    </p>
   </div>
   <div class='ocr_carea' id='block_1_118' title="bbox 1896 5509 3473 5581">
    <p class='ocr_par' dir='ltr' id='par_1_118' title="bbox 1896 5509 3473 5581">
     <span class='ocr_line' id='line_1_118' title="bbox 1896 5509 3473 5581; baseline 0.001 -18"><span class='ocrx_word' id='word_1_978' title='bbox 1896 5509 2115 5565; x_wconf 89' lang='lat' dir='ltr'><strong>haberet</strong></span> <span class='ocrx_word' id='word_1_979' title='bbox 2151 5509 2308 5564; x_wconf 90' lang='lat' dir='ltr'><strong>etiam</strong></span> <span class='ocrx_word' id='word_1_980' title='bbox 2337 5509 2452 5564; x_wconf 91' lang='lat' dir='ltr'><strong>dies</strong></span> <span class='ocrx_word' id='word_1_981' title='bbox 2487 5509 2577 5563; x_wconf 80' lang='lat' dir='ltr'><strong>ille</strong></span> <span class='ocrx_word' id='word_1_982' title='bbox 2608 5510 3009 5579; x_wconf 71' lang='lat' dir='ltr'><strong>prmrogativam</strong></span> <span class='ocrx_word' id='word_1_983' title='bbox 3041 5510 3292 5581; x_wconf 84' lang='lat' dir='ltr'><strong>aliquam,</strong></span> <span class='ocrx_word' id='word_1_984' title='bbox 3324 5519 3377 5565; x_wconf 86' lang='lat' dir='ltr'><strong>et</strong></span> <span class='ocrx_word' id='word_1_985' title='bbox 3407 5526 3473 5565; x_wconf 85' lang='lat' dir='ltr'><strong>ne</strong></span> 
     </span>
    </p>
   </div>
   <div class='ocr_carea' id='block_1_119' title="bbox 1957 5638 3474 5708">
    <p class='ocr_par' dir='ltr' id='par_1_119' title="bbox 1957 5638 3474 5708">
     <span class='ocr_line' id='line_1_119' title="bbox 1957 5638 3474 5708; baseline 0.001 -19"><span class='ocrx_word' id='word_1_986' title='bbox 1957 5644 1972 5675; x_wconf 82' lang='grc' dir='ltr'><strong>ι</strong></span> <span class='ocrx_word' id='word_1_987' title='bbox 2007 5640 2197 5708; x_wconf 64' lang='lat' dir='ltr'><strong>Coislin.</strong></span> <span class='ocrx_word' id='word_1_988' title='bbox 2226 5655 2237 5690; x_wconf 88' lang='lat'><strong>:</strong></span> <span class='ocrx_word' id='word_1_989' title='bbox 2266 5650 2493 5708; x_wconf 76' lang='lat' dir='ltr'><strong>Quoniam</strong></span> <span class='ocrx_word' id='word_1_990' title='bbox 2515 5638 2641 5708; x_wconf 77' lang='lat' dir='ltr'><strong>enim</strong></span> <span class='ocrx_word' id='word_1_991' title='bbox 2665 5639 2838 5701; x_wconf 76' lang='lat' dir='ltr'><strong>ovirex</strong></span> <span class='ocrx_word' id='word_1_992' title='bbox 2858 5648 2945 5700; x_wconf 84' lang='lat' dir='ltr'><strong>est,</strong></span> <span class='ocrx_word' id='word_1_993' title='bbox 2969 5647 3015 5691; x_wconf 80' lang='lat' dir='ltr'><strong>ct</strong></span> <span class='ocrx_word' id='word_1_994' title='bbox 3032 5640 3268 5691; x_wconf 57' lang='lat' dir='ltr'><strong>crit-mm...</strong></span> <span class='ocrx_word' id='word_1_995' title='bbox 3296 5640 3344 5691; x_wconf 82' lang='lat' dir='ltr'><strong>in</strong></span> <span class='ocrx_word' id='word_1_996' title='bbox 3380 5654 3474 5691; x_wconf 58' lang='lat' dir='ltr'><strong>av:-</strong></span> 
     </span>
    </p>
   </div>
   <div class='ocr_carea' id='block_1_120' title="bbox 1898 5703 2782 5769">
    <p class='ocr_par' dir='ltr' id='par_1_120' title="bbox 1898 5703 2782 5769">
     <span class='ocr_line' id='line_1_120' title="bbox 1898 5703 2782 5769; baseline -0.007 -11"><span class='ocrx_word' id='word_1_997' title='bbox 1898 5706 2050 5767; x_wconf 81' lang='lat' dir='ltr'><strong>dinm,</strong></span> <span class='ocrx_word' id='word_1_998' title='bbox 2071 5704 2214 5769; x_wconf 72' lang='lat' dir='ltr'><strong>[iacnt</strong></span> <span class='ocrx_word' id='word_1_999' title='bbox 2236 5703 2378 5756; x_wconf 77' lang='lat' dir='ltr'><strong>etiam</strong></span> <span class='ocrx_word' id='word_1_1000' title='bbox 2398 5703 2659 5767; x_wconf 77' lang='lat' dir='ltr'><strong>formandi,</strong></span> <span class='ocrx_word' id='word_1_1001' title='bbox 2686 5710 2782 5752; x_wconf 72' lang='lat' dir='ltr'><strong>etc.</strong></span> 
     </span>
    </p>
   </div>
  </div>
