3796 6244
232 204 307 260 89
1357 211 1424 269 ΙΝ
1459 213 1612 271 CAP.
1654 215 1695 271 Ι.
1735 216 1838 275 GE]

2023 219 2255 278 HOMIL.
2296 222 2390 279 XI.
3451 230 3522 287 90

237 317 518 377 videretur
542 324 719 378 minus
746 324 945 395 aliquid
975 325 1244 392 obtinere,
1277 339 1344 381 co
1366 325 1509 395 quod
1539 326 1670 381 nihil
1692 326 1746 382 in
1770 342 1837 384 eo

239 416 445 469 factum
491 426 656 481 esset,
706 417 1082 473 benedictione
1126 418 1299 488 ipsum
1339 417 1582 488 dignatus
1622 427 1726 473 est.
1771 419 1841 473 Et

241 505 529 572 benedixit,
560 507 754 577 inquit,
790 508 925 563 Deus
953 510 1085 563 diem
1105 511 1371 580 septimum
1390 524 1409 563 :
1438 520 1485 562 et
1510 511 1842 580 sanctiﬁctwit

236 600 415 653 illum.
443 600 580 667 Quid
630 601 828 669 igitur?
870 616 976 656 non
1017 610 1171 656 erant
1212 609 1267 656 et
1308 602 1487 656 eteteri
1514 601 1631 657 dies
1673 602 1839 658 bene-

237 690 423 744 dicti?
471 688 645 744 Etiam
675 689 939 760 profecto,
969 690 1064 747 sed
1090 690 1387 747 sufficiebat
1413 691 1517 746 illis
1557 706 1653 762 pro
1695 693 1839 748 omni

239 780 646 846 benedictione,
665 781 806 850 quod
831 783 881 835 in
908 782 1132 851 singulis
1158 781 1261 836 illis
1282 789 1545 836 creaturae
1569 781 1840 850 producta:

240 873 507 938 fuissent;
559 882 616 928 et
643 874 764 928 ideo
807 873 875 928 de
905 873 1009 928 illis
1036 888 1143 928 non
1176 873 1365 942 inquit,
1417 872 1732 938 Benedixit;
1786 874 1840 928 in

239 964 365 1021 Solo
390 973 570 1020 autem
599 966 829 1034 septimo
855 964 958 1018 boc
986 963 1137 1027 dixit,
1165 971 1222 1018 et
1246 964 1491 1034 apposuit
1516 981 1531 1018 :
1559 961 1625 1016 Et
1652 965 1841 1017 sancti-

242 1056 418 1114 ﬁcaoit
441 1057 609 1109 illum.
641 1055 779 1120 Quid
807 1063 911 1118 est,
946 1054 1013 1108 Et
1039 1054 1372 1123 sanctiﬁcavit
1410 1054 1557 1106 illum
1577 1054 1603 1107 ?
1643 1053 1698 1108 Id
1733 1062 1836 1119 est,

239 1147 400 1201 illum
432 1147 753 1216 segregavit.
785 1144 1210 1199 Deindedoccns
1240 1158 1337 1199 nos
1363 1143 1539 1197 divina
1567 1143 1839 1212 Scriptura

242 1250 466 1291 musam
514 1246 737 1306 promer
777 1251 938 1305 quam
988 1235 1141 1301 dixit,
1188 1233 1253 1287 Et
1307 1236 1640 1304 sanctiﬁcavit
1669 1235 1836 1299 illum,

241 1325 456 1395 adjicit,
481 1326 556 1379 Eo
580 1326 716 1396 quod
744 1326 797 1379 in
822 1325 913 1379 illo
938 1326 1247 1396 requieverat
1271 1325 1334 1378 ab
1359 1327 1587 1379 omnibus
1607 1327 1841 1396 aperibus

240 1419 354 1471 suis
381 1432 498 1486 quae
526 1426 743 1487 ceperat
770 1415 909 1469 Deus
948 1417 1132 1483 facere.
1159 1413 1278 1471 Jan:
1318 1415 1441 1471 hinc
1468 1416 1535 1470 ab
1561 1415 1712 1471 initio
1739 1415 1840 1472 do-

241 1509 478 1563 ctrinam
498 1507 636 1563 hanc
650 1509 985 1579 :enigmatice
1002 1507 1156 1563 nobis
1173 1507 1403 1562 insinuat
1417 1508 1579 1574 Deus,
1592 1508 1841 1563 erudiens

244 1614 351 1653 nos
380 1599 435 1652 in
462 1599 666 1653 circulo
694 1597 1044 1653 hebdomadis
1069 1598 1213 1653 diem
1253 1613 1417 1652 unum
1449 1598 1712 1668 integrum
1750 1613 1839 1655 se-

241 1691 603 1760 gregandum,
623 1702 677 1747 ct
698 1692 1121 1747 consecrandum
1147 1690 1500 1760 spiritualium
1521 1692 1837 1761 operationi.

241 1779 375 1835 Ideo
395 1782 541 1836 enim
565 1782 823 1838 Dominus
850 1781 1117 1851 completo
1142 1796 1235 1835 sex
1262 1780 1454 1836 diebus
1483 1781 1693 1850 Opificio
1717 1795 1837 1849 suo,

243 1875 542 1944 septimum
570 1875 943 1931 benedictione
973 1876 1218 1946 dignatus
1245 1883 1348 1941 est,
1377 1882 1432 1930 et
1470 1876 1837 1942 sanctificavit,

245 1982 317 2023 eo
342 1968 489 2038 quod
519 1969 569 2022 in
602 1968 696 2023 illo
730 1969 1006 2039 quieverat
1044 1968 1112 2021 ab
1140 1967 1388 2022 omnibus
1428 1968 1683 2037 operibus
1729 1969 1841 2025 suis
1880 2021 1885 2025 .

240 2073 369 2128 qua:
400 2058 577 2114 facere
602 2069 858 2128 ceperat.
879 2059 1077 2114 Verum
1100 2058 1186 2113 hic
1213 2059 1406 2112 iterum
1431 2059 1585 2114 video
1610 2059 1838 2116 immen-

242 2166 368 2205 sum
418 2151 573 2206 nobis
619 2152 1003 2207 sententiarum
1041 2153 1258 2223 pelagus
1300 2152 1499 2219 nasei‘,
1539 2151 1681 2221 quod
1707 2152 1839 2206 sim-

246 2242 468 2311 pliciter
514 2244 787 2312 pr:cterire
815 2242 1016 2309 nolim;
1062 2244 1190 2314 quin
1236 2252 1291 2300 et
1314 2260 1411 2299 vos
1440 2244 1629 2298 harum
1680 2244 1840 2315 spiri-

242 2333 474 2387 tualium
520 2334 780 2389 mercium
828 2336 1116 2406 participes
1157 2336 1271 2393 fieri
1301 2338 1481 2408 cupio.
1512 2338 1642 2404 Quae
1684 2337 1842 2406 igitur

242 2424 338 2479 illa
371 2434 480 2492 est,
509 2441 629 2495 qua:
670 2425 795 2481 hinc
832 2427 1022 2491 oritur,
1053 2427 1316 2497 quzestio?
1358 2426 1539 2482 Divina
1568 2429 1840 2499 Scriptura

243 2519 337 2573 hic
381 2519 598 2574 dicente
642 2519 809 2573 Deum
852 2520 1179 2590 requievisse
1220 2521 1287 2576 ab
1338 2520 1587 2592 operibus
1616 2520 1758 2587 suis,
1787 2521 1841 2575 in

243 2611 545 2680 evangeliis
584 2609 829 2665 Christus
874 2611 1072 2681 inquit,
1104 2609 1262 2665 Pater
1307 2627 1446 2666 meus
1488 2614 1647 2681 usque
1691 2609 1842 2664 modo

243 2682 518 2769 aptantur,
542 2711 591 2755 et
633 2718 724 2773 ego
765 2718 948 2772 operor
998 2701 1174 2772 (Joan.
1205 2703 1259 2759 5.
1292 2702 1402 2775 I7).
1430 2702 1545 2758 Non
1594 2702 1843 2757 videntur

247 2792 343 2845 tibi
369 2807 438 2846 ex
465 2792 747 2846 verborum
778 2792 919 2848 serie
945 2793 1060 2848 ιιωο
1089 2793 1229 2848 dicta
1256 2808 1378 2849 esse
1402 2792 1705 2848 contraria?
1735 2790 1843 2847 Sed
1880 2824 1881 2827 η

245 2882 435 2937 absit:
470 2884 597 2938 nihil
629 2884 717 2938 hic
747 2885 1074 2940 contrarium
1124 2885 1188 2941 iis
1231 2900 1350 2956 qua:
1396 2885 1449 2940 in
1490 2886 1657 2940 sacris
1698 2885 1842 2940 Scri-

246 2974 427 3041 pturis
468 2975 835 3029 continentur.
865 2974 998 3030 Nam
1046 2975 1132 3031 hic
1158 2975 1371 3047 quidem
1398 2990 1519 3031 cum
1566 2975 1842 3045 Scriptura

245 3067 382 3121 dicit
431 3067 764 3135 requievisse
808 3066 973 3122 Deum
1002 3067 1069 3122 ab
1093 3068 1345 3138 cperibus
1382 3068 1512 3135 suis,
1545 3067 1703 3123 docet
1745 3082 1845 3123 nos

244 3172 373 3212 eum
396 3156 685 3211 acreando
710 3166 764 3210 et
789 3171 855 3211 ex
901 3157 1069 3212 nihilo
1113 3172 1202 3213 res
1248 3158 1589 3229 producendo
1634 3159 1843 3230 requie-

245 3250 397 3304 visse
423 3249 511 3303 die
556 3249 856 3318 septimo’;
885 3247 1128 3305 Christus
1172 3259 1351 3306 autem
1396 3252 1581 3306 dicens
1624 3270 1639 3307 :
1687 3251 1845 3306 Pater

246 3356 395 3394 meus
438 3355 598 3408 usque
622 3339 776 3413 modo
800 3350 1060 3410 operatur,
1087 3351 1132 3395 et
1169 3358 1264 3411 ego
1297 3358 1499 3413 operor,
1535 3351 1841 3412 perpetuam

245 3445 409 3485 suam
457 3429 850 3500 providentiam
896 3432 1052 3487 nobis
1079 3432 1334 3498 declarat,
1379 3441 1433 3488 et
1476 3433 1842 3502 operationem

245 3532 411 3579 vocat
434 3524 897 3579 conservationem
926 3524 1283 3594 Opificiorum,
1306 3525 1498 3595 quibus
1524 3525 1748 3595 largitur
1786 3534 1845 3580 ut

245 3622 626 3685 permaneant,
658 3614 787 3668 dum
817 3615 963 3670 omni
994 3623 1234 3685 tempore
1260 3616 1537 3686 gubernat.
1565 3615 1677 3672 Nisi
1700 3617 1842 3671 enim

247 3708 358 3762 hoc
384 3714 553 3773 esset,
583 3706 851 3776 quomodo
886 3709 1193 3762 universum
1236 3708 1551 3763 subsisteret
1589 3723 1653 3763 ac
1678 3708 1841 3763 duras

244 3812 357 3863 ret,
392 3813 502 3852 non
528 3798 859 3867 gubernante
884 3806 940 3853 et
971 3798 1234 3868 dirigente
1275 3812 1504 3870 superna
1533 3815 1692 3855 manu
1721 3814 1843 3855 cum

244 3890 488 3943 visibilia
537 3888 651 3943 hzcc
675 3890 875 3953 omnia,
905 3898 1016 3943 tum
1047 3889 1337 3944 humanum
1389 3889 1490 3945 hoc
1517 3890 1729 3961 genus?
1775 3890 1845 3946 Et

245 3986 294 4037 si
343 3982 467 4052 quis
521 3982 755 4037 voluerit
803 3982 1098 4052 prudenter
1147 3991 1203 4037 et
1246 3983 1525 4052 speciatim
1581 3984 1844 4055 inSpiccre

246 4088 433 4129 omnia
474 4089 596 4145 quae
624 4074 865 4145 quotidie
906 4074 958 4128 iu
993 4082 1234 4129 nostrum
1266 4074 1576 4130 beneficium
1616 4076 1685 4130 ab
1722 4090 1844 4131 om-

248 4169 405 4222 nium
430 4164 633 4237 Opifice
664 4164 1033 4236 perficiuntur,
1055 4166 1307 4238 abyssum
1344 4167 1577 4223 inveniet
1605 4168 1843 4237 benigni-

250 4260 401 4314 tatis.
449 4257 583 4323 Quis
624 4257 769 4312 enim
813 4271 1014 4323 sermo,
1057 4272 1177 4327 qua:
1225 4272 1379 4313 mens
1405 4258 1473 4312 ad
1520 4257 1842 4314 ineffabilem

247 4352 395 4406 bane
443 4349 737 4403 bonitatem
786 4350 1090 4419 pertingere
1134 4348 1350 4417 poterit,
1398 4363 1559 4419 quam
1611 4348 1844 4403 humano

245 4442 436 4514 generi
478 4448 738 4510 perpetuo
776 4440 1030 4506 ostendit,
1071 4440 1198 4495 oriri
1242 4439 1447 4497 faciens
1488 4440 1659 4496 solem
1688 4456 1842 4496 suum

248 4548 417 4604 super
441 4532 616 4587 malos
644 4539 701 4586 et
744 4530 936 4598 bonos,
974 4539 1031 4587 ct
1071 4530 1261 4601 plucns
1299 4547 1461 4603 super
1482 4532 1656 4602 iustos
1682 4541 1737 4587 et
1765 4532 1847 4586 in-

243 4626 425 4695 iustos
464 4621 679 4695 (Matth.
710 4622 764 4677 5.
790 4621 905 4691 45),
929 4636 1252 4693 omnemque
1277 4621 1435 4677 aliam
1471 4621 1680 4691 ecpiam
1717 4637 1844 4692 sup-

251 4716 542 4789 peditans?
591 4714 755 4770 Forte
784 4713 995 4785 longius
1020 4729 1181 4785 quam
1207 4715 1508 4785 oportebat,
1540 4730 1841 4771 sermonem

252 4810 610 4883 produximus
640 4825 656 4864 :
700 4823 889 4864 verum
919 4808 1023 4864 hoc
1050 4823 1159 4864 non
1185 4809 1387 4879 absque
1414 4810 1641 4876 ratione,
1670 4823 1843 4879 neque

244 4914 460 4959 temere
485 4900 680 4957 factum
706 4908 826 4966 est;
866 4899 964 4956 sed
993 4909 1053 4955 ut
1076 4901 1323 4956 absentes
1343 4916 1407 4956 ex
1438 4900 1590 4955 vobis
1614 4900 1839 4967 discant,

248 5003 513 5067 quantum
553 4993 900 5064 sibimetipsis
921 4993 1104 5049 damni
1145 4993 1386 5059 fecerint,
1413 4994 1483 5048 ob
1509 4994 1841 5065 corporalem

246 5090 428 5151 cibum
470 5086 791 5157 semetipsos
817 5102 849 5141 a
885 5086 1147 5157 spirituali
1190 5086 1431 5142 doctrina
1461 5088 1840 5143 subducentcs.

246 5180 518 5235 Caeterum
545 5192 614 5233 ne
640 5177 862 5232 nimium
890 5178 1129 5246 doleant,
1166 5177 1400 5233 fraterna
1448 5178 1570 5232 illos
1610 5179 1843 5234 benevo-

248 5272 413 5327 lentia
460 5270 883 5341 prosequamini,
916 5282 1258 5326 recensentes
1305 5271 1433 5339 ipsis
1472 5287 1590 5342 quae
1630 5286 1661 5327 a
1689 5272 1843 5326 nobis

249 5366 392 5418 dicta
420 5371 585 5419 sunt:
629 5363 731 5419 hoc
751 5364 893 5418 enim
930 5364 1152 5419 sincerze
1173 5364 1410 5420 caritatis
1449 5354 1840 5437 argumentum.

312 5459 328 5486 ¹
367 5453 582 5513 ευὶδιὶο..
606 5454 806 5518 pelagus
825 5462 1064 5517 apertum.

311 5518 332 5547 ¹
366 5525 459 5583 sex
484 5517 613 5583 νέες
643 5517 721 5566 die
746 5525 901 5583 sexta.
929 5525 1137 5582 Utraque
1161 5518 1325 5583 lectio
1353 5518 1591 5583 quadrare
1637 5526 1800 5583 potest
1826 5532 1838 5568 :

249 5590 345 5627 non
371 5581 502 5650 enim
524 5581 614 5650 abs
651 5592 709 5628 re
731 5580 917 5650 dicatur
953 5580 1103 5629 Deum
1126 5588 1269 5632 sexto
1299 5580 1385 5632 die
1415 5580 1667 5645 postquam
1696 5581 1844 5631 linem

247 5641 446 5691 creandi
464 5638 679 5704 fecisset,
705 5645 972 5705 quievisse.

1944 330 2077 387 Nam
2104 333 2150 389 si
2176 334 2314 389 inter
2342 348 2531 405 magna
2559 334 2795 391 caritatis
2833 335 3026 392 indicia
3070 336 3284 405 habent,
3314 346 3407 410 qui
3445 342 3519 395 ita

1944 420 2012 475 de
2037 423 2378 478 sensibilibus
2399 423 2591 479 eduliis
2616 425 2718 480 hoc
2744 426 2854 482 suis
2901 425 3248 483 familiaribus
3291 427 3485 483 faciunt
3509 446 3523 480 :

1944 512 2111 567 multo
2154 516 2325 585 magis
2371 516 2424 570 in
2468 517 2834 587 spiritualibus
2879 518 2981 573 hoc
3025 519 3232 590 agendo
3278 533 3524 589 magnam

1943 603 2099 658 nobis
2128 604 2335 660 laudem
2362 622 2646 677 paramus;
2690 608 2829 663 redit
2856 609 2997 663 enim
3026 610 3093 665 ad
3122 624 3222 664 nos
3250 609 3394 680 ipsos
3420 609 3526 662 uti-

1945 693 2087 749 Iitas.
2118 695 2250 750 Nam
2275 698 2361 751 cui
2391 698 2623 756 studium
2653 710 2736 754 est
2764 699 2958 755 docere
2990 701 3311 770 proximum,
3343 699 3389 754 is
3422 714 3525 752 nun

1944 795 2052 842 tam
2098 789 2175 843 illi
2214 790 2500 857 benefacit,
2531 807 2688 861 quam
2717 793 2919 862 sibiipsi
2951 808 3195 862 magnam
3224 791 3525 848 mercedem

1942 889 2116 951 parat,
2160 881 2466 952 duplicique
2509 892 2730 953 augetur
2775 884 2942 947 luero,
2965 883 3091 937 dum
3132 884 3301 952 majus
3342 897 3372 935 a
3417 882 3527 935 Deo

1945 974 2222 1044 prtemium
2263 974 2586 1044 assequitur,
2613 983 2668 1028 et
2692 975 2818 1028 dum
2865 974 3081 1029 fratrem
3110 974 3306 1030 docere
3332 988 3525 1045 aggre-

1943 1067 2105 1129 ditur,
2123 1066 2365 1122 doceudo
2398 1068 2608 1123 interim
2635 1066 2841 1136 sibiipsi
2872 1067 3180 1121 memoriam
3201 1080 3385 1124 eorum
3406 1078 3521 1136 qua

1943 1158 2144 1212 audivit
2186 1168 2426 1212 renovat.

2014 1249 2069 1304 8.
2111 1249 2328 1304 Moralt's
2357 1249 2659 1304 exhortatio.
2693 1278 2762 1289 -
2791 1248 2954 1320 igitur
2997 1249 3290 1319 cogitantes
3321 1256 3525 1302 tantum

1942 1338 2145 1394 lucrum
2167 1348 2429 1404 vestrum,
2462 1355 2530 1395 ne
2573 1338 2854 1395 invideatis
2894 1338 3146 1394 fratribus
3191 1338 3398 1401 vestris,
3432 1336 3525 1392 sed

1942 1446 1971 1485 a
2000 1431 2151 1486 vobis
2170 1431 2378 1487 discant
2401 1447 2520 1501 qua:
2551 1448 2692 1486 nunc
2717 1446 2747 1485 a
2773 1431 2928 1487 nobis
2955 1432 3222 1486 dicuntur.
3247 1430 3323 1485 Nc
3346 1438 3525 1485 autem

1944 1522 2166 1591 posthac
2197 1532 2376 1577 vestro
2405 1523 2667 1578 beneficio
2703 1522 2921 1577 obnoxii
2949 1522 3063 1578 lucc
3088 1522 3323 1586 discant,
3351 1520 3529 1574 ducite

1944 1613 2063 1667 illos
2091 1613 2159 1667 ad
2203 1628 2321 1681 nos,
2357 1613 2738 1684 persuadentes
2782 1613 2933 1684 ipsis,
2965 1613 3096 1667 nihil
3139 1612 3330 1667 obesse
3371 1609 3529 1680 spiri-

1946 1703 2077 1758 tuali
2104 1719 2324 1770 mensaa,
2353 1704 2398 1758 si
2446 1704 2713 1774 prmcedat
2763 1706 3059 1775 corporalis
3106 1704 3209 1759 cibi
3256 1700 3526 1771 sumptio:

1946 1794 2040 1849 sed
2083 1810 2241 1849 omne
2280 1805 2490 1863 tempus
2542 1794 2806 1865 spirituali
2847 1796 3079 1849 sermoni
3123 1794 3370 1848 idoneum
3407 1805 3528 1846 esse

1946 1886 2322 1956 reputandum.
2353 1886 2480 1943 Haec
2530 1887 2575 1941 si
2625 1896 2771 1941 recte
2815 1895 3108 1953 teneamus,
3136 1884 3433 1956 poterimus
3474 1890 3529 1937 et

1949 1977 2094 2035 domi
2133 1987 2433 2045 versantes,
2465 1986 2666 2034 anteet
2704 1988 2826 2048 post
2867 1977 3170 2033 convivium
3197 1975 3431 2045 acceptis
3473 1974 3527 2029 in

1944 2071 2193 2127 manibus
2220 2070 2415 2125 divinis
2443 2069 2638 2138 Libris,
2665 2069 2946 2125 utilitatem
2976 2068 3100 2129 inde
3123 2082 3314 2138 capere
3340 2074 3394 2122 et
3418 2064 3527 2135 spi-

1944 2161 2191 2216 ritualem
2236 2160 2413 2215 cibum
2439 2159 2633 2214 anima:
2673 2159 2935 2230 prmbere.
2984 2158 3116 2213 Nam
3160 2157 3298 2212 sicut
3334 2169 3530 2224 corpus

1946 2251 2149 2324 indiget
2181 2252 2421 2309 sensibili
2449 2253 2590 2319 cibo,
2619 2252 2691 2307 ita
2715 2260 2771 2307 et
2805 2252 2980 2307 anima
3008 2249 3313 2321 quotidiana
3339 2248 3528 2303 admo-

1948 2343 2153 2400 nitione
2194 2353 2250 2399 et
2287 2344 2640 2414 spiritualium
2686 2342 2933 2398 ciborum
2980 2340 3366 2396 refocillatione
3411 2357 3425 2392 :
3471 2347 3530 2393 ut

1945 2436 2196 2493 roborata
2247 2434 2496 2491 resistere
2547 2435 2714 2504 possit
2759 2434 2937 2489 carnis
2965 2432 3265 2498 rebellioni,
3296 2440 3350 2486 et
3396 2445 3528 2484 con-

1949 2528 2096 2583 tinuo
2123 2528 2263 2582 bello
2300 2543 2406 2597 quo
2431 2542 2701 2597 urgemur,
2732 2525 2981 2596 quodque
3023 2524 3253 2579 animam
3291 2530 3527 2577 nostram

1947 2618 2001 2673 in
2031 2620 2345 2673 servitutem
2375 2617 2585 2687 redigit,
2614 2617 2659 2671 si
2696 2617 2781 2671 vel
2811 2630 2997 2685 parum
3036 2612 3248 2667 desides
3277 2625 3396 2667 esse
3437 2625 3525 2665 νος

1948 2710 2223 2766 luerimus.
2284 2708 2513 2764 Proinde
2564 2708 2823 2778 propheta
2881 2705 3046 2761 David
3098 2706 3311 2760 beatum
3378 2704 3525 2758 illum

1947 2803 2101 2865 dixit.
2145 2802 2234 2872 qui
2274 2803 2325 2855 iu
2374 2802 2491 2871 lege
2540 2801 2749 2854 Domini
2799 2798 3083 2853 meditatur
3122 2795 3211 2852 die
3260 2810 3326 2851 ac
3372 2804 3531 2849 nocte

1954 2893 2124 2965 (Psal.
2157 2894 2209 2948 l.
2251 2893 2346 2962 2);
2390 2901 2445 2948 et
2491 2893 2677 2947 beatus
2726 2890 2899 2947 Moses
2944 2888 3222 2945 Judaicum
3273 2888 3527 2958 populum

1949 2984 2146 3040 docens
2171 2985 2245 3039 ait
2270 3001 2283 3038 :
2328 2983 2454 3039 Cum
2491 2981 2764 3037 comederis
2793 2990 2839 3035 et
2875 2980 3077 3046 biberis,
3100 2990 3146 3034 et
3173 2981 3387 3035 satiatus
3416 2978 3530 3049 [ue-

1948 3078 2040 3145 ris,
2066 3093 2257 3131 memor
2295 3086 2397 3131 esto
2427 3075 2631 3130 Domini
2660 3074 2757 3129 Dei
2781 3074 2856 3128 tui
2902 3072 3077 3146 (Deut.
3110 3074 3163 3128 8.
3205 3070 3318 3144 IO).
3344 3071 3527 3135 Vides,

1950 3169 2218 3241 quomodo
2255 3178 2311 3224 et
2335 3179 2461 3223 tunc
2490 3168 2822 3239 pmissimum
2859 3180 2955 3236 par
2982 3166 3071 3231 sit,
3099 3174 3221 3236 post
3257 3172 3527 3233 sumptum

1948 3276 2139 3332 nempe
2163 3260 2494 3330 corporalem
2522 3259 2722 3323 cibum,
2746 3257 3021 3328 spirituale
3048 3255 3347 3312 convivium
3374 3254 3530 3309 nobis

1948 3352 2163 3422 apponi,
2180 3360 2235 3406 ut
2252 3367 2318 3407 ne
2341 3359 2458 3421 post
2480 3350 2777 3405 satietatem
2793 3350 2897 3404 cibi
2911 3348 3206 3418 corporalis
3220 3346 3393 3401 anima
3412 3354 3527 3399 tor-

1951 3460 2084 3515 pens
2110 3453 2164 3500 et
2189 3444 2349 3499 deses
2396 3444 2447 3498 in
2478 3442 2765 3513 perniciem
2811 3442 3042 3512 aliquam
3093 3448 3234 3507 ruat,
3261 3448 3315 3495 et
3352 3438 3529 3493 locum

1950 3536 2041 3591 det
2066 3534 2265 3590 diaboli
2306 3533 2806 3600 machinationibus,
2828 3532 2918 3603 qui
2944 3546 3133 3588 omnes
3161 3530 3417 3601 temporis
3440 3543 3533 3581 ar-

1953 3627 2143 3682 ticulos
2171 3626 2440 3690 observat,
2482 3633 2539 3679 ut
2563 3624 2725 3679 letale
2774 3623 2929 3679 nobis
2970 3623 3161 3677 vulnus
3191 3620 3417 3677 inferat?
3464 3617 3532 3673 Et

1950 3718 2143 3774 iterum
2167 3716 2272 3771 alio
2300 3717 2418 3771 loco
2442 3714 2653 3770 dicebat
2682 3713 2822 3769 idem
2852 3713 2943 3768 ille
2970 3712 3230 3783 propheta
3261 3729 3277 3765 :
3306 3709 3373 3763 In
3400 3712 3531 3763 lecto

1950 3809 2189 3864 cubantes
2218 3818 2265 3862 et
2308 3816 2629 3875 exsurgentes
2675 3813 2973 3859 mementote
3002 3802 3211 3858 Domini
3258 3800 3354 3854 Dei
3382 3797 3533 3853 uestri

1951 3899 2131 3971 (Deut.
2166 3900 2219 3955 6.
2252 3896 2331 3969 7).
2364 3896 2551 3952 Vidisti
2578 3909 2865 3965 numquam
2895 3908 2994 3948 nos
3022 3892 3216 3948 decere
3252 3891 3390 3945 hanc
3419 3901 3534 3942 mc-

1950 3994 2173 4049 moriam
2212 4007 2278 4046 ex
2306 3990 2481 4045 anima
2520 3996 2700 4043 nostra
2740 3984 3047 4051 excludere,
3078 3983 3172 4038 sed
3210 3980 3532 4050 insculptam

1952 4085 2005 4141 in
2054 4084 2380 4141 conscientia
2420 4081 2637 4146 habere,
2661 4094 2724 4134 ac
2768 4079 2821 4134 in
2852 4086 3121 4149 perpetua
3170 4074 3531 4131 sollicitudine

1950 4176 2153 4242 vivere,
2181 4174 2457 4244 nullasque
2503 4185 2753 4242 umquam
2801 4168 3082 4224 admittere
3132 4164 3393 4229 inducias,
3424 4170 3533 4218 imo

1952 4278 2008 4324 ut
2032 4254 2168 4324 bene
2188 4267 2438 4329 scientes,
2456 4274 2687 4335 quantus
2714 4262 2787 4317 sit
2811 4261 2958 4316 furor
2981 4257 3181 4315 inimici
3207 4257 3375 4313 nostri
3404 4272 3531 4327 erga

1949 4376 2069 4427 nos,
2097 4360 2309 4416 sobrios
2349 4372 2469 4413 esse
2510 4365 2566 4412 et
2612 4355 2851 4427 vigilare,
2899 4359 2953 4408 et
2997 4366 3188 4407 omnes
3229 4349 3406 4405 aditus
3453 4348 3531 4403 illi

1950 4451 2298 4527 praecludere,
2327 4459 2384 4506 et
2422 4463 2711 4518 numquam
2752 4444 3078 4517 spiritualem
3126 4441 3394 4513 negligere
3436 4440 3533 4495 ali-

1951 4543 2222 4601 moniam?
2273 4541 2398 4597 Hice
2438 4549 2621 4595 nostra
2648 4539 2791 4593 salus
2823 4546 2936 4603 est,
2972 4535 3055 4591 ha:
3094 4532 3400 4606 spiritualcs
3445 4531 3531 4587 di-

1951 4636 2113 4701 vitiae,
2145 4633 2262 4689 hare
2305 4631 2588 4688 securitas.
2629 4628 2686 4686 Si
2729 4629 2808 4684 sic
2836 4642 2935 4683 nos
2976 4627 3117 4697 ipsos
3145 4622 3378 4695 quotidie
3406 4638 3529 4677 mu—

1950 4728 2179 4792 niamus,
2211 4733 2265 4779 et
2308 4739 2406 4794 per
2449 4721 2760 4787 lectionem,
2790 4729 2845 4775 et
2890 4733 2985 4789 per
3027 4715 3286 4779 auditum,
3330 4723 3386 4769 et
3437 4726 3531 4782 per
3604 4770 3609 4773 τ

1949 4817 2277 4889 spiritualem
2303 4828 2625 4879 sermonem,
2646 4814 2725 4868 sic
2745 4810 3035 4882 poterimus
3062 4805 3162 4877 ipsi
3184 4804 3363 4860 invicti
3383 4817 3528 4867 esse,

1950 4919 2005 4967 et
2019 4910 2233 4981 maligni
2250 4906 2510 4964 diemonis
2540 4902 3001 4967 teclmaseludere,
3014 4898 3353 4966 ctelcstiaquc
3370 4909 3530 4963 regna

1950 5002 2184 5073 assequi,
2204 5000 2370 5071 gratia
2390 5007 2445 5054 et
2462 4996 2786 5067 benignitate
2804 4992 3011 5047 Domini
3042 4988 3211 5044 nostri
3236 4986 3362 5041 .lcsu
3383 4982 3530 5039 Chri-

1950 5093 2041 5160 sti,
2069 5109 2190 5150 cum
2221 5107 2327 5163 quo
2353 5090 2494 5145 Patri
2529 5087 2685 5143 simul
2715 5094 2769 5140 et
2789 5082 3005 5153 Spiritui
3031 5088 3218 5135 sancto
3242 5078 3312 5133 sit
3339 5076 3525 5148 gloria,

1953 5185 2251 5255 imperium,
2288 5183 2477 5248 honor,
2506 5192 2646 5234 nunc
2682 5186 2734 5232 et
2773 5188 3004 5245 semper,
3031 5171 3163 5228 etin
3190 5171 3384 5226 smcula
3432 5183 3530 5223 sa:-

1950 5276 2214 5333 cnlorum.
2248 5273 2438 5326 Amen.

2536 5395 2817 5454 IIOMILIA
2857 5395 2946 5451 XI.

1954 5538 2104 5608 Quod
2124 5544 2351 5605 aporteat
2377 5536 2601 5588 virtutem
2627 5532 2797 5603 magni
2824 5534 2989 5604 facere
3007 5539 3302 5598 sanctosque
3322 5525 3530 5589 imitari,

2022 5631 2107 5702 qui
2131 5645 2244 5683 cum
2274 5628 2497 5699 ejusdem
2520 5627 2664 5699 cujus
2692 5640 2782 5680 nos
2804 5632 2999 5679 natura:
3021 5630 3202 5688 essent,
3238 5635 3346 5675 eam
3379 5634 3532 5671 occu-
