3752 6242
310 173 364 224 at
1019 172 1076 229 S.
1116 172 1394 230 JOANNIS
1430 174 1907 233 CHRYSOSTOMI
1938 179 2259 240 ABCiHEP.
2286 185 2816 253 CONSTANTINOP.
3531 199 3602 251 97.

382 294 488 339 rate
515 284 690 339 sectati
719 296 853 339 sunt.
881 285 946 339 Et
974 286 1108 355 quod
1136 286 1179 341 si
1203 303 1373 358 segnes
1401 288 1667 358 fuerimus,
1700 289 1894 343 nullam

384 378 766 432 excusationem
785 378 1001 432 habituri
1021 379 1198 432 simus.

389 488 442 540 1.
474 485 596 540 Scin
639 502 725 542 me
765 487 1127 557 superioribus
1165 486 1352 541 diebus
1388 498 1624 544 mentem
1668 500 1899 545 vestram

315 575 745 634 prolttttdioribus
801 578 1078 633 sententiis
1123 579 1426 634 exercuisse
1455 596 1468 631 :
1494 594 1611 632 eam
1667 580 1738 634 ob
1782 595 1898 635 rem

323 663 475 717 hodie
510 666 712 719 animus
753 675 837 719 est
878 665 1170 720 faciliorem
1200 665 1218 696 ⁸
1252 681 1550 737 proponere
1579 667 1898 725 doctrinam.

317 752 448 806 Nam
479 754 614 808 sicut
642 769 835 823 corpus
857 756 1061 824 jejunio
1087 769 1411 815 maceratum
1433 800 1447 823 ,
1481 760 1733 814 nonnulla
1759 761 1901 816 indi-

314 852 403 912 get
451 843 832 900 refocillatione
857 888 871 910 ,
919 856 977 901 ttt
1018 864 1229 904 rursum
1274 850 1476 918 ingenti
1519 850 1793 905 alacritate
1833 851 1902 906 ad

319 934 566 988 ferendos
603 934 789 1005 jejunii
836 937 1045 991 labores
1086 938 1271 994 redeat
1300 957 1312 992 :
1342 940 1414 993 ita
1442 949 1496 994 et
1523 941 1697 993 anima
1728 950 1903 995 vestra

318 1025 634 1082 remissione
658 1027 856 1097 indiget
879 1038 932 1084 et
960 1030 1156 1098 quiete.
1204 1030 1385 1100 Neque
1411 1030 1552 1085 enim
1579 1045 1793 1099 semper
1819 1032 1903 1085 in-

320 1117 573 1184 tendere,
616 1134 788 1188 ncque
814 1135 1027 1189 semper
1054 1125 1323 1178 remittere
1349 1131 1592 1193 oportet;
1640 1124 1733 1179 sed
1764 1140 1904 1179 nunc

321 1208 425 1264 hoc
448 1246 463 1274 ,
498 1226 637 1265 nunc
664 1212 793 1267 illud
839 1214 1137 1268 faciendum
1163 1230 1177 1278 ;
1227 1224 1283 1269 et
1312 1218 1388 1269 sic
1416 1215 1683 1285 regendus
1712 1217 1905 1271 anima:

318 1309 509 1365 status,
537 1311 591 1357 et
616 1302 880 1358 domanda
905 1305 1080 1359 carnis
1111 1308 1419 1375 petulantia.
1447 1308 1577 1361 Nam
1604 1308 1742 1363 sicut
1766 1323 1905 1369 sem-

323 1408 422 1461 per
448 1393 707 1447 intentum
733 1409 853 1449 esse
882 1396 1149 1450 laboribus
1168 1438 1183 1459 ,
1220 1398 1269 1452 id
1311 1399 1525 1453 tredium
1553 1399 1707 1455 affert
1732 1409 1787 1454 et
1809 1401 1906 1456 de-

321 1483 476 1553 jicit:
508 1485 576 1538 ita
622 1488 878 1553 perpetuo
924 1487 1228 1549 remittere.
1275 1488 1342 1543 ad
1371 1489 1636 1558 ignaviam
1681 1491 1901 1547 inducit.

321 1575 380 1631 1d
409 1583 464 1629 et
493 1575 546 1630 in
573 1576 746 1630 anima
778 1584 833 1631 et
862 1577 915 1630 in
945 1592 1170 1647 corpore
1202 1595 1297 1634 usu
1342 1581 1526 1635 venire
1570 1580 1751 1637 videre
1790 1583 1908 1652 quis

321 1680 519 1739 potest.
548 1673 831 1742 Propterea
858 1674 1047 1728 modus
1069 1674 1263 1744 ubique
1288 1676 1459 1731 bonus
1484 1684 1584 1732 est.
1617 1676 1769 1745 Quod
1810 1692 1909 1732 nos

324 1764 690 1819 universorum
721 1765 861 1819 Deus
890 1765 1045 1821 docet
1083 1767 1241 1821 etiam
1285 1774 1383 1837 per
1424 1776 1728 1830 creaturas.
1778 1785 1909 1838 quas

322 1852 388 1907 ad
418 1856 583 1910 nostri
612 1857 1045 1911 cousntutionem
1088 1855 1357 1927 produxit.
1405 1861 1582 1929 Atque
1608 1868 1667 1915 ut
1693 1858 1797 1916 hoc
1825 1862 1909 1915 itt-

324 1945 592 2017 telligatis,
616 1945 686 2001 de
707 1947 794 2001 die
816 1962 880 2002 ac
905 1956 1085 2014 nocte,
1107 1948 1208 2003 hoc
1231 1948 1393 2004 estde
1416 1949 1535 2005 luee
1562 1964 1627 2005 ac
1650 1951 1907 2019 tenebris,

322 2052 626 2094 sermonem
675 2041 1032 2097 instituamus.
1086 2038 1526 2111 Quandoquidem
1580 2042 1722 2097 enim
1767 2043 1910 2099 diem

324 2128 628 2198 segregavit
671 2130 723 2184 in
767 2145 905 2199 opus
950 2131 1198 2187 humana:
1246 2140 1489 2195 naturae,
1536 2136 1594 2188 et
1619 2143 1832 2190 noctem
1858 2135 1908 2189 in

324 2222 565 2292 requiem
601 2232 656 2278 et
696 2225 1066 2281 remissionem
1102 2226 1379 2294 laborum,
1418 2242 1697 2284 mensuras
1722 2238 1777 2284 et
1805 2237 1913 2284 ter-

328 2315 500 2369 minos
526 2316 763 2386 ntrisquc
789 2317 1015 2386 prazfixit
1035 2359 1051 2383 ,
1087 2317 1226 2373 unde
1256 2319 1408 2375 nobis
1432 2320 1683 2377 omnibus
1709 2321 1913 2378 beneﬁ-

327 2404 409 2459 cia
452 2406 694 2475 qtnrdant
743 2410 1105 2476 provenirent.
1157 2409 1288 2464 Nam
1334 2411 1476 2480 quod
1524 2412 1650 2479 lux,
1703 2413 1910 2469 diurna:

325 2498 652 2567 operationis
675 2500 746 2555 sit
774 2508 982 2572 tempus
1000 2542 1015 2568 ,
1066 2502 1190 2557 audi
1221 2503 1386 2558 Darid
1412 2504 1677 2560 dicentem
1707 2522 1722 2560 :
1751 2505 1914 2575 Egre-

326 2588 495 2642 dietur
521 2591 671 2643 homo
703 2591 773 2643 ad
801 2607 928 2661 apus
955 2609 1105 2647 suum
1127 2634 1143 2656 ,
1195 2602 1245 2648 et
1282 2593 1351 2647 ad
1390 2595 1731 2664 operationem
1767 2612 1912 2649 suam

330 2695 485 2749 usque
522 2682 590 2733 ad
626 2696 883 2751 vesperam
913 2681 1084 2753 (Psal.
1114 2684 1237 2739 105.
1269 2684 1387 2756 2'5).
1445 2685 1515 2740 Et
1542 2686 1679 2742 bene
1716 2687 1907 2756 inquit,

333 2768 504 2839 Usque
537 2772 605 2824 ad
630 2787 885 2842 vesperam
918 2791 932 2828 :
962 2789 1083 2828 nam
1125 2776 1406 2845 ingruente
1440 2771 1765 2842 vesperelux
1782 2772 1909 2829 abs-

324 2860 509 2920 cedit,
584 2872 639 2917 et
680 2864 1029 2921 succedentes
1062 2867 1295 2923 tenebrat
1338 2866 1623 2923 humanam
1669 2878 1911 2924 naturam

327 2952 576 3021 sapiunt,
603 2963 658 3008 et
682 2969 877 3024 corpus
902 2956 1043 3026 quod
1068 2956 1435 3026 laboraverat,
1465 2962 1626 3031 quieti
1673 2961 1909 3030 tradunt,

327 3056 519 3097 sensus
564 3058 752 3101 omnes
797 3047 1107 3113 remittunt,
1157 3060 1211 3103 et
1259 3052 1409 3120 quasi
1463 3054 1641 3107 nutrix
1688 3055 1909 3122 Optima,

329 3148 579 3190 sensuum
605 3138 818 3208 organis
838 3140 1084 3196 omnibus
1109 3143 1339 3211 quietem
1366 3159 1397 3197 a
1428 3145 1694 3201 laboribus
1727 3148 1914 3217 fatiga-

324 3227 670 3299 tionibusqne
715 3232 1036 3287 concedunt.
1084 3232 1218 3288 Cum
1268 3250 1395 3290 vero
1438 3251 1685 3292 mensura
1739 3239 1913 3294 noctis

331 3318 552 3388 impleta
580 3319 772 3387 fuerit,
801 3322 1233 3393 appmpinquans
1272 3325 1403 3381 lucis
1430 3327 1693 3382 adventus
1717 3329 1915 3383 excitat

328 3420 385 3463 et
416 3410 469 3463 id
489 3411 597 3481 agit
623 3419 681 3466 ut
707 3412 945 3483 vigentes
975 3413 1264 3485 reiectique
1284 3432 1474 3472 sensus
1503 3418 1710 3474 solarcs
1734 3419 1914 3475 radios

331 3500 557 3566 adeant,
588 3512 642 3558 et
669 3512 728 3558 ut
753 3503 917 3559 homo
941 3520 1078 3562 nova
1107 3508 1333 3578 quadam
1377 3519 1432 3564 et
1470 3510 1695 3566 ferventi
1725 3512 1915 3567 alacri-

330 3600 439 3647 tate
466 3594 735 3650 consuetis
762 3595 1011 3664 operibus
1037 3613 1251 3655 manum
1271 3598 1573 3658 admoveat.
1602 3602 1732 3658 illud
1753 3605 1914 3659 etiam

332 3684 384 3738 in
423 3688 545 3739 anni
577 3688 1017 3744 conversionibus
1045 3689 1161 3745 fieri
1186 3692 1473 3749 cernimus.
1506 3693 1746 3750 Hiemem
1770 3696 1911 3750 enim

329 3778 528 3848 excipit
557 3795 650 3834 ver
673 3820 688 3845 ,
728 3789 784 3836 et
808 3792 1009 3837 exactze
1037 3784 1209 3839 testati
1239 3787 1477 3843 succedit
1500 3798 1787 3843 autumnus
1816 3808 1829 3845 :
1856 3799 1915 3845 ut

329 3885 425 3937 per
461 3871 878 3937 vicissitudinem
927 3884 1225 3946 temporum
1253 3887 1307 3933 et
1348 3881 1534 3935 mutati
1579 3882 1719 3937 aeris
1759 3883 1913 3952 quie-

330 3971 481 4015 scant
505 3977 729 4031 corpora
772 3974 987 4031 nostra,
1033 3983 1206 4038 neque
1230 3968 1428 4040 frigore
1458 3972 1679 4027 nimium
1717 3989 1914 4045 conge-

330 4052 435 4105 lata
461 4065 888 4124 corrumpantur,
917 4073 1092 4129 neque
1112 4061 1307 4118 caloris
1327 4064 1664 4121 vehementia
1686 4068 1910 4124 nimium

330 4142 582 4197 calefacta
612 4145 971 4202 dissolvantur
1003 4167 1016 4203 :
1044 4158 1097 4204 ct
1127 4160 1185 4206 ut
1224 4152 1291 4207 ad
1337 4153 1437 4209 hoc
1478 4170 1577 4210 nos
1620 4170 1908 4228 praeparet,

332 4232 495 4289 hiemi
522 4237 793 4305 praemittit
821 4248 1132 4296 autumnum
1156 4281 1172 4309 ,
1218 4252 1273 4297 et
1308 4247 1479 4300 atstati
1510 4262 1623 4302 ver.
1677 4250 1829 4316 Quod
1865 4252 1911 4306 si

334 4326 453 4395 quis
492 4329 783 4396 prudenter
824 4330 940 4388 haec
970 4336 1149 4389 omnia
1178 4350 1359 4392 secum
1387 4341 1731 4410 expenderit,
1764 4344 1914 4400 inve-

329 4417 441 4473 niet
468 4419 521 4473 in
543 4421 790 4477 omnibus
809 4426 1067 4481 creaturis
1090 4428 1330 4485 ordinem
1360 4440 1415 4486 et
1440 4434 1698 4490 rationem
1725 4452 1912 4507 quam-

327 4508 483 4577 dam,
527 4520 583 4567 et
609 4513 737 4567 nihil
773 4524 973 4572 temere
994 4526 1049 4573 et
1072 4518 1273 4591 absque
1300 4524 1506 4579 ratione
1531 4525 1747 4582 factum.
1796 4527 1911 4584 Hoc

306 4612 381 4657 .et
406 4602 460 4656 itt
482 4605 792 4669 seminibus,
822 4623 940 4677 qua:
964 4626 1028 4665 ex
1053 4619 1192 4667 terra
1222 4624 1539 4682 nascuntur,
1580 4619 1697 4687 quis
1723 4619 1909 4675 videre

330 4702 523 4762 potest.
578 4695 761 4764 Neque
806 4700 1177 4767 enimromnia
1230 4704 1417 4760 eodem
1464 4715 1701 4778 tempore
1751 4710 1908 4766 tellus

326 4783 546 4852 profert,
580 4802 752 4857 neque
785 4804 941 4846 omne
969 4798 1179 4863 tempus
1208 4795 1276 4849 ad
1295 4798 1585 4854 excolenda
1614 4810 1769 4855 teme
1787 4817 1909 4873 ger-

326 4876 468 4931 mina
522 4878 771 4934 idoneum
820 4890 931 4946 est;
990 4883 1085 4938 sed
1136 4886 1287 4941 novit
1335 4890 1567 4960 agricola
1614 4907 1908 4963 congruum

331 4976 541 5037 tempus
566 5012 581 5037 ,
612 4971 751 5041 quod
784 4987 879 5042 per
905 4975 1217 5045 sapientiam
1245 4979 1344 5035 sibi
1371 4996 1400 5034 a
1434 4982 1542 5036 Deo
1569 4982 1745 5037 datam
1774 4986 1909 5040 didi-

322 5059 427 5121 cit.
475 5064 688 5131 quando
744 5081 934 5136 nempe
981 5070 1299 5136 serendum,
1354 5075 1564 5143 quando
1610 5077 1907 5146 plantandze

324 5151 579 5217 arbores,
627 5159 840 5226 quando
874 5161 1010 5217 vites
1050 5170 1209 5218 terra:
1254 5163 1458 5221 sinibus
1497 5168 1903 5237 concredendae,

325 5245 537 5309 iptando
567 5248 633 5301 ad
676 5266 905 5308 messem
937 5258 1189 5312 acnendac
1229 5258 1390 5314 falces
1415 5301 1431 5325 ,
1476 5262 1688 5331 quando
1718 5262 1909 5319 decer-

328 5332 483 5399 pendi
514 5335 785 5393 vinearum
820 5342 1019 5398 fruetus
1045 5387 1061 5412 ,
1092 5356 1145 5401 et
1186 5347 1325 5405 botri
1373 5350 1622 5406 demendi
1645 5396 1658 5417 ,
1692 5354 1905 5423 quando

325 5431 378 5475 et
407 5424 664 5481 olivarum
707 5432 877 5486 baccze
922 5438 1249 5507 colligcudte.
1292 5444 1358 5497 Et
1388 5445 1662 5513 invenies,
1704 5449 1746 5501 si
1791 5447 1906 5503 haec

329 5515 507 5568 omnia
537 5515 816 5588 diligenter
841 5525 1070 5580 volueris
1102 5530 1367 5601 inquirere
1388 5578 1401 5601 ,
1432 5551 1619 5607 magna
1646 5540 1904 5608 sapientia

390 5607 408 5637 ⁸
442 5605 642 5665 Quidem
668 5618 789 5674 Mss,
818 5614 1089 5669 clariorem.

2010 298 2170 352 etiam
2208 299 2469 366 agricolas
2516 315 2637 356 esse
2677 303 2947 371 prteditos.
2997 305 3115 361 Jant
3164 323 3271 363 non
3321 312 3500 366 solum
3546 315 3597 365 in

2008 394 2150 441 terra
2190 388 2292 443 hoc
2316 390 2499 446 videre
2529 391 2686 457 licet,
2717 393 2813 449 sed
2840 397 3003 449 etiam
3045 402 3097 451 in
3128 400 3283 454 mari.
3337 401 3485 457 Ecce
3518 404 3601 455 hic

2006 477 2165 531 aliam
2209 479 2574 537 admirabilem
2618 486 2933 553 sapientiam
2976 499 3223 557 spectare
3262 503 3438 560 potes.
3488 492 3602 547 Sl'it

2007 567 2149 625 enim
2181 570 2462 626 nauclerus
2491 574 2702 640 quando
2726 574 3042 632 deducenda
3066 580 3138 633 sit
3166 581 3317 635 navis
3336 624 3352 645 ,
3380 586 3603 650 quando

2007 672 2037 713 a
2061 669 2215 728 portu
2244 661 2572 728 solvendum,
2600 663 2813 733 quando
2843 669 3160 723 transeunda
3184 672 3351 725 maria
3376 687 3392 736 ;
3424 675 3600 725 maxi-

2009 764 2202 819 meque
2254 751 2305 804 in
2354 752 2529 808 nantis
2578 754 2996 823 deprehenditur
3043 759 3387 828 intellectus,
3438 778 3602 831 quem

2009 840 2186 896 divina
2215 842 2472 912 sapientia
2498 844 2743 901 humanae
2774 857 2975 903 natura:
3004 850 3212 906 indidit.
3240 853 3425 921 Neque
3454 856 3601 907 enim

2008 934 2097 1001 qui
2142 948 2236 1002 per
2261 934 2374 990 vias
2404 935 2643 1004 publicas
2672 948 2914 1005 currunt,
2950 942 3019 995 ita
3046 942 3359 998 diverticula
3400 946 3602 1003 sciunt.

2010 1036 2067 1078 ut
2096 1026 2130 1080 ii
2160 1028 2247 1096 qui
2278 1027 2332 1081 in
2357 1027 2509 1097 aquis
2530 1038 2735 1084 certum
2762 1030 2863 1086 iter
2892 1032 3109 1088 faciunt.
3162 1034 3389 1105 Propter
3419 1038 3525 1089 hoc
3551 1046 3607 1090 et

2010 1115 2281 1186 Scriptura
2312 1118 2698 1188 obstupescens
2744 1122 3067 1178 eminentem
3112 1125 3429 1195 sapientiam
3484 1126 3604 1191 Dei,

2011 1208 2142 1264 dicit
2173 1227 2186 1263 :
2221 1211 2318 1277 Qui
2342 1210 2479 1265 dedit
2503 1212 2556 1265 in
2586 1213 2716 1266 mari
2761 1215 2928 1279 viam,
2975 1225 3022 1268 et
3060 1216 3111 1268 in
3153 1234 3285 1285 aqua
3325 1219 3606 1271 vehementi

2012 1302 2241 1356 semitam
2268 1302 2421 1373 (Sap.
2451 1303 2537 1358 M.
2569 1302 2646 1375 '5).
2697 1305 2827 1372 Quae
2854 1306 3083 1360 humana
3112 1307 3249 1362 ratio
3279 1318 3459 1377 potest
3486 1310 3606 1362 hate

2012 1395 2375 1462 pernoscere?
2430 1395 2685 1451 Eamdem
2734 1398 2995 1453 rationem
3046 1400 3280 1455 inveniet
3334 1402 3608 1470 quispiam

2014 1486 2174 1540 etiam
2218 1486 2271 1540 in
2297 1486 2433 1541 cibis
2456 1501 2590 1555 quos
2627 1489 2906 1545 sumimus.
2938 1490 3067 1544 Nam
3090 1493 3315 1561 singulis
3340 1494 3608 1562 tempori-

2014 1578 2113 1643 bus
2138 1587 2193 1633 et
2218 1579 2340 1633 anni
2389 1581 2628 1649 partibus
2657 1583 2802 1637 varia
2828 1591 2883 1637 et
2909 1583 3119 1639 diversa
3160 1586 3315 1641 nobis
3342 1588 3605 1641 alimenta

2016 1668 2277 1724 Dominus
2330 1670 2552 1740 largitur
2595 1690 2609 1726 :
2660 1680 2800 1727 terra
2851 1676 2993 1729 enim
3043 1677 3194 1745 quasi
3242 1677 3445 1745 optima
3499 1694 3607 1731 nn-

2015 1761 2120 1814 trix
2145 1761 2286 1816 dona
2307 1776 2402 1817 sua
2433 1763 2586 1819 nobis
2613 1764 2851 1834 profert,
2883 1778 3149 1838 pr:ecepto
3177 1766 3447 1823 Creatoris
3489 1783 3613 1823 ser-

2016 1853 2191 1909 Viells.

2085 1944 2140 1998 2.
2168 1944 2367 2000 Verum
2394 1960 2464 2001 ne
2499 1946 2756 2017 prolixius
2786 1961 3089 2004 sermonem
3113 1949 3398 2004 extendam
3418 1989 3435 2013 ,
3477 1950 3613 2005 liceo

2015 2035 2093 2091 bit
2115 2038 2264 2093 vobis
2303 2053 2401 2107 pro
2426 2047 2604 2094 vestra
2633 2039 2914 2110 prudentia
2944 2055 3229 2098 recensere
3254 2043 3360 2097 alia
3396 2044 3609 2097 omnia.

2016 2127 2099 2182 Da
2123 2129 2264 2183 enim
2288 2171 2304 2195 ,
2350 2130 2557 2199 inquit,
2598 2132 2815 2200 sapienti
2844 2132 3155 2186 occasionem
3178 2174 3194 2199 ,
3237 2142 3284 2187 et
3324 2134 3613 2203 sapientior

2016 2223 2109 2276 erit
2151 2220 2334 2290 (Prov.
2364 2222 2416 2278 9.
2447 2222 2528 2292 9).
2582 2221 2765 2291 Neque
2813 2224 2866 2276 in
2910 2223 3107 2278 nostris
3152 2223 3429 2278 dumtaxat
3469 2225 3612 2278 cibis

2016 2313 2119 2367 hoc
2146 2311 2328 2368 videre
2350 2322 2475 2380 est,
2519 2312 2617 2369 sed
2644 2322 2699 2367 et
2737 2314 2788 2368 in
2820 2314 2885 2369 iis
2910 2329 3029 2384 qua:
3055 2314 3330 2369 brutorum
3358 2323 3502 2369 sunt.
3543 2316 3611 2368 lit

2014 2404 2278 2473 poteritis,
2302 2404 2349 2459 si
2371 2404 2551 2472 vultis,
2583 2404 2742 2460 etiam
2769 2405 2833 2459 in'
2850 2406 3029 2460 multis
3054 2406 3175 2460 aliis
3204 2407 3479 2477 inquirere
3501 2448 3515 2471 ,
3554 2419 3612 2460 et

2016 2496 2291 2553 addiscere
2327 2497 2518 2568 optimi
2560 2498 2785 2553 artificis
2812 2498 2904 2553 Dei
2935 2497 3257 2554 ineffabilem
3286 2500 3610 2569 sapientiam

2015 2600 2071 2646 et
2094 2590 2417 2646 eminentem
2449 2590 2742 2646 bonitatem
2763 2632 2777 2656 ,
2806 2590 3076 2661 quomodo
3098 2600 3357 2647 creaturae
3377 2590 3612 2661 singulm

2019 2682 2227 2738 ratione
2250 2682 2478 2753 quadam
2507 2682 2738 2737 condita:
2756 2682 2863 2737 sint
2896 2684 2935 2735 ι.
2964 2682 3391 2753 Similiterigitur
3412 2666 3473 2736 ἐι
3503 2682 3611 2737 ιιι.-

2012 2773 2099 2844 jus
2128 2787 2294 2829 sacrm
2323 2773 2754 2845 Quadragesimte
2785 2784 3024 2843 tempore
3053 2776 3399 2832 constitutum
3449 2776 3613 2832 nobis

2016 2865 2366 2921 inveniemus.
2396 2863 2528 2920 Nam
2557 2865 3000 2934 quemadmodum
3033 2867 3085 2920 in
3109 2868 3209 2922 viis
3234 2869 3459 2938 publicis
3478 2881 3613 2925 sunt

2017 2960 2275 3013 stationes
2320 2965 2374 3012 et
2411 2957 2760 3024 diverticula,
2810 2958 2862 3012 in
2901 2958 3094 3028 quibus
3141 2958 3265 3014 fessi
3294 2960 3534 3017 viatores
3556 2970 3614 3015 et

2017 3050 2284 3119 respirant
2319 3058 2374 3104 et
2411 3049 2710 3119 quiescunt,
2764 3057 2825 3104 ut
2868 3058 3051 3119 postea
3097 3050 3198 3105 iter
3249 3066 3401 3106 suum
3432 3055 3614 3109 conti.

2017 3140 2163 3195 ciant
2192 3158 2205 3194 :
2232 3148 2286 3194 et
2315 3139 2454 3195 sicut
2478 3140 2531 3195 itt
2565 3140 2700 3194 mari
2729 3140 2904 3196 littora
2930 3151 3091 3207 sunt,
3118 3150 3175 3197 et
3201 3152 3417 3212 portus,
3446 3152 3508 3199 nt
3536 3145 3616 3200 ibi

2018 3238 2194 3285 nauta:
2232 3237 2513 3300 postquam
2546 3230 2745 3286 multos
2776 3229 2970 3285 fluctus
2996 3233 3357 3301 trajecerunt,
3388 3240 3448 3288 et
3475 3247 3615 3288 ven-

2020 3328 2196 3376 torum
2222 3321 2442 3390 impelni
2468 3322 2800 3387 restiterunt,
2830 3324 3091 3392 tantisper
3114 3326 3407 3393 quiescant,
3443 3334 3502 3380 et
3531 3327 3615 3380 sic

2021 3412 2211 3469 iterum
2240 3413 2494 3484 navigare
2524 3413 2779 3483 incipiant
2805 3431 2820 3468 :
2848 3414 2918 3469 ita
2944 3424 2999 3469 et
3019 3431 3159 3471 nunc
3186 3417 3250 3471 iis
3269 3418 3358 3487 qui
3384 3419 3437 3472 in
3463 3418 3618 3485 Qua-

2019 3504 2318 3576 dragesima
2344 3504 2531 3575 jejunii
2552 3520 2768 3562 cursum
2798 3511 3084 3578 suscepere
3107 3550 3122 3576 ,
3162 3511 3312 3580 quasi
3341 3511 3615 3568 stationes

2018 3604 2074 3650 et
2094 3594 2387 3651 diversoria
2412 3636 2426 3659 ,
2454 3604 2508 3651 et
2535 3596 2713 3651 littora
2743 3606 2795 3652 et
2818 3607 3021 3668 portus,
3052 3601 3216 3655 hosce
3240 3600 3375 3657 duos
3399 3601 3614 3657 hebdo-

2018 3685 2190 3741 mada:
2214 3685 2326 3741 dies
2348 3686 2427 3757 (a)
2460 3687 2718 3743 Dominus
2746 3688 2979 3759 quietem
3023 3690 3240 3761 largitus
3284 3702 3397 3759 est,
3446 3703 3506 3748 ut
3558 3705 3615 3749 et

2018 3776 2231 3846 corpori
2252 3777 2635 3847 aliquantulum
2670 3779 2860 3849 jejunii
2888 3781 3124 3836 laborem
3149 3783 3485 3839 remittentes
3506 3826 3523 3851 ,
3557 3798 3615 3841 et

2018 3868 2250 3923 animam
2281 3879 2607 3936 rccreantes,
2647 3872 2850 3927 exactis
2878 3872 3086 3928 duobus
3132 3873 3237 3928 illis
3276 3874 3503 3940 diebus,
3556 3879 3612 3932 in

2019 3958 2245 4030 pulchre
2285 3970 2463 4031 empto
2497 3962 2689 4017 itinere
2730 3962 2977 4019 alacriter
3021 3972 3241 4034 pergant
3270 3965 3303 4019 ii
3330 3966 3423 4035 qui
3472 3967 3614 4022 illud

2017 4061 2386 4124 susceperunt.
2432 4054 2546 4125 Age
2571 4054 2732 4125 igitur
2755 4095 2771 4121 ,
2799 4055 2922 4125 quia
2943 4055 3100 4110 hodie
3137 4056 3472 4113 remissionis
3490 4060 3614 4115 dies

2017 4155 2101 4202 est
2121 4186 2138 4213 ,
2177 4146 2575 4202 obsecrabimus
2602 4156 2833 4203 vestram
2859 4149 3156 4216 caritatem,
3184 4160 3243 4204 ut
3267 4166 3458 4221 magna
3480 4153 3611 4207 dili-

2015 4238 2192 4309 gentia
2217 4239 2420 4294 lucrum
2445 4254 2509 4294 ex
2532 4240 2737 4308 jejunio
2758 4240 3038 4294 collectum
3063 4240 3411 4296 custodiatis:
3436 4251 3494 4297 et
3512 4258 3602 4299 rc-

2016 4340 2229 4401 sumpto
2255 4345 2537 4401 parumper
2577 4331 2767 4400 spiritu
2789 4371 2804 4397 ,
2849 4344 2974 4385 mox
3018 4330 3208 4385 iterum
3242 4332 3419 4400 priora
3447 4335 3601 4389 novis

2016 4424 2362 4481 incrementis
2408 4422 2690 4479 cumuletis
2710 4465 2725 4491 ,
2767 4432 2823 4478 et
2847 4423 2926 4478 sic
2963 4423 3213 4493 paulatim
3243 4423 3309 4478 ad
3339 4424 3602 4494 majorem

2017 4517 2427 4588 negotiationem
2470 4518 2712 4572 inStructi
2734 4560 2749 4583 ,
2795 4517 2851 4571 iu
2881 4517 3213 4572 Dominicum
3241 4517 3382 4572 diem
3408 4533 3577 4573 occur

2014 4610 2165 4676 ratis,
2193 4619 2247 4664 et
2276 4609 2606 4678 spiritualem
2635 4618 2864 4663 vestram
2885 4610 3058 4663 navim
3084 4609 3135 4663 in
3164 4619 3373 4679 portum
3398 4621 3604 4667 sancta

2016 4701 2315 4757 festivitatis
2351 4701 2561 4770 plenam
2602 4700 2897 4756 adducatis.
2949 4700 3078 4755 Nam
3106 4700 3244 4755 sicut
3271 4700 3451 4755 omnia
3477 4718 3604 4772 quae

2014 4807 2045 4848 a
2088 4792 2313 4846 Domino
2354 4802 2480 4846 sunt
2520 4792 2697 4859 facta,
2739 4792 2876 4846 sicut
2902 4800 2956 4848 et
2992 4806 3240 4846 sermone
3270 4791 3605 4857 declaratum

2015 4892 2099 4939 est
2120 4892 2174 4939 et
2199 4898 2287 4938 res
2313 4883 2441 4953 ipsa:
2467 4892 2745 4949 testantur,
2770 4883 2973 4938 ratione
2999 4891 3055 4937 et
3081 4882 3336 4950 Sapientia
3365 4881 3604 4952 quadam

2013 4974 2152 5031 facta
2182 4984 2327 5041 sunt,
2357 4992 2512 5030 usum
2540 4976 2901 5032 necessarium
2926 4975 3228 5031 exbibentia
3261 4993 3274 5029 :
3308 4976 3381 5030 ita
3401 4987 3459 5032 et
3477 4994 3610 5048 qua:

2013 5082 2044 5122 a
2070 5068 2223 5123 nobis
2250 5068 2420 5135 fiunt,
2464 5083 2530 5122 ne
2566 5068 2766 5139 absque
2789 5082 2951 5123 causa
2979 5075 3033 5122 et
3056 5065 3252 5122 frustra
3283 5067 3411 5124 fiant
3439 5083 3610 5140 opor—

2078 5202 2097 5234 ί
2131 5200 2343 5257 Coislin.,
2364 5214 2458 5250 uno
2475 5199 2615 5251 verbo
2637 5207 2681 5251 et
2695 5200 2855 5262 jussu,
2879 5213 2984 5262 pro.
3008 5199 3191 5249 ratione
3208 5201 3439 5261 quadam.

2077 5262 2149 5334 (α)
2191 5280 2213 5309 ι
2235 5264 2491 5335 sabbatum
2512 5263 2698 5334 scilicet
2735 5264 2966 5324 diemque
3007 5264 3309 5332 Dominieam,
3337 5264 3498 5335 inquit
3519 5270 3611 5309 Sn-

2013 5324 2180 5387 vilius;
2207 5326 2443 5387 Dominica
2475 5325 2700 5387 jejunate
2726 5337 2981 5386 numquam
3019 5325 3321 5387 permissum.
3350 5332 3399 5371 tn
3422 5327 3609 5373 Orien-

2018 5384 2095 5436 tali
2119 5398 2238 5435 vero
2260 5384 2603 5435 Ecclesia'olint
2642 5395 2734 5434 tam
2773 5384 2907 5434 uelas
2937 5387 3136 5433 Sabbato
3168 5386 3411 5447 jejttuare,
3449 5400 3607 5447 quam

2014 5448 2092 5517 die
2116 5448 2372 5518 Dominica.
2420 5451 2647 5518 lgttatiys.
2684 5462 2773 5496 seu
2798 5449 3015 5517 quisquis
3052 5450 3229 5518 estqui
3267 5446 3375 5518 illas
3404 5446 3607 5518 scripsit

2014 5508 2259 5569 epistolas.
2284 5521 2393 5569 quas
2419 5510 2526 5569 ejus
2563 5510 2785 5559 feruntur
2810 5508 3001 5557 nomine
3027 5523 3039 5557 :
3082 5508 3129 5557 si
3148 5508 3255 5568 quis
3292 5508 3603 5560 Dominum:

2014 5569 2142 5618 diem
2164 5578 2247 5619 aut
2261 5570 2531 5623 Sabbatmn.
2554 5583 2645 5618 uno
2660 5581 2860 5633 excepto
2872 5570 3124 5633 jejunat‘it,
3146 5569 3187 5621 is
3208 5569 3298 5622 Chr
3310 5569 3386 5622 isti
3409 5583 3605 5620 UCt'twr

2015 5639 2100 5691 est,
2125 5635 2264 5694 Epist.
2292 5636 2322 5681 8
2345 5633 2404 5682 ad
2429 5633 2778 5697 t‘ltilippcnscs.
2806 5650 2827 5678 ι
