3752 6244
186 238 255 293 93

178 353 360 424 κέρδει
401 353 498 422 τῆς
530 349 801 422 σωτηρίας
834 350 932 420 τῆς
977 349 1274 420 ἡμετέρας.
1305 351 1368 403 EE
1409 350 1516 419 γὰρ
1549 351 1598 402 οἱ
1626 349 1694 404 τά
1730 349 1857 419 βιω-

101 417 113 436 ’
174 442 304 496 τικά
343 441 618 514 μετιόντες
659 425 959 510 πράγματα
984 440 1084 492 οὐκ
1112 439 1175 492 ἀν
1212 455 1340 490 ποτε
1386 437 1707 507 ἀνάσχοιντο
1741 440 1859 491 ἐπι-

179 534 509 606 τηδεύματος
559 532 829 603 ἅψασθαι,
877 531 951 602 μὴ
995 530 1260 601 πρότερον
1310 529 1370 582 τὸ
1409 529 1620 582 ἐκεῖθεν
1667 528 1858 600 κέρδος

176 625 713 695 περισκοπήσαντες·
754 619 935 690 πολλῷ
976 619 1175 690 μᾶλλον
1228 618 1375 688 ἡμᾶς
1435 618 1644 671 δίκαιον
1696 617 1855 670 τοῦτο

175 715 370 772 ποιεῖν,
420 711 511 764 καὶ
568 708 642 779 μὴ
699 707 886 770 ἁπλῶς
938 707 1038 770 τὰς
1087 707 1390 776 ἑϐδομάδας
1437 705 1545 759 τῶν
1591 704 1858 775 νηστειῶν

177 799 562 870 παρατρέχειν,
607 796 743 850 ἀλλὰ
793 795 1170 866 διερευνᾶσθαι
1212 795 1309 865 τὴν
1350 794 1561 848 ἑαυτῶν
1611 793 1858 862 συνείδη-

177 905 280 950 σιν,
328 889 424 941 καὶ
469 887 559 941 τὸν
598 885 856 955 λογισμὸν
894 885 1225 954 βασανίζειν,
1269 883 1364 936 καὶ
1398 887 1620 937 σκοπεῖν
1660 884 1712 937 τί
1762 882 1860 954 μὲν

177 979 234 1029 ἐν
279 975 452 1047 ταύτῃ
495 975 563 1044 τῇ
616 971 872 1042 ἑϐδομάδι
921 971 1053 1042 ἡμῖν
1095 969 1474 1039 κατώρθωται,
1523 970 1656 1023 τίδὲ
1701 971 1758 1022 ἐν
1792 971 1858 1040 τῇ

175 1063 362 1134 ἑτέρα.
395 1061 490 1114 καὶ
536 1061 659 1112 τίνα
703 1058 1024 1129 προσθήκην
1065 1057 1367 1127 ἐδεξάμεθα
1411 1059 1492 1120 είς
1538 1056 1636 1128 τὴν
1671 1057 1858 1110 ἐπιοῦ-

179 1169 297 1213 σαν,
349 1150 443 1203 καὶ
477 1151 628 1201 ποῖον
675 1147 784 1201 τῶν
814 1147 870 1199 ἐν
904 1149 1036 1217 ἡμῖν
1089 1145 1276 1199 παθῶν
1333 1143 1750 1216 διωρθώσαμεν.
1802 1144 1862 1198 El

177 1241 286 1310 γὰρ
334 1237 409 1310 μὴ
456 1236 746 1309 μέλλοιμεν
799 1234 942 1288 οὑτω
981 1234 1050 1287 τά
1104 1233 1226 1287 καθ’
1271 1235 1494 1297 ἑαυτοὺς
1535 1235 1861 1304 οἰκονομεῖν,

179 1330 274 1381 καὶ
303 1325 572 1397 τοσαύτην
612 1323 883 1378 ποιεῖσθαι
917 1321 1235 1393 ἐπιμέλειαν
1273 1325 1372 1393 τῆς
1411 1321 1622 1375 ἑαυτῶν
1658 1320 1861 1392 ψυχῆς,

178 1417 330 1470 οὐδὲν
355 1416 486 1486 ἡμῖν
514 1413 705 1482 ὄφελος
732 1411 887 1466 ἔσται
914 1413 1011 1482 τῆς
1042 1410 1316 1481 νηστείας,
1342 1411 1464 1463 οὐδὲ
1495 1409 1595 1480 τῆς
1625 1409 1862 1473 ἀσιτίας,

179 1511 244 1577 ην
282 1503 648 1574 ὑπομένομεν,
689 1499 928 1570 μάλιστα
966 1500 1014 1550 εἰ
1048 1497 1163 1570 [85]
1198 1497 1523 1567 φαινοίμεθα
1551 1508 1576 1537 α
1611 1495 1866 1560 ἐλάττους

180 1590 289 1643 τῶν
321 1587 452 1659 περὶ
478 1587 583 1656 τὴν
620 1583 882 1654 συλλογὴν
919 1582 1028 1636 τῶν
1075 1582 1377 1652 χρημάτων
1407 1581 1675 1653 τοσαύτην
1709 1598 1866 1634 σπουο

179 1674 276 1744 δὴν
312 1671 678 1742 ποιουμένων·
725 1668 978 1738 εὑρήσεις
1019 1665 1128 1736 γὰρ
1163 1665 1393 1719 ἕκαστον
1427 1664 1651 1718 ἐκείνων
1688 1666 1866 1717 πᾶσαν

182 1757 490 1828 ἀγρυπνίαν
546 1751 1012 1822 ἐπιδεικνύμενον,
1063 1749 1204 1802 ὥστε
1261 1750 1346 1818 ἐφ’
1384 1749 1622 1819 ἑκάστης
1653 1749 1866 1820 ἡμέρας

183 1840 532 1913 προστιθέναι
562 1840 670 1900 τοῖς
698 1835 1008 1906 προτέροις,
1045 1832 1140 1886 καὶ
1177 1833 1431 1886 οὐδέποτε
1463 1833 1621 1904 κόρον
1653 1832 1867 1903 λαμϐά-

425 1924 530 1979 ἰλλ’
572 1923 682 1992 ὅσῳ
713 1919 779 1974 ἂν
813 1917 1044 1988 αῦξηται
1090 1916 1240 1988 αὑτῷ
1277 1918 1342 1969 τά
1385 1917 1485 1986 τῆς
1525 1917 1861 1986 περιουσίας,

185 2013 424 2082 τοσούτῳ
459 2007 658 2080 μᾶλλον
707 2005 801 2059 καὶ
848 2005 948 2076 τήν
992 2003 1290 2071 ἐπιθυμίαν
1329 2001 1422 2055 καὶ
1471 2002 1570 2072 τὴν
1629 2002 1866 2073 σπουδήν

189 2100 591 2171 ἐκτεινομένην.
623 2096 684 2149 Et
714 2094 894 2147 τοίνυν
925 2091 1054 2145 ἔνθα
1100 2091 1195 2144 καὶ
1232 2090 1299 2144 τὰ
1331 2091 1429 2161 τῆς
1468 2091 1704 2161 σπουδῆς
1746 2091 1868 2144 ἀνό-

186 2203 344 2258 νητα,
394 2184 490 2238 καὶ
533 2181 602 2234 τὰ
643 2180 740 2248 τῆς
781 2175 1101 2249 περιουσίας
1144 2173 1406 2237 πολλάκις
1452 2173 1651 2245 πολλὴν
1700 2174 1867 2246 ἐργά-

189 2256 338 2335 ζεται
392 2270 458 2338 τῇ
510 2265 609 2335 τῆς
665 2261 846 2333 ψυχῆς
903 2258 1146 2330 σωτηρίᾳ
1192 2256 1292 2328 τήν
1338 2256 1539 2328 λύμην,
1596 2257 1868 2330 τοσαύτην

190 2353 555 2409 ἐπιδείκνυται
601 2347 700 2417 τὴν
747 2343 1078 2412 ἀγρυπνίαν,
1129 2342 1246 2405 πῶς
1294 2341 1454 2394 τοῦτο
1503 2340 1704 2412 μᾶλλον
1749 2342 1868 2412 οὐχὶ

189 2443 363 2493 ποιεῖν
399 2437 527 2509 χρὴ,
575 2432 702 2487 ἔνθα
741 2429 911 2498 πολλὴ
933 2429 962 2467 ὶ)
999 2427 1106 2481 ἀπὸ
1147 2426 1248 2495 τῆς
1281 2425 1517 2496 σπουδῆς
1546 2429 1578 2498 ή
1612 2426 1866 2496 ὠφέλεια,

190 2527 284 2579 καὶ
312 2523 516 2594 ἀφατος
542 2519 570 2571 ό
604 2514 812 2588 μισθὸς,
846 2512 940 2566 καὶ
972 2512 1032 2564 τὸ
1063 2510 1250 2581 κέρδος
1277 2511 1537 2594 ἀπειρονς
1585 2511 1733 2594 Ἑκεί
1769 2511 1870 2580 μὲν

190 2612 300 2680 γὰρ
346 2593 440 2660 καὶ
480 2601 621 2674 μετά
652 2599 858 2652 τούτων
900 2597 1159 2680 ἁπάντων
1202 2593 1379 2680 πολλή
1407 2594 1440 2664 ἡ
1469 2593 1693 2680 ἀδηλί-α·
1742 2593 1871 2680 ᾀδέ-

195 2677 347 2754 Caio;
381 2689 489 2760 γὰρ
523 2686 632 2739 τῶν
678 2680 975 2753 χρημάτων
1006 2681 1038 2750 ἡ
1072 2678 1296 2747 κτῆσις·
1330 2678 1430 2730 οὑκ
1463 2677 1648 2748 ἐπειδὴ
1688 2677 1868 2747 μόνον,

191 2777 292 2848 τῆς
338 2771 596 2839 τελευτῆς
646 2767 969 2834 ἐπιστάσης,
1019 2761 1256 2816 ἐνταῦθα
1308 2760 1560 2832 μένοντα,
1613 2761 1870 2832 οὐδεμίαν

193 2845 378 2930 θνησιν
421 2855 654 2927 παρέχει
683 2849 760 2920 τῷ
787 2848 960 2902 ταῦτα
995 2848 1301 2913 συνάγοντι,
1347 2845 1463 2898 ἀλλ’
1507 2847 1588 2899 ὅτι
1623 2847 1716 2898 καὶ
1764 2846 1872 2898 τῶν

194 2928 494 3017 χρημάτων
516 2931 618 2991 ὧδε
655 2933 923 3006 μενόντων
953 2931 1050 2993 τάς
1074 2929 1214 3000 ὑπὲρ
1241 2928 1445 2983 τούτων
1473 2928 1704 2993 εὐθύνας
1735 2929 1874 3000 μετά

197 3012 394 3097 πολλῆς
462 3022 563 3090 τῆς
631 3015 993 3086 σφοδρότητος
1057 3012 1406 3097 ἀπαιτεῖσθαι
1480 3013 1867 3097 ἀναγκάζεται.

202 3095 364 3164 Ἐστι
405 3107 501 3160 καὶ
533 3105 622 3157 ὅτε
660 3099 918 3161 πολλάκις
948 3105 974 3135 ο
1013 3096 1108 3149 καὶ
1154 3095 1260 3166 πρὸ
1302 3095 1403 3164 τῆς
1433 3096 1690 3167 τελευτῆς
1736 3095 1872 3167 μετά

195 3197 323 3256 τοὺς
351 3190 578 3251 πολλοὺς
609 3185 823 3247 πόνους,
870 3181 965 3235 καὶ
999 3180 1125 3242 τοὺς
1159 3177 1409 3248 ἱδρῶτας,
1437 3180 1529 3232 καὶ
1563 3179 1661 3244 τὰς
1689 3180 1875 3233 ταλαι-

199 3277 436 3350 πωρίας,
479 3272 733 3342 καθάπερ
769 3265 1082 3350 καταιγίδος
1124 3264 1280 3350 τινὸς
1314 3264 1729 3350 προσπεσούσης
1772 3265 1874 3335 τῆς

201 3348 311 3416 τῶν
368 3356 713 3428 πραγμάτων
773 3349 1174 3423 περιστάσεως,
1223 3348 1419 3420 ἀθρόον
1468 3351 1497 3402 ό
1549 3348 1749 3420 πολλὴν
1775 3350 1873 3421 τὴν

202 3442 521 3518 περιουσίαν
562 3438 656 3493 τοῦ
695 3434 924 3490 πλούτου
972 3432 1338 3503 κεκτημένος,
1384 3433 1492 3484 τῶν
1534 3433 1738 3503 σφόδρα
1777 3449 1874 3484 πε-

207 3511 382 3599 νήτων
437 3526 629 3594 γέγονε
679 3519 1023 3588 πενέστερος.
1077 3515 1180 3569 Καὶ
1237 3515 1410 3568 ταῦτα
1476 3515 1590 3568 καθ’
1634 3511 1874 3585 ἑκάστην

203 3614 418 3685 ⁴ἡμέραν
449 3610 593 3663 ἑστιν
627 3607 751 3660 ἰδεῖν
790 3603 1176 3674 συμϐαίνοντα.
1211 3601 1336 3652 Ἐπὶ
1373 3601 1552 3670 μέντοι
1586 3601 1684 3670 τῆς
1716 3617 1878 3653 πνευ-

207 3681 446 3768 ματικῆς
499 3691 768 3763 ἐμπορίας
825 3687 976 3740 οὐδὲν
1027 3684 1142 3736 ἔστι
1208 3681 1448 3736 τοιοῦτον
1489 3683 1661 3736 δεῖσαί
1710 3701 1872 3737 ποτεο

205 3781 344 3852 αῦτη
376 3781 483 3850 γὰρ
521 3776 710 3848 βεϐαία
743 3774 895 3845 μένει
929 3771 1022 3824 καὶ
1057 3770 1333 3840 ἀκίνητος,
1365 3769 1456 3822 καὶ
1485 3770 1612 3824 ἔνθα
1643 3770 1878 3841 μάλιστα

204 3865 476 3937 χρῄζομεν
507 3861 704 3930 αὐτῆς,
745 3859 861 3910 ἐκεῖ
902 3855 1099 3926 πολλὴν
1131 3855 1261 3925 ἡμῖν
1295 3855 1523 3926 παρέχει
1551 3855 1648 3926 τὴν
1691 3856 1751 3920 ἐξ
1781 3857 1878 3908 αὐ-

203 3950 304 4020 τῆς
339 3944 714 4019 παραμυθίαν.

275 4031 344 4100 γ’.
377 4030 466 4092 Ὡς
512 4024 604 4081 οὖν
634 4023 821 4096 καιρδν
869 4023 1087 4094 ἔχομεν,
1122 4021 1447 4093 παρακαλῶ,
1477 4022 1581 4076 κᾶν
1608 4023 1738 4092 γοῦν
1779 4025 1878 4095 τὴν

207 4115 377 4185 αὐτὴν
420 4113 647 4172 ἐκείνοις
687 4107 1087 4177 είσενέγκωμεν
1135 4106 1372 4176 σπουδὴν
1413 4107 1541 4177 περὶ
1579 4107 1678 4178 τὴν
1718 4126 1880 4162 πνευ-

209 4195 444 4268 ματικῆν
479 4194 683 4262 ταύτην
724 4189 1016 4260 ἐμπορίαν,
1074 4189 1168 4242 καὶ
1220 4189 1490 4260 μηδέποτε
1541 4191 1880 4264 παυσώμεθα

205 4281 366 4336 τοῦτο
422 4275 829 4349 μεριμνῶντες,
871 4273 924 4326 εί
967 4291 1021 4326 τι
1078 4273 1438 4343 κατώρθωται
1486 4277 1640 4346 ήμῖν,
1688 4279 1783 4332 καὶ
1831 4279 1886 4331 εί

205 4381 330 4417 τινα
389 4361 496 4415 τῶν
551 4356 910 4427 ἐνοχλούντων
949 4357 1080 4426 ἡμῖν
1133 4356 1323 4409 παθῶν
1381 4357 1469 4412 διά
1523 4360 1620 4430 τῆς
1678 4361 1882 4431 πολλῆς

206 4445 515 4518 ἀγρυπνίας
563 4443 643 4505 είς
682 4442 860 4512 φυγὴν
914 4440 1239 4512 ἐτρέψαμεν,
1282 4442 1347 4494 ἵν’
1387 4441 1602 4513 ἔχοντες
1639 4444 1736 4518 τὴν
1774 4448 1880 4500 ἀπὸ

207 4532 299 4584 τοῦ
359 4527 658 4588 συνειδότος
716 4524 1123 4596 πληροφορίαν,
1183 4523 1382 4596 πολλὴν
1455 4529 1880 4599 καρπωσώμεθα

207 4617 306 4686 τήν
354 4612 568 4684 ἡδονήν.
610 4609 744 4662 Οὑδέ
783 4608 891 4679 γάρ
928 4607 1088 4660 τοῦτο
1143 4608 1302 4678 μόνον
1354 4611 1470 4663 ἐστὶ
1515 4612 1574 4664 τὸ
1613 4612 1881 4685 ζητούμε-

207 4718 316 4764 νον,
353 4699 439 4750 ῖνα
478 4693 598 4749 καθ’
631 4693 870 4762 ἑκάστην
911 4691 1126 4763 ἡμέραν
1152 4691 1385 4746 ἐνταῦθα
1423 4695 1880 4768 παραγινώμεθα,

209 4785 300 4838 καὶ
341 4781 469 4853 περὶ
505 4777 614 4832 τῶν
651 4776 830 4831 αὑτῶν
865 4775 1104 4845 συνεχῶς
1144 4775 1454 4846 ἀκούωμεν,
1487 4780 1580 4831 καὶ
1619 4780 1719 4852 τὴν
1760 4799 1882 4835 τεσ-

210 4864 550 4938 σαρακοστὴν
609 4863 790 4915 πᾶσαν
837 4859 1189 4930 νηστεύοντες
1228 4854 1377 4930 ὦμεν
1415 4860 1465 4916 ἀ.
1525 4863 1584 4916 Et
1644 4865 1753 4938 γὰρ
1805 4868 1879 4940 μὴ

211 4949 500 5020 μέλλοιμέν
558 4965 610 5000 τι
669 4945 976 5018 κερδαίνειν
1034 4946 1098 4996 ἐκ
1164 4943 1263 5013 τῆς
1328 4945 1562 4999 ἐνταῦθα
1625 4954 1882 5022 συνεχοῦς

209 5033 474 5096 ἐλευσεώς
513 5049 572 5084 τε
613 5031 706 5084 καὶ
747 5027 1153 5101 παραινέσεως,
1194 5028 1286 5082 καὶ
1327 5027 1435 5081 ἀπὸ
1485 5029 1579 5082 τοῦ
1633 5033 1730 5103 τῆς
1785 5055 1882 5108 νη-

211 5118 391 5178 cum
447 5113 642 5186 καιροῦ
701 5111 1034 5185 προσφέρειν
1074 5110 1270 5164 τιτῶν
1321 5114 1612 5184 χρησίμων
1650 5120 1730 5182 είς
1782 5123 1882 5192 τὴν

211 5199 416 5253 ἑαυτῶν
454 5199 649 5268 ψυχὴν,
692 5197 864 5250 ταῦτα
901 5197 961 5249 οὐ
1005 5196 1165 5267 μόνον
1203 5197 1354 5266 ἡμᾶς
1390 5198 1542 5251 οὐδὲν
1587 5201 1876 5274 ὠφελήσει.

929 233 986 288 S.
1025 233 1311 289 JOANNIS
1349 231 1838 288 CHRYSOSTOMI
1875 232 2201 289 ARCHIEP.
2248 236 2795 293 CONSTANTINOP.

3571 241 3639 295 9i

1959 348 2228 418 βάσκανος
2255 352 2334 415 είς
2359 352 2760 424 φιλοφροσύνην
2783 353 2972 406 ἐαυτὸν
2997 355 3269 427 ἀναγάγῃ,
3296 354 3431 426 μήτε
3457 355 3486 407 ὁ
3513 358 3643 422 περὶ

1957 439 2026 493 τά
2051 442 2308 511 χρήματα
2339 442 2618 513 μεμηνὼς,
2650 445 2893 508 ἀποστὰς
2925 443 3017 497 τοῦ
3052 444 3279 508 πάθους,
3323 444 3461 514 πρὸς
3488 443 3643 512 ἐλεη·

1961 527 2199 599 μοσύνην
2221 529 2410 582 ἐαυτὸν
2439 531 2834 603 παρασκευάσῃ
2866 533 2960 586 καὶ
2983 531 3080 602 τήν
3109 533 3218 585 τῶν
3248 533 3498 604 πενήτων
3526 531 3644 584 δια-

1957 618 2184 688 τροφὴν,
2215 619 2352 689 μήτε
2383 619 2412 670 ό
2433 619 2734 682 ἀκόλαστος
2764 619 2996 692 σώφρων
3029 621 3263 690 γένοιτο,
3289 621 3428 691 μήτε
3455 622 3484 673 ό
3514 620 3646 691 περὶ

1931 690 2055 778 ’τήν
2083 706 2244 778 κενὴν
2267 706 2470 777 ταύτην
2491 707 2648 774 δόξαν
2670 690 3007 778 ἐπτοημένος
3032 721 3055 748 ο
3076 709 3224 781 μάθῃ
3251 690 3458 780 ταύτης
3485 690 3645 776 ὑπερ-

1957 797 2112 867 ορᾷν,
2139 797 2232 848 καὶ
2264 795 2366 866 τῆς
2393 795 2627 865 ἀληθοῦς
2650 795 2766 868 [86]
2797 796 3047 866 ἐφίεσθαι
3079 797 3258 867 δόξης,
3293 797 3428 867 μήτε
3459 799 3488 849 ὁ
3515 798 3647 863 περὶ

1957 884 2055 954 τὴν
2084 884 2306 955 ἀγάπην
2335 883 2434 954 τὴν
2465 885 2593 956 περὶ
2615 885 2706 938 τὸν
2739 885 2964 956 πλησίον
2991 887 3253 957 ῥᾴθυμος,
3276 886 3647 951 διαναστήσας

1960 971 2122 1024 αὑτὸν
2157 970 2443 1042 παιδεύσῃ,
2480 971 2554 1043 μή
2583 972 2742 1042 μόνον
2764 972 2872 1026 τῶν
2901 971 3150 1026 τελωνῶν
3188 972 3263 1044 μὴ
3302 967 3442 1025 εἶναι
3483 971 3644 1024 ἐλάτι

1959 1076 2089 1122 των,
2127 1058 2304 1129 (Ἐὰν
2331 1059 2443 1128 γὰρ
2487 1058 2843 1128 ἀγαπήσητε
2890 1059 3031 1126 τοὺς
3071 1059 3429 1130 ἀγαπῶντας
3462 1058 3645 1128 ὑμᾶς,

1962 1146 2118 1217 φησὶ,
2148 1147 2206 1199 τί
2246 1146 2546 1214 περισσὸν
2585 1146 2845 1212 ποιεῖτες
2885 1147 3022 1216 οὐχὶ
3055 1146 3156 1203 καὶ
3197 1150 3253 1200 οἱ
3292 1146 3547 1200 τελῶναι
3583 1148 3650 1199 τὸ

1961 1233 2109 1287 αὐτὸ
2142 1232 2495 1304 ποιοῦσιη)
2523 1233 2639 1286 ἀλλ’
2674 1235 2762 1287 ἵνα
2796 1234 3195 1308 παρασκευάζῃ
3222 1233 3389 1288 αὑτοῦ
3426 1233 3520 1287 τὸν
3557 1233 3652 1286 3.0-

1961 1320 2176 1387 λισμδν,
2206 1322 2300 1374 καὶ
2327 1321 2454 1385 τοὺς
2481 1320 2709 1392 ἐχθροὺς
2733 1322 2960 1392 ἡμέρως
2987 1322 3140 1393 όρᾷν,
3167 1322 3258 1375 καὶ
3285 1320 3490 1391 πολλὴν
3519 1323 3653 1392 περὶ

1963 1409 2160 1473 αὐτοὺς
2185 1407 2284 1480 τὴν
2313 1407 2534 1478 ἀγάπην
2557 1407 2981 1462 ἐπιδείκνυσθαι.
3013 1410 3138 1462 Ἐὰν
3161 1409 3237 1481 μὴ
3260 1409 3469 1462 τούτων
3494 1426 3655 1480 περι-

1963 1497 2256 1568 γενοίμεθα
2287 1497 2396 1551 τῶν
2429 1496 2642 1561 παθῶν,
2682 1498 2778 1550 καὶ
2815 1497 2924 1550 τῶν
2953 1495 3130 1552 ἄλλων
3154 1497 3263 1551 τῶν
3293 1499 3351 1550 ἐν
3391 1499 3530 1567 ἡμῖν
3565 1515 3652 1550 τι-

1963 1585 2265 1656 κτομένων,
2320 1584 2440 1639 καθ’
2478 1585 2720 1656 ἑκάστην
2758 1584 2995 1638 ἐνταῦθα
3038 1585 3506 1656 παραγινόμενοι,
3555 1586 3656 1639 καὶ

1967 1673 2225 1745 συνεχοῦς
2268 1673 2588 1744 ἀκροάσεως
2625 1671 3023 1736 ἀπολαύοντες,
3057 1675 3152 1726 καὶ
3181 1672 3454 1742 τοσαύτης
3499 1672 3654 1725 διδα-

1967 1761 2192 1824 σκαλίας
2225 1760 2568 1831 μετέχοντες,
2595 1761 2691 1813 καὶ
2727 1760 2828 1830 τὴν
2857 1759 2968 1812 ἀπὸ
3004 1761 3104 1831 τῆς
3129 1761 3387 1830 νηστείας
3429 1759 3656 1830 ἔχοντες

1967 1849 2242 1922 βοήθειαν,
2273 1848 2404 1902 ποία
2433 1849 2565 1919 ἡμῖν
2600 1848 2754 1902 ἔσται
2797 1849 3136 1920 συγγνώμης
3180 1849 3306 1902 ποία
3344 1849 3400 1902 δέ
3443 1850 3656 1902 ἀπολο-

1963 1939 2097 2008 γίας
2141 1937 2279 1990 Είπὲ
2308 1936 2418 2008 γάρ
2465 1953 2587 2007 μοι,
2631 1935 2955 2007 παρακαλῶ,
3001 1939 3049 1990 εί
3076 1937 3165 1990 τὸν
3221 1937 3384 1992 παῖδα
3415 1937 3510 1990 τὸν
3559 1937 3654 1991 σὺν

1966 2021 2138 2096 θεάσῃ
2187 2021 2308 2075 καθ’
2348 2022 2585 2092 ἐκάστην
2632 2021 2864 2075 ἀπιόντα
2925 2021 3138 2092 ἡμέραν
3177 2022 3256 2086 είς
3292 2022 3354 2074 τὺ
3391 2021 3657 2075 διδασκα-

1965 2109 2143 2172 λεῖον,
2193 2108 2414 2161 καὶτοῦ
2461 2109 2656 2180 χρόνου
2692 2109 2974 2178 προϊόντος
3026 2109 3194 2179 μηδὲν
3227 2109 3389 2162 πλέον
3437 2109 3660 2164 ἐκεῖθεν

1965 2197 2339 2268 κερδαίνοντα,
2364 2193 2475 2268 ἆρα
2505 2195 2751 2260 ἀνεκτῶς
2781 2196 2982 2265 atquc;
3007 2199 3127 2268 οὐχὶ
3159 2197 3215 2250 δὲ
3255 2198 3350 2250 καὶ
3379 2197 3463 2268 τῷ
3502 2199 3660 2251 παιδὶ

1971 2285 2241 2355 μάστιγας
2266 2285 2568 2356 ἐπιθήσεις,
2601 2285 2695 2338 καὶ
2733 2284 2810 2356 τῷ
2847 2285 3154 2356 διδασκάλῳ
3188 2285 3411 2359 μέμψῃς
3450 2281 3578 2340 εἶτα
3613 2289 3660 2339 εί

1971 2373 2182 2444 μάθοις,
2209 2373 2386 2426 ὃτιτά
2437 2373 2536 2444 μέν
2570 2373 2724 2445 παρὰ
2767 2373 2861 2426 τοῦ
2903 2373 3228 2428 διδασκάλου
3274 2375 3454 2427 πάντα
3494 2374 3661 2443 γεγέ⁸

1967 2479 2148 2532 νηται,
2166 2463 2258 2514 καὶ
2281 2461 2433 2515 οὐδὲν
2453 2461 2750 2524 λέλειπται,
2772 2463 2806 2532 ἡ
2831 2461 2887 2515 δὲ
2913 2461 3152 2532 ῥᾳθυμία
3175 2462 3269 2515 τοῦ
3293 2461 3485 2524 παιδὸς
3507 2462 3664 2516 αἰτία

1967 2548 2188 2602 πάντων
2218 2550 2558 2620 καθέστηκεν
2582 2590 2596 2614 ,
2645 2549 2768 2619 οὐχὶ
2800 2551 2980 2602 πᾶσαν
3019 2549 3116 2619 τὴν
3155 2549 3537 2618 ἀγανάκτησιν
3571 2549 3664 2601 ἐπὶ

1967 2637 2057 2690 τὸν
2090 2637 2254 2690 παῖδα
2281 2637 2634 2708 μεταθήσεις,
2665 2637 2764 2705 τῆς
2791 2636 2972 2700 αἰτίας
3003 2637 3163 2706 ἀφεὶς
3185 2636 3275 2689 τὸν
3297 2635 3662 2700 διδάσκαλον;

1969 2722 2041 2776 Τὸ
2065 2723 2200 2777 αὐτὸ
2227 2722 2292 2793 δὴ
2324 2723 2418 2776 καὶ
2456 2722 2691 2776 ἐνταῦθα
2724 2723 2972 2791 γίνεσθαι
3017 2723 3244 2777 δίκαιον.
3282 2724 3480 2794 Ἡμεῖς
3526 2725 3662 2796 γὰρ,

1967 2809 2221 2884 καθάπερ
2271 2809 2591 2882 ἐτάχθημην
2634 2811 2788 2882 παρά
2828 2812 2930 2881 τῆς
2973 2810 3068 2864 τοῦ
3111 2811 3248 2866 Θεοῦ
3292 2813 3559 2883 χάριτος,
3589 2812 3666 2875 ὡς

1968 2900 2135 2953 τέκνα
2175 2899 2518 2968 πνευματικά
2568 2898 2587 2936 τ
2625 2899 2748 2952 καθ’
2783 2900 3020 2970 ἑκάστην
3061 2901 3272 2972 ἡμέραν
3305 2903 3383 2961 εἰς
3419 2901 3483 2954 τὺ
3519 2899 3668 2954 διδαο

1973 2987 2225 3040 σκαλεῖον
2255 2985 2416 3040 τοῦτο
2450 2986 2763 3050 καλοῦντες,
2803 2987 2901 3058 τὴν
2951 2987 3274 3060 σωτηριώδη
3302 2987 3668 3042 διδασκαλίαν

1971 3075 2100 3143 ὑμῖν
2129 3073 2526 3146 παρατίθεμεν,
2547 3075 2609 3127 οὑ
2639 3074 2704 3128 τὰ
2729 3074 2837 3128 ἀπὸ
2863 3075 2962 3144 τῆς
2989 3075 3196 3138 οίκείας
3219 3075 3464 3138 διανοίας
3491 3075 3668 3144 φθεγ-

1970 3163 2213 3234 γόμενοι,
2249 3162 2384 3217 ἀλλά
2404 3163 2472 3216 τὰ
2495 3162 2648 3234 παρὰ
2674 3162 2766 3216 τοῦ
2789 3163 3062 3216 Δεσπότου
3085 3163 3173 3216 διά
3195 3163 3304 3216 τῶν
3333 3163 3500 3216 θείων
3523 3164 3670 3235 Γρα-

1930 3253 2090 3348 σφῶν
2120 3253 2252 3323 ἡμῖν
2290 3251 2606 3321 δωρηθέντα
2643 3251 2969 3320 διδάγματα,
3004 3250 3174 3304 ταῦτα
3204 3252 3285 3315 είς
3323 3251 3494 3320 μέσον
3533 3269 3671 3323 προ·

1971 3341 2232 3404 τιθέντες,
2258 3341 2353 3393 καὶ
2378 3339 2548 3393 ταῦτα
2574 3340 2808 3409 συνεχῶς
2827 3339 3162 3410 ἑνηχοῦντες.
3183 3340 3246 3392 Εἰ
3265 3340 3472 3404 τοίνυν,
3506 3341 3544 3411 ἡ
3553 3341 3672 3410 μῶν

1973 3432 2156 3483 πᾶσαν
2195 3427 2428 3499 σπουδὴν
2457 3429 2551 3481 καὶ
2583 3429 2888 3500 ἀγρυπνίαν
2918 3428 3400 3498 ἐπιδεικνυμένων,
3443 3429 3548 3480 καὶ
3587 3427 3672 3494 ἐφ’

1975 3517 2212 3588 ἑκάστης
2246 3517 2339 3569 ἐπὶ
2377 3517 2477 3588 τὴν
2524 3517 2644 3569 ὁδὸν
2691 3517 2787 3587 τῆς
2835 3516 3039 3587 ἀρετῆς
3084 3516 3461 3587 όδηγούντων,
3507 3517 3674 3586 ὑμεῖς

1973 3610 2088 3669 τοῖς
2130 3605 2315 3670 αὐτοῖς
2357 3605 2643 3675 ἐπιμένετε
2675 3645 2690 3669 ,
2763 3606 3051 3676 ἐννοήσατε
3086 3605 3183 3675 ὅση
3215 3604 3310 3657 καὶ
3338 3605 3476 3674 ἡμῖν
3516 3604 3674 3657 ἔσται

1975 3695 2158 3766 ὀδύνη,
2182 3695 2278 3747 καὶ
2318 3695 2446 3764 ὑμῖν
2493 3695 2916 3764 ήκατάγνωσις,
2961 3694 3046 3747 ἵνα
3086 3693 3254 3765 μηδὲν
3285 3692 3452 3745 πλέον
3502 3693 3672 3746 εἴπω.

1976 3785 2039 3838 Εἰ
2077 3783 2186 3856 γὰρ
2229 3785 2326 3836 καὶ
2366 3782 2690 3846 ἀνευθύνους
2729 3784 2875 3854 ἡμᾶς
2908 3781 3146 3834 δείκνυσι
3185 3781 3246 3834 τὸ
3283 3781 3456 3853 μηδὲν
3494 3797 3676 3852 παραυ

1976 3873 2153 3925 λιπεῖν
2200 3872 2309 3924 τῶν
2350 3873 2430 3934 είς
2459 3871 2557 3942 τὴν
2595 3871 2868 3942 ὑμετέραν
2901 3870 3187 3942 οἰκοδομὴν
3229 3870 3501 3941 ἡκόντων,
3555 3870 3672 3923 ἀλλ’

1910 3979 1912 3982 '
1975 3963 2126 4033 ὅμως
2150 3960 2334 4030 ἐπειδὴ
2358 3958 2633 4030 κηδόμεθα
2654 3960 2754 4028 τῆς
2773 3959 3044 4030 ὑμετέρας
3079 3958 3373 4030 σωτηρίας,
3404 3959 3469 4011 οὑ
3501 3958 3672 4011 δυνά-

1982 4049 2126 4120 μεθα
2151 4049 2340 4120 πράως
2368 4048 2573 4118 φέρειν.
2614 4048 2764 4100 Ἐπεὶ
2794 4046 2889 4100 καὶ
2916 4049 2944 4100 ό
2972 4046 3289 4110 διδάσκαλος
3318 4046 3552 4100 ἐπειδάν
3587 4047 3676 4116 ῖδῃ

1977 4137 2068 4190 τὸν
2096 4133 2344 4207 μαθητὴν
2372 4135 2538 4205 μηδὲν
2575 4133 2958 4205 καρπούμενον
2994 4134 3147 4206 παρά
3169 4134 3268 4204 τῆς
3299 4133 3472 4186 αὑτοῦ
3499 4151 3675 4186 σπου-

1981 4225 2100 4295 δῆς,
2125 4225 2223 4296 οὐχ
2269 4224 2346 4287 ὡς
2393 4222 2582 4293 ἔτυχεν
2639 4223 2795 4292 ἀλγεῖ
2834 4223 2930 4277 καὶ
2971 4222 3247 4290 ὀδυνᾶται,
3284 4222 3431 4294 ὁρῶν
3468 4224 3675 4276 ἑαυτὸν

1983 4310 2159 4380 μάτην
2193 4308 2539 4379 πονούμενον.

2053 4399 2112 4450 δ’.
2138 4396 2324 4450 Ταῦτα
2358 4395 2500 4465 λέγω
2538 4395 2632 4449 νῦν
2671 4398 2716 4458 ε,
2753 4397 2853 4466 οὐχ
2879 4395 2967 4450 ἴνα
3004 4394 3232 4467 λυπήσω
3257 4395 3358 4465 τὴν
3386 4394 3676 4465 ὑμετέραν

1980 4485 2232 4556 ἀγάπην,
2274 4484 2391 4538 ἀλλ’
2445 4485 2530 4538 ἵνα
2581 4485 2831 4557 διεγείρω
2880 4484 2974 4538 καὶ
3022 4483 3471 4554 παρασκευάσω,
3530 4487 3675 4554 μήτε

1981 4573 2168 4636 ἀπλῶς
2199 4573 2537 4626 κατατείνειν
2569 4571 2630 4624 τὸ
2665 4568 2824 4642 σῶμα
2853 4575 2918 4642 τῇ
2949 4571 3196 4643 νηστείᾳ,
3231 4573 3366 4642 μήτε
3405 4573 3540 4642 είκῆ
3582 4573 3679 4624 καὶ

1988 4662 2162 4732 μάτην
2195 4662 2294 4724 τὰς
2331 4660 2544 4732 ἡμέρας
2577 4661 2676 4730 τῆς
2705 4661 2865 4728 ἁγίας
2894 4657 3340 4730 τεσσαρακοστῆς
3380 4662 3677 4731 παρατρέ-

1983 4768 2116 4822 χειν.
2145 4753 2251 4804 Καὶ
2277 4750 2330 4803 τί
2354 4751 2497 4818 λέγω
2526 4750 2620 4812 τὰς
2641 4750 2855 4821 ἡμέρας
2881 4750 2979 4820 τῆς
3009 4751 3168 4819 ἁγίας
3189 4753 3676 4822 τεσσαρακοστῆς,

1981 4842 2112 4893 ὅπου
2145 4857 2206 4908 γε
2240 4840 2389 4910 ἡμᾶς
2421 4840 2706 4910 προσήκει,
2741 4839 2875 4909 μήτε
2905 4839 3033 4908 μίαν
3066 4839 3201 4902 ὅλως
3231 4839 3450 4910 ἡμέραν
3489 4857 3681 4914 παρα-

1984 4927 2319 4998 πέμπεσθαι,
2345 4928 2394 4980 εί
2423 4924 2533 4980 οἷόν
2561 4945 2641 4988 τε,
2671 4929 2729 4979 ἐν
2768 4928 2929 4980 παντὶ
2951 4926 3027 4997 τῷ
3059 4928 3234 4998 χρόνῳ
3260 4927 3362 4997 τῆς
3402 4927 3585 4999 ζωῆς,
3622 4933 3678 4982 έν

1983 5012 2016 5091 ᾖ
2052 5018 2124 5087 μὴ
2167 5017 2354 5086 κέρδος
2392 5015 2761 5085 πνευματικὸν
2791 5017 3004 5078 ἑαυτοῖς
3046 5015 3504 5086 ἐναποτιθέμεθα,
3547 5017 3577 5088 ἢ
3611 5018 3677 5069 δι’

1984 5105 2168 5174 εὐχῆς,
2199 5105 2230 5174 ἧ
2257 5105 2321 5157 δι’
2348 5103 2809 5174 ἐξομολογήσεως,
2845 5103 2876 5174 ἢ
2911 5104 2978 5156 δι’
3006 5104 3269 5166 εὐποιίας,
3305 5105 3336 5174 ῆ
3372 5105 3438 5157 δι’
3472 5107 3677 5176 ἐτέρας

1982 5195 2125 5256 τινὸς
2159 5193 2417 5262 ἐργασίας
2450 5193 2854 5263 πνευματικῆς;
2899 5194 2958 5244 Εἰ
2990 5191 3095 5263 γάρ
3120 5192 3330 5257 Παῦλος
3357 5196 3385 5248 ό
3405 5195 3678 5257 τοσοῦτος

211 5284 346 5337 ἀλλά
391 5284 482 5336 καὶ
525 5282 765 5352 μείζονος
803 5283 934 5352 ἡμῖν
973 5280 1347 5352 κατακρίσεως
1386 5283 1608 5358 ἀφορμὴ
1656 5292 1846 5361 γενήσε
1877 5284 1947 5361 ,Β
1986 5282 2077 5335 καὶ
2107 5280 2440 5349 τηλικοῦτος,
2476 5282 2504 5332 ό
2532 5280 2600 5332 τά
2627 5280 2840 5351 ἀρῤητα
2871 5277 2985 5351 [87]
3018 5281 3201 5333 ἐκεῖνα
3235 5282 3462 5351 ῥήματα
3503 5285 3680 5336 ἀκού-

211 5385 322 5429 ται,
378 5369 505 5420 ὅταν
543 5365 808 5435 τοσαύτης
847 5366 1162 5436 ἐπιμελείας
1213 5367 1601 5438 ἀπολαύοντες,
1639 5374 1686 5425 οί
1728 5375 1882 5429 αὐτοὶ

210 5451 574 5522 διαμένωμεν,
631 5450 726 5503 καὶ
779 5450 918 5520 μήτε
969 5452 997 5502 ὁ
1041 5450 1257 5521 ὀργίλος
1319 5454 1570 5525 ἐπιεικὴς
1621 5458 1878 5529 γένηται,

217 5537 354 5608 μήτε
382 5537 412 5589 ό
457 5531 709 5604 θυμώδης
747 5534 825 5595 είς
860 5533 1138 5604 πραότητα
1185 5537 1610 5604 μεταϐάλλοιτο,
1666 5545 1803 5615 μήτε
1855 5549 1884 5598 ὁ

275 5644 302 5674 ⁸
325 5644 450 5692 Tres
467 5655 583 5717 Ipsi.
605 5643 645 5690 εί
667 5643 957 5717 φαινοίμεθα.
986 5643 1157 5717 Mprel.
1181 5647 1451 5717 φαινόμεθα..
1488 5648 1686 5717 C_0islin.
1714 5655 1752 5701 εί
1776 5672 1883 5717 φαι-

212 5705 432 5774 νομενοι.⁵
481 5704 510 5744 Β
536 5705 657 5774 ἦξε.
678 5703 744 5774 οι
783 5703 986 5774 Cbis]in_.
1020 5703 1375 5774 ἀποδεικνύντες
1395 5712 1478 5774 τὴν
1502 5703 1881 5774 ἀγρυπνίαν,’καὶ

215 5765 334 5830 μετά
354 5767 534 5830 τούτων
555 5768 607 5814 δέ
628 5767 849 5830 ἀπάντων
880 5765 984 5830 *ἐκεῖ
1002 5769 1171 5824 πολλή.
1201 5768 1288 5816 Hic
1309 5765 1514 5819 multum
1540 5765 1695 5822 Variat
1727 5765 1876 5826 Silvii.

280 5832 300 5857 ο
329 5827 557 5900 Quiuqug
577 5828 1040 5900 ωεξ.ἀναγκάζεται,
1059 5830 1102 5900 εί
1128 5830 1207 5876 καὶ
1229 5831 1294 5877 ἔτι
1317 5833 1556 5900 πολλάκις.
1627 5835 1651 5872 d
1679 5837 1879 5887 (Inislin.

216 5908 268 5943 νι
285 5891 512 5944 ῖτεύσντες
533 5891 888 5944 δια-τελέσαιμεν.
922 5889 1028 5936 Mox
1057 5890 1184 5936 itlr-m
1209 5891 1431 5950 συνεχοῦς
1455 5897 1580 5940 σ’.ιν’“
1602 5914 1611 5919 -

1986 5384 2084 5428 σας
2109 5407 2122 5428 ,
2173 5365 2208 5419 ἀ
2240 5367 2402 5435 μέχρι
2455 5363 2555 5434 τῆς
2592 5366 2829 5434 σήμερον
2858 5363 3033 5427 οὐδεὶς
3063 5363 3232 5432 ἔγνω,
3283 5366 3413 5418 ἐϐόα
3444 5365 3636 5434 λέγων
3663 5386 3676 5396 ·

1984 5452 2121 5504 Καθ’
2151 5449 2420 5509 ἑκάστην
2451 5448 2677 5517 ἡμέραν
2705 5447 3088 5514 ἀποθνήσκω,
3119 5447 3198 5513 νὴ
3227 5449 3342 5516 τὴν
3369 5451 3680 5519 ὑμετέραν

1984 5535 2320 5602 καύχησιν·
2351 5532 2622 5585 διδάσκων
2652 5533 2818 5602 ἡμᾶς,
2852 5532 2935 5584 ὅτι
2966 5531 3138 5594 οὑτως
3171 5533 3366 5585 ἑαυτὸν
3406 5537 3529 5598 τοῖς
3559 5555 3680 5589 κιν-

1983 5617 2157 5681 δύνοις
2185 5619 2297 5681 τοῖς
2327 5617 2467 5688 ὑπὲρ
2498 5617 2598 5687 τῆς
2622 5615 2903 5677 εὐσεϐείας
2932 5615 3186 5680 ἐξεδίδου,
3217 5617 3293 5680 ὼς
3328 5618 3461 5690 παρ’
3504 5622 3692 5676 αὐτὸν

2057 5740 2076 5766 ε
2103 5723 2301 5775 ίῖοίςιὶη.
2332 5725 2592 5781 ἐπτοηκώς.
2621 5723 2746 5771 Infra
2771 5722 2904 5774 Colb.
2921 5736 3047 5770 unus
3066 5729 3115 5771 el
3140 5722 3340 5773 Coislin.
3367 5727 3546 5776 coma.
3564 5748 3683 5778 παι.

1987 5787 2152 5857 δεύσῃ,
2177 5801 2288 5857 qm?
2316 5786 2588 5857 leclipl‘non
2615 5784 2909 5857 Inala.'lnl”r:‘l
2933 5791 3042 5832 octo
3067 5798 3165 5857 [pas
3192 5787 3313 5857 ’ἀλλ’
3333 5788 3409 5834 ἵνα
3425 5805 3469 5834 πι

2195 5801 2288 5857 μηδι
2316 5786 2588 5857 leclipl‘non
2615 5784 2909 5857 Inala.'lnl”r:‘l
2933 5791 3042 5832 octo
3067 5798 3165 5857 [pas
3192 5787 3313 5857 ’ἀλλ’
3333 5788 3409 5834 ἵνα
3425 5793 3677 5852 παιδεύσῃ

1988 5847 2134 5894 αὐτοῦ
2158 5850 2236 5894 τὸν
2259 5849 2359 5908 λογ.
2431 5847 2450 5886 ί
2466 5851 2567 5896 Sex
2595 5861 2708 5895 ῐηςς.
2724 5849 2863 5894 τέκνα
2883 5847 3122 5907 ἀγαπητά.
3191 5850 3215 5887 8
3232 5850 3355 5912 Ηυξ.
3371 5865 3502 5897 unus
3523 5847 3679 5901 τοιιᾶ
