3752 6318
239 249 312 303 93

238 374 334 427 tct,
374 360 469 414 sed
502 362 552 413 itt
581 358 862 415 utilitatem
893 365 944 410 ct
970 355 1171 408 luerunt
1203 360 1400 406 nostra:
1427 349 1632 404 salutis.
1681 346 1812 400 Nant

238 454 280 509 si
310 455 342 506 ii
374 453 462 522 qui
496 448 841 505 s:ecularihus
869 445 1095 516 negotiis
1120 443 1282 498 dediti
1309 451 1467 504 sunt,
1507 438 1694 493 adduci
1726 451 1818 490 ne-

235 553 470 614 queant.
514 552 570 596 ut
609 556 720 595 rent
753 539 980 608 aliquam
1007 535 1282 604 incipiant,
1315 533 1414 586 nisi
1446 531 1593 601 prius
1619 525 1819 597 aliquid

241 639 369 693 lucri
398 636 643 692 suboleat
671 650 683 686 :
714 632 880 685 multo
911 628 1077 696 magis
1115 627 1316 696 justum
1356 634 1470 688 cst,
1505 633 1563 676 ut
1591 634 1691 676 nos
1722 620 1822 674 hoc

240 730 530 793 faciamus,
576 739 749 794 neque
794 722 864 777 ita
911 720 1220 789 simpliciter
1243 717 1566 792 jejuniorutn
1613 711 1818 768 hebdo-

235 821 405 876 madas
432 824 751 890 praetereant
779 854 794 877 ,
834 812 928 867 sed
955 819 1255 865 scrutemur
1280 822 1431 861 suam
1460 805 1656 876 quique
1692 818 1795 857 cun

235 909 512 965 scientiam
538 948 553 971 ,
600 913 655 960 et
685 906 944 957 rationem
974 899 1368 960 exantinetnus,
1396 895 1823 950 consideremus-

235 1016 340 1072 que
360 1041 376 1066 ,
403 997 654 1070 quidnam
684 995 736 1049 itt
768 995 866 1048 hac
893 990 1224 1046 ltebdontada
1265 986 1431 1058 probe
1457 995 1634 1041 actuut
1654 1026 1669 1051 ,
1694 983 1820 1055 quid

238 1093 289 1146 in
317 1092 442 1158 alia,
469 1101 523 1144 ct
545 1088 702 1158 quale
717 1094 1059 1155 augmentum
1087 1081 1452 1150 acceperimus
1480 1079 1530 1132 itt
1555 1077 1818 1148 sequenti,

139 1203 142 1206 ·
235 1198 369 1254 quas
408 1183 460 1237 in
501 1180 655 1235 nobis
695 1178 1005 1232 affectiones
1045 1173 1394 1228 correximus.
1445 1169 1556 1224 Nisi
1584 1169 1724 1223 enint
1753 1168 1822 1219 ita

235 1276 399 1328 vitam
457 1280 693 1326 nostram
751 1265 1176 1329 instituerintus,
1235 1275 1587 1331 magnamque
1632 1259 1825 1312 anima:

237 1376 439 1421 nostra:
470 1375 654 1418 curam
685 1359 1029 1431 gesserimus,
1076 1355 1206 1410 nihil
1237 1354 1390 1408 nobis
1416 1352 1532 1405 usui
1560 1350 1661 1405 erit
1687 1349 1828 1420 jeju-

235 1459 409 1522 nium,
440 1455 522 1509 vel
551 1453 724 1508 inedia
750 1467 906 1522 quam
935 1450 1246 1510 toleramus,
1280 1444 1572 1516 praesertim
1604 1443 1646 1496 si
1677 1457 1825 1496 cont-

237 1550 378 1621 perti
433 1547 690 1602 fuerimus
741 1544 1020 1598 inierim-es
1073 1541 1138 1595 iis
1189 1541 1279 1610 qui
1335 1548 1536 1591 tantum
1593 1534 1825 1589 stndiunt

236 1639 556 1710 colligendis
583 1637 777 1706 Opibus
815 1633 1130 1704 impendunt
1170 1649 1184 1686 :
1227 1629 1427 1684 nullum
1466 1629 1608 1684 enim
1637 1627 1828 1681 horum

236 1732 504 1797 invenies,
535 1729 624 1799 qui
650 1743 754 1782 non
781 1741 987 1781 summa
1006 1723 1273 1794 vigilantia
1299 1722 1523 1786 laboret,
1554 1735 1661 1790 quo
1685 1721 1829 1789 prio-

237 1825 389 1879 ribus
405 1821 639 1892 quotidie
664 1817 861 1889 aliquid
884 1815 1116 1887 adjiciat,
1136 1815 1291 1886 etqui
1310 1829 1558 1882 umquam
1576 1811 1828 1866 satietur:

235 1917 332 1972 sed
371 1923 573 1986 quanto
613 1912 918 1966 facultatum
965 1911 1135 1978 major
1161 1918 1245 1963 est
1274 1907 1546 1970 accessio,
1593 1915 1741 1959 tanto
1776 1896 1831 1958 ct

236 2021 430 2062 cuiam
463 2014 516 2058 ct
559 2003 793 2058 studium
823 2016 977 2056 suum
1019 2000 1248 2068 amplius
1291 1997 1538 2052 intendit.
1596 1994 1745 2064 Quod
1788 1996 1832 2049 si

237 2097 330 2151 ubi
361 2094 598 2150 studium
625 2104 705 2147 est
733 2092 918 2146 inutile
938 2133 953 2158 ,
986 2101 1040 2145 et
1065 2089 1264 2144 divitiae
1295 2103 1691 2158 nonnumquam
1721 2102 1832 2139 nta-

235 2201 406 2258 gnam
437 2185 624 2239 salutis
648 2185 840 2238 anitnze
875 2183 1135 2252 jacturant
1176 2179 1436 2244 alTerunt,
1485 2187 1630 2232 tanta
1658 2187 1832 2231 tamen

237 2279 518 2351 vigilantia
549 2292 636 2332 res
677 2285 936 2347 aguntur,
991 2272 1260 2343 quomodo
1308 2288 1412 2325 nott
1461 2271 1627 2325 multo
1668 2271 1835 2338 magis

239 2375 388 2428 istud
436 2381 519 2428 est
567 2371 902 2434 faciendum,
950 2367 1038 2422 ubi
1083 2365 1370 2435 diligentia:
1409 2364 1570 2419 multa
1601 2363 1836 2417 succedit

239 2467 450 2521 utilitas
477 2507 492 2530 ,
520 2462 906 2531 ittell'abilisque
929 2473 1138 2514 merces
1163 2473 1224 2512 ac
1251 2457 1453 2511 lucrum
1483 2455 1838 2510 immensum?

239 2558 381 2614 Nam
409 2557 518 2611 illic
559 2554 770 2625 quidem
796 2560 994 2625 praeter
1022 2551 1137 2606 ha-c
1163 2550 1342 2604 omnia
1371 2547 1526 2602 ﬂuxa:
1551 2546 1836 2601 admodum

240 2661 298 2704 et
329 2649 552 2702 incerta:
578 2645 776 2700 divitiae.
797 2685 812 2709 ,
861 2640 1124 2696 instabilis
1160 2637 1502 2708 pecuniarum
1533 2637 1836 2707 possessio:

242 2755 360 2795 non
387 2738 561 2792 solum
590 2735 752 2806 quod,
783 2733 1094 2789 imminente
1123 2739 1314 2795 morte,
1349 2729 1474 2800 ipsw
1503 2728 1589 2782 hic
1619 2743 1841 2782 manen-

245 2843 357 2895 tes,
384 2830 585 2884 nullam
608 2829 686 2882 eis
707 2827 795 2898 qui
816 2825 933 2880 illas
950 2825 1214 2893 collegere
1235 2820 1511 2876 utilitatem
1534 2820 1803 2876 conferant
1824 2836 1837 2873 :

243 2922 344 2976 sed
376 2921 534 2975 etiam
563 2917 702 2988 quod
734 2916 1073 2971 manentibus
1105 2913 1190 2967 hic
1214 2912 1449 2983 pecuniis
1473 2953 1488 2978 ,
1520 2926 1711 2981 magna
1752 2926 1838 2964 se-

244 3013 480 3068 veritate
529 3017 788 3081 cogentur
827 3006 894 3063 de
943 3007 1071 3076 ipsis
1114 3003 1238 3060 alibi
1284 3004 1549 3058 rationem
1593 3002 1837 3058 reddere.

245 3105 412 3172 Szt-pe
454 3117 663 3174 quoque
701 3099 895 3156 accidit
943 3106 1001 3153 ut
1045 3106 1170 3152 ante
1214 3105 1439 3150 mortem
1483 3102 1603 3164 post
1648 3094 1844 3148 multos

248 3197 468 3251 labores
492 3237 506 3259 ,
565 3202 618 3248 ct
645 3191 898 3253 sudores,
944 3200 1102 3258 atque
1125 3201 1412 3252 :eruntnas,
1440 3186 1590 3255 quasi
1617 3183 1844 3255 procella

246 3286 488 3358 quadam
529 3285 805 3355 ingruente
848 3280 1182 3352 negotiorum
1226 3277 1581 3344 difﬁcultate,
1626 3285 1847 3348 repente

246 3381 349 3450 qui
399 3379 655 3448 plurimas
699 3375 1010 3446 possidebat
1063 3371 1309 3437 divitias,
1366 3371 1447 3425 vel
1495 3369 1847 3440 pauperrimis

247 3477 428 3528 factus
474 3472 544 3526 sit
591 3469 890 3541 pauperior.
941 3465 1125 3534 Qualia
1171 3463 1390 3533 singulis
1435 3461 1621 3516 diebus
1668 3461 1849 3516 videre

246 3565 538 3635 contingit.
594 3561 753 3628 Atqui
800 3561 851 3615 in
895 3558 1151 3629 Spirituali
1185 3554 1546 3626 negotiatione
1573 3553 1705 3608 niltil
1747 3556 1850 3607 tale

249 3655 657 3714 formidandum
687 3669 933 3724 umquam
965 3669 980 3705 :
1009 3649 1217 3705 stabilis
1253 3649 1394 3704 enint
1438 3647 1523 3701 illa
1549 3657 1605 3702 et
1631 3647 1849 3700 immota

249 3759 480 3815 manet,
521 3758 578 3804 et
605 3747 691 3802 ttbi
720 3761 782 3801 ea
810 3744 1034 3799 tttultum
1080 3756 1300 3812 egemus
1325 3781 1339 3808 ,
1383 3738 1454 3794 ibi
1502 3737 1570 3792 ab
1617 3738 1705 3792 illa
1738 3738 1850 3808 ipsa

247 3842 490 3898 multum
520 3837 896 3894 consolationis
923 3834 1228 3904 accipimus.

330 3934 390 3988 5.
427 3929 576 3985 Nihil
610 3928 813 4000 prodest
844 3926 1139 3998 jejunium,
1173 3938 1328 3990 neque
1366 3922 1540 3976 concio
1577 3922 1687 3975 sine
1715 3921 1855 3975 bouis

247 4027 519 4098 operibus.
550 4051 623 4064 —
651 4022 811 4091 Igitur
839 4019 964 4073 dum
1007 4025 1219 4085 tempus
1265 4014 1557 4078 habemus,
1603 4013 1852 4076 obsecro,

249 4121 347 4175 vel
377 4117 569 4172 saltem
595 4113 646 4169 id
677 4112 833 4167 studii
863 4108 1232 4178 impendamus
1257 4105 1619 4176 spiritualihus
1665 4107 1856 4159 merci-

249 4215 365 4268 bus
392 4207 810 4279 conquirendis,
854 4203 994 4274 quod
1026 4201 1113 4256 alii
1157 4203 1208 4255 in
1260 4200 1522 4269 perituras
1551 4197 1854 4258 collocant;

251 4319 442 4375 neque
470 4301 539 4355 ab
586 4299 686 4354 hac
729 4295 1082 4352 sollicitudine
1124 4304 1429 4356 cessemus,
1471 4289 1514 4342 si
1559 4299 1702 4342 recte
1732 4287 1859 4357 quid

249 4403 446 4452 actum
496 4389 692 4454 fuerit,
726 4388 810 4441 vel
856 4386 899 4440 si
941 4384 1168 4453 aliquam
1198 4380 1539 4436 alfectionunt
1567 4379 1721 4434 nobis
1746 4395 1861 4432 mo-

253 4489 532 4543 lestarum
565 4496 754 4550 magna
781 4477 1045 4547 vigilantia
1085 4472 1542 4545 profligaveritnus
1567 4512 1580 4535 ,
1601 4479 1684 4525 “ut
1729 4485 1862 4524 con-

250 4579 513 4636 scientiae
543 4577 685 4629 bono
716 4570 956 4627 instructi
996 4567 1300 4622 testimonio
1323 4607 1339 4632 ,
1370 4563 1678 4633 multiplicis
1717 4562 1866 4617 volu-

255 4675 433 4746 ptatis
464 4671 695 4726 fructum
725 4665 1100 4737 percipiamus.
1151 4660 1334 4730 Neque
1362 4658 1504 4713 enim
1543 4657 1646 4710 hoc
1690 4655 1864 4710 solum

251 4765 538 4838 qtta‘ritur
556 4804 572 4828 ,
602 4770 656 4814 ut
684 4760 786 4813 huc
810 4755 1046 4827 quotidie
1065 4752 1472 4814 conveniamus,
1501 4760 1554 4804 et
1581 4749 1648 4804 de
1679 4749 1865 4803 iisdem

252 4863 538 4916 continuo
587 4853 897 4914 audiamus,
943 4858 999 4904 et
1041 4863 1138 4918 per
1183 4855 1346 4900 totam
1393 4843 1864 4911 Quadragesitnant

246 4955 604 5025 jejunetnus.
654 4943 1093 5012 Quandoquidem
1125 4940 1168 4996 si
1198 4938 1329 4993 nihil
1354 4953 1416 4991 ex
1449 4936 1711 5006 frequenti
1738 4949 1868 4988 con-

253 5053 442 5098 ventu
497 5047 555 5094 et
609 5035 1005 5096 admonitione,
1063 5043 1222 5101 atque
1274 5044 1340 5082 ex
1388 5026 1572 5097 jejnnii
1632 5035 1872 5093 tempore

253 5136 476 5192 animae
504 5139 705 5185 nostras
728 5127 916 5182 lttcrati
951 5125 1226 5187 fuerimus,
1265 5130 1390 5174 tunc
1415 5134 1520 5173 non
1543 5118 1713 5172 solum
1744 5117 1885 5171 nihil

258 5223 531 5280 utilitatis
557 5219 782 5273 afferent
805 5216 942 5280 haec,
972 5214 1065 5270 sed
1097 5223 1149 5266 et
1175 5211 1393 5280 majoris
1417 5207 1876 5263 condentnationis

256 5314 498 5373 occasio
523 5319 682 5368 erunt
708 5351 722 5375 ,
750 5309 793 5363 si
819 5307 1033 5378 quidem
1065 5315 1204 5358 tanta
1229 5301 1396 5356 curati
1421 5300 1687 5370 diligentia
1717 5298 1874 5353 iidem

258 5416 703 5482 permaneamus
723 5440 743 5469 ,
773 5411 824 5456 et
853 5400 897 5454 si
929 5412 1101 5467 neque
1131 5393 1418 5450 iracundus
1447 5391 1537 5445 fiat
1561 5390 1705 5446 mitis
1729 5432 1743 5457 ,
1777 5405 1876 5445 ne-

259 5513 384 5570 que
419 5491 851 5564 indignabudus
878 5491 928 5543 in
949 5487 1405 5541 mansuetudinem
1424 5497 1481 5537 se
1497 5491 1689 5545 vertat,
1709 5495 1881 5549 neque

263 5588 504 5647 invidus
531 5585 586 5638 in
619 5580 1041 5636 benevolentiam
1072 5593 1130 5633 se
1157 5575 1460 5640 transferat,
1493 5589 1664 5643 neque
1691 5574 1881 5626 insano

262 5678 600 5741 divitiarum
643 5689 826 5730 amore
873 5683 1148 5744 correptus
1195 5669 1416 5724 desistat
1464 5666 1531 5722 ab
1576 5665 1767 5721 allecto
1830 5675 1885 5717 et

1377 235 1441 309 ts
1480 233 1629 289 ear.
1672 231 1710 286 ι.
1752 227 1992 286 GISNES.
2037 231 2260 289 ttomt.
2307 234 2395 290 tu.

3441 230 3516 286 9L

1931 348 2286 421 eleentosynis
2308 350 2680 422 dispertiendis
2697 360 2750 412 et
2776 350 2980 406 alendis
3002 349 3318 420 pauperibus
3335 359 3507 412 vacet,

1929 456 2098 510 neque
2124 442 2484 512 intemperans
2513 453 2693 496 eastus
2718 441 2926 508 evadat,
2953 457 3124 512 neque
3148 455 3295 494 vana:
3321 440 3508 510 εισι-ιω

1927 532 2195 587 studiosus
2221 533 2362 588 illam
2405 543 2782 599 contemnere,
2828 543 2884 587 et
2910 548 3088 587 veram
3115 531 3335 602 gloriam
3363 532 3510 584 desi-

1927 623 2116 680 derare
2142 624 2330 690 discat,
2361 642 2531 696 neque
2557 627 2794 681 caritatis
2823 626 2874 680 itt
2898 625 3196 696 proximum
3217 626 3512 695 negligens,

1928 717 2162 786 seipsum
2188 717 2426 771 excitans
2449 718 2541 772 det
2569 733 2817 786 operam,
2851 729 2908 771 ιιι
2939 732 3044 771 non
3080 717 3251 771 solum
3290 733 3394 771 non
3427 717 3511 770 in-

1931 805 2090 860 ferior
2110 806 2178 859 sit
2203 806 2497 876 publicanis
2528 807 2692 877 (Nam
2717 809 2761 862 si
2792 808 3000 878 diligitis
3021 825 3104 863 eos
3124 849 3138 871 ,
3164 809 3252 877 qui
3277 825 3361 862 vos
3387 809 3510 861 dili-

1927 906 2051 967 gunt
2072 935 2087 959 ,
2118 896 2322 966 inquit,
2353 897 2477 965 quid
2501 900 2721 967 amplius
2742 899 2908 969 facilis
2931 898 2955 951 ξ)
2999 915 3165 953 nonne
3188 908 3233 952 et
3257 899 3513 968 publicani

1929 986 2022 1041 Ιιοε
2051 987 2244 1058 faciunt
2271 986 2479 1060 [ΜαιιΙι.
2501 987 2552 1043 5.
2576 987 2666 1059 46]
2688 988 2710 1041 ?
2733 990 2750 1056 )
2770 1029 2785 1054 ,
2815 987 2909 1043 sed
2936 997 2989 1042 et
3012 997 3070 1042 ut
3096 988 3332 1042 animum
3357 1005 3512 1044 suum

1932 1079 2000 1131 ita
2046 1079 2324 1144 instituat,
2371 1087 2510 1133 utet
2557 1079 2800 1133 inimicos
2853 1078 3157 1133 humaniter
3201 1080 3421 1148 aSpiciat
3459 1090 3516 1135 et

1931 1185 2174 1240 magnam
2199 1171 2326 1240 ipsis
2355 1171 2628 1226 caritatem
2657 1170 2926 1226 exhibeat.
2974 1170 3127 1237 Quod
3156 1172 3200 1226 si
3221 1172 3514 1227 all‘ectioni-

1931 1263 2030 1318 bus
2060 1264 2194 1330 istis,
2224 1274 2279 1320 et
2305 1264 2424 1318 aliis
2445 1279 2562 1334 quae
2588 1264 2640 1319 itt
2668 1265 2821 1319 nobis
2852 1275 3179 1331 nascuntur,
3210 1266 3515 1335 superiores

1933 1371 2039 1408 non
2070 1355 2345 1420 fuerimus,
2377 1356 2499 1411 licet
2524 1354 2762 1426 quotidie
2793 1356 2878 1410 hic
2902 1356 3298 1422 conveniamus,
3333 1368 3385 1412 et
3413 1356 3518 1412 fre-

1933 1447 2218 1517 quentibus
2247 1448 2593 1503 concionibus
2622 1459 2782 1518 atque
2809 1448 3049 1504 doctrina
3093 1458 3237 1503 tanta
3275 1449 3518 1504 institua-

1935 1557 2088 1604 ntur,
2139 1541 2728 1610 tantumqueajejunio
2770 1540 3153 1595 adminiculum
3200 1540 3514 1604 habeamus,

1935 1633 2105 1702 qualis
2144 1633 2248 1687 erit
2275 1632 2429 1687 nobis
2457 1632 2645 1687 venia?
2694 1631 2865 1702 qualis
2910 1631 3190 1686 defensio?
3241 1632 3332 1686 Dic
3375 1632 3516 1685 enim

1937 1725 2065 1780 mihi
2091 1764 2108 1791 ,
2153 1727 2376 1780 obsecro
2400 1765 2415 1791 ,
2450 1725 2493 1779 si
2541 1740 2760 1794 puerum
2793 1735 2936 1778 tuum
2963 1724 3197 1793 quotidie
3224 1724 3436 1779 videres
3461 1724 3514 1778 in

1937 1817 2118 1872 ludum
2148 1817 2247 1883 ire,
2279 1825 2332 1872 et
2355 1817 2520 1871 multo
2545 1817 2726 1886 elapso
2749 1824 2986 1884 tempore
3011 1815 3141 1870 nihil
3167 1816 3294 1869 lucri
3324 1817 3517 1879 facere,

1939 1909 2271 1980 patientcrne
2297 1909 2508 1964 ferres?
2557 1923 2734 1964 nOnne
2760 1917 2811 1962 et
2835 1923 3056 1978 puerum
3085 1907 3403 1964 verberarcs
3421 1949 3435 1972 ,
3465 1919 3522 1964 et

1940 2003 2249 2072 magistrum
2281 2000 2572 2071 argueres?
2601 2011 2654 2056 et
2674 2002 2716 2056 si
2735 2000 2928 2056 deinde
2953 2001 3190 2056 discet-es
3207 2002 3518 2070 magistrum

1939 2111 2100 2150 omne
2125 2094 2263 2164 quod
2291 2094 2451 2149 ofﬁcii
2479 2095 2559 2148 sui
2589 2103 2704 2149 erat
2733 2094 2920 2148 fecisse
2941 2136 2955 2160 ,
2989 2105 3043 2148 et
3081 2093 3236 2164 plane
3278 2093 3521 2148 intermi-

1940 2190 2074 2244 sisse
2094 2188 2243 2253 nihil,
2265 2187 2410 2257 pueri
2433 2196 2606 2242 autem
2628 2186 2887 2256 ignaviam
2900 2201 3112 2241 causam
3129 2200 3250 2242 esse
3263 2186 3521 2241 omnium:

1943 2296 2119 2336 nonne
2148 2279 2565 2349 indignationem
2594 2294 2808 2333 omnem
2840 2276 2893 2332 in
2931 2292 3152 2346 puerum
3185 2277 3524 2344 transferres,

1945 2391 2049 2428 non
2091 2374 2201 2443 jam
2248 2387 2505 2428 accusans
2549 2372 2904 2443 magistrum?
2953 2370 3183 2441 ldipsum
3211 2381 3265 2426 ct
3296 2371 3380 2426 hic
3401 2371 3524 2441 jure

1946 2466 2242 2521 faciendum
2274 2475 2373 2519 cst.
2425 2465 2532 2519 Nos
2567 2465 2708 2520 enim
2729 2505 2744 2531 ,
2772 2464 2893 2535 quia
2921 2479 3016 2532 per
3039 2462 3263 2533 gratiam
3292 2463 3524 2518 divinam

1943 2559 2008 2612 ad
2047 2558 2148 2613 hoc
2189 2557 2438 2612 destinati
2468 2571 2684 2624 sumus,
2727 2556 2876 2625 quasi
2926 2556 3232 2626 spirituales
3260 2557 3276 2588 ¹
3309 2557 3446 2610 filios
3477 2557 3528 2609 in

1947 2651 2108 2705 hasce
2134 2648 2348 2704 scholas
2375 2662 2469 2701 vos
2489 2647 2727 2716 quotidie
2755 2658 3030 2712 vocantes,
3061 2647 3350 2702 salutarem
3376 2647 3526 2702 vobis

1945 2741 2242 2797 doctrinam
2294 2739 2638 2810 proponimus
2681 2756 2695 2793 :
2740 2753 2915 2808 neque
2954 2753 3015 2793 ea
3067 2755 3188 2807 qua:
3232 2755 3298 2792 ex
3345 2749 3526 2794 nostra

1949 2841 2128 2889 mente
2157 2830 2574 2902 excogitavintus
2597 2870 2612 2897 ,
2659 2829 2751 2885 sed
2780 2845 2842 2886 ea
2871 2845 2988 2900 qua:
3017 2845 3046 2885 a
3077 2830 3302 2884 Domino
3331 2845 3426 2900 per
3450 2830 3533 2884 di-

1950 2926 2101 2980 vinas
2121 2924 2424 2994 Scripturas
2455 2922 2607 2978 nobis
2641 2922 2835 2977 donata
2862 2931 3016 2987 sunt,
3061 2922 3114 2977 in
3143 2923 3374 2978 medium
3402 2922 3532 2977 affe-

1949 3019 2115 3073 rimus
2153 3017 2348 3087 illaque
2374 3015 2524 3070 vobis
2559 3013 2864 3084 frequenter
2891 3014 3240 3069 inculcamus.
3294 3013 3348 3068 Si
3380 3028 3529 3081 ergo,

1949 3125 2070 3166 cunt
2117 3123 2214 3164 nos
2255 3122 2468 3163 omnem
2512 3106 2861 3162 adhibeamus
2896 3105 3221 3176 vigilantiam
3265 3120 3531 3175 omneque

1951 3201 2211 3265 studium,
2244 3208 2298 3254 et
2329 3213 2422 3255 vos
2449 3198 2686 3269 quotidie
2726 3197 2777 3251 in
2809 3196 2950 3250 viam
2987 3196 3228 3250 veritatis
3254 3194 3528 3259 ducamus,

1952 3310 2046 3348 νινε
2074 3293 2333 3348 iniisdem
2364 3292 2714 3362 perseveretis
2745 3291 2896 3344 malis
2921 3309 2935 3343 :
2965 3289 3196 3359 cogitate
3223 3299 3452 3359 quantus
3481 3298 3541 3343 ct

1955 3393 2134 3440 noster
2154 3385 2222 3439 sit
2242 3383 2446 3438 futurus
2461 3383 2632 3448 dolor,
2655 3390 2709 3436 et
2733 3391 2924 3452 quanta
2943 3391 3114 3435 vestra
3137 3381 3534 3448 condemnatio,

1955 3492 2023 3532 ne
2068 3473 2192 3546 quid
2230 3474 2402 3528 dicant
2442 3473 2702 3528 acerbius.
2752 3471 3004 3539 Quamvis
3029 3472 3170 3527 enim
3203 3487 3298 3526 nos
3327 3471 3534 3538 crimini

1957 3581 2060 3621 non
2093 3565 2258 3620 simus
2279 3565 2513 3627 obnoxii,
2545 3573 2600 3617 ut
2627 3564 2713 3633 qui
2741 3563 2869 3617 nihil
2895 3565 3378 3634 praetermittamus,
3398 3562 3538 3632 quod

1957 3656 2022 3712 ad
2053 3666 2282 3711 vestram
2314 3655 2574 3724 pertineat
2599 3654 3040 3717 redilicationem;
3090 3661 3264 3707 tamen
3295 3655 3416 3723 quia
3448 3669 3539 3707 vc-

1959 3759 2082 3804 strte
2112 3747 2292 3802 salutis
2319 3760 2502 3800 curam
2545 3745 2777 3814 gerimus
2802 3784 2817 3810 ,
2868 3742 2986 3797 ideo
3027 3758 3132 3796 non
3173 3758 3454 3812 possumus
3489 3742 3539 3797 id

1962 3858 2066 3896 non
2097 3839 2327 3912 graviter
2365 3838 2526 3892 ferre.
2577 3837 2707 3905 Quia
2755 3843 2810 3890 et
2842 3834 3034 3892 doctor
3057 3849 3178 3888 cum
3208 3835 3353 3888 videt
3380 3833 3545 3888 disci-

1964 3935 2142 4004 pulum
2169 3931 2370 3986 nullum
2395 3945 2458 3985 ex
2487 3943 2613 3983 cura
2651 3943 2744 3982 sua
2785 3927 3010 3982 fructum
3043 3925 3218 3982 facere
3238 3968 3254 3992 ,
3287 3942 3393 3981 non
3423 3927 3544 3980 vul-

1962 4028 2157 4098 gariter
2182 4025 2324 4080 dolet
2357 4032 2407 4079 et
2438 4023 2633 4094 gemit,
2682 4021 2869 4076 videns
2898 4035 2957 4075 se
2986 4036 3198 4075 omnem
3228 4020 3465 4075 laborent
3493 4028 3547 4074 et

1965 4135 2180 4190 operam
2215 4117 2454 4188 perdere.

2037 4215 2090 4268 4.
2133 4212 2257 4266 llmc
2283 4226 2422 4265 nunc
2441 4210 2621 4275 dico',
2652 4223 2755 4263 non
2780 4217 2838 4261 nt
2860 4206 3133 4262 caritatem
3160 4215 3385 4260 vestram
3415 4221 3551 4261 tum-

1968 4322 2090 4361 rore
2118 4305 2368 4369 afﬁciant,
2397 4303 2491 4358 sed
2539 4311 2595 4356 ut
2621 4303 2846 4357 excitem
2893 4310 2946 4354 et
2978 4299 3235 4353 instruant
3257 4340 3271 4362 ,
3314 4315 3418 4368 quo
3448 4315 3553 4354 non

1970 4400 2164 4454 frustra
2189 4397 2404 4467 jejuniis
2430 4410 2622 4464 corpus
2647 4393 2938 4463 castigetis,
2972 4406 3144 4460 neque
3179 4400 3379 4445 temere
3421 4400 3474 4444 et
3505 4394 3556 4445 in

1970 4504 2162 4543 vanum
2213 4489 2326 4543 dies
2371 4485 2799 4555 Quadragesimaa
2847 4491 3046 4537 sanctze
3096 4481 3418 4550 transigatis.
3493 4482 3561 4534 Iit

1972 4579 2096 4649 quid
2125 4579 2244 4633 dico
2287 4577 2403 4630 dics
2442 4574 2874 4644 Quadragesimm
2913 4584 3148 4637 sanetat,
3187 4588 3306 4627 cum
3342 4586 3562 4641 prorsus

1975 4672 2172 4725 nullam
2222 4685 2319 4724 nos
2340 4667 2480 4722 diem
2532 4681 2785 4736 umquam
2834 4664 3132 4733 transigere
3180 4671 3462 4734 oporteat,
3515 4663 3560 4715 si

1977 4762 2226 4833 possibile
2253 4769 2353 4824 est,
2383 4774 2478 4829 per
2510 4766 2676 4812 totum
2712 4755 2836 4810 vit-.e
2858 4756 3182 4810 curriculum
3205 4796 3219 4821 ,
3246 4755 3296 4807 itt
3326 4768 3427 4822 qua
3457 4769 3561 4806 non

1979 4856 2181 4910 luerunt
2221 4852 2430 4921 aliquod
2471 4848 2747 4922 spirituale
2796 4849 2846 4903 in
2893 4847 3046 4901 nobis
3087 4860 3438 4917 reponamus,
3483 4843 3561 4896 vel

1979 4963 2073 5018 per
2099 4960 2308 5016 preces,
2340 4943 2421 4998 vel
2452 4958 2547 5013 per
2569 4941 2957 4996 confessionem
2981 4980 2996 5004 ,
3037 4939 3116 4991 vel
3151 4953 3244 5006 per
3263 4937 3564 5008 eleemosy-

1980 5053 2074 5094 nas
2093 5080 2106 5104 ,
2141 5037 2223 5092 vel
2252 5051 2347 5106 per
2372 5035 2544 5105 aliqua
2572 5035 2674 5088 alia
2712 5032 3005 5101 spiritualia
3033 5030 3171 5084 bona
3201 5027 3403 5097 opera?
3433 5027 3565 5081 Nam

1982 5131 2024 5185 si
2049 5129 2245 5184 Paulus
2275 5135 2450 5181 tantus
2479 5133 2532 5179 et
2559 5125 2698 5188 talis,
2723 5123 2809 5192 qui
2833 5136 3022 5176 arcana
3056 5120 3144 5172 illa
3166 5117 3324 5172 verba
3346 5117 3567 5183 audivit,

1982 5236 2100 5291 qum
2131 5233 2299 5290 usque
2328 5219 2379 5272 in
2410 5216 2722 5271 hodiernum
2762 5213 2902 5268 diem
2946 5211 3120 5266 nullus
3159 5211 3424 5282 cognovit,
3457 5209 3570 5265 cla-

1986 5311 2164 5368 mabat
2189 5311 2372 5365 dicens
2400 5325 2413 5360 :
2451 5307 2685 5374 Quotidie
2705 5305 2914 5370 morior,
2949 5320 3037 5374 per
3066 5313 3279 5357 vestram
3307 5302 3572 5373 gloriatio-

1986 5418 2097 5456 nem
2119 5401 2192 5472 (l.
2222 5399 2340 5454 Cor.
2366 5399 2448 5454 15.
2477 5395 2566 5467 5i)
2591 5411 2603 5448 :
2648 5395 2848 5450 docens
2877 5408 2995 5459 nos,
3029 5409 3088 5448 se
3115 5393 3192 5448 sic
3220 5393 3454 5462 seipsum
3482 5409 3581 5459 pro

1990 5493 2182 5563 pietate
2211 5489 2457 5560 periculis
2485 5486 2816 5558 exposuisse,
2845 5495 2901 5539 nt
2922 5484 3158 5556 quotidie
3180 5484 3336 5539 morti
3367 5485 3576 5538 vicinus

2056 5610 2072 5639 ¹
2109 5614 2200 5656 Sex
2228 5612 2354 5662 διεδ..
2383 5603 2599 5658 dilectos.
2626 5614 2729 5662 pro,
2753 5598 3044 5659 spirituales.

2054 5673 2074 5703 ³
2097 5673 2220 5732 Reg.
2249 5684 2392 5730 unus,
2421 5670 2583 5716 Porro
2604 5664 2705 5715 Ita'c
2726 5662 2854 5711 diro.
