3796 6262
206 217 271 273 95
947 213 1002 270 S.
1045 213 1321 270 JOANNIS
1357 204 1832 265 CHRYSOSTOMI
1875 207 2188 266 ARCIIIEP.
2235 213 2771 274 CONSTANTlNOP.
3406 224 3476 280 96

201 337 377 382 esset:
412 337 465 381 et
498 326 636 397 qttod
678 334 863 380 natura
897 341 1001 380 non
1035 315 1275 394 ferti(uni
1314 323 1456 378 enim
1497 321 1655 375 morti
1684 319 1782 373 ob-

204 422 344 476 noxii
372 436 560 476 sumus
588 421 819 487 omnes),
854 418 953 472 hoc
993 418 1106 487 ipse
1138 415 1392 485 pertinaci
1423 429 1520 469 suo
1548 414 1787 467 instituto

205 512 411 583 agebat,
446 511 652 567 tametsi
686 510 946 579 benignus
969 510 1111 563 Dens
1137 507 1284 561 illum
1315 505 1549 574 quotidie
1575 506 1627 559 in
1657 505 1788 560 alio-

205 621 319 660 rum
380 605 608 660 salutem
657 610 1043 658 conservaret:
1080 599 1305 670 proinde
1351 599 1396 653 si
1444 599 1534 653 ille
1577 599 1665 668 qui
1713 607 1787 651 tot

201 697 470 765 przcclaris
508 697 761 766 operibus
789 696 1033 750 excelsus
1070 703 1224 756 erat,
1275 702 1330 748 et
1376 692 1524 762 quasi
1568 691 1787 759 angelus

200 804 360 858 super
405 797 598 843 terram
645 787 972 857 apparebat,
1021 785 1260 854 quotidie
1299 785 1546 839 studebat
1591 782 1786 852 aliquid

200 883 330 936 lucri
362 880 554 945 facere,
580 890 633 935 et
664 895 759 950 pro
781 879 1000 933 veritate
1027 886 1169 932 stare
1209 876 1260 934 in
1291 877 1407 931 acie
1435 884 1619 932 contra
1649 875 1788 944 peri-

199 977 318 1029 cula
341 1016 356 1040 ,
403 972 809 1042 spiritualcsque
846 970 945 1025 sibi
987 971 1236 1041 colligere
1266 982 1503 1033 merces,
1535 983 1598 1022 ac
1627 982 1787 1021 num-

199 1082 358 1136 quam
383 1066 604 1136 gradum
633 1057 823 1121 sistere
854 1079 868 1116 :
902 1064 1112 1134 qualem
1139 1063 1453 1118 habebimus
1473 1075 1570 1116 nos
1599 1061 1786 1116 defen-

201 1158 653 1227 sionem,quinou
681 1157 852 1211 solum
881 1155 1034 1210 bonis
1063 1155 1315 1224 operibus
1342 1154 1590 1208 omnibus
1619 1152 1786 1207 desti-

203 1251 296 1304 tuti
325 1264 541 1314 sumus,
576 1249 668 1303 sed
700 1257 753 1303 et
801 1256 877 1302 tot
917 1247 1068 1301 malis
1107 1246 1310 1316 gravati
1355 1261 1579 1314 quortun
1623 1258 1786 1297 unum

203 1346 480 1399 dumtaxat
505 1345 556 1398 in
602 1345 772 1413 ipsum
806 1341 1115 1412 perditionis
1163 1339 1479 1409 profundum
1507 1337 1790 1392 detrudere

205 1452 302 1493 nos
333 1439 539 1508 possit,
587 1437 895 1505 nullumque
923 1443 1181 1505 prteterea
1214 1432 1444 1487 studium
1487 1432 1640 1486 nobis
1684 1442 1786 1496 est,

205 1543 261 1587 ut
284 1533 365 1588 vel
391 1533 578 1587 saltem
603 1534 717 1585 lia-3c
743 1528 1128 1585 emendemus?
1155 1543 1274 1582 cum
1304 1536 1480 1579 autem
1509 1526 1647 1580 idctn
1677 1526 1789 1595 ipse

203 1640 346 1692 saepe
375 1625 671 1693 reperiatur
703 1637 806 1676 non
837 1621 925 1674 ιιιιὶ
969 1620 1187 1689 flagitio,
1235 1617 1326 1672 sed
1357 1617 1597 1687 pluribus
1619 1617 1789 1671 obno-

205 1718 342 1783 xius,
375 1732 494 1772 cum
524 1732 716 1784 nempe
741 1725 794 1770 et
816 1713 1100 1768 iracundus
1127 1713 1194 1766 sit
1229 1721 1281 1765 et
1307 1711 1690 1779 intemperans,
1736 1718 1790 1764 et

201 1824 413 1874 avarus,
437 1818 490 1862 et
521 1807 749 1871 invidus,
779 1815 831 1862 et
854 1805 999 1861 ferox
1022 1845 1036 1870 ,
1069 1813 1121 1858 et
1147 1817 1319 1873 neque
1351 1803 1462 1855 hmc
1497 1801 1786 1871 corrigere,

201 1915 376 1968 neque
399 1900 606 1954 virtutis
633 1914 793 1968 opera
822 1899 1084 1967 attingere
1111 1895 1255 1962 velit,
1283 1894 1457 1965 qualis
1488 1903 1668 1963 postea
1688 1892 1790 1947 erit

201 2009 325 2063 spes
349 1992 574 2048 salutis?
621 1992 744 2046 "an
770 1991 926 2055 dico,
959 1999 1012 2045 et
1059 1989 1238 2044 dicere
1268 2004 1376 2042 non
1417 1987 1678 2050 desinam,
1734 1994 1791 2040 ut

203 2085 474 2141 auditores
502 2100 657 2141 suum
704 2084 900 2154 quique
926 2081 1217 2137 remedium
1247 2080 1513 2150 accipiant
1541 2094 1606 2133 ex
1635 2078 1812 2133 dlctis‘

201 2177 436 2240 nostris,
503 2185 559 2230 et
612 2173 904 2238 studeant,
964 2181 1021 2226 ut
1069 2171 1250 2226 statim
1307 2170 1374 2226 ab
1422 2169 1788 2225 affectionibus

201 2275 436 2322 mentem
482 2265 815 2321 turbantibus
873 2265 1202 2328 liberentur,
1253 2261 1789 2330 convalescentesque

202 2361 456 2414 virtutum
485 2359 673 2413 studiis
698 2357 920 2429 posthac
949 2372 1006 2411 se
1031 2353 1457 2410 accommodent.
1481 2354 1694 2410 Etenim
1727 2354 1790 2408 iis

201 2453 290 2521 qui
331 2450 597 2520 corporali
639 2448 826 2505 morbo
878 2449 1154 2513 laborant,
1209 2447 1449 2517 quamvis
1491 2446 1789 2501 sexcenties

201 2543 440 2599 medicus
475 2541 708 2598 remedia
735 2548 1000 2611 apponat,
1045 2539 1091 2594 si
1129 2553 1273 2610 (eger
1305 2546 1480 2592 autem
1508 2536 1788 2591 medicinae

201 2635 563 2705 operationem
593 2649 697 2689 non
724 2632 988 2694 admittat,
1020 2638 1076 2686 et
1101 2644 1243 2698 saepe
1271 2641 1616 2693 succensens,
1647 2637 1790 2696 post-

201 2743 361 2799 quam
413 2727 652 2782 medicus
705 2723 1017 2795 imposuerit
1069 2722 1412 2792 pharmacum
1443 2763 1458 2787 ,
1510 2719 1790 2789 impatiens

201 2821 406 2877 doloris
435 2819 564 2876 illud
595 2819 834 2890 rejiciat,
887 2818 1028 2872 nulla
1075 2816 1201 2871 inde
1247 2815 1474 2870 utilitate
1519 2821 1783 2882 suscepta,

206 2928 365 2969 nemo
415 2912 649 2983 prudens
694 2911 958 2966 medicum
1008 2909 1281 2979 arguerit,
1329 2906 1470 2978 quod
1501 2921 1605 2960 non
1635 2919 1787 2959 suum

203 3008 372 3079 egerit
395 3005 629 3062 officium
660 3020 676 3058 :
706 3003 894 3060 eodem
927 3002 1086 3058 modo
1111 3011 1165 3056 et
1187 3001 1271 3056 hic
1295 3015 1393 3055 nos
1423 3000 1754 3055 medicamen
1773 3031 1788 3040 ο

205 3111 316 3156 tum
368 3113 431 3155 ex
485 3097 743 3168 Spirituali
795 3095 1036 3150 doctrina
1079 3095 1375 3149 confectum
1427 3093 1785 3164 impellimus;

205 3201 440 3247 vestrum
471 3199 647 3245 autem
672 3188 895 3256 postbac
924 3186 1081 3241 fuerit
1101 3185 1245 3240 ferre
1271 3184 1503 3249 dolores,
1530 3194 1581 3237 et
1608 3197 1789 3236 curam

203 3299 326 3339 cum
351 3281 576 3340 utilitate
603 3279 904 3344 admittere,
932 3287 989 3333 ut
1013 3293 1043 3332 a
1069 3277 1256 3331 morbo
1277 3276 1506 3341 liberati,
1523 3274 1586 3329 ad
1611 3290 1788 3329 veram

205 3373 580 3447 regrediamini
625 3371 928 3426 sanitatem.
982 3368 1072 3425 Sic
1113 3369 1255 3424 enim
1302 3375 1358 3423 et
1405 3367 1504 3437 ipsi
1547 3382 1790 3437 magnam

203 3465 506 3537 percipietis
533 3464 836 3529 utilitatem,
866 3470 920 3517 et
947 3475 1043 3517 nos
1066 3475 1172 3516 non
1201 3459 1406 3515 modica
1440 3459 1562 3515 hinc
1589 3475 1791 3515 conso-

205 3559 402 3612 latione
423 3556 734 3621 afficiemur,
765 3555 807 3610 si
836 3553 1126 3608 viderimus
1153 3565 1266 3616 eos,
1299 3553 1385 3621 qui
1412 3551 1556 3623 prius
1583 3551 1790 3607 labora-

203 3649 352 3714 bant,
385 3659 492 3703 tam
521 3649 626 3703 cito
651 3648 842 3703 bonam
871 3641 1226 3700 valetudinem
1259 3658 1622 3713 recuperasse.

275 3740 429 3795 Ratio
453 3739 678 3794 humana
708 3726 867 3808 potest
893 3737 1062 3791 omnia
1109 3736 1230 3789 vitia
1273 3735 1538 3803 edomare;
1573 3734 1790 3789 Paulum

205 3833 467 3904 prwdicat.
491 3862 561 3872 —
579 3831 950 3901 Unusquisque
973 3843 1099 3900 ergo
1138 3835 1374 3883 vestrum
1393 3869 1407 3892 ,
1441 3827 1664 3882 obsecro
1686 3871 1698 3889 ,
1744 3829 1787 3882 si

204 3940 311 3978 non
341 3933 516 3989 antea,
539 3922 727 3977 saltem
757 3935 897 3976 nunc
921 3934 1138 3990 cperam
1167 3919 1254 3972 det
1280 3961 1294 3982 ,
1334 3927 1393 3972 ut
1435 3917 1619 3973 vitium
1649 3920 1787 3988 quod

205 4017 305 4072 sibi
347 4015 516 4085 magis
555 4029 712 4083 quam
760 4020 951 4066 caetera
995 4011 1243 4066 iufestmn
1292 4010 1454 4065 sentit
1503 4025 1568 4066 ex
1612 4013 1787 4064 anima

207 4117 440 4172 cxsccet,
485 4113 541 4161 ct
577 4107 662 4176 pia
704 4104 1022 4173 cogitatione
1064 4104 1212 4172 quasi
1258 4101 1519 4171 spirituali
1561 4104 1788 4172 quodam

203 4199 380 4269 gladio
407 4207 584 4264 utens,
613 4197 845 4266 seipsum
867 4195 936 4249 ab
960 4209 1025 4249 eo
1047 4195 1257 4249 liberet.
1292 4194 1444 4250 Dedit
1466 4195 1607 4250 enim
1636 4196 1791 4250 nobis

207 4293 347 4347 Deus
376 4290 635 4345 rationem
686 4304 805 4358 qua:
852 4285 1076 4342 sufficiat
1122 4295 1176 4342 et
1215 4287 1419 4356 possit,
1471 4287 1515 4342 si
1567 4288 1790 4342 velimus

205 4397 391 4452 parum
422 4381 711 4451 reSpicere,
731 4379 908 4434 etruria
934 4395 1051 4448 quae
1088 4378 1137 4433 in
1161 4378 1314 4434 nobis
1343 4389 1634 4433 nascuntur
1663 4379 1785 4432 vitia

203 4475 444 4530 domare.
496 4473 780 4542 PrOpterea
808 4471 966 4525 etiam
1006 4481 1309 4526 sant-torum
1353 4471 1589 4525 omnium
1627 4469 1788 4524 vitam

203 4574 259 4620 et
300 4564 544 4619 instituta
582 4565 634 4618 in
673 4561 864 4618 divinis
888 4562 1176 4633 Scripturis
1213 4561 1475 4632 descripta
1499 4602 1514 4627 ,
1560 4561 1789 4632 Spiritus

206 4655 373 4712 sancti
418 4656 584 4726 gratia
622 4655 863 4725 reliquit,
909 4663 965 4708 ιιι
1007 4655 1275 4709 discentes
1316 4669 1446 4720 eos,
1493 4655 1617 4710 licet
1644 4655 1788 4724 ejus-

205 4749 328 4804 dem
376 4747 570 4803 fuerint
608 4756 812 4802 naturte
840 4787 855 4811 ,
898 4748 1142 4801 virtutem
1199 4755 1374 4802 tamen
1428 4749 1788 4803 omnimodam

207 4841 548 4907 exhibuisse,
598 4855 665 4896 ne
711 4839 876 4894 simus
933 4853 1030 4893 nos
1074 4839 1245 4907 ignavi
1285 4848 1342 4895 et
1388 4839 1600 4896 desides
1643 4841 1695 4895 in
1728 4842 1790 4895 iis

211 4932 545 4988 exercendis.

276 5024 330 5079 5.
372 5026 563 5080 Annon
605 5032 808 5079 natura:
853 5033 1050 5078 nostrae
1079 5021 1176 5076 fuit
1217 5030 1272 5077 et
1318 5022 1502 5078 beatus
1546 5023 1790 5080 Paulus?

207 5117 396 5185 Flagro
417 5117 558 5172 enim
584 5133 766 5172 amore
796 5116 951 5186 lmjus
981 5115 1111 5181 viri,
1155 5123 1211 5169 et
1236 5124 1514 5184 prepterea
1536 5119 1790 5172 continuo

208 5216 454 5262 versatur
478 5209 592 5278 ipse
636 5209 686 5261 iu
732 5223 825 5263 ore
870 5221 1019 5274 meo,
1062 5216 1116 5262 et
1157 5207 1306 5277 quasi
1346 5207 1398 5262 in
1443 5208 1788 5280 archetypum

207 5298 423 5368 aliquod
451 5299 745 5369 exemplar,
770 5299 839 5353 ita
867 5309 921 5354 et
948 5300 1000 5354 in
1033 5300 1173 5354 illius
1201 5297 1432 5354 animam
1471 5301 1786 5371 respiciens,

205 5392 526 5463 obstupesco
554 5391 604 5444 in
634 5393 735 5446 hoc
749 5393 859 5446 viro
876 5393 1061 5447 mirum
1091 5392 1373 5449 affectuum
1401 5403 1786 5465 contemptum,

209 5483 533 5540 fortitudinis
555 5483 950 5548 excellentiam,
976 5485 1173 5538 amoris
1201 5485 1252 5539 in
1284 5485 1450 5540 Deum
1480 5483 1742 5541 fervorem
1773 5504 1786 5541 :

210 5585 266 5630 et
303 5589 512 5630 mecum
556 5583 782 5645 reputo,
829 5589 990 5628 unttm
1028 5574 1298 5631 hominem
1341 5592 1530 5633 onmes
1567 5579 1789 5635 virtutes

206 5669 387 5726 ξιιιύίο
412 5680 510 5722 suo
537 5667 590 5722 in
613 5681 673 5722 se
701 5665 980 5736 collegisse
1014 5674 1068 5721 ct
1094 5667 1431 5737 exhibuisse;
1479 5684 1680 5741 nosque
1722 5686 1789 5728 ne

1903 322 2177 378 minimum
2210 327 2421 394 quidem
2454 328 2648 384 bonum
2679 347 2811 400 opus
2853 343 3103 401 pr:rstare
3150 337 3302 394 velle.
3349 339 3482 408 Qui:

1897 415 2054 483 igitur
2081 431 2177 469 nos
2200 419 2388 486 eripiet
2435 435 2464 472 a
2512 423 2769 490 supplicio
2817 425 3149 481 inevitabili?
3194 429 3324 485 Nam
3355 449 3480 488 cum

1896 506 2136 575 ejusdem
2183 509 2272 565 ille
2318 511 2594 568 nobiscum
2645 512 2802 570 fuerit
2826 531 3048 585 naturav,
3080 529 3131 575 et
3155 522 3339 578 iisdem
3386 525 3488 578 ob-

1898 598 2087 653 noxius
2114 599 2501 668 affectionibus,
2547 614 2705 675 atque
2735 607 2784 660 in
2817 617 2959 663 tanta
2991 619 3289 680 temporum
3335 615 3482 669 diffi-

1896 690 2110 755 cultate,
2140 695 2408 764 quotidie,
2439 705 2495 750 ut
2525 697 2595 751 ita
2627 697 2800 754 dicam
2825 743 2840 768 ,
2874 712 3100 771 tractus,
3132 706 3394 763 laceratus
3429 720 3485 763 et

1896 783 2107 852 publice
2152 796 2388 854 raptatus
2413 788 2480 843 ab
2509 789 2572 844 iis
2612 791 2702 860 qui
2728 794 3157 862 praedicationem
3203 814 3482 871 oppugua--
3575 831 3578 834 ι

1896 873 2022 928 baut
2046 915 2060 935 .
2093 875 2181 945 qui
2225 885 2279 930 et
2316 893 2458 949 smpe
2489 881 2657 949 ipsum
2699 895 2946 939 enectum
2973 888 3385 954 existimarunt,
3428 909 3482 946 ea

1895 966 2044 1034 quasi
2073 965 2390 1022 destinatam
2417 971 2594 1025 animo
2619 973 2820 1028 ezrdem
2854 988 3276 1047 perpetrassent,
3307 982 3482 1050 ipsum

1897 1056 2228 1126 reliquerunt
2267 1076 2280 1113 :
2322 1061 2656 1119 inveniturne
2696 1065 2885 1136 aliquis
2922 1080 3198 1136 nostrum,
3227 1071 3479 1139 desidiw,

1897 1149 2245 1220 segnitieique
2273 1151 2597 1221 deditorum,
2645 1158 2735 1225 qui
2775 1169 2970 1214 tantam
2999 1163 3246 1217 virtutum
3276 1167 3481 1236 magni-

1898 1245 2132 1298 tudinem
2180 1262 2288 1315 ιιι-ξιξ
2333 1261 2391 1302 se
2436 1247 2608 1304 ferat?
2655 1249 2852 1306 Verum
2899 1265 3098 1323 quanta
3147 1256 3335 1312 beatus
3391 1260 3483 1315 ille

1898 1337 2147 1406 pra-clara
2190 1356 2350 1410 opera
2395 1340 2598 1408 fecerit,
2632 1352 2686 1398 et
2723 1344 3116 1416 fortitudinem,
3173 1365 3330 1420 quam
3385 1368 3483 1422 pro

1896 1429 2167 1500 religionis
2216 1432 2592 1500 praedicatione
2639 1436 2877 1506 antidie
2923 1438 3258 1509 exhibuerit,
3302 1459 3406 1498 non
3449 1463 3482 1500 a

1897 1531 2075 1575 nostra
2108 1523 2304 1593 lingua,
2350 1525 2444 1580 sed
2487 1525 2556 1580 ab
2605 1528 2721 1598 ipso
2763 1541 2973 1599 oportet
3018 1533 3203 1588 audire
3246 1537 3480 1592 dicente.

1896 1610 2120 1678 Quando
2147 1615 2286 1667 enim
2317 1615 2366 1668 in
2396 1631 2514 1671 eam
2539 1613 2752 1673 devenit
2780 1624 3167 1691 necessitatem,
3190 1636 3244 1680 ut
3265 1639 3484 1700 pr0ptor

1897 1701 2463 1772 pseudoapostolorum
2513 1708 2776 1764 fallaciam
2818 1727 2905 1766 res
2933 1727 3058 1768 suas
3085 1731 3338 1774 enarrare
3383 1735 3482 1774 eo—

1895 1803 2111 1863 gcrctur
2140 1811 2154 1848 :
2189 1808 2292 1850 tam
2315 1812 2475 1866 grave
2503 1801 2643 1854 enim
2673 1801 2810 1856 istud
2833 1811 2886 1857 et
2912 1805 3194 1860 molestum
3223 1809 3320 1878 ipsi
3343 1820 3480 1874 erat,

1899 1895 1953 1938 ut
1983 1888 2365 1955 reluctaretur,
2410 1899 2465 1945 et
2505 1908 2793 1964 numquam
2836 1895 2886 1949 in
2916 1897 3146 1953 medium
3188 1915 3250 1958 ea
3287 1901 3484 1959 afferre

1898 1977 2075 2042 vellet,
2107 1979 2214 2032 imo
2240 1980 2472 2049 seipsum
2500 1983 2722 2040 auderet
2750 2002 2943 2043 vocare
2973 1989 3340 2062 blasphemum
3364 2033 3382 2062 ,
3427 2006 3485 2051 et

1898 2080 2331 2138 persequutorem
2360 2092 2373 2128 :
2402 2076 2649 2144 quoniam
2675 2086 2852 2133 autem
2881 2085 3333 2148 pernecessarium
3361 2102 3484 2143 esse

1900 2159 2126 2228 videret,
2160 2171 2216 2216 ut
2249 2162 2599 2232 impostorum
2631 2181 2722 2221 ora
2751 2168 3089 2239 ObalrllCI'CI,
3121 2183 3175 2229 et
3207 2174 3486 2247 discipulis

1899 2267 2110 2321 parvam
2153 2253 2305 2310 daret
2346 2257 2764 2314 consolationem
2810 2278 2825 2315 :
2880 2262 2957 2318 sic
3001 2262 3112 2320 fere
3155 2268 3316 2336 coepit
3363 2279 3486 2338 post

1897 2346 2059 2402 multa
2090 2349 2189 2402 alia
2212 2348 2390 2406 dicere
2417 2369 2428 2403 :
2453 2349 2520 2405 In
2544 2366 2642 2420 quo
2666 2353 2777 2423 quis
2808 2354 2993 2421 audet,
3024 2374 3114 2427 per
3141 2358 3483 2431 insipientiam

1896 2438 2092 2510 loquor,
2126 2441 2288 2494 audeo
2309 2450 2359 2495 et
2389 2458 2480 2512 ego
2513 2442 2588 2512 (2.
2620 2441 2737 2498 Cor.
2767 2445 2850 2500 ll.
2879 2444 2991 2518 21).
3024 2448 3314 2505 Considera
3343 2453 3482 2522 piam

1894 2529 2124 2584 animam
2146 2571 2160 2594 ,
2210 2547 2316 2585 non
2355 2533 2527 2588 Solum
2558 2535 2832 2592 audaciam
2854 2579 2868 2602 ,
2899 2539 2993 2594 scd
3035 2549 3086 2595 et
3126 2543 3483 2612 insipientiam

1897 2637 2008 2676 rem
2037 2638 2153 2676 eam
2182 2635 2333 2678 vocat
2357 2643 2370 2679 :
2401 2626 2598 2682 det-ens
2640 2643 2738 2683 nos
2767 2645 2835 2685 ne
2861 2647 3109 2703 umquam
3139 2635 3268 2690 citra
3299 2652 3484 2694 neces-

1897 2711 2108 2768 sitatem
2135 2757 2150 2778 ,
2196 2725 2250 2770 et
2294 2716 2442 2770 nullo
2486 2729 2727 2788 urgente,
2752 2736 2870 2790 qua:
2895 2737 2925 2776 a
2952 2725 3106 2778 nobis
3143 2725 3277 2780 facta
3313 2737 3480 2792 sunt,

1895 2817 2246 2876 ostentemus,
2275 2811 2317 2863 si
2348 2811 2560 2880 quidem
2578 2812 2735 2883 aliqui
2759 2829 2823 2869 ex
2848 2815 3002 2870 nobis
3028 2816 3364 2874 inveniantur
3388 2821 3480 2890 qui

1897 2900 2093 2955 bonum
2121 2901 2336 2971 aliquod
2350 2914 2473 2957 sunt
2497 2909 2722 2975 operati.
2743 2906 2808 2960 In
2825 2923 2924 2976 quo
2947 2909 3081 2979 quis,
3100 2909 3291 2980 inquit,
3307 2913 3478 2976 audet,

1896 3010 1984 3062 per
2009 2994 2352 3064 insipientiam
2380 2996 2577 3068 loquor,
2605 3001 2768 3054 audeo
2783 3009 2829 3054 et
2846 3017 2935 3072 ego
2952 3017 2971 3055 :
2995 3001 3096 3058 hoc
3111 3012 3212 3070 est,
3230 3005 3480 3076 quoniam

1894 3101 1994 3156 ego
2024 3089 2244 3141 multam
2272 3088 2425 3143 video
2453 3090 2846 3157 necessitatem,
2872 3091 3069 3149 audere
3090 3095 3228 3158 volo,
3261 3107 3314 3150 et
3353 3097 3484 3151 insi-

1897 3176 2108 3245 pientia:
2139 3192 2273 3248 opus
2301 3178 2576 3235 exhibere.
2612 3181 2812 3237 11εὸτωὶ
2836 3193 2975 3250 sunt,
3019 3195 3065 3240 et
3085 3202 3207 3256 ego;
3232 3185 3483 3242 Israeliltz

1895 3278 2032 3333 sunt,
2063 3277 2111 3322 et
2135 3285 2262 3340 ego;
2291 3286 2458 3325 semen
2484 3272 2700 3328 Abraltw
2723 3283 2873 3342 sunt,
2921 3285 2968 3331 et
3012 3293 3104 3348 ego
3151 3277 3257 3349 (Ib.
3288 3296 3332 3333 υ.
3361 3279 3476 3348 ‘29.).

1900 3359 1972 3413 De
2003 3359 2122 3423 hoc,
2156 3359 2368 3430 inquit,
2420 3362 2648 3417 sublime
2692 3365 2904 3434 sapiunt
2943 3375 2996 3420 et
3037 3367 3365 3438 gloriantur;
3414 3387 3482 3424 ne

1899 3459 2083 3519 putent
2111 3466 2174 3506 ea
2202 3452 2356 3506 nobis
2379 3452 2567 3509 deesse
2589 3471 2604 3520 ;
2629 3457 2788 3510 etiam
2835 3471 2934 3511 nos
2973 3459 3280 3514 eormndem
3317 3462 3482 3530 parti-

1895 3541 2041 3610 cipes
2066 3556 2272 3598 sumus.
2319 3543 2522 3601 Deinde
2562 3545 2787 3615 subjecit
2821 3564 2834 3602 :
2867 3546 3094 3602 Ministri
3121 3550 3306 3606 Christi
3342 3563 3479 3621 sunt,

1896 3645 1950 3688 ut
1974 3635 2141 3689 minus
2168 3637 2368 3706 sapiens
2395 3637 2528 3706 dico,
2564 3638 2679 3706 plus
2702 3655 2794 3710 ego
2837 3639 2946 3710 (Ib.
2975 3657 3022 3695 υ.
3052 3641 3167 3714 εδ).

1967 3728 2022 3783 6.
2066 3727 2197 3784 Vide
2225 3730 2328 3797 hic,
2357 3729 2574 3796 dilecte,
2618 3731 2785 3788 beata:
2813 3732 2967 3803 hujus
2991 3735 3182 3789 anima:
3208 3735 3482 3795 virtutem.

1895 3821 2026 3876 Nam
2059 3833 2336 3894 postquam
2367 3839 2476 3880 rem
2516 3839 2545 3878 a
2592 3839 2650 3880 se
2699 3825 2909 3892 laetam,
2956 3828 3228 3883 audaciam
3263 3838 3316 3883 ct
3346 3830 3480 3883 insi-

1899 3913 2148 3982 pientiam
2176 3916 2400 3981 vocavit,
2432 3917 2675 3986 quamvis
2711 3916 2762 3971 in
2795 3926 2939 3971 tanta
2977 3929 3121 3973 esset
3161 3921 3483 3976 necessitate

1895 4007 2251 4073 constitutus,
2285 4023 2456 4076 neque
2497 4007 2575 4062 sic
2608 4017 2781 4062 tamen
2828 4009 2984 4063 dictis
3025 4020 3304 4065 contentus
3335 4010 3431 4065 fuit
3464 4030 3478 4066 :

1896 4098 1991 4154 sed
2019 4113 2140 4153 cum
2169 4098 2635 4156 demonstraturus
2659 4110 2802 4157 esset
2831 4117 2889 4158 se
2919 4102 3040 4156 illos
3066 4118 3256 4174 magno
3280 4099 3482 4174 proiec-

1895 4193 2026 4248 dere
2053 4193 2357 4258 intervallo,
2386 4201 2440 4248 ut
2471 4209 2537 4250 ne
2556 4196 2673 4265 quis
2702 4211 2822 4250 eum
2857 4203 3004 4265 putet
3033 4211 3127 4265 per
3164 4199 3482 4252 ostentatio-

1897 4300 2018 4339 nem
2050 4283 2164 4340 hzec
2187 4284 2383 4345 dicere,
2415 4285 2604 4340 iterum
2637 4286 2992 4356 insipientiam
3021 4297 3175 4343 vocat
3198 4289 3339 4359 quod
3363 4305 3394 4344 a
3421 4304 3482 4344 se

1895 4377 2188 4441 dicebatur,
2218 4378 2366 4447 quasi
2407 4376 2608 4432 diceret
2651 4395 2666 4432 :
2711 4378 2825 4433 Non
2855 4394 2973 4434 sum
3005 4379 3215 4435 nescius
3243 4397 3328 4436 me
3357 4396 3470 4436 rem

1898 4467 2074 4524 facere
2098 4484 2216 4539 qua:
2245 4469 2443 4523 multos
2467 4468 2721 4535 offendat,
2742 4479 2795 4524 et
2810 4486 2928 4540 quze
2955 4486 3126 4541 neque
3153 4487 3240 4526 me
3259 4472 3477 4527 deceat:

1897 4559 1991 4614 sed
2023 4575 2108 4614 me
2149 4559 2424 4644 compellit
2468 4575 2657 4631 magna
2691 4562 3013 4627 necessitas;
3062 4562 3182 4618 ideo
3226 4563 3484 4634 ignoscite

1898 4651 2026 4706 mihi
2057 4651 2375 4722 insipientia:
2406 4651 2561 4708 verba
2605 4653 2860 4723 loquenti.
2905 4655 3072 4723 Hujus
3108 4656 3194 4710 vel
3239 4657 3479 4712 umbram

1898 4746 2165 4800 imitemur
2188 4761 2305 4813 nos,
2335 4747 2422 4816 qui
2455 4748 2615 4801 tantis
2647 4748 2939 4815 premimur
2963 4747 3213 4818 peccatis,
3260 4759 3313 4803 et
3339 4766 3483 4819 sa-pe

1896 4839 1938 4892 si
1986 4853 2206 4907 parvum
2246 4838 2496 4909 quiddam
2541 4849 2686 4894 recte
2725 4837 2977 4903 facimus,
3026 4855 3197 4909 neque
3225 4839 3396 4910 ipsum
3430 4844 3483 4896 in

1899 4931 2261 5001 promptuario
2285 4931 2478 4985 mentis
2523 4941 2721 4985 nostra:
2761 4931 3073 5000 repositum.
3097 4947 3315 4986 manere
3347 4933 3482 5001 pati-

1898 5041 2039 5089 mur,
2068 5023 2161 5078 scd
2189 5033 2245 5078 ut
2267 5023 2544 5093 gloriolam
2584 5024 2815 5093 aliquam
2860 5022 2930 5078 ab
2981 5023 3286 5078 hominibus
3314 5041 3483 5080 vene-

1897 5133 2036 5181 nmr,
2068 5115 2430 5186 divulgamus,
2477 5124 2533 5172 et
2560 5116 2628 5171 ob
2672 5115 3096 5202 iutgmpestivam
3127 5117 3483 5187 nugacitatem

1896 5208 2073 5262 divina
2100 5207 2449 5263 retributione
2488 5209 2844 5278 nosmetipsos
2869 5207 3196 5263 fraudamus.
3248 5209 3318 5262 At
3352 5208 3484 5262 nihil

1899 5298 2005 5353 tale
2031 5297 2187 5354 beato
2208 5298 2372 5353 Paulo
2399 5297 2692 5353 accidebat.
2745 5297 2850 5354 Sed
2889 5298 3058 5370 quid?
3088 5298 3312 5354 Ministri
3340 5299 3481 5353 Chri-

1897 5390 1960 5444 sti
1983 5399 2122 5455 sunt,
2151 5398 2204 5443 ut
2229 5389 2393 5443 minus
2422 5389 2621 5459 sapiens
2638 5390 2772 5457 dico,
2806 5391 2920 5460 plus
2945 5406 3075 5461 ego;
3117 5391 3242 5447 dein
3273 5391 3487 5446 adducit

1898 5483 1950 5536 in
1998 5482 2230 5538 medium
2277 5497 2340 5538 ea
2392 5497 2511 5553 quae
2544 5481 2976 5552 pseudoapostoli
3006 5499 3111 5538 non
3141 5483 3481 5539 exhibebant.

1899 5574 2180 5640 Quomodo
2212 5572 2355 5629 enim
2383 5572 2752 5628 exhibuissent
2790 5573 2878 5644 qui
2907 5572 3184 5629 veritatem
3215 5588 3486 5643 Oppugna-

1900 5671 2063 5739 bant,
2108 5676 2161 5724 et
2188 5665 2318 5722 nihil
2342 5679 2447 5723 non
2476 5664 2701 5736 agebant
2726 5673 2783 5722 ut
2809 5664 3166 5736 prtedicationi
3216 5665 3487 5732 religionis
