3796 6250
253 241 334 299 95

248 357 349 410 τὸν
379 357 614 412 θάνατον
649 359 892 427 γίνεσθαι
925 362 1009 432 ἐφ’
1043 364 1281 434 ἑκάστης
1308 365 1545 437 ἡμέρας,
1581 369 1674 421 καὶ
1715 371 1853 440 ὅπερ
1894 372 1926 441 ἡ

1483 251 1549 308 IN
1585 253 1736 308 CAP.
1772 254 1816 311 ll
1855 255 2101 315 GENES.
2141 259 2370 318 HOMIL.
2414 263 2508 319 XI.
2763 287 2768 296 ε
3110 280 3112 282 '
3629 273 3695 328 96

2031 364 2124 457 οὖν
2160 374 2306 444 ἡμᾶς
2343 376 2686 448 ἐξαιρήσεται
2723 379 2819 449 τῆς
2859 379 3126 444 κολάσεως
3159 382 3255 453 τῆς
3295 383 3691 457 ἀπαραιτήτου,

259 445 421 512 φύσις
450 447 552 500 ούκ
579 447 796 518 ἐδέχετο
821 449 925 516 (ἐνὶ
951 450 1060 522 γὰρ
1081 451 1296 522 θανάτῳ
1321 452 1523 518 πάντες
1547 455 1904 524 ὑποκείμεθα)
1965 493 1996 525 ,ι
2027 455 2155 508 ὅταν
2182 459 2273 510 καὶ
2291 459 2390 530 τῆς
2413 445 2594 530 ¹αίνιέῆς
2624 464 2752 533 ἡμῖν
2779 445 3054 518 κοινωνῶν
3082 445 3315 532 φύσεως,
3343 445 3435 520 καί.
3463 445 3575 534 τοῖς
3605 445 3691 526 ab:

247 533 414 587 τοῦτο
441 536 474 605 ἡ
505 535 808 605 φιλονεικία
837 539 934 608 τῆς
957 540 1324 610 προαιρέσεως
1353 542 1520 595 αὐτοῦ
1548 543 1850 615 κατώρθου,
1878 545 1928 596 εί

247 622 349 675 καὶ
374 623 405 675 6
452 623 837 697 φιλάνθρωπος
874 625 1007 689 Θεὸς
1040 627 1133 680 ἐπὶ
1169 628 1331 683 πλέον
1374 630 1537 684 αὐτὸν
1575 630 1812 702 διετήρει
1840 631 1929 684 διά

245 711 352 781 τὴν
379 711 493 766 τῶν
521 713 726 768 λοιπῶν
757 715 1061 786 σωτηρίαν·
1091 718 1140 770 εί
1167 718 1347 772 τοίνυν
1371 721 1574 785 ἐκεῖνος
1599 723 1628 775 6
1653 722 1925 788 τοσούτοις

247 797 443 867 κομῶν
486 799 908 871 κατορθώμασι,
958 804 1052 856 καὶ
1100 804 1351 877 καθάπερ
1402 807 1632 876 ἄγγελος
1676 812 1768 864 ἐπὶ
1823 812 1926 880 γῆς

244 884 602 954 φαινόμενος,
647 886 771 939 καθ’
827 888 1066 959 ἑκάστην
1126 891 1427 958 ἐσπούδαζε
1468 894 1793 965 κερδαίνειν,
1829 899 1923 951 καὶ

243 972 389 1042 πρὸς
419 973 548 1036 τοὺς
569 973 711 1045 ὑπὲρ
743 974 842 1044 τῆς
867 975 1123 1046 ἀληθείας
1157 978 1432 1043 κινδύνους
1462 982 1922 1052 παρατάττεσθαι,

243 1061 344 1112 καὶ
375 1059 478 1130 τὴν
525 1061 800 1130 ἐμπορίαν
836 1063 936 1134 τὴν
979 1066 1354 1138 πνευματικὴν
1396 1068 1576 1139 ἐαυτῴ
1624 1070 1920 1138 συλλέγειν,

243 1149 341 1202 καὶ
373 1150 650 1219 μηδέποτε
680 1153 962 1207 ἵστασθαι·
1000 1155 1160 1208 ποίαν
1197 1154 1264 1209 ἂν
1298 1157 1556 1229 σχοίημεν
1599 1160 1758 1229 ἡμεῖς
1785 1162 1921 1214 ἀπο-

240 1237 460 1306 λογίαν,
491 1240 542 1291 οί
577 1239 654 1310 μὴ
685 1241 847 1310 μόνον
881 1241 1097 1296 πάντων
1121 1242 1274 1308 ὄντες
1301 1244 1496 1316 ἔρημοι
1517 1247 1624 1302 τῶν
1645 1249 1920 1320 κατορθω-

241 1324 459 1390 μάτων,
490 1327 631 1381 ἀλλά
662 1329 758 1382 καὶ
799 1329 1077 1394 τοσούτοις
1118 1331 1495 1402 ἐλαττώμασιν
1533 1336 1918 1407 ὑποκείμενοι,

238 1405 319 1465 ὧν
351 1413 454 1467 καὶ
487 1413 547 1465 ἓν
593 1413 754 1484 μόνον
787 1417 920 1486 ἡμῖν
952 1417 1152 1487 προσὸν
1184 1418 1368 1472 ίκανὸν
1405 1422 1484 1484 είς
1515 1421 1648 1474 αὐτὸ
1687 1405 1785 1492 τῆς
1815 1426 1921 1479 άπ-

234 1501 445 1565 ωλείας
476 1502 541 1556 τὸ
591 1501 864 1575 βάραθρον
898 1509 1254 1575 καταγαγεῖν,
1295 1509 1390 1560 καὶ
1434 1509 1704 1579 μηδεμίαν
1737 1513 1919 1564 ποιού-

236 1605 398 1657 μενοι
451 1589 720 1659 σπουδὴν,
762 1591 868 1644 κᾶν
919 1591 1052 1660 γοῦν
1091 1593 1263 1648 ταῦτα
1303 1593 1580 1665 διορθοῦν;
1616 1597 1743 1650 ὅταν
1785 1598 1841 1652 δὲ
1891 1601 1919 1652 6

235 1676 406 1740 αὐτὸς
429 1677 691 1742 πολλάκις
721 1680 1047 1750 εὑρίσκοιτο,
1083 1682 1157 1753 μὴ
1185 1683 1342 1753 μόνον
1369 1684 1426 1737 ἒν
1447 1685 1733 1757 ἐλάττωμα
1756 1686 1914 1757 ἔχων,

235 1763 376 1817 ἀλλὰ
412 1766 506 1818 καὶ
538 1766 779 1833 πλείονα,
820 1770 914 1822 καὶ
958 1769 1173 1839 ὀργίλος
1210 1763 1269 1843 ᾗ,
1313 1773 1408 1826 καὶ
1461 1773 1774 1839 ἀκόλαστος,
1823 1777 1917 1830 καὶ

233 1851 595 1925 πλεονέκτης,
627 1856 720 1908 καὶ
744 1855 1032 1925 βάσκανος,
1058 1859 1151 1912 καὶ
1177 1858 1448 1930 θυμώδης,
1475 1861 1569 1915 καὶ
1589 1862 1725 1933 μήτε
1744 1865 1916 1918 ταῦτα

227 1940 486 2011 διορθοῦν
522 1942 800 2012 βούλοιτο,
848 1947 987 2016 μήτε
1030 1945 1139 1999 τῶν
1171 1946 1270 2017 τῆς
1313 1948 1513 2020 ἀρετῆς
1562 1949 1737 2020 ἔργων
1776 1951 1912 2020 ἐφά-

229 2029 490 2091 πτεσθαι,
516 2031 647 2084 ποία
684 2029 871 2084 λοιπὸν
895 2033 961 2085 ἂν
987 2032 1196 2101 γένοιτο
1226 2035 1500 2107 σωτηρίας
1517 2036 1706 2103 ἐλπίς,
1731 2038 1913 2092 Ταῦτα

227 2115 398 2184 λέγω,
431 2119 528 2170 καὶ
558 2117 733 2187 λέγων
767 2120 827 2172 ού
859 2119 1161 2192 παύσομαι,
1186 2123 1273 2175 ἵνα
1294 2122 1523 2188 ἕκαστος
1555 2125 1663 2179 τῶν
1691 2127 1912 2180 ἀκουόν-

225 2222 336 2257 των
369 2207 436 2259 τδ
482 2208 818 2278 κατάλληλον
845 2209 1025 2280 ἐαυτῴ
1061 2211 1351 2282 φάρμακον
1379 2213 1664 2284 δεχόμενος
1708 2217 1772 2269 ἐκ
1802 2216 1910 2270 τῶν

228 2295 360 2362 παρ’
389 2293 552 2363 ἡμῶν
589 2293 916 2366 λεγομένων,
959 2298 1237 2370 σπουδάσῃ
1276 2299 1506 2370 ταχέως,
1541 2302 1632 2355 καὶ
1672 2303 1780 2356 τῶν
1818 2303 1908 2358 ἐν-

223 2380 535 2448 οχλούντων
569 2382 759 2435 παθῶν
787 2383 1122 2454 ἀπαλλαγεὶς
1153 2387 1289 2459 πρὸς
1319 2389 1530 2456 ὑγίειαν
1570 2391 1905 2455 ἐπανελθεῖν,

225 2468 321 2523 καὶ
337 2470 480 2539 πρὸς
507 2471 608 2540 τὴν
637 2472 735 2542 τῆς
765 2473 967 2544 ἀρετῆς
985 2475 1247 2546 ἐργασίαν
1270 2478 1462 2533 ἑαυτὸν
1492 2480 1793 2552 ἐπιτήδειον
1810 2499 1909 2536 κα-

221 2559 517 2628 ταστῆσαι.
548 2560 658 2613 Καὶ
693 2561 802 2632 γὰρ
822 2561 916 2615 ἐπὶ
947 2563 1055 2617 τῶν
1079 2565 1396 2636 καμνόντων
1421 2569 1492 2621 τά
1531 2567 1778 2639 σώματα,
1803 2571 1906 2625 κᾶν

219 2647 548 2718 μυριάκιςό
577 2649 763 2718 ἰατρὸς
787 2650 948 2722 ἐπιθῇ
980 2652 1047 2705 τά
1076 2654 1364 2727 φάρμακα,
1385 2657 1413 2710 ό
1435 2656 1491 2710 δὲ
1519 2656 1800 2730 ἄρρωστος
1830 2660 1904 2734 μὴ

219 2732 487 2803 ἀνέχηται
519 2735 800 2804 ἐπιμένειν
831 2736 929 2808 τὴν
973 2739 1080 2792 ἀπὸ
1107 2739 1203 2793 τοῦ
1247 2743 1541 2815 φαρμάκου
1583 2732 1901 2818 θεραπείαν,

217 2820 358 2875 ἀλλά
379 2822 644 2887 πολλάκις
661 2824 1028 2896 δυσχεραίνων
1052 2829 1190 2898 μετά
1209 2829 1270 2883 τὸ
1292 2831 1558 2886 ἐπιθεῖναι
1581 2833 1673 2889 τὸν
1698 2835 1900 2906 ἰατρὸν,

217 2910 319 2963 οὐκ
358 2911 696 2982 ἀνεχόμενος
740 2913 841 2983 τῆς
873 2915 1166 2987 ἀλγηδόνος
1200 2919 1529 2993 ἀπορῤίπτοι
1584 2921 1760 2988 τοῦτο,
1809 2926 1902 2977 καὶ

219 2998 294 3070 μὴ
334 3001 691 3066 καταδέξοιτο
723 3004 820 3074 τὴν
864 3003 923 3070 ἐξ
955 3004 1120 3058 αὐτοῦ
1154 3006 1422 3076 ὠφέλειαν
1443 3048 1459 3072 ,
1490 3009 1663 3073 οὐδεὶς
1693 3011 1760 3065 ἂν
1793 3012 1899 3066 τῶν

215 3081 274 3139 εὖ
305 3089 654 3158 φρονούντων
696 3090 964 3162 μέμφοιτο
1005 3094 1086 3164 τῷ
1123 3095 1293 3166 ἰατρῷ
1331 3096 1410 3167 τῷ
1439 3097 1508 3151 τὰ
1541 3099 1672 3170 παρ’
1704 3101 1897 3154 ἐαυτοῦ

215 3177 400 3231 πάντα
439 3179 814 3247 εἰσαγαγόντι·
846 3180 940 3234 τὸν
973 3181 1134 3236 αὑτὸν
1177 3182 1241 3254 δὴ
1284 3185 1483 3256 τρόπον
1532 3187 1626 3240 καὶ
1666 3189 1898 3243 ἐνταῦθα

214 3263 376 3332 ἡμεῖς
423 3264 528 3334 μὲν
574 3264 638 3317 τὸ
692 3265 984 3337 φάρμακον
1027 3267 1090 3320 τὸ
1125 3267 1235 3322 ἀπὸ
1277 3270 1378 3340 τῆς
1417 3271 1760 3338 διδασκαλίας
1798 3277 1896 3346 τῆς

211 3351 600 3421 πνευματικῆς
634 3353 1147 3419 κατασκευάσαντες
1173 3357 1509 3430 ἐπιτίθεμεν·
1541 3361 1804 3434 ὑμέτερον
1838 3364 1894 3417 δὲ

211 3436 279 3490 ἀν
304 3439 394 3508 εἴη
416 3438 605 3492 λοιπὸν
635 3440 728 3496 καὶ
750 3441 1037 3513 ἀνέχεσθαι
1060 3444 1168 3499 τῶν
1196 3445 1526 3517 ἀλγηδόνων,
1558 3452 1652 3504 καὶ
1676 3453 1776 3521 τῆς
1802 3453 1892 3506 θε-

210 3527 450 3595 ραπείας
493 3526 818 3594 ἀπόνασθαι,
856 3531 948 3583 καὶ
979 3531 1392 3601 ἀπαλλαγέντας
1433 3536 1533 3606 τῆς
1571 3537 1724 3592 νόσου
1756 3540 1891 3611 πρὸς

208 3613 310 3685 τὴν
329 3614 514 3686 ἀληθῆ
541 3616 752 3684 ὑγίειαν
784 3619 1116 3675 ἐπανελθεῖν.
1145 3621 1300 3675 οὕτω
1327 3623 1432 3696 γὰρ
1468 3625 1562 3678 καὶ
1582 3627 1736 3680 αὐτοὶ
1764 3626 1892 3681 πολ-

206 3702 306 3774 λὴν
345 3704 450 3774 τῆς
485 3704 754 3773 ὠφελείας
780 3709 878 3779 τὴν
910 3709 1160 3779 αἴσθησιν
1198 3711 1458 3782 λήψεσθε,
1495 3715 1588 3768 καὶ
1630 3717 1794 3787 ἡμεῖς
1825 3719 1885 3772 οὐ

206 3787 418 3858 μικρὰν
445 3788 640 3873 ἕξομεν
665 3791 764 3860 τὴν
796 3793 1168 3864 παραμυθίαν,
1193 3796 1427 3866 ὁρῶντες
1462 3798 1588 3862 τοὺς
1623 3800 1886 3873 πρότερον

207 3872 538 3941 κάμνοντας,
584 3872 728 3927 οὕτω
759 3876 966 3946 ταχέως
1008 3877 1142 3949 πρὸς
1183 3877 1391 3946 ὑγίειαν
1431 3872 1838 3947 ἐπανελθόντας.

277 3956 556 4022 Ἕκαστος
609 3959 793 4011 τοίνυν
832 3960 1005 4030 ὑμῶν,
1057 3962 1376 4032 παρακαλῶ,
1420 3967 1468 4018 εί
1516 3966 1610 4019 καὶ
1649 3965 1724 4038 μὴ
1762 3969 1886 4039 πρός

203 4055 386 4109 τερον,
432 4040 536 4093 κᾶν
567 4041 699 4109 γοῦν
727 4044 790 4095 ἐκ
823 4042 917 4096 τοῦ
961 4045 1226 4114 παρόντος
1266 4058 1292 4086 ι
1343 4047 1709 4114 σπουδαςὲτω,
1746 4051 1882 4124 ὅπερ

203 4117 342 4174 οἶδεν
388 4123 642 4192 ἐνοχλοῦν
681 4125 829 4196 αὐτῷ
873 4125 1162 4197 ἐλάττωμα
1200 4129 1308 4182 τῶν
1343 4129 1517 4183 ἄλλων
1568 4133 1724 4186 πλέον
1775 4117 1879 4188 παζ

205 4205 331 4269 θῶν,
405 4206 564 4260 τοῦτο
617 4208 902 4278 ἐκτέμνειν
964 4210 1061 4280 τῆς
1119 4209 1318 4281 ψυχῆς,
1371 4213 1465 4266 καὶ
1530 4215 1606 4285 τῷ
1667 4217 1882 4270 εύσεδεῖ

200 4288 472 4360 λογισμῷ.
509 4290 759 4362 καθάπερ
789 4293 1032 4362 μαχαίρᾳ⁸
1064 4295 1172 4346 τινὶ
1199 4301 1540 4370 πνευματικῇ
1574 4297 1875 4372 χρώμενος,

197 4374 374 4436 οὕτως
431 4375 622 4427 ἐαυτὸν
675 4375 770 4428 τοῦ
812 4377 1015 4440 πάθους
1067 4378 1475 4433 ἀπαλλαττέτω.
1525 4383 1734 4438 Δέδωκε
1768 4386 1875 4457 γάρ

193 4459 330 4526 ἡμῖν
366 4458 396 4508 ό
418 4457 552 4520 Θεὸς
587 4458 844 4529 λογισμὸν
874 4460 1167 4530 ἀρκοῦντα,
1194 4461 1289 4514 καὶ
1313 4462 1632 4534 δυνάμενον,
1667 4469 1716 4519 εί
1748 4468 1874 4538 βου-

195 4540 498 4611 ληθείημεν
555 4542 748 4612 μικρὸν
804 4542 1106 4614 διαϐλέψαι,
1167 4544 1399 4597 ἑκάστου
1452 4546 1561 4598 τῶν
1623 4550 1684 4601 ἐν
1737 4553 1873 4620 ἡμῖν

194 4623 536 4693 τικτομένων
563 4624 750 4676 παθῶν
777 4626 1166 4697 περιγίνεσθαι.
1198 4625 1312 4700 [88]
1337 4628 1433 4681 Διά
1467 4627 1624 4682 τοῦτο
1649 4631 1869 4684 καὶτῶν

190 4706 370 4772 ἁγίων
405 4708 538 4776 ἡμῖν
577 4708 830 4761 ἀπάντων
857 4709 993 4772 τοὺς
1018 4710 1164 4779 βίους
1196 4711 1290 4764 καὶ
1331 4711 1429 4781 τὴν
1470 4712 1744 4766 πολιτείαν
1785 4713 1871 4767 διὰ

191 4789 300 4842 τῶν
356 4789 522 4842 θείων
574 4791 804 4861 Γραφῶν
861 4792 1208 4862 ἀνάγραπτον
1261 4795 1643 4848 καταλέλοιπεν
1692 4799 1725 4866 ἡ
1773 4799 1868 4850 τοῦ

193 4873 516 4943 Πνεύματος
551 4875 730 4944 χάρις,
765 4876 849 4928 ἵνα
878 4876 1158 4945 μαθόντες,
1182 4879 1257 4943 ώς
1296 4881 1393 4950 τῆς
1431 4881 1598 4951 αὐτῆς
1627 4884 1757 4952 ἡμῖν
1780 4881 1867 4933 δν-

187 4974 280 5020 τες
329 4957 571 5025 φύσεως,
613 4959 828 5012 ᾶπαντα
868 4961 937 5015 τὰ
975 4963 1072 5033 τῆς
1109 4963 1314 5034 ἀρετῆς
1357 4964 1748 5036 κατώρθωσαν,
1787 4967 1862 5036 μὴ

189 5040 536 5111 ῥᾳθυμῶμεν
568 5044 693 5113 περὶ
719 5044 819 5114 τὴν
843 5043 1047 5115 ταύτης
1079 5047 1358 5117 ἐργασίαν.

254 5126 402 5177 ε’.Ἢ
422 5125 545 5195 οὐχὶ
564 5126 661 5196 τῆς
681 5127 852 5196 αὐτῆς
875 5131 1008 5199 ἡμῖν
1029 5129 1242 5199 φύσεως
1266 5127 1334 5202 ἦν
1363 5135 1392 5184 6
1420 5133 1684 5204 μακάριος
1715 5134 1862 5188 Παῦ-

189 5206 310 5270 λος;
361 5206 690 5278 Ἐκκαίομαι
723 5209 833 5281 γάρ
859 5213 940 5273 είς
970 5212 1061 5265 τὸν
1093 5213 1187 5266 τοῦ
1212 5215 1402 5285 ἀνδρὸς
1432 5215 1614 5280 πόθον,
1650 5219 1743 5270 καὶ
1774 5219 1862 5272 διά

189 5289 348 5344 τοῦτο
383 5291 624 5360 συνεχῶς
659 5293 818 5345 αὐτὸν
847 5296 1224 5366 περιστρέφων
1253 5298 1314 5350 οὐ
1340 5299 1604 5368 παύομαι,
1633 5302 1726 5354 καί⁴
1757 5302 1862 5355 ώσ-

192 5388 293 5443 περ
330 5372 424 5456 ,είς
473 5372 780 5444 ἀρχέτυπον
824 5378 1007 5430 είκόνα
1047 5380 1186 5440 τινὰ.
1225 5383 1304 5444 είς
1341 5381 1437 5456 τὴν
1465 5382 1652 5436 τούτου
1685 5384 1862 5456 ψυχὴν

186 5455 414 5540 ἐνορῶν,
454 5456 829 5540 ἐκπλήττομαι
873 5461 984 5516 τῶν
1019 5462 1207 5516 παθῶν
1253 5454 1357 5534 τὴν
1398 5466 1718 5536 ὑπεροψίαν,
1761 5454 1860 5540 τῆς

185 5536 440 5608 ἀνδρείας
469 5539 565 5608 τὴν
600 5540 922 5613 ύπερδολὴν,
950 5544 1042 5597 τοῦ
1077 5547 1296 5618 φίλτρου
1327 5547 1419 5600 τοῦ
1457 5550 1591 5619 πρὸς
1615 5550 1704 5602 τὸν
1726 5536 1858 5606 Θεδν
1899 5555 1955 5587 ““·ε

186 5620 242 5672 τὸ
265 5621 554 5692 διάπυρον,
597 5623 689 5674 καὶ
722 5623 1022 5697 λογίζομαι,
1051 5629 1130 5681 ὅτι
1159 5631 1338 5682 πᾶσαν
1368 5631 1475 5685 τῶν
1512 5634 1718 5704 ἀρετῶν
1758 5638 1853 5707 τὴν

188 5703 510 5775 συναγωγὴν
566 5701 646 5770 εἷς
688 5707 970 5777 ἅνθρωπος
1026 5711 1304 5784 βουληθεὶς
1353 5701 1700 5788 κατώρθωσε·
1758 5701 1851 5774 καὶ

183 5788 342 5859 ἡμῶν
396 5789 626 5854 ἕκαστος
672 5791 791 5844 οὐδὲ
832 5794 892 5846 τὸ
924 5796 1082 5865 τυχὸν
1123 5799 1416 5869 κατορθοῦν
1461 5801 1724 5871 βούλεται,
1758 5804 1852 5867 Τίς

241 5892 265 5921 ⁸
290 5891 468 5943 Morel.
495 5893 548 5942 ἐκ
569 5892 653 5943 τοῦ
680 5911 770 5959 mp
796 5900 996 5955 λ’ἓὸντος.

2027 544 2140 604 τοῖς
2171 543 2399 600 πάθεσιν
2427 547 2803 618 ὑποκείμενος.
2836 551 2927 604 καὶ
2959 552 3016 604 ἐν
3044 552 3277 624 τοσαύτῃ
3313 555 3521 625 καιρῶν
3566 558 3693 612 δυσ-

2027 629 2183 701 κολίᾳ
2209 633 2226 653 ‘
2256 633 2513 701 γεγονὼς,
2545 637 2665 691 καθ’
2692 638 2927 709 ἑκάστην
2962 640 3194 711 ἡμέραν,
3231 641 3306 706 ώς
3337 644 3528 708 εἰπεῖν,
3552 647 3696 700 ἐλκό-

2030 733 2209 785 μενος,
2252 723 2712 795 σπαραττόμενος,
2737 727 2832 779 καὶ¹
2860 728 3092 798 δημοσίᾳ
3122 729 3417 801 συρόμενος
3450 733 3555 786 ὑπὸ
3585 736 3693 788 τῶν

2025 806 2102 876 τῷ
2145 809 2460 880 κηρύγματι
2500 814 2897 884 πολεμούντων,
2951 817 2999 869 οἳ
3036 818 3128 870 καὶ
3161 820 3478 888 νομίσαντες
3532 824 3692 876 αὐτὸν

2027 893 2284 960 πολλάκις
2310 897 2580 965 τεθνάναι,
2603 900 2722 953 τότε
2752 902 2960 969 λοιπον,
2995 904 3070 966 ώς
3100 906 3178 968 είς
3197 905 3359 977 ἔργον
3392 907 3692 978 ἀγαγόντες

2025 979 2122 1049 τὴν
2154 982 2379 1054 φονικὴν
2403 986 2582 1039 αὐτῶν
2619 987 2862 1059 γνώμην,
2890 989 3032 1042 οὕτω
3065 992 3387 1059 κατέλιπον;
3428 996 3693 1066 Εύρίσκε-

2024 1068 2113 1119 ταί
2142 1085 2226 1132 τις
2262 1071 2419 1140 ἡμῶν
2449 1074 2700 1127 τοσοῦτον
2737 1078 2966 1146 μέγεθος
2995 1079 3194 1150 ἀρετῆς
3229 1081 3686 1153 ἐπιδεικνύμενος,

2023 1153 2195 1218 οὕτως
2233 1157 2726 1226 άναπεπτωκότων,
2771 1164 2865 1216 καὶ
2905 1166 3137 1236 τοσαύτῃ
3183 1168 3425 1240 ῥαθυμίᾳ
3465 1171 3689 1236 ἑαυτοὺς

2023 1241 2394 1297 ἐκδεδωκότων
2417 1262 2430 1310 ;
2470 1247 2611 1300 Ἀλλ’
2643 1249 2728 1303 ἵνα
2754 1249 2828 1321 μὴ
2852 1252 3002 1322 παρὰ
3030 1254 3125 1322 τῆς
3146 1255 3426 1327 ἡμετέρας
3448 1257 3688 1330 γλώττης

2022 1328 2255 1401 ἀκούητε
2301 1332 2370 1385 τά
2400 1334 2550 1404 παρά
2595 1335 2687 1388 τοῦ
2730 1339 2998 1409 μακαρίου
3040 1341 3226 1394 τούτου
3269 1345 3683 1415 κατορθώματα,

2023 1417 2116 1468 καὶ
2165 1418 2262 1487 τὴν
2317 1421 2587 1491 ἀνδρείαν,
2636 1425 2700 1495 ἢν
2757 1426 2896 1497 ὑπὲρ
2948 1428 3040 1481 τοῦ
3073 1429 3098 1469 b
3127 1430 3223 1501 τῆς
3267 1431 3546 1498 εὐσεϐείας
3589 1453 3686 1506 κη-

2025 1503 2298 1573 Ρύγματος
2344 1509 2463 1560 καθ’
2500 1510 2737 1582 ἑκάστην
2777 1513 3136 1581 ἐπεδείκνυτο,
3183 1519 3476 1586 ἀναγκαῖον
3525 1523 3682 1576 αὐτοῦ

2019 1591 2246 1646 ἀκοῦσαι
2269 1593 2535 1663 λέγοντος.
2589 1599 2780 1654 Ἡνίκα
2815 1601 2923 1672 γάρ
2944 1605 3022 1668 είς
3056 1605 3299 1677 ἀνάγκην
3333 1608 3568 1678 κατέστη
3600 1611 3684 1663 διὰ

2018 1678 2116 1746 τὴν
2140 1679 2247 1732 τῶν
2279 1681 2725 1750 ψευδαποστόλων
2759 1688 2976 1757 ἀπάτην
3009 1691 3075 1742 τά
3118 1692 3311 1746 ἑαυτοῦ
3357 1693 3677 1764 διηγεῖσθαι·

2017 1757 2165 1844 οἱξτωΔ
2187 1761 2293 1834 γὰρ
2320 1759 2387 1834 ἦν
2418 1766 2564 1837 αύτῷ
2593 1767 2748 1821 τοῦτο
2777 1769 2912 1842 βαρὺ
2941 1771 3033 1824 καὶ
3054 1775 3307 1844 ἐπαχθὲς,
3336 1775 3412 1840 ὡς
3431 1757 3534 1830 ’καὶ
3555 1778 3680 1830 ἀνα-

2015 1839 2255 1907 δύεσθαι,
2289 1848 2381 1898 καὶ
2405 1848 2671 1918 μηδέποτε
2702 1839 2984 1920 βούλεσθαι
3010 1839 3195 1909 ταῦτα⁷
3213 1859 3290 1921 είς
3319 1839 3482 1927 μέσον
3506 1859 3678 1928 ἄγειν,

2015 1923 2149 1978 ἀλλά
2171 1928 2265 1981 καὶ
2287 1929 2490 2001 τολμᾷν
2517 1933 2704 1987 ἐαυτὸν
2736 1935 2918 1989 καλεῖν
2948 1937 3284 2009 βλάσφημον,
3310 1923 3401 1993 καὶ
3424 1923 3674 2012 διώκτην·

2016 2010 2199 2085 ἐπειδὴ
2233 2015 2288 2069 δὲ
2327 2017 2525 2090 πολλὴν
2554 2017 2657 2074 εἶδε
2683 2022 2778 2092 τὴν
2809 2025 3072 2096 ἀνάγκην,
3097 2028 3238 2099 ὑπὲρ
3259 2031 3349 2082 τοῦ
3377 2041 3398 2067 ο
3436 2010 3678 2102 ἀπορρά-

2013 2097 2112 2168 ψαι
2138 2102 2206 2154 τὰ
2236 2105 2479 2176 στόματα
2512 2107 2984 2179 τῶνάπατεώνων,
3011 2116 3103 2167 καὶ
3131 2115 3332 2187 μικρὰν
3363 2117 3549 2172 δοῦναι
3580 2119 3677 2190 τὴν

2015 2188 2341 2278 παραψυχὴν
2361 2197 2470 2257 τοῖς
2497 2197 2971 2270 μαθητευομένοις,
3001 2202 3142 2256 οὕτω
3171 2221 3288 2267 πως
3311 2205 3510 2278 ἤρξατο
3539 2188 3677 2277 μετ-ά

2010 2273 2071 2362 τὸ
2123 2276 2292 2330 πολλά
2345 2280 2504 2352 ἕτερα
2554 2285 2745 2338 είπεῖν·
2789 2289 2892 2341 Ἑν
2921 2283 2969 2355 ᾧ
2997 2289 3050 2343 δ’
3083 2291 3162 2343 ἄν
3207 2309 3295 2357 τις
3333 2273 3552 2362 τολμᾷ,
3605 2295 3674 2348 ἐν

2011 2361 2326 2450 ἀφροσύνῃ
2373 2368 2548 2438 λέγω,
2588 2371 2786 2442 τολμῶ
2824 2375 3002 2444 κάγώ.
3047 2375 3247 2430 Σκόπει
3297 2361 3476 2450 ψυχὴν
3520 2380 3671 2448 φιλό-

2011 2446 2152 2538 θεον,
2186 2452 2440 2526 οὺ-μόνον
2465 2457 2688 2527 τόλμαν,
2715 2460 2851 2514 ἀλλά
2879 2462 2974 2514 καὶ
3009 2446 3320 2535 ἀφροσύνην
3357 2446 3672 2538 Ῠπράγμα

2010 2536 2180 2602 καλεῖ,
2209 2539 2476 2594 παιδεύων
2500 2545 2646 2613 ἡμᾶς
2674 2548 2882 2616 μήποτε
2907 2549 3091 2614 ἁπλῶς
3123 2552 3248 2604 ἄνευ
3282 2553 3546 2624 ἀνάγκης,
3579 2555 3671 2607 καὶ

2011 2622 2235 2694 μηδενὸς
2292 2631 2816 2697 καταναγκάζοντος,
2865 2634 2932 2687 τά
2982 2637 3068 2704 ὑφ’
3109 2637 3266 2707 ἡμῶν
3333 2622 3670 2710 γεγενημένα

2007 2710 2399 2781 ἐκπομπεύειν,
2435 2718 2489 2770 εῐ
2517 2718 2580 2786 γέ
2600 2737 2743 2783 τινες
2781 2721 2840 2787 ἐξ
2869 2722 3026 2792 ἡμῶν
3059 2726 3331 2796 εὑρεθεῖεν
3374 2730 3576 2797 ἀγαθόν
3617 2749 3670 2783 τι

2006 2798 2389 2869 ἐργασάμενοι.
2433 2805 2534 2859 Ἐν
2563 2799 2612 2871 ᾦ
2635 2808 2690 2861 δ’
2713 2808 2792 2861 ἄν
2824 2827 2912 2876 τις
2942 2813 3152 2880 τολμᾷ.
3183 2816 3367 2886 φησὶν,
3397 2819 3467 2870 ἐν
3487 2818 3667 2885 ἀφρο·

2004 2887 2163 2954 σύνῃ
2195 2888 2366 2957 λέγω,
2407 2894 2604 2963 τολμῶ
2634 2897 2812 2965 κάγώ·
2843 2899 2986 2952 τοῦτ’
3017 2901 3184 2965 ἔστιν,
3239 2905 3423 2974 ἐπειδὴ
3470 2906 3667 2977 πολλὴν

2002 2974 2112 3045 ὁρῶ
2147 2976 2243 3046 τὴν
2279 2978 2545 3049 ἀνάγκην,
2576 2984 2844 3054 τολμῆσαι
2887 2986 3165 3059 βούλομαι,
3219 2991 3311 3044 καὶ
3357 2974 3667 3066 ἀφροσύνης

2000 3061 2160 3130 ἔργον
2197 3065 2587 3134 ἐπιδείξασθαι.
2635 3073 2884 3140 Ἐϐραῖοί
2910 3077 3048 3138 είσι,
3083 3077 3261 3146 κάγώ·
3302 3061 3668 3149 Ἰσραηλῖται

1997 3150 2138 3213 εἱσι,
2183 3151 2362 3222 κάγώ·
2410 3154 2647 3226 σπέρμα
2687 3161 2931 3230 Ἁϐραάμ
2973 3165 3112 3225 εἰσι,
3152 3165 3325 3231 κάγώ.
3371 3166 3496 3220 Ἐπὶ
3541 3169 3663 3222 τού-

1997 3253 2129 3300 τοις,
2163 3241 2313 3310 φησὶ,
2350 3242 2492 3312 μέγα
2524 3246 2777 3316 φρονοῦσι
2806 3266 2820 3280 ·
2862 3251 2935 3320 μὴ
2985 3252 3352 3321 νομιζέτωσαν
3384 3254 3662 3311 λείπεσθαι

1997 3325 2178 3416 ἡμᾶς·
2215 3328 2305 3382 καὶ
2339 3329 2446 3402 γὰρ
2486 3333 2579 3386 καὶ
2626 3336 2786 3405 ἡμεῖς
2824 3338 2932 3391 τών
2969 3338 3147 3393 αὐτῶν
3186 3341 3503 3413 μετέχομεν.
3547 3343 3656 3416 I89]

1996 3408 2433 3502 EItaAénﬁyaye,
2464 3420 2732 3476 Διάκονοι
2771 3425 3028 3494 Χριστοῦ
3075 3408 3213 3495 εἱσι,

1990 3500 2180 3567 λαλῶ,
2210 3505 2361 3573 ὑπὲρ
2389 3506 2521 3576 ἐγώ.

2063 3595 2136 3652 ς’.
2153 3589 2262 3644 Θέα
2287 3609 2376 3661 μοι
2395 3594 2645 3660 ἐνταῦθα,
2665 3599 2933 3670 άγαπητέ,
2947 3599 3043 3654 τοῦ
3063 3605 3333 3674 μακαρίου
3353 3606 3544 3661 τούτου
3558 3609 3654 3678 τῆς

1988 3673 2166 3748 ψυχῆς
2189 3681 2288 3749 τὴν
2305 3682 2529 3754 ἀρετήν.
2569 3686 2785 3757 Ἐπειδὴ
2813 3689 2920 3758 γάρ
2947 3690 3039 3742 καὶ
3064 3673 3266 3761 τόλμαν
3289 3695 3383 3746 καὶ
3414 3673 3652 3765 ἀφροσύ-

1988 3780 2084 3834 νην
2112 3766 2336 3820 ὲκάλεσε
2361 3769 2421 3822 τὸ
2447 3774 2810 3843 γεγενημένον
2841 3775 2932 3828 ὑπ’
2956 3776 3140 3841 αὐτοῦ,
3166 3779 3338 3833 καίτοι
3360 3782 3441 3844 είς
3462 3783 3652 3835 τοσαύ-

1985 3868 2084 3921 την
2106 3853 2347 3925 ἀνάγκην
2370 3859 2661 3924 καταστάς,
2687 3861 2806 3914 οὐδὲ
2835 3863 3006 3928 οὕτως
3032 3866 3274 3936 ἠρκέσθη
3303 3871 3413 3932 τοῖς
3434 3871 3651 3940 εἰρημέ-

1985 3957 2116 4003 νοις·
2147 3942 2260 3995 ἀλλ’
2289 3945 2377 3998 ὅτε
2400 3945 2622 4016 ἔμελλεν
2655 3950 2846 4004 ἑαυτὸν
2867 3951 3140 4005 δεικνύναι
3166 3954 3343 4026 πολλῷ
3366 3957 3444 4026 τῷ
3467 3957 3648 4029 μέτρῳ

1983 4027 2222 4092 ἐκείνους
2255 4031 2761 4102 ύπερακοντίζοντα,
2806 4038 2891 4090 ἴνα
2935 4041 3007 4110 μή
3043 4057 3127 4105 τις
3162 4043 3356 4116 νομίσῃ
3395 4044 3504 4097 ἀπὸ
3533 4027 3650 4111 φιλέ

1982 4117 2174 4180 αυτίας
2198 4118 2359 4173 αὐτὸν
2383 4121 2554 4202 ταῦτα
2585 4124 2936 4193 φθέγγεσθαι,
2969 4127 3130 4181 πάλιν
3158 4129 3467 4202 ἀφροσύνην
3495 4133 3648 4185 καλεῖ

1981 4202 2040 4256 τὸ
2070 4203 2095 4244 ἀ
2135 4208 2267 4291 παρ’
2295 4200 2458 4261 αὑτοῦ
2496 4210 2804 4281 λεγόμενον,
2848 4215 3127 4286 μονονουχὶ
3168 4216 3357 4286 λέγων·
3409 4200 3485 4290 μὴ
3544 4222 3644 4291 γὰρ

1978 4291 2078 4344 οὐκ
2105 4289 2243 4354 οἶδα,
2273 4295 2354 4347 ὅτι
2377 4297 2610 4367 πρᾶγμα
2651 4299 2788 4351 ποιῶ
2812 4302 2924 4364 τοῖς
2956 4303 3169 4366 πολλοῖς
3192 4306 3640 4377 προσιστάμενον,

1979 4377 2072 4430 καὶ
2101 4378 2199 4431 οὐκ
2230 4380 2354 4450 ἐμοὶ
2378 4383 2616 4452 πρέπονς
2649 4385 2763 4437 ἀλλ’
2788 4389 2820 4456 ἡ
2849 4387 3016 4460 πολλή
3058 4407 3125 4460 με
3147 4392 3360 4462 ἀνάγκη
3385 4395 3463 4457 είς
3487 4395 3644 4449 τοῦτο

1980 4464 2336 4535 συνωθήσασα
2369 4470 2699 4533 ἐκϐιάζεται·
2733 4472 2812 4525 διὸ
2835 4475 3109 4544 σύγγνωτέ
3139 4495 3248 4548 μοι,
3281 4481 3433 4550 φησὶ,
3469 4499 3642 4554 παρα-

1977 4550 2248 4622 φροσύνης
2283 4554 2504 4625 ῥήματα
2549 4557 2920 4630 φθεγγομένῳ.
2955 4563 3156 4616 Τούτου
3201 4564 3304 4618 κᾶν
3343 4568 3443 4636 τὴν
3484 4550 3639 4623 σκίἀν

1979 4638 2346 4708 μιμησώμεθα
2395 4644 2555 4713 ἡμεῖς
2599 4648 2646 4698 οί
2689 4646 2924 4701 τοσαῦτα
2975 4651 3172 4721 φορτία
3226 4653 3638 4726 ἁμαρτημάτων

1973 4723 2186 4794 ἔχοντες
2237 4728 2575 4800 ἐπικείμενα,
2633 4734 2726 4787 καὶ
2783 4736 3041 4801 πολλάκις
3093 4739 3150 4792 ἐν
3201 4757 3248 4792 τι
3293 4723 3466 4812 βραχύ
3510 4763 3635 4797 κατ-

1971 4813 2276 4882 ορθοῦντες,
2319 4818 2413 4870 καὶ
2449 4820 2569 4872 οὐδὲ
2601 4819 2758 4876 τοῦτο
2799 4826 2877 4886 είς
2913 4825 2981 4878 τά
3017 4817 3237 4897 ταμιεῖα
3274 4829 3372 4896 τῆς
3405 4829 3633 4894 διανοίας

1970 4900 2258 4967 φυλάττειν
2283 4905 2616 4976 ἀνεχόμενοι,
2647 4909 2782 4962 ἀλλά
2810 4912 2897 4963 διά
2918 4911 2978 4963 τὸ
2993 4911 3090 4980 τὴν
3124 4913 3272 4983 παρά
3300 4915 3408 4967 τῶν
3429 4916 3634 4988 ἀνθρώ-

1971 5003 2090 5040 πων
2116 4989 2385 5061 θηρᾶσθαι
2410 4994 2566 5060 δόξαν
2598 4997 3056 5068 ἐκπομπεύοντες,
3094 5000 3186 5052 καὶ
3211 5001 3289 5062 είς
3314 5002 3474 5070 μέσον
3504 5023 3632 5076 προ-

1967 5075 2227 5140 τιθέντες,
2253 5081 2346 5132 καὶ
2371 5081 2456 5133 διὰ
2495 5083 2595 5152 τῆς
2627 5085 2853 5153 ἀκαίρου
2886 5085 3086 5149 ταύτης
3117 5086 3380 5159 φλυαρίας
3407 5093 3503 5162 τῆς
3531 5075 3631 5145 παο

1971 5163 2038 5234 ρὰ
2063 5164 2156 5217 τοῦ
2179 5165 2312 5218 Θεοῦ
2333 5167 2561 5239 ἀμοιϐῆς
2584 5171 2808 5235 ἐαυτοὺς
2831 5173 3276 5243 ἀποστεροῦντες.
3320 5177 3456 5230 Ἀλλ’
3486 5181 3580 5249 οὐχ
3603 5185 3630 5234 ό

1970 5254 2237 5322 μακάριος
2271 5248 2427 5317 οὗτος
2457 5257 2697 5310 τοιοῦτόν
2725 5277 2777 5312 τι
2804 5261 3087 5314 πέπονθεν.
3126 5261 3284 5318 Ἀλλά
3303 5266 3356 5318 τί
3381 5283 3395 5331 ;
3430 5269 3628 5321 Διὰκοο

1967 5357 2055 5392 rm
2077 5343 2333 5409 Χριστοῦ
2346 5346 2463 5397 είσι
2481 5356 2523 5407 ο,
2549 5346 2702 5416 φησὶ,
2727 5351 3310 5423 παραφρονῶν-λέγώ,
3327 5354 3478 5423 ὑπὲρ
3494 5357 3623 5424 ἐγώ·

1963 5422 2078 5480 εἷτα
2104 5427 2290 5482 λοιπον
2315 5431 2564 5484 ἐντεῦθεν
2589 5435 2771 5488 ἐκεῖνα
2810 5439 2888 5500 είς
2917 5438 3080 5508 μέσον
3112 5440 3256 5508 ἄγει,
3291 5436 3365 5496 ὧν
3385 5444 3433 5508 οἱ
3461 5444 3623 5513 ψευδ-

1962 5516 2246 5568 απόστολοι
2277 5519 2430 5572 οὐδὲν
2475 5516 2615 5591 ἦσαν
2653 5523 3093 5593 ἐπιδεδειγμένοι.
3146 5528 3268 5592 Ηώς
3303 5530 3406 5601 γάρ
3435 5533 3483 5583 οἱ
3533 5535 3621 5584 καὶ

1961 5606 2024 5674 τῇ
2055 5604 2280 5677 ἀληθείᾳ
2304 5607 2685 5679 πολεμοῦντες,
2720 5614 2856 5682 πρὸς
2883 5613 2943 5666 τὺ
2976 5616 3263 5685 ἐμποδίσαι
3309 5618 3385 5688 τῷ
3413 5620 3619 5690 κηρύγ-

2022 5724 2049 5795 13
2198 5727 2479 5795 a‘lii_pra=.l_er
2498 5729 2626 5795 _M0r.
2651 5733 2734 5792 qui
2760 5731 2907 5795 habet
2929 5735 3034 5795 περὶ
3060 5733 3162 5784 τοῦ.

2026 5786 2049 5858 °_
2076 5786 2314 5858 ἕλιξί-,ὑπὲξ
2347 5791 2471 5858 τοῦ.-
2496 5786 2800 5858 Paulo-pos!
2828 5786 3001 5858 Morel:
3049 5797 3165 5855 μετὰ
3189 5797 3244 5842 τά
3287 5797 3437 5858 πολλὰ
3460 5797 3591 5858 ἔτερα

2027 5846 2050 5884 d
2072 5849 2268 5920 (ξρίςιίμ.
2289 5836 2718 5920 ῥφρὸὶτύνὴῖιᾶλεῗ
2731 5836 2811 5903 16'.
2828 5836 3003 5919 ’Ᾰίἰσίίὶί
3030 5836 3389 5920 π’ἷρξφρξδονῆἐᾷ
3413 5836 3611 5906 ιὶεὶιὶὗῗιὶἶ

2033 5920 2054 5949 ⁸
2083 5909 2255 5962 Morel.
2286 5909 2492 5964 διάκονοι
2515 5909 2598 5978 γάρ
2621 5917 2727 5966 εἶσι.
