3752 6250
148 269 212 324 97
923 264 979 319 S.
1020 259 1306 317 JUAN‘NIS
1342 255 1831 314 CHRYSOSTUMI
1871 252 2186 310 ARCIIIEP.
2231 247 2776 307 COXSTANTINOP.
3515 247 3584 302 98

150 406 278 458 ματι
333 387 429 457 τῆς
485 382 763 444 εὐσεϐείας
818 379 992 434 πάντα
1025 377 1498 450 διαπραττόμενοι,
1554 373 1648 427 καὶ
1705 371 1812 424 τῶν
1843 419 1881 436 ,,
1922 370 2166 439 γλῶτταν
2191 367 2525 440 παρεσύρην.
2545 366 2634 420 Διὸ
2662 367 2819 438 μέχρι
2844 363 3033 417 τούτου
3060 363 3262 435 στήσας
3290 361 3383 416 τὸν
3407 361 3584 429 λόγον,

146 474 522 544 ἁφελεστέρων
550 470 648 534 τὰς
671 468 906 532 διανοίας
949 464 1448 538 παρασαλεύοντες;
1487 460 1669 514 Εἰπὼν
1697 458 1800 512 τοί.

145 584 259 624 νυν,
303 561 472 630 Ὑπὲρ
500 559 634 629 ἐγὼ,
665 556 1053 628 ἀπαριθμεῖται
1088 553 1272 606 λοιπὸν
1319 551 1388 604 τὰ
1417 551 1514 620 τῆς
1565 547 1813 621 ἀνδρείας

145 651 308 707 αὑτοῦ
333 646 750 718 κατορθώματα,
785 642 878 696 καί
903 657 1100 712 φησιν·
1147 642 1248 695 Ἐν
1283 639 1492 703 κόποις
1531 651 1814 702 περισσο-

146 741 356 806 τέρως,
403 736 472 788 ἐν
526 731 785 800 πληγαῖς
836 729 1354 796 ὑπερϐαλλόντως.
1405 725 1475 777 ἐν
1536 721 1813 788 θανάτοις

147 823 461 887 πολλάκις.
495 819 560 873 Τί
587 819 799 887 λέγεις;
840 816 1000 869 Ξένον
1048 833 1098 868 τι
1129 816 1222 867 καὶ
1257 811 1560 884 παράδοξόν
1597 812 1713 862 ἐστι
1755 809 1814 862 τὸ

147 911 297 982 παρὰ
323 911 415 963 σοῦ
441 908 755 977 λεγόμενον.
788 905 945 956 Ἔστι
969 903 1077 972 γὰρ
1119 901 1380 963 πολλάκις
1414 898 1643 952 θάνατον
1679 897 1813 948 ὑπο-

150 1003 329 1070 μεῖναι
349 1015 363 1060 ;
385 998 510 1059 Ναὶ,
533 995 716 1065 φησὶν,
735 995 782 1047 εἰ
813 991 907 1045 καὶ
931 991 1004 1062 μὴ
1022 993 1087 1061 τῇ
1128 988 1314 1060 πείρᾳ,
1343 986 1477 1040 ἀλλά
1495 988 1560 1056 τῇ
1585 983 1779 1054 γνώμῃ
1796 998 1810 1012 ⁸

145 1089 410 1141 διδάσκων
438 1086 606 1155 ἡμᾶς,
639 1084 718 1136 ὅτι
747 1080 1006 1142 τοιούτοις
1027 1075 1289 1147 διηνεκῶς
1324 1074 1519 1127 ἐαυτὸν
1551 1071 1816 1135 κινδύνοις

145 1175 375 1241 ἐξεδίδου
403 1172 490 1226 διὰ
511 1171 571 1223 τὸ
601 1173 860 1242 κήρυγμα
891 1168 1003 1228 τοῖς
1034 1165 1261 1218 θάνατον
1315 1160 1466 1231 αὐτῷ
1516 1160 1814 1221 τίκτουσιν,

145 1262 261 1316 ἀλλ’
288 1263 320 1331 ή
351 1260 444 1312 τοῦ
473 1256 608 1311 Θεοῦ
639 1256 800 1326 χάρις
852 1256 910 1307 ἐν
939 1253 1120 1314 αὑτοῖς
1182 1251 1367 1321 μέσοις
1408 1250 1520 1311 τοῖς
1552 1244 1815 1308 κινδύνοις

146 1354 236 1405 τὸν
274 1348 511 1419 ἀθλητὴν
552 1344 924 1414 διεφύλαττεν,
987 1341 1128 1395 ῶστε
1186 1341 1296 1400 τοῖς
1349 1334 1816 1408 μαθητευομένοις

147 1438 349 1508 πολλὴν
389 1435 635 1505 γίνεσθαι
674 1431 816 1503 παρ’
849 1427 1012 1482 αὑτοῦ
1040 1427 1135 1497 τὴν
1167 1425 1454 1494 ὠφέλειαν.
1514 1425 1616 1476 Ἐν
1646 1421 1816 1476 θανά-

147 1545 294 1589 τοις,
320 1525 474 1596 φησὶ,
518 1518 809 1584 πολλάκις
832 1535 844 1546 ³
878 1515 999 1572 ὑπὸ
1038 1513 1343 1570 Ἰουδαίων
1373 1509 1656 1576 πεντάκις
1683 1525 1817 1562 τεσ-

149 1633 249 1679 σαι
267 1595 493 1666 ἄκοντα
540 1606 700 1676 παρὰ
746 1605 896 1675 μίαν
938 1602 1186 1664 ἔλαϐον,
1227 1600 1356 1667 τρὶς
1398 1595 1814 1666 ἐρῤαϐδίσθην,

149 1702 312 1766 ἅπαξ
335 1697 684 1763 ἐλιθάσθην,
733 1694 857 1762 τρὶς
901 1691 1282 1760 ἐναυάγησα,
1339 1687 1718 1757 νυχθήμερον
1749 1687 1818 1740 ἐν

151 1791 230 1858 τῷ
252 1787 422 1854 ,ϐυθῷ
455 1785 772 1850 πεποίηκα,
792 1781 1155 1848 ὁδοιπορίαις
1172 1775 1488 1842 πολλάκις,
1516 1775 1818 1840 κινδύνοις

151 1875 454 1946 ⁴ποταμῶν,
498 1871 804 1936 κινδύνοις
830 1866 1096 1936 λῃστῶν,
1127 1865 1432 1931 κινδύνοις
1470 1864 1538 1917 ἐκ
1583 1864 1816 1934 γένους,

152 1965 455 2029 κινδύνοις
493 1960 555 2026 ἐξ
610 1959 832 2022 ἐθνῶν,
879 1956 1183 2021 κινδύνοις
1235 1954 1308 2007 ἐν
1342 1951 1816 2022 ψευδαδέλφοις,

154 2053 459 2118 κινδύνοις
479 2052 549 2103 ἐν
576 2050 850 2111 πόλεσιν,
885 2044 1186 2108 κινδύνοις
1212 2042 1281 2094 ἐν
1331 2040 1541 2110 ἐρημίᾳ
1564 2081 1579 2105 ,
1623 2039 1821 2093 κινδύ-

153 2163 283 2211 νοις
311 2144 379 2197 ἐν
402 2138 706 2206 θαλάσσῃ.
737 2135 830 2206 Μὴ
881 2133 1068 2195 ἀπλῶς
1118 2131 1573 2203 παρατρέχωμεν,
1609 2131 1819 2200 ἀγαπη-

153 2236 256 2293 τοὶ.
283 2231 351 2286 τὰ
375 2225 670 2299 εἰρημένα·
697 2225 927 2277 ἕκαστον
954 2220 1062 2292 γὰρ
1095 2220 1297 2273 τούτων
1323 2218 1442 2272 καθ’
1469 2217 1628 2270 ἑαυτὸ
1664 2218 1821 2288 μόνον

155 2317 388 2383 πέλαγος
423 2314 555 2382 ἡμῖν
582 2306 927 2362 ὑποδείκνυσι
957 2303 1298 2376 πειρασμῶν.
1334 2303 1466 2356 Οὑδέ
1495 2302 1601 2374 γὰρ
1638 2301 1822 2365 ἁπλῶς

154 2395 458 2470 ὁδοιπορίαν
490 2391 617 2464 μίαν
643 2386 830 2442 εἶπενο
888 2386 986 2441 ἀλλ
1001 2388 1034 2450 ’,
1071 2385 1450 2470 ὐδοιπορίαις,
1498 2385 1651 2455 φησὶ,
1694 2385 1819 2437 πολ.

154 2481 312 2543 λάκις
330 2467 348 2509 ·’
383 2477 503 2530 ούδέ
533 2473 772 2528 κίνδυνον
805 2469 1086 2541 ποταμῶν,
1107 2468 1240 2522 ἀλλὰ
1271 2468 1496 2531 πολλοὺς
1518 2467 1612 2520 καὶ
1637 2467 1822 2537 διαφό-

158 2580 284 2636 ρους
309 2560 609 2621 κινδύνους,
655 2555 750 2609 καὶ
780 2554 960 2608 πάντα
990 2553 1126 2623 μετὰ
1168 2551 1367 2621 πολλῆς
1393 2552 1492 2621 τῆς
1519 2550 1824 2622 ὑπερϐολῆς

157 2632 434 2715 ὑπέμεινε.
465 2640 575 2693 Καὶ
606 2636 746 2710 μετά
783 2635 956 2690 ταῦτα
1003 2634 1116 2707 190]
1152 2635 1367 2690 ἅπαντα
1403 2633 1562 2686 πάλιν
1597 2632 1818 2715 φησίν·

167 2714 274 2778 Ἐν
295 2727 459 2789 κόπῳ
493 2721 592 2776 καί
643 2720 870 2791 μόχθῳ,
896 2719 968 2771 ἐν
1005 2719 1364 2787 ἀγρυπνίαις
1407 2714 1722 2780 πολλάκις,
1755 2714 1825 2767 ἐν

153 2812 304 2883 λιμῷ
329 2813 424 2866 καὶ
467 2810 650 2878 δίψει,
693 2807 764 2861 ἐν
796 2806 1106 2873 νηστείαις
1150 2803 1451 2867 πολλάκις
1473 2841 1488 2863 ,
1522 2803 1592 2856 ἐν
1641 2804 1824 2872 ψύχει

155 2897 254 2956 καί
283 2895 623 2967 γυμνότητι,
649 2889 830 2962 χωρὶς
858 2889 976 2942 τῶν
998 2888 1311 2955 παρεκτός.

226 2981 290 3046 ζ’.
316 2980 460 3050 Ὅρα
486 2976 646 3030 πάλιν
676 2974 802 3028 ἄλλο
829 2973 1062 3040 πέλαγος
1096 2973 1229 3041 ἡμῖν
1261 2967 1582 3050 πειρασμῶν
1611 2967 1824 3037 ἀνοιγό-

159 3078 336 3132 μενον.
368 3049 550 3114 Εἰπὼν
577 3057 704 3128 γὰρ.
728 3057 910 3128 Χωρὶς
934 3053 1041 3107 τῶν
1069 3052 1360 3124 παρεκτὸς,
1393 3049 1611 3122 ᾐνίξατο
1643 3051 1724 3103 ὅτι
1756 3051 1824 3104 τά

156 3143 600 3216 παραλειφθέντα
630 3139 851 3196 πλείονα
875 3137 1020 3200 εἰκὸς
1053 3133 1192 3189 εἶναι
1220 3135 1329 3188 τῶν
1359 3135 1684 3204 εἰρημένων.
1715 3134 1824 3186 Καὶ

156 3230 278 3284 οὑδὲ
307 3228 468 3298 μέχρι
495 3224 685 3283 τούτου
712 3222 864 3293 ἔστη,
903 3221 1038 3274 ἀλλά
1067 3220 1226 3274 πάλιν
1274 3220 1415 3289 ἡμᾶς
1446 3217 1683 3270 διδάσκει
1725 3216 1824 3279 τὰς

157 3315 562 3377 ἐπισυστάσεις,
588 3311 681 3364 καὶ
709 3310 807 3374 τὰς
861 3307 1166 3380 συστροφὰς
1206 3306 1270 3370 ἃς
1322 3305 1636 3375 ὑπέμεινεν,
1681 3303 1825 3356 οὑτω

155 3401 330 3469 λέγων
357 3416 370 3430 ⁸
418 3401 479 3454 Ἠ
509 3394 918 3460 ἐπισύστασίς
947 3407 1065 3462 μου
1116 3391 1154 3459 ἡ
1214 3389 1342 3444 καθ’
1378 3387 1624 3456 ἡμέραν,
1658 3387 1697 3455 ἡ
1722 3386 1826 3456 μέ-

149 3503 335 3559 ριμνα
363 3483 578 3540 πασῶν
597 3483 715 3538 τῶν
761 3477 1152 3548 Ἑκκλησιῶν.
1198 3477 1328 3530 Ἰδοὺ
1359 3477 1520 3530 πάλιν
1548 3475 1642 3528 καὶ
1667 3473 1825 3527 τοῦτο

160 3577 342 3632 ἰκανὸν
374 3571 727 3644 κατόρθωμα,
755 3571 804 3622 εἰ
837 3569 931 3622 καὶ
975 3567 1134 3638 μόνον
1191 3564 1469 3635 τυγχάνει,
1522 3564 1602 3626 εἰς
1655 3561 1824 3632 αὑτὴν

158 3665 320 3728 αὑτὸν
346 3662 641 3730 ἐναγαγεῖν
704 3657 805 3729 τήν
838 3658 1014 3727 ἄκραν
1063 3653 1306 3724 κορυφὴν
1334 3651 1432 3722 τῆς
1477 3651 1706 3721 ἀρετῆς·
1760 3650 1826 3705 ’11

151 3753 428 3824 μέριμνα,
459 3748 612 3818 φησὶ,
646 3745 860 3800 πασῶν
889 3742 1006 3801 τῶν
1063 3739 1457 3808 Ἐκκλησιῶν,
1499 3739 1618 3809 οὐχὶ
1675 3739 1822 3808 μιᾶς,

156 3839 386 3902 καὶδύο,
413 3839 506 3892 καὶ
525 3834 714 3906 τριῶν,
750 3830 886 3886 ἀλλὰ
914 3830 1103 3883 πασῶν
1136 3828 1244 3881 τῶν
1277 3827 1420 3882 κατά
1441 3827 1538 3897 τὴν
1569 3826 1822 3896 οἰκουμέ-

155 3945 274 3998 νην.
310 3927 482 3995 ’Όσην
512 3922 621 3993 γὰρ
641 3922 789 3991 ῆλιος
809 3917 1082 3988 διατρέχει
1113 3916 1214 3986 γῆν
1246 3915 1343 3977 τὰς
1369 3915 1573 3976 οἰκείας
1603 3914 1825 3975 ἀκτῖνας

155 4015 356 4084 ἀφιεὶς,
373 4009 641 4079 τοσαύτην
668 4007 763 4062 καὶ
781 4009 808 4060 0
832 4006 1099 4076 μακάριος
1121 4000 1275 4066 οὗτος
1297 4001 1410 4073 εἶχε
1434 4001 1532 4073 τὴν
1555 4001 1824 4072 μέριμναν

158 4103 251 4156 καὶ
281 4101 379 4169 τὴν
427 4095 705 4168 φροντίδα.
741 4089 896 4156 Εἶδες
929 4091 1130 4153 πλάτος
1163 4089 1370 4160 ψυχῆς-ς
1401 4084 1542 4150 εἶδες
1593 4087 1824 4149 διανοίας

161 4187 416 4262 μέγεθοςς
442 4185 550 4238 Καὶ
581 4183 640 4235 τὸ
671 4180 795 4250 ἑξῆς
826 4179 882 4233 δὲ
911 4177 1249 4248 ἐπαγόμενον
1289 4175 1449 4230 πάλιν
1485 4176 1721 4237 ᾶπαντα,
1751 4174 1824 4238 ὡς

157 4261 564 4339 εἰπείνητὰείρη
574 4267 708 4338 μένα
727 4263 1126 4336 ἀποκρύπτειι.
1150 4263 1241 4328 Τίς
1264 4263 1372 4331 γὰρ
1391 4261 1649 4325 ἀσθενεῖ,
1671 4263 1822 4332 φησὶν

158 4362 255 4420 καὶ
304 4363 414 4413 οὐκ
477 4354 758 4418 ἀσθενῶς
823 4353 914 4418 τίς
983 4349 1473 4414 σκανδαλίζεται,
1547 4349 1645 4403 καί
1715 4351 1826 4404 οὐκ

155 4449 270 4518 ἐγὼ
319 4445 616 4514 πυροῦμαι
631 4460 649 4508 ;
710 4440 920 4504 Βαϐαῖ,
966 4439 1106 4510 πόση
1159 4438 1254 4498 τοῦ
1307 4437 1501 4509 ἀνδρὸς
1555 4436 1745 4491 τούτου
1793 4439 1826 4508 ή

159 4533 505 4606 φιλοστοργία
523 4547 537 4562 ο
565 4530 707 4598 πόση
756 4529 790 4598 ἡ
835 4526 1110 4598 ἀγρυπνία
1129 4543 1142 4556 ο
1173 4527 1369 4596 πόσηὴ
1397 4525 1657 4597 μέριμνα,
1694 4526 1828 4579 Ποία

159 4626 342 4695 μήτηρ
361 4621 503 4674 οὑτω
529 4617 880 4675 διακόπτεται
907 4613 974 4666 τά
1008 4612 1287 4682 σπλάγχνα
1313 4613 1407 4666 τοῦ
1447 4611 1634 4676 παιδὸς
1659 4613 1828 4683 αὐτῆς

158 4709 534 4781 πυρέττοντος,
571 4705 668 4758 καὶ
689 4703 781 4766 ἐπὶ
804 4703 903 4773 τῆς
926 4701 1113 4771 κλίνης
1151 4701 1426 4772 κειμένου,
1457 4700 1534 4763 ὡς
1583 4702 1612 4753 0
1649 4701 1828 4771 μακά-

159 4815 270 4874 ριος
309 4788 463 4858 οὗτος
489 4793 628 4861 ὑπὲρ
652 4790 760 4853 τῶν
787 4792 844 4843 ἐν
872 4789 1086 4872 ἑκάστῳ
1113 4789 1263 4859 τόπῳ
1291 4788 1661 4842 ἀσθενούντων
1691 4789 1828 4858 μᾶλ-

155 4871 245 4937 λον
275 4878 514 4949 ἠσθένει,
551 4873 647 4939 καὶ
671 4873 814 4942 ὑπὲρ
835 4871 944 4925 τῶν
980 4871 1479 4940 σκανδαλιζομένων
1511 4871 1779 4942 ἐπυροῦτο
1810 4889 1824 4936 ;

157 4969 351 5025 Σκόπει
379 4967 488 5034 γάρ
517 4981 607 5034 μοι
634 4959 832 5025 λέξεως
862 4959 1118 5030 ἔμφασιν.
1156 4958 1269 5020 Οὑκ
1299 4953 1442 5019 εἶπε,
1469 4958 1554 5021 τίς
1595 4958 1825 5010 σκανδα-

157 5050 385 5113 λίζεται,
409 5051 502 5101 καὶ
527 5047 628 5100 οὑκ
655 5043 768 5113 ἐγὼ
797 5042 1102 5112 λυποῦμαι;
1136 5041 1272 5094 ἀλλὰ
1300 5040 1604 5109 Πυροῦμαι
1623 5079 1638 5102 ,
1668 5043 1822 5110 φησὶ,

157 5139 254 5207 τὴν
303 5135 553 5190 ἐπίτασιν
585 5133 719 5204 ἡμῖν
774 5131 874 5201 τῆς
931 5129 1120 5198 ὀδύνης
1174 5127 1370 5200 δηλῶν,
1408 5129 1500 5181 καὶ
1545 5129 1826 5199 μονονουχὶ

156 5224 366 5286 δεικνὺς
400 5221 833 5292 ἐμπυριζόμενον
863 5217 1073 5279 ἑαυτὸν,
1129 5217 1223 5270 καὶ
1276 5215 1564 5284 καιόμενον
1615 5215 1824 5277 ἔνδοθεν

157 5312 297 5381 ὑπὲρ
329 5309 434 5362 τῶν
463 5308 531 5360 τά
563 5304 836 5362 σκάνδαλα
865 5303 1262 5373 ὑπομενόντων.
1289 5300 1422 5358 Οἶδα
1449 5304 1531 5356 ὅτι
1553 5305 1633 5367 εἰς
1686 5303 1820 5356 πολὺ

161 5399 333 5467 μῆκος
373 5395 611 5461 ἐξέτεινα
663 5391 760 5459 τὴν
821 5389 1167 5449 διδασκαλίαν
1190 5431 1204 5454 ,
1235 5389 1532 5443 καὶταῦτα
1570 5407 1820 5462 προῃρη-

161 5483 316 5560 μένος
342 5483 576 5550 σήμερον
598 5477 892 5535 συστεῖλαι,
912 5474 996 5526 ἵνα
1017 5475 1208 5545 μικρὸν
1233 5478 1298 5528 ὲκ
1326 5475 1418 5528 τοῦ
1444 5476 1544 5545 τῆς
1567 5477 1821 5545 νηστείας

158 5555 318 5624 πόνου
350 5563 602 5632 ἀνεθῆναι
630 5559 926 5628 δυνηθῆτεο
960 5558 1072 5610 ἀλλ’
1097 5559 1196 5612 οὑκ
1246 5555 1338 5612 οἷδ’
1377 5561 1523 5623 ὅπως
1563 5561 1819 5631 ἐμπεσὼν

158 5659 234 5718 εἰς
267 5656 353 5705 τὸν
386 5650 610 5703 πλοῦτον
637 5649 742 5700 τῶν
792 5645 1234 5716 κατορθωμάτων
1280 5647 1373 5699 τοῦ
1407 5649 1560 5715 ἁγίου
1604 5648 1815 5713 τούτου,

160 5745 405 5812 καθάπερ
464 5739 565 5791 ὑπὸ
620 5736 793 5808 ῥύμης
849 5735 1054 5789 ὑδάτων
1092 5735 1488 5806 σφοδροτάτης,
1527 5736 1666 5790 οὕτω
1722 5737 1816 5806 τὴν

223 5887 248 5923 ι
273 5886 433 5938 Μοιςοί
465 5886 583 5932 {at-)7
595 5880 868 5944 εύπτειμιὶίἱ
891 5889 1058 5932 omnes
1084 5877 1393 5939 ἀποκρύπτει.

1922 456 2223 528 παρακαλῶ
2247 457 2344 527 τὴν
2375 455 2660 526 ὑμετέραν
2716 453 2933 523 ἀγάπην
2965 449 3228 523 διηνεκῶς
3279 450 3474 503 τοῦτον
3525 451 3585 500 ἐν

1919 545 2125 615 διανοίᾳ
2159 544 2493 616 περιφέρειν,
2548 543 2641 596 καὶ
2672 540 2829 594 τοῦτο
2858 538 3168 609 λογίζεσθαι
3208 536 3468 607 συνεχῶς,
3501 536 3584 588 ὅτι

1921 637 2018 704 τῆς
2053 633 2221 704 αὑτῆς
2245 635 2375 703 ἡμῖν
2411 630 2680 686 κοινωνῶν
2707 629 2939 698 φύσεως,
2995 631 3088 681 καὶ
3119 629 3230 689 τοῖς
3258 627 3442 688 αὑτοῖς
3477 625 3586 678 πά-

1923 724 2070 776 θεσιν
2096 723 2476 793 ὑποκείμενος,
2513 722 2605 775 καὶ
2636 719 2974 791 ἐπιτήδευμα
3035 718 3173 785 ἔχων
3222 716 3434 778 εὐτελὲς
3492 717 3588 768 καὶ

1923 811 2413 882 εὐκαταφρόνητον,
2448 811 2539 862 καὶ
2590 809 2834 880 δέρματα
2881 807 3121 874 ράπτων,
3155 805 3250 858 καὶ
3292 805 3384 856 ἐπὶ
3422 805 3589 873 ἐργα-

1924 900 2146 970 στηρίου
2183 898 2448 969 ἑστηκὼς,
2481 897 2666 967 ἐπειδὴ
2697 894 2970 966 ἠϐουλήθη
3019 893 3113 947 καὶ
3159 892 3390 963 ἠθέλησε
3451 891 3590 961 πρὸς

1922 988 2044 1052 τοὺς
2081 989 2181 1058 τῆς
2235 987 2438 1058 ἀρετῆς
2486 987 2679 1049 πόνους
2719 981 2909 1037 ἑαυτὸν
2964 981 3231 1042 ἐκδοῦναι,
3286 980 3383 1034 καὶ
3437 979 3591 1046 ἄξιον

1924 1076 2112 1128 ἑαυτὸν
2139 1078 2478 1145 καταστῆσαι
2502 1075 2601 1141 τῆς
2627 1073 2891 1142 ὑποδοχῆς
2921 1069 3016 1123 τοῦ
3052 1069 3207 1137 ἁγίου
3242 1067 3584 1138 Πνεύματος,

1920 1163 2308 1234 δαψιλεστέρας
2347 1161 2627 1232 ἀπήλαυσε
2677 1160 2778 1228 τῆς
2832 1157 3038 1213 ἄνωθεν
3089 1155 3420 1226 φιλοτιμίας.
3476 1156 3587 1207 Καὶ

1923 1253 2083 1321 ἡμεῖς
2109 1251 2308 1311 τοίνυν,
2345 1249 2441 1302 ἐὰν
2479 1247 2829 1318 βουληθῶμεν
2863 1246 2930 1299 τὰ
2962 1247 3092 1316 παρ’
3129 1243 3337 1299 ἑαυτῶν
3382 1243 3591 1296 ἐπιδεί-

1923 1339 2136 1404 ξασθαι,
2170 1339 2322 1391 οὐδὲν
2343 1337 2404 1391 τὸ
2437 1336 2643 1390 κωλύον
2671 1335 2779 1388 τῶν
2813 1333 2996 1388 αὑτῶν
3055 1335 3202 1406 ἡμᾶς
3257 1331 3589 1386 ἀπολαῦσαι.

1921 1427 2206 1497 Φιλότιμος
2235 1427 2343 1496 γὰρ
2369 1428 2397 1480 0
2421 1425 2717 1495 Δεσπότης.
2752 1423 2844 1476 καὶ
2887 1423 3176 1476 Βούλεται
3205 1419 3436 1485 πάντας
3486 1419 3594 1472 ἀν-

1923 1511 2194 1579 θρώπους
2213 1512 2502 1581 σωθῆναι,
2539 1511 2637 1565 καὶ
2682 1513 2769 1576 είς
2797 1509 3127 1578 ἐπίγνωσιν
3168 1507 3456 1574 ἀληθείας
3485 1506 3591 1558 ἐλ-

1923 1601 2067 1655 θεῖν.
2140 1602 2350 1668 Ἀξίους
2407 1601 2586 1654 τοίνυν
2643 1599 2868 1660 ἑαυτοὺς
2917 1596 3439 1664 κατασκευάσωμεν,
3493 1592 3594 1645 καὶ

1927 1688 2062 1756 μετά
2123 1687 2431 1759 προθυμίας
2477 1686 2707 1754 ζεούσης
2747 1685 2845 1755 τῆς
2880 1684 3081 1755 ἀρετῆς
3131 1681 3228 1752 ὀψὲ
3273 1681 3404 1750 γοῦν
3459 1695 3592 1733 ποτε

1924 1774 2311 1844 ἐπιλαὸώμεθα
2337 1816 2352 1840 ,
2391 1775 2483 1827 καὶ
2536 1772 2644 1826 τῶν
2673 1773 2730 1824 ἐν
2765 1773 2898 1843 ήμῖν
2954 1769 3141 1825 παθῶν
3174 1768 3272 1836 τήν
3304 1765 3594 1835 διόρθωσιν

1924 1861 2319 1933 ἐπιδειξάμενοι
2353 1859 2686 1931 ἐπιτηδείους
2719 1859 2945 1920 ἑαυτοὺς
2989 1853 3438 1927 ἀπεργασώμεθα
3465 1850 3590 1923 [91]

1925 1949 2061 2019 πρὸς
2085 1949 2180 2019 τὴν
2209 1948 2301 2002 τοῦ
2333 1947 2649 2017 Πνεύματος
2675 1946 2941 2014 ὑποδοχήν
2969 1962 2979 1974 ο
3013 1938 3081 2015 ἦς
3132 1942 3342 2011 γένοιτο
3380 1940 3597 2004 πάντας

1924 2039 2073 2110 ήμᾶς
2103 2036 2432 2106 ἀξιωθῆναι,
2467 2037 2648 2105 χάριτι
2671 2035 2764 2088 καὶ
2807 2031 3189 2102 φιλανθρωπίᾳ
3233 2028 3328 2082 τοῦ
3382 2027 3596 2096 Κυρίου

1925 2127 2083 2197 ήμῶν
2117 2123 2289 2196 Ἰησοῦ
2317 2123 2572 2195 Χριστοῦ,
2606 2121 2724 2193 μεθ’
2749 2115 2807 2173 οὗ
2843 2119 2919 2190 τῷ
2947 2119 3134 2190 [Ιατρὶ.
3159 2119 3276 2188 ἅμα
3323 2115 3401 2186 τῷ
3451 2114 3600 2184 ἁγίῳ

1929 2213 2224 2283 Πνεύματι,
2260 2212 2408 2278 δόξα,
2430 2211 2650 2281 κράτος,
2685 2209 2841 2279 τιμὴ,
2872 2206 2966 2261 νῦν
2989 2207 3082 2260 καὶ
3103 2205 3188 2259 ἀεὶ
3222 2205 3316 2258 καὶ
3353 2204 3433 2267 εἰς
3465 2203 3601 2264 τοὺς

1928 2301 2129 2365 αἰῶνας
2156 2299 2262 2354 τῶν
2288 2299 2519 2354 αἰώνων.
2559 2298 2750 2369 Ἀμήν.

2576 2438 2817 2493 ΟΜΙΛῘΑ
2849 2435 2943 2490 ΙΒ’.

1931 2569 2032 2632 Εἰς
2062 2564 2133 2618 τὰ
2156 2564 2460 2619 ἀκόλουθα
2484 2559 2606 2632 τῆς
2639 2559 2976 2632 κτίσεωςχι
3005 2557 3168 2632 Αύτῃ
3195 2557 3232 2624 ἡ
3253 2557 3474 2632 βίςλρς
3496 2570 3599 2632 τε-

1997 2624 2222 2700 νέσεως
2248 2631 2506 2701 ούρανοῦ
2532 2624 2593 2684 τε
2610 2629 2717 2701 καί
2743 2624 2903 2701 γῆς,Δ
2919 2627 3016 2682 ὅτε
3043 2624 3372 2701 ἐγένετοχῇ
3402 2625 3601 2694 ἡμέρᾳ

1998 2694 2288 2773 ἐποίησεν
2315 2694 2352 2757 Β
2385 2701 2523 2768 Θεὸς
2559 2700 2666 2754 τὸν
2692 2694 2954 2768 οὐρανὸν
2982 2694 3092 2752 καί
3115 2701 3228 2766 τὴν
3259 2694 3394 2768 γῆν.
3426 2715 3446 2748 ι

2000 2852 2067 2898 α’.
2083 2843 2219 2916 Φέρε
2240 2842 2303 2912 δὴ
2329 2842 2393 2911 σή
2404 2857 2467 2912 με
2475 2856 2566 2910 ρον
2591 2836 2966 2909 πληρώσωμεν
2983 2837 3015 2907 ή
3024 2837 3137 2907 μῶν
3155 2835 3254 2907 τὴν
3275 2835 3599 2904 ὑπόσχεσιν,

1932 2934 2026 2987 καὶ
2053 2933 2151 3002 τῆς
2185 2929 2449 3001 συνήθους
2477 2926 2740 2998 ἁψώμεθα
2766 2924 3130 2988 διδασκαλίας,
3159 2923 3253 2976 καὶ
3277 2925 3342 2992 τῇ
3368 2921 3602 2975 ἀκολου-

1931 3022 2022 3093 θίᾳ
2057 3021 2164 3074 τῶν
2198 3018 2388 3090 πρῴην
2426 3017 2733 3088 εἰρημένων
2768 3013 3092 3083 συνάψωμεν
3121 3011 3303 3066 καὶτὰ
3332 3010 3600 3081 μέλλοντα

1930 3109 2025 3162 νῦν
2053 3106 2402 3179 ῥηθήσεσθαι.
2453 3107 2598 3158 Ἴστε
2628 3102 2758 3174 γάρ,
2813 3103 2894 3154 ὅτι
2925 3101 3019 3154 καὶ
3043 3099 3186 3165 ἅπαξ
3221 3099 3314 3151 καὶ
3339 3098 3599 3167 δεύτερον

1933 3195 2255 3258 σπεύδοντας
2277 3195 2443 3265 ἡμᾶς,
2461 3192 2556 3245 καὶ
2583 3189 2935 3262 βουλομένους
2956 3187 3112 3241 τοῦτο
3133 3187 3378 3258 ποιῆσαι,
3401 3187 3438 3257 ή
3463 3185 3600 3256 περὶ

1929 3289 2054 3347 τοὺς
2103 3283 2364 3350 ἀδελφοὺς
2411 3280 2535 3344 τοὺς
2575 3278 2875 3349 ἡμετέρους
2921 3275 3145 3347 πρόνοια
3199 3275 3296 3345 τὴν
3341 3273 3601 3343 γλῶτταν

1931 3374 2062 3444 ήμῖν
2096 3373 2176 3434 εἰς
2202 3371 2302 3440 τὴν
2337 3368 2473 3439 πρὸς
2501 3367 2740 3428 ἐκείνους
2768 3364 3086 3435 παραίνεσιν
3119 3364 3414 3434 μετήγαγε.
3455 3361 3600 3416 Ποτὲ

1935 3461 2032 3531 μὲν
2058 3459 2166 3530 γὰρ
2194 3458 2320 3520 τοὺς
2348 3455 2706 3525 νενοσηκότας
2730 3452 2836 3504 τῶν
2873 3451 3137 3519 ἀδελφῶν,
3185 3451 3279 3503 καὶ
3308 3450 3396 3505 διὰ
3427 3468 3601 3520 συνη-

1932 3549 2082 3611 θείας
2138 3544 2407 3616 πρόληψιν
2461 3539 2855 3611 ἀποσχίςοντας
2908 3539 3133 3601 ἑαυτοὺς
3180 3537 3274 3590 τοῦ
3332 3537 3600 3606 συλλόγου

1931 3637 2118 3690 τούτου
2158 3633 2251 3686 τοῦ
2305 3628 2704 3701 πνευματικοῦ.
2757 3629 2850 3682 καὶ
2899 3627 2992 3698 τήν
3044 3627 3236 3696 ἡδονήν
3277 3627 3376 3696 τῆς
3430 3627 3603 3695 άγίας

1931 3723 2125 3794 ἑορτῆς
2155 3723 2181 3761 b
2210 3723 2342 3792 ἡμῖν
2372 3715 2902 3788 ἀκρωτηριάζοντας,
2933 3716 3020 3770 διά
3049 3716 3146 3786 τῆς
3176 3714 3376 3784 πολλῆς
3412 3731 3600 3786 παραο

1932 3813 2174 3881 κλήσεως
2203 3807 2297 3860 καὶ
2324 3804 2626 3876 συμϐουλῆς
2654 3802 2964 3873 ἑπείθομεν,
3007 3802 3081 3874 μὴ
3113 3802 3204 3855 ἐπὶ
3241 3802 3377 3854 πολὺ
3421 3801 3588 3872 χωρί-

1931 3903 2043 3964 ζειν
2070 3899 2290 3958 ἑαυτοὺς
2321 3895 2419 3964 τῆς
2458 3893 2550 3946 τοῦ
2589 3891 2823 3964 Χριστοῦ
2871 3891 3123 3960 ποίμνης,
3171 3889 3304 3960 μηδὲ
3345 3888 3452 3953 ἐξω
3494 3888 3597 3942 τοῦ

1933 3985 2101 4057 σηκοῦ
2145 3983 2333 4038 τούτου
2375 3981 2467 4035 τοῦ
2517 3978 2885 4050 πνευματικοῦ
2910 3976 3230 4037 πλανᾶσθαι,
3262 3976 3354 4030 καὶ
3380 3976 3459 4046 τῷ
3494 3976 3602 4046 μὲν

1931 4075 2073 4144 λόγῳ
2103 4073 2197 4126 καὶ
2223 4068 2300 4142 τῷ
2327 4069 2549 4138 ὀνόματι
2596 4067 2724 4136 ἡμῖν
2751 4063 3011 4136 ἡνῶσθαι,
3034 4067 3099 4134 τῇ
3125 4063 3179 4117 δὲ
3200 4063 3426 4134 ἀληθείᾳ
3465 4064 3602 4116 Ἴου·

1932 4163 2101 4224 δαίοις
2121 4156 2536 4212 κατακολουθεῖν
2569 4156 2680 4218 τοῖς
2704 4154 2796 4206 ἐπὶ
2827 4155 2893 4222 τῇ
2932 4153 3057 4223 σκιᾷ
3088 4149 3599 4222 παρακαθημένοις,

1933 4250 2028 4304 καί¹
2059 4245 2136 4318 τῷ
2165 4245 2345 4316 λύχνῳ
2394 4240 2854 4314 προσηλωμένας,
2894 4238 3032 4310 μετά
3063 4237 3160 4310 τὴν
3195 4238 3461 4309 ἕλλαμψιν
3497 4238 3602 4291 τοῦ

1933 4340 2029 4410 τῆς
2061 4335 2404 4405 δικαιοσύνης
2431 4333 2581 4404 ἡλίου
2601 4347 2615 4361 ⁸
2646 4330 2775 4386 ποτὲ
2795 4331 2852 4384 δὲ
2879 4329 2985 4383 τῶν
3011 4328 3240 4382 ἐνταῦθα
3265 4327 3606 4398 συλλεγομέ-

1932 4444 2039 4480 νων
2063 4426 2187 4488 τοὺς
2205 4424 2482 4494 ἀμυήτους
2503 4418 2951 4490 παρεκαλέσαμεν
2977 4417 3292 4486 ἐπιδραμεῖν
3314 4419 3376 4486 τῇ
3402 4417 3603 4487 κλήσει

1936 4518 2001 4584 τῇ
2037 4512 2403 4581 πνευματικῇ,
2435 4508 2530 4561 καὶ
2558 4507 2734 4560 πάντα
2764 4504 2952 4565 ὕπνον,
2985 4505 3082 4557 καὶ
3111 4505 3289 4556 πᾶσαν
3322 4503 3604 4574 ῥᾳθυμίαν

1937 4597 2456 4668 ἀποτιναξαμένους,
2485 4594 2634 4663 πόοῳ
2659 4592 2854 4657 ζέοντι,
2896 4591 2989 4644 καὶ
3035 4589 3312 4662 προθυμίᾳ
3341 4607 3605 4642 συντεταο

1939 4689 2074 4760 μένῃ
2100 4685 2346 4756 ἑτοίμους
2377 4682 2603 4744 ἑαυτοὺς
2624 4680 2758 4751 πρὸς
2779 4679 2875 4749 τὴν
2902 4677 3164 4747 ὑποδοχὴν
3185 4676 3284 4746 τῆς
3307 4677 3606 4747 βασιλικῆς

1933 4775 2140 4844 δωρεᾶς
2169 4768 2605 4842 ἀπεργάσασθαι,
2631 4767 2723 4820 καὶ
2751 4764 2986 4818 σπεῦσαι
3007 4765 3142 4835 πρὸς
3163 4763 3251 4816 τὸν
3275 4763 3374 4834 τὴν
3401 4764 3605 4832 ἄφεσιν

1931 4863 2041 4914 τῶν
2065 4859 2238 4928 πεπλη
2249 4856 2424 4926 μμελη
2433 4853 2607 4924 μένων
2627 4851 2988 4922 δωρούμενον,
3023 4849 3116 4902 καὶ
3144 4849 3209 4901 τὰ
3229 4849 3398 4920 μυρία
3421 4849 3608 4917 ἀγαθὰ

1936 4947 2078 5019 μετὰ
2107 4943 2384 5014 δαψιλείας
2413 4941 2741 5012 παρέχοντα.
2793 4937 2942 4991 Ἐπεὶ
2971 4933 3064 4990 οὖν
3087 4936 3310 4989 καὶτῶν
3342 4938 3474 5008 περὶ
3498 4939 3604 5007 τὴν

1933 5035 2026 5088 τοῦ
2055 5035 2236 5103 πάσχα
2260 5031 2454 5101 ἑορτὴν
2483 5027 2686 5097 σφαλλο
2693 5026 2888 5096 μένων,
2907 5024 3000 5078 καὶ
3019 5024 3106 5078 διὰ
3121 5025 3218 5095 τῆς
3235 5024 3607 5096 νομιζομένης

1932 5121 2136 5190 ταύτης
2171 5119 2372 5188 μικρᾶς
2393 5114 2828 5187 παρατηρήσεως
2856 5112 3068 5183 μεγάλα
3097 5111 3322 5176 ἑαυτοὺς
3349 5111 3607 5182 ζημιούν-

1928 5225 2057 5267 των,
2098 5205 2193 5275 τὴν
2244 5205 2376 5274 ήμῖν
2421 5200 2798 5271 ἁρμόττουσαν
2863 5197 3116 5269 πρόνοιαν
3198 5198 3605 5268 ἐποιησάμεθα,

1929 5293 2262 5363 κατάλληλον
2291 5290 2469 5344 αὑτῶν
2494 5287 2573 5358 τῷ
2606 5286 2880 5359 τραύματι
2911 5285 3010 5357 τὴν
3057 5285 3354 5356 θεραπείαν
3396 5287 3606 5354 ἐπαγα-

1928 5381 2136 5448 γόντες,
2189 5377 2281 5430 καὶ
2309 5379 2423 5437 τοῖς
2475 5375 2741 5444 ἀμυήτοις
2774 5373 2872 5442 τὴν
2904 5372 3284 5442 προσήκουσαν
3312 5371 3600 5424 νουθεσίαν

1928 5463 2370 5536 προσηγάγομεν,
2399 5459 2688 5513 ἀκόλουθον
2717 5459 2782 5510 ἂν
2808 5457 2892 5527 εἰη
2919 5456 3120 5521 λοιπὸν,
3153 5455 3337 5526 ἐπειδὴ
3368 5457 3507 5527 πρὸς
3534 5458 3605 5510 τὰ

1927 5553 2319 5618 κατεπείγοντα
2353 5550 2459 5602 τῶν
2511 5546 2834 5616 νοσημάτων
2878 5545 3134 5614 ἔστημεν,
3183 5545 3276 5596 καί
3322 5542 3383 5597 τὸ
3415 5545 3600 5597 αὑτῶν

1928 5639 2345 5710 ὲπληρώσαμεν,
2382 5638 2532 5706 κοινῇ
2571 5637 2732 5687 πᾶσιν
2773 5634 2901 5702 ὑμῖν
2935 5633 3176 5702 σήμερον
3209 5631 3450 5683 ἑστίασιν
3496 5650 3600 5684 παι

1933 5727 2174 5801 ραθεῖναι
2206 5725 2298 5796 τὴν
2326 5723 2714 5792 πνευματικήν.
2739 5722 2948 5791 Ὥσπερ
2969 5719 3076 5791 γάρ
3104 5719 3281 5791 πρὶνή
3313 5719 3424 5775 τῶν
3447 5719 3601 5775 ἀδελ.

1993 5877 2019 5920 δ
2049 5877 2170 5939 Reg.
2197 5888 2323 5924 unus
2348 5881 2427 5934 τῆς
2471 5879 2783 5936 πνευματικῆς
2818 5872 2998 5935 ἑορτῆς.
