3796 6246
245 225 320 282 97

249 344 607 407 obsisterent,
658 353 721 396 ac
770 345 979 395 mentes
1024 337 1411 408 simpliciorum
1442 336 1854 392 subverterent?

252 436 427 501 Igitur
454 444 514 489 ut
540 433 693 499 dixit,
722 431 850 487 Plus
879 448 991 503 ego,
1020 440 1297 485 enumerat
1319 440 1500 500 postea
1527 428 1857 483 fortitudinis

252 543 372 581 sua:
406 527 662 596 prteclara
691 540 877 595 Opera,
908 534 960 578 et
984 524 1153 593 inquit
1180 538 1193 573 :
1223 521 1290 576 In
1316 522 1571 576 laboribus
1601 521 1854 592 plurimis,

255 620 310 671 in
348 618 515 686 plagis
542 632 701 684 supra
738 614 942 668 modum
965 656 979 678 ,
1030 615 1083 667 in
1111 613 1353 665 mortibus
1376 611 1679 682 frequenter.
1721 609 1858 677 Quid

256 709 437 762 dicis?
467 706 801 777 Stupendum
830 716 882 760 et
903 704 1215 759 admirabile
1245 713 1327 758 est
1353 704 1491 774 quod
1518 719 1546 756 a
1570 712 1621 757 te
1647 704 1854 757 dicitur.

263 801 433 854 Estne
463 799 605 854 enim
638 798 911 867 possibile,
946 807 1003 851 ut
1031 796 1150 866 quis
1175 810 1319 864 saepe
1349 794 1636 849 moriatur?
1662 793 1857 857 Etiam,

261 891 441 962 inquit
470 930 486 956 ,
535 889 779 960 quamvis
822 903 926 942 non
972 887 1159 941 mortis
1204 885 1533 955 experientia
1560 925 1575 951 ,
1623 895 1857 940 attamen

262 981 532 1036 moriendi
576 979 851 1050 proposito
875 996 889 1031 :
920 978 1119 1032 docens
1149 992 1268 1043 nos,
1297 976 1522 1031 subinde
1548 990 1606 1030 se
1630 975 1699 1029 ob
1725 990 1862 1043 prae-

264 1076 593 1130 dicationem
626 1072 813 1127 mortis
846 1071 1075 1141 pericula
1102 1070 1331 1134 adiisse,
1355 1069 1447 1123 sed
1491 1069 1581 1123 Dei
1607 1068 1772 1138 gratia
1807 1067 1859 1121 in

266 1167 468 1221 mediis
497 1165 746 1235 periculis
778 1163 1035 1217 athletam
1080 1170 1347 1215 servatum
1374 1201 1389 1226 ,
1433 1174 1539 1229 quo
1584 1159 1859 1227 discipulis

265 1258 440 1327 magis
469 1256 765 1327 prodesset.
810 1253 875 1307 In
913 1253 1189 1319 mortibus,
1233 1251 1422 1321 inquit,
1472 1250 1798 1319 frequenter:
1827 1267 1859 1303 a

259 1350 473 1404 Iudaeis
497 1349 761 1419 quinquies
783 1346 1119 1417 quadraginta
1142 1345 1318 1414 plagas
1343 1360 1445 1396 una
1472 1343 1636 1395 minus
1662 1342 1855 1411 accepi,

263 1452 344 1495 ter
368 1441 525 1511 virgis
561 1455 721 1493 emus
746 1454 880 1502 sum,
907 1436 1064 1491 semel
1103 1435 1391 1504 lapidatus,
1433 1442 1508 1486 ter
1534 1432 1860 1503 naufragium

266 1538 597 1605 feci,noctent
610 1551 671 1587 ac
698 1533 832 1586 diem
854 1533 905 1585 in
926 1530 1181 1602 profundo
1204 1530 1319 1601 egi;
1344 1530 1397 1582 in
1414 1529 1674 1582 itineribus
1701 1544 1855 1597 swpe,

267 1626 514 1697 periculis
557 1624 821 1696 (luminum
849 1663 866 1689 ,
914 1621 1148 1691 periculis
1196 1621 1449 1674 latronum
1473 1661 1487 1686 ,
1537 1619 1772 1689 periculis
1801 1634 1863 1672 ea:

267 1733 475 1788 genere,
506 1713 744 1785 periculis
773 1730 839 1767 ea:
866 1712 1113 1783 gentibus,
1146 1711 1380 1779 periculis
1417 1727 1479 1764 ea:
1508 1712 1654 1779 falsis
1688 1710 1864 1782 fratri-

270 1812 365 1863 bus
391 1850 407 1874 ,
454 1808 690 1879 periculis
722 1807 776 1859 in
819 1803 1098 1858 civitatibus
1126 1844 1141 1869 ,
1192 1804 1431 1872 periculis
1469 1804 1520 1856 in
1555 1804 1858 1866 solitudine,

270 1902 518 1970 periculis
543 1901 594 1953 in
624 1899 755 1952 mari
783 1898 858 1971 (2.
889 1898 1007 1952 Cor.
1049 1897 1135 1951 ll.
1167 1896 1403 1965 24:26).
1446 1895 1522 1949 Ne
1552 1896 1864 1964 simpliciter

271 2005 662 2065 [maereamus
714 1991 829 2046 haec
880 1990 1063 2055 dicta,
1120 1989 1299 2043 dilecti
1356 2007 1370 2041 :
1421 2002 1543 2041 nam
1592 1987 1864 2057 quodlibet

272 2088 468 2141 horum
516 2099 612 2154 per
657 2099 717 2138 se
766 2080 1203 2150 solum‘pelagus
1250 2077 1466 2149 aliquod
1516 2078 1863 2133 tcntationum

271 2179 437 2233 nobis
456 2175 714 2232 ostendit.
742 2174 860 2229 Non
887 2174 1028 2228 enim
1052 2171 1365 2242 simpliciter
1387 2171 1487 2226 iter
1507 2186 1669 2225 unum
1694 2170 1861 2226 dixit:

271 2272 393 2339 sed,
426 2269 494 2324 In
519 2269 780 2323 itineribus
826 2284 960 2338 scepe
1010 2282 1028 2321 :
1076 2281 1246 2337 neque
1287 2282 1448 2320 unum
1478 2266 1768 2335 periculum
1812 2265 1864 2318 in

272 2362 476 2427 fluviis,
509 2359 607 2416 sed
649 2360 811 2415 multa
841 2369 893 2414 et
916 2360 1090 2421 varia;
1118 2368 1172 2413 et
1209 2359 1386 2413 omnia
1431 2358 1626 2427 ingenti
1657 2355 1868 2411 fortitu-

271 2456 400 2510 dine
446 2454 586 2508 tulit.
638 2453 705 2507 Et
734 2460 854 2523 post
879 2451 991 2506 ιιωο
1020 2453 1197 2507 omnia
1236 2453 1425 2506 iterum
1454 2452 1622 2521 inquit
1653 2468 1665 2503 :
1700 2449 1766 2504 In
1792 2452 1869 2505 la-

272 2550 396 2600 bore
416 2557 462 2600 et
487 2562 739 2614 arrunma,
768 2546 819 2599 in
845 2546 1029 2617 vigiliis
1044 2562 1198 2615 saepe,
1223 2546 1276 2599 in
1298 2546 1434 2615 fame
1457 2558 1502 2599 et
1532 2547 1635 2613 siti,
1659 2546 1710 2599 in
1728 2548 1871 2617 jeju-

271 2644 372 2695 uiis
399 2657 555 2710 saepe,
577 2642 630 2693 in
657 2641 846 2712 frigore
863 2650 910 2693 et
938 2639 1183 2706 nuditate,
1208 2649 1390 2710 prieter
1416 2639 1507 2693 illa
1526 2655 1639 2710 qua:
1668 2640 1861 2693 extrin-

272 2748 419 2785 secus
447 2741 565 2786 sunt
601 2730 711 2799 (Ib.
741 2746 789 2783 υ.
815 2731 904 2784 27.
932 2730 1047 2802 28).

346 2825 402 2878 7.
443 2822 600 2877 Pauli
624 2838 864 2877 rerumne:
891 2824 1063 2877 varice.
1091 2852 1164 2862 —
1189 2821 1320 2877 Vide
1362 2823 1552 2877 iterum
1592 2821 1732 2877 aliud
1772 2838 1867 2893 pe-

274 2919 431 2987 lagus
462 2917 813 2971 teutatiouum
847 2916 1000 2969 nobis
1029 2916 1242 2984 aperiri.
1276 2914 1344 2970 Ut
1368 2916 1509 2970 enim
1537 2915 1691 2982 dixit,
1722 2915 1871 2969 Prw-

274 3018 353 3061 ter
381 3008 473 3061 illa
512 3022 624 3076 qua:
659 3008 968 3061 extrinsecus
1002 3017 1143 3073 sunt,
1181 3007 1469 3062 insinuavit
1511 3008 1870 3077 praetermissa

277 3104 431 3172 plura
461 3116 604 3163 esse,
638 3116 795 3170 quam
838 3116 955 3171 qua:
982 3101 1119 3155 dicta
1147 3110 1290 3155 sunt.
1324 3100 1507 3171 Neque
1533 3101 1618 3155 his
1652 3110 1873 3155 conten-

274 3204 364 3249 tus
397 3192 518 3259 fuit,
545 3208 726 3247 verum
757 3208 854 3247 nos
883 3193 1039 3247 docet
1069 3207 1343 3263 pressurus
1366 3202 1420 3248 et
1442 3193 1873 3263 conspirationes

274 3301 413 3355 quas
438 3285 713 3350 sustinuit,
746 3286 824 3340 sic
847 3284 1032 3339 dicens
1063 3302 1076 3338 :
1106 3284 1359 3339 Instantia
1407 3302 1517 3339 mea
1555 3286 1869 3356 quotidiana,

275 3376 571 3430 sollicitudo
590 3377 814 3430 omnium
842 3375 1206 3431 Ecclesiarum.
1233 3376 1370 3431 Ecce
1395 3375 1496 3432 hoc
1520 3376 1717 3432 bonum
1739 3392 1872 3447 opus

279 3471 364 3522 vel
386 3470 601 3524 unicum
621 3468 891 3523 sufﬁciens
907 3478 1009 3533 est,
1025 3480 1081 3522 ut
1097 3485 1337 3524 summus
1357 3470 1452 3541 ipsi
1472 3470 1721 3525 virtutum
1738 3486 1873 3540 apex

280 3562 590 3615 tribuatur:
636 3559 964 3627 Sollicitudo,
1013 3561 1202 3630 inquit,
1246 3562 1469 3614 omnium
1504 3560 1870 3629 Ecclesiarum,

278 3667 387 3705 uou
413 3653 589 3717 unius,
614 3650 696 3705 vel
723 3650 969 3716 duarum,
1002 3652 1082 3706 vel
1108 3653 1291 3718 trium,
1346 3653 1441 3708 sed
1476 3654 1713 3708 omnium
1756 3670 1874 3725 qua:

279 3747 333 3799 in
391 3755 503 3798 toto
549 3744 700 3798 orbe.
747 3743 883 3799 Nam
924 3756 1175 3813 quantam
1217 3753 1411 3798 terram
1448 3745 1526 3797 sol
1569 3745 1730 3800 radiis
1765 3746 1875 3799 suis

282 3839 540 3902 illustrat,
571 3846 773 3891 tantam
803 3851 985 3891 curam
1014 3847 1068 3891 et
1097 3837 1509 3892 sollicitudinem
1532 3836 1716 3892 habuit
1736 3838 1873 3894 Pau-

281 3929 386 3982 lus.
418 3928 608 3983 Vidisti
633 3928 965 3983 latitudinem
996 3929 1203 3983 animi?
1234 3928 1409 3983 vidisti
1435 3930 1632 3983 mentis
1672 3931 1875 4000 magni-

280 4020 570 4075 tudinem?
599 4019 714 4074 Jam
759 4020 899 4089 quod
935 4020 1300 4089 subsequitur,
1343 4021 1520 4075 omnia
1561 4022 1871 4091 superiora,

278 4127 337 4168 ut
365 4115 437 4169 ita
478 4114 673 4176 dicam,
713 4115 967 4184 contegit.
1024 4112 1151 4179 Quis
1175 4115 1315 4168 enim
1345 4115 1655 4181 inﬁrmatur,
1682 4117 1871 4187 inquit,

274 4220 323 4263 et
349 4226 445 4278 ego
472 4225 573 4262 non
614 4207 893 4277 inﬁrmor?
946 4208 1057 4275 quis
1102 4207 1504 4271 scandalizatur,
1549 4218 1595 4262 et
1638 4225 1729 4279 ego
1772 4226 1872 4264 non

275 4317 403 4353 uror
427 4298 445 4370 (
471 4300 526 4352 2.
553 4298 674 4353 Car.
706 4300 790 4353 ll.
817 4298 887 4354 29
934 4298 952 4369 )
982 4299 1005 4352 ‘l
1034 4299 1213 4368 l’apte,
1239 4310 1471 4369 quantus
1491 4301 1587 4355 viri
1616 4301 1772 4370 hujus
1819 4303 1871 4356 in

276 4392 423 4446 ﬁlios
453 4407 605 4445 amor
633 4402 687 4446 et
718 4391 1043 4461 indulgentia
1078 4393 1091 4448 !
1124 4404 1317 4463 quanta
1358 4394 1667 4465 vigilantia!
1699 4411 1869 4465 quau-

276 4496 325 4537 ta
345 4499 478 4538 cura
516 4487 529 4537 !
564 4482 692 4550 Quae
732 4491 900 4537 mater
925 4483 1001 4537 sic
1044 4484 1312 4539 cruciatur
1338 4484 1474 4538 intra
1506 4486 1710 4539 viscera
1760 4486 1872 4540 lilio

276 4576 434 4631 febre
462 4576 759 4640 laborante,
806 4583 863 4629 et
908 4576 958 4628 in
995 4575 1135 4630 lecto
1177 4576 1551 4643 decumbente,
1588 4587 1644 4631 ut
1686 4577 1870 4632 beatus

275 4670 369 4724 ille
416 4685 516 4738 pro
552 4669 1018 4738 quovisinlirmo,
1065 4684 1404 4739 quocumque
1434 4669 1521 4724 ille
1544 4671 1660 4725 loco
1704 4682 1865 4739 esset,

274 4762 674 4825 infirmabatur,
708 4770 762 4816 et
792 4777 886 4831 pro
930 4762 1301 4816 seandalizatis
1338 4763 1630 4817 urebatur?
1678 4764 1867 4818 Consi-

271 4854 405 4909 dera
428 4854 592 4916 enim,
620 4869 824 4923 qumso,
846 4854 1128 4908 verborqu
1154 4856 1403 4908 latentem
1433 4857 1536 4908 vim
1571 4866 1624 4910 et
1649 4857 1868 4925 empha-

270 4948 377 5000 sin.
416 4944 531 4999 Non
558 4944 719 5011 dixit,
749 4943 879 5011 Quis
904 4944 1309 5010 scandalizatur,
1339 4956 1393 5000 et
1419 4962 1516 5015 ego
1545 4963 1647 4999 non
1672 4947 1869 5001 doleo?

268 5039 392 5101 sed,
438 5036 594 5100 Uror,
654 5037 859 5105 inquit,
907 5036 1174 5091 intensutn
1217 5036 1370 5091 nobis
1413 5037 1652 5093 dolorem
1692 5038 1869 5093 decla-

272 5146 420 5193 rans,
447 5131 599 5199 quasi
618 5129 1017 5184 demonstraret
1037 5146 1094 5184 se
1121 5130 1441 5185 intrinsecus
1474 5132 1681 5187 incendi
1711 5141 1765 5186 et
1786 5139 1865 5187 url

271 5240 369 5292 pm
399 5223 462 5276 iis
483 5222 573 5292 qui
599 5221 1023 5277 oll‘endebantur.
1051 5223 1175 5278 Scio
1204 5239 1289 5278 me
1329 5225 1379 5277 in
1412 5240 1655 5294 magnam
1709 5228 1868 5295 proli-

270 5320 502 5371 xitatem
554 5314 864 5370 extendisse
918 5315 1234 5382 doctrinam,
1281 5318 1524 5386 quamvis
1580 5329 1864 5373 statueram

273 5406 438 5461 hodie
467 5406 684 5461 brevior
712 5421 855 5472 esse,
898 5418 955 5460 ut
981 5408 1247 5476 paululum
1279 5424 1307 5461 a
1331 5407 1516 5477 jejuuii
1540 5409 1721 5463 labore
1743 5426 1865 5479 pus-

264 5499 388 5552 sitis
417 5497 686 5566 respirare
710 5513 725 5551 :
752 5496 842 5551 sed
863 5497 1042 5552 nescio
1062 5498 1349 5566 quomodo,
1375 5510 1426 5553 ut
1459 5499 1509 5552 iu
1542 5500 1751 5555 divitias
1774 5503 1867 5557 bo-

262 5606 458 5645 norum
506 5605 729 5659 Operum
789 5588 941 5659 hujus
990 5589 1156 5643 sancti
1205 5590 1385 5656 incidi,
1445 5592 1674 5662 linguam
1730 5595 1859 5650 mihi

1350 206 1455 277 ‘IN
1490 218 1642 279 CAP.
1672 217 1734 277 ll.
1764 219 2006 278 cenes.
2048 221 2275 279 HOMlL.
2318 225 2435 282 xu.
3464 188 3563 293 est

1952 341 2102 411 quasi
2130 343 2297 413 rapidi
2328 344 2559 399 fluminis
2590 342 2669 399 vis
2695 344 2886 415 rapuit.
2919 345 3208 415 PrOpterea
3238 347 3323 403 hic
3367 350 3527 406 finem

1953 432 2160 487 dicendi
2201 433 2419 500 faciens,
2443 448 2539 488 oro
2575 436 2852 491 caritatem
2892 446 3144 504 vestram,
3192 450 3247 494 ut
3289 442 3538 498 continue

1952 525 2101 579 illum
2135 527 2187 580 in
2226 535 2405 582 mente
2453 528 2857 595 circumferatis,
2902 540 2957 586 et
3000 531 3225 588 subinde
3272 537 3535 605 cogitetis,

1952 632 2073 672 eum
2130 618 2371 688 ejusdem
2420 620 2699 676 nobiscum
2736 632 2939 677 natura:
2972 634 3297 691 consortem,
3349 628 3534 683 iisdem

1952 709 2321 765 allectionibus
2363 712 2673 780 obnoxium,
2714 715 2982 784 opificium
3023 716 3129 772 vile
3189 732 3252 773 ac
3297 730 3539 774 content-

1953 815 2099 874 ptum
2128 814 2465 860 exercentem
2496 807 2708 875 pellium
2729 818 2988 873 sutorem,
3020 810 3145 863 etin
3176 810 3403 866 officinis
3429 812 3537 866 fre-

1951 907 2223 966 quentem,
2256 898 2377 967 quia
2399 898 2566 952 voluit
2591 907 2645 954 et
2685 899 2924 956 decrevit
2964 902 3216 956 virtutum
3259 904 3434 958 studio
3478 920 3538 960 se

1950 988 2273 1059 mancipare,
2296 998 2349 1044 e‘t
2386 989 2631 1044 idoneum
2674 1005 2734 1045 se
2778 993 3101 1048 constituere
3146 995 3536 1063 receptaculqu

1951 1079 2177 1149 Spiritus
2217 1081 2408 1146 sancti,
2464 1081 2660 1152 largius
2696 1098 2907 1154 quoque
2950 1099 3175 1154 superna
3227 1086 3541 1145 liberalitate

1950 1175 2175 1244 potitum
2202 1190 2341 1230 esse.
2380 1175 2447 1230 Et
2478 1191 2578 1231 nos
2618 1177 2764 1244 item,
2808 1178 2851 1232 si
2890 1178 3218 1235 voluerimus
3252 1180 3394 1251 quod
3439 1196 3537 1235 no-

1950 1277 2117 1321 strum
2166 1278 2247 1323 est
2290 1267 2486 1335 facere,
2532 1270 2664 1325 nihil
2707 1271 3011 1340 prohibebit
3049 1273 3237 1328 eadem
3265 1286 3365 1328 nos
3398 1274 3535 1330 bona

1950 1360 2225 1429 consequi.
2266 1360 2524 1415 Liberalis
2553 1360 2693 1415 enim
2723 1371 2804 1416 est
2835 1362 3108 1426 Dominus,
3150 1372 3205 1418 et
3257 1363 3374 1418 Vult
3421 1382 3532 1419 om-

1950 1468 2037 1505 nes
2065 1452 2289 1505 homines
2327 1453 2490 1507 salvos
2527 1453 2657 1522 ﬁeri,
2690 1462 2840 1524 atque
2881 1454 2948 1506 ad
2975 1455 3278 1526 agnitionem
3318 1458 3538 1511 veritatis

1950 1546 2216 1616 uenIre(l.
2252 1545 2385 1599 Tim.
2410 1546 2463 1601 2.
2496 1547 2529 1601 4
2552 1547 2594 1618 ).
2627 1548 2821 1617 Dignos
2850 1548 3007 1618 igitur
3053 1564 3150 1604 nos
3194 1549 3337 1620 ipsos
3383 1550 3535 1605 exhi-

1952 1640 2195 1707 beamus,
2228 1656 2288 1693 ac
2317 1639 2539 1695 ferventi
2562 1641 2832 1695 alacritate
2859 1642 3104 1697 virtutem
3136 1642 3218 1697 vel
3245 1658 3366 1697 sero
3415 1652 3534 1698 tan-

1952 1730 2071 1785 dem
2102 1732 2585 1801 apprehendamus,
2611 1741 2665 1787 et
2691 1732 2998 1788 affectiones
3025 1744 3234 1788 nostras
3263 1734 3536 1805 corrigen-

1954 1833 2054 1887 tes,
2080 1825 2299 1880 idoneos
2327 1841 2421 1880 nos
2451 1825 2735 1880 reddamus
2761 1825 2824 1879 ad
2854 1826 3108 1896 Spiritum
3160 1837 3401 1882 sanctum
3445 1842 3530 1882 re-

1953 1918 2254 1988 cipiendum
2286 1936 2299 1973 :
2332 1918 2471 1989 quod
2495 1927 2550 1973 ut
2590 1934 2909 1984 mereamur,
2957 1919 3217 1974 concedat
3259 1921 3427 1991 gratia
3481 1929 3537 1975 et

1954 2012 2248 2080 benignitas
2294 2011 2499 2065 Domini
2544 2010 2708 2064 nostri
2737 2010 2859 2065 .lesu
2887 2010 3339 2082 Christi,quicum
3399 2012 3543 2067 Patri

1954 2102 2133 2166 simul,
2166 2112 2217 2155 ct
2242 2102 2447 2171 Spiritu
2488 2110 2674 2155 sancto
2695 2101 2972 2171 sitgloria,
2999 2102 3279 2170 imperium
3331 2110 3386 2156 et
3434 2101 3535 2155 ho-

1955 2209 2073 2262 nor,
2107 2209 2246 2248 nunc
2275 2206 2327 2249 et
2347 2207 2580 2263 semper,
2607 2194 2732 2249 etin
2760 2193 2953 2248 saecula
2981 2194 3316 2248 smeulurum.
3343 2195 3537 2248 Amen.

2522 2351 2799 2407 llOMILIA
2856 2350 2968 2405 XII.

1958 2467 2033 2522 De
2052 2466 2115 2519 iis
2136 2480 2254 2536 qua:
2278 2474 2576 2535 sequuntur
2605 2464 2930 2519 creationem
2961 2480 2972 2517 :
3007 2462 3110 2517 llic
3139 2471 3209 2517 est
3234 2463 3359 2516 liber
3387 2480 3543 2534 gene—

2028 2559 2237 2612 rationis
2263 2558 2374 2611 cwli
2401 2566 2447 2610 et
2489 2567 2636 2610 terra:
2664 2598 2677 2621 ,
2726 2555 2928 2626 quando
2949 2556 3084 2625 facta
3134 2564 3250 2609 sunt
3278 2571 3297 2609 :
3325 2572 3424 2625 quo
3454 2556 3538 2608 die

2032 2651 2143 2720 fecit
2176 2650 2309 2704 Deus
2337 2650 2513 2703 caelum
2535 2659 2579 2702 et
2609 2658 2797 2702 (errant
2832 2646 2981 2718 (Gen.
3014 2647 3069 2701 2.
3102 2645 3180 2719 ι).

2032 2783 2085 2837 1.
2117 2783 2227 2851 Age
2272 2780 2592 2851 promissum
2636 2787 2878 2834 nostrum
2908 2775 3069 2833 hodie
3095 2777 3408 2847 impleamus
3433 2820 3447 2844 ,
3491 2788 3546 2834 et

1959 2883 2267 2929 consuetam
2287 2870 2583 2927 doctrinam
2602 2879 2910 2935 tractantes,
2930 2868 3152 2924 dicenda
3179 2885 3319 2924 nunc
3341 2869 3405 2925 iis
3427 2886 3547 2940 qua:

1960 2981 2121 3038 supra
2149 2965 2289 3021 dicta
2319 2973 2444 3019 sunt
2464 2971 2839 3019 contexamus.
2874 2962 3036 3019 Scitis
3056 2964 3221 3031 enim,
3254 2978 3352 3019 nos
3380 2965 3547 3019 semel

1961 3068 2124 3129 atque
2153 3058 2344 3112 iterum
2372 3056 2475 3112 hoc
2492 3056 2663 3111 facere
2689 3055 3009 3122 decrevisse,
3030 3064 3083 3110 et
3106 3055 3172 3110 ad
3214 3056 3313 3110 hoc
3337 3054 3550 3127 paratos

1961 3151 2148 3219 fuisse,
2178 3150 2271 3206 sed
2306 3166 2488 3206 curam
2516 3148 2757 3215 fratrum,
2791 3165 2947 3218 quam
2970 3149 3222 3219 gerimus,
3262 3150 3313 3204 in
3337 3150 3547 3204 illorum

1961 3243 2377 3297 admonitionem
2412 3240 2642 3310 linguam
2676 3247 2912 3294 nostram
2943 3239 3049 3294 alio
3074 3241 3334 3310 rapuisse.
3364 3240 3547 3307 Quan-

1962 3333 2247 3403 doquidem
2296 3332 2566 3386 interdum
2626 3329 2848 3385 infirmis
2884 3329 3168 3397 fratribus,
3200 3331 3392 3401 quibus
3421 3348 3548 3387 con-

1963 3434 2171 3480 suetum
2190 3432 2303 3479 erat
2323 3434 2660 3493 sequestrare
2680 3437 2738 3476 se
2758 3421 2823 3476 ab
2850 3420 2952 3476 hoc
2980 3422 3238 3491 spirituali
3261 3434 3551 3489 conventu,

1964 3530 2020 3576 et
2045 3519 2295 3575 mutilare
2343 3517 2496 3573 nobis
2522 3525 2720 3571 sanctze
2751 3516 2765 3547 ¹
2797 3514 3095 3570 festivitatis
3120 3516 3332 3586 gaudia,
3374 3518 3545 3571 suasi-

1965 3626 2083 3667 mus
2108 3608 2437 3667 consulendo
2477 3616 2531 3663 et
2559 3607 2894 3663 exhortando
2919 3648 2933 3674 ,
2968 3623 3035 3662 ne
3064 3607 3263 3662 diutius
3314 3609 3381 3662 ab
3420 3610 3543 3662 ovili

1966 3706 2160 3761 Christi
2187 3704 2381 3769 absint,
2411 3710 2464 3757 et
2490 3709 2637 3755 extra
2663 3700 2866 3755 caulam
2890 3701 3026 3755 hanc
3046 3701 3370 3770 spiritualem
3389 3702 3549 3756 aber-

1965 3808 2084 3853 rent
2119 3815 2131 3851 :
2162 3795 2375 3849 nomine
2403 3792 2615 3863 quidem
2652 3800 2705 3846 et
2744 3791 3101 3860 appellatione
3148 3792 3299 3846 nobis
3340 3793 3505 3861 jam-ti
3528 3834 3543 3858 ,

1965 3906 2152 3947 revera
2179 3899 2354 3945 autem
2380 3889 2591 3945 .ludaeos
2610 3898 2893 3954 sectantes,
2914 3888 3002 3958 qui
3024 3887 3205 3942 adhuc
3232 3889 3435 3944 untbrrc
3460 3904 3545 3942 as-

1966 3983 2159 4049 sident,
2190 3982 2527 4051 lucernmque
2565 3981 2759 4036 addicti
2806 3989 2949 4045 sunt,
2984 3990 3261 4051 postquam
3288 3981 3365 4035 sol
3387 3981 3548 4050 justi-

1970 4076 2053 4130 tite
2085 4074 2293 4139 illuxit;
2325 4073 2590 4129 interdum
2620 4073 2778 4128 etiam
2802 4072 3035 4127 nondum
3068 4072 3301 4129 initiatos
3323 4074 3423 4142 (a),
3456 4075 3544 4141 qui

1966 4168 2019 4223 in
2062 4176 2203 4223 coetu
2248 4165 2505 4231 aderant,
2539 4165 2733 4220 hortati
2773 4179 2998 4231 sumus,
3039 4173 3097 4219 ιιι
3120 4163 3187 4219 ad
3217 4164 3545 4231 spiritualem

1967 4259 2301 4313 vocationem
2369 4264 2681 4321 accurraut,
2732 4269 3065 4325 excussoque
3117 4254 3262 4309 omni
3326 4255 3547 4325 ignavae

1965 4368 2175 4419 somno,
2206 4352 2432 4407 ferventi
2460 4351 2745 4417 desiderio,
2771 4360 2824 4405 et
2854 4350 3052 4421 ingenti
3093 4351 3365 4405 alacritate
3394 4366 3549 4424 para-

1965 4455 2049 4501 tos
2091 4460 2150 4500 se
2189 4445 2255 4499 ad
2290 4443 2625 4514 suscipienda
2671 4444 2817 4514 regia
2865 4458 3091 4497 munera
3144 4451 3439 4513 praestent,
3493 4452 3547 4497 et

1966 4546 2250 4607 prapereut
2276 4535 2341 4590 ad
2363 4551 2482 4590 eum
2504 4535 2593 4606 qui
2616 4535 2981 4590 remissionem
3004 4534 3168 4589 donat
3188 4543 3547 4613 peccatorum,
3616 4520 3619 4523 ’

1963 4639 2016 4683 et
2039 4629 2329 4684 liberaliter
2356 4630 2631 4683 innumera
2660 4628 2796 4683 bona
2839 4628 3160 4698 suppeditat.
3197 4626 3377 4698 Itaque
3403 4639 3547 4697 pest-

1962 4737 2120 4791 quam
2151 4736 2336 4775 eorum
2367 4721 2455 4790 qui
2482 4722 2621 4775 circa
2651 4720 2867 4774 l’asehze
2889 4718 3079 4774 festum
3110 4719 3388 4784 errabant,
3427 4720 3545 4788 qui-

1963 4829 2064 4882 que
2087 4828 2180 4882 per
2202 4815 2336 4865 hanc
2363 4812 2587 4875 minimi,
2618 4822 2673 4866 ut
2707 4814 2990 4882 putabant,
3023 4811 3275 4865 momenti
3301 4811 3522 4864 observa

1965 4904 2184 4967 tionem,
2216 4918 2460 4975 magnum
2485 4904 2581 4959 sibi
2610 4905 2862 4957 damnum
2895 4902 3214 4975 inferebant,
3247 4917 3543 4969 congruen-

1967 5003 2069 5047 tem
2118 5009 2297 5047 curam
2342 4995 2604 5063 gessimus
2652 4996 2748 5065 (b),
2799 4993 2992 5046 idoneo
3037 4991 3278 5045 adhibito
3341 4990 3545 5044 vulneri

1962 5086 2375 5152 medicamento,
2405 5095 2458 5141 et
2512 5102 2615 5139 non
2658 5086 2874 5139 initiatis
2899 5100 2959 5138 ea
3014 5086 3082 5138 de
3130 5097 3185 5136 re
3226 5082 3549 5151 probecom-

1964 5178 2212 5244 monitis,
2270 5186 2436 5231 restat
2476 5186 2527 5231 ut
2571 5176 2818 5230 omnibus
2873 5173 3021 5228 vobis
3070 5172 3228 5229 hodie
3272 5174 3546 5244 spirituale

2025 5357 2039 5388 ³
2080 5363 2194 5413 tteg.
2223 5368 2363 5405 unus.
2390 5350 2672 5413 spirituulis,
2699 5365 2802 5414 pro,
2827 5359 3022 5401 smzctre.

2023 5418 2094 5479 ((ι)
2132 5417 2212 5465 Hic.
2250 5416 2457 5478 loquitur
2489 5416 2551 5463 de
2592 5415 2953 5479 catechtnneuis
2988 5428 3127 5479 quos
3150 5416 3340 5463 initiare
3376 5424 3419 5464 et
3471 5420 3546 5465 lua-

1961 5477 2138 5544 ptirare
2166 5477 2381 5544 («eunte
2401 5478 2788 5544 Quadragesitua,
2818 5492 2920 5525 tuus
2942 5486 3063 5526 erat.
3092 5477 3215 5525 Vide
3262 5480 3549 5527 eateeheses

1961 5540 1995 5592 i.
2024 5542 2069 5594 ι).
2097 5548 2199 5587 ett.
2230 5540 2284 5585 45
2308 5540 2369 5584 «le
2395 5540 2771 5587 eateehumeuis.

2024 5603 2094 5663 (b)
2128 5602 2487 5663 (;|trysostoutus
2511 5603 2632 5651 circa
2656 5602 2783 5649 diem
2809 5602 2995 5663 paschtc
3020 5603 3327 5651 ctltnciouatus
3344 5613 3465 5650 erat.
