3796 6254
274 217 345 274 99
1022 207 1077 264 s.
1122 203 1397 263 JOANNIS
1432 196 1907 263 cnavsosrout
1946 195 2262 254 ARCHIEP.
2304 184 2837 257 covsratvrtxor.

276 336 493 399 paretur
522 322 845 381 convivium.
875 319 1008 376 Nam
1048 316 1499 389 quemadmodum
1548 316 1593 369 si
1641 312 1863 369 fratrum

279 429 585 475 nostrorum
628 416 867 487 neglecta
909 429 1075 478 cura,
1129 410 1589 481 praetermissaque
1652 404 1862 460 illorum

276 511 664 576 admonitione,
695 517 887 578 coepta:
925 505 1081 560 seriei
1115 504 1402 562 hznrentes,
1436 500 1686 570 ipsosque
1710 495 1863 552 inlir-

278 612 484 657 mantes
515 598 1044 669 contempsisscmus,
1092 594 1215 663 jure
1264 591 1525 662 quispiam
1562 604 1657 644 nos
1684 603 1865 658 repre-

278 694 570 755 hendisset,
600 699 785 761 utpote
807 698 1164 758 opportunum
1189 694 1397 753 tempus
1443 691 1863 752 pra-tercurren-

279 795 358 840 tes
385 803 397 839 :
429 785 497 838 ita
526 798 686 844 nunc,
718 782 840 852 quia
863 779 995 833 nihil
1027 776 1441 848 prmtermissum
1473 782 1575 837 est,
1610 780 1862 841 quantum

277 886 474 933 nostra:
496 876 636 930 vires
656 876 854 936 sinunt,
880 873 975 927 sed
999 872 1217 927 verbum
1231 869 1484 925 doctrinm
1504 867 1863 928 adhibuimus,

281 969 556 1038 pecuniam
601 965 1099 1030 dinumeravimus,
1151 962 1461 1031 seminaque
1502 960 1552 1012 in
1582 970 1721 1011 terra
1766 957 1864 1009 hac

277 1059 539 1129 Spirituali
599 1058 862 1125 iecimus,
892 1064 1304 1109 consentaneum
1336 1063 1437 1117 est,
1482 1060 1536 1105 ut
1575 1050 1763 1103 iterum
1811 1048 1861 1100 in

279 1152 509 1205 medium
534 1150 843 1213 alie-rantur,
872 1164 989 1217 quae
1017 1162 1081 1201 ex
1114 1148 1268 1201 beato
1290 1145 1433 1198 lllnse
1462 1154 1583 1199 sunt
1608 1144 1740 1198 lecta
1761 1183 1778 1208 ,
1809 1150 1864 1195 ut

278 1245 452 1299 l'rnctu
506 1242 630 1296 inde
668 1241 894 1295 collecto
919 1282 934 1307 ,
960 1240 1174 1294 domum
1208 1238 1383 1291 redire
1409 1237 1582 1290 liccat.
1608 1234 1861 1300 Quaenam

281 1336 439 1403 Igitur
484 1334 599 1388 haec
636 1334 765 1398 sint,
823 1332 1120 1385 audiamus.
1151 1330 1207 1383 4.
1248 1326 1351 1381 Hic
1397 1336 1467 1382 est
1498 1329 1637 1392 liber,
1670 1325 1860 1395 inquit,

278 1425 613 1495 generationis
637 1423 747 1478 cwli
768 1433 812 1477 et
839 1433 985 1477 teme
1007 1420 1209 1492 quando
1235 1423 1370 1491 facta
1389 1429 1504 1473 sunt
1526 1434 1546 1473 :
1564 1434 1662 1487 quo
1689 1417 1770 1471 die
1790 1418 1863 1484 [e-

278 1517 344 1569 rit
370 1513 506 1569 Deus
535 1515 713 1569 caelum
742 1522 786 1567 et
815 1523 1021 1576 terram,
1049 1513 1102 1566 5.
1132 1520 1179 1565 et
1209 1526 1356 1563 omne
1383 1508 1655 1580 virgultum
1699 1508 1811 1578 agri
1843 1549 1858 1571 ,

276 1616 544 1676 antequam
566 1607 783 1659 oriretur
805 1620 955 1674 super
972 1613 1177 1669 terram,
1200 1618 1494 1671 omnemque
1510 1601 1713 1654 herbam
1729 1600 1857 1670 agri,

277 1700 576 1767 priusquam
601 1698 837 1751 oriretur.
867 1694 990 1749 Non
1018 1695 1150 1748 enim
1179 1695 1376 1763 pluerat
1409 1692 1544 1745 Deus
1583 1707 1737 1761 super
1763 1701 1862 1744 ter-

280 1808 412 1857 ram,
442 1800 487 1844 et
513 1791 661 1844 homo
702 1806 800 1843 non
831 1798 938 1843 erat
961 1788 1048 1858 qui
1082 1787 1263 1840 coleret
1293 1796 1497 1839 terram.
1525 1785 1576 1838 6.
1604 1780 1743 1837 Fons
1767 1800 1862 1835 an-

194 1894 199 1899 '
272 1894 368 1937 tem
396 1881 693 1936 ascendebat
726 1881 789 1934 de
817 1891 968 1946 terra,
999 1890 1045 1933 et
1094 1877 1337 1950 irrigabat
1362 1881 1645 1931 universam
1672 1877 1856 1949 facient

271 1984 416 2027 terrtc
452 1972 600 2041 (Gen.
629 1972 706 2042 ‘2).
736 1971 1021 2026 Considera
1056 1970 1182 2023 mihi
1234 1984 1440 2034 rursus,
1469 1970 1714 2030 obsecro,
1758 1967 1852 2020 ad-

272 2064 527 2119 mirabilis
559 2064 712 2133 hujus
746 2064 1015 2133 prophette
1038 2062 1375 2130 sapientiam,
1404 2062 1510 2114 imo
1532 2061 1697 2114 sancti
1733 2058 1856 2128 Spi-

271 2159 403 2212 ritus
452 2156 770 2212 doctrinam.
830 2154 961 2210 Nam
1002 2164 1278 2224 postquam
1330 2152 1485 2207 nobis
1530 2167 1625 2221 per
1676 2162 1857 2222 partes

271 2250 540 2305 enarravit
569 2258 840 2303 creaturas
870 2261 1077 2311 omnes,
1112 2254 1166 2300 et
1195 2261 1290 2299 sex
1334 2244 1537 2300 dierum
1566 2252 1859 2314 pertracta-

274 2345 349 2397 vit
386 2358 568 2413 opera,
620 2353 674 2397 et
712 2341 1083 2396 formationem
1125 2339 1393 2405 hominis,
1440 2347 1862 2409 potestatemth

275 2438 558 2492 visibilium
582 2436 821 2491 omnium
850 2435 922 2489 illi
950 2447 1286 2499 concessam,
1318 2446 1459 2486 nunc
1493 2432 1683 2487 iterum
1709 2446 1861 2486 sum.

275 2528 458 2582 malim
509 2527 687 2580 omnia
717 2535 986 2595 repetens,
1017 2525 1187 2594 inquit
1215 2540 1229 2577 :
1260 2523 1361 2576 llic
1401 2533 1472 2577 est
1500 2524 1623 2577 liber
1649 2540 1861 2594 genera-

272 2620 421 2675 tionis
447 2618 557 2674 ca'li
582 2630 629 2674 et
656 2629 818 2682 teme,
844 2619 1047 2689 quando
1073 2621 1208 2687 facta
1233 2626 1367 2670 sunt.
1399 2616 1591 2686 Operm
1633 2615 1858 2685 pretium

272 2712 359 2767 hic
385 2713 540 2767 fuerit
568 2712 855 2781 inquirere,
883 2724 1049 2779 quare
1079 2708 1352 2778 Scriptura
1381 2707 1572 2761 librum
1603 2707 1742 2762 hunc
1760 2721 1859 2761 vo-

273 2804 474 2859 eaverit
494 2803 609 2859 eteli
638 2811 693 2858 et
721 2810 898 2866 terra),
930 2800 1169 2871 quamvis
1197 2800 1360 2853 multa
1387 2798 1485 2853 alia
1519 2800 1569 2852 in
1598 2814 1657 2853 se
1682 2799 1857 2853 cunti-

268 2906 424 2965 neat,
452 2904 506 2953 et
526 2896 715 2952 doceat
740 2909 837 2950 nos
860 2894 962 2949 alia
986 2891 1239 2965 plurima,
1282 2906 1479 2961 nempe
1506 2889 1572 2945 de
1588 2890 1853 2961 jnstorum

269 2990 551 3045 Virtutibus
587 2996 839 3051 tractans,
869 2985 938 3040 de
967 2985 1290 3054 benignitate
1319 2982 1435 3046 Dei,
1465 2982 1640 3052 deque
1682 2981 1859 3037 indul-

264 3079 464 3151 gentia,
493 3093 649 3149 quam
673 3092 796 3147 erga
821 3076 1047 3146 primum
1063 3083 1298 3129 creatum
1324 3073 1594 3127 hominem
1616 3082 1670 3127 et
1696 3089 1856 3127 omne

270 3174 558 3228 humanum
584 3185 752 3242 genus
782 3169 1030 3225 exhibuit
1075 3178 1168 3223 :ct
1194 3166 1262 3223 de
1308 3167 1427 3221 aliis
1468 3167 1681 3231 nmltis,
1737 3184 1854 3237 qua:

270 3264 427 3335 l.ujus
458 3262 716 3333 temporis
743 3276 849 3317 non
894 3260 1053 3315 fuerit
1080 3259 1372 3315 declarare.
1406 3256 1484 3314 Ne
1514 3259 1742 3325 mireris,
1771 3260 1853 3313 di-

268 3360 438 3414 lecte:
463 3372 576 3412 mos
605 3357 748 3413 enim
778 3356 863 3410 hic
888 3364 969 3410 est
992 3368 1158 3409 sacra:
1186 3354 1495 3422 Scripturze,
1526 3362 1706 3407 utnon
1734 3354 1852 3405 ubi-

266 3467 371 3523 que
417 3451 595 3506 omnia
646 3448 999 3521 particulatim
1052 3456 1298 3512 enarret;
1333 3446 1425 3501 sed
1453 3461 1573 3501 cum
1624 3460 1854 3515 ca,qtt:‘t:

271 3542 494 3614 plurima
517 3541 965 3610 complectuntur,
986 3538 1167 3594 dicere
1192 3538 1438 3607 cmperit,
1469 3538 1851 3593 consideranda

274 3634 542 3704 relinquat
567 3632 841 3702 sequentia
892 3631 976 3697 iis,
1022 3630 1110 3700 qui
1139 3630 1393 3684 studiosis
1439 3631 1657 3685 auribus
1699 3632 1852 3701 exei-

269 3725 421 3795 piunt
444 3740 507 3779 ea
546 3739 664 3793 qua:
693 3718 957 3778 dicuntur.
985 3720 1047 3776 Et
1078 3732 1135 3776 ut
1159 3721 1335 3776 discas
1359 3736 1472 3776 rem
1500 3722 1572 3776 ita
1616 3737 1734 3777 esse
1759 3764 1773 3789 ,
1802 3724 1851 3776 id

265 3818 440 3889 palam
461 3816 652 3873 faciam
679 3834 741 3871 ex
775 3817 858 3871 his
886 3832 1007 3887 qua:
1034 3829 1174 3870 nunc
1206 3824 1331 3869 sunt
1359 3816 1514 3870 lecta.
1545 3816 1681 3871 Ecce
1708 3820 1851 3871 enim

266 3902 320 3966 in
349 3908 737 3979 superioribus,
772 3917 1053 3978 postquam
1103 3923 1202 3961 nos
1222 3907 1400 3961 divina
1422 3907 1693 3977 Scriptura
1739 3906 1851 3962 for-

266 4002 556 4055 mationem
587 4000 824 4054 omnimn
855 3999 1155 4052 minutatim
1180 3998 1384 4064 docuit,
1418 4013 1561 4052 nunc
1600 4012 1705 4051 non
1737 4012 1853 4052 om-

268 4094 413 4148 nium
445 4092 706 4158 meminit,
740 4089 834 4145 sed
868 4091 1068 4160 inquit:
1100 4089 1197 4143 Hic
1244 4100 1316 4145 est
1352 4090 1476 4143 liber
1518 4092 1852 4161 generationis

266 4186 377 4241 ειυιὶ
397 4194 443 4238 ει
473 4194 620 4239 terra:
640 4222 654 4249 ,
700 4182 903 4253 quando
930 4182 1064 4251 facta
1108 4191 1223 4236 sunt
1256 4198 1396 4252 :quo
1427 4182 1509 4237 die
1556 4182 1674 4254 fecit
1716 4182 1853 4236 Dens

267 4275 448 4335 ca'lum
471 4285 516 4329 et
542 4283 747 4340 terram,
774 4282 828 4329 et
853 4282 1063 4329 extera.

339 4367 397 4421 2.
428 4365 618 4420 Viden‘
643 4365 916 4436 quomodo
944 4376 1115 4419 totum
1144 4378 1451 4421 sermonem
1489 4364 1554 4420 ad
1577 4366 1771 4421 caelum
1800 4378 1851 4421 et

268 4467 466 4516 terram
498 4458 787 4524 convertit,
811 4472 876 4512 ex
902 4456 1008 4511 illis
1033 4457 1135 4512 alia
1166 4457 1343 4512 omnia
1370 4457 1526 4513 nobis
1554 4460 1849 4513 contuenda

270 4551 622 4622 relinquens?
650 4550 784 4605 Cum
812 4566 943 4620 ergo
971 4549 1099 4605 dicit
1122 4550 1309 4605 crelum
1339 4560 1394 4606 et
1421 4559 1639 4618 terram,
1663 4568 1852 4607 omnes

272 4652 544 4700 creaturas
572 4640 734 4696 simul
760 4641 1184 4711 comprehendit,
1213 4652 1318 4696 tam
1342 4657 1432 4698 eas
1455 4660 1572 4713 quae
1597 4644 1650 4698 in
1677 4644 1810 4698 caelo
1835 4685 1849 4711 ,

266 4750 428 4806 quam
453 4748 571 4805 qua:
599 4733 651 4789 in
686 4744 847 4788 terra.
897 4733 1049 4788 Sicut
1075 4734 1230 4804 igitur
1256 4735 1308 4788 in
1339 4736 1676 4791 enarratione
1700 4750 1851 4790 crea-

268 4836 507 4881 turarum
530 4841 636 4882 non
661 4826 839 4880 omnia
862 4823 1115 4895 deinceps
1135 4824 1284 4891 dicit,
1308 4825 1401 4880 sed
1439 4828 1671 4881 maxime
1691 4842 1853 4897 gene-

265 4920 399 4975 ralia
430 4928 631 4975 tantum
686 4929 1101 4984 commemorat,
1152 4934 1249 4973 nec
1291 4920 1558 4990 sigillatim
1590 4930 1804 4975 enarrat
1838 4944 1849 4977 :

266 5013 338 5067 ita
364 5021 419 5069 et
436 5012 629 5067 librum
658 5021 851 5079 totum,
875 5012 975 5067 etsi
1006 5012 1169 5065 multa
1197 5012 1296 5067 alia
1320 5012 1611 5078 contineat,
1655 5012 1849 5067 librum

267 5107 625 5173 generationis
665 5106 779 5160 carli
805 5115 856 5161 et
888 5114 1044 5161 terrae
1062 5104 1363 5177 appellavit,
1393 5106 1545 5161 nobis
1570 5122 1634 5161 ex
1662 5106 1850 5161 horum

268 5200 775 5254 commemoratione
818 5200 959 5269 quod
1010 5201 1270 5270 reliquum
1315 5209 1396 5255 est
1438 5199 1851 5268 computandum

280 5289 607 5357 relinquens,
640 5304 860 5345 necesse
889 5305 1007 5345 esse
1047 5291 1224 5345 omnia
1254 5290 1307 5345 in
1336 5292 1438 5346 hoc
1468 5291 1601 5345 libro
1628 5290 1852 5344 visibilia

275 5379 558 5445 contineri,
590 5389 695 5433 tam
735 5396 797 5434 ea
822 5396 941 5449 quae
982 5382 1034 5435 in
1063 5383 1217 5449 caelo,
1246 5398 1403 5452 quam
1434 5397 1552 5451 qua:
1597 5382 1649 5436 in
1692 5391 1850 5436 terra.

275 5466 391 5536 Quo
434 5470 534 5535 die,
561 5471 745 5537 inquit,
772 5471 887 5539 fecit
911 5472 1045 5525 Deus
1075 5474 1253 5527 caelum
1274 5485 1320 5527 et
1351 5484 1534 5527 terram
1558 5515 1572 5541 ,
1618 5483 1667 5528 et
1711 5490 1856 5528 omne

269 5561 541 5631 virgultum
568 5562 699 5632 agri,
727 5570 993 5630 antequam
1022 5565 1160 5632 [ierat
1186 5582 1337 5636 super
1365 5576 1566 5631 (errant,
1595 5577 1638 5620 et
1660 5582 1857 5621 omnem

275 5653 475 5717 herbam
519 5654 664 5729 agri,
695 5663 961 5727 antequam
1015 5656 1247 5711 oriretur.
1300 5655 1421 5710 Non
1486 5660 1617 5712 enim
1661 5659 1856 5729 pluerat

1981 307 2121 366 Deus
2146 328 2299 381 super
2324 321 2527 380 terram,
2557 330 2713 383 neque
2738 316 2887 369 homo
2910 324 3019 370 erat
3062 317 3149 385 qui
3183 317 3367 373 coleret
3389 319 3557 376 illam.

1972 403 2079 458 Sed
2099 406 2214 474 fons
2241 404 2538 459 ascendebat
2561 423 2590 460 e
2616 416 2769 471 terra,
2796 419 2841 461 et
2870 408 3115 479 irrigabat
3153 411 3439 465 universam
3470 416 3553 480 fa-

1972 495 2097 549 ciem
2125 505 2293 550 teme.
2314 495 2548 552 Grandis
2593 498 2872 553 thesaurus
2904 500 2955 554 in
2989 502 3225 570 pauculis
3249 504 3425 559 verbis
3454 505 3559 559 illis

1970 586 2278 643 reconditus
2304 599 2385 644 est
2409 607 2421 643 :
2448 589 2589 645 unde
2605 606 2794 662 magna
2822 591 3120 662 prudentia,
3142 610 3261 664 qua:
3283 595 3557 665 dicuntur,

1966 680 2187 749 juvante
2233 696 2331 735 nos
2387 682 2480 737 Dei
2503 683 2670 753 gratia
2701 726 2715 750 ,
2747 686 2995 756 congruit
3039 689 3325 757 explicare,
3351 705 3559 761 vosque

1970 774 2323 841 Spiritualium
2349 775 2532 829 harum
2555 775 2862 832 divitiarum
2893 790 3172 836 consortes
3196 781 3396 840 facere.
3437 784 3558 854 Spi-

1970 865 2101 919 ritus
2126 866 2268 920 enim
2296 876 2510 923 sanctus
2531 868 2826 924 futurorum
2856 872 3130 941 praescius,
3161 882 3219 927 ut
3249 875 3378 930 nulli
3406 886 3557 944 post-

1972 954 2071 1010 hac
2122 957 2482 1022 contendere,
2531 970 2584 1014 et
2627 961 3005 1018 ecclesiasticis
3064 963 3440 1033 dogmatibus,
3488 982 3556 1023 ex

1970 1046 2201 1116 propriis
2244 1048 2537 1105 ratiociniis
2557 1090 2572 1115 ,
2596 1051 2818 1105 adversa
2848 1047 3041 1109 divinis
3068 1054 3356 1124 Scripturis
3380 1057 3557 1111 immi-

1968 1151 2117 1193 scere
2133 1139 2308 1205 liceat,
2333 1140 2491 1195 etiam
2516 1157 2657 1196 nunc
2679 1142 2875 1209 denuo,
2895 1154 3173 1216 postquam
3185 1157 3553 1202 creaturarum

1968 1228 2210 1285 ordinem
2251 1231 2471 1298 docuit,
2523 1241 2578 1287 et
2629 1234 2754 1304 quid
2788 1236 3051 1305 primum,
3102 1238 3227 1308 quid
3257 1240 3555 1295 secundum

1971 1322 2280 1389 productum
2304 1324 2390 1389 sit,
2424 1334 2474 1379 et
2506 1325 2647 1394 quod
2679 1327 2882 1381 semina
2903 1342 2997 1382 sua
3024 1329 3181 1384 tellus
3205 1331 3370 1386 verbo
3398 1347 3560 1385 man-

1966 1413 2198 1484 datoque
2230 1416 2438 1472 Domini
2483 1419 2791 1475 ministrans
2841 1420 3088 1489 ediderit,
3131 1437 3195 1479 ac
3224 1424 3553 1494 producendi

1970 1509 2073 1562 vim
2103 1511 2391 1579 acciiperit,
2420 1524 2541 1566 cum
2572 1528 2746 1582 neque
2774 1514 2901 1569 Solis
2924 1517 3303 1585 cooperatione
3321 1527 3507 1587 egeret
3535 1559 3551 1583 ,

1967 1601 2058 1671 qtti
2088 1603 2320 1659 nonduin
2348 1615 2465 1659 erat
2487 1646 2502 1669 ,
2536 1621 2712 1676 neque
2740 1607 3034 1676 pluviarum
3083 1609 3418 1676 humiditate,
3454 1627 3554 1665 ne-

1966 1709 2071 1764 que
2094 1694 2327 1751 hominis
2348 1700 2555 1752 cultura
2581 1715 2596 1765 ;
2626 1714 2748 1753 nam
2778 1709 2833 1754 et
2856 1700 2948 1755 ille
2974 1702 3209 1756 nondum
3238 1703 3289 1757 in
3315 1703 3553 1758 medium

1967 1787 2273 1856 prodierat:
2303 1788 2422 1843 ideo
2449 1790 2639 1845 iterum
2664 1791 2854 1861 repetit
2882 1793 3233 1860 particulatim
3262 1796 3465 1862 omnia,
3497 1805 3555 1850 nt

1967 1870 2243 1934 indomitae
2288 1880 2625 1950 impudenter
2658 1883 3032 1938 blaterantium
3086 1885 3281 1956 lingua:
3329 1902 3552 1957 compe—

1966 1981 2203 2026 scantur.
2225 1971 2359 2040 Quid
2392 1974 2533 2027 enim
2560 1973 2678 2027 ait?
2713 1973 2807 2028 Die
2830 1992 2929 2046 quo
2954 1976 3071 2046 fecit
3118 1976 3255 2032 Deus
3280 1980 3462 2033 cwluns
3502 1992 3551 2033 et

1966 2075 2171 2132 terram,
2200 2076 2245 2119 et
2276 2082 2422 2119 omne
2447 2067 2715 2136 virgultum
2742 2067 2875 2137 agri,
2910 2068 3203 2137 priusquam
3241 2071 3379 2138 ﬁeret
3398 2088 3554 2141 super

1966 2166 2180 2224 terram,
2226 2173 2517 2228 omnanque
2546 2157 2749 2211 herbam
2779 2158 2925 2227 agri,
2976 2160 3268 2229 priusquam
3308 2161 3545 2215 oriretur.

1969 2245 2089 2301 Non
2113 2247 2247 2301 enim
2292 2248 2492 2317 pluerat
2520 2247 2657 2303 Deus
2681 2265 2832 2319 super
2861 2260 3081 2317 terram,
3136 2266 3227 2305 nec
3250 2260 3354 2305 erat
3398 2252 3551 2306 homo

1969 2339 2053 2408 qui
2083 2341 2264 2395 coleret
2288 2340 2453 2395 illaut.
2482 2340 2623 2396 Fons
2651 2352 2819 2395 autem
2844 2343 3140 2397 ascendebat
3186 2344 3250 2398 de
3290 2354 3447 2410 terra,
3502 2356 3551 2399 et

1964 2431 2160 2503 rigabat
2203 2433 2487 2488 universam
2512 2435 2693 2505 [aciem
2729 2445 2893 2489 terrm.
2925 2435 3036 2491 Hoc
3066 2436 3177 2491 vult
3204 2436 3402 2505 dicere,
3428 2453 3548 2498 ser-

1964 2541 2124 2581 mone
2144 2537 2197 2580 et
2219 2538 2486 2597 praacepto
2536 2527 2697 2594 illius,
2722 2542 2841 2599 quae
2870 2529 3014 2598 prius
3059 2543 3164 2583 non
3192 2540 3375 2596 erant,
3418 2545 3547 2599 pro-

1963 2617 2120 2673 ducta
2151 2617 2334 2686 fuisse,
2362 2629 2416 2674 et
2460 2636 2578 2690 qua:
2604 2634 2710 2675 non
2754 2620 3102 2684 exsistebant,
3132 2622 3306 2677 subito
3326 2636 3542 2691 compa-

1964 2710 2152 2765 ruisse.
2188 2710 2362 2764 Herba
2411 2720 2512 2775 est,
2546 2725 2664 2780 quae
2690 2725 2753 2764 ex
2783 2721 2923 2766 terra
2951 2712 3193 2781 provenit
3222 2730 3233 2764 :
3259 2712 3345 2766 hic
3368 2724 3548 2768 autem

1960 2802 2180 2858 herbam
2206 2802 2410 2870 dicens,
2439 2804 2640 2856 semina
2670 2803 2848 2857 cinnia
2873 2803 3016 2858 dicit.
3045 2803 3114 2858 Et
3136 2803 3206 2859 de
3233 2804 3424 2875 pluviis
3451 2805 3548 2858 dn-

1959 2911 2089 2953 cens
2124 2911 2219 2951 nos
2256 2895 2444 2951 iterum
2484 2895 2663 2949 divina
2691 2896 2961 2965 Scriptura
2998 2896 3216 2950 subdit:
3251 2895 3372 2951 Non
3410 2902 3546 2950 enim

1961 2993 2156 3062 pluerat
2186 2989 2322 3045 Deus
2361 3007 2515 3059 super
2552 3000 2735 3044 terram
2764 3005 2784 3044 :
2815 2990 2914 3044 hoc
2941 2998 3043 3056 est,
3076 2989 3310 3045 nondum
3353 2991 3545 3060 plurim

1957 3084 2187 3154 desuper
2211 3082 2509 3147 cadebant;
2535 3080 2833 3153 deindeque
2858 3082 3120 3146 ostendit,
3164 3097 3336 3153 neque
3364 3082 3543 3137 homi-

1959 3178 2040 3232 nis
2083 3177 2392 3247 operatione
2436 3176 2685 3231 habuisse
2708 3190 2845 3246 opus
2874 3193 2887 3231 :
2921 3174 3041 3230 Non
3080 3176 3243 3243 enim,
3288 3177 3395 3243 ait,
3435 3186 3546 3231 erat

1959 3272 2106 3325 homo
2130 3272 2215 3342 qui
2240 3280 2535 3341 operaretur
2576 3279 2761 3324 terram
2790 3285 2808 3324 :
2832 3269 2983 3339 quasi
3006 3270 3245 3325 clamans
3267 3277 3324 3324 et
3357 3270 3546 3325 dicens

1961 3362 2186 3432 posteris
2218 3361 2464 3417 omnibus
2489 3380 2502 3416 :
2547 3361 2741 3417 Audite
2772 3360 2906 3427 haec,
2949 3370 3003 3415 et
3026 3360 3245 3425 discite,
3274 3361 3547 3431 quomodo

1956 3458 2024 3511 ab
2046 3456 2197 3511 initio
2223 3470 2411 3510 omnes
2435 3466 2590 3511 terrae
2635 3463 2922 3524 proventus
2946 3453 3052 3507 sint
3094 3452 3356 3523 producti,
3394 3461 3546 3508 etne

1958 3560 2151 3604 terram
2181 3549 2468 3604 colentium
2494 3547 2780 3618 diligentia:
2804 3546 2982 3602 omnia
3008 3546 3241 3611 tribuite,
3264 3561 3436 3616 neque
3462 3546 3545 3600 eis

1957 3644 2056 3699 hos
2090 3645 2205 3713 ejus
2235 3653 2416 3712 partus
2454 3642 2744 3697 adscribite
2771 3659 2784 3695 :
2817 3640 2911 3695 sed
2938 3639 3105 3694 verbo
3144 3649 3199 3694 et
3235 3650 3503 3711 praecepto
3526 3680 3543 3706 ,

1955 3739 2094 3808 quod
2125 3754 2153 3790 a
2184 3736 2469 3792 Conditore
2494 3751 2591 3791 suo
2619 3736 2685 3790 ad
2715 3751 2832 3790 eam
2862 3735 3124 3804 prolatum
3154 3744 3255 3788 est.
3294 3734 3418 3788 Haec
3441 3748 3543 3788 au-

1958 3842 2061 3886 tem
2102 3832 2279 3885 omnia
2321 3832 2471 3898 llunt,
2504 3838 2563 3886 ut
2585 3829 2852 3884 discamus
2880 3837 3077 3883 terram
3105 3828 3172 3882 ad
3209 3827 3415 3883 edenda
3454 3840 3545 3883 se-

1957 3926 2097 3979 mina
2147 3939 2241 3980 sua
2290 3925 2512 3979 aliorum
2564 3923 2947 3979 elementorum
3008 3924 3384 3993 cooperatione
3433 3938 3541 3977 non

1955 4033 2144 4089 egere,
2177 4017 2269 4073 sed
2300 4018 2600 4073 Conditoris
2625 4016 2877 4070 mandato
2916 4023 3217 4071 contentam
3259 4014 3443 4070 fuisse.
3474 4014 3546 4068 Et

1951 4112 2093 4182 quod
2139 4111 2436 4166 mirandum
2467 4110 2899 4180 stupendnmque
2927 4120 3030 4173 est,
3061 4111 3106 4164 is
3146 4110 3235 4180 qui
3262 4124 3401 4164 nunc
3429 4118 3543 4162 ter-

1958 4220 2069 4257 ram
2098 4204 2262 4256 verbo
2288 4202 2353 4256 ad
2377 4212 2453 4257 tot
2478 4202 2679 4256 semina
2711 4201 3043 4271 producenda
3069 4201 3336 4266 excitavit,
3366 4210 3419 4254 et
3446 4217 3544 4269 po-

1958 4302 2175 4352 tentiam
2217 4312 2367 4351 suam
2414 4296 2655 4350 humanae
2678 4296 2899 4350 rationis
2945 4310 3157 4365 captum
3202 4303 3541 4364 superantem

1956 4390 2211 4454 exhibuit,
2246 4389 2381 4443 hanc.
2411 4390 2577 4459 ipsam
2608 4399 2712 4442 tam
2740 4403 2953 4458 gravem
2979 4398 3032 4442 et
3060 4398 3259 4442 tantum
3286 4387 3541 4440 mundum

1956 4499 2115 4551 supra
2142 4483 2356 4538 dorsum
2386 4498 2540 4537 suum
2590 4482 2845 4537 ferentem
2878 4497 3036 4551 super
3073 4497 3237 4551 aquas
3279 4480 3540 4547 fundavit,

1956 4577 2092 4632 sicut
2135 4586 2187 4631 et
2227 4576 2480 4646 projiheta
2523 4576 2652 4631 dicit
2686 4594 2699 4627 :
2736 4575 2835 4643 Qui
2886 4576 3116 4647 [undavit
3162 4584 3346 4629 terram
3390 4591 3543 4643 supa-

1956 4686 2112 4735 aquas
2142 4667 2312 4738 (Psal.
2342 4669 2462 4723 155.
2487 4668 2562 4735 6).
2596 4668 2725 4733 Quae
2763 4668 2990 4721 humana
3019 4667 3151 4723 ratio
3176 4666 3243 4720 ad
3273 4666 3385 4720 hare
3416 4682 3541 4734 pcr-

1958 4762 2163 4831 tingere
2203 4760 2403 4829 possit?
2428 4758 2559 4814 Nam
2590 4774 2708 4813 cum
2742 4758 2984 4814 homines
3022 4757 3212 4812 domus
3230 4757 3502 4811 aediﬁcant
3526 4801 3540 4820 ,

1957 4860 2012 4906 et
2032 4850 2370 4905 fundamenta
2390 4851 2569 4921 jacere
2597 4852 2800 4915 volunt,
2828 4852 2977 4920 prius
3004 4849 3207 4903 fodiunt
3232 4867 3245 4915 ;
3276 4859 3329 4904 et
3355 4849 3441 4902 ubi
3472 4848 3541 4902 ad

1958 4942 2215 5012 profunda
2242 4943 2603 5013 pervenerint,
2632 4943 2674 4997 si
2701 4942 2782 4996 vel
2813 4958 3030 5012 parvum
3074 4942 3348 4997 humorem
3390 4943 3543 4997 vide-

1958 5035 2089 5102 rint,
2119 5036 2247 5089 nihil
2285 5049 2388 5088 non
2416 5045 2571 5105 agunt
2607 5045 2663 5088 ut
2700 5042 2865 5088 totum
2912 5033 3081 5103 ipsum
3107 5036 3442 5100 exhauriant,
3489 5046 3545 5089 et

1958 5128 2037 5180 sic
2083 5126 2421 5181 fundamenta
2471 5128 2647 5181 loccnt
2687 5144 2699 5179 :
2753 5136 3031 5197 propterea
3074 5127 3312 5180 omnium
3357 5126 3543 5194 Opifex

1958 5219 2135 5272 omnia
2163 5233 2317 5273 secus
2360 5233 2517 5288 quam
2549 5218 2790 5273 homines
2834 5217 2977 5282 facit,
3023 5226 3082 5272 ut
3117 5232 3184 5272 ex
3225 5218 3325 5272 hoc
3368 5218 3547 5272 discas

1960 5311 2281 5366 inell‘abilcm
2311 5312 2426 5379 ejus
2453 5312 2767 5380 potentiam,
2800 5320 2872 5377 et,
2906 5310 3116 5380 quando
3143 5310 3253 5381 ipse
3282 5311 3542 5371 voluerit,

1959 5404 2222 5459 elementa
2254 5404 2367 5457 lucc
2397 5405 2550 5471 plane
2577 5404 2924 5469 contrarium,
2944 5418 3110 5473 quam
3168 5403 3363 5468 solem,
3413 5402 3535 5457 elle-

1961 5503 2103 5549 ctum
2131 5510 2195 5548 ex
2223 5492 2524 5548 Conditoris
2548 5500 2812 5563 prtecrpto
2838 5493 3139 5548 ostendere.

2034 5584 2303 5640 Elctnenta
2338 5584 2443 5639 Deo
2473 5586 2676 5639 omnino
2714 5585 2913 5639 subdita
2952 5596 3105 5650 sunt;
3134 5600 3302 5639 servos
3328 5583 3423 5638 Dei
3462 5602 3547 5636 rr—

1970 5690 2222 5736 rerentur.
2243 5710 2309 5721 -—
2332 5681 2380 5733 5.
2419 5680 2482 5735 Et
2509 5689 2563 5736 ut
2592 5680 2641 5736 id
2669 5681 2809 5752 quod
2842 5681 3051 5750 dicitur,
3086 5680 3362 5737 dilucidius
3395 5680 3550 5737 vobis
