3752 6240
320 233 411 286 101

318 353 404 403 ἐπ’
434 350 598 406 αὑτοῦ
637 348 732 403 τοῦ
762 344 1125 417 προκειμένου
1155 343 1244 397 τὸν
1277 343 1434 411 λόγον
1475 343 1865 412 γυμνάσωμεν,
1897 343 1992 396 καί

1109 225 1166 283 S.
1205 226 1494 283 JOANNIS
1530 223 2018 280 CHRYSOSTOMI
2046 224 2365 282 ARCHIEP.
2392 223 2938 283 CONSTANTINOP.
3658 227 3724 284 103

2101 361 2240 414 τητα
2277 345 2468 397 ἑαυτὸν
2499 343 2702 411 ἐξάγει.
2737 341 2836 395 Διά
2860 341 3016 394 τοῦτο
3059 340 3153 394 καί
3185 341 3217 412 ἡ
3261 341 3381 396 θεία
3421 341 3607 413 Γραφὴ
3633 344 3724 415 πρὸ

321 441 437 492 τότε
457 439 555 492 καὶ
579 437 663 505 ἐφ’
693 435 878 504 ἕτερον
905 429 1344 504 μεταδησὸμεοαο
1370 427 1542 481 Τοῦτο
1560 427 1668 499 γὰρ
1688 429 1820 481 αὐτὸ
1847 430 2000 481 ὲναν-
2100 427 2344 503 τὰπάθη
2374 433 2439 486 τά
2470 431 2790 502 ἐνοχλοῦντα
2817 430 2960 484 οὕτω
2992 431 3086 484 καὶ
3110 431 3210 493 τάς
3237 429 3346 482 τῶν
3373 430 3578 498 ἀλόγων
3604 450 3724 501 προσ,

321 527 434 579 τίον
468 526 586 578 ἐστὶ
613 527 678 594 τῇ
707 523 864 592 φύσει
898 519 1006 572 τῶν
1031 518 1262 582 ὑδάτων,
1291 517 1352 568 τὸ
1384 515 1529 568 οὓτω
1555 514 1692 584 βαρὺ
1717 515 1877 584 σῶμα
1905 515 2002 584 φέ-

327 629 442 677 ρειν
462 629 476 642 ο
512 613 604 662 καὶ
635 612 699 679 τῇ
733 611 802 677 γῇ
833 605 991 658 πάλιν
1019 603 1261 657 ἐναντίον
1286 601 1346 655 τὸ
1386 601 1477 654 ἐπὶ
1509 600 1737 671 τοιούτῳ
1765 601 2001 672 θεμελίῳ

321 700 419 767 τὴν
450 699 611 766 ’έδραν
645 695 808 764 ἔχειν.
849 693 955 745 Καὶ
987 691 1039 744 τί
1085 690 1418 761 θαυμάζεις;
1457 689 1574 742 Κᾶν
1605 689 1714 760 γὰρ
1748 690 1832 756 ἐφ’
1868 689 2002 742 ἐκά-

325 799 449 834 στου
478 781 585 832 τῶν
611 778 917 848 γενομένων
943 773 1291 845 διερευνῆσαι
1317 772 1606 844 βουληθῇς,
1628 773 1880 843 εὑρήσεις
1908 773 2002 825 τοῦ

322 869 384 938 δη
397 869 828 938 μιηυργήσαντος
849 865 1078 935 ἄπειρον
1098 862 1197 932 τὴν
1226 862 1476 931 δύναμιν,
1509 861 1602 914 καὶ
1630 861 1710 914 ὅτι
1736 863 1802 930 τῇ
1828 860 2003 931 οἰκείᾳ
2057 872 2073 883 ‘

325 953 1018 1024 βνυλήσείὴνιοχενπάντα
1043 949 1112 1002 τά
1138 948 1412 1021 ὁρώμενα.
1434 947 1623 1000 ,Τοῦτο
1662 947 1771 1018 γάρ
1801 947 1895 999 καὶ
1913 947 2005 998 ἐπὶ

2101 522 2352 592 ηγορίας,
2386 519 2653 591 πολλαχοῦ
2675 520 2730 572 δέ
2756 522 2851 572 καὶ
2874 519 3208 592 τῶν-θηρίων
3233 521 3346 583 τοῖς
3379 517 3526 587 λόγῳ
3552 537 3724 589 τετιμη

2107 589 2602 683 μένοιςοέπιτίθησι
2627 627 2639 640 ο
2673 610 2802 663 ποτέ
2839 610 2937 680 μὲν
2960 589 3129 671 κύνας
3164 607 3404 661 καλοῦσα
3431 608 3521 660 διά
3543 609 3600 660 τὸ
3626 611 3724 662 ἀναί

2106 718 2328 770 σχυντον
2358 701 2450 753 καὶ
2495 700 2684 770 ἰταμόν
2706 715 2720 729 ο
2757 700 2948 763 Κύνες
2985 697 3116 768 γάρ,
3145 697 3328 766 φησὶν,
3357 697 3538 757 ἐνεοί.
3575 699 3638 749 οὐ
3668 697 3724 750 δυ

2102 789 2348 854 νόμενοι
2403 787 2716 843 ὑλακτεῖν·
2774 785 2904 838 ποτὲ
2953 785 3009 839 δὲ
3066 786 3263 847 ἵππους
3308 783 3398 836 διά
3440 782 3505 835 τὸ
3547 783 3714 850 λάγνον

2107 878 2313 930 Ἰπποι
2363 877 2472 946 γὰρ
2521 873 2888 943 θηλυμανεῖς
2926 873 3227 943 ἐγένοντο,
3257 871 3518 936 ἕκαστος
3544 871 3632 922 ἐπὶ
3661 873 3724 940 εἰη

2105 963 2363 1034 γυναῖκα
2393 963 2498 1017 τοῦ
2537 963 2806 1028 πλησίον
2837 959 3306 1031 χρεμετίζοντες·
3354 957 3491 1011 ποτέ
3529 958 3581 1010 δέ
3607 958 3724 1026 ὅνους

322 1041 418 1095 τοῦ
457 1043 626 1112 πυρὸς
657 1041 803 1093 ἐστιν
851 1040 976 1091 ἰδεῖν
1015 1036 1298 1106 γινόμενον
1319 1051 1332 1064 ’
1377 1034 1590 1122 τὸγὰρ
1624 1031 2003 1122 δαπαγητςκὴν
2045 1033 2075 1074 Ι
2104 1031 2195 1105 διὰ
2211 1051 2307 1122 τὴν
2327 1049 2724 1120 ἀγνωμοσύνην
2751 1049 2845 1102 καὶ
2874 1051 2974 1120 τὴν
3005 1049 3190 1103 ἄνοιαν
3223 1063 3238 1078 ⁸
3264 1046 3724 1116 Παρασυνεᾶιήθι

326 1130 448 1200 ἔχον
491 1131 792 1202 ἐνέργειαν,
838 1127 930 1179 καὶ
965 1125 1180 1178 πάντων
1216 1121 1651 1193 περιγινόμενον,
1699 1121 1792 1173 καὶ
1825 1121 2005 1172 πᾶσαν

331 1219 463 1289 ὑλην
484 1217 668 1278 λίθων,
699 1217 793 1268 καὶ
832 1215 1024 1278 ξύλων,
1065 1213 1161 1265 καὶ
1189 1199 1478 1280 σωμάτων,
1515 1209 1607 1262 καὶ
1631 1208 1851 1280 σιδήρου
1886 1209 2003 1278 μετ’

330 1305 580 1366 εὐκολίας
603 1302 1020 1365 καταναλίσκον,
1039 1298 1225 1368 ἐπειδὴ
1261 1295 1594 1368 προσέταξεν
1610 1297 1637 1347 ό
1653 1293 2004 1365 δημιουργὸς,

332 1395 600 1465 σωμάτων
629 1390 854 1444 ἀπαλῶν
891 1388 986 1442 καὶ
1021 1386 1278 1458 φθαρτῶν
1319 1387 1419 1456 οὑχ
1461 1385 1658 1455 ἥψατο,
1693 1381 1806 1436 ἀλλ’
1837 1381 2007 1434 ἀϐλα-

330 1485 444 1546 ϐεῖς
483 1483 608 1544 τοὺς
646 1479 843 1542 παῖδας
873 1476 1218 1546 διεφύλαττεν
1253 1476 1311 1526 ἐν
1349 1474 1489 1544 μέσῃ
1525 1473 1595 1542 τῇ
1637 1471 1870 1542 καμίνῳ.
1898 1469 2009 1522 Καὶ

336 1573 410 1643 μὴ
436 1570 745 1642 θαυμάσῃς,
786 1570 835 1620 εἰ
867 1567 975 1620 τῶν
1023 1564 1291 1635 σωμάτων
1316 1561 1492 1616 αὑτῶν
1535 1562 1633 1631 οὑχ
1655 1560 1848 1630 ἥψατο,
1893 1557 2008 1611 ἀλλ’

332 1658 586 1725 εύταξίαν
652 1656 920 1726 τοσαύτην
990 1651 1301 1718 ἐπεδείξατο
1369 1650 1428 1702 τὸ
1490 1650 1683 1718 ἄλογον
1752 1649 2010 1716 στοιχεῖον

331 1749 464 1819 ὅσην
505 1747 627 1801 οὑδέ
661 1745 806 1798 ἐστιν
835 1744 1028 1796 εἰπεῖν.
1057 1741 1191 1795 Οὑδέ
1221 1739 1328 1810 γάρ
1361 1740 1480 1800 ταῖς
1518 1736 1694 1808 θριξὶν
1734 1736 2009 1806 ἐλυμήνα-

330 1854 414 1897 το,
445 1835 560 1890 ἀλλ’
586 1833 815 1888 ἐκύκλου
845 1830 944 1901 μὲν
973 1829 1192 1892 αὐτοὺς,
1233 1828 1328 1880 καὶ
1370 1821 1514 1896 εἶχεν
1546 1824 1725 1877 ἔνδονο
1761 1823 2012 1894 καθάπερ

332 1925 389 1978 δέ
414 1921 660 1993 ὑπακοὴν
690 1918 972 1991 πληροῦσα
1006 1920 1040 1987 ἡ
1068 1915 1162 1968 τοῦ
1194 1915 1365 1986 πυρὸς
1405 1912 1583 1976 οὑσία,
1617 1913 1708 1965 καὶ
1738 1911 2010 1964 Δεσπότου

333 2011 668 2081 ἐπιτάγματι
700 2005 1140 2076 ὑπηρετουμένη,
1175 2001 1466 2070 ἀκεραίους
1504 2000 1608 2058 ,καὶ
1651 1998 1907 2061 ἀϐλαϐεῖς
1937 1997 2016 2050 δι-

335 2098 601 2170 εφύλαττε
639 2095 765 2157 τοὺς
817 2091 1163 2162 θαυμαστοὺς
1193 2089 1431 2151 ἐκείνους
1463 2088 1680 2149 παῖδας,
1707 2086 1803 2139 καὶ
1824 2085 2012 2156 ὥσπερ

337 2189 395 2240 ἐν
448 2184 676 2254 λειμῶνι
721 2181 816 2234 καὶ
861 2177 1173 2250 παραδείσῳ
1209 2175 1535 2246 βαδίζοντες,
1578 2174 1716 2245 μετὰ
1749 2172 2014 2244 τοσαύτης

339 2275 520 2338 ἀδείας
557 2274 650 2326 ἐπὶ
673 2270 774 2341 τῆς
804 2268 1033 2340 καμίνου
1065 2262 1273 2336 διῆγον.
1309 2265 1418 2317 Καὶ
1446 2265 1532 2316 ἵνα
1577 2263 1652 2334 μὴ
1685 2263 1880 2334 νομίσῃ
1909 2279 2013 2326 τις,

337 2365 422 2417 ὅτι
449 2361 550 2415 οὑκ
575 2356 644 2432 ἦν
670 2358 922 2428 ἐνέργεια
949 2355 1120 2427 πυρὸς
1147 2354 1208 2406 τὸ
1235 2351 1532 2424 ὁρώμενον,
1563 2351 1651 2405 διὰ
1677 2350 1836 2404 τοῦτο
1863 2353 1892 2403 ό
1927 2367 2017 2418 φι-

339 2449 660 2522 λάνθρωπος
691 2444 972 2514 Δεσπότης
997 2442 1058 2496 οὑ
1089 2441 1187 2512 τὴν
1222 2441 1500 2511 ἐνέργειαν
1526 2439 1690 2493 αὑτοῦ
1730 2438 2013 2508 ἐπέδησεν,

338 2538 454 2592 ἀλλ’
483 2537 640 2605 ἀφεὶς
688 2533 870 2604 μένειν
918 2534 1018 2599 την
1061 2529 1340 2599 ἐνέργειαν
1373 2527 1536 2580 αὑτοῦ
1567 2526 1664 2597 τὴν
1693 2526 2014 2595 καυστικὴν,

339 2627 468 2689 τοὺς
496 2624 660 2686 ἰδίους
689 2620 1029 2692 θεράποντας
1053 2616 1358 2688 ἀνωτέρους
1382 2616 1482 2685 τῆς
1507 2617 1570 2667 ἐκ
1595 2612 1787 2666 τούτου
1817 2613 2018 2683 βλάϐης

340 2712 644 2787 εἰργάζετο.
663 2709 801 2763 Ἀλλ’
825 2709 913 2762 ῖνα
941 2705 1152 2777 μάθωσι
1185 2706 1279 2758 καὶ
1307 2706 1354 2757 οἰ
1385 2703 1715 2776 ἐμϐαλόντες
1734 2741 1748 2763 ,
1802 2702 1902 2772 ὅση
1925 2700 2017 2754 τοῦ

340 2803 449 2857 τῶν
477 2801 614 2856 ὅλων
641 2797 776 2852 Θεοῦ
810 2798 843 2867 ἡ
870 2795 1120 2865 δύναμις,
1153 2792 1241 2845 ἐπ’
1270 2792 1494 2844 ἐκείνων
1523 2792 1622 2860 μὲν
1669 2791 1768 2861 τὴν
1815 2790 2022 2842 οἰκείαν

341 2893 622 2964 ἐνέργειαν
651 2886 994 2940 ἐπεδείκνυτο
1017 2881 1094 2935 τδ’
1110 2880 1220 2953 πῦρ
1241 2899 1255 2912 ο
1287 2882 1381 2935 καὶ
1408 2880 1469 2933 τὸ
1493 2879 1626 2933 αὑτὸ
1656 2878 1895 2942 ἐκείνους
1924 2879 2024 2949 μὲν

342 2977 720 3052 περιέστελλεν
755 2974 924 3038 ἔνδον,
955 2973 1180 3034 τούτους
1213 2970 1269 3023 δὲ
1297 2969 1401 3036 ἔξω
1432 2969 1672 3031 ἑστῶτας
1722 2967 2024 3036 κατέφλεγε

344 3072 438 3125 καὶ
483 3069 792 3140 ἀνήλισκεν.
822 3061 977 3126 Εἶδες
1027 3061 1165 3125 πῶς,
1193 3063 1320 3114 ὅταν
1361 3063 1389 3113 ό
1430 3060 1708 3132 Δεσπότης
1743 3059 2022 3130 βούληται,

345 3161 574 3212 ἕκαστον
623 3153 734 3206 τῶν
783 3150 1061 3221 στοιχείων
1110 3149 1246 3218 πρὸς
1279 3148 1377 3214 τὴν
1427 3147 1674 3201 ἐναντίαν
1708 3147 2026 3219 μεθίστησιν

345 3243 565 3303 οὑσίανς
599 3238 941 3310 Δημιουργὸς
969 3237 1078 3307 γάρ
1111 3238 1228 3289 ἐστι
1272 3235 1366 3288 καὶ
1410 3235 1706 3305 Δεσπότης,
1750 3233 1844 3287 καὶ
1892 3234 2026 3304 πρδς

345 3335 406 3387 τὸ
439 3332 637 3386 οἰκεῖον
663 3329 874 3399 θέλημα
900 3327 1116 3381 ἅπαντα
1147 3327 1440 3395 οἰκονομεῖ.
1480 3323 1747 3377 Βούλεσθε
1794 3324 1890 3377 καὶ
1933 3323 2026 3376 ἐπὶ

345 3421 455 3474 τῶν
482 3421 690 3474 ὑδάτων
723 3416 884 3470 πάλιν
915 3415 1042 3468 ἰδεῖν
1074 3414 1135 3467 τὸ
1161 3413 1292 3468 αὐτὸ
1317 3412 1473 3466 τοῦτο
1506 3412 1816 3482 γινόμενον;
1845 3411 2028 3465 Καθά-

349 3527 455 3581 περ
487 3509 595 3579 γάρ
624 3504 857 3560 ἐνταῦθα
880 3504 940 3557 τὸ
966 3503 1078 3574 πῦρ
1107 3503 1214 3556 τῶν
1245 3502 1344 3573 μὲν
1366 3501 1510 3554 ἔνδον
1539 3500 1708 3553 ὄντων
1735 3501 2025 3571 ἀπέσχετο,

350 3600 445 3652 καὶ
477 3595 768 3650 ἐπελάθετο
805 3593 902 3663 τῆς
935 3590 1142 3654 οἰκείας
1173 3589 1472 3661 ἐνεργείας,
1524 3589 1617 3642 ἐπὶ
1661 3589 1718 3641 δέ
1768 3589 1876 3641 τῶν
1925 3587 2030 3653 ἔξω

349 3685 724 3757 τυγχανόντων
771 3681 840 3735 τὰ
886 3679 1080 3733 ἐαυτοῦ
1131 3679 1394 3748 ἐπλήρου,
1425 3676 1567 3730 οὕτω
1617 3679 1711 3730 καὶ
1747 3676 1816 3730 τά
1860 3677 2030 3730 ὕδατα

348 3771 593 3844 ὀψόμεθα
625 3771 750 3834 τοὺς
794 3769 892 3840 μέν
929 3766 1298 3837 ὑποϐρυχίους
1339 3764 1701 3836 ἐργαζόμενα,
1737 3765 1944 3832 ἑτέροις
1973 3765 2030 3818 δὲ

351 3859 757 3932 ὑποχωροῦντα,
791 3856 933 3910 ὥστε
979 3853 1234 3918 ἀϐλαϐῶς
1272 3854 1468 3916 αὑτοὺς
1498 3852 1743 3907 διελθεῖν.
1763 3853 2032 3922 Ἀναμνή-

320 3993 322 3996 ,
353 3948 517 4020 σθητέ
550 3963 637 4018 μοι
674 3945 769 4000 νῦν
799 3943 892 3997 τοῦ
925 3941 1041 4014 [95]
1070 3941 1272 4014 Φαραὼ
1303 3943 1396 3995 καὶ
1434 3941 1544 3997 τῶν
1576 3942 1909 4011 Αἰγυπτίων,
1939 3943 2032 3995 καὶ

350 4039 444 4092 τοῦ
471 4038 642 4108 δήμου
673 4034 782 4088 τῶν
820 4032 1108 4103 Ἐϐραίων,
1134 4031 1282 4093 ὅπως
1318 4033 1517 4084 ἐκεῖνοι
1542 4031 1640 4101 μὲν
1665 4031 1752 4084 διά
1776 4031 1837 4083 τὸ
1865 4030 2033 4100 πρόσ-

351 4142 539 4196 ταγμα
563 4121 655 4176 τοῦ
688 4120 982 4186 Δεσπότου,
1013 4118 1108 4172 τοῦ
1146 4118 1384 4189 μεγάλου
1413 4119 1695 4181 Μωῦσέως
1757 4135 2033 4190 προηγου-

358 4215 540 4286 μένου,
573 4211 827 4281 καθάπερ
857 4211 948 4262 ἐπὶ
988 4207 1182 4279 ξηρᾶς,
1213 4206 1356 4260 οῦτω
1386 4206 1651 4260 διέϐαινον
1680 4207 1768 4260 διὰ
1796 4207 1898 4276 τῆς
1932 4208 2028 4260 θα-

354 4302 560 4372 λάσσης
607 4299 710 4366 τῆς
755 4297 990 4369 ἐρυθρᾶς
1015 4314 1028 4328 ·
1061 4297 1108 4348 οἰ
1134 4294 1192 4347 δέ
1224 4295 1510 4362 Αἰγύπτιοι
1546 4295 1683 4366 μετά
1709 4293 1803 4347 τοῦ
1837 4293 2036 4365 Φαραὼ

354 4391 455 4461 τὴν
502 4389 673 4458 αὑτὴν
718 4386 901 4448 αὐτοῖς
939 4382 1114 4437 ἐλθεῖν
1163 4381 1279 4435 ὁδὸν
1312 4381 1682 4452 βουληθέντες,
1716 4381 2034 4454 ὑποϐρύχιοι

355 4476 636 4545 γενόμενοι
665 4470 1134 4535 κατεποντίζοντο.
1164 4469 1352 4531 Οῦτως
1393 4464 1500 4522 οἶδε
1543 4468 1636 4521 καὶ
1682 4469 1750 4522 τὰ
1800 4472 2036 4541 στοιχεῖα

357 4562 622 4618 αἰδεῖσθαι
663 4561 790 4624 τοὺς
834 4558 928 4611 τοῦ
972 4556 1244 4610 Δεσπότου
1281 4557 1649 4626 θεράποντας,
1683 4557 1778 4609 καὶ
1819 4555 1916 4626 τὴν
1959 4559 2038 4610 οἰ-

358 4652 513 4706 κείαν
541 4648 717 4723 όρμην
760 4648 868 4701 ἔσω
898 4647 1169 4716 κατέχειν.
1189 4644 1536 4715 Ἀκούσωμεν
1584 4645 1698 4697 ὅσοι
1747 4643 2034 4714 θυμώδεις,

355 4742 472 4794 ὅσοι
515 4738 744 4808 ὀργίλοι,
775 4737 887 4789 ὅσοι
939 4734 1044 4787 ὑπὸ
1073 4733 1179 4786 τῶν
1213 4732 1388 4786 ἀλλων
1428 4731 1616 4785 παθῶν
1643 4730 1730 4784 διὰ
1767 4733 2036 4804 ῥᾳθυμίαν

359 4828 706 4898 ἁλισκόμενοι
736 4824 834 4895 τὴν
870 4821 1079 4875 ἐαυτῶν
1129 4819 1448 4890 προδίδομεν
1497 4819 1794 4890 σωτηρίαν,
1828 4820 1920 4872 καὶ
1949 4839 2039 4891 μι-

362 4913 664 4988 μησώμεθα
707 4911 816 4964 τῶν
851 4908 1060 4978 ἀλόγων
1096 4906 1298 4960 τούτων
1326 4906 1606 4977 στοιχείων
1633 4906 1732 4976 τὴν
1771 4907 2039 4978 τοσαύτην

361 5003 624 5074 ὑπακοὴν,
655 5003 818 5072 ἡμεῖς
850 5000 899 5052 οἰ
931 4997 1072 5068 λόγῳ
1099 4995 1474 5065 τετιμημένοι.
1506 4996 1567 5048 Εἰ
1597 4996 1704 5067 γάρ
1739 4995 1798 5049 τὸ
1832 4996 2040 5069 πῦρ,τὺ

360 5092 503 5146 οὑτω
532 5087 919 5160 δαπανητικδν,
947 5086 1007 5138 τὸ
1033 5085 1173 5138 οὑτω
1206 5084 1455 5156 σφοδρὸν,
1483 5087 1749 5155 σωμάτων
1786 5085 2040 5157 φθαρτῶν

364 5181 460 5234 καὶ
487 5179 658 5242 οῦτως
690 5174 912 5233 ἁπαλῶν
943 5174 1231 5245 ἀπέσχετο,
1256 5173 1416 5236 ποίας
1447 5172 1514 5225 ἂν
1538 5173 1677 5245 τύχῃ
1710 5173 2042 5245 συγγνώμης

366 5267 670 5338 ἄνθρωπος,
708 5263 782 5334 μὴ
828 5262 1147 5334 βουλόμενος
1186 5261 1278 5314 τὸν
1310 5259 1504 5314 ἐαυτοῦ
1537 5260 1833 5332 χαλινῶσαι
1874 5263 2041 5333 θυμὸν

365 5355 452 5408 διὰ
478 5353 537 5406 τὸ
561 5351 842 5421 ἐπίταγμα
885 5349 980 5403 τοῦ
1008 5350 1302 5412 Δεσπότου,
1331 5350 1424 5402 καὶ
1452 5350 1550 5420 τὴν
1585 5350 1755 5421 ὀργὴν
1780 5350 1878 5421 τὴν
1906 5352 2042 5422 πρὸς

365 5443 459 5496 τὸν
490 5439 714 5510 πλησίον
758 5438 1038 5502 ἐκϐαλεῖν;
1067 5438 1176 5490 Καὶ
1209 5437 1268 5490 τδ
1300 5438 1363 5508 δὴ
1403 5439 1616 5506 μεῖζον,
1659 5440 1738 5490 ὅτι
1773 5439 1884 5510 πῦρ
1912 5440 2042 5492 ταύ-

367 5548 466 5602 την
503 5528 625 5599 ἔχον
652 5526 748 5597 τὴν
779 5526 986 5590 οὐσίαν,
1015 5525 1074 5577 τὸ
1105 5525 1279 5578 καίειν
1313 5525 1477 5593 λέγω,
1505 5527 1605 5597 τὴν
1646 5527 1851 5581 οἰκείαν
1890 5529 2042 5600 ἐνέρ-

369 5635 522 5686 γειαν
571 5616 671 5668 οὑκ
718 5612 1050 5676 ἐπεδείξατο,
1083 5612 1110 5663 ὁ
1133 5612 1189 5664 δὲ
1219 5613 1524 5682 ἅνθρωπος,
1557 5614 1616 5666 τὸ
1643 5616 1850 5688 ἥμερον
1881 5615 2038 5682 ζῶον,

365 5705 428 5758 τὸ
456 5701 693 5771 λογικὸν,
720 5700 778 5754 τὸ
804 5699 1060 5761 ἐπιεικὲς,
1091 5697 1158 5750 τά
1191 5699 1410 5774 ἐναντία
1439 5707 1503 5770 τῇ
1535 5701 1710 5771 οἰκεία
1745 5702 1902 5770 φύσει
1928 5703 2039 5756 δια-

371 5791 686 5864 πράττεται,
725 5789 815 5844 καί
859 5787 947 5842 διὰ
997 5786 1273 5859 ρᾳθυμίαν
1299 5789 1380 5852 εἰςΔ
1406 5789 1500 5860 τὴν
1533 5788 1635 5852 τῶν
1664 5789 1865 5863 θηρίων
1901 5791 2039 5863 ὠμά.

2105 1142 2236 1214 γὰρ,
2269 1141 2421 1212 φησὶ,
2453 1139 2577 1205 τοῖς
2609 1138 2856 1203 κτήνεσι
2891 1137 3015 1203 τοῖς
3047 1135 3347 1201 ἀνοήτοις,
3379 1134 3482 1187 καὶ
3523 1134 3723 1202 ὡμοιώθε

2106 1230 2342 1296 αὐτοῖς’
2383 1228 2514 1281 ποτέ
2559 1228 2616 1280 δέ
2661 1226 2884 1289 λέοντας
2913 1226 3006 1279 καὶ
3034 1223 3346 1293 παρδάλεις,
3380 1221 3472 1274 διὰ
3517 1221 3574 1273 τὸ
3607 1223 3724 1291 ἀρπα

2107 1319 2291 1372 κτικδν
2319 1319 2411 1371 καί
2434 1314 2814 1368 πλεονεκτικόν
2835 1332 2848 1344 ο
2889 1313 3019 1366 ποτὲ
3059 1312 3115 1365 δέ
3149 1311 3402 1372 ἀσπίδας,
3435 1308 3528 1362 διά
3557 1309 3610 1361 τὸ
3635 1307 3724 1360 eo):

2113 1407 2231 1478 ρόν·
2275 1405 2380 1472 Ἰὸς
2409 1405 2539 1478 γάρ,
2569 1405 2751 1475 φησὶν,
2784 1401 3060 1457 ἀσπίδων
3088 1401 3207 1454 ὑπὸ
3239 1401 3311 1452 τὰ
3335 1399 3517 1468 χείλη
3553 1397 3723 1474 αὐτῶν

2111 1495 2240 1548 ποτέ
2263 1493 2318 1546 δέ
2351 1493 2503 1562 ὄφεις
2532 1492 2627 1545 καὶ
2655 1492 2820 1561 ἔχεις,
2849 1489 2936 1543 διά
2979 1489 3071 1542 τὸν
3116 1488 3193 1542 ἰὸν
3237 1488 3331 1542 καί.
3359 1490 3462 1558 τὴν
3501 1471 3724 1556 πονηρίαι

2110 1581 2294 1644 καθὼς
2334 1581 2428 1634 καὶ
2476 1580 2506 1633 ὁ
2544 1580 2811 1650 μακάριος
2852 1577 3106 1647 Ἰωάννης
3134 1576 3286 1635 ἐϐόα.
3320 1575 3536 1643 λέγων’
3570 1576 3724 1643 Ὀρεις

2111 1668 2456 1739 γεννήματα
2484 1665 2759 1735 ἐχιδνῶν,
2793 1663 2884 1729 τίς
2913 1661 3229 1725 ὑπέδειξεν
3262 1661 3402 1731 ὑμῖν
3433 1659 3642 1730 φυγεῖν
3659 1662 3724 1712 ἀπ

2110 1756 2222 1825 τῆς
2249 1756 2606 1826 μελλούσης
2643 1751 2864 1821 ὀργῆς;
2904 1750 2998 1804 καί
3029 1749 3190 1821 ἔτερα
3234 1748 3292 1803 δέ
3337 1748 3641 1818 κατάλληλα
3667 1739 3724 1800 τοί

2114 1847 2343 1899 πάθεσιν
2374 1844 2614 1914 ὀνόματα
2644 1840 2861 1909 ἐπάγει,
2887 1840 2973 1891 ἵνα
3005 1837 3106 1892 κᾶν
3135 1836 3307 1900 οὑτως
3335 1837 3666 1899 αἰδεσθέντες
3679 1833 3724 1906 ἀς

2113 1951 2245 1986 ποτε
2277 1932 2412 2004 πρὸς
2442 1931 2538 2002 τὴν
2568 1929 2774 1982 οἰκείαν
2809 1927 3087 1995 εὐγένειαν
3121 1925 3480 1985 ἐπανέλθωσι,
3515 1926 3604 1978 καὶ
3633 1923 3724 1977 σπει

2117 2037 2316 2075 σωνται
2368 2019 2503 2090 πρὸς
2550 2017 2612 2069 τὸ
2657 2013 2935 2087 ὁμογενὲς,
2975 2013 3070 2067 καὶ
3119 2013 3245 2075 τοὺς
3289 2011 3382 2064 τοῦ
3423 2011 3563 2064 Θεοῦ
3593 2013 3724 2080 νόμοι

2115 2107 2540 2181 προτιμοτέρους
2587 2105 2897 2175 ἡγήσωνται
2941 2102 3049 2155 τῶν
3097 2100 3312 2153 οἰκείων
3347 2099 3556 2165 παθῶν,
3583 2093 3657 2162 οἷς
3689 2098 3724 2151 δι

2119 2199 2252 2270 ῥᾳθυ
2263 2197 2391 2267 μίαν
2417 2194 2643 2256 ἑαυτοὺς
2674 2190 3052 2244 ἐκδεδὼκασιν.

2186 2286 2248 2339 δ’.
2293 2283 2433 2336 Ἀλλ’
2455 2282 2554 2335 οὑκ
2602 2277 2737 2344 οἶδα,
2769 2277 2887 2341 πῶς
2921 2278 3024 2330 ὑπὸ
3048 2276 3148 2348 τῆς
3179 2275 3275 2330 τοῦ
3308 2275 3472 2344 λόγου
3509 2273 3676 2347 ῥύμης
3699 2291 3723 2325 ει

2115 2368 2290 2423 ταῦτα
2339 2364 2624 2436 ἐξέϐημεν.
2657 2362 2794 2433 Φέρε
2839 2360 2902 2432 δὴ
2953 2360 3140 2412 λοιπὸν
3180 2359 3569 2429 ἐπανέλθωμεν
3601 2359 3724 2411 ἐπὶε

2119 2450 2498 2525 προκείμενον,
2545 2446 2640 2500 καὶ
2671 2444 2867 2514 ἴδωμεν
2912 2442 2964 2496 τί
3009 2442 3106 2497 καὶ
3137 2441 3321 2514 ἕτερον
3359 2442 3600 2512 σήμερον
3645 2439 3724 2509 ἠμί

2117 2523 2324 2600 διδάξαι
2370 2533 2617 2605 βούλεται
2662 2531 2691 2584 ό
2738 2529 3004 2600 μακάριος
3048 2525 3206 2591 οῦτος
3257 2528 3564 2596 προφήτης.
3613 2523 3724 2584 Emi

2119 2622 2248 2691 γὰρ,
2280 2618 2442 2686 Αὕτη
2471 2614 2510 2681 ὴ
2539 2615 2760 2679 βίϐλος
2790 2610 3085 2681 γενέσεως
3112 2608 3374 2678 οὐρανοῦ
3415 2625 3480 2662 τε
3526 2605 3723 2691 καὶ

2123 2689 2330 2775 προῖὼν
2361 2701 2628 2772 διηγεῖται
2661 2698 2793 2767 ἡμῖν
2841 2691 3001 2748 πάλιν
3029 2693 3418 2766 ἀκριϐέστερον
3446 2691 3548 2761 τὴν
3572 2689 3668 2775 τοῦ
3697 2689 3724 2740 ἀ

2122 2774 2339 2858 θρώπου
2386 2779 2764 2852 δημιουργίαν.
2818 2779 2930 2832 Καὶ
2985 2778 3170 2847 ἐπειδὴ
3220 2776 3478 2846 ἀνωτέρω
3522 2774 3724 2858 συντόμι

2122 2857 2260 2926 εἰπε·
2287 2868 2398 2923 Καὶ
2420 2867 2708 2934 ἐποίησεν
2732 2867 2764 2918 ὀ
2788 2864 2934 2927 Θεὸς
2957 2861 3062 2916 τὸν
3088 2861 3421 2930 ἄνθρωπον,
3445 2858 3572 2913 κατ’
3596 2857 3724 2910 size-'1

2125 2955 2273 3010 Θεοῦ
2295 2953 2586 3019 ἐποίησεν
2613 2947 2816 3010 αὑτὸν,
2850 2946 2944 3000 νῦν
2971 2963 3123 3016 φησι,
3150 2945 3257 2999 Kal
3282 2946 3557 2998 ἔπλασεν
3591 2945 3622 2996 ό
3654 2944 3724 2994 Θετ

2125 3039 2239 3113 [96]
2275 3039 2381 3092 τὸν
2410 3036 2743 3102 ἄνθρωπον,
2770 3030 2923 3101 χοῦν
2947 3043 2973 3072 ι
3002 3028 3121 3084 ἀπὸ
3161 3027 3273 3113 τῆς
3297 3027 3563 3113 γῆς,καί
3585 3027 3723 3091 bra?“

2125 3109 2324 3191 σησεν
2343 3123 2430 3186 εις
2451 3117 2517 3172 τὸ
2539 3117 2865 3185 πρόσωπον
2905 3113 3092 3167 αὐτοῦ
3127 3111 3328 3178 πνοὴν
3349 3110 3522 3178 ζωῆς,
3549 3111 3644 3163 καί
3674 3109 3724 3176 ἐγ

2125 3223 2261 3260 νετο
2283 3208 2315 3258 ὁ
2337 3203 2646 3270 ἄνθρωπος
2666 3201 2754 3264 εἰς
2771 3197 2982 3266 ψυχὴν
3003 3194 3215 3257 ζῶσαν.
3235 3195 3393 3262 Μέγα
3409 3193 3471 3246 τὸ
3490 3193 3724 3265 εἰρημένη

2127 3292 2222 3344 καὶ
2271 3287 2472 3357 πολλῆς
2520 3282 2834 3352 ἐκπλήξεως
2862 3281 3052 3350 γέμον,
3085 3279 3180 3330 καὶ
3210 3276 3539 3347 ὑπερϐαῖνον
3564 3276 3724 3328 διάνοι

2127 3371 2476 3444 ἀνθρωπίνην
2496 3388 2509 3400 ·
2541 3367 2651 3422 Καὶ
2685 3367 2938 3427 ἔπλασε,
2970 3363 3152 3444 φησὶν,
3193 3363 3225 3414 ό
3265 3360 3411 3426 Θεὸς
3448 3359 3557 3444 τὸν
3583 3360 3724 3426 ἇνθρ

2127 3442 2269 3518 πωὲ,
2298 3448 2478 3506 λαϐὼν
2495 3447 2647 3517 χοῦν
2659 3445 2777 3501 ἀπὸ
2801 3445 2910 3512 τῆς
2931 3443 3287 3514 γῆς.Ὤσπερ
3315 3443 3410 3494 ἐπὶ
3441 3442 3552 3494 τῶν
3574 3458 3724 3506 κτισμ

2126 3557 2236 3594 των
2266 3537 2373 3591 τῶν
2417 3532 2709 3605 ὁρωμένων
2739 3530 2994 3584 ἀπάντων
3032 3527 3238 3595 ἔλεγον,
3269 3528 3350 3579 ὅτι
3379 3527 3702 3587 άπεναντίας

2130 3624 2291 3694 φύσει
2335 3621 2402 3689 τῇ
2449 3613 2764 3686 ἀνθρωπίνῃ
2795 3611 3010 3665 ἅπαντα
3043 3610 3431 3682 διαπράττεται
3462 3612 3491 3662 ὁ
3517 3609 3619 3660 τῶν
3666 3607 3724 3660 ὅλη

2129 3690 2478 3778 δημιουργὸς,
2507 3700 2593 3752 ἵνα
2618 3698 2711 3750 καὶ
2737 3695 2823 3748 διὰ
2851 3693 3040 3746 τούτου
3072 3695 3105 3763 ἠ
3139 3696 3343 3762 ἀφατος
3373 3691 3538 3745 αὐτοῦ
3576 3690 3724 3758 δύναξ

2129 3774 2311 3860 δειχθῇ
2333 3774 2344 3816 έ
2384 3785 2524 3838 οὑτω
2543 3782 2636 3836 καὶ
2667 3782 2759 3834 ἐπὶ
2782 3781 2879 3851 τῆς
2906 3777 2998 3854 τοῦ
3026 3777 3315 3860 ἀνθρώπου
3351 3774 3686 3835 διαπλάσεως
3713 3789 3724 3824 ε

2134 3858 2370 3947 ρήσ-ομεν
2397 3869 2490 3921 νῦν
2517 3864 2915 3934 γεγονός.”ορα
2934 3860 3064 3947 γὰρ,
3090 3861 3186 3930 τὴν
3217 3859 3335 3947 γῆν.
3354 3860 3449 3911 ἐπὶ
3472 3859 3576 3911 τῶν
3598 3858 3723 3909 ὑδάτ

2134 3939 2513 4026 ἐθεμελίωσεν,
2542 3950 2679 4019 ὅπερ
2712 3947 2772 3999 οὐ
2827 3948 2995 4018 χωρεῖ
3035 3943 3288 4010 δέξασθαι
3320 3941 3580 4010 λογισμὸς
3605 3939 3724 4008 avo;

2133 4022 2285 4102 πινος
2320 4036 2447 4090 ἄνευ
2479 4031 2732 4093 πίστεως,
2761 4031 2858 4083 καὶ
2905 4029 3006 4092 τὰς
3035 4028 3221 4090 οὑσίας
3266 4026 3323 4078 δέ
3372 4026 3554 4088 πάσας
3589 4022 3724 4077 ἐπειί

2135 4120 2392 4194 βουληθῇ,
2428 4115 2676 4185 καθάπερ
2698 4111 3076 4182 ἀπεδείξαμεν,
3106 4109 3325 4194 ἐναντία
3357 4111 3423 4179 τῇ
3461 4109 3634 4178 οἰκεία
3654 4109 3724 4158 ἐνι

2133 4191 2258 4277 γεία
2286 4201 2692 4276 παρασκευάζει
2715 4194 3161 4268 διαπράττεσθαι.
3188 4192 3292 4246 Τὸν
3327 4193 3494 4246 αὑτὸν
3515 4192 3578 4262 δὴ
3607 4191 3724 4277 τρόιτ

2134 4273 2244 4345 καὶ⁷
2273 4273 2380 4342 ἐπῖ
2407 4287 2505 4356 τῆς
2531 4284 2780 4342 πλάσεως
2801 4280 2896 4333 τοῦ
2933 4276 3220 4349 ἀνθρώπου
3254 4277 3350 4331 νῦν
3390 4278 3524 4346 ημῖν
3555 4273 3723 4344 ἐμφαί

2134 4373 2356 4444 γεγονὸς
2379 4373 2412 4443 ἠ
2442 4369 2562 4423 θεία
2585 4369 2624 4420 Γ
2630 4365 3095 4438 ραφή.”Επλασε,
3127 4360 3312 4444 φησὶν,
3347 4362 3380 4413 ό
3408 4357 3553 4444 Θεὸς
3581 4361 3687 4411 τὸν·
3711 4359 3724 4410 ι

2137 4442 2374 4528 θρωπον
2404 4442 2556 4524 χοῦ-ν
2581 4450 2698 4506 ἀπὸ
2743 4448 2855 4517 τῆς
2903 4445 3018 4516 τῆς
3052 4442 3254 4528 λαϐών.
3293 4444 3357 4497 Τί
3406 4443 3621 4528 λέγεις;
3667 4443 3724 4494 Χι

2138 4525 2316 4594 λαϐὼν
2350 4538 2458 4592 ἀπὸ
2501 4535 2600 4604 τῆς
2647 4533 2749 4604 γῆς
2784 4529 2985 4583 ἔπλασε
3016 4527 3106 4580 τὸν
3135 4525 3456 4596 ἀνθρωπον;
3486 4526 3615 4587 Nai,
3645 4543 3723 4596 φη

2138 4625 2234 4678 καὶ
2270 4623 2367 4692 οὑχ
2394 4617 2579 4682 ἁπλῶς
2611 4610 2731 4668 εἷπε
2777 4613 2900 4682 γῆν,
2946 4610 3103 4676 ἀλλὰ,
3131 4608 3293 4673 Χοῦν,
3321 4609 3396 4673 ὡς
3437 4609 3502 4662 ἂν
3531 4609 3670 4662 εἴποι
3702 4627 3724 4662 τ,

2138 4707 2308 4777 αὑτῆς
2333 4706 2433 4775 τῆς
2463 4703 2567 4772 γῆς
2607 4699 2667 4752 τὸ
2704 4696 3026 4766 λεπτότερον
3050 4693 3142 4746 καὶ
3169 4693 3507 4777 ἀτιμότερον.
3534 4692 3702 4777 ’Μέγα

2141 4790 2234 4843 καὶ
2265 4773 2566 4858 παράδοξον
2591 4781 2728 4836 εἶναι
2751 4781 2899 4834 δοκεῖ
2925 4779 2986 4831 τὸ
3009 4775 3294 4849 εἰρημένον
3315 4791 3327 4804 ·
3353 4775 3466 4828 ἀλλ’
3493 4773 3586 4826 ἐὰν
3611 4776 3724 4845 νοήι

2140 4877 2224 4940 τίς
2254 4879 2282 4930 ὁ
2313 4872 2660 4946 δημιουργὸς,
2691 4869 2875 4922 οὐκέτι
2909 4867 3232 4936 ἀπιστήσεις
3264 4861 3342 4933 τῷ
3365 4862 3654 4932 γινομένῳ,
3677 4861 3724 4914 ἀ]

2142 4964 2443 5035 θαυμάσεις
2487 4960 2581 5014 καί¹
2627 4955 3028 5029 προσκυνήσεις
3073 4951 3167 5005 τοῦ
3205 4951 3667 5022 δημιουργοῦντος
3715 4963 3724 4992 ι

2140 5053 2386 5122 δύναμιν.
2414 5049 2539 5102 Ἐἀν
2582 5046 2639 5100 δέ
2675 5044 2871 5118 μέλλῃς
2902 5041 3038 5114 πρὸς
3079 5041 3178 5112 τὴν
3224 5038 3504 5092 ἀσθένειαν
3550 5037 3658 5090 τῶν
3705 5051 3724 5090 ο

2141 5135 2421 5210 λογισμῶν
2442 5136 2612 5190 ταῦτα
2642 5130 3122 5204 περιεργάζεσθαι,
3145 5126 3292 5190 εἰκός
3313 5142 3376 5193 γε
3405 5125 3627 5179 κάκεῖνό
3653 5142 3713 5177 σε

2142 5230 2347 5284 ἔννοιαν
2374 5226 2577 5290 λαϐεῖν,
2609 5224 2690 5276 ὅτι
2725 5221 2832 5273 ἀπὸ
2865 5221 2968 5289 γῆς
3004 5217 3163 5287 σῶμα
3189 5215 3292 5268 οὑκ
3319 5215 3386 5269 ἂν
3421 5214 3630 5283 γένοιτό
3661 5229 3724 5265 πο

2144 5318 2312 5388 ἀλλ’ἢ
2346 5315 2583 5377 πλίνθος,
2623 5311 2978 5383 ἢῦστρακον,
3023 5306 3182 5376 σῶμα
3226 5304 3284 5358 δέ
3327 5303 3566 5357 τοιοῦτον
3609 5303 3708 5354 οὑκ

2143 5409 2371 5476 γένοιτο.
2389 5403 2552 5473 Ὁρᾷς
2577 5401 2657 5454 ὅτι
2685 5397 2779 5452 ἐὰν
2813 5397 2887 5468 μὴ
2914 5395 3006 5449 καὶ
3039 5393 3268 5462 δύναμιν
3293 5392 3374 5454 εἰς
3407 5390 3614 5446 ἔννοιαν
3640 5388 3724 5442 λά(

2147 5513 2244 5566 μεν
2293 5491 2382 5546 τοῦ
2429 5486 2906 5561 δημιουργοῦντος,
2934 5483 3027 5537 καὶ
3073 5482 3197 5544 τοὺς
3241 5479 3478 5543 οἰκείους
3527 5478 3724 5546 λογισμι

2143 5586 2267 5646 τοὺς
2290 5580 2487 5650 πολλὴν
2524 5578 2621 5648 τὴν
2647 5574 2929 5628 ἀσθένειαν
2965 5566 3438 5641 προϐεϐλημένους
3473 5563 3724 5619 κατευνάς

2150 5689 2268 5739 μεν,
2301 5670 2360 5722 οὑ
2407 5665 2684 5736 δυνάμεθα
2741 5664 2849 5715 τῶν
2901 5659 3204 5737 εἰρημένων
3241 5655 3303 5708 τὸ
3339 5655 3472 5724 ῦψος
3523 5652 3724 5719 δέξασθε

2148 5756 2265 5812 Τῶν
2316 5756 2422 5825 γὰρ
2469 5753 2568 5822 τῆς
2620 5752 2853 5811 πίστεως
2888 5735 3178 5816 ὀφθαλμῶν
3208 5745 3380 5794 σείται
3429 5741 3497 5794 τὰ
3531 5740 3720 5816 λεγόμε

2206 5880 2231 5909 ⁸
2257 5878 2408 5930 Sani.
2434 5882 2484 5924 ct
2513 5873 2681 5923 Morel.
2712 5871 2787 5918 τὸν
2811 5861 3398 5932 5.v991o-n0?}15cbv103v.
