3796 6296
54 270 133 325 lOl
1159 260 1222 315 ΙΝ
1261 257 1500 315 C.\P.ll.
1544 255 1789 313 GENES.
1832 254 2057 311 llOMIL.
2103 253 2219 310 ΧΗ.

47 388 138 448 ist,
162 384 274 454 iam
297 381 371 438 de
391 381 493 435 hoc
516 385 836 449 argumento
854 374 1051 445 aliquid
1077 373 1421 440 disseramus,
1445 382 1629 443 postea

41 479 95 531 ad
120 475 263 530 aliud
312 472 614 528 transituri.
653 470 763 524 Hoc
786 468 926 523 enim
955 476 1139 521 contra
1179 481 1432 536 aquarum
1480 478 1635 522 ualu-

46 585 141 623 ram
169 576 276 631 est,
313 566 461 622 ferre
489 577 687 631 corpus
731 571 837 614 tam
880 575 1040 630 grave
1077 577 1090 613 :
1123 568 1176 614 et
1216 561 1403 614 iterum
1449 571 1633 616 contra

46 674 274 716 naturam
308 670 489 723 terrm,
526 656 709 711 sedem
759 669 908 708 suam
955 654 1005 706 iu
1039 654 1127 706 tali
1156 653 1498 709 fundamento
1539 656 1634 709 ha-

47 758 176 810 bere.
215 757 282 808 Et
312 753 442 823 quid
470 750 730 813 miraris?
759 749 812 802 In
843 762 1177 817 quacumque
1212 764 1390 802 rerum
1434 760 1637 803 creata-

47 864 147 900 ruei
187 844 428 898 scrutari
459 842 725 904 volueris,
776 838 1017 893 invenies
1066 840 1377 893 immensam
1424 840 1638 909 Opificis

48 938 359 1009 potentiam,
411 948 643 1003 eumque
686 946 780 985 sua
824 932 1100 985 voluntate
1139 931 1434 999 gubernare
1463 934 1638 986 omnia

48 1033 118 1089 de;
141 1029 438 1085 reliettdes.
465 1027 656 1081 Videre
677 1026 818 1079 enim
851 1024 950 1078 hoc
983 1025 1107 1077 licet
1134 1024 1182 1075 in
1216 1024 1354 1094 igne,
1379 1025 1461 1077 cui
1483 1025 1642 1078 absu-

51 1124 215 1175 mendi
244 1135 436 1174 natura
460 1129 579 1172 est:
608 1118 785 1171 numia
808 1117 948 1171 enim
969 1115 1119 1169 facile
1142 1116 1342 1181 domat,
1366 1116 1640 1170 materiam

48 1214 333 1275 lignonnn,
374 1210 629 1280 lapidum,
661 1224 965 1276 corporum,
1001 1215 1054 1259 et
1085 1207 1206 1260 ferri
1240 1224 1252 1259 :
1282 1218 1334 1260 at
1364 1218 1641 1276 postquam

55 1303 329 1371 imperavit
380 1301 657 1363 Dominus,
704 1312 926 1366 corpora
972 1308 1150 1352 tenera
1192 1305 1247 1351 et
1283 1298 1643 1368 corruptibilia

52 1411 147 1447 mn
181 1394 383 1459 tetigit,
421 1392 516 1445 sed
550 1390 746 1444 illaesos
776 1402 969 1459 pueros
995 1390 1225 1441 servavit
1268 1389 1317 1441 in
1347 1390 1523 1443 medio
1551 1405 1644 1443 ca-

51 1488 188 1540 mino
223 1485 395 1553 (Dan.
428 1484 508 1552 '5).
545 1484 607 1537 Et
636 1500 701 1536 ne
733 1484 940 1536 mireris
966 1484 1009 1535 si
1042 1498 1262 1551 corpora
1298 1482 1506 1536 illorum
1541 1499 1644 1538 non

49 1581 241 1648 tetigit,
270 1578 375 1632 sed
406 1576 713 1632 irrationale
744 1576 1066 1630 elementqu
1112 1584 1251 1627 tanta
1286 1575 1649 1632 moderatione

54 1676 93 1723 ri
114 1682 412 1739 sequutum
456 1678 558 1731 est,
590 1676 844 1737 quantum
891 1666 1065 1720 nullus
1103 1678 1259 1736 queat
1302 1666 1471 1721 ell‘ari.
1518 1666 1647 1721 Nam

51 1779 111 1815 ue
141 1762 365 1830 capillis
409 1759 626 1829 quidem
661 1759 869 1812 illorum
911 1758 1154 1821 nocebat,
1201 1757 1295 1811 sed
1339 1758 1654 1812 circumibat

55 1855 189 1915 iilos,
228 1863 282 1905 et
330 1852 469 1905 intra
515 1865 575 1905 se
611 1850 951 1904 continebat:
980 1849 1115 1919 ignis
1154 1860 1327 1902 autem
1358 1849 1651 1904 substantia

53 1956 328 2013 tamquam
366 1943 728 1997 obedientiam
760 1941 1037 2004 exhibens,
1069 1952 1123 1995 et
1156 1942 1361 1995 Domini
1406 1943 1654 1997 mandato

53 2038 318 2096 srrviens,
381 2036 580 2088 illaesos
625 2042 680 2088 et
728 2034 954 2087 intactos
1014 2032 1257 2089 servabat
1318 2033 1655 2089 admirabiles

54 2130 168 2181 illos
200 2142 426 2197 pueros,
459 2126 549 2196 qui
576 2126 725 2195 quasi
757 2126 806 2178 in
840 2135 991 2193 prato
1019 2134 1072 2180 et
1102 2126 1255 2178 horto
1283 2125 1615 2180 ambulantes
1638 2168 1653 2191 ,

56 2234 197 2276 tanta
246 2221 543 2275 securitate
587 2220 638 2273 in
684 2219 894 2273 camino
933 2216 1294 2272 versabantur.
1328 2216 1397 2271 Et
1435 2233 1502 2272 ne
1540 2219 1658 2287 quis

60 2319 270 2380 putaret
303 2311 571 2364 visibilem
602 2310 752 2363 illum
783 2310 955 2378 ignem
988 2309 1296 2377 operatione
1322 2323 1506 2364 carere
1531 2350 1545 2375 ,
1574 2308 1657 2363 id-

58 2408 198 2457 circo
229 2402 500 2470 benignus
542 2400 800 2455 Dominus
826 2400 964 2453 illius
985 2398 1272 2453 efficaciam
1300 2414 1406 2453 non
1435 2398 1658 2469 impedi-

60 2500 126 2548 vit
155 2513 169 2548 τ
202 2494 303 2549 sed
339 2495 442 2547 vim
470 2494 614 2547 illam
647 2492 835 2546 urendi
866 2491 1082 2545 illiesam
1116 2493 1364 2555 servavit,
1396 2500 1449 2546 et
1477 2506 1660 2546 servos

61 2602 181 2640 suos
214 2586 305 2639 illa
357 2588 664 2652 superiores
687 2582 832 2647 fecit,
859 2590 915 2635 ut
944 2582 1086 2635 nullo
1115 2581 1272 2635 modo
1319 2580 1659 2638 laederentur.

61 2678 329 2732 Ceterum
364 2689 420 2729 ut
448 2676 652 2730 scirent
675 2674 762 2744 qui
794 2690 985 2744 pueros
1015 2674 1326 2742 iniecerant,
1355 2682 1548 2743 quanta
1572 2690 1658 2729 es-

61 2782 138 2823 set
163 2770 417 2825 omnium
446 2769 538 2824 Dei
589 2769 842 2838 potentia,
875 2768 925 2821 in
955 2767 1072 2822 illos
1118 2767 1252 2835 ignis
1279 2784 1427 2821 suam
1470 2782 1662 2836 opera-

63 2865 259 2915 tionem
307 2861 586 2923 exercuit,
618 2860 687 2913 ita
725 2858 891 2912 utille
922 2858 1034 2925 ipse
1081 2858 1214 2928 ignis
1248 2872 1342 2913 eos
1385 2859 1523 2912 intus
1563 2857 1666 2912 cir-

62 2954 449 3016 cummuniret,
479 2966 574 3005 eos
603 2960 779 3004 autem
802 2949 888 3019 qui
921 2948 1051 3002 foris
1077 2956 1228 3003 erant
1253 2958 1434 3004 ureret
1456 2958 1510 3004 et
1539 2964 1668 3003 con-

64 3056 329 3100 sumeret.
388 3043 577 3097 Vidisti
618 3058 725 3113 quo
770 3050 923 3111 pacto
969 3040 1225 3095 Dominus
1272 3040 1483 3110 quando
1530 3042 1664 3107 vult,

62 3142 333 3194 elementa
364 3138 540 3193 omnia
574 3136 625 3189 in
653 3135 975 3190 contrariam
1000 3146 1164 3189 mutet
1190 3135 1476 3190 essentiam
1498 3135 1521 3188 2
1541 3135 1667 3206 0ρὶ-

67 3231 149 3285 fex
179 3232 334 3286 enim
364 3240 441 3284 est
470 3239 523 3283 et
556 3229 831 3293 Dominus,
856 3238 907 3282 et
937 3242 1033 3296 pro
1063 3241 1155 3281 sua
1185 3227 1459 3283 voluntate
1489 3228 1666 3281 omnia

62 3324 371 3391 dispensat.
400 3320 572 3375 Vultis
597 3329 653 3375 et
691 3320 741 3374 in
772 3320 923 3390 aquis
952 3319 1177 3389 idipsum
1209 3319 1389 3375 videre
1432 3318 1669 3374 factum?

66 3416 197 3468 5am
222 3416 371 3468 sicut
395 3414 530 3484 ignis
559 3413 645 3467 hic
675 3413 738 3465 iis
768 3412 853 3481 qui
877 3412 1018 3465 intus
1042 3422 1195 3466 erant
1236 3410 1370 3465 nihil
1410 3411 1666 3479 nocebat,

62 3508 158 3560 sed
182 3507 292 3561 illis
319 3506 596 3576 parcebat,
626 3505 821 3559 oblitus
845 3520 956 3558 suae
984 3504 1343 3574 operationis;
1374 3504 1425 3558 in
1453 3519 1547 3559 eos
1572 3520 1669 3560 au-

70 3612 173 3654 tvm
203 3603 296 3671 qni
334 3599 465 3653 foris
489 3610 644 3654 erant
672 3597 924 3653 szeviebat
967 3611 1117 3651 more
1144 3611 1278 3651 suo:
1308 3597 1387 3651 sic
1424 3606 1478 3653 et
1506 3612 1672 3668 aquas

68 3693 378 3747 videbimus
406 3691 540 3744 alios
567 3689 781 3759 quidem
819 3690 1183 3758 submergere,
1211 3687 1331 3741 aliis
1360 3696 1536 3743 autem
1578 3703 1671 3743 ce-

66 3788 217 3847 dere,
244 3786 316 3837 ita
342 3795 401 3837 ut
426 3783 627 3852 absque
648 3782 842 3836 damno
871 3790 1160 3840 transeant.
1191 3779 1563 3836 Recordamini
1588 3781 1673 3836 hic

68 3877 376 3930 Pharaonis
404 3885 460 3931 et
485 3875 881 3947 [Egyptiorunn
908 3885 1066 3945 atque
1096 3875 1271 3945 p0puli
1302 3874 1669 3942 Hebraeorum,

68 3969 352 4036 quomodo
378 3967 429 4022 hi
451 3967 519 4021 ad
541 3967 847 4021 mandatum
878 3966 1103 4030 Domini,
1132 3982 1322 4035 magno
1344 3965 1489 4021 Mose
1516 3965 1671 4031 duce,

72 4078 171 4129 per
221 4076 378 4115 mare
437 4059 675 4113 Rubrum
725 4059 880 4128 quasi
936 4074 1030 4127 per
1089 4057 1291 4112 aridam
1353 4058 1677 4112 transierunt

74 4153 274 4219 (fixed.
323 4150 703 4222 14)::Egyptii
748 4159 947 4215 autem,
982 4152 1066 4218 qui
1099 4139 1340 4204 eamdem
1391 4149 1527 4203 viam
1556 4164 1675 4205 cum

74 4244 363 4298 Pharaone
390 4244 470 4297 ire
508 4242 775 4306 volebant,
808 4241 958 4311 aquis
1004 4241 1177 4294 obruti
1222 4241 1484 4296 submersi
1533 4248 1675 4296 sunt.

76 4336 155 4388 Ita
184 4336 359 4389 solent
389 4336 657 4390 elementa
701 4333 928 4387 revereri
956 4347 1139 4386 serios
1184 4333 1413 4400 Domini,
1443 4344 1495 4388 et
1523 4348 1553 4387 a
1582 4348 1680 4388 suo

71 4443 143 4479 se
165 4428 447 4481 continere
476 4426 695 4494 impetu.
726 4425 1015 4477 Audiamus
1043 4439 1159 4490 nos,
1190 4432 1450 4494 quotquot
1477 4425 1681 4480 feroces

66 4532 135 4573 et
167 4520 428 4583 iracundi,
457 4528 512 4574 et
535 4519 653 4573 aliis
678 4518 1043 4573 aﬂ‘ectionibus
1068 4517 1138 4573 ob
1161 4528 1393 4572 nostram
1418 4518 1677 4589 ignaviam

74 4612 322 4681 impliciti
354 4623 594 4667 nostram
621 4612 846 4665 salutem
878 4610 1302 4679 pessumdamus,
1334 4619 1389 4665 et
1416 4612 1682 4667 imitemur

70 4716 286 4761 tantam
333 4705 528 4761 horum
561 4706 945 4759 elementorum
993 4707 1197 4759 ratione
1233 4707 1526 4761 carentium
1557 4707 1684 4761 obe-

62 4798 363 4859 dientiam,
418 4813 517 4852 nos
560 4799 648 4867 qui
690 4798 895 4852 ratione
943 4797 1175 4868 insigniti
1207 4814 1408 4853 sumus.
1458 4798 1586 4853 Nam
1638 4799 1683 4854 si

68 4890 248 4956 ignis,
277 4890 365 4958 qui
390 4891 460 4942 ita
490 4888 647 4955 edax,
691 4888 762 4942 ita
795 4887 1113 4951 vehemens,
1138 4889 1456 4957 corporibus
1500 4906 1684 4943 corru-

66 4980 361 5049 ptibilibus
389 4990 443 5035 et
490 4991 595 5032 tam
628 4981 825 5034 teneris
853 4981 1107 5048 pepercit,
1150 4996 1305 5049 quam
1335 4994 1571 5035 meretur
1597 4997 1689 5035 ve-

64 5074 238 5125 niam
264 5071 445 5134 homo,
473 5087 625 5126 suum
654 5073 923 5127 refrenare
951 5071 1180 5125 furorem
1231 5083 1446 5142 propter
1472 5073 1691 5127 manda.

68 5177 210 5217 tum
243 5164 467 5229 Domini,
502 5176 558 5219 et
579 5166 709 5218 iram
740 5180 863 5235 erga
909 5165 1206 5234 proximum
1251 5180 1281 5219 e
1332 5175 1547 5235 pectore
1589 5181 1687 5221 suo

64 5256 371 5313 eliminare
412 5258 639 5313 nolens?
668 5257 735 5311 Et
758 5256 899 5326 quod
937 5256 1107 5325 majus
1152 5266 1273 5323 est,
1319 5258 1455 5327 ignis
1487 5267 1685 5312 tantam

70 5347 281 5399 urendi
308 5348 411 5401 vim
440 5347 672 5411 habens,
704 5361 855 5399 suam
887 5347 1248 5416 operationem
1282 5363 1387 5401 non
1415 5347 1683 5414 ostendit;

68 5443 262 5492 homo
284 5450 479 5499 autent.
513 5449 851 5495 mansuetum
898 5440 1116 5504 animal,
1150 5442 1408 5497 rationale
1452 5450 1507 5496 et
1533 5442 1685 5497 beui~

62 5549 157 5600 gn
172 5532 561 5596 um,contraria
583 5546 697 5586 suae
723 5541 927 5586 natura:
944 5531 1087 5598 facit,
1111 5532 1493 5604 etncgligentia
1514 5550 1691 5589 mores

58 5634 233 5677 ενοι
272 5623 320 5675 in
367 5624 565 5678 ferinos
613 5624 794 5676 vertit.
848 5621 1050 5677 Idcirco
1079 5632 1133 5679 et
1176 5623 1351 5678 divina
1394 5624 1688 5694 Scriptura,

60 5722 314 5785 prnptcr
328 5715 633 5773 affectiones
657 5715 771 5771 illas
791 5714 1223 5782 iutcrturbantes,
1247 5715 1685 5773 irrationabilium

3218 264 3326 321 102

1739 376 1793 421 et
1821 368 2047 422 ferarum
2093 370 2304 421 nomina
2337 368 2401 423 iis
2443 370 2531 439 qui
2560 369 2762 426 ratione
2790 371 3019 445 insigniti
3064 387 3187 431 sunt
3216 385 3315 432 im»

1740 460 1925 530 ponit;
1969 460 2230 515 interdum
2260 477 2419 518 canes
2442 464 2513 517 ob
2553 465 2930 535 impudentiam
2973 480 3024 525 et
3066 471 3318 541 impetum

1722 564 1912 616 vocat,
1944 554 2163 609 dicens:
2193 555 2354 610 Canes
2381 558 2521 621 muti,
2558 575 2658 612 non
2699 561 2917 616 valentes
2958 563 3146 618 latrare
3169 565 3321 639 (lsoi.

1740 645 1983 712 56.10);
2025 646 2286 700 interdum
2340 648 2408 702 ob
2454 649 2722 704 libidinem
2771 669 2974 722 equos:
3033 655 3171 710 Nam
3214 659 3324 725 equi

1742 736 1988 787 emissarii
2012 737 2133 804 facti
2155 746 2289 801 sunt,
2320 740 2654 809 unusquisque
2677 742 2745 794 ad
2768 759 2978 797 uxorem
3005 748 3223 815 proximi
3246 748 3325 803 sui

1748 825 1996 879 ‘iinniebat
2045 826 2178 895 (Jer.
2212 828 2262 881 5.
2306 829 2395 897 8);
2430 829 2691 885 interdum
2721 849 2845 887 vero
2874 839 3072 903 asinos,
3106 841 3175 893 ob
3218 852 3327 895 stu.

1748 916 2015 983 piditatem
2062 927 2113 971 et
2146 919 2428 975 ruditatcm
2456 938 2468 973 :
2498 922 2829 991 Comparatus
2852 938 2923 980 est
2953 930 3093 984 enim
3116 972 3131 994 ,
3163 933 3326 1003 inquit

1745 1007 2035 1076 Scriptura,
2071 1012 2317 1080 jumentis
2356 1014 2721 1084 insipientibus,
2753 1028 2799 1072 et
2840 1022 3018 1076 similis
3058 1026 3221 1095 factus
3264 1038 3329 1082 est

1746 1098 1848 1152 illis
1876 1098 2047 1167 (Ρδιιι.
2079 1102 2169 1157 48.
2208 1104 2329 1174 15);
2357 1105 2643 1175 aliquando
2668 1110 2828 1164 etiam
2854 1112 3037 1167 leones
3065 1125 3119 1169 et
3144 1120 3334 1181 pardos

1748 1202 1920 1257 vocat,
1953 1193 2023 1247 oh
2046 1197 2386 1263 rapacitatem
2413 1198 2469 1253 et
2493 1202 2833 1271 aviditatem;
2878 1208 3161 1278 aliquando
3212 1214 3334 1267 item

1748 1283 1977 1352 aspides,
2009 1286 2077 1339 ob
2099 1286 2543 1347 fraudulentiam:
2577 1292 2851 1363 Venenum,
2877 1300 3063 1370 inquit,
3103 1306 3338 1373 aspidun

1750 1374 1839 1427 sub
1866 1373 2008 1430 labiis
2033 1394 2203 1431 eorum
2228 1380 2397 1449 (Psal.
2427 1384 2544 1439 159.
2578 1386 2632 1457 4)
2655 1402 2669 1450 ;
2695 1403 3091 1461 nonnumquam
3119 1410 3337 1465 serpen-

1756 1475 1834 1521 tes
1854 1478 1907 1521 et
1928 1469 2159 1538 viperas,
2184 1471 2254 1525 ob
2282 1473 2452 1529 latens
2474 1491 2733 1532 venenum
2756 1489 2812 1535 et
2834 1483 3108 1550 malitiam,
3133 1487 3269 1542 sicut
3288 1500 3342 1544 et

1755 1557 1940 1651 beatus
1966 1558 2196 1615 Joannes
2213 1562 2494 1633 clamabat,
2522 1568 2705 1625 dicens
2730 1589 2742 1625 :
2771 1572 3058 1643 Serpentes,
3083 1582 3343 1651 progenies

1756 1648 2059 1717 viperarum,
2093 1653 2205 1720 quis
2231 1654 2368 1709 vobis
2397 1657 2755 1715 demonstravit
2780 1668 2952 1735 fugere
2974 1684 3006 1721 α
3031 1648 3239 1725 ventura
3266 1675 3344 1727 ira

1758 1739 1969 1811 (Matth.
2000 1744 2052 1798 ὅ.
2084 1745 2176 1815 7)?
2197 1747 2415 1816 insuper
2433 1761 2486 1803 et
2505 1751 2606 1804 alia
2628 1752 2995 1813 affectionibus
3018 1764 3346 1831 responden-

1760 1833 1829 1887 tia
1859 1835 2073 1890 nomina
2096 1838 2340 1907 imponit,
2366 1843 2518 1897 utsic
2541 1845 2623 1898 vel
2647 1847 2854 1903 tandem
2878 1852 3082 1907 confusi
3100 1856 3165 1910 ad
3194 1872 3344 1915 suam

1758 1926 2043 1995 aliquando
2086 1930 2308 1985 redeant
2339 1932 2688 2001 nobilitatem,
2719 1950 2771 1993 et
2802 1955 2899 1995 suo
2924 1947 3103 2013 generi
3146 1952 3348 2006 confar-

1764 2017 2042 2083 derentur,
2089 2020 2564 2095 atiectiouibusque
2603 2031 2714 2085 suis
2754 2030 2960 2089 divinas
2988 2037 3130 2108 leges
3158 2042 3350 2111 pracfe-

1763 2119 1900 2175 rant,
1929 2111 2120 2180 quibus
2144 2128 2262 2169 sese
2290 2115 2650 2187 delinquendo
2682 2124 3059 2190 permiserunt.

1833 2202 1889 2255 4.
1929 2202 2033 2257 Sed
2078 2206 2259 2259 nescio
2293 2210 2561 2277 quomodo
2586 2227 2616 2265 a
2645 2216 2906 2271 sermonis
2951 2218 3150 2290 impetu
3190 2224 3351 2281 abre-

1767 2301 1885 2364 plus
1924 2295 1989 2349 ad
2022 2296 2137 2351 lucc
2166 2298 2390 2369 digresxi
2420 2303 2605 2358 simus.
2637 2307 2748 2376 Age
2770 2324 2908 2365 nunc
2946 2313 3011 2367 ad
3057 2315 3351 2374 institutum

1766 2386 2080 2453 redeamus;
2113 2400 2164 2445 et
2191 2391 2465 2448 videamus
2490 2396 2739 2466 quidnam
2764 2402 2923 2456 etiam
2952 2404 3094 2460 aliud
3125 2423 3221 2463 nos
3250 2410 3350 2466 do-

1765 2492 1891 2533 cere
1937 2480 2061 2535 velit
2092 2481 2275 2537 beatus
2301 2484 2390 2541 ille
2419 2488 2696 2558 pr0pheta.
2727 2491 2858 2547 Nam
2891 2505 2945 2550 ut
2975 2497 3127 2567 dixit,
3154 2501 3254 2555 Hic
3282 2514 3354 2559 est

1768 2571 1891 2624 liber
1925 2574 2260 2642 generationis
2287 2578 2398 2631 creti
2426 2588 2473 2631 et
2503 2590 2670 2648 terrw,
2700 2598 3011 2654 progressus
3043 2591 3199 2659 ultra,
3229 2609 3355 2649 nar-

1769 2670 1850 2715 rat
1895 2663 2084 2717 iterant
2113 2665 2416 2736 diligentius
2458 2668 2689 2726 hominis
2719 2673 3112 2733 formationem.
3143 2681 3207 2737 Et
3234 2686 3355 2754 quia

1768 2757 2012 2823 superius
2037 2756 2267 2812 breviter
2289 2759 2494 2817 dixerat
2524 2780 2537 2817 :
2564 2762 2631 2816 Et
2667 2768 2782 2835 fecit
2830 2766 2964 2824 Deus
2994 2772 3262 2841 hominem,
3290 2778 3358 2830 ad

1770 2848 2038 2917 imaginem
2070 2850 2161 2904 Dei
2191 2855 2309 2922 fecit
2350 2854 2527 2921 illum,
2570 2873 2710 2912 nunc
2754 2859 2920 2916 dicit:
2950 2864 3001 2917 7.
3030 2864 3092 2918 Et
3123 2867 3359 2935 formavit

1776 2938 1907 2993 Deus
1934 2941 2218 3007 hominem,
2246 2944 2501 3015 pulverem
2527 2948 2589 3001 de
2617 2958 2751 3003 terra
2771 2992 2785 3017 ,
2819 2962 2866 3006 et
2905 2955 3171 3025 inspiravit
3200 2959 3251 3013 in
3279 2963 3359 3031 [u—

1772 3032 1894 3084 ciem
1927 3034 2036 3095 eius
2073 3035 2387 3101 spiraculum
2431 3039 2575 3104 vitw,
2608 3050 2654 3093 et
2684 3042 2849 3110 factus
2881 3057 2952 3099 est
2983 3048 3130 3103 homo
3161 3050 3211 3104 in
3246 3052 3359 3106 aui-

1772 3141 1908 3178 mam
1940 3126 2201 3181 viventem.
2231 3129 2475 3198 Magnum
2503 3141 2583 3186 est
2609 3135 2748 3203 quod
2781 3136 2865 3191 hic
2894 3138 3041 3202 dicit,
3066 3151 3117 3195 et
3143 3154 3362 3211 stupore

1775 3216 1987 3285 plenum
2019 3216 2409 3290 humanamque
2449 3225 2826 3281 transcendens
2853 3240 3083 3285 mentem
3114 3249 3127 3285 :
3158 3232 3226 3287 Et
3252 3239 3362 3305 for-

1774 3310 1927 3362 mavit
1948 3351 1965 3376 ,
1992 3310 2194 3380 inquit,
2219 3309 2360 3367 Deus
2392 3314 2674 3381 Immineat,
2707 3319 2960 3387 pulverem
3000 3325 3265 3395 accipiens
3289 3330 3363 3401 (α)

1776 3402 1839 3457 de
1867 3412 2021 3457 terra.
2057 3404 2207 3459 Sicut
2235 3404 2302 3460 de
2337 3408 2583 3463 omnibus
2609 3412 2868 3467 creaturis
2895 3415 3187 3472 visibilibns
3213 3419 3362 3476 dice-

1778 3496 1897 3551 bam
1948 3497 2314 3553 universorum
2361 3499 2615 3570 Opificem
2655 3507 2834 3558 omnia
2877 3516 3070 3575 prmter
3117 3510 3363 3567 humana:

1778 3598 1982 3644 natura:
2027 3606 2228 3646 morem
2275 3608 2469 3662 agere,
2504 3603 2559 3648 ut
2612 3612 2704 3665 per
2738 3598 2837 3652 hoc
2874 3599 3154 3659 inefTabilis
3200 3605 3365 3674 ipsius

1780 3691 2106 3737 monstretur
2136 3685 2337 3738 virtus:
2372 3688 2440 3739 ita
2483 3696 2536 3741 et
2577 3689 2626 3742 in
2668 3690 2898 3745 lmminis
2928 3692 3241 3753 formatione
3278 3699 3362 3753 in-

1781 3774 2055 3828 veniemus
2104 3791 2243 3828 nune
2290 3776 2507 3832 factum.
2540 3778 2671 3834 Vide
2708 3782 2848 3835 enim
2894 3787 3161 3853 quomodo
3206 3802 3368 3858 super

1781 3879 1949 3934 aquas
1979 3874 2172 3920 terram
2219 3868 2487 3933 fundavit,
2518 3870 2569 3924 id
2596 3871 2735 3937 quod
2765 3873 2894 3927 citra
2937 3874 3093 3931 fidem
3137 3878 3363 3936 humana

1760 3959 1920 4012 ratio
1946 3975 2048 4013 non
2070 3960 2211 4029 capit
2239 3978 2251 4014 :
2281 3971 2332 4015 et
2363 3962 2631 4030 quomodo
2657 3965 3094 4039 quandocumque
3123 3972 3366 4040 voluerit,

1784 4050 1920 4105 sicut
1947 4052 2295 4115 ostendimus,
2322 4062 2377 4106 ut
2402 4069 2588 4108 omnes
2612 4056 2921 4111 substantia:
2946 4063 3206 4115 contraria
3233 4064 3372 4133 ipsa-

1786 4158 1901 4195 rum
1935 4151 2135 4196 n:.tnrac
2171 4154 2331 4213 agant
2365 4145 2545 4200 eflicit.
2576 4146 2744 4201 Simili
2789 4150 2945 4204 modo
2984 4162 3037 4206 et
3063 4154 3112 4207 in
3144 4155 3374 4212 hominis

1788 4235 2105 4290 formatione
2148 4253 2288 4291 nunc
2331 4238 2484 4293 nobis
2521 4240 2646 4309 quid
2678 4240 2870 4296 factum
2907 4244 2977 4298 sit
3010 4246 3185 4301 divina
3231 4248 3372 4304 Stri-

1787 4338 1940 4397 plura
1970 4329 2221 4384 declarat.
2255 4330 2515 4385 Formavit
2544 4332 2703 4399 Deus,
2736 4335 2923 4404 inquit,
2954 4340 3226 4403 hominem,
3260 4343 3375 4410 pul-

1788 4436 1948 4474 verem
1997 4422 2264 4490 accipiens
2303 4423 2367 4475 de
2406 4433 2558 4477 terra.
2587 4425 2722 4492 Quid
2762 4426 2937 4480 dicis?
2966 4429 3269 4499 Acceploue
3310 4434 3376 4489 de

1790 4522 1928 4567 terra
1972 4513 2189 4582 pulvere
2234 4514 2477 4569 formavit
2516 4515 2824 4570 hominem?
2855 4518 3022 4573 Etiam
3045 4563 3059 4586 ,
3092 4522 3294 4592 inquit,
3330 4537 3379 4579 et

1789 4621 1893 4657 non
1922 4606 2270 4675 simpliciter;
2302 4622 2401 4661 nec
2428 4608 2717 4676 quamlibet
2754 4609 2971 4664 fortuito
3012 4621 3207 4669 terram
3232 4616 3378 4681 dicit,

1789 4699 1883 4754 sed
1914 4698 2177 4754 Pulverem
2202 4716 2221 4753 :
2242 4700 2389 4769 quasi
2419 4701 2460 4755 si
2484 4702 2601 4771 quis
2632 4702 2790 4767 dicat,
2822 4705 3190 4761 tenuissimum
3221 4717 3275 4763 et
3301 4711 3379 4762 vi-

1790 4790 2049 4844 lissimum
2073 4791 2211 4862 quod
2235 4802 2318 4847 cst
2344 4792 2395 4845 in
2420 4800 2579 4847 terra.
2606 4793 2848 4864 Magnum
2875 4796 2964 4850 tibi
2986 4807 3041 4853 et
3068 4800 3380 4855 admirabile

1791 4885 1999 4939 videtur
2018 4885 2158 4955 quod
2185 4886 2381 4940 dictum
2404 4897 2486 4941 est
2508 4906 2519 4941 :
2545 4903 2730 4942 verum
2752 4889 2795 4943 si
2813 4892 3017 4960 cogites
3040 4894 3157 4962 quis
3181 4894 3379 4961 opifex,

1796 4976 2101 5046 neutiquam
2132 4976 2287 5032 fidem
2318 4977 2515 5034 habere
2543 4978 2681 5035 facto
2707 4983 3002 5049 recusabis,
3025 4984 3117 5039 sed
3147 4986 3378 5040 mirabe-

1792 5068 1866 5122 ris
1893 5077 1946 5122 et
1970 5068 2214 5123 adorabis
2239 5069 2543 5124 Conditoris
2586 5074 2895 5140 potentiam.
2924 5074 3074 5138 Quod
3094 5076 3137 5128 si
3158 5074 3273 5129 hmc
3295 5092 3381 5130 se-

1792 5160 2020 5215 cundum
2061 5161 2436 5231 cogitationum
2475 5172 2679 5216 tuarum
2715 5163 3128 5218 imbecillitatem
3170 5169 3377 5222 cmetiri

1772 5253 2046 5317 .Volueris,
2080 5262 2135 5307 ct
2180 5252 2443 5308 curiosius
2485 5255 2804 5321 explorare,
2854 5271 2947 5323 par
2980 5264 3062 5310 est
3105 5266 3157 5311 ut
3188 5258 3280 5312 tibi
3327 5259 3380 5314 in

1793 5356 2027 5399 mentem
2073 5344 2283 5406 veniat,
2316 5359 2381 5397 ex
2433 5352 2570 5397 terra
2619 5347 2855 5412 corpus(
2879 5346 3198 5422 humanum)
3226 5367 3381 5405 num—

1793 5451 1953 5506 quam
1999 5434 2111 5489 ﬁeri
2134 5477 2149 5499 ,
2178 5434 2269 5490 sed
2301 5436 2383 5489 vel
2415 5435 2633 5489 laterem
2655 5477 2670 5499 ,
2700 5436 2780 5491 vel
2814 5447 3000 5493 testam
3024 5482 3039 5502 ,
3061 5451 3114 5496 et
3140 5457 3245 5495 non
3278 5443 3383 5498 tale

1794 5541 2009 5599 corpus.
2045 5526 2229 5582 Viden”
2256 5543 2374 5594 nos,
2414 5528 2512 5581 nisi
2545 5530 2833 5598 potentiam
2857 5532 3157 5588 Conditoris
3180 5544 3379 5590 attenta

1864 5726 1940 5791 (ιι)
1966 5732 2031 5778 tta
2056 5725 2192 5789 Regii
2215 5733 2319 5777 Mss.
2348 5734 2400 5778 et
2421 5724 2574 5792 colt»,
2592 5734 2737 5791 atque
2753 5730 2823 5782 sic
2846 5728 3023 5792 legitur
3048 5738 3094 5778 ut
3111 5725 3296 5779 Bililiis.
3338 5756 3345 5763 ο
