3796 6246
509 257 612 312 105

493 382 679 432 mente
694 368 1039 430 considerare
1052 361 1466 426 volueritnus,et
1481 349 1691 412 nostras
1711 355 1945 408 rationes
1969 361 2077 404 tam

495 462 795 523 imbecilles
839 459 1212 530 reprimamus,
1255 467 1360 507 non
1408 463 1565 520 posse
1603 446 1864 502 dictorum
1890 459 2082 516 capere

497 550 1076 615 sublimitMeuﬁNam
1118 561 1237 617 qute
1278 543 1548 607 dicuntur,
1593 538 1714 594 ﬁdei
1751 537 1919 592 oculis
1948 536 2084 591 indi-

497 655 648 720 gent,
675 653 906 713 suntque
931 640 1002 698 ob
1023 647 1265 694 nostram
1298 633 1659 690 infirmitatem
1692 629 1855 684 multa
1886 628 2082 720 verbo-f

499 717 615 795 rum
665 731 1106 804 attemperatione
1142 725 1428 796 descripta.
1459 721 1895 792 Quandoquidem
1944 717 2081 772 istud

498 834 670 901 ipsum
691 825 835 900 quod
867 823 1034 894 inquit
1065 841 1079 876 :
1114 819 1368 874 Forntauit
1396 815 1535 871 Deus
1564 815 1835 877 hominem,
1859 822 1903 866 et
1932 811 2085 880 inspi-

498 921 648 988 rault,
678 917 954 988 indignum
982 915 1090 970 Deo
1123 910 1281 967 fuerit
1307 928 1321 965 :
1349 908 1442 964 sed
1477 916 1694 978 propter
1724 919 1822 959 nos
1841 946 1855 968 ,
1874 910 1928 958 et
1964 917 2085 970 pro-

500 1021 618 1081 pter
646 1009 1007 1066 inlirmitatem
1039 1015 1274 1060 nostram
1301 1001 1417 1056 hzcc
1453 999 1530 1054 sic
1568 1006 1746 1052 narrat
1775 995 2046 1062 Scriptura
2066 1033 2082 1059 ,

499 1103 569 1161 ad
595 1111 830 1159 nostram
859 1117 920 1157 se
945 1099 1258 1156 tenuitatem
1284 1094 1590 1157 demittens,
1615 1101 1671 1146 ut
1699 1100 1842 1145 tanta
1862 1089 2086 1144 familia-

502 1196 661 1251 ritate
683 1193 904 1265 dignati,
935 1190 1003 1245 ad
1029 1190 1294 1260 fastigium
1319 1185 1446 1241 illud
1482 1183 1770 1239 ascendere
1797 1184 2085 1252 possimus.

505 1287 570 1342 Et
595 1285 847 1360 formarit,
873 1283 1061 1353 inquit,
1079 1281 1220 1336 Dens
1246 1279 1517 1341 hominem,
1545 1274 1799 1348 puluerem
1819 1274 2087 1343 accipiens

500 1378 565 1434 de
587 1387 739 1433 terra.
761 1375 897 1432 Hine
919 1374 964 1430 si
987 1388 1178 1444 sapere
1198 1371 1463 1432 volumus,
1492 1384 1598 1423 non
1624 1382 1786 1438 parva
1815 1365 1970 1421 nobis
1991 1365 2090 1419 hu-

503 1468 744 1525 militatis
786 1469 958 1523 oritur
995 1465 1257 1522 doctrina.
1302 1461 1436 1518 Nam
1477 1475 1601 1517 cum
1640 1459 2086 1532 cogitaverimus,

505 1561 647 1618 unde
669 1559 1060 1617 constitutionis
1087 1571 1199 1611 sua:
1218 1555 1434 1611 initium
1479 1561 1664 1609 natura
1691 1560 1873 1607 nostra
1901 1564 2089 1606 susce-

508 1654 664 1724 perit,
695 1651 904 1709 etiarnsi
949 1649 1252 1706 sexcenties
1287 1645 1573 1718 supercilia
1621 1645 1971 1715 surrigamus,
2001 1658 2088 1698 re-

505 1745 808 1818 pritnimur,
831 1743 1194 1806 hutniliamur,
1214 1749 1269 1797 et
1286 1727 1595 1796 substantia:
1617 1747 1812 1794 nostra:
1829 1737 2090 1792 rationem

505 1837 895 1910 perpendentes
919 1878 936 1903 ,
962 1834 1274 1898 modestiam
1301 1833 1575 1888 discimus.
1606 1832 1730 1887 Ideo
1754 1831 1897 1886 enim
1927 1831 2088 1897 Deus,

506 1932 592 1987 eui
623 1940 765 1986 tanta
793 1928 984 1984 salutis
1027 1937 1224 1982 nostrre
1248 1940 1396 1992 cura,
1428 1923 1494 1980 ad
1537 1924 1704 1979 nostri
1735 1922 2090 1978 eruditionem

503 2021 781 2093 propheta:
820 2020 1050 2090 linguam
1081 2021 1158 2074 sic
1203 2017 1420 2073 direxit.
1448 2016 1655 2086 Quippe
1682 2032 1802 2070 cum
1846 2013 2093 2085 superius

505 2117 727 2172 dixisset
750 2114 932 2169 divina
962 2113 1259 2182 Scriptura,
1291 2111 1357 2165 Et
1385 2111 1502 2180 fecit
1530 2109 1668 2164 Deus
1708 2109 1992 2172 hominem,
2013 2123 2094 2162 se-

504 2209 728 2266 cundum
752 2206 1023 2278 imaginem
1047 2203 1144 2258 Dei
1173 2203 1290 2275 fecit
1311 2218 1445 2264 eum,
1475 2201 1622 2257 dedit
1649 2200 1723 2255 illi
1750 2200 1986 2255 omnium
2017 2199 2094 2254 vi-

506 2298 739 2356 sibilium
770 2305 1112 2368 potestatem,
1132 2305 1189 2349 ut
1217 2309 1282 2350 ne
1302 2309 1368 2349 ex
1395 2308 1504 2348 suae
1530 2292 1924 2347 constitutionis
1952 2290 2094 2361 igno-

508 2390 674 2446 rautia
696 2391 832 2444 altos
853 2388 1068 2458 spiritus
1089 2395 1404 2450 assumeret,
1426 2375 1869 2454 prtescriptosque
1894 2382 2092 2437 limites

517 2483 760 2545 transiret
791 2500 806 2536 :
832 2481 1106 2551 superiora
1135 2489 1381 2550 repetens
1405 2477 1677 2548 Scriptura
1706 2477 1864 2532 docet
1890 2475 2094 2532 forma-

530 2579 667 2634 ionis
704 2577 821 2648 ejus
860 2576 1140 2646 originem,
1161 2585 1227 2630 .et
1275 2572 1417 2628 unde
1459 2587 1521 2627 ac
1570 2571 1841 2642 quomodo
1891 2571 2092 2640 primus

508 2673 670 2727 homo
691 2669 981 2741 productus
1003 2669 1092 2724 sit.
1119 2667 1249 2722 Nam
1272 2666 1316 2722 si
1345 2675 1464 2737 post
1490 2665 1626 2720 hanc
1649 2665 1966 2729 doctrinam,
1988 2679 2093 2734 qua

506 2761 719 2834 agnovit
743 2775 802 2815 se
827 2769 1017 2816 eterra
1039 2759 1235 2814 habere
1260 2757 1540 2827 originem,
1567 2772 1633 2813 ex
1661 2771 1764 2826 qua
1791 2756 2016 2820 semina,
2041 2764 2096 2810 et

502 2863 697 2910 cetera
721 2852 966 2908 animalia
985 2892 1001 2918 ,
1032 2850 1275 2922 quamvis
1313 2847 1595 2915 formatio,
1624 2849 1919 2918 animaeque
1963 2847 2094 2900 sub-

505 2947 700 3002 stantia
730 2943 1082 3016 incorporalis
1110 2944 1278 3000 multo
1301 2943 1647 2998 excellentior
1676 2957 1770 3012 per
1792 2941 2093 3012 benignita-

509 3052 615 3097 tem
648 3040 742 3095 Dei
784 3052 1037 3094 concessa
1079 3036 1150 3092 sit
1178 3054 1193 3090 :
1222 3051 1320 3107 per
1347 3037 1483 3088 hanc
1515 3033 1657 3089 enim
1705 3033 1911 3103 accepit
1950 3031 2093 3103 quod

510 3130 787 3187 rationalis
813 3130 900 3194 sit,
930 3138 986 3184 et
1006 3128 1254 3184 omnibus
1279 3127 1399 3182 aliis
1438 3127 1700 3196 imperet:
1731 3126 1811 3192 si,
1841 3126 2092 3195 inquam,

508 3224 636 3280 licet
665 3223 782 3279 hrrc
795 3221 1007 3285 doctus,
1029 3220 1294 3289 serpentis
1317 3218 1629 3288 deceptione
1655 3231 1837 3286 parem
1865 3217 2092 3287 aliquam

529 3324 630 3371 tum
664 3315 776 3369 Deo
802 3310 1160 3383 aequalitatem
1205 3310 1521 3380 imaginatus
1547 3315 1630 3363 est
1672 3309 1718 3362 is
1741 3307 1830 3378 qui
1858 3307 1926 3362 de
1956 3315 2092 3361 terra

526 3417 805 3466 armatus:
833 3406 880 3461 si
906 3404 1073 3475 priori
1097 3400 1401 3458 narratione
1439 3410 1719 3457 contentus
1743 3401 1932 3456 fuisset
1971 3401 2097 3457 bea-

509 3510 596 3556 tus
623 3500 709 3554 hic
737 3495 1016 3568 propheta,
1046 3506 1099 3550 et
1127 3494 1229 3550 nisi
1259 3493 1500 3563 repetitis
1535 3492 1783 3548 omnibus
1817 3493 2098 3564 diligenter

509 3609 610 3650 nos
635 3592 926 3657 docuisset,
958 3591 1009 3645 in
1031 3604 1190 3658 quam
1222 3604 1327 3643 non
1355 3586 1728 3643 incidissemus
1749 3587 2009 3642 insaniam
2036 3587 2062 3640 ‘I

581 3686 636 3742 5.
677 3683 861 3754 Itaque
887 3681 1172 3752 plurimum
1213 3679 1283 3735 ad
1321 3678 1674 3735 erudiendum
1712 3693 1813 3735 nos
1848 3678 2096 3736 conducit

509 3777 648 3834 scire
675 3775 818 3832 unde
853 3772 1146 3829 substantia
1175 3781 1352 3826 nostra
1381 3771 1608 3841 primum
1643 3771 1902 3842 originem
1945 3785 2097 3826 acce-

515 3869 671 3939 perit.
699 3866 762 3921 Et
785 3864 1045 3939 formavit,
1069 3862 1254 3932 inquit,
1281 3860 1418 3917 Deus
1443 3860 1717 3926 hominem,
1742 3861 1994 3929 puluerem
2016 3875 2098 3915 ac-

510 3961 714 4030 cipietis
742 3957 805 4012 de
832 3966 968 4010 terra
989 3997 1006 4017 ,
1032 3964 1080 4008 et
1118 3953 1386 4024 insufflauit
1414 3953 1466 4006 in
1501 3951 1680 4022 faciem
1713 3955 1825 4022 ejus
1862 3952 2097 4023 spiracu-

515 4052 769 4107 (nutritae.
794 4047 1056 4116 Quoniam
1080 4043 1380 4100 hominibus
1405 4043 1739 4112 loquebatur,
1758 4043 1915 4099 aliter
1938 4059 2095 4114 quam

516 4155 666 4196 more
714 4149 897 4194 nostro
941 4135 1126 4190 audire
1172 4149 1279 4188 non
1306 4133 1644 4199 valentibus,
1675 4133 1775 4188 hac
1812 4134 2096 4190 verborum

513 4211 854 4304 simplicitate
874 4238 929 4284 et
955 4225 1308 4283 crassitudine
1330 4241 1456 4280 usus
1484 4234 1604 4290 est;
1633 4236 1686 4280 et
1703 4235 1762 4280 ut
1787 4224 1978 4282 doceat
2001 4241 2099 4281 nos

512 4342 622 4396 quo
654 4332 807 4394 pacto
835 4321 1119 4376 formatum
1147 4317 1296 4372 illum
1322 4317 1390 4372 de
1427 4328 1564 4372 terra
1589 4358 1605 4383 ,
1651 4317 1950 4387 benignitas
1996 4319 2099 4373 Do—

517 4419 646 4475 mini
678 4415 992 4472 rationalem
1021 4410 1216 4465 anima:
1257 4409 1542 4464 essentiam
1593 4408 1794 4465 habere
1833 4410 2097 4478 voluerit,

516 4531 605 4585 per
635 4527 796 4583 quam
821 4506 1018 4563 animal
1047 4505 1148 4561 hoc
1168 4503 1470 4560 absolutum
1505 4513 1563 4560 et
1589 4503 1878 4574 perfectum
1927 4504 2097 4560 fieret.

520 4608 585 4663 Et
623 4603 888 4675 inspiravit
907 4643 922 4667 ,
955 4600 1159 4670 inquit,
1203 4599 1255 4653 in
1283 4599 1464 4669 faciem
1489 4598 1599 4666 eius
1622 4599 1933 4668 spiraculum
1965 4600 2098 4654 vita.

525 4697 748 4755 Vitalem
775 4696 851 4750 ait
891 4691 1148 4763 operandi
1175 4689 1469 4746 eflicaciam
1499 4689 1546 4745 ei
1565 4730 1582 4757 ,
1605 4693 1692 4759 qui
1719 4689 1785 4745 de
1815 4699 1955 4745 terra
1997 4690 2104 4746 for-

470 4847 475 4855 ,
521 4801 695 4848 matus
719 4797 824 4852 est,
854 4782 1176 4856 Spiraculum
1201 4781 1380 4836 datum
1401 4796 1542 4847 esse,
1571 4789 1624 4836 et
1649 4781 1763 4837 haec
1789 4781 1883 4837 fuit
1903 4785 2103 4840 consti-

519 4885 656 4942 tutio
702 4879 1014 4938 substantia:
1047 4877 1265 4932 animm.
1297 4874 1450 4931 Unde
1494 4875 1716 4931 subdit:
1750 4875 1817 4930 Et
1843 4881 2008 4948 factm
2033 4869 2127 4932 est.

521 4977 672 5032 homo
694 4975 749 5029 in
775 4973 998 5027 animum
1021 4969 1283 5024 uiuentem.
1312 4967 1407 5023 Ille
1433 4966 1707 5032 formatus,
1738 4968 1927 5039 inquit,
1955 4979 2011 5026 et
2035 4971 2104 5026 de

519 5069 738 5141 pulvere
782 5072 1083 5134 susceptus,
1123 5061 1408 5144 inspiratus
1445 5059 1710 5128 spiraeulo
1737 5062 1881 5129 vitae,
1914 5062 2104 5116 Factus

517 5172 591 5218 est
621 5163 674 5216 in
697 5163 920 5215 animum
945 5151 1353 5221 uiuentem.Quitl
1375 5159 1477 5218 est,
1499 5151 1565 5206 In
1585 5153 1807 5207 animant
1829 5155 2106 5210 viventem?

520 5254 637 5310 lloc
677 5263 794 5316 est,
819 5251 1110 5308 efficaciter
1156 5232 1465 5317 operantem
1490 5286 1507 5311 ,
1537 5244 1819 5301 habentem
1863 5249 2105 5318 corporis

528 5345 766 5403 membra
793 5344 958 5413 ipsius
986 5338 1384 5411 operationibus
1409 5337 1692 5393 servientia
1720 5339 1988 5408 ipsiusque
2006 5355 2104 5396 vo-

526 5435 713 5496 luntati
748 5432 1188 5504 obtemperantia.
1218 5429 1481 5485 Caeterum
1511 5429 1692 5484 nescio
1717 5430 1983 5500 quomodo
2009 5447 2107 5488 nos

527 5544 648 5586 cum
674 5525 1090 5585 subverterimus
1123 5521 1388 5590 ordinem,
1413 5531 1468 5577 et
1493 5529 1636 5575 tanta
1666 5521 1824 5577 fuerit
1857 5523 2106 5593 nequitia:

527 5621 806 5690 accessio,
851 5628 910 5676 ut
954 5620 1122 5690 ipsam
1157 5631 1410 5686 cogamus
1447 5615 1624 5671 carnis
1669 5615 2107 5685 concupiscentiis

529 5713 781 5788 obsequi,
793 5724 849 5774 et
871 5728 1014 5780 eam,
1037 5726 1154 5784 quze
1194 5717 1374 5780 utpote
1399 5706 1613 5766 domina
1649 5707 1765 5766 aliis
1795 5721 2023 5779 prxesse
2048 5718 2101 5765 et

1232 242 1294 299 5.
1331 239 1608 300 JOANNIS
1629 227 2104 294 CHRYSOSTOMI
2146 227 2462 284 Al'ltlllllil‘.
2503 225 3035 286 CONSTANTINOP.

3679 199 3779 286 tos‘

2199 342 2308 415 imp
2328 359 2459 400 rare
2482 342 2729 410 debebat,
2751 358 2782 398 e
2808 343 2944 398 solio
2961 343 3311 404 deturbatatn.
3333 347 3508 402 carnis
3529 339 3779 416 volupta-‘

2191 435 2332 496 tibus
2365 450 2554 506 parere
2577 450 2851 506 cogamus,
2884 437 3187 507 ignorantes
3228 437 3390 507 ipsius
3415 425 3779 503 nobilitatch

2191 535 2251 582 et
2272 537 2522 598 quantam
2551 543 2661 597 pra:
2691 527 2788 582 ista
2818 527 3160 584 eminentiam
3190 531 3376 585 sortita
3404 532 3492 587 sit.
3525 530 3659 586 Nam
3689 548 3779 610 cog

2188 619 2295 688 gita
2319 659 2335 686 ,
2359 619 2586 674 obsecro
2605 661 2620 682 ,
2648 617 2984 675 formatiouis
3014 619 3257 677 ordinem
3289 639 3303 675 :
3333 633 3386 678 et
3421 625 3664 693 expende
3699 634 3774 676 te-

2191 725 2336 776 cum,
2368 711 2487 780 quis
2513 719 2654 766 esset
2686 710 2775 766 ille
2797 721 3081 782 antequam
3113 714 3461 784 inspiraretur
3487 730 3516 768 a
3550 715 3773 770 Domino

2189 802 2513 873 spiraculum
2540 803 2690 870 vine,
2719 813 2774 861 et
2807 805 2955 861 fieret
2999 806 3048 860 in
3080 807 3308 861 animam
3337 807 3622 863 viventem.
3661 809 3779 892 lna-i

2191 895 2350 950 nimis
2378 910 2570 967 nempe
2613 895 2817 968 imago,
2855 900 3166 968 operatione
3209 915 3426 968 carens,
3452 913 3509 956 et
3540 901 3607 956 ad
3643 901 3779 974 nihil,

2192 986 2369 1053 utilis;
2402 987 2470 1040 ita
2517 995 2575 1042 ut
2615 996 2779 1043 totum
2816 989 2948 1045 illud
2988 991 3129 1061 quod
3176 993 3227 1046 in
3269 1003 3470 1046 tantum
3516 993 3779 1047 honorem

2193 1078 2365 1149 ipsum
2397 1081 2658 1148 provexit,
2682 1081 2813 1135 nihil
2837 1082 2980 1138 aliud
3007 1084 3093 1149 sit,
3109 1099 3268 1154 quam
3293 1084 3618 1154 spiraculum
3649 1085 3775 1140 illud

2193 1187 2223 1226 a
2255 1173 2364 1227 Deo
2393 1173 2728 1243 inspiratnm.
2757 1173 3024 1230 Caeterum
3053 1185 3108 1231 ut
3134 1176 3236 1233 hoc
3260 1191 3365 1232 non
3403 1177 3574 1231 solum
3605 1191 3673 1231 ex
3716 1179 3779 1232 iis

2191 1279 2310 1334 quae
2339 1274 2464 1318 tunc
2491 1266 2626 1320 facta
2657 1276 2800 1333 sunt,
2829 1267 2925 1322 sed
2950 1277 3004 1323 et
3035 1283 3102 1324 ex
3131 1269 3196 1323 iis
3219 1285 3338 1340 qua:
3378 1285 3518 1325 nunc
3541 1269 3779 1340 quotidie

2193 1356 2508 1427 contingunt
2529 1358 2732 1426 videas,
2761 1361 2933 1430 cogita
2964 1369 3136 1417 tecum
3155 1361 3422 1432 quomodo
3448 1372 3568 1433 post
3586 1364 3780 1417 anima:

2193 1451 2596 1520 emigrationem
2616 1493 2630 1517 ,
2663 1467 2858 1522 corpus
2887 1453 2988 1508 hoc
3040 1465 3144 1508 tam
3177 1455 3394 1510 insuave
3436 1465 3494 1510 et
3533 1455 3780 1526 injucun-

2194 1541 2319 1597 dttnt
2348 1554 2570 1614 apparet
2597 1563 2611 1599 :
2639 1545 2841 1614 etquid
2863 1546 3004 1612 dico,
3047 1547 3262 1602 insuave
3289 1555 3346 1602 et
3394 1546 3780 1618 injucundum!

2193 1649 2354 1704 quam
2382 1636 2727 1705 horrendum,
2749 1655 2907 1710 quam
2937 1642 3200 1711 foetidum,
3231 1654 3280 1700 et
3311 1647 3650 1706 deformitate
3673 1653 3780 1721 ple-

2196 1743 2346 1793 num,
2370 1729 2510 1798 quod
2529 1741 2685 1786 antea
2713 1748 2836 1786 cum
2861 1735 2930 1789 ab
2953 1736 3130 1792 anima
3151 1749 3441 1809 regeretur,
3459 1742 3779 1813 jucundum,

2193 1829 2425 1889 gratum,
2453 1821 2842 1895 admodumque
2871 1825 3164 1883 formosum
3191 1839 3342 1896 erat,
3373 1835 3533 1888 multa
3565 1836 3779 1906 plenum

2198 1912 2476 1981 prudentia
2503 1955 2518 1980 ,
2551 1926 2604 1970 et
2633 1916 2698 1970 ad
2729 1917 2866 1973 bona
2892 1935 3053 1989 opera
3081 1937 3268 1994 magna
3295 1925 3611 1982 dexteritate
3644 1945 3779 1998 pra:—

2195 2005 2382 2062 ditum.
2433 2007 2558 2064 Ha-c
2603 2010 2784 2080 utique
2811 2016 2988 2067 omnia
3033 2017 3362 2086 cogitantes,
3396 2035 3460 2074 ac
3499 2022 3780 2077 nobiscum

2197 2109 2505 2167 reputantes
2552 2113 2746 2171 quanta
2794 2104 2868 2159 sit
2910 2107 3102 2162 anima:
3153 2119 3346 2164 nostra:
3390 2112 3665 2181 nobilitas,
3720 2132 3780 2171 ne

2197 2189 2322 2260 quid
2363 2207 2426 2248 ea
2475 2192 2747 2262 indignum
2775 2210 3092 2266 operemur,
3126 2217 3192 2256 ne
3217 2203 3626 2274 coinqttinemus
3666 2223 3780 2262 eam

2197 2281 2398 2340 illicitis
2425 2287 2695 2354 operibus,
2724 2303 2792 2343 ne
2819 2290 2919 2344 sub
2956 2291 3134 2347 carnis
3161 2296 3470 2352 servitutem
3497 2315 3618 2353 earn
3657 2301 3780 2355 sub-

2192 2375 2440 2446 jugetnus
2463 2419 2476 2441 ,
2511 2395 2576 2432 ne
2603 2389 2707 2433 tam
2740 2382 2971 2438 nobilem
2993 2425 3009 2451 ,
3045 2395 3294 2458 tantaque
3319 2389 3575 2460 dignitate
3603 2395 3779 2446 subli-

2197 2485 2337 2524 mem
2361 2513 2375 2535 ,
2407 2472 2486 2527 sic
2523 2472 2811 2529 crudeliter
2841 2483 2896 2530 et
2940 2477 3429 2537 immisericorditer
3467 2493 3780 2539 tractennts.

2195 2560 2328 2614 Nam
2377 2572 2592 2632 propter
2621 2564 2764 2620 illius
2792 2566 3144 2622 substantiam
3187 2587 3281 2626 nos
3323 2573 3410 2642 qui
3441 2588 3670 2644 corpore
3710 2578 3780 2630 in-

2197 2653 2359 2708 voluti
2385 2670 2591 2720 smnus,
2624 2657 2668 2710 si
2699 2658 2954 2727 velimus,
2985 2677 3263 2730 possumus
3289 2679 3409 2719 cum
3454 2667 3780 2738 incorporeis

2198 2747 2501 2814 virtutibus,
2529 2749 2812 2820 adjuvante
2841 2769 2936 2807 nos
2963 2754 3139 2809 divina
3168 2757 3354 2826 gratia,
3389 2769 3618 2826 certare,
3651 2773 3705 2817 et
3736 2764 3780 2818 in

2197 2848 2340 2894 terra
2369 2842 2726 2910 ambulantes,
2757 2848 2906 2915 quasi
2955 2848 3008 2902 in
3039 2850 3173 2904 ctelo
3205 2851 3403 2916 vivere,
3431 2863 3484 2908 et
3517 2855 3650 2910 nihil
3684 2860 3780 2910 tui-

2199 2948 2302 2986 ttus
2343 2949 2503 3004 quam
2543 2937 2645 2992 illa:
2687 2937 2918 3006 habere;
2963 2940 3070 2996 imo
3110 2941 3242 2998 forte
3281 2945 3474 3015 aliquid
3504 2951 3780 3018 amplius:

2197 3027 2466 3094 quomodo
2491 3038 2691 3093 autem,
2711 3045 2808 3099 ego
2835 3031 3028 3088 dicam.
3049 3033 3272 3100 Quando
3291 3039 3432 3091 enim
3458 3040 3577 3109 quis
3601 3042 3780 3096 inven‘

2199 3127 2284 3174 tus
2327 3120 2482 3176 fuerit
2518 3125 2849 3192 corruptibili
2895 3126 2995 3181 hoc
3037 3142 3260 3196 corpore
3286 3133 3685 3202 circumdatus,
3719 3138 3780 3192 ita

2198 3210 2360 3264 vitam
2386 3227 2551 3281 agens
2578 3224 2634 3268 ut
2671 3231 2918 3283 supernae
2965 3217 3066 3272 illa:
3093 3220 3313 3275 virtutes
3333 3263 3346 3286 ,
3375 3225 3651 3292 quomodo
3683 3244 3780 3283 non

2200 3304 2600 3373 propensiorem
2629 3307 2722 3362 Dei
2743 3311 2964 3377 gratiam
2992 3311 3260 3374 sortietur,
3283 3314 3404 3384 quia
3426 3319 3672 3385 corporis
3700 3336 3780 3373 ne:

2199 3397 2537 3454 cessitatibus
2573 3399 2832 3458 obnoxius
2857 3443 2873 3470 ,
2905 3403 3262 3476 incorruptam
3301 3408 3492 3465 animae
3532 3412 3780 3467 nobilitas

2183 3495 2308 3543 tem
2341 3490 2356 3521 ¹
2387 3491 2618 3546 servavit
2637 3492 2661 3546 ?

2283 3579 2454 3636 Virtus
2501 3583 2786 3650 possibilia;
2831 3602 3094 3656 possumus
3129 3588 3382 3646 Joannem
3422 3591 3715 3662 Baptistam
3747 3609 3780 3649 et

2185 3670 2427 3726 Paulum
2444 3674 2929 3748 imitari.—-Ecquis
2949 3695 3220 3749 umquam,
3236 3682 3401 3750 dices,
3426 3686 3627 3754 poterit
3647 3687 3780 3742 inve

2202 3763 2304 3818 niri
2328 3765 2491 3820 talis?
2527 3767 2713 3823 Merito
2738 3769 3080 3838 impossibilis
3110 3774 3260 3828 nobis
3297 3774 3411 3830 haec
3440 3791 3524 3830 res
3553 3779 3780 3838 videtur.

2201 3870 2425 3924 quorum
2455 3858 2619 3912 virtus
2643 3860 2929 3916 admodum
2953 3863 3159 3934 exigua.
3190 3865 3252 3919 At
3280 3865 3324 3920 si
3353 3868 3432 3921 vis
3451 3867 3663 3923 discere
3688 3886 3780 3923 non

2201 3963 2320 4004 csse
2349 3949 2447 4004 hoc
2475 3950 2800 4020 impossibile
2822 3995 2835 4018 ,
2865 3953 3072 4026 cogita,
3100 3971 3194 4009 oro
3214 3998 3228 4018 ,
3257 3973 3442 4012 omnes
3458 3958 3640 4027 justos
3661 4003 3675 4022 ,
3703 3961 3780 4030 qui

2203 4039 2428 4096 Domino
2457 4042 2712 4120 ab_initio
2751 4059 2918 4116 usque
2947 4046 3010 4100 ad
3061 4060 3292 4115 praesens
3331 4057 3537 4119 tempus
3575 4050 3780 4120 placue-

2203 4139 2327 4185 runt
2353 4117 2600 4203 magnum
2624 4135 2794 4198 illum,
2823 4145 2878 4190 et
2901 4136 3198 4192 infecunda:
3226 4139 3411 4204 tilium,
3435 4149 3488 4194 et
3516 4143 3688 4196 eretni
3721 4144 3780 4194 νίς

2203 4239 2320 4278 vem
2348 4223 2606 4280 Joannem
2639 4229 2682 4292 ³,
2714 4226 2934 4281 Paulum
2963 4244 3173 4299 quoque
3201 4230 3506 4301 magistrum
3539 4233 3712 4297 orbis,
3742 4242 3780 4285 el

2203 4333 2417 4372 omnem
2446 4327 2747 4373 sanctorum
2784 4335 3086 4386 numerum,
3116 4322 3204 4391 qui
3233 4322 3474 4378 eamdem
3502 4339 3668 4392 quam
3699 4339 3780 4378 nos

2204 4417 2446 4463 naturam
2477 4409 2732 4474 habuere,
2761 4410 2944 4466 iisdem
2975 4414 3214 4481 corporis
3245 4414 3656 4468 necessitatibus
3696 4416 3780 4468 ob-

2206 4502 2370 4567 noxii,
2391 4511 2443 4557 et
2471 4518 2541 4558 ne
2559 4504 2694 4558 ultra
2717 4504 3041 4573 impossibile
3069 4520 3187 4559 esse
3213 4521 3343 4572 opus
3369 4506 3672 4572 existimes,
3707 4523 3780 4560 ne

2205 4609 2308 4664 que
2344 4595 2558 4665 segnior
2597 4596 2675 4650 sis
2706 4595 2778 4650 ad
2817 4597 3086 4660 virtutem,
3115 4596 3180 4650 ad
3207 4611 3363 4666 quam
3404 4596 3556 4650 facile
3592 4600 3780 4667 ample

2206 4687 2451 4741 ctendam
2475 4696 2645 4742 tantas
2663 4703 2690 4741 a
2717 4689 2940 4744 Domino
2960 4699 3150 4744 nactus
3169 4705 3228 4744 es
3252 4690 3582 4744 occasiones.
3602 4692 3780 4748 Sciens

2205 4777 2349 4832 enim
2381 4777 2637 4850 benignus
2666 4780 2918 4835 Dominus
2955 4790 3151 4835 nostra:
3181 4781 3466 4835 voluptats
3509 4782 3780 4835 infirmita

2209 4878 2338 4936 tom,
2369 4879 2424 4925 et
2447 4869 2517 4924 ad
2548 4871 2830 4927 labentium
2861 4872 3263 4941 proclivitatem,
3284 4887 3470 4941 magna
3496 4873 3655 4926 llOlliS
3684 4891 3780 4926 me-

2207 4964 2472 5019 dicamina
2500 4965 2553 5020 in
2580 4979 2850 5021 Sacrarnm
2878 4965 3270 5036 Scripturarum
3301 4964 3532 5019 lectione
3557 4967 3776 5034 reliquit

2210 5066 2268 5111 ut
2293 5073 2356 5112 ea
2379 5058 2604 5115 subinde
2622 5059 2928 5114 Vulneribus
2957 5059 3151 5113 nostris
3178 5059 3532 5127 imponentes,
3557 5069 3613 5113 et
3638 5060 3779 5110 \‘iiatt

2209 5152 2421 5207 illorum
2463 5152 2737 5207 beatorum
2766 5153 2997 5207 virorum
3031 5161 3155 5206 ante
3181 5150 3367 5206 oculos
3394 5161 3759 5219 proponentes

2209 5245 2276 5300 ad
2298 5245 2651 5300 aemulandum
2676 5258 3045 5315 provocetnur,
3066 5252 3121 5297 et
3143 5243 3389 5297 virtutem
3421 5256 3529 5294 non
3560 5243 3780 5312 neglige

2276 5387 2294 5461 ξ
2324 5385 2406 5434 Sic
2447 5386 2598 5461 $avil.
2643 5392 2698 5435 et
2734 5382 2936 5437 Coislin.
2973 5383 3146 5434 Morel.
3181 5390 3236 5433 et
3267 5383 3372 5445 alii,
3401 5387 3661 5452 energiam
3692 5393 3780 5452 (np

2213 5448 2572 5560 "agmini.
2597 5516 2649 5558 et
2670 5509 2769 5558 duo
2794 5508 2909 5558 Mss.
2934 5508 3051 5566 Alii,
3078 5505 3254 5567 Etiam,
3280 5521 3394 5568 pro,
3418 5510 3688 5561 Joannem.
3723 5514 3780 5561 In.

2213 5577 2408 5639 terpres
2435 5578 2699 5639 utrumque
2733 5571 3033 5639 legerat,_ita
3067 5571 3484 5639 ut__.loavnuesnbic
3531 5584 3780 5639 voraretut

2213 5630 2399 5684 Helias.
2457 5637 2540 5682 Sic
2584 5630 2730 5682 etiam
2778 5630 2880 5681 [res
2932 5634 3077 5695 blss.,
3123 5630 3315 5684 Heliam
3355 5630 3493 5682 illum
3545 5637 3780 5687 Joannem

2215 5695 2409 5760 (Ἠλίαν
2430 5696 2605 5746 ἐκεῖνον
2637 5695 2894 5756 Ἰωάννην).
