3754 6322
78 274 160 326 105

74 403 173 444 mus
202 389 216 418 '
238 427 253 452 ,
292 385 385 441 sed
420 385 681 456 fugiamus
712 389 982 452 peccatum
1000 422 1016 446 ,
1043 388 1098 434 et
1124 379 1300 433 omnia
1331 377 1588 431 faciamus
1610 413 1626 438 ,

75 495 129 534 ne
152 477 388 546 indignos
418 491 516 534 nos
545 472 900 530 ineﬂabilibus
926 471 1029 524 illis
1057 469 1208 524 bonis
1241 467 1587 522 exhibeamus
1616 482 1629 516 :

72 569 190 639 quod
217 568 367 622 nobis
391 566 641 622 omnibus
668 562 1008 626 concedatur,
1037 560 1202 630 gratia
1230 569 1283 614 et
1311 558 1636 627 benignitate

75 660 260 716 Domini
289 659 416 714 Jesu
445 656 665 720 Christi,
689 669 937 723 cumquo
961 653 1100 706 l’atri
1129 660 1182 706 et
1205 649 1424 720 Spiritui
1451 656 1637 703 sancto

72 750 120 803 sil
153 749 339 819 gloria,
369 747 672 818 imperium,
705 753 759 800 et
787 744 957 798 honor
983 742 1033 796 iu
1063 740 1254 796 saecula
1294 739 1635 794 Str-culorum.

71 850 242 899 Amen.

621 953 900 1010 HOMILIA
939 951 1079 1006 Xlll.

74 1075 124 1129 Et
168 1072 412 1142 plantavit
453 1069 700 1124 Dominus
749 1067 884 1120 Deus
929 1065 1221 1138 paradisum
1265 1064 1319 1118 in
1365 1062 1526 1117 Edem
1573 1064 1641 1118 ad

126 1172 402 1231 orientem,
444 1174 492 1218 et
536 1162 703 1233 posuit
748 1160 856 1215 illic
907 1160 1158 1214 hominem
1205 1174 1350 1228 quem
1403 1159 1642 1230 formavit

128 1259 279 1330 (Gen.
306 1258 365 1313 ξ.
388 1255 467 1328 8).

126 1397 175 1450 l.
220 1396 419 1452 Videns
440 1406 674 1452 vestrum
701 1391 1020 1462 inexplebile
1047 1388 1386 1452 desiderium,
1421 1392 1476 1440 et
1500 1382 1644 1438 mulo

67 1497 159 1542 tam
182 1489 510 1550 aviditatem,
535 1494 871 1554 mentemque
893 1491 1173 1546 attentam,
1197 1493 1296 1534 nec
1319 1491 1421 1531 non
1452 1487 1642 1529 omnes

68 1580 119 1634 ad
142 1580 473 1648 spiritualem
504 1579 640 1632 hanc
675 1575 968 1632 doctrinam
1008 1572 1355 1633 advolantes;
1401 1563 1643 1638 quamvis

67 1673 212 1726 valde
240 1673 341 1726 sim
367 1686 502 1726 mea:
529 1671 720 1739 inopiae
751 1667 881 1722 mihi
910 1666 1190 1729 conscius;
1221 1663 1528 1732 l‘reque’uter
1561 1667 1642 1712 ta-

69 1781 174 1819 tuen
205 1773 258 1818 et
279 1763 515 1833 quotidie
546 1762 757 1830 inopem
777 1767 831 1814 et
857 1766 1070 1812 tenuem
1116 1754 1253 1809 hanc
1282 1765 1521 1807 mensam
1549 1763 1642 1802 νος

69 1857 136 1910 bis
158 1868 461 1924 proponere
485 1852 694 1916 studeo,
719 1848 994 1904 conlidens
1020 1861 1113 1900 vos
1134 1843 1401 1900 desiderio
1425 1841 1646 1910 ﬂagran-

69 1957 152 2010 tes,
183 1945 373 2012 majori
399 1943 674 1999 alacritate
702 1957 820 2012 qum
847 1939 1096 1995 dicuntur
1119 1943 1460 2005 suscepturos
1488 1946 1606 1986 esse
1625 1971 1642 1999 ,

65 2037 482 2107 quandoquidem
509 2044 565 2089 et
593 2035 645 2088 in
675 2031 1017 2088 sensibilibus
1043 2028 1232 2084 eduliis
1261 2025 1442 2081 videre
1472 2030 1648 2093 potest

66 2133 225 2203 quivis
272 2131 375 2186 hoc
414 2131 742 2199 contingere.
771 2126 1002 2196 Urgente
1033 2135 1261 2192 namque
1304 2119 1645 2174 convivarum

66 2224 291 2293 appetitu
316 2264 334 2289 ,
362 2221 571 2276 etiamsi
606 2217 920 2289 paupercula
964 2227 1148 2269 mensa
1191 2212 1294 2276 sit,
1326 2219 1380 2265 et
1414 2209 1570 2277 inops
1603 2207 1647 2261 is

67 2321 143 2386 qui
168 2316 418 2371 convivio
460 2313 692 2382 excipit,
729 2323 915 2380 magna
942 2315 1121 2362 tamen
1152 2320 1272 2359 cum
1317 2303 1587 2372 voluptate
1613 2299 1648 2353 ii

68 2409 294 2478 apposita
326 2406 648 2469 absumunt;
681 2411 865 2457 contra
892 2401 934 2454 si
977 2399 1151 2454 minor
1173 2393 1497 2466 epulantium
1532 2391 1648 2446 fue-

69 2502 128 2554 rit
151 2499 442 2569 appetitus,
472 2497 677 2551 etiamsi
724 2502 1092 2563 sumptuosum
1121 2487 1280 2544 fuerit
1316 2487 1529 2556 epulum
1557 2526 1570 2550 ,
1596 2493 1652 2538 et

71 2595 196 2647 varia
219 2593 547 2661 copiosaque
563 2587 758 2656 edulia,
784 2585 983 2639 nullum
1002 2583 1124 2638 inde
1143 2579 1505 2643 commodum,
1526 2591 1646 2630 cum

70 2701 214 2742 nemo
243 2687 316 2739 sit
337 2685 426 2754 qui
454 2681 708 2752 appositis
739 2678 812 2732 uti
838 2685 1016 2748 queat.
1053 2676 1147 2730 llic
1175 2682 1370 2735 autem,
1391 2671 1510 2741 quia
1533 2685 1653 2740 gra-

72 2782 129 2832 tia
157 2779 246 2833 Dei
273 2777 481 2831 alacres
508 2782 564 2828 et
594 2771 819 2827 famelici
848 2769 911 2823 ad
940 2766 1269 2838 spiritualem
1298 2779 1537 2819 mensam
1564 2776 1652 2815 ac-

70 2873 269 2936 ceditis,
299 2879 354 2925 et
379 2869 478 2938 ipsi
505 2881 696 2933 magno
720 2861 987 2918 desiderio
1009 2859 1254 2920 dicimus,
1280 2858 1529 2915 scientes.
1555 2868 1654 2908 nos

69 2962 251 3016 sobriis
294 2960 515 3014 auribus
544 2956 748 3010 divinas
787 2954 944 3007 hasce
984 2949 1317 3004 narrationes
1357 2959 1650 3017 apponi-re.

69 3054 326 3120 Quoniam
356 3060 410 3106 et
438 3047 670 3119 agricola
694 3088 708 3111 ,
739 3045 826 3114 qui
859 3044 1105 3114 pinguem
1134 3048 1188 3094 et
1226 3039 1448 3094 fertilem
1471 3051 1654 3108 agrum

70 3143 284 3206 invenit,
318 3151 599 3211 postquam
626 3139 802 3192 omnia
828 3150 946 3205 qua:
972 3132 1052 3187 sui
1077 3131 1235 3186 ol‘licii
1260 3137 1417 3211 erant
1447 3125 1656 3198 priesti-

68 3242 154 3304 tit,
196 3253 264 3292 ac
308 3246 509 3290 terram
542 3232 797 3295 suleavit,
847 3236 1082 3282 aratrum
1137 3224 1330 3290 duxit,
1373 3223 1658 3290 spinasque

68 3330 280 3392 eduxit,
330 3335 457 3380 tunc
487 3323 703 3393 largiter
739 3320 966 3374 seminat
989 3359 1004 3382 ,
1034 3317 1276 3385 bonaque
1319 3329 1413 3382 spe
1453 3310 1659 3381 (ultus,

65 3419 302 3489 quotidie
345 3429 566 3486 germen
608 3419 884 3482 exspectat
921 3407 1142 3464 seminis
1165 3449 1181 3471 ,
1210 3405 1352 3476 quod
1380 3413 1533 3458 terrae
1576 3402 1656 3456 l‘e-

64 3511 322 3566 cunditati
362 3507 663 3572 commisit,
694 3505 759 3559 ad
792 3514 947 3558 terra:
977 3499 1304 3556 feracitatem
1346 3496 1658 3560 attendens,

65 3606 121 3660 ad
149 3606 329 3660 multo
358 3602 615 3671 majorem
638 3599 782 3670 jacto
811 3597 1015 3652 semine
1035 3609 1263 3650 messem
1293 3591 1660 3662 excipiendam

67 3709 302 3766 paratus.
335 3693 591 3749 Similiter
621 3699 674 3746 et
716 3705 813 3744 nos
837 3730 852 3753 ,
892 3703 1013 3743 cum
1051 3686 1290 3741 videmus
1335 3685 1660 3738 alacritatem

65 3800 301 3844 vestram
331 3783 571 3856 quotidie
601 3783 902 3836 increscere
921 3822 936 3842 ,
965 3776 1290 3833 desiderium
1322 3775 1521 3845 vigere,
1548 3783 1664 3827 stu-

65 3881 200 3933 dium
231 3881 574 3933 incrementa
597 3883 825 3934 sumere,
855 3870 1046 3924 bonam
1070 3883 1220 3937 spem
1246 3866 1525 3930 habemus,
1550 3880 1666 3918 ma-

60 3971 271 4040 iorique
324 3967 505 4022 studio
547 3973 600 4019 et
637 3961 946 4028 alacritate,
982 3969 1238 4030 quantum
1287 3957 1428 4011 vires
1471 3965 1668 4011 nostra:

65 4069 382 4132 Suppetunt,
419 4059 476 4112 in
503 4054 908 4110 :cdilicationem
937 4061 1126 4105 vestra:
1154 4049 1392 4103 caritatis
1414 4089 1428 4112 ,
1461 4048 1513 4102 in
1551 4048 1669 4118 glo-

65 4158 190 4210 riam
222 4140 330 4209 Deli
349 4195 364 4217 ,
398 4153 456 4205 in
485 4147 744 4204 Ecclesia:
782 4145 872 4199 Dei
902 4143 1067 4198 decus
1093 4141 1292 4211 aliquid
1323 4140 1464 4196 ferre
1499 4138 1671 4194 anhe-

65 4250 252 4302 lamus.
285 4247 410 4315 Age
451 4241 645 4312 igitur,
683 4238 727 4292 si
765 4236 934 4305 placet
959 4275 974 4300 ,
1000 4233 1240 4304 repetitis
1269 4233 1332 4287 iis
1361 4247 1478 4301 qua:
1503 4245 1673 4300 nuper

65 4339 196 4393 dicta
227 4345 389 4401 sunt,
420 4339 815 4400 consequenter
841 4327 906 4382 de
933 4326 1189 4381 hodierna
1216 4324 1444 4379 lectione
1472 4332 1673 4378 tracte-

69 4446 196 4484 mus.
231 4427 388 4498 Quid
416 4435 600 4479 autem
631 4422 700 4477 sit
727 4419 868 4490 quod
899 4433 1068 4488 nuper
1099 4416 1443 4480 tractabatur,
1477 4431 1677 4484 quous-

66 4541 158 4594 quc
211 4532 545 4577 sermonem
572 4513 1003 4582 ostenderimus.
1040 4519 1095 4563 et
1129 4509 1215 4563 ubi
1255 4507 1413 4561 linem
1462 4506 1676 4561 dicendi

66 4615 398 4675 fecerimus,
446 4605 806 4662 necessarium
837 4611 919 4656 cst
955 4601 1154 4655 dicere.
1185 4599 1248 4652 Et
1283 4599 1510 4670 {armavit
1541 4597 1678 4652 Deus

67 4706 351 4764 hominem,
386 4700 649 4771 pulverem
672 4694 938 4763 accipiens
967 4691 1030 4744 de
1060 4701 1211 4794 terga.
1239 4688 1303 4742 Et
1332 4689 1596 4757 inspiravit
1624 4690 1678 4742 in

63 4803 242 4867 faciens
274 4797 404 4866 ejus
433 4788 745 4860 spiraculum
765 4789 899 4852 vitw,
931 4781 1192 4857 {actusriite
1219 4791 1290 4836 est
1319 4783 1468 4834 homo
1495 4782 1544 4834 in
1568 4781 1680 4834 ani-

65 4909 191 4943 mam
234 4890 508 4943 viventem
542 4881 694 4953 (Gen.
720 4879 775 4934 2.
807 4880 884 4950 7).
921 4877 1072 4946 Quod
1105 4887 1228 4930 tunc
1253 4875 1516 4941 diceham,
1548 4874 1598 4929 id
1626 4883 1680 4930 et

65 5001 198 5038 mine
229 4985 459 5043 dicam,
491 4986 547 5032 et
571 4973 798 5030 subinde
825 4985 1125 5025 memorare
1156 4984 1261 5022 non
1293 4967 1536 5032 cessabo,
1564 4982 1681 5021 ma-

64 5092 216 5145 gnam
279 5085 344 5129 et
405 5067 728 5124 ineffabilem
781 5078 902 5118 esse
953 5061 1328 5131 benignitatem
1383 5060 1684 5113 communis

65 5172 310 5224 catinium
341 5161 568 5220 Domini
590 5175 712 5230 erga
733 5171 902 5228 genus
923 5165 1182 5210 nostrum.
1200 5151 1472 5222 Siquidem
1497 5167 1682 5221 magna

65 5256 541 5330 attentperatione
570 5251 639 5306 ob
665 5250 889 5304 salutem
917 5254 1153 5300 nostram
1186 5258 1314 5298 usus
1338 5253 1440 5306 est,
1469 5260 1688 5313 magno-

67 5372 163 5424 quc
189 5349 422 5408 animal
467 5347 600 5411 hoc,
624 5343 896 5399 hominem
919 5340 1059 5403 dico,
1100 5337 1302 5392 honore
1331 5349 1690 5408 proscquutus

66 5458 177 5512 est;
221 5456 463 5499 necnon
502 5436 683 5490 verbis
709 5443 763 5489 et
787 5433 945 5488 rebus
969 5430 1252 5485 declaravit
1276 5471 1292 5495 ,
1330 5445 1387 5483 se
1433 5444 1687 5498 majorem

68 5543 177 5610 ejus
199 5582 215 5605 ,
245 5549 440 5610 quam
466 5529 754 5584 visibilium
775 5524 1012 5580 omnium
1039 5536 1218 5577 curam
1254 5521 1522 5575 habuisse.
1551 5519 1691 5576 Nihil

129 5700 144 5726 ι
180 5689 365 5748 (κλαίει,
384 5695 709 5750 provocamur
722 5681 786 5730 ad
805 5675 1159 5750 aemulationem
1177 5675 1353 5741 agendi
1378 5674 1575 5727 rationis
1596 5683 1695 5727 Deo

66 5741 252 5821 digna.
291 5741 553 5804 r'ir'twem
576 5744 724 5811 igitur
747 5756 839 5793 non
852 5741 1164 5805 negligemus.

1140 263 1204 317 IN
1245 260 1474 316 C.—\P.ll.
1509 257 1748 314 GENI‘S.
1795 256 2020 310 l‘lOMlL
2056 255 2193 310 Xlll.

3224 264 3326 325 106

1747 371 1890 425 enim
1913 371 2161 440 prohibet
2186 371 2345 425 ctiam
2374 370 2532 428 hodie
2558 373 2741 428 eadem
2770 375 3048 445 explorare
3075 383 3211 448 apud
3239 397 3329 436 ca-

1742 461 1951 516 ritatem
1987 472 2240 517 vestram.
2270 461 2400 516 Nam
2442 464 2580 519 sicut
2620 454 2856 520 arou'tata
2882 509 2897 532 ,
2929 479 3126 539 quanto
3162 475 3332 542 magis

1743 555 1921 625 digitis
1949 565 2265 621 atteruntur,
2299 565 2445 612 tanto
2467 557 2720 627 majorem
2751 570 2936 616 natura
2964 578 3056 618 sua
3087 564 3330 635 fragran-

1745 649 1870 704 tiam
1914 648 2141 704 reddunt
2170 667 2183 704 :
2215 650 2284 703 ita
2323 659 2378 705 et
2424 651 2474 704 in
2505 650 2794 721 Scripturis
2825 657 3103 719 usuvenit,
3132 670 3332 727 quanto

1743 743 1862 812 quis
1888 742 2003 796 illas
2041 743 2270 812 amplius
2301 751 2527 800 tractare
2566 747 2850 812 studuerit,
2883 758 3030 806 tanto
3057 753 3225 822 magis
3253 756 3334 806 vi-

1745 833 1873 889 dere
1909 836 2103 903 poterit
2142 834 2390 889 latentem
2421 837 2472 890 in
2520 837 2648 908 ipsis
2675 838 2978 895 thesaurum
3004 885 3019 909 ,
3047 853 3208 914 atque
3235 847 3336 899 im-

1746 939 1962 979 mensos
1989 925 2268 993 percipere
2293 926 2598 981 divitiarum
2627 927 2848 984 fructus.
2879 931 2945 985 Et
2971 934 3227 1002 formavit,
3255 938 3334 990 in-

1746 1015 1893 1084 quit,
1936 1014 2073 1068 Deus
2114 1016 2403 1082 hominem,
2453 1017 2709 1087 pulrerem
2756 1021 3022 1091 accipiens
3065 1025 3128 1078 de
3177 1036 3330 1082 terra.

1710 1171 1714 1173 ἢ
1747 1107 2124 1162 Animadverte
2145 1151 2162 1173 ,
2195 1109 2418 1163 obsecro
2437 1152 2452 1175 ,
2481 1121 2676 1179 quanta
2701 1113 2929 1169 varietas
2970 1130 3034 1169 ex
3079 1117 3193 1186 ipso
3216 1133 3340 1172 ver-

1747 1200 1936 1256 borum
1963 1203 2244 1271 prommio.
2277 1203 2332 1257 ιη
2361 1203 2608 1258 onmihus
2636 1205 2778 1258 etaim
2806 1207 2923 1260 aliis
2945 1210 3205 1264 creaturis
3233 1211 3335 1264 do-

1748 1296 1856 1349 cuit
1885 1310 1982 1352 nos
2007 1296 2191 1350 beatus
2220 1297 2393 1351 Moses
2423 1297 2636 1351 modum
2667 1298 2972 1364 creationis,
3006 1301 3088 1355 his
3114 1303 3289 1358 verbis
3317 1321 3332 1358 :

1749 1386 1891 1442 Dixit
1919 1387 2078 1453 Deus,
2113 1387 2230 1442 Fiat
2253 1390 2363 1456 lux,
2392 1399 2437 1442 et
2464 1394 2602 1458 facta
2649 1403 2720 1444 est
2749 1389 2870 1456 lux;
2894 1391 3012 1446 Fiat
3043 1395 3333 1462 firmamen—

1749 1489 1891 1543 tum;
1939 1478 2277 1551 Congregetnr
2318 1498 2490 1550 aqua;
2520 1481 2674 1536 Fiant
2721 1484 3034 1552 luminaria;
3083 1487 3334 1544 Germinet

1749 1581 1882 1625 terra
1909 1571 2112 1625 herbam
2141 1572 2262 1642 [teni
2285 1588 2305 1634 ;
2332 1571 2627 1626 Producant
2655 1590 2800 1643 aqua:
2825 1576 3026 1640 reptilia
3051 1579 3337 1632 animarum

1751 1664 2034 1727 viventium,
2065 1671 2138 1725 et,
2166 1661 2423 1717 Producat
2451 1673 2582 1717 terra
2613 1666 2834 1717 animum
2864 1666 3126 1720 viventem.
3148 1667 3339 1724 Vidiin

1749 1755 2016 1826 quomodo
2056 1755 2219 1812 verbo
2265 1756 2442 1810 omnia
2486 1757 2712 1811 formata
2741 1759 2885 1813 sint?
2921 1759 3024 1815 Sed
3067 1761 3341 1816 videamus

1750 1855 1932 1916 postea
1961 1846 2085 1916 quid
2122 1845 2175 1899 in
2216 1847 2486 1901 creatione
2525 1847 2754 1902 hominis
2798 1848 2960 1904 dicat.
2993 1848 3061 1902 Et
3106 1853 3341 1920 formavit

1752 1934 1888 1990 Deus
1914 1937 2187 1989 hominem.
2224 1936 2353 1991 Vide
2380 1937 2650 2006 quomodo
2691 1939 2974 1994 verborum
3015 1951 3342 2011 attempera-

1753 2028 1916 2094 tione,
1945 2029 2096 2098 queis
2121 2027 2190 2098 ob
2219 2037 2453 2082 nostram
2499 2028 2859 2084 inﬁrmitatem
2893 2047 3019 2090 usus
3045 2044 3146 2096 est,
3181 2033 3340 2088 simul

1751 2128 1806 2174 et
1827 2113 2041 2174 modum
2069 2119 2364 2174 creationis
2391 2119 2599 2185 doceat,
2630 2130 2684 2175 et
2710 2121 3096 2188 diversitatem,
3127 2141 3251 2194 qua,
3285 2137 3343 2180 ut

1753 2212 1988 2265 humano
2021 2226 2170 2266 more
2201 2212 2422 2283 loquar,
2453 2212 2612 2267 veluti
2651 2213 2742 2267 Dei
2775 2214 3016 2268 manibus
3054 2215 3339 2272 formatum

1753 2302 1926 2374 ipsum
1956 2302 2152 2356 indicat
2173 2344 2188 2367 ,
2217 2303 2356 2358 sicut
2379 2312 2434 2357 et
2475 2304 2611 2357 alius
2643 2303 2900 2373 propheta
2946 2305 3076 2360 dicit
3108 2324 3121 2360 :
3158 2307 3344 2362 Manus

1737 2404 1856 2451 .tuw
1873 2396 2094 2464 fecerunt
2123 2410 2221 2459 me,
2249 2405 2294 2448 et
2314 2396 2687 2466 plasmaverunt
2718 2414 2795 2450 me
2819 2396 2962 2468 (Job.
2988 2400 3073 2454 10.
3103 2400 3182 2472 8).
3212 2402 3342 2455 Nam

1754 2486 1801 2541 si
1829 2487 2142 2558 simpliciter
2171 2487 2503 2557 imperasset,
2533 2503 2733 2559 quaeso,
2765 2499 2820 2543 ut
2846 2506 2911 2544 ex
2943 2499 3084 2545 terra
3114 2493 3348 2547 oriretur

1757 2577 1941 2645 homo,
1963 2595 2143 2634 annon
2173 2579 2223 2634 id
2253 2579 2394 2649 quod
2420 2580 2627 2649 jussum
2651 2589 2766 2634 erat
2787 2581 3097 2650 productum
3124 2581 3306 2639 fuisset
3323 2586 3348 2638 ἲ

1755 2668 1861 2724 Sed
1895 2681 1950 2724 ut
1978 2686 2071 2741 per
2105 2671 2391 2726 creationis
2433 2671 2649 2726 modum
2681 2672 2980 2728 doctrinam
3029 2674 3184 2728 nobis
3225 2691 3349 2745 per.

1756 2773 1968 2835 petuam
2018 2763 2288 2831 traderet,
2336 2774 2393 2819 ut
2431 2781 2498 2821 ne
2541 2765 2743 2834 majora
2789 2781 2948 2836 quam
2991 2783 3111 2836 qua:
3157 2779 3348 2824 natura

1759 2867 1939 2912 nostra
1987 2856 2155 2912 ferret
2199 2859 2555 2925 sentiremus,
2584 2859 2704 2913 ideo
2762 2859 2842 2914 sic
2892 2867 3138 2958 aecugte
3166 2864 3347 2916 omnia

1759 2960 2011 3015 enarrat,
2043 2959 2097 3005 et
2130 2952 2205 3005 ait
2234 2968 2247 3004 :
2283 2950 2544 3005 Formavit
2591 2950 2726 3006 Deus
2774 2950 3076 3020 hominem:
3096 2955 3350 3025 pulverem

1759 3042 2026 3112 accipiens
2054 3043 2069 3074 ³
2099 3044 2160 3096 de
2182 3053 2333 3096 terra.

1831 3135 1887 3188 2.
1914 3134 2048 3190 Vide
2075 3145 2128 3190 et
2157 3136 2207 3190 in
2234 3137 2331 3192 hac
2361 3152 2419 3191 re
2467 3135 2746 3190 honorem.
2795 3135 2913 3192 Non
2960 3139 3104 3195 enim
3154 3149 3348 3196 terram

1763 3229 2052 3299 quamlibet
2077 3229 2288 3299 accipit,
2318 3229 2411 3285 sed
2448 3229 2744 3300 pulverem,
2774 3231 3140 3286 tenuissimum
3172 3243 3345 3301 terrm,

1765 3328 1822 3373 ut
1859 3320 1929 3373 ita
1981 3320 2100 3388 quis
2123 3319 2338 3385 dixerit,
2365 3331 2419 3375 et
2441 3320 2580 3374 hunc
2607 3320 2776 3389 ipsum
2822 3320 3090 3390 pulverem
3119 3323 3186 3377 de
3213 3333 3354 3377 terra

1765 3419 2034 3481 pra'cepto
2060 3425 2157 3464 suo
2202 3411 2252 3464 in
2289 3412 2532 3481 corporis
2558 3423 2798 3466 naturam
2834 3413 3120 3467 transtulit.
3151 3413 3354 3481 Qttctn-

1767 3502 2053 3558 admodum
2101 3501 2242 3557 enim
2288 3503 2456 3572 ipsam
2500 3515 2655 3556 terra:
2684 3503 3032 3557 substantiam
3077 3521 3180 3558 non
3211 3506 3353 3558 exsi-

1767 3603 1996 3649 steutem
2029 3594 2298 3663 produxit,
2345 3594 2414 3647 ita
2462 3608 2624 3659 nunc,
2677 3608 2799 3648 cum
2850 3594 3034 3660 voluit,
3082 3595 3355 3665 pulverent

1768 3686 1836 3740 de
1862 3696 2002 3740 terra
2030 3685 2080 3738 in
2107 3700 2302 3754 corpus
2323 3687 2602 3739 convertit.
2633 3685 2730 3741 llic
2763 3685 3067 3742 exclamare
3103 3687 3254 3756 juvat
3305 3689 3356 3742 id

1770 3779 1910 3849 quod
1941 3794 1970 3831 a
2002 3778 2160 3832 beato
2196 3777 2392 3831 Davidc
2416 3777 2613 3831 dictum
2659 3785 2784 3831 est:
2821 3775 2946 3841 Quis
2992 3777 3223 3846 loquetur
3261 3795 3356 3846 po-

1772 3872 1951 3923 tentias
2003 3868 2251 3933 Domini,
2319 3867 2521 3921 auditas
2578 3867 2729 3940 faciet
2795 3882 2966 3921 omnes
3022 3867 3198 3922 laudes
3250 3870 3361 3939 ejus

1777 3961 1958 4033 (Psal.
1987 3961 2110 4016 l05.
2137 3959 2252 4029 2)?
2298 3958 2440 4030 quod
2468 3975 2533 4013 ex
2594 3959 2808 4028 pulvere
2850 3959 2958 4013 tale
2999 3960 3194 4013 animal
3241 3978 3362 4030 pro-

1773 4055 2002 4119 duxerit,
2027 4063 2082 4109 et
2109 4055 2158 4108 in
2187 4063 2387 4107 tantum
2417 4053 2674 4106 honorem
2703 4053 2960 4119 evexerit,
2994 4060 3174 4122 totque
3201 4054 3364 4107 bene-

1775 4146 1895 4202 ﬁeia
1919 4148 1972 4202 in
1995 4163 2115 4202 eum
2141 4147 2322 4202 statim
2347 4145 2415 4200 ab
2443 4145 2594 4200 initio
2619 4146 2920 4207 contulerit.
2945 4162 3092 4200 suam
3119 4147 3361 4217 benigni-

1780 4248 1940 4294 tatem
1974 4254 2070 4309 per
2094 4239 2270 4293 omnia
2321 4237 2631 4292 ostendens.
2664 4236 2731 4289 Et
2771 4238 3052 4307 inspiravit,
3088 4238 3276 4307 inquit.
3311 4242 3363 4293 in

1778 4331 1960 4404 faciem
1985 4331 2093 4401 ejus
2121 4327 2433 4400 spiraculum
2451 4328 2585 4396 vitte,
2611 4338 2655 4382 et
2683 4327 2854 4399 [actus
2880 4337 2952 4382 est
2977 4329 3126 4382 homo
3156 4330 3208 4383 in
3254 4332 3365 4383 uui-

1779 4439 1914 4477 mam
1952 4423 2208 4484 viventem.

1852 4515 2039 4572 Contra
2090 4531 2173 4569 eos
2209 4514 2294 4585 qui
2341 4513 2572 4567 dicebant
2599 4512 2823 4566 animum
2849 4530 2912 4566 ea:
2949 4515 3230 4568 substantia
3274 4513 3370 4568 Dei

1782 4625 1906 4663 esse.
1938 4606 2076 4661 Deus
2104 4605 2340 4674 simplex,
2369 4604 2755 4675 incompositus,
2787 4615 2832 4656 et
2871 4605 3039 4676 ﬁgura
3087 4621 3372 4658 carens.—

1784 4703 1880 4757 Hic
1927 4701 2140 4772 quidam
2191 4699 2330 4754 male
2359 4697 2556 4760 feriati,
2612 4684 2838 4766 propriis
2868 4697 2996 4752 moti
3039 4697 3368 4763 ratiociniis,

1785 4793 2024 4862 nihilque
2074 4792 2182 4846 Deo
2231 4790 2446 4861 dignum
2500 4790 2813 4858 cogitantes,
2865 4804 3040 4859 neque
3083 4791 3370 4844 verborum

1785 4887 2282 4955 atlemperalionem
2331 4898 2515 4938 secum
2568 4891 2899 4951 reputantes,
2947 4881 3124 4936 dicere
3153 4882 3370 4944 audent,

1785 4981 2015 5034 animant
2043 4995 2106 5033 ex
2139 4979 2228 5033 Dei
2257 4977 2548 5032 substantia
2575 4991 2712 5031 esse.
2741 4975 3101 5028 0-insaniam!
3133 4991 3166 5028 ο
3185 4991 3373 5029 amen-

1789 5073 1950 5127 tiam!
1981 5079 2111 5141 quot
2149 5069 2400 5140 perniciei
2446 5069 2558 5122 vias
2583 5067 2829 5122 diabolus
2856 5068 3058 5135 paravit
3083 5067 3375 5121 cultoribus

1789 5164 1935 5218 suis!
1981 5163 2034 5218 ld
2067 5171 2125 5216 ut
2166 5163 2360 5224 discas,
2390 5158 2658 5230 perpende
2683 5173 2841 5226 quam
2871 5156 3098 5211 diversis
3129 5157 3376 5213 incedant

1791 5257 1909 5310 viis.
1930 5255 2061 5310 Nam
2088 5255 2177 5308 alii
2205 5270 2266 5308 ex
2291 5252 2394 5307 hoc
2423 5251 2584 5306 verbo
2613 5265 2796 5304 ansam
2823 5249 3166 5318 arripientes,
3202 5249 3376 5320 Inspi-

1792 5352 1942 5416 ravit,
1995 5350 2180 5402 dicunt
2219 5346 2429 5402 animas
2477 5359 2544 5398 ex
2593 5341 2886 5396 substantia
2937 5341 3028 5396 Dei
3075 5357 3231 5406 esse;
3289 5345 3376 5398 alii

1794 5455 2003 5496 rursum
2033 5439 2232 5503 dicunt,
2261 5437 2313 5491 in
2333 5433 2709 5490 vilissimorum
2732 5432 3006 5487 brutorum
3028 5433 3376 5488 substantiam

1797 5534 1939 5602 ipsas
1964 5531 2186 5602 transire
2210 5545 2223 5582 :
2248 5541 2350 5599 qua
2373 5525 2606 5581 amentia
2626 5523 2753 5596 quid
2777 5522 3014 5580 deterius
3033 5539 3153 5580 esse
3172 5525 3379 5597 possit!

1866 5737 1882 5768 ³
1918 5741 1970 5784 tu
1986 5740 2099 5796 Reg.
2123 5745 2220 5782 uno
2245 5737 2296 5780 et
2317 5727 2446 5779 Colb.
2466 5740 2563 5779 uno
2580 5727 2724 5780 deest
2747 5739 2857 5788 vos,
2881 5720 3142 5790 accipiens.
