3754 6288
385 227 488 284 107

382 346 516 414 Quia
544 343 685 398 enim
732 338 1076 395 obtenebrala
1119 346 1203 390 est
1251 336 1384 390 ratio
1428 349 1634 395 eorum,
1689 342 1743 386 et
1780 345 1967 384 verum

382 437 671 504 Scriptum
721 448 935 489 scnsum
983 434 1244 501 ignorant,
1276 430 1423 498 quasi
1470 428 1722 481 exciecati
1776 424 1969 479 mentis

381 526 551 583 oculis
573 527 627 580 in
652 525 861 580 diversa
897 523 1134 577 feruntur
1160 520 1477 590 prmcipitia,
1504 518 1629 572 dum
1682 517 1769 571 alii
1816 516 1966 576 illam

378 635 538 690 supra
564 619 873 689 dignitatem
898 614 1143 677 eﬁ'erunt,
1179 612 1269 666 alii
1295 622 1471 666 autem
1500 611 1632 664 infra
1658 610 1967 679 dignitatem

382 713 702 783 deprimunt.
726 711 855 765 Nam
883 710 928 763 si
959 722 1024 764 eo
1044 707 1185 777 quod
1222 706 1491 775 Scriptura
1533 704 1693 768 dicat,
1737 701 1971 771 Inspira-

380 809 446 861 vit
476 825 527 859 ιη
557 806 735 858 taciem
777 805 906 873 ejus,
937 817 997 856 os
1046 801 1156 856 Deo
1207 800 1461 870 afﬁngere
1503 798 1689 864 velint,
1746 810 1969 851 necesse

376 900 483 952 erit
509 898 668 953 etiam
697 910 889 950 manus
909 894 1008 963 ipsi
1040 892 1274 947 tribuere
1304 911 1317 944 :
1346 888 1776 961 quandoquidem
1812 886 1965 952 dixit,

380 987 644 1043 Formavit
683 987 951 1041 hominem.
980 983 1086 1039 Sed
1141 998 1209 1038 ne
1252 983 1461 1036 illorum
1514 978 1868 1049 nugacitatem
1914 978 1966 1031 in

381 1081 613 1136 medium
638 1080 991 1150 proferentes,
1021 1091 1274 1146 cogamur
1300 1084 1353 1128 et
1380 1073 1477 1142 ipsi
1520 1072 1765 1127 indecora
1798 1070 1963 1141 loqui,

380 1188 479 1243 age
530 1173 766 1242 ipsorum
807 1170 1084 1224 stultitiam
1138 1176 1194 1223 et
1245 1166 1590 1236 multiplicem
1642 1165 1966 1220 dementiam

381 1267 699 1329 devitemus,
731 1279 795 1318 ac
822 1263 1023 1317 divinae
1041 1261 1348 1331 Scripturae,
1385 1275 1503 1330 quae
1535 1258 1765 1328 seipsam
1804 1258 1970 1312 inter-

381 1366 641 1427 pretatur,
669 1370 887 1425 scopum
914 1353 1318 1424 subsequamur,
1350 1350 1638 1406 dummodo
1666 1360 1841 1405 tamen
1872 1364 1969 1403 nos

380 1450 668 1504 verborum
708 1448 965 1503 crassitiei
1005 1462 1110 1501 non
1152 1445 1523 1510 attendamus,
1551 1443 1645 1498 sed
1676 1442 1969 1514 cogitemus

382 1540 744 1595 inﬁrmitatem
797 1549 1031 1593 nostram
1085 1536 1388 1606 hujusmodi
1446 1536 1705 1590 crassitiei
1752 1548 1966 1589 causam

381 1645 519 1687 esse.
554 1630 733 1700 Neque
762 1630 903 1684 enim
933 1638 1150 1698 possent
1171 1643 1328 1682 aures
1370 1628 1616 1682 humanm
1653 1642 1714 1682 ea
1743 1644 1861 1698 qua:
1883 1627 1967 1681 di-

379 1736 573 1778 cuntur
596 1725 862 1793 excipere,
888 1722 988 1777 nisi
1016 1730 1161 1776 tanto
1188 1720 1491 1776 fruerentur
1528 1731 1967 1791 temperamento.

379 1814 685 1885 Cngitantes
710 1815 887 1882 itaque
913 1821 967 1868 et
989 1822 1224 1867 nostram
1268 1811 1646 1878 inﬁrmitatem,
1678 1822 1729 1867 et
1763 1811 1878 1866 hinc
1902 1811 1970 1866 de

380 1906 491 1960 Deo
524 1906 663 1959 dicta
695 1904 879 1964 fuisse.
910 1904 987 1958 sic
1008 1919 1069 1959 ea
1097 1903 1467 1973 suscipiamus,
1500 1912 1558 1958 ut
1583 1918 1679 1974 par
1705 1911 1786 1958 est
1814 1918 1876 1958 ea
1903 1902 1970 1957 de

382 1998 492 2051 Deo
518 1998 782 2067 accipere,
815 2011 914 2051 nec
941 1997 991 2050 in
1022 2010 1308 2066 corporum
1340 1997 1584 2063 formam,
1610 1996 1691 2051 vel
1716 1996 1768 2050 in
1797 2011 1967 2050 mem-

379 2090 595 2145 brorum
641 2090 1104 2158 compositionem,
1165 2088 1335 2143 Deum
1380 2088 1551 2158 ipsum
1599 2087 1965 2151 deducamus;

379 2181 475 2236 sed
503 2182 682 2236 omnia
711 2181 779 2236 de
809 2181 938 2243 Deo,
971 2190 1028 2235 ut
1047 2180 1316 2243 convenit,
1345 2181 1719 2250 imaginemur.
1760 2179 1968 2234 Numen

379 2274 523 2327 enim
554 2272 778 2343 simplex
812 2271 1324 2342 incompositumque
1345 2284 1448 2339 est,
1488 2287 1551 2326 ac
1582 2270 1745 2342 ﬁgura
1776 2279 1922 2326 caret
1950 2285 1966 2328 :

380 2382 503 2420 nam
549 2365 593 2420 si
648 2381 717 2420 ex
773 2365 926 2420 nobis
977 2364 1323 2419 similitudine
1370 2364 1545 2429 ducta,
1591 2364 1816 2418 velimus
1858 2362 1969 2417 Deo

382 2459 742 2513 membrorum
797 2458 1240 2527 compositionem
1292 2456 1558 2520 tribuere,
1605 2455 1969 2526 imprudentes

380 2550 433 2604 in
462 2550 735 2620 gentilium
765 2549 1088 2619 impietatem
1118 2548 1357 2603 labimur.
1388 2533 1519 2603 Cum
1542 2549 1719 2617 itaque
1738 2546 1970 2601 audieris

379 2644 709 2713 Scripturam
751 2640 1040 2708 dicentem,
1075 2640 1333 2693 Formavit
1375 2639 1509 2693 Deus
1551 2639 1832 2702 hominem,
1858 2637 1967 2692 vir-

379 2744 544 2791 tutem
570 2733 813 2789 eamdem
844 2733 1037 2802 cogita,
1088 2747 1245 2802 quam
1286 2746 1406 2786 cum
1474 2730 1639 2797 dicit,
1696 2729 1858 2794 Fiat;
1904 2742 1970 2783 ac

379 2843 589 2882 rursum
620 2842 741 2914 (ενι
766 2826 1022 2891 audieris,
1054 2824 1335 2894 Inspiravit
1358 2826 1411 2879 in
1455 2827 1637 2896 faciem
1663 2826 1773 2895 ejus
1798 2824 1967 2893 spira-

378 2923 547 2974 culum
599 2923 746 2986 vitw,
805 2920 995 2975 iterum
1043 2922 1250 2990 cogita,
1296 2918 1743 2989 quemadmodum
1789 2917 1966 2973 incor-

381 3027 570 3081 poreas
619 3013 843 3066 virtutes
900 3010 1256 3078 produxerat,
1307 3012 1384 3065 sic
1449 3011 1712 3082 placuisse
1752 3010 1859 3076 illi,
1912 3018 1971 3064 ut

377 3119 573 3175 Corpus
602 3103 706 3159 hoc
729 3118 794 3159 ex
827 3105 1039 3173 pulvere
1066 3102 1262 3157 factum
1286 3107 1517 3157 animam
1547 3103 1770 3158 haberet
1799 3102 1965 3158 ratio-

379 3196 577 3260 nalem,
599 3208 717 3266 qua:
738 3194 992 3248 membris
1005 3194 1278 3263 corporeis
1300 3203 1478 3263 posset
1502 3195 1596 3249 uti.
1624 3194 1735 3250 [loc
1764 3195 1961 3265 quippe

376 3300 573 3355 corpus
619 3286 825 3340 Domini
855 3284 1008 3355 jussu
1057 3294 1317 3349 creatum,
1350 3286 1500 3354 quasi
1555 3287 1963 3340 instrumentum

372 3377 604 3448 jacebat,
633 3377 814 3447 aliquo
843 3385 1090 3431 movente
1116 3377 1385 3447 indigens;
1417 3378 1523 3431 imo
1550 3378 1685 3431 sicut
1706 3378 1819 3449 lyra
1849 3395 1966 3448 qua:

376 3470 557 3538 aliquo
580 3477 719 3540 eget,
742 3469 831 3539 qui
857 3479 970 3523 arte
1000 3469 1321 3539 solertiaque
1351 3485 1443 3525 sua
1477 3471 1664 3540 possit,
1697 3473 1848 3541 quasi
1874 3489 1967 3541 per

379 3561 603 3628 ﬁstulas,
635 3575 730 3631 per
780 3559 1018 3616 membra
1046 3575 1141 3615 sua
1182 3572 1566 3629 congruentem
1601 3563 1823 3619 Domino
1854 3579 1967 3616 me-

380 3653 573 3708 lodiatn
605 3652 826 3707 referre.
851 3651 1146 3722 lnspiravit,
1167 3653 1357 3724 inquit,
1382 3655 1433 3708 in
1454 3656 1634 3725 facient
1659 3656 1773 3726 ejus
1796 3657 1963 3727 spira-

306 3727 335 3765 θ
375 3745 549 3800 culum
577 3746 710 3809 vita,
757 3755 805 3799 et
842 3745 1005 3813 factus
1054 3757 1128 3799 est
1173 3746 1322 3799 homo
1350 3747 1403 3800 in
1441 3748 1663 3801 animam
1701 3749 1962 3805 viventem.

375 3837 510 3905 Quid
530 3847 633 3901 est,
660 3836 937 3905 Inspiravit
962 3838 1275 3908 spiraculum
1302 3839 1417 3893 vita:
1438 3840 1463 3892 ?
1489 3839 1543 3894 Id
1566 3850 1665 3903 est,
1690 3840 1791 3897 hoc
1815 3856 1967 3897 crea-

377 3942 488 3985 tum
517 3946 712 4000 corpus
742 3932 908 3985 voluit
930 3932 1192 3999 iussitque
1220 3933 1322 3986 vim
1351 3932 1549 3988 habere
1576 3934 1814 4001 vitalem,
1845 3950 1964 4005 qua:

375 4024 589 4077 animali
632 4023 767 4078 facta
802 4016 973 4078 est'in
1016 4025 1245 4078 animam
1272 4026 1557 4086 viventem,
1595 4026 1708 4081 sive
1735 4041 1963 4095 operan-

378 4125 506 4175 tem,
533 4128 651 4183 quae
680 4123 849 4167 artem
877 4127 1025 4168 suam
1047 4124 1228 4184 posset
1250 4130 1346 4185 per
1372 4115 1732 4170 membrorum
1761 4126 1963 4172 motum

375 4203 650 4258 exhibere.

447 4296 502 4349 5.
528 4294 636 4349 -llic
662 4310 789 4350 vero
810 4294 937 4349 mihi
968 4294 1237 4365 perpende
1256 4337 1271 4360 ,
1303 4305 1558 4366 quantum
1586 4298 1797 4353 intersit
1823 4298 1961 4354 inter

380 4385 537 4453 hujus
576 4385 904 4439 admirabilis
946 4386 1194 4441 animalis
1238 4388 1551 4451 rationalis,
1593 4398 1647 4444 et
1687 4392 1962 4445 brutorum

378 4479 750 4533 («irritationem
791 4479 1097 4534 discrimen.
1129 4481 1202 4535 De
1229 4480 1332 4534 illis
1357 4482 1498 4535 enim
1540 4482 1707 4537 dixit:
1731 4483 1966 4537 Educant

378 4586 525 4639 aqua:
545 4570 747 4639 replilia
772 4572 1057 4624 animarum
1075 4570 1363 4637 viventium,
1386 4582 1440 4628 et
1468 4575 1627 4628 simul
1652 4574 1963 4643 prodierunt

309 4691 317 4697 -
377 4677 443 4716 ex
491 4676 627 4730 aqua
668 4661 916 4715 animalia
962 4662 1229 4727 animata;
1277 4673 1333 4717 et
1383 4664 1437 4717 in
1485 4674 1625 4719 terra
1670 4666 1960 4721 similiter:

376 4752 638 4809 Prodncat
676 4764 811 4807 terra
846 4754 1068 4808 animam
1112 4756 1372 4810 viventem.
1406 4757 1481 4812 De
1526 4757 1740 4813 homine
1784 4772 1961 4815 autem

370 4850 482 4901 non
510 4848 621 4912 sic;
649 4846 745 4902 sed
775 4848 921 4916 prius
947 4846 1015 4902 de
1044 4848 1262 4917 pulvere
1299 4865 1492 4920 corpus
1537 4852 1794 4908 formatur
1817 4896 1832 4921 ,
1865 4871 1962 4925 po-

372 4951 491 4997 stea
517 4941 692 5014 vitalis
725 4941 800 4994 illi
830 4941 998 4995 virtus
1025 4940 1212 5007 datur,
1244 4959 1363 5013 qum
1390 4952 1474 4998 est
1495 4946 1685 5000 animae
1709 4946 1962 5004 substan-

375 5032 467 5086 tia.
511 5028 715 5086 Idcirco
757 5033 824 5087 de
863 5033 1031 5087 brutis
1067 5032 1279 5087 diccbat
1316 5033 1525 5107 Moyses
1554 5052 1567 5091 :
1599 5037 1825 5109 Sanguis
1855 5041 1963 5109 ejus

373 5134 448 5177 est
473 5126 645 5179 anima
672 5128 782 5198 ejus
809 5125 953 5197 (Leo.
985 5128 1073 5181 l7.
1115 5129 1229 5199 ll}.
1282 5128 1335 5183 In
1371 5129 1588 5186 lunnine
1615 5141 1793 5188 autem
1832 5135 1961 5189 sub-

376 5218 570 5272 stantia
615 5231 699 5275 est
750 5221 1061 5290 incorporea
1112 5231 1166 5276 et
1220 5222 1536 5278 immortalis
1563 5265 1579 5291 ,
1630 5240 1751 5295 qum
1794 5226 1963 5281 multo

379 5310 659 5365 intervallo
686 5326 886 5381 corpus
914 5313 1183 5369 antecellit
1202 5354 1218 5378 ,
1250 5324 1303 5368 et
1332 5324 1509 5379 tanto,
1535 5326 1736 5384 quanto
1760 5330 1859 5387 par
1880 5328 1963 5374 est

380 5400 753 5467 incorporeum
796 5405 1007 5472 corpori
1056 5405 1346 5460 anteferre.
1400 5405 1593 5463 Verum
1638 5408 1775 5464 forte
1818 5408 1962 5465 dicet

378 5496 641 5563 quispiam
677 5512 690 5548 :
724 5495 781 5551 Si
820 5497 995 5550 anima
1038 5511 1264 5567 corpore
1291 5499 1532 5570 dignior,
1582 5515 1680 5556 cur
1727 5503 1778 5558 id
1816 5505 1957 5574 quod

380 5583 556 5636 minus
616 5596 696 5641 est
726 5585 954 5648 primum
1000 5599 1251 5655 creatur,
1280 5593 1497 5661 etquod
1542 5594 1713 5665 majus
1754 5606 1962 5666 postre-

383 5692 528 5731 mum
556 5679 578 5733 ἲ
609 5681 797 5736 Annon
830 5681 977 5740 vides
1002 5725 1015 5751 ,
1047 5685 1258 5749 dilecte.
1303 5684 1528 5755 idipsum
1584 5688 1637 5745 in
1689 5689 1961 5747 creatione

1111 221 1168 277 S.
1207 218 1484 277 JOANNES
1519 212 1996 272 CllRYSOSTOMI
2038 212 2335 268 ARCHIEP
2395 213 2931 271 CONSTANTINOP.

3568 215 3672 272 ’08

2084 328 2321 384 ﬁictum?
2364 330 2513 386 Sicut
2541 333 2682 387 enim
2712 333 2926 400 Caelum,
2960 341 3099 388 terra
3122 374 3136 397 ,
3165 332 3248 388 sol
3272 375 3287 400 ,
3323 334 3467 395 luna,
3496 345 3551 390 et
3575 336 3681 389 alia

2077 424 2256 477 omnia
2287 435 2465 479 creata
2496 432 2650 493 sunt,
2682 425 2942 496 brutaque
2969 426 3129 480 etiam
3159 427 3409 481 animalia
3432 467 3445 491 ,
3476 435 3532 482 et
3560 440 3685 497 post

2079 515 2194 570 haec
2236 516 2417 570 omnia
2458 516 2619 571 homo
2644 558 2659 582 ,
2706 518 2789 571 cui
2820 519 3010 571 horum
3060 517 3301 572 omnium
3330 519 3685 588 principatus

2082 608 2396 664 tribuendus
2426 618 2545 665 erat
2578 628 2591 664 :
2624 611 2691 664 ita
2719 619 2771 665 et
2802 610 2856 664 in
2884 609 3117 665 hominis
3146 610 3469 668 formatione
3498 612 3681 682 primo

2076 716 2273 770 corpus
2299 700 2630 772 producitur,
2662 710 2951 772 posteaque
2979 703 3155 757 anima
3183 719 3302 773 qua:
3329 703 3544 774 dignior
3570 714 3687 759 est.

2076 792 2539 860 Quemadmodum
2596 793 2740 848 enim
2808 793 2961 847 bruta
3021 794 3315 861 animalia,
3377 794 3689 850 ministerio

2078 884 2306 940 hominis
2351 884 2496 938 utilia
2547 884 2756 947 futura,
2787 895 2912 939 ante
2957 885 3229 940 hominem
3283 896 3577 950 creantur,
3627 897 3688 941 ut

2076 985 2320 1045 paratum
2352 975 2572 1029 haberet
2603 976 2952 1030 ministerium
2984 977 3027 1030 is
3052 977 3141 1047 qui
3174 977 3279 1031 illis
3306 993 3504 1032 usurus
3528 990 3685 1033 erat:

2075 1069 2151 1123 sic
2178 1078 2229 1123 et
2256 1078 2377 1123 ante
2404 1069 2633 1123 animam
2658 1083 2855 1138 corpus
2883 1079 3096 1124 creatur
3117 1110 3133 1134 ,
3184 1079 3240 1123 ut
3270 1078 3555 1141 postquam
3598 1084 3693 1123 se-

2077 1160 2306 1214 cundum
2354 1158 2671 1215 ineffabilem
2699 1161 2815 1231 ejus
2864 1162 3181 1231 sapientiam
3211 1163 3386 1216 anima
3416 1162 3688 1232 producta

2076 1261 2253 1318 esset,
2299 1261 2482 1322 posset
2523 1268 2647 1307 suas
2685 1255 3028 1324 operationes
3073 1270 3169 1325 per
3203 1255 3449 1325 corporis
3499 1265 3689 1310 motus

2075 1348 2347 1402 exhibere.
2376 1348 2430 1402 8.
2464 1348 2531 1402 Et
2564 1348 2845 1419 plantavit,
2876 1349 3045 1419 inquit
3070 1393 3084 1414 ,
3114 1349 3255 1404 Deus
3299 1352 3606 1420 paradisum
3637 1354 3691 1406 in

2077 1440 2238 1495 Edent
2254 1442 2316 1495 ab
2345 1442 2552 1507 oriente,
2572 1453 2618 1497 et
2646 1443 2812 1511 posuit
2831 1442 2936 1497 illic
2954 1444 3223 1508 hominem,
3250 1460 3395 1513 quem
3419 1446 3688 1515 formavit.

2084 1535 2369 1605 Pestquam
2434 1535 2694 1603 benignus
2759 1536 3019 1592 Dominus
3076 1537 3462 1608 benignitatem
3528 1554 3691 1592 suam

2075 1628 2344 1693 ostendit,
2374 1637 2427 1682 et
2454 1628 2601 1682 illum
2630 1628 2781 1695 cujus
2820 1644 2979 1683 causa
3011 1631 3187 1683 omnia
3218 1638 3517 1694 creaverat,
3552 1646 3690 1700 pro-

2075 1717 2225 1772 duxit
2254 1719 2303 1772 in
2342 1718 2597 1784 medium,
2622 1719 2802 1773 statim
2832 1720 3015 1790 incipit
3040 1736 3133 1775 sua
3184 1722 3235 1774 in
3285 1722 3433 1776 illum
3468 1723 3689 1776 benefi-

2075 1809 2155 1862 cia
2194 1808 2458 1863 conferre.
2519 1808 2586 1861 Et
2636 1810 2897 1878 plantavit,
2956 1810 3145 1880 inquit,
3200 1811 3334 1865 Deus
3379 1813 3695 1883 paradisum

2072 1900 2127 1954 in
2171 1900 2330 1954 Edent
2358 1901 2420 1954 ab
2460 1901 2667 1954 oriente.
2700 1900 2798 1956 llic
2850 1901 2978 1956 mihi
3005 1944 3020 1969 ,
3076 1902 3270 1958 dilecte
3294 1945 3309 1967 ,
3346 1904 3647 1959 considera
3675 1947 3689 1967 ,

2074 1993 2215 2062 quod
2244 1992 2343 2047 nisi
2380 2008 2440 2047 ea
2469 1995 2629 2049 verba
2658 2007 2715 2050 ut
2745 1996 2813 2049 de
2863 1996 2972 2051 Deo
3001 2012 3100 2065 par
3126 2004 3209 2050 est
3228 2039 3241 2059 ,
3296 1997 3645 2067 accipiamus
3678 2042 3691 2058 ,

2074 2098 2294 2139 necesse
2341 2085 2411 2139 sit
2461 2094 2517 2139 ut
2569 2087 2620 2141 in
2667 2088 3021 2159 praecipitium
3076 2104 3312 2143 ruamus.
3365 2090 3499 2142 Nam
3552 2092 3691 2159 quid

2074 2177 2304 2232 dixerint
2341 2177 2409 2232 de
2449 2178 2592 2233 dicto
2625 2179 2928 2250 huiusmodi
2962 2182 3067 2244 illi,
3103 2184 3189 2251 qui
3221 2184 3399 2237 omnia
3449 2183 3521 2237 de
3574 2184 3694 2238 Deo

2073 2270 2211 2327 dicta
2264 2272 2497 2328 humano
2526 2273 2767 2343 accipere
2820 2291 2968 2329 more
3010 2275 3251 2330 audent?
3306 2276 3373 2330 Et
3422 2278 3696 2346 plantat-it

2075 2366 2210 2420 Deus
2233 2408 2248 2431 ,
2278 2368 2449 2437 inquit
2472 2409 2487 2433 ,
2521 2369 2839 2439 paradisum.
2871 2368 3007 2436 Quid
3031 2410 3046 2433 ,
3080 2370 3305 2436 quaso?
3332 2385 3463 2423 num
3496 2372 3695 2441 ligone

2073 2472 2209 2526 opus
2249 2456 2431 2513 habuit
2469 2467 2523 2513 et
2561 2460 2878 2530 agricultura
2908 2460 3121 2529 aliaque
3150 2476 3275 2515 cura
3304 2503 3317 2521 ,
3352 2472 3409 2515 ut
3457 2465 3693 2531 paradi-

2073 2567 2190 2603 sum
2221 2551 2557 2606 exornaret?
2603 2552 2774 2606 Absit.
2809 2552 3003 2607 lterum
3034 2553 3177 2607 enim
3214 2554 3375 2607 etiam
3414 2552 3525 2609 hoc
3559 2556 3694 2610 loco

2074 2642 2231 2705 illud,
2263 2642 2527 2698 Plantavit
2552 2686 2567 2709 ,
2596 2644 2675 2698 sic
2720 2644 3125 2714 intelligendum
3147 2686 3161 2707 ,
3206 2644 3412 2700 scilicet
3453 2646 3646 2716 ipsum
3675 2690 3693 2711 ,

2075 2733 2365 2802 imperasse
2382 2776 2397 2798 ,
2424 2743 2484 2788 ut
2509 2733 2785 2806 paradisus
2816 2735 2867 2789 in
2901 2744 3040 2789 terra
3064 2735 3219 2790 ﬁeret
3241 2775 3258 2802 ,
3290 2746 3349 2789 ut
3375 2736 3696 2806 productus

2075 2822 2234 2876 homo
2258 2823 2310 2877 in
2336 2838 2401 2879 eo
2425 2834 2752 2879 versaretur.
2777 2823 2929 2890 Quod
2951 2833 3128 2879 autem
3156 2834 3373 2895 propter
3392 2826 3694 2882 hominem

2074 2915 2373 2984 paradisum
2418 2916 2791 2983 adornaverit,
2822 2916 2944 2971 audi
2988 2917 3321 2987 Scripturam
3352 2918 3646 2974 dicentem
3682 2941 3695 2973 :

2074 3005 2139 3059 Et
2190 3007 2435 3077 plantavit
2466 3005 2605 3060 Deus
2648 3007 2945 3075 paradisunt
2984 3009 3037 3062 in
3078 3008 3240 3063 Edent
3271 3010 3333 3063 ab
3362 3010 3575 3065 oriente
3598 3055 3617 3079 ,
3646 3025 3701 3066 et

2073 3100 2236 3169 posuit
2278 3101 2384 3153 illic
2410 3100 2695 3166 hominem,
2742 3118 2889 3171 quem
2918 3104 3175 3172 formavit:

2143 3191 2330 3245 Contra
2360 3208 2443 3245 eos
2464 3192 2550 3262 qui
2575 3192 2802 3245 dicebant
2830 3192 3140 3248 Paradisum
3166 3212 3267 3248 non
3291 3212 3396 3250 esse
3417 3197 3473 3249 in
3502 3205 3663 3250 terra
3681 3239 3695 3249 .

2071 3314 2141 3324 -—
2160 3284 2282 3337 Ideo
2311 3285 2475 3337 etiam
2506 3284 2606 3337 loci
2635 3300 2827 3339 nomen
2852 3284 3006 3340 affert
3031 3286 3238 3357 Moyses
3268 3289 3319 3341 in
3348 3288 3697 3358 scripturis,

2073 3384 2129 3429 ut
2164 3392 2231 3431 ne
2270 3377 2455 3431 liceret
2494 3374 2690 3431 frustra
2721 3377 2906 3447 nugari
2936 3378 3237 3435 volentibus
3277 3382 3701 3450 simplicioruni

2071 3469 2288 3522 auribus
2338 3468 2651 3538 imponere,
2706 3468 3029 3539 dicereque,
3083 3486 3189 3524 non
3239 3485 3359 3526 esse
3416 3474 3474 3526 in
3543 3485 3705 3531 terra

2074 3559 2415 3627 paradisum,
2475 3559 2570 3615 sed
2629 3560 2681 3614 in
2735 3562 2910 3625 cmlo,
2983 3571 3037 3616 et
3099 3563 3305 3619 fabulas
3360 3564 3704 3635 hujnsmodi

2071 3656 2359 3708 seminare.
2394 3653 2525 3707 Nam
2577 3654 2620 3707 si
2666 3668 2786 3708 cum
2832 3654 3013 3709 divina
3065 3655 3341 3727 Scriptura
3396 3667 3563 3715 tanta
3601 3678 3707 3715 usa

2071 3742 2141 3796 sit
2191 3742 2478 3797 verborum
2532 3746 2913 3809 accuratione,
2967 3762 3074 3800 non
3125 3747 3443 3802 dubitarunt
3499 3760 3706 3806 tamen

2070 3832 2284 3902 quidam
2306 3833 2373 3889 de
2394 3833 2635 3889 facundia
2659 3850 2753 3889 sua
2776 3877 2792 3903 ,
2821 3852 3029 3891 necnon
3059 3838 3126 3893 de
3158 3838 3504 3909 philtbolllliﬂ
3554 3861 3709 3897 exo-

2071 3927 2174 3980 tica
2218 3926 2383 3980 altum
2426 3929 2726 3997 sapientes,
2780 3930 3000 3985 adversa
3040 3931 3330 4000 Scripturis
3375 3934 3583 4005 loqui,
3650 3950 3713 3992 et

2070 4020 2249 4076 dicere
2277 4020 2578 4092 paradisum
2623 4023 2673 4077 in
2718 4032 2862 4077 terra
2904 4040 3007 4078 nou
3038 4030 3197 4091 esse,
3243 4027 3533 4097 multaque
3592 4031 3709 4087 alia

2071 4126 2265 4185 prmter
2289 4130 2350 4169 ea
2381 4129 2501 4184 qua:
2527 4114 2665 4169 dicta
2696 4125 2819 4170 sunt
2849 4116 3186 4187 adoptantes,
3214 4128 3402 4172 contra
3431 4119 3714 4191 Scriptu-

2070 4226 2184 4265 ram
2226 4211 2465 4277 sentire;
2513 4220 2565 4265 et
2608 4211 2894 4267 adversam
2944 4223 3124 4267 tenere
3170 4216 3345 4274 viam,
3402 4225 3590 4286 atque
3643 4238 3712 4273 ea

2070 4320 2188 4373 qua:
2219 4302 2285 4358 de
2313 4314 2453 4358 terra
2481 4305 2618 4359 dicta
2646 4314 2799 4371 sunt,
2840 4304 2909 4361 de
2942 4306 3090 4361 cadis
3119 4306 3259 4362 dicta
3300 4317 3509 4379 putare
3537 4329 3554 4376 ;
3598 4313 3713 4367 uisi

2071 4394 2260 4449 humili
2311 4396 2396 4449 illa
2439 4404 2494 4451 et
2541 4404 2890 4466 attemperata
2942 4398 3226 4453 verborum
3280 4400 3505 4456 ratione
3566 4420 3719 4458 usus

2071 4490 2279 4558 Moyses
2306 4497 2468 4554 esset,
2491 4487 2689 4558 Spiritu
2728 4498 2914 4544 sancto
2952 4490 3186 4558 linguam
3227 4490 3342 4560 ejus
3368 4507 3674 4551 movente
3696 4541 3717 4561 .

2070 4597 2177 4651 quo
2221 4597 2329 4636 non
2370 4581 2606 4636 devoluti
2640 4590 2860 4648 essent,
2904 4584 3146 4653 quamvis
3186 4582 3473 4652 Scriptura
3535 4604 3717 4643 sacra

2069 4689 2188 4730 cum
2220 4688 2319 4729 nos
2359 4674 2462 4729 tale
2500 4672 2769 4751 qu'ﬂiam
2799 4673 2992 4729 ducere
3036 4675 3178 4739 vult,
3211 4676 3456 4745 seipsam
3518 4684 3722 4737 inter-

2073 4778 2312 4838 pretetur
2334 4810 2350 4835 ,
2396 4777 2451 4823 et
2489 4768 2787 4822 auditorem
2818 4783 3000 4824 errare
3032 4783 3137 4822 non
3166 4769 3341 4824 sinat?
3392 4768 3519 4825 Sed
3558 4790 3721 4843 quo-

2072 4864 2215 4915 niam
2244 4859 2395 4915 multi
2426 4875 2531 4913 non
2564 4868 2621 4913 ut
2645 4858 2914 4928 quidpiam
2944 4859 3078 4913 lucri
3108 4874 3173 4914 ex
3201 4859 3400 4914 divinis
3431 4861 3724 4934 Scriptu-

2072 4954 2147 5008 ris
2195 4953 2486 5019 demetant,
2519 4952 2613 5006 sed
2652 4951 2938 5021 voluptatis
2973 4953 3162 5022 gratia,
3191 4968 3346 5007 aures
3378 4953 3571 5011 dictis
3606 4960 3719 5012 ad-

2073 5044 2291 5098 hibent:
2324 5043 2444 5099 ideo
2483 5058 2590 5097 non
2631 5042 2695 5096 iis
2735 5043 2826 5113 qui
2867 5051 3127 5111 prosunt,
3170 5042 3264 5098 sed
3291 5043 3353 5098 iis
3387 5047 3487 5115 qui
3520 5053 3725 5120 magis

2070 5136 2340 5190 oblectant
2368 5133 2671 5188 attendunt.
2705 5133 3063 5201 Quamobrem
3104 5133 3367 5199 obsecro,
3404 5146 3469 5190 ut
3506 5146 3727 5195 omni-

2072 5229 2170 5284 bus
2218 5227 2324 5282 illis
2365 5242 2523 5282 aures
2567 5226 2900 5291 obturantes,
2932 5240 3100 5281 sacrze
3131 5224 3433 5295 Scriptura:
3483 5238 3726 5291 canoni

2069 5322 2447 5391 obsequamur.
2478 5320 2553 5375 Ac
2577 5334 2699 5374 cum
2724 5320 2979 5387 audieris,
3002 5319 3216 5385 dilecte,
3242 5321 3388 5375 Deus
3411 5323 3731 5393 plantavit

2072 5411 2375 5483 paradisum
2401 5411 2454 5465 in
2484 5411 2693 5473 oriente
2722 5427 2736 5475 ;
2770 5410 2898 5465 illud
2924 5453 2939 5477 ,
2974 5410 3233 5465 Plantavit
3256 5454 3271 5478 ,
3305 5421 3363 5466 ut
3396 5414 3530 5472 Deo
3568 5436 3729 5477 con-

2071 5501 2216 5557 venit
2257 5501 2527 5571 intellige,
2560 5516 2755 5572 nempe
2783 5501 2923 5573 quod
2966 5502 3317 5574 prteceperit;
3346 5509 3513 5576 quod
3575 5531 3731 5570 vero

2070 5598 2309 5669 sequitur
2333 5598 2515 5665 crede,
2547 5598 2798 5654 nimirum
2844 5599 3146 5670 paradisum
3188 5599 3388 5657 factum
3417 5617 3573 5662 esse
3601 5650 3623 5669 .
3669 5624 3733 5664 et

2074 5692 2129 5750 in
2156 5693 2251 5751 illo
2292 5693 2441 5761 loco,
2488 5692 2577 5749 ubi
2624 5691 2896 5765 Scriptura
2946 5707 3101 5751 sacra
3149 5694 3517 5768 signiﬁcavit.
3590 5702 3729 5761 Non
