3796 6282
181 214 287 272 K09

186 330 377 399 Γραφῇ
416 328 710 399 κειμένοις,
732 328 848 382 ἀλλ’
868 329 1030 401 ἕτερα
1065 331 1377 399 ἐπεισάγειν
1416 331 1476 395 ἐξ
1509 332 1716 398 οἰκείας
1744 330 1857 383 δια-

190 415 354 479 υοίας,
377 415 545 469 πολὺν
583 415 824 488 ἡγοῦμαι
863 418 1107 472 κίνδυνον
1148 420 1335 490 φέρειν
1360 423 1473 482 τοῖς
1509 419 1669 472 τοῦτο
1688 420 1860 471 ποιεῖν

187 506 447 576 τολμῶσι.
488 506 599 561 Kal
636 507 839 575 ἔθετο,
880 510 1044 579 φησὶν
1066 547 1081 573 ,
1121 509 1249 562 ἐκεῖ
1279 510 1386 562 τὸν
1417 509 1750 577 ἄνθρωπον,
1789 506 1862 559 ὃν

188 594 481 648 ἔπλασεν.

230 682 443 753 δ’.”Ορα
462 683 682 748 εὐθέως,
702 683 876 754 πόσην
891 684 989 754 τὴν
1008 684 1174 755 τιμὴν
1186 686 1265 747 εἰς
1288 682 1451 737 αὐτὸν
1470 682 1859 736 ἐπιδείκνυται.

194 768 340 831 Ἔξω
360 770 451 821 τοῦ
476 770 805 840 παραδείσου
823 769 1013 823 τοῦτον
1030 771 1461 842 δημιουργήσας,
1484 770 1685 832 εὐθέως
1705 769 1865 822 αὐτὸν

191 842 554 926 παραγαγών,
577 856 663 908 ἵνα
697 856 787 909 διά
821 856 930 909 τῶν
967 858 1309 927 πραγμάτων
1330 858 1580 928 αἴσθησιν
1600 855 1748 925 αὐτῷ
1766 856 1865 925 τῆς

191 943 509 1012 εὐεργεσίας
547 944 826 1014 παράσχῃ,
849 944 944 997 zeal
983 944 1098 1014 γνῷ
1135 945 1222 997 διά
1244 946 1350 998 τῶν
1371 945 1543 1014 ἔργων
1562 943 1658 1014 τὴν
1677 944 1862 1014 τιμὴν,

191 1030 257 1097 ἣν
295 1030 373 1091 εἰς
413 1030 575 1083 αὐτὸν
609 1030 998 1091 ἐπιδείκνυται,
1022 1033 1100 1094 είς
1122 1031 1212 1085 τὸν
1232 1032 1556 1101 παράδεισον
1576 1030 1734 1084 αὐτὸν
1754 1032 1866 1081 είσ-

192 1117 389 1183 ήγαγε,
409 1118 518 1172 Kal
538 1116 707 1170 ἔθετο
736 1116 865 1169 ἐκεῖ
882 1116 990 1170 τὸν
1026 1117 1360 1185 ἄνθρωπον,
1386 1116 1458 1171 ὃν
1481 1120 1732 1171 ἔπλασε.
1756 1117 1867 1170 Kal

192 1205 515 1267 τὸ,’Έθετο,
538 1204 701 1259 πάλιν
738 1206 881 1259 οὓτω
898 1207 1130 1278 νοῶμεν,
1151 1209 1270 1261 ἀντὶ
1288 1207 1383 1261 τοῦ
1405 1208 1733 1280 προσέταξεν
1752 1209 1868 1259 ἐκεῖ

193 1291 357 1345 αὐτὴν
388 1292 616 1359 διάγειν,
645 1294 729 1346 ἵνα
749 1294 842 1347 zeal
863 1296 895 1365 ή
916 1294 1038 1363 ὄψις
1058 1295 1151 1347 καὶ
1172 1297 1203 1365 ή
1225 1295 1467 1365 διαγωγὴ
1489 1296 1689 1365 πολλὴν
1717 1295 1866 1365 αὐτῷ

192 1377 292 1446 τὴν
328 1377 521 1447 ἡδονὴν
555 1379 793 1452 παρέχῃ,
816 1380 911 1432 καὶ
930 1382 1010 1444 είς
1029 1381 1380 1452 εὐχαριστίας
1398 1380 1817 1451 εὐγνωμοσύνην
1840 1394 1865 1421 ιι

195 1463 357 1516 αὐτὸν
387 1464 649 1536 διεγείρῃ,
670 1466 956 1521 ἐννοοῦντα
974 1469 1099 1521 ὅσον
1117 1470 1470 1541 εὐεργέτηται
1491 1470 1639 1522 οὐδὲν
1658 1470 1869 1522 οὐδέπω

195 1551 621 1622 ἐπιδειξάμενος.
643 1553 736 1626 Μὴ
754 1554 935 1609 τοίνυν
955 1554 1207 1620 ξενιζέτω
1228 1573 1286 1609 σε
1306 1559 1339 1628 ή
1360 1557 1452 1609 τοῦ
1477 1558 1682 1610 Ἕθετο
1702 1557 1866 1621 λέξιςο

196 1639 317 1703 ἔθος
335 1640 445 1711 γάρ
462 1642 548 1696 ἀεὶ
564 1644 629 1712 τῇ
653 1642 839 1714 Γραφῇ
859 1643 925 1696 δι’
945 1646 977 1715 ἡ
987 1646 1092 1714 μᾶς
1111 1646 1205 1698 zeal
1222 1645 1321 1715 τὴν
1339 1644 1603 1714 ὠφέλειαν
1624 1645 1721 1715 τὴν
1742 1648 1874 1714 ἠμε⁴

194 1726 361 1798 τέραν
378 1732 499 1792 ταῖς
516 1729 883 1801 ἀνθρωπίναις
903 1732 1201 1804 κεχρῆσθαι
1221 1733 1275 1785 λέ
1284 1732 1415 1797 Esse.
1436 1734 1544 1786 Kal
1564 1733 1650 1786 ἴνα
1673 1733 1869 1804 μάθῃς,

196 1815 299 1886 δρα
339 1816 458 1881 πῶς
491 1818 863 1888 προλαϐοῦσα,
886 1822 980 1873 zeal
999 1821 1094 1873 ἐπὶ
1111 1821 1207 1890 τῆς
1225 1820 1333 1873 τῶν
1353 1820 1595 1892 ἀστέρων
1614 1821 1875 1891 δημιουρο

197 1906 320 1975 γίας
340 1909 405 1978 τῇ
430 1908 568 1979 αὐτῇ
590 1907 732 1974 λέξει
753 1909 1021 1980 ἐχρήσατο
1043 1909 1290 1972 εἰποῦσα,
1311 1911 1420 1964 Kal
1451 1911 1618 1963 ἔθετο
1653 1909 1874 1975 αὐτοὺς

198 1995 269 2047 ἐν
306 1993 390 2061 τῷ
429 1994 787 2064 στερεώματι
831 1995 939 2049 τοῦ
972 1997 1252 2066 οὐρανοῦ,
1275 1997 1373 2067 οὐχ
1415 1997 1501 2050 ἵνα
1522 1996 1875 2067 ἐμπεπῆχθαι

198 2086 396 2148 αὐτοὺς
426 2084 505 2156 τῷ
538 2085 753 2158 οὐρανῷ
771 2089 1053 2159 νοήσωμεν
1075 2086 1318 2158 (καὶγὰρ
1338 2087 1567 2151 ἕκαστος
1588 2086 1765 2140 αὐτῶν
1784 2087 1876 2139 τὸν

198 2175 399 2227 οίκεῖον
436 2174 634 2245 δρόμον
675 2174 877 2228 διανύει
917 2176 1116 2238 τόπους
1136 2178 1197 2228 ἐκ
1216 2175 1398 2227 τόπων
1419 2173 1569 2247 [104]
1589 2174 1875 2245 ἀμείϐων),

200 2262 319 2314 ἀλλ’
343 2263 429 2315 ἶνα
449 2261 657 2333 διδάξῃ,
680 2264 763 2316 ὄτι
783 2264 841 2316 ἐν
859 2262 934 2333 τῷ
954 2261 1167 2334 οὐρανῷ
1186 2264 1379 2326 αὐτοὺς
1398 2261 1534 2316 εἶναι
1554 2261 1876 2331 προσέταξε,

199 2348 451 2420 καθάπερ
470 2350 563 2402 zeal
580 2351 671 2404 τὸν
690 2350 973 2421 ἄνθρωπον
995 2352 1052 2402 ἐν
1074 2350 1150 2419 τῷ
1173 2350 1483 2421 παραδείσῳ
1503 2349 1730 2418 διάγειν.
1766 2351 1876 2402 Kal

199 2435 558 2500 ἐξανέτειλε,
592 2439 776 2508 φησὶν,
800 2439 833 2491 ό
864 2436 1008 2501 Θεὸς
1033 2437 1119 2489 ἔτι
1157 2438 1225 2490 ἐκ
1263 2434 1370 2502 τῆς
1393 2434 1503 2504 γῆς
1535 2435 1657 2490 πᾶν
1690 2436 1882 2499 ξύλον

200 2523 420 2592 ὡραῖον
440 2526 528 2589 είς
551 2524 783 2591 ὅρασιν,
806 2524 905 2577 καί
930 2524 1125 2577 καλὸν
1150 2524 1233 2588 εἷς
1271 2521 1523 2591 βρῶσιν,
1547 2522 1640 2575 καὶ
1677 2523 1742 2575 τὸ
1779 2522 1882 2587 ξύ-

200 2612 319 2664 λον
338 2608 447 2676 τῆς
467 2608 613 2678 ζωῆς
635 2610 881 2678 ἐνμέσῳ
905 2610 1010 2662 τοῦ
1036 2609 1403 2677 παραδείσου
1416 2608 1466 2672 ι’,
1483 2608 1581 2660 καί
1602 2609 1667 2660 τὸ
1691 2608 1884 2671 ξύλον

200 2695 309 2750 τοῦ
328 2694 548 2751 εἰδέναι
570 2697 840 2765 γνωστὸν
860 2695 1055 2749 καλοῦ
1075 2696 1172 2748 καὶ
1198 2694 1485 2762 πονηροῦ.
1505 2694 1634 2747 ’1δού
1657 2695 1751 2747 zeal
1767 2695 1883 2747 ἐτε-

208 2801 301 2855 ρον
319 2783 636 2854 εὐεργεσίας
654 2778 793 2846 είδος
813 2783 973 2836 πάλιν
994 2783 1080 2835 διὰ
1101 2782 1198 2853 τὴν
1217 2785 1296 2845 εἰς
1310 2782 1401 2835 τὸν
1415 2781 1883 2854 δημιουργηθέντα

206 2873 394 2943 τιμήν.
413 2871 627 2943 Ἐπειδὴ
647 2873 755 2943 γάρ
776 2871 938 2924 αὐτὸν
959 2873 1017 2923 ἐν
1037 2870 1113 2941 τῷ
1134 2870 1442 2941 παραδείσῳ
1486 2869 1689 2937 διάγειν
1728 2869 1885 2922 ἐϐου·

209 2959 371 3031 λήθη,
393 2958 722 3031 προσέταξεν
743 2962 804 3011 ὲκ
838 2961 937 3029 τῆς
956 2958 1060 3027 γῆς
1080 2957 1398 3027 ἀναδοθῆναι
1419 2956 1607 3027 δένδρα
1628 2957 1882 3028 διάφορα,

207 3048 346 3118 ὀμοῦ
384 3049 481 3102 zeal
513 3049 740 3120 τέρπειν
773 3047 933 3099 αὐτὸν
952 3046 1224 3116 δυνάμενα
1243 3046 1328 3099 διὰ
1349 3047 1448 3115 τῆς
1467 3045 1615 3109 θέας,
1637 3045 1729 3099 zeal
1749 3048 1888 3116 πρὸς

210 3134 416 3205 βρῶσιν
447 3135 747 3205 ἐπιτήδεια.
785 3132 914 3188 Πᾶν
942 3134 1053 3202 γὰρ
1092 3133 1301 3198 ξύλον,
1340 3133 1523 3203 φησὶν,
1546 3132 1763 3199 ὡραῖον
1801 3134 1889 3196 εἰς

210 3222 446 3292 ὅρασιν,
486 3221 629 3275 τοῦτ’
651 3222 796 3274 ἔστιν
834 3221 915 3283 εἰς
948 3220 1111 3273 θέαν’
1135 3219 1246 3272 Καὶ
1284 3220 1476 3273 καλὸν
1507 3222 1593 3284 εὶς
1630 3217 1884 3287 βρῶσιν,

210 3306 355 3360 τοῦτ’
378 3307 492 3360 ἐστι
531 3308 623 3360 zeal
666 3305 976 3375 εὐφραίνειν
1011 3306 1284 3375 δυνάμενα
1315 3304 1404 3357 διὰ
1440 3306 1539 3374 τῆς
1575 3305 1771 3375 ᾰψεως,
1794 3308 1887 3358 zeal

211 3394 405 3466 ἡδονὴν
425 3393 625 3463 πολλὴν
644 3392 952 3464 παρέχοντα
970 3390 1059 3444 διά
1076 3391 1175 3461 τῆς
1196 3390 1471 3463 βρώσεως,
1488 3392 1674 3463 καὶτῷ
1694 3392 1887 3463 πλήθει

211 3481 269 3533 δὲ
290 3479 385 3532 καὶ
402 3483 468 3550 τῇ
492 3478 721 3549 ἀφθονίᾳ
741 3476 938 3548 πολλὴν
958 3476 1056 3548 τὴν
1076 3477 1413 3547 εὐφροσύνην
1432 3478 1790 3548 προξενοῦντα
1812 3478 1889 3549 τῷ

217 3564 464 3636 μέλλοντι
493 3564 696 3616 τούτων
730 3561 1047 3618 ἀπολαύειν.
1064 3558 1192 3620 Πᾶν
1204 3565 1331 3635 γὰρ,
1346 3561 1724 3639 φησὶ,ξύ.ἰον,
1751 3566 1846 3617 ὂπε
1857 3580 1888 3634 ρ

214 3651 283 3704 ἂν
303 3651 484 3722 εἴπῃς,
507 3649 827 3721 ἀναδοθῆναι
850 3652 1170 3721 πεποίηκεν.
1197 3647 1348 3711 Εἶδες
1367 3651 1644 3720 διαγωγὴν
1664 3651 1887 3704 ἀταλαί-

212 3752 429 3807 πωρον;
450 3732 589 3801 εἶδες
611 3735 724 3807 βίον
746 3735 1088 3806 θαυμαστόν;
1113 3734 1378 3807 Καθάπερ
1399 3737 1505 3807 γάρ
1525 3736 1753 3805 ἄγγελός
1784 3754 1886 3802 τις,

210 3822 387 3887 οὓτως
407 3824 496 3877 ἐπὶ
515 3823 615 3894 τῆς
635 3824 735 3894 γῆς
759 3822 1027 3895 διέτριϐεν
1047 3825 1074 3876 ὀ
1094 3822 1189 3876 ἀνθ
1201 3840 1399 3892 ρωπος,
1426 3824 1583 3893 σῶμα
1605 3825 1702 3895 μὲν
1738 3841 1801 3877 πε
1811 3842 1887 3895 ρι-

218 3911 489 3981 κείμενος,
511 3909 615 3973 ἔξω
633 3910 687 3963 δὲ
708 3910 815 3963 τῶν
837 3910 1163 3979 σωματικῶν
1185 3909 1439 3977 ἀναγκῶν
1474 3912 1775 3979 τυγχάνων,
1798 3912 1891 3963 zeal

217 3996 467 4067 καθάπερ
508 3995 759 4065 βασιλεὺς
802 3994 1076 4065 ἁλουργίδι
1117 3996 1894 4068 καὶνδιαδήματικεκοσμημέο

218 4100 329 4149 νος,
351 4082 447 4135 zeal
480 4081 785 4153 πορφυρίδα
804 4092 826 4119 ο
868 4080 1137 4153 ἀναϐεϐλη
1147 4081 1326 4151 μένος,
1349 4080 1519 4145 οὕτως
1539 4083 1807 4154 ἐνετρύφα
1824 4086 1891 4157 τῇ

216 4169 311 4224 τοῦ
355 4168 682 4239 παραδείσου
722 4168 963 4239 διαγωγῇ
1009 4168 1147 4239 μετά
1186 4168 1366 4232 ἀδείας
1408 4169 1604 4241 πολλὴν
1639 4172 1778 4241 ἔχων
1795 4172 1892 4243 τὴν

217 4253 500 4324 ἀφθονίαν.
522 4253 630 4307 Kal
668 4253 734 4306 τὸ
771 4252 983 4318 ξύλον,
1006 4253 1159 4324 φησί,
1181 4252 1288 4321 τῆς
1311 4254 1457 4324 ζωῆς
1491 4254 1561 4310 ἐν
1593 4256 1761 4326 μέσῳ
1786 4259 1892 4312 τοῦ

217 4341 611 4411 παραδείσου,
627 4340 725 4395 καί
746 4344 810 4394 τὸ
837 4340 873 4405 ξ
878 4341 1026 4395 ὑλον
1050 4342 1155 4395 τοῦ
1177 4342 1397 4395 εἰδέναι
1414 4345 1686 4413 γνωστὸν
1703 4345 1894 4399 καλοῦ

219 4430 317 4484 καὶ
340 4427 626 4497 πονηροῦ.
645 4428 801 4482 Μετά
820 4428 878 4482 τὸ
898 4428 1105 4495 διδάξαι
1124 4430 1291 4500 ἡμᾶς,
1307 4430 1389 4483 ὅτι
1410 4433 1516 4483 πᾶν
1538 4430 1690 4495 ξύλον
1708 4432 1896 4496 ἐξέδω-

217 4533 319 4570 κεν
355 4517 391 4587 ἡ
434 4515 505 4585 γῆ
542 4516 685 4568 κατά
720 4515 781 4568 τὸ
812 4514 908 4569 τοῦ
927 4517 1197 4571 Δεοπότου
1219 4518 1564 4589 πρόσταγμα,
1585 4520 1679 4572 zeal
1696 4519 1895 4591 ὡραῖον

220 4606 304 4667 εἰς
321 4603 532 4674 ὅρασιν,
554 4603 649 4655 zeal
668 4603 833 4656 καλὸν
854 4606 935 4666 εἰς
956 4603 1176 4674 βρῶσιν,
1200 4605 1320 4658 τότε
1342 4606 1508 4675 φησί’
1531 4605 1641 4660 Kal
1681 4606 1749 4659 τὸ
1787 4607 1893 4671 ξύ-

219 4696 336 4745 λον
355 4688 470 4758 τῆς
486 4687 635 4759 ζωῆς
652 4691 721 4744 ἐν
739 4690 906 4760 μέσῳ
940 4691 1048 4745 τοῦ
1070 4692 1459 4759 παραδείσου,
1478 4693 1579 4747 καί
1608 4693 1674 4746 τὸ
1706 4693 1898 4758 ξύλον

220 4777 330 4831 τοῦ
367 4775 587 4832 ειδέναι
622 4777 895 4845 γνωστὸν
935 4778 1128 4832 καλοῦ
1164 4779 1262 4831 καὶ
1307 4778 1594 4847 πονηροῦ.
1626 4780 1897 4850 Προειδὼς

222 4865 330 4936 γὰρ
349 4865 378 4917 ὀ
400 4864 780 4936 φιλάνθρωπος
798 4866 1092 4936 Δεσπότης,
1115 4865 1189 4929 ὡς
1219 4866 1570 4937 δημιουργὸς,
1594 4866 1695 4936 τὴν
1714 4869 1778 4919 ἐκ
1794 4866 1896 4935 τῆς

223 4951 426 5023 πολλῆς
443 4951 628 5016 ἀδείας
650 4951 948 5023 μέλλουσαν
979 4952 1072 5005 τοῦ
1107 4953 1299 5027 χρόνου
1322 4953 1601 5022 προίόντος
1618 4952 1898 5007 τίκτεσθαι

224 5040 449 5111 βλάϐην,
472 5041 640 5112 ἀνῆκε
681 5039 774 5093 καὶ
808 5039 869 5093 τὸ
907 5039 1059 5105 ξύλον
1079 5040 1176 5109 τῆς
1196 5040 1341 5108 ζωῆς
1360 5042 1416 5092 ἐν
1441 5041 1590 5112 μέσῳ
1608 5041 1702 5094 τοῦ
1722 5058 1901 5113 παρα-

224 5130 424 5196 δείσου,
455 5132 548 5185 zeal
574 5131 635 5184 τὸ
665 5130 819 5195 ξύλον
860 5118 953 5183 τοῦ
996 5130 1191 5183 εἰδέναι
1215 5134 1455 5197 γνωστὸν
1480 5129 1645 5183 καλοῦ
1671 5133 1765 5184 καὶ
1798 5149 1897 5184 πο-

225 5218 414 5290 νηροῦ,
440 5218 625 5290 ἐπειδὴ
667 5219 784 5289 μετ’
806 5219 866 5271 οὐ
913 5218 1048 5270 πολὺ
1094 5217 1276 5288 μέλλει
1313 5217 1415 5289 τὴν
1454 5218 1642 5272 τούτου
1690 5219 1900 5291 ἀποχὴν

226 5305 373 5376 αὐτῷ
414 5305 675 5369 κελεύειν,
709 5307 797 5359 ἵνα
832 5305 1026 5359 εἰδέναι
1076 5306 1196 5378 ἔχῃ,
1237 5307 1318 5360 ὅτι
1359 5306 1537 5379 χάριτι
1581 5307 1674 5359 καὶ
1713 5308 1901 5377 φιλαν-

226 5391 443 5464 θρωπίᾳ
481 5390 623 5461 τὴνά
668 5391 965 5444 ἀπόλαυσιν
1005 5392 1152 5463 ἔχει,
1201 5393 1296 5445 zeal
1338 5392 1452 5445 ἐστι
1492 5394 1769 5465 Δεσπότης
1807 5395 1901 5449 zeal

288 5480 312 5509 ³
341 5479 491 5544 Savil.
509 5485 558 5544 el
578 5478 779 5544 Colglin.
809 5480 872 5533 εἰς
893 5479 1194 5544 εὐχαριστίαν
1216 5482 1297 5544 καὶ
1320 5480 1676 5544 εὐγνωμοσύνην
1722 5482 1895 5533 Morel.

231 5538 614 5605 glgeélapea'ria;
638 5538 1021 5605 εὐγνωμοσύνην]
1039 5542 1157 5605 Ibld.
1189 5542 1358 5605 Morel.
1383 5538 1502 5597 alii;
1523 5538 1833 5605 εὐεργέτηται.

227 5601 257 5641 Β
283 5600 653 5666 κθςημιιυε-ἐν
668 5601 799 5666 μέσῳ
818 5603 1196 5666 τλῷἒπᾳραδείσφ,
1219 5612 1272 5666 οι
1294 5603 1365 5651 sic
1390 5609 1469 5651 ter
1501 5600 1646 5651 mm;
1712 5600 1733 5633 ε
1766 5605 1900 5655 Unus

226 5658 595 5735 πορφῦρίδξμξξ
610 5658 790 5735 .Sav'ilf,
815 5658 1033 5735 (lbislid.2
1066 5658 1167 5735 tr_eé
1187 5658 1271 5735 alii
1298 5666 1589 5735 [ηεξ-χάριτι
1617 5667 1695 5735 καὶ
1718 5671 1895 5735 φιλοτι-

228 5719 440 5788 μίᾲιτήν.
468 5719 641 5788 ﬂore].
667 5722 838 5788 χάριτι-ιΔ
865 5724 945 5771 καὶ
969 5719 1305 5788 φιλανθρωπίᾳ.
1330 5719 1516 5788 Ιὺὶὀὲιῐι
1546 5725 1696 5788 Savil.
1723 5719 1803 5775 zeal
1824 5730 1895 5777 ὅτι

229 5781 331 5847 ἐστί
354 5797 446 5847 τις.
464 5781 694 5847 δεσπότης
716 5781 797 5847 zeal
822 5781 1116 5847 δημιουργός.
1135 5781 1278 5846 Ἡρα]
1295 5800 1420 5833 unus
1443 5787 1521 5832 zeal
1555 5787 1627 5833 ὅτι
1664 5789 1897 5847 δεσπότης

231 5843 331 5891 ιστί
372 5843 452 5889 καὶ
492 5842 604 5899 δημ.
650 5841 820 5891 Morel.
851 5841 935 5893 κζὶ
976 5841 1077 5895 ἐστι
1126 5841 1358 5904 δεσπότης
1402 5848 1481 5894 καὶ
1507 5848 1802 5908 δημιουργός.

976 214 1032 271 S.
1074 213 1358 270 JOANNIS
1391 212 1887 272 CIIRYSOSTOMI
1918 212 2241 279 ARCHIEP,
2276 214 2823 276 CONSTANTINOP.

3522 208 3632 275 Hb

1962 329 2295 402 δημιουργὸς
2315 333 2530 403 καὶτῆς
2548 334 2713 387 αὐτοῦ
2738 334 2974 401 φύσεως,
3001 332 3095 388 zeal
3116 332 3334 387 πάντων
3352 332 3460 387 τῶν
3482 334 3632 405 ὀρω-

1965 418 2163 487 μένων.
2180 418 2281 472 Διά
2307 416 2462 470 τοῦτο
2482 419 2580 488 ἠδη
2605 418 2698 471 τοῦ
2720 416 2879 481 ξύλου
2915 418 3012 487 τὴν
3055 420 3276 489 μνήμην
3314 420 3631 489 ἐποιήσατο,

1962 500 2056 551 zeal
2088 500 2351 568 διηγεῖται
2389 504 2519 572 ἡμῖν
2559 500 2756 570 ἐφεξῆς
2791 500 2898 577 τῶν
2937 501 3199 571 ποταμῶν
3239 503 3308 556 τά
3347 501 3591 572 ὀνόματα
3615 534 3634 567 ,

1963 581 2058 632 zeal
2093 582 2297 634 τούτων
2344 584 2435 635 τὸν
2488 583 2787 653 ἀφορισμὸν
2812 622 2827 646 ,
2863 581 2939 645 ὼς
2974 581 3041 636 ἂν
3078 583 3221 634 εἴποι
3258 599 3377 647 τις,
3417 584 3512 638 zeal
3547 585 3639 638 ὅτι

1963 663 2021 728 ἐξ
2074 664 2281 716 ἐκείνου
2318 664 2410 717 τοῦ
2450 664 2548 736 τὴν
2585 665 2801 736 ἁρδείαν
2840 665 2916 736 τῷ
2948 663 3264 736 ’παραδείσῳ
3302 666 3638 736 παρέχοντος

1965 745 2143 814 ἕτεροι
2186 749 2263 809 εἰς
2303 748 2574 819 τέσσαρας
2609 749 2781 819 ἀρχάς
2812 748 3192 819 διαιρεθέντες,
3222 747 3366 803 οὕτω
3410 751 3480 803 τά
3511 752 3639 803 κλί-

1970 845 2115 896 ματα
2150 830 2248 898 τῆς
2293 830 2397 899 γῆς
2440 831 2795 901 διενείμαντο.
2841 826 2978 884 Ἀλλ’
3014 831 3146 893 ἴσως
3191 833 3241 884 οἰ
3282 832 3351 885 τά
3391 831 3500 885 ἀπὸ
3532 824 3640 904 τῆς

1968 911 2173 974 οἰκείας
2211 912 2401 980 σοφίας
2432 913 2764 982 φθέγγεσθαι
2806 906 3146 985 βουλόμενοι,
3181 914 3346 967 πάλιν
3379 913 3505 968 οὐτε
3534 933 3638 969 πο-

1965 1009 2030 1045 τα
2038 995 2172 1062 μοὺς
2202 994 2574 1066 συγχωροῦσιν
2594 992 2731 1050 εἶναι
2758 997 2883 1059 τοὺς
2910 998 3208 1067 ποταμοὺς,
3232 995 3353 1050 οὔτε
3376 997 3448 1050 τὰ
3464 997 3641 1052 ὕδατα

1968 1076 2154 1142 ὕδατα,
2213 1081 2331 1133 ἀλλ’
2378 1081 2564 1153 ἕτερόν
2598 1098 2651 1133 τι
2703 1076 3067 1149 φαντάζεσθαι
3105 1079 3458 1133 ἀναπείθουσι
3506 1082 3641 1144 τοὺς

1966 1162 2234 1215 ἐκδιδόναι
2289 1163 2472 1226 αὐτοῖς
2524 1156 2624 1226 τάς
2661 1162 2828 1225 ἀκοὰς
2863 1158 3235 1233 αἱρουμένους.
3279 1162 3417 1216 Ἀλλ’
3447 1160 3638 1235 ἡμεῖς,

1970 1245 2294 1315 παρακαλῶ,
2322 1246 2527 1299 τούτων
2562 1244 2662 1315 μὲν
2694 1245 2769 1315 μὴ
2807 1244 3159 1315 ἀνεχώμεθα,
3208 1243 3325 1299 ἀλλ’
3349 1247 3643 1319 ἀποφράτά-

1968 1348 2151 1400 τωμεν
2184 1333 2365 1394 αὐτοῖς
2405 1330 2504 1394 τὰς
2546 1328 2737 1394 ἀκοὰς,
2763 1327 3077 1399 πειθώμεθα
3098 1328 3154 1381 δέ
3179 1332 3245 1399 τῇ
3274 1329 3393 1400 θεία
3418 1331 3639 1402 Γραφῇ,

1972 1416 2064 1468 zeal
2103 1417 2212 1478 τοῖς
2250 1416 2341 1468 ὐπ’
2381 1413 2554 1485 αὐτῆς
2601 1412 2912 1485 εἰρημένοις
2972 1411 3523 1478 κατακολουθοῦντες,
3566 1412 3645 1467 τὰ

1969 1498 2099 1568 ὐγιῆ
2131 1497 2377 1568 δόγματα
2408 1496 2799 1566 σπουδάζωμεν
2830 1494 3240 1548 ἐναποτίθεσθαι
3274 1497 3394 1558 ταῖς
3423 1495 3645 1549 ἐαυτῶν

1966 1578 2188 1649 ψυχαῖς,
2213 1580 2307 1632 zeal
2341 1578 2477 1650 μετά
2495 1577 2702 1631 τούτων
2753 1576 2846 1631 zeal
2871 1576 2985 1646 βίου
3017 1574 3298 1647 ἀκρίϐειαν
3331 1576 3647 1629 ἐπιδείκνυ-

1972 1662 2116 1729 σθαι,
2154 1661 2240 1716 ἴνα
2274 1664 2370 1716 zeal
2418 1664 2448 1715 ὀ
2504 1661 2619 1732 βίος
2653 1661 2904 1731 μαρτυρῇ
2943 1660 3054 1723 τοῖς
3086 1659 3321 1728 δόγμασι
3345 1697 3361 1723 ,
3420 1662 3517 1713 zeal
3568 1660 3646 1713 τὰ

1968 1745 2212 1816 δόγματα
2231 1745 2322 1798 τὸν
2358 1745 2472 1815 βίον
2502 1743 2651 1817 [I05]
2705 1742 3142 1813 ἀξιοπιστότερον
3167 1742 3463 1813 ἀποφαίνῃ.
3497 1741 3647 1797 Οὔτε

1969 1829 2079 1899 γὰρ
2107 1829 2202 1880 ἐὰν
2226 1828 2439 1899 ἔχωμεν
2463 1826 2711 1897 δόγματα
2747 1826 2845 1897 μὲν
2875 1824 3026 1897 ὀρθὰ.
3072 1824 3186 1895 βίου
3214 1825 3272 1878 δὲ
3304 1825 3601 1896 ἀμελῶμεν
3624 1862 3646 1892 ,

1970 1914 2159 1981 ὅφελος
2186 1915 2318 1984 ἡμῖν
2342 1912 2494 1964 ἔσται
2525 1926 2597 1963 τι⁶
2630 1909 2754 1963 οὐτε
2782 1909 2881 1962 ἐὰν
2914 1909 3029 1979 βίον
3060 1908 3297 1978 ἔχοντες,
3326 1908 3434 1962 τῶν
3458 1909 3650 1980 ὀρθῶν

1971 1995 2257 2065 δογμάτων
2291 1993 2608 2064 ἀμελῶμεν,
2642 1992 2899 2064 κερδᾶναί
2930 2008 2981 2044 τι
3019 1993 3288 2063 χρήσιμον
3348 1992 3445 2045 ze'al
3501 1992 3651 2063 πρὸς

1976 2078 2250 2149 σωτηρίαν
2283 2077 2558 2149 ἡμετέραν
2585 2074 2949 2146 δυνησόμεθα.
2982 2076 3258 2146 Προσήκει
3282 2074 3410 2145 γὰρ,
3442 2076 3492 2128 εί
3516 2075 3653 2145 βου-

1973 2162 2199 2232 λοίμεθα
2253 2161 2346 2214 καὶ
2395 2160 2619 2228 γεέννης
2680 2157 3154 2230 ἐλευθερωθῆναι,
3217 2159 3312 2211 καὶ
3365 2158 3653 2227 βασιλείας

1976 2246 2251 2313 ἐπιτυχεῖν
2281 2283 2296 2308 ,
2359 2242 2750 2313 ἀμφοτέρωθεν
2800 2240 3142 2311 κοσμεῖσθαι,
3205 2241 3298 2294 zeal
3354 2241 3655 2311 δογμάτων

1976 2327 2247 2399 ὀρθότητι,
2279 2326 2372 2378 zeal
2401 2324 2515 2394 βίου
2553 2323 2858 2393 ἐπιμελείᾳ.
2893 2323 2958 2374 Τί
2991 2323 3099 2393 γὰρ
3131 2323 3342 2392 δφελος,
3375 2324 3496 2377 εἰπέ
3529 2343 3651 2394 μοι,
3737 2366 3755 2391 ,

1976 2411 2192 2482 δένδρου
2222 2413 2300 2473 εἰς
2346 2410 2479 2477 ῦψος
2524 2408 2658 2460 πολύ
2707 2407 3104 2477 ἐκτεινομένου,
3152 2408 3246 2460 zeal
3269 2410 3381 2471 τοῖς
3426 2408 3657 2478 φύλλοις-

1978 2495 2256 2564 κομῶντος
2276 2535 2291 2558 ,
2338 2494 2465 2545 ὅταν
2498 2490 2708 2559 καρποῦ
2738 2490 2942 2561 ἔρημον
2975 2487 3044 2561 ﬁ;
3078 2489 3232 2543 Οὕτω
3258 2491 3353 2543 zeal
3384 2492 3474 2544 τὸν
3505 2493 3657 2564 Χρι⁴

1980 2578 2191 2631 στιανὸν
2238 2576 2386 2629 οὐδὲν
2417 2574 2623 2643 ὀνίνησι
2655 2574 2722 2627 τὰ
2765 2572 2902 2644 ὀρθὰ
2931 2573 3197 2644 δόγματα,
3248 2575 3344 2627 ἐάν
3373 2576 3471 2646 τῆς
3503 2578 3657 2631 κατά

1979 2662 2069 2714 τὸν
2103 2660 2215 2729 βίον
2248 2656 2521 2720 πολιτείας
2550 2656 2745 2727 ἀμελῇ.
2780 2656 2878 2708 Διά
2908 2656 3067 2709 τοῦτο
3082 2657 3175 2710 zeal
3205 2658 3232 2709 ὀ
3258 2658 3491 2729 Χριστὸς
3520 2661 3657 2724 τοὺς

1980 2744 2251 2807 τοιούτους
2281 2740 2582 2812 ἐμακάριζε
2627 2740 2801 2807 λέγων
2824 2756 2835 2768 ·
2879 2739 3179 2806 Μακάριος
3199 2743 3231 2795 ό
3262 2740 3524 2808 ποιήσας
3548 2742 3657 2796 καὶ

1981 2826 2250 2893 διδάξας.
2272 2825 2385 2895 Τῆς
2406 2826 2513 2895 γὰρ
2538 2822 2623 2875 διὰ
2644 2821 2750 2874 τῶν
2779 2821 2950 2888 λόγων
2981 2821 3330 2884 διδασκαλίας
3356 2826 3388 2893 ἡ
3419 2824 3508 2877 διὰ
3538 2823 3658 2878 τῶν

1982 2910 2156 2982 ἔργων
2183 2908 2547 2980 ἀκριϐεστέρα
2599 2906 2694 2958 zeal
2737 2904 3155 2973 ἀξιοπιστοτέρα
3202 2904 3400 2976 πολλῷ.
3441 2906 3499 2959 Ὀ
3539 2906 3659 2979 γάρ

1981 2993 2219 3055 τοιοῦτος
2245 2993 2339 3045 zeal
2368 2990 2554 3058 σιγῶν,
2576 2990 2668 3042 zeal
2699 2990 2772 3059 μὴ
2798 2986 3072 3059 ὁρώμενος
3100 2987 3375 3041 παιδεύειν
3400 2988 3656 3054 δύναται,

1983 3078 2107 3139 τοὺς
2155 3074 2254 3145 μὲν
2294 3074 2383 3126 διὰ
2428 3073 2526 3142 τῆς
2581 3071 2730 3133 θέας,
2780 3073 2906 3132 τοὺς
2949 3070 3005 3122 δὲ
3052 3069 3140 3123 διά
3179 3071 3279 3142 τῆς
3333 3072 3523 3142 ἀκοῆς,
3555 3076 3660 3127 zeal

1985 3155 2187 3224 πολλῆς
2217 3151 2622 3206 ἀπαυλαύσεται
2656 3150 2753 3221 τῆς
2787 3149 2939 3221 παρά
2964 3148 3058 3201 τοῦ
3105 3148 3241 3205 Θεοῦ
3290 3150 3526 3216 εὐνοίας.
3588 3155 3658 3207 οὗ

1989 3237 2148 3307 μόνον
2194 3234 2259 3285 δι’
2292 3230 2507 3295 ἐαυτοῦ,
2533 3230 2671 3283 ἀλλὰ
2712 3231 2806 3283 καὶ
2851 3229 2939 3282 διά
2962 3229 3069 3282 τῶν
3099 3231 3179 3293 εἰς
3208 3230 3368 3285 αὐτὸν
3396 3230 3662 3303 ὁρώντων

1985 3306 2418 3384 παρασκευάζων
2471 3308 2785 3373 δοξάζεσθαι
2834 3308 2927 3360 τὸν
2978 3306 3172 3361 ἐαυτοῦ
3224 3310 3521 3381 Δεσπότην.
3595 3313 3664 3365 '0

1984 3393 2222 3455 τοιοῦτος
2251 3391 2337 3443 διά
2369 3389 2575 3459 μυρίων
2602 3386 2884 3457 γλωσσῶν,
2916 3388 3010 3440 zeal
3023 3387 3108 3440 διὰ
3128 3387 3338 3441 πολλῶν
3367 3392 3665 3460 στομάτων

1984 3473 2082 3535 τὰς
2102 3469 2451 3541 εὐχαριστίας
2481 3469 2574 3520 καὶ
2598 3468 2721 3527 τοὺς
2750 3465 2951 3535 ὕμνους
2983 3466 3190 3519 ἀνοίσει
3220 3477 3243 3505 ⁸
3275 3466 3353 3536 τῷ
3377 3469 3485 3520 τῶν
3514 3471 3666 3523 ὅλων

1985 3552 2123 3624 Θεῷ.
2158 3550 2292 3603 Οὐδὲ
2332 3547 2442 3618 γὰρ
2471 3549 2521 3599 οἱ
2554 3544 2817 3616 γνώριμοι
2864 3546 3048 3616 μόνον,
3094 3546 3189 3600 καὶ
3239 3549 3513 3619 μάρτυρες
3557 3551 3665 3605 τοῦ

1989 3632 2105 3704 βίου
2137 3630 2309 3691 ὄντες,
2345 3626 2439 3679 καὶ
2468 3624 2629 3677 αὐτὸν
2659 3624 3029 3693 θαυμάσονται
3063 3626 3156 3678 zeal
3210 3626 3300 3677 τὸν
3334 3626 3499 3680 αὐτοῦ
3554 3631 3665 3681 Δε-

1988 3703 2213 3779 σπότην,
2275 3704 2409 3758 ἀλλά
2444 3705 2537 3756 zeal
2574 3705 2622 3756 οί
2674 3703 2995 3770 ἀγνοοῦντες
3043 3705 3175 3775 παρ’
3227 3704 3429 3774 ἐτέρων
3480 3712 3669 3763 ταῦτα

1992 3786 2371 3857 μανθάνοντες,
2403 3781 2494 3834 zeal
2517 3783 2564 3833 οἱ
2590 3779 2871 3852 πόρρωθεν
2906 3779 3209 3849 οίκοῦντες,
3235 3784 3329 3835 καὶ
3360 3785 3410 3836 οἱ
3436 3786 3668 3856 μακράν

1988 3865 2361 3936 ἀπῳκισμένοι
2397 3862 2488 3914 zeal
2518 3861 2577 3913 οὐ
2606 3861 2748 3929 φίλοι
2804 3860 2984 3931 μόνον,
3036 3860 3170 3913 ἀλλά
3208 3862 3303 3914 zeal
3347 3860 3532 3934 ἐχθροὶ
3574 3867 3669 3916 αἰ·-

1988 3946 2339 4016 δεσθήσονται
2383 3942 2481 4011 τῆς
2513 3940 2713 4008 ἀρετῆς
2742 3940 2839 4009 τὴν
2871 3938 3196 4010 ὑπερϐολήν.
3248 3940 3499 4012 Τοσαύτη
3546 3943 3670 4013 γὰρ

1988 4026 2191 4095 ταύτης
2217 4025 2251 4093 ὴ
2287 4022 2460 4090 ίσχύς,
2493 4020 2566 4081 ὡς
2609 4018 2706 4072 zeal
2750 4018 2858 4071 τῶν
2911 4018 3291 4089 πολεμούντων
3343 4021 3479 4091 αὐτῇ
3520 4021 3670 4075 ἀπο-

1991 4105 2249 4176 φράττειν
2278 4100 2346 4153 τά
2377 4100 2640 4170 στόματα,
2680 4099 2774 4150 καὶ
2822 4099 2923 4168 τὴν
2962 4096 3209 4166 γλῶτταν
3258 4098 3667 4169 ἐπιστομίζειν.

1991 4184 2102 4237 Kal
2132 4182 2320 4251 ὥσπερ
2348 4179 2483 4249 πρὸς
2529 4177 2625 4240 τὰς
2677 4178 2902 4239 ἀκτῖνας
2939 4178 3040 4240 τὰς
3070 4177 3301 4247 ηλιακὲις
3330 4179 3379 4229 οἱ
3410 4177 3670 4246 ἀσθενεῖς

1988 4264 2089 4325 τὰς
2112 4262 2264 4330 ὄψεις
2289 4257 2604 4327 ἀντιϐλέψαι
2634 4256 2695 4309 οὐ
2725 4255 3015 4325 τολμῶσιν,
3052 4256 3224 4320 οῦτως
3253 4256 3374 4311 οὐδὲ
3394 4258 3533 4328 πρὸς
3562 4262 3673 4331 τὴν

1990 4341 2189 4413 ἀρετὴν
2227 4341 2261 4410 ἡ
2291 4336 2456 4391 κακία
2484 4334 2800 4404 ἀντιϐλέψαι
2819 4335 3104 4413 δυνήσεταί
3135 4352 3285 4398 ποτε,
3320 4336 3455 4390 ἀλλὰ
3484 4356 3674 4409 παρα.

1992 4407 2259 4493 χωρήσει,
2279 4418 2374 4470 zeal
2403 4415 2547 4467 νῶτα
2571 4412 2752 4475 δώσει,
2776 4414 2869 4493 zeal
2891 4413 2991 4493 τὴν
3014 4407 3181 4493 ἧτταν
3210 4407 3583 4486 ὁμολογήσει(
3604 4420 3674 4472 Ὃ

1990 4491 2054 4569 δὴ
2080 4491 2171 4552 zeal
2208 4494 2560 4564 πεπεισμένοι
2596 4491 2949 4562 ἀντεχώμεθα
2980 4492 3081 4561 τῆς
3122 4494 3345 4563 ἀρετῆς,
3393 4496 3487 4548 zeal
3524 4499 3675 4566 μετά

1992 4577 2293 4647 ἀσφαλείας
2311 4575 2403 4628 τὸν
2426 4571 2635 4628 ἑαυτῶν
2663 4571 2772 4642 βίον
2790 4571 3184 4643 οἰκονομῶμεν,
3202 4573 3297 4625 καὶ
3312 4573 3420 4627 τῶν
3445 4577 3675 4647 μικρῶν

1994 4660 2086 4713 zeal
2102 4656 2332 4711 εὐτελῶν
2355 4650 2493 4709 εἶναι
2513 4653 2810 4707 δοκούντων
2837 4653 3248 4724 ἁμαρτημάτων
3263 4654 3369 4706 εἴτε
3388 4656 3444 4707 ἐν
3458 4654 3673 4723 λόγοις,

1994 4740 2105 4791 εἴτε
2136 4738 2193 4790 ἐν
2226 4735 2567 4806 πράγμασιν,
2598 4729 2895 4801 ἀπέχεσθαι
2926 4729 3332 4800 σπουδάζωμεν.
3366 4731 3525 4785 Οὐτω
3554 4737 3675 4808 γὰρ

1997 4818 2251 4871 οὐδέποτε
2294 4817 2407 4875 τοῖς
2446 4811 2657 4883 μείζοσι
2697 4809 3141 4881 περιπεσούμεθα
3172 4809 3280 4861 τῶν
3324 4812 3674 4884 ἁμάρτημά-

1995 4912 2136 4960 των,
2189 4895 2283 4948 ἐάν
2313 4892 2421 4946 τῶν
2473 4891 2683 4963 μικρῶν
2726 4887 3095 4959 ἀποσχώμεθα
3126 4891 3177 4927 ί·
3209 4890 3302 4943 zeal
3345 4890 3439 4942 τοῦ
3466 4893 3678 4963 χρόνον

1998 4976 2278 5049 προϊόντος
2300 4972 2641 5045 δυνησόμεθα
2667 4971 2760 5023 zeal
2795 4969 2895 5049 τῆς
2929 4967 3133 5049 ἀνωθεν
3158 4970 3333 5039 ῥοπῆς
3360 4971 3678 5027 ἀπολαύω.

1994 5046 2086 5120 τες
2131 5057 2231 5125 τῆς
2272 5053 2446 5124 ἀκρας
2500 5051 2699 5123 ἀρετῆς
2742 5046 3116 5111 ἐπιλαϐέσθαι,
3168 5049 3261 5101 zeal
3295 5050 3394 5117 τὴν
3439 5050 3680 5103 κόλασιν

1996 5136 2282 5204 διαφυγεῖν
2332 5135 2431 5202 τὴν
2479 5130 2872 5201 ἀποκειμένην,
2904 5127 2997 5180 zeal
3024 5127 3133 5180 τῶν
3158 5128 3392 5180 αἰωνίων
3441 5128 3681 5197 ἀγαθῶν

1997 5217 2293 5285 ἐπιτυχεῖν,
2330 5215 2354 5254 ⁸
2383 5214 2563 5284 χάριτι
2597 5208 3096 5285 καὶῌφιὶανθρωπίᾳ
3133 5207 3224 5259 τοῦ
3268 5207 3474 5277 Κυρίου
3510 5210 3681 5278 ἡμῶν

2011 5282 2191 5364 Ἰησοῦ
2214 5282 2471 5363 Χριστοῦ,
2505 5290 2621 5361 μεθ’
2647 5282 2708 5340 οὗ
2745 5287 2820 5357 τῷ
2851 5288 3045 5356 Πατρὶ,
3072 5286 3189 5356 ἅμα
3216 5286 3294 5355 τῷ
3324 5287 3465 5356 ἁγίῳ
3499 5289 3684 5342 Πνεύ-

2003 5392 2152 5447 ματι,
2187 5373 2333 5437 δόξα,
2382 5369 2601 5441 κράτος,
2650 5368 2817 5438 τιμὴ,
2863 5365 2957 5417 νῦν
2996 5365 3088 5417 zeal
3122 5364 3229 5430 ἀεὶ,
3270 5367 3363 5418 zeal
3412 5369 3495 5427 είς
3541 5370 3684 5431 τοὺς

1999 5455 2200 5515 αἰῶνας
2226 5451 2332 5503 τῶν
2367 5448 2595 5502 αἰώνων.
2641 5448 2833 5517 Ἀμήν.

2068 5539 2303 5591 eCoislin.
2334 5538 2443 5592 τοὺς
2469 5539 2640 5597 ὕμνους
2662 5537 2897 5597 ἀναφέρει.
2969 5531 3150 5597 _f_Colb.
3184 5547 3309 5597 unus
3338 5536 3397 5597 rel
3425 5533 3577 5585 Savil.
3628 5540 3683 5586 in

2002 5608 2143 5652 textu
2157 5601 2458 5663 ἀπεχώμεθα.
2483 5595 2614 5646 δονιι
2652 5599 2698 5644 in
2714 5595 2949 5665 mal-giae,
2967 5595 3136 5643 Morel.
3152 5602 3203 5641 οι
3223 5596 3305 5643 alii
3324 5596 3681 5658 ἀποσχώμεθει.

2011 5668 2033 5705 8
2063 5665 2178 5713 Post
2201 5661 2432 5719 ἐπιτυχεῖν
2461 5660 2654 5707 additur
2700 5660 2749 5705 in
2796 5662 2944 5705 Sanl.
2997 5658 3061 5702 ὼν
3108 5658 3289 5716 γένοιτο
3329 5658 3503 5712 πάντας
3545 5661 3687 5719 ἡμᾶς

2011 5678 2033 5705 Β
2064 5678 2178 5713 ι’(ιδι
2201 5678 2432 5722 επιτυχειν
2461 5678 2654 5707 auuuur
2703 5678 2749 5705 ιιι
2797 5678 2944 5705 nam.
2997 5678 3061 5702 ων
3108 5678 3289 5716 γενοιτο
3329 5678 3503 5712 πάντας
3545 5678 3687 5719 ημας

2008 5722 2298 5779 ἀπολαῦσαι,
2341 5725 2392 5771 in
2428 5721 2600 5769 Morel.
2641 5733 2779 5789 vero“
2798 5722 2867 5768 ὧν
2891 5721 3092 5789 ,γένοιτο
3136 5719 3477 5789 πανταεὴμᾶς
3513 5720 3687 5767 ἐπιτυ-

2008 5787 2124 5851 χεῖν.
2148 5786 2248 5833 Sed
2274 5786 2579 5851 haac2utpole
2598 5780 2863 5841 superﬂua,
2889 5779 2937 5828 in
2959 5793 3046 5828 sex
3070 5793 3183 5829 mss.
3206 5779 3689 5844 desiderantur,nec

2011 5844 2141 5899 lecta
2163 5851 2275 5896 sunt
2297 5844 2354 5896 ab
2381 5847 2674 5903 interprete.
