3754 6342
104 298 196 355 l09
1190 289 1254 347 IN
1293 285 1527 348 CAPJI.
1570 283 1811 344 GENES.
1851 282 2083 340 HOMIL.
2126 283 2261 340 χιιι.

107 410 318 468 credere
343 408 489 466 enim
535 408 600 464 iis
641 420 759 477 qum
787 404 840 459 in
868 403 1044 460 divina
1080 402 1356 473 Scriptura
1397 401 1675 457 feruntur.

115 502 200 556 sed
229 500 332 555 alia
373 516 437 554 ex
464 496 679 568 propria
709 505 886 551 meme
924 493 1209 557 inducere,
1258 506 1508 563 magnum
1553 500 1683 561 puto

107 591 395 662 periculum
434 603 621 645 creare
649 586 771 641 talia
799 584 1138 640 audentibus.
1169 582 1239 637 Et
1265 583 1463 655 posuit,
1491 581 1680 651 inquit,

106 685 169 739 ibi
215 684 485 747 dentium,
533 696 679 751 quem
720 679 978 749 formavit.

169 779 222 831 4.
246 776 412 842 Vide,
434 782 689 845 quantum
731 770 991 826 honorem
1026 769 1206 825 statim
1247 768 1299 823 in
1327 781 1451 824 eum
1489 776 1678 822 contu-

106 869 245 924 lerit.
278 868 413 923 Cum
445 882 567 921 eum
598 873 747 921 extra
780 862 1084 934 paradisum
1112 868 1384 926 creasset,
1416 859 1594 914 statim
1625 858 1686 913 il-

105 960 212 1016 lum
238 974 305 1013 eo
328 955 645 1020 introduxit;
677 963 739 1009 ut
766 969 832 1009 ex
855 953 1018 1009 rebus
1048 951 1177 1023 ipsis
1206 952 1259 1006 in
1290 949 1535 1005 beneﬁcii
1562 964 1690 1003 sen-

107 1065 220 1103 sum
262 1050 438 1119 ipsum
481 1045 808 1113 adduceret,
847 1052 907 1100 ut
945 1044 1108 1099 sciret
1149 1052 1379 1114 quantus
1412 1040 1484 1095 illi
1520 1040 1695 1095 honor

111 1145 253 1195 esset
288 1152 600 1204 concessus,
642 1136 697 1191 in
729 1135 1033 1207 paradisum
1077 1133 1223 1190 illum
1257 1130 1582 1197 introduxit,
1628 1128 1696 1183 Et

109 1232 274 1303 posuit
291 1229 401 1284 illic
417 1230 687 1297 hominem,
713 1245 859 1299 quem
882 1228 1139 1300 formavit.
1161 1225 1296 1282 lllnd
1318 1226 1469 1290 item,
1489 1223 1693 1289 Posuit,

111 1326 187 1380 sic
223 1324 584 1394 intelligamus
632 1337 696 1377 ac
728 1322 774 1377 si
815 1322 1038 1388 diceret,
1083 1318 1339 1391 praecepit
1376 1326 1433 1372 ut
1461 1316 1568 1372 illic
1606 1314 1701 1369 ha-

109 1417 328 1482 bitaret,
361 1426 419 1469 ut
443 1423 500 1470 et
526 1423 771 1484 aspectus
806 1421 861 1469 et
884 1412 1142 1467 habitatio
1185 1425 1435 1480 magnum
1477 1407 1577 1477 ipsi
1604 1422 1699 1477 pa-

112 1515 258 1563 reret
303 1505 631 1575 voluptatem
651 1546 666 1571 ,
698 1514 750 1559 et
780 1518 902 1558 eum
928 1501 993 1557 ad
1031 1501 1229 1572 gratias
1261 1497 1570 1555 referendas
1606 1511 1702 1552 ex-

112 1599 304 1652 citaret
330 1595 650 1666 cogitantem
680 1603 934 1664 quantum
961 1591 1207 1648 beneﬁcii
1237 1589 1550 1659 accepisset,
1575 1602 1697 1643 cum

114 1686 352 1741 nondum
382 1685 651 1757 quidpiam
695 1684 1027 1755 praestitisset
1058 1682 1202 1738 boni.
1233 1681 1311 1737 Ne
1352 1682 1512 1752 igitur
1547 1688 1601 1734 te
1642 1679 1698 1735 in

115 1788 393 1848 stuporem
439 1776 640 1847 injiciat
678 1789 780 1830 vox
828 1774 946 1841 illa,
999 1771 1233 1827 Posuit:
1282 1786 1399 1827 mos
1441 1770 1585 1826 enim
1627 1775 1712 1825 est

115 1872 409 1943 Scripturae
433 1888 600 1928 sacrae
624 1881 840 1942 propter
868 1885 967 1925 nos
994 1877 1049 1925 et
1068 1868 1133 1923 ad
1160 1868 1445 1923 utilitatem
1467 1875 1709 1922 nostram

3269 284 3370 338 11η

1786 399 1909 471 ligni
1941 402 2265 455 mentionem
2313 398 2439 455 fecit
2463 440 2478 466 ,
2514 414 2579 454 ac
2619 398 2896 455 ﬂuminum
2929 400 3142 455 nomina
3179 398 3372 453 deinde

1789 495 1942 550 nobis
1968 494 2243 561 declarat,
2275 493 2595 563 illorumque
2623 503 2679 547 ut
2706 494 2899 546 dixerit
2926 490 3187 562 quispiam
3218 505 3373 559 sepa—

1790 589 2090 653 rationcm,
2132 604 2195 644 ac
2232 588 2502 659 quomodo
2546 602 2610 641 ex
2656 586 2747 641 illo
2767 586 2857 657 qui
2906 584 3211 656 paradisum
3259 583 3378 638 irri-

1790 683 1969 753 gabat,
2014 682 2103 737 alii
2149 681 2203 736 in
2232 692 2459 752 quatuor
2501 681 2672 750 capita
2711 680 2888 743 divisi,
2928 679 3145 734 climata
3188 676 3377 731 distin-

1792 782 2039 845 guercnt.
2064 773 2259 828 Verum
2288 772 2423 827 forte
2449 773 2482 826 ii
2504 773 2593 841 qui
2617 786 2681 826 ex
2707 771 2917 841 propria
2945 769 3204 838 sapientia
3234 767 3377 837 loqui

1794 872 2015 929 ‘olunt,
2062 863 2281 919 ﬁumina
2331 863 2420 917 illa
2473 878 2579 917 non
2631 863 2932 917 concedunt
2970 872 3091 916 esse
3127 859 3379 923 ﬂumina,

1799 972 1970 1027 neque
1997 970 2163 1028 aquas
2186 954 2421 1010 fatentur
2441 970 2562 1010 esse
2582 969 2746 1024 aquas
2764 994 2781 1021 ,
2810 954 2904 1009 sed
2932 951 3075 1008 aliud
3105 951 3382 1022 imaginari

1798 1053 2025 1108 suadent
2066 1052 2133 1106 iis
2154 1051 2249 1121 qui
2290 1048 2391 1104 sibi
2428 1062 2588 1102 aures
2625 1045 3030 1102 accommodare
3072 1044 3277 1098 volunt.
3317 1046 3388 1096 At

1801 1158 1936 1208 nos,
1966 1143 2209 1214 obsecro,
2254 1138 2559 1210 huiusmodi
2605 1128 2851 1193 homines
2890 1150 2959 1190 ne
2998 1135 3265 1201 feramus,
3291 1132 3387 1188 sed

1802 1236 2145 1291 obstruamus
2190 1232 2406 1288 illorum
2444 1230 2600 1285 dictis
2645 1243 2825 1295 aures,
2872 1225 3153 1282 credamus
3191 1226 3386 1280 divina:

1804 1328 2120 1398 Scriptum,
2149 1334 2393 1395 atqueea
2434 1337 2555 1393 qua:
2595 1321 2647 1375 in
2672 1320 2763 1374 illa
2811 1319 3060 1373 dicuntur
3098 1325 3387 1383 sectantes,

1806 1436 1990 1476 sanam
2030 1417 2329 1474 doctrinam
2372 1417 2425 1469 in
2468 1412 2663 1468 animis
2709 1410 2908 1467 nostris
2947 1425 3211 1480 reponere
3249 1417 3393 1463 sata-

1808 1526 2014 1584 gamus,
2043 1511 2367 1581 insuperque
2391 1506 2552 1562 vitam
2574 1502 3231 1575 diligenterinstituamus,
3260 1509 3316 1554 ut
3340 1508 3394 1554 et

1809 1604 1924 1676 ipsa
1968 1603 2077 1657 vita
2120 1603 2193 1656 sit
2232 1597 2492 1655 doctrinae
2536 1595 2717 1661 testis,
2742 1605 2797 1650 et
2838 1594 3085 1664 dogmata
3132 1590 3247 1660 ipsa
3271 1590 3394 1644 vine

1813 1697 1974 1753 ﬁdem
2004 1693 2217 1750 faciant.
2247 1691 2380 1748 Nam
2419 1694 2464 1747 si
2509 1690 2756 1760 dogmata
2787 1686 3000 1757 quidem
3037 1696 3181 1740 recta
3213 1693 3396 1739 tenea-

1814 1803 1953 1853 mus,
1984 1786 2253 1856 vitamque
2274 1793 2452 1839 tamen
2482 1781 2831 1852 negligamus,
2859 1777 2990 1832 nihil
3014 1776 3063 1831 id
3092 1775 3246 1831 nobis
3275 1790 3398 1845 pro-

1815 1882 1992 1946 derit;
2018 1879 2324 1950 pariterque
2354 1875 2399 1931 si
2430 1874 2553 1928 vita:
2575 1887 2757 1929 curam
2785 1871 3096 1933 habeamus,
3126 1877 3399 1923 rectorum

120 1967 374 2022 humanis
401 1966 477 2021 uti
504 1966 706 2021 verbis.
737 1964 889 2034 Quod
918 1973 977 2019 ut
1000 1962 1211 2018 ediscas
1231 2003 1247 2028 ,
1278 1958 1551 2031 perpende
1579 1974 1713 2029 quo-

121 2058 284 2111 modo
328 2057 509 2127 prius,
539 2071 660 2112 cum
691 2054 760 2111 de
798 2054 1072 2111 stellarum
1117 2054 1390 2108 creatione
1431 2058 1713 2122 ageretur,

122 2147 313 2201 eadem
355 2160 449 2200 usa
480 2146 550 2200 sit
588 2160 721 2202 voce
748 2144 971 2200 dicens:
1003 2143 1069 2199 Et
1098 2142 1264 2213 posuit
1298 2141 1415 2196 illas
1456 2141 1511 2194 in
1538 2141 1717 2209 ﬁrma-

124 2248 295 2290 mento
338 2235 473 2301 casti,
510 2251 616 2290 non
653 2243 713 2289 ut
737 2249 828 2289 eas
869 2234 1003 2289 crelo
1045 2234 1236 2288 inﬁxas
1279 2241 1526 2303 putemus
1572 2216 1719 2303 (nam

124 2344 317 2383 carum
358 2328 584 2398 singula:
626 2327 898 2398 proprium
946 2341 1162 2382 cursum
1204 2326 1514 2390 conﬁciunt,
1546 2325 1721 2380 locum

128 2436 196 2473 ex
230 2420 354 2473 loco
382 2419 697 2486 mutantes),
725 2418 818 2475 scd
860 2427 917 2473 ut
944 2416 1155 2485 doceat,
1197 2433 1257 2473 se
1286 2417 1392 2473 illis
1429 2417 1560 2472 utin
1591 2416 1725 2471 caelo

129 2521 317 2566 essent
358 2510 715 2581 pnecepisse,
765 2518 822 2564 ut
865 2509 1138 2565 hominem
1181 2509 1343 2579 jussit
1382 2508 1435 2563 in
1481 2507 1727 2578 paradiso

130 2602 351 2675 degere.
385 2601 441 2659 9.
467 2601 537 2657 Et
580 2603 853 2672 produxit,
883 2602 1074 2672 inquit,
1116 2599 1259 2656 Deus
1301 2600 1363 2654 de
1404 2610 1539 2655 terra
1578 2615 1728 2655 omne

132 2696 331 2765 lignum
356 2694 630 2766 pulchrum
653 2694 720 2747 ad
748 2692 1043 2760 videndum,
1072 2703 1118 2747 et
1140 2693 1326 2747 bonum
1352 2692 1418 2745 ad
1442 2691 1690 2746 edendam
1707 2731 1723 2757 ,

138 2801 184 2841 et
214 2788 417 2860 lignum
444 2789 555 2843 uiue
577 2788 631 2842 in
656 2787 822 2841 medio
844 2787 1070 2858 paradisi
1097 2795 1144 2841 et
1171 2786 1367 2857 lignum
1384 2786 1453 2840 ad
1472 2785 1731 2841 sciendum

138 2880 335 2933 bonum
358 2888 408 2934 et
440 2878 649 2933 malum.
680 2879 819 2935 Ecce
838 2878 999 2932 aliam
1020 2875 1263 2933 beneﬁcii
1289 2877 1523 2947 speciem
1551 2875 1604 2930 in
1636 2875 1734 2930 ho-

141 2987 337 3026 norem
366 2972 534 3027 creati
577 2970 827 3026 hominis.
868 2970 1001 3039 Quia
1030 2970 1173 3027 enim
1213 2970 1363 3026 illum
1404 2972 1459 3025 in
1486 2968 1734 3040 paradiso

144 3066 358 3120 versari
384 3064 633 3130 volebat,
660 3064 918 3135 praecepit
950 3079 1019 3120 ex
1054 3072 1195 3119 terra
1234 3064 1457 3118 arbores
1498 3062 1737 3117 diversas

138 3159 298 3224 oriri,
330 3173 452 3227 qua:
495 3157 654 3212 simul
692 3164 749 3212 et
789 3164 1010 3226 aspectu
1042 3154 1293 3221 jucunda;
1339 3162 1553 3219 essent,
1582 3162 1635 3208 et
1669 3151 1735 3206 ad

140 3252 328 3306 cibum
357 3259 517 3319 aptat.
553 3249 715 3304 Omne
747 3248 962 3321 lignum,
993 3250 1183 3319 inquit,
1215 3248 1482 3320 pulchrum
1510 3255 1736 3317 aspectu,

143 3340 198 3393 id
222 3350 334 3407 est,
366 3340 431 3394 ad
462 3340 855 3411 spectaculum;
883 3338 954 3392 Et
983 3340 1169 3394 bonum
1196 3339 1264 3393 ad
1290 3354 1465 3403 esunt;
1491 3336 1741 3393 videlicet

148 3433 317 3503 ligna,
349 3447 468 3501 qua:
499 3435 671 3487 visum
701 3431 970 3487 oblectare
997 3438 1249 3501 possent,
1279 3440 1329 3485 et
1360 3446 1454 3486 esu
1494 3444 1740 3500 magnam

147 3526 402 3595 pnebere
431 3525 788 3593 voluptatem;
812 3538 1036 3594 quaeque
1063 3531 1244 3593 utpote
1265 3522 1426 3577 multa
1454 3530 1510 3575 et
1528 3521 1742 3591 copiosa

149 3617 383 3670 multam
442 3615 505 3670 iis
551 3629 716 3669 usuro
764 3623 1014 3685 parerent
1062 3613 1405 3685 voluptatem.
1458 3611 1629 3689 Omne
1675 3609 1742 3665 li-

144 3724 344 3779 gnum,
370 3707 563 3777 inquit,
595 3705 968 3777 quodcumque
989 3705 1209 3773 dixeris,
1232 3706 1361 3760 oriri
1385 3704 1613 3760 curavit.
1648 3702 1743 3756 Vi-

148 3800 339 3854 distin‘
358 3798 578 3853 miseria
619 3813 842 3854 vacuam
877 3797 1298 3854 habitationem?
1334 3795 1568 3851 vidistin’
1586 3795 1744 3849 vitam

150 3889 512 3944 mirabilem?
542 3888 696 3944 Sicut
718 3888 938 3960 angelus
970 3887 1217 3959 quidam,
1247 3888 1562 3944 versabatur
1588 3886 1748 3941 homo

150 3983 209 4036 in
233 3993 404 4048 terra,
426 3996 655 4051 corpore
675 3981 891 4052 quidem
914 3982 1161 4047 amictus,
1179 3980 1273 4037 sed
1291 3991 1440 4036 extra
1462 3993 1749 4052 corporeas

155 4073 517 4128 necessitates
547 4073 905 4142 constitutus,
937 4081 992 4128 et
1025 4071 1474 4143 quemadmodum
1518 4085 1748 4142 purpura

154 4174 215 4218 et
242 4164 554 4219 diademate
578 4174 818 4232 ornatus,
842 4179 1212 4235 purpureaque
1240 4164 1454 4221 indutus
1480 4171 1650 4228 veste,
1675 4163 1754 4218 sic

154 4271 280 4309 enim
316 4255 565 4310 libertate
590 4256 899 4310 versabatur
943 4256 995 4309 in
1030 4255 1264 4326 paradisi
1310 4255 1557 4320 sedibus,
1590 4255 1753 4309 multa

156 4348 405 4417 gaudens
447 4362 627 4402 rerum
684 4348 859 4419 copia.
909 4347 978 4401 Et
1012 4348 1240 4418 lignum,
1287 4347 1491 4417 inquit,
1541 4348 1655 4403 vim:
1701 4347 1755 4401 in

159 4442 330 4494 taedio
352 4440 602 4510 paradisi,
635 4451 680 4495 et
698 4442 891 4513 tignum
907 4441 974 4494 ad
988 4440 1245 4496 sciendum
1266 4441 1450 4495 bonum
1473 4450 1520 4495 et
1542 4440 1752 4494 malum.

163 4532 459 4604 Postquam
487 4547 584 4587 nos
609 4532 825 4599 docuit,
860 4543 1058 4589 terram
1084 4548 1245 4589 omne
1275 4534 1476 4605 lignum
1512 4533 1757 4589 emisisse

162 4626 463 4680 secundum
508 4625 723 4681 Domini
768 4635 1129 4697 praeceptum,
1168 4623 1460 4696 jucundum
1516 4624 1758 4691 visu,.et

166 4716 372 4772 bonum
418 4733 537 4783 esu,
568 4725 696 4772 tunc
735 4717 851 4772 ait:
883 4710 951 4771 Et
976 4718 1170 4789 lignum
1214 4716 1329 4771 eius
1363 4716 1417 4770 in
1455 4714 1621 4769 medio
1662 4732 1761 4786 pa-

163 4810 332 4864 radisi
353 4853 370 4877 ,
390 4821 437 4866 et
464 4811 660 4881 tignum
691 4810 759 4863 ad
784 4809 1043 4865 sciendum
1081 4810 1263 4864 bonum
1292 4817 1339 4863 et
1373 4809 1583 4863 malum.
1627 4809 1759 4864 Cum

164 4907 453 4974 pmciret
491 4907 637 4961 enim
663 4905 925 4978 benignus
970 4905 1226 4961 Dominus
1245 4945 1262 4972 ,
1286 4911 1472 4975 utpote
1499 4902 1719 4959 Creator
1741 4943 1759 4971 ,

164 5008 561 5054 nocumentum
604 5014 671 5054 ex
723 4999 969 5054 libertate
1013 5006 1070 5052 et
1111 4996 1396 5052 securitate
1437 4994 1762 5066 procedente

168 5101 418 5160 tempore
456 5091 743 5154 oriturum,
790 5089 1040 5160 produxit
1082 5087 1279 5159 lignum
1319 5087 1441 5142 vita:
1492 5087 1545 5140 in
1586 5085 1763 5141 medio

166 5181 433 5253 paradisi,
466 5196 674 5237 necnon
708 5181 908 5252 lignum
952 5179 1155 5235 sciendi
1203 5179 1398 5234 bonum
1445 5185 1501 5233 ct
1540 5178 1758 5243 malum,

168 5278 305 5343 quia
328 5290 431 5330 non
459 5274 628 5330 multo
656 5283 778 5345 post
803 5273 871 5329 ab
894 5287 961 5329 eo
985 5271 1253 5328 abStinere
1278 5270 1521 5339 jussurus
1542 5277 1677 5336 erat,
1708 5279 1767 5323 ut

170 5370 323 5423 seire
369 5378 551 5438 posset
592 5383 653 5424 se
696 5382 764 5423 ex
800 5367 966 5438 gratia
1011 5371 1067 5421 et
1092 5364 1457 5435 benignitate‘
1494 5363 1599 5418 illis
1638 5362 1767 5417 frui-

185 5468 371 5513 turum
398 5476 539 5525 esse,
569 5474 633 5515 ac
677 5475 738 5515 se
774 5457 1052 5513 Dominum
1081 5465 1135 5513 et
1159 5456 1469 5512 Creatorem
1509 5468 1628 5510 esse
1655 5463 1765 5508 tum

190 5550 338 5606 ilius
378 5554 712 5619 substantias,
745 5560 855 5606 tum
890 5550 1127 5606 omnium
1163 5549 1470 5604 visibilium.
1511 5546 1634 5603 ideo
1657 5544 1767 5617 jam

267 5729 282 5759 ⁸
315 5736 429 5780 Tres
442 5735 569 5794 Uss,
586 5727 961 5795 magniﬁcentia,
982 5742 1087 5801 pro,
1111 5726 1410 5785 benillnitate.

1821 1982 2001 2030 autem
2021 1972 2329 2043 dogmatum
2365 1968 2587 2024 minimc
2605 2007 2622 2036 ,
2650 1964 2785 2020 nihil
2815 1964 2880 2018 ad
2909 1963 3135 2018 salutem
3163 1969 3398 2014 nostram

1822 2068 1949 2122 utile
1976 2065 2169 2120 lucrari
2199 2060 2512 2134 poterimus.
2548 2058 2651 2113 Par
2675 2065 2758 2113 est
2798 2056 2965 2119 enim,
3003 2053 3047 2108 si
3077 2052 3403 2107 voluerimus

1821 2170 1877 2216 et
1904 2174 1934 2214 a
1975 2158 2215 2229 gehenna
2244 2153 2489 2218 liberari,
2517 2161 2570 2206 et
2595 2164 2815 2222 regnum
2860 2146 3146 2216 consequi,
3180 2153 3405 2214 utroque

1824 2250 2024 2318 ornari,
2066 2259 2119 2305 et
2148 2246 2297 2303 sanis
2333 2242 2692 2314 dogmatibus,
2719 2250 2773 2294 et
2802 2239 2925 2292 vita:
2961 2251 3110 2290 cura.
3143 2235 3271 2301 Quae
3298 2233 3406 2287 uti-

1826 2345 1968 2409 litas,
1991 2355 2195 2411 quaeso,
2223 2338 2430 2394 arboris
2452 2335 2703 2407 prtealtw,
2729 2342 2782 2388 et
2809 2330 2951 2385 foliis
2978 2328 3268 2393 vernantis,
3291 2341 3408 2395 qua:

1828 2434 2088 2490 fructibus
2115 2445 2281 2485 vacua
2324 2429 2432 2483 sit?
2463 2427 2551 2482 Sic
2576 2434 2630 2482 et
2670 2422 2974 2478 Christiano
3016 2418 3146 2473 nihil
3190 2425 3411 2487 prosunt

1830 2538 1974 2582 recta
2026 2526 2312 2595 dogmata,
2369 2521 2415 2577 si
2460 2520 2585 2576 vita:
2644 2517 2940 2573 institutum
2990 2512 3237 2583 negligat.
3288 2508 3413 2563 ldco

1829 2620 2077 2676 Christus
2128 2617 2261 2671 tales
2300 2613 2543 2669 homines
2578 2613 2763 2667 beatos
2801 2608 3051 2664 dicebat:
3102 2604 3287 2659 Beatus
3329 2603 3414 2672 qui

1834 2712 2024 2784 fecerit,
2053 2720 2098 2764 ct
2120 2709 2345 2763 docuerit
2371 2705 2586 2780 (Matth.
2615 2704 2669 2759 Β.
2700 2702 2815 2776 19).
2845 2701 2975 2757 Nam
3006 2699 3246 2756 doctrina
3280 2711 3413 2766 ope-

1835 2818 1953 2859 rum
1982 2803 2136 2873 longe
2173 2799 2473 2856 accuratior
2510 2806 2566 2851 et
2608 2795 2713 2850 ﬁde
2741 2793 2950 2863 dignior
2977 2799 3094 2855 est,
3124 2804 3285 2860 quam
3317 2787 3415 2841 do-

1837 2894 2007 2949 ctrina
2038 2893 2321 2948 vcrborum
2349 2908 2362 2942 :
2394 2888 2594 2944 ctenim
2619 2886 2707 2955 qui
2738 2886 2875 2939 bene
2916 2882 3053 2952 agit,
3079 2878 3288 2936 etiamsi
3335 2888 3418 2931 ta-

1838 2996 1981 3052 ceat,
2000 3000 2099 3041 nec.
2119 2984 2382 3048 videatur,
2411 2982 2691 3036 instituere
2716 2985 2912 3048 potest,
2937 2973 3071 3029 alios
3094 2973 3300 3028 scilicet
3326 2985 3420 3039 per

1840 3080 2181 3149 adapectum,
2214 3076 2349 3131 alios
2388 3088 2486 3145 per
2513 3086 2703 3137 aures;
2747 3071 2968 3141 ipseque
3007 3066 3173 3122 multa
3215 3064 3307 3120 Dei
3328 3062 3423 3119 be-

1842 3171 2145 3229 nevoleutia
2188 3169 2413 3233 fruetur,
2452 3166 2579 3222 dum
2609 3163 2663 3219 id
2701 3163 2861 3218 efﬁcit
2886 3171 2945 3217 ut
2992 3173 3098 3215 non
3125 3156 3284 3213 modo
3326 3169 3424 3227 per

1843 3265 2111 3334 seipsum,
2157 3259 2251 3316 sed
2305 3259 2465 3315 etiam
2509 3272 2605 3327 per
2646 3270 2741 3311 eos
2779 3254 2868 3325 qui
2918 3251 3092 3322 ipsum
3132 3248 3427 3319 respiciunt

1846 3355 2104 3421 Dominus
2145 3367 2275 3408 suus
2313 3351 2634 3406 celebretur.
2671 3346 2769 3412 Qui
2824 3341 3130 3414 huiusmodi
3168 3350 3280 3403 est,
3332 3352 3428 3408 per

1847 3457 2129 3506 sexcentas
2158 3447 2365 3515 linguas
2390 3453 2445 3499 et
2471 3458 2566 3513 per
2606 3441 2769 3496 multa
2800 3453 2893 3492 ora
2931 3436 3128 3508 gratias
3163 3442 3216 3488 ct
3242 3432 3430 3487 laudes

1846 3541 2035 3597 olferet
2058 3539 2427 3593 universorum
2452 3537 2581 3590 Deo.
2606 3533 2786 3602 Neque
2811 3530 2953 3586 enim
2978 3528 3087 3583 noti
3108 3526 3279 3581 solum
3307 3524 3431 3577 vita:

1849 3633 1990 3688 illius
2017 3639 2203 3696 testes,
2231 3638 2287 3686 et
2311 3628 2459 3683 illum
2488 3635 2544 3681 et
2564 3624 2730 3694 ipsius
2759 3621 3041 3677 Dominum
3075 3618 3429 3677 admirantur,

1850 3722 1945 3779 sed
1970 3722 2133 3778 etiam
2161 3734 2265 3775 non
2294 3718 2407 3774 neti
2433 3718 2501 3773 ab
2529 3716 2649 3771 aliis
2676 3713 2966 3778 discentes,
2992 3719 3102 3765 tum
3129 3710 3216 3780 qui
3251 3707 3432 3777 procul

1840 3814 2129 3878 habitant,
2157 3820 2213 3867 et
2236 3811 2398 3880 longo
2434 3806 2717 3863 intervallo
2753 3803 2924 3859 dissiti
2954 3810 3099 3866 sunt,
3139 3814 3245 3854 non
3277 3796 3432 3851 amici

1842 3907 2035 3971 modo,
2061 3904 2155 3961 sed
2190 3903 2351 3959 etiam
2390 3898 2623 3963 inimici,
2655 3895 2867 3951 virtutis
2905 3892 3247 3950 eminentiam
3278 3902 3433 3944 reve-

1856 4000 2133 4054 rebuntur.
2163 3995 2332 4051 Tanta
2355 3992 2547 4063 quippe
2568 3998 2651 4045 est
2674 3988 2815 4043 illius
2843 3986 3040 4052 virtus,
3064 3991 3124 4037 ut
3148 3983 3308 4036 etiam
3333 3993 3433 4047 0p-

1856 4090 2201 4163 pugnantium
2245 4100 2423 4142 seora
2464 4085 2707 4139 obstruat
2737 4089 2794 4136 et
2834 4079 3065 4149 linguam
3110 4081 3433 4143 compescat.

1857 4186 1936 4240 Ac
1963 4178 2409 4253 quemadmodum
2447 4177 2650 4231 solares
2686 4172 2864 4227 radios
2902 4169 3097 4225 inﬁrmi
3132 4166 3301 4223 oculis
3336 4165 3435 4219 nb-

1860 4275 1997 4332 tueri
2027 4290 2133 4329 non
2160 4271 2384 4337 audent,
2410 4270 2488 4325 sic
2512 4282 2613 4323 nec
2642 4266 2890 4321 virtutem
2922 4276 3170 4331 umquam
3202 4256 3437 4327 nequitia

1857 4367 2066 4423 obtueri
2096 4366 2311 4436 poterit,
2341 4362 2436 4419 sed
2466 4360 2681 4417 recedet
2707 4367 2762 4413 et
2781 4365 2928 4427 terga
2949 4354 3113 4418 dabit,
3141 4353 3441 4418 victamque

1861 4477 1920 4518 se
1950 4461 2216 4516 fatebitur.
2246 4455 2399 4525 Quod
2434 4470 2554 4510 cum
2584 4466 2896 4524 persuasum
2940 4448 3093 4504 nobis
3132 4446 3222 4510 sit,
3259 4442 3439 4499 virtuti

1864 4554 2187 4613 hmreamus,
2212 4558 2373 4620 atque
2419 4546 2626 4600 fortiter
2650 4551 2705 4598 et
2733 4550 2848 4596 tuto
2874 4541 3036 4594 vitam
3069 4537 3440 4593 instituamus,

1863 4654 1919 4701 et
1941 4660 2060 4717 quae
2085 4642 2303 4698 minima
2326 4640 2573 4695 videntur
2599 4644 2839 4708 peccata,
2866 4634 2980 4689 sive
3006 4632 3057 4686 in
3086 4631 3264 4685 verbis
3284 4672 3298 4694 ,
3330 4629 3442 4681 sive

1863 4738 1916 4793 in
1945 4735 2227 4806 operibus,
2269 4731 2455 4788 scdulo
2493 4729 2740 4785 vitemus.
2764 4727 2856 4783 Sic
2889 4725 3032 4780 enim
3064 4737 3351 4794 numquam
3389 4721 3442 4773 in

1865 4829 2069 4899 majora
2094 4825 2424 4889 incidemus,
2464 4823 2559 4877 sia
2592 4820 2765 4891 parvis
2801 4818 3202 4873 abstineamus:
3230 4828 3293 4867 ac
3324 4827 3444 4882 pro-

1865 4921 2091 4977 cedente
2121 4929 2362 4988 tempore
2382 4915 2695 4986 poterimus,
2725 4925 2955 4982 superna
2998 4908 3205 4963 favente
3238 4905 3404 4975 gratia
3428 4943 3443 4967 ,

1866 5028 2133 5069 summam
2183 5012 2432 5065 virtutem
2483 5008 2777 5077 attingere,
2831 5000 3160 5057 reconditam
3212 4996 3447 5065 effugere

1860 5120 2081 5178 pennam
2107 5113 2163 5160 et
2201 5110 2401 5158 retenta
2444 5098 2698 5167 consequi
2743 5093 2945 5155 hona‘,
2994 5090 3160 5160 gratia
3199 5097 3252 5143 et
3299 5086 3448 5140 beni-

1867 5201 2069 5271 gnitate
2106 5196 2316 5252 Domini
2358 5193 2529 5249 nostri
2568 5191 2693 5246 Jesu
2741 5184 2960 5251 Christi,
2992 5196 3114 5238 cum
3168 5194 3273 5252 quo
3302 5178 3442 5235 Patri

1869 5302 2161 5362 sanctoque
2182 5287 2404 5360 Spiritui
2430 5287 2502 5342 sit
2526 5284 2715 5356 gloria,
2747 5278 3050 5349 imperium,
3078 5274 3274 5341 honor,
3303 5285 3447 5330 nunc

1870 5395 1925 5442 et
1951 5397 2185 5454 semper,
2214 5379 2348 5437 etin
2373 5376 2566 5434 sarcula
2592 5373 2929 5431 saeculorum.
2956 5368 3151 5425 Amen.

1926 5584 1940 5616 ¹
1979 5590 2083 5632 Post
2105 5581 2194 5633 bas
2215 5594 2376 5641 voces,
2402 5581 2623 5642 consequi
2648 5578 2785 5638 bona,
2826 5576 3015 5628 additur
3048 5577 3099 5627 in
3120 5575 3307 5636 savilio,
3333 5589 3438 5640 qm

1964 5644 2371 5757 Emme-attigerit
2392 5641 2593 5697 evomat.
2630 5641 2817 5702 noreI.,
2841 5648 2953 5704 qua
2972 5649 3058 5692 nos
3076 5651 3237 5691 omnes
3271 5650 3434 5689 conse-
