3754 6276
331 250 419 308 ttt
985 244 1043 301 s.
1083 242 1361 301 toauxts
1398 230 1875 300 cunvsosrostt
1915 232 2229 290 ARCHIEP.
2260 234 2793 297 CONSTANTINOP.
3504 242 3595 297 ne

897 361 1176 418 llOMILlA
1202 361 1342 416 XIV.

338 492 400 545 Et
429 492 618 563 accepit
648 491 893 545 Dominus
927 490 1064 544 Deus
1089 491 1359 555 hominem,
1394 486 1541 559 quem
1572 482 1804 556 formavit
1826 526 1842 550 ,
1871 493 1917 538 et

405 585 571 654 posuit
602 601 714 637 eum
758 582 807 635 in
838 584 1076 652 paradiso
1118 582 1389 649 voluptatis
1409 622 1423 645 ,
1454 591 1507 633 ut
1538 589 1833 649 operaretur
1871 588 1919 631 et

403 676 674 729 custodiret
704 675 848 729 illum
875 674 1030 745 (Gen.
1050 675 1110 727 ⁷2.
1150 676 1257 747 15).

405 815 457 868 1.
480 812 699 879 lterum,
724 813 770 866 si
792 813 972 876 vultis,
998 812 1262 867 hesterna
1284 812 1558 866 concionis
1579 811 1736 865 seriei
1762 810 1924 866 hodie

338 905 667 970 insistentes,
719 903 843 957 hinc
882 904 1034 958 vobis
1069 903 1401 972 spiritualem
1442 903 1746 956 doctrinam
1794 916 1925 955 con-

335 1005 519 1050 texere
543 994 872 1050 curabimus.
904 994 1068 1048 Multa
1092 994 1235 1048 enim
1265 994 1320 1047 iu
1348 993 1433 1057 iis,
1462 1008 1583 1062 quae
1616 991 1777 1045 modo
1801 1000 1925 1045 sunt

339 1088 498 1153 lecta,
538 1086 814 1142 recondita
856 1086 937 1140 vis
963 1094 1066 1152 est,
1116 1094 1171 1140 et
1197 1100 1297 1156 par
1336 1094 1419 1139 est
1454 1098 1553 1138 nos
1582 1085 1633 1138 iu
1666 1082 1925 1153 profunda

336 1185 702 1247 penetrantes,
747 1185 909 1246 atque
934 1184 1183 1233 accurate
1219 1174 1399 1230 omnia
1441 1174 1807 1243 explorautes,
1840 1173 1925 1226 lu—

338 1284 490 1322 crum
522 1267 645 1322 inde
675 1266 1150 1336 decerpere.tNam
1184 1267 1229 1320 si
1260 1266 1294 1319 ii
1319 1266 1407 1336 qui
1444 1266 1706 1335 pretiosos
1726 1264 1928 1335 lapides

340 1358 393 1413 in
452 1359 584 1412 mari
644 1360 928 1427 exquirere
987 1359 1242 1427 cupiunt,
1310 1367 1512 1412 tantum
1576 1359 1814 1412 laborem
1877 1367 1932 1412 et

340 1450 637 1504 molestiam
687 1450 945 1515 subeunt,
998 1449 1381 1521 incompositos
1426 1464 1685 1520 aquarum
1738 1447 1931 1504 ﬂuctus

340 1542 629 1609 adeuntes,
674 1552 731 1597 ut
768 1542 965 1613 Optatis
1018 1543 1289 1613 potiantur
1337 1559 1352 1597 :
1400 1543 1569 1597 multo
1616 1532 1783 1611 magis
1834 1556 1932 1596 nos

342 1635 578 1689 animum
624 1634 900 1690 intendere
943 1649 1041 1704 par
1071 1642 1189 1699 est,
1227 1642 1286 1687 ut
1319 1633 1653 1703 perlustratis
1710 1633 1776 1687 iis
1812 1646 1933 1702 qua:

342 1725 399 1783 in
453 1724 717 1794 profundo
755 1725 1019 1780 dictorum
1050 1725 1235 1791 latent,
1282 1725 1360 1779 sic
1391 1724 1653 1794 pretiosos
1701 1723 1819 1778 illos
1858 1723 1931 1776 la-

343 1819 495 1887 pides
524 1820 920 1875 nauciscamur.
949 1819 1055 1874 Sed
1083 1834 1152 1874 ne
1175 1819 1381 1882 timeas,
1409 1818 1623 1883 dilecte,
1652 1832 1773 1873 cum
1802 1830 1932 1887 pro-

345 1908 569 1965 fundum
599 1910 776 1964 audis.
798 1909 914 1965 Non
945 1910 1088 1965 enim
1115 1908 1204 1965 hic
1233 1908 1463 1979 impetus
1490 1914 1571 1963 est
1592 1908 1931 1963 aastuantium

345 2001 631 2069 undarum,
663 2001 756 2057 sed
801 2001 1033 2072 Spiritus
1057 2003 1226 2072 gratia
1277 2010 1511 2057 mentem
1550 2008 1788 2056 nostram
1816 2000 1935 2054 illu-

346 2102 546 2160 strans,
599 2107 719 2163 quae
763 2092 818 2147 id
866 2101 1107 2162 praestat,
1160 2101 1219 2147 ut
1268 2092 1490 2163 quzesita
1543 2091 1748 2147 facilius
1787 2090 1935 2145 inve-

346 2184 594 2248 niantur,
627 2193 681 2239 et
707 2183 945 2239 laborem
977 2198 1190 2238 omnem
1222 2168 1392 2237 levem
1424 2180 1608 2237 efficit.
1636 2180 1761 2236 Illos
1788 2189 1935 2236 certe

349 2272 561 2344 lapillos
590 2275 856 2329 invenisse
875 2282 1203 2330 scrutantem
1228 2288 1332 2327 non
1354 2272 1578 2327 multum
1601 2271 1772 2342 juvat,
1792 2286 1935 2340 smpe

347 2376 531 2422 autem
551 2368 600 2422 ei
630 2369 814 2424 nocuit
834 2376 890 2424 et
918 2368 1061 2422 mille
1085 2365 1481 2436 naufragiorum
1506 2381 1667 2422 causa
1695 2366 1812 2431 fuit,
1836 2380 1936 2420 nec

350 2466 552 2513 tantam
586 2460 872 2529 reperienti
901 2459 1137 2514 laetitiam
1168 2460 1395 2530 peperit,
1426 2467 1678 2529 quantam
1708 2459 1937 2530 repertis

352 2549 457 2604 illis
485 2551 784 2605 molestiam
810 2559 1063 2620 expertus
1086 2558 1189 2616 est,
1213 2550 1514 2605 invidorum
1541 2564 1736 2620 nempe
1764 2549 1936 2604 oculis

350 2643 635 2698 adversum
669 2655 729 2698 se
756 2643 1061 2710 concitatis,
1092 2652 1147 2699 et
1175 2642 1351 2698 avaris
1379 2642 1446 2697 ad
1474 2641 1673 2697 bellum
1709 2641 1808 2697 sibi
1850 2642 1935 2696 in-

349 2734 626 2790 ferendum
657 2735 897 2794 armatis.
918 2735 993 2790 lta
1022 2752 1129 2793 non
1162 2736 1323 2792 modo
1349 2737 1549 2791 nullam
1580 2738 1858 2792 utilitatem
1882 2737 1935 2791 in

353 2826 516 2883 vitam
544 2829 799 2883 inducunt
829 2830 1029 2900 reperti
1056 2830 1130 2885 illi
1158 2830 1390 2900 lapides;
1419 2829 1514 2884 sed
1541 2830 1702 2885 etiam
1741 2828 1938 2883 multo-

350 2932 468 2973 rum
497 2929 619 2974 sunt
651 2936 809 2976 causa
849 2922 1136 2977 bellorum.
1165 2922 1417 2976 Avaritia:
1443 2935 1674 2990 namque
1716 2920 1936 2975 materia

352 3021 459 3079 est,
502 3022 557 3067 et
597 3015 869 3069 caminum
914 3014 1220 3085 cupiditatis
1264 3013 1576 3080 incendens,
1618 3029 1801 3069 eorum
1849 3013 1938 3082 qui

355 3103 454 3173 ipsi
503 3103 669 3159 dediti
707 3114 833 3159 sunt
878 3106 1117 3160 animum
1148 3114 1444 3175 oppugnat.
1473 3105 1529 3160 In
1576 3106 1940 3176 spiritualibus

353 3204 540 3248 contra
572 3194 721 3250 hisce
761 3195 1008 3264 pretiosis
1039 3195 1304 3265 lapidibus
1333 3195 1464 3250 nihil
1495 3195 1799 3266 hujusmotli
1831 3212 1943 3250 mc-

355 3287 636 3355 tuendum,
663 3287 760 3343 sed
785 3287 983 3343 divitiae
1011 3287 1137 3343 hinc
1153 3287 1394 3344 collecta:
1424 3290 1701 3345 immensas
1723 3300 1869 3357 sunt,
1888 3299 1944 3344 et

356 3379 602 3449 voluptas
656 3380 1149 3447 immarcescibilis,
1201 3389 1256 3436 et
1314 3380 1474 3452 longe
1525 3381 1802 3437 intervallo
1854 3396 1945 3437 su-

357 3488 552 3542 perans
572 3489 787 3529 onmem
817 3475 1054 3530 lmtitiam
1077 3473 1355 3530 hominum
1383 3490 1448 3529 ex
1480 3476 1797 3545 supradictis
1818 3491 1942 3546 par-

358 3574 489 3617 tam.
520 3564 631 3618 lloc
654 3565 838 3622 audias
864 3565 1079 3620 beatum
1111 3565 1363 3622 Davidem
1388 3566 1657 3623 dicentem
1684 3585 1699 3622 :
1726 3566 1943 3622 Deside-

362 3656 544 3710 rabilia
571 3657 781 3727 eloquia
812 3667 900 3712 tua
924 3673 1078 3728 super
1113 3674 1297 3712 aurum
1334 3668 1383 3712 et
1413 3658 1633 3729 lapidem
1672 3659 1946 3728 pretiosum

358 3753 569 3807 multum
595 3750 766 3822 (Psat.
794 3752 880 3807 18.
905 3751 1021 3823 ll).
1042 3751 1337 3823 Viden‘quo
1354 3761 1514 3822 pacto
1530 3752 1807 3808 materiam
1832 3767 1948 3805 om-

358 3844 506 3899 nium
548 3843 987 3913 pretiosissimam
1031 3842 1265 3899 habitam
1294 3844 1348 3898 in
1384 3843 1615 3899 medium
1654 3843 1944 3907 adducens,

354 3948 465 3989 non
493 3934 654 3989 modo
684 3934 774 3989 tali
807 3935 1208 4004 comparatione
1244 3943 1530 3988 contentus
1564 3948 1669 3988 non
1710 3943 1825 3998 est;
1853 3933 1947 3988 sed

358 4024 572 4093 adjecit,
603 4024 843 4090 Multum,
874 4041 982 4095 quo
1025 4025 1190 4081 verbo
1231 4026 1387 4081 nobis
1429 4025 1546 4095 ejus
1585 4026 1945 4095 praestantiam

361 4115 691 4173 declaravit?
716 4116 887 4187 Super
910 4134 1113 4182 aurum,
1140 4118 1329 4189 inquit,
1361 4130 1405 4171 et
1428 4118 1648 4189 lapidem
1675 4120 1949 4188 pretiosum

360 4209 580 4262 multum
606 4224 626 4263 :
654 4223 759 4265 non
787 4208 928 4279 quod
956 4218 1099 4264 tanta
1128 4209 1301 4264 solum
1347 4210 1553 4265 ratione
1578 4208 1948 4266 desiderabilia

362 4298 475 4353 sint
512 4298 690 4354 divina
738 4300 982 4370 eloquia,
1013 4300 1108 4355 sed
1152 4300 1274 4371 quia
1316 4300 1458 4356 solas
1486 4300 1662 4359 hasce
1702 4301 1950 4356 materias

368 4390 509 4459 apud
540 4389 784 4447 homines
812 4393 976 4448 sciret
1000 4392 1053 4447 in
1083 4407 1293 4447 summo
1322 4391 1506 4448 haberi
1549 4393 1742 4462 pretio,
1783 4393 1865 4447 his
1896 4393 1949 4447 in

360 4482 603 4551 medium
632 4481 874 4539 adductis
902 4485 972 4540 ita
1003 4486 1417 4554 praecellentiam
1456 4485 1743 4549 iudicavit,
1772 4493 1828 4539 et
1848 4483 1947 4539 de-

365 4576 622 4631 siderium
644 4577 978 4648 eloquiorum
1001 4577 1228 4647 Spiritus
1255 4579 1624 4635 vehementius
1649 4593 1770 4634 esse
1793 4578 1947 4632 dixit.

370 4665 439 4721 Et
457 4666 750 4722 ut'discatis
775 4667 919 4725 hunc
948 4684 1162 4739 semper
1189 4684 1310 4724 esse
1330 4684 1533 4725 morem
1554 4669 1841 4739 Scriptura:
1865 4669 1950 4723 di-

367 4758 506 4812 vina:
522 4758 883 4829 spiritualibus
904 4760 1063 4816 rebus
1084 4760 1330 4817 conferre
1348 4776 1466 4816 eam
1486 4775 1607 4831 qua:
1630 4761 1755 4817 inde
1774 4770 1951 4815 manat

377 4847 682 4918 utilitatem,
712 4860 769 4906 et
788 4850 867 4905 sic
885 4851 1301 4921 praecellentiam
1328 4852 1632 4919 ostendere,
1665 4851 1843 4907 audite
1867 4866 1953 4907 se-

366 4942 584 5011 quentia
609 4959 623 4997 :
645 4941 713 4997 Et
738 4943 970 5007 dulciora
993 4959 1146 5014 super
1159 4942 1314 4999 metet
1341 4944 1532 5013 favum.
1563 4945 1630 4999 Et
1648 4944 1953 5015 hiequoque

369 5049 475 5090 non
504 5034 645 5105 quod
666 5042 816 5089 tanto
841 5035 1018 5091 solum
1039 5035 1275 5093 dulciora
1303 5037 1440 5105 sint,
1469 5053 1567 5093 nec
1588 5038 1728 5108 quod
1752 5047 1951 5093 tantam

371 5129 575 5195 possint
598 5144 788 5198 parere
829 5130 1153 5200 voluptatem
1177 5172 1192 5193 .
1223 5129 1318 5185 sed
1348 5132 1469 5201 quia
1516 5130 1649 5186 nihil
1689 5131 1873 5187 habuit
1900 5134 1952 5187 in

369 5220 532 5276 rebus
559 5222 861 5289 sensilibus,
890 5223 1033 5294 quod
1075 5222 1319 5279 conferre
1359 5232 1539 5293 posset
1578 5225 1833 5295 voluptati
1874 5225 1955 5279 di-

375 5313 620 5367 vinorum
649 5314 981 5385 eloquiorum
1003 5334 1015 5379 ξ
1039 5315 1348 5377 idcircohis
1375 5318 1703 5381 memoratis,
1731 5317 1809 5373 sic
1837 5316 1955 5371 illo-

374 5420 494 5459 rum
521 5405 863 5460 eminentiam
892 5406 1207 5476 descripsit,
1230 5423 1294 5462 ac
1322 5408 1621 5463 divinorum
1647 5409 1952 5478 dogmatum

374 5497 701 5566 voluptatem
742 5496 997 5567 majorem
1035 5513 1155 5554 esse
1201 5499 1354 5554 dixit.
1397 5500 1599 5555 Eadem
1642 5515 1827 5554 norma
1877 5502 1959 5553 in-

373 5586 835 5645 veniestristum
849 5588 903 5642 in
914 5589 1201 5659 evangeliis
1216 5606 1390 5645 usum.
1403 5590 1535 5645 Nam
1549 5605 1669 5645 cum
1682 5590 1955 5661 discipulis

375 5679 698 5749 loqueretur,
731 5679 1066 5750 cupientibus
1100 5680 1586 5750 interpretationem
1620 5679 1829 5739 discere
1864 5696 1954 5752 pa-

2024 348 2221 404 rabole:
2250 351 2560 407 seminantis
2590 352 2787 406 bonum
2819 366 3000 408 semen
3033 352 3085 407 in
3114 367 3242 424 agro
3268 367 3400 420 suo,
3430 364 3483 409 et
3507 355 3592 408 ini-

2022 439 2144 492 mici
2167 439 2365 493 zizania
2391 441 2530 496 inter
2556 441 2788 496 triticum
2812 442 3084 511 jacieutis,
3112 445 3412 497 minutatim
3444 453 3593 497 totam

2025 531 2304 601 explicavit
2332 532 2657 602 parabolam,
2690 533 2872 587 dicens
2897 534 3015 601 quis
3043 532 3203 587 fuerit
3224 533 3269 598 is
3297 533 3386 602 qui
3413 534 3595 588 bonum

2026 638 2207 678 semen
2252 625 2567 688 seminavit,
2595 626 2716 694 quis
2744 639 2899 694 ager,
2942 642 3060 696 qua:
3112 626 3344 692 zizania,
3390 626 3505 695 quis
3545 642 3597 679 ea

2028 715 2389 781 seminaverit,
2420 716 2511 785 qui
2540 731 2829 783 messores,
2851 734 2971 787 qua:
2993 719 3217 773 messis:
3247 729 3303 774 et
3332 730 3599 791 postquam

2028 806 2205 859 omnia
2250 806 2330 860 eis
2372 807 2543 877 palam
2588 807 2821 872 fecisset,
2872 818 2997 864 tunc
3035 810 3111 863 ait
3141 810 3325 864 :‘Justi
3354 811 3603 882 [algebunt

2029 900 2157 952 sicut
2185 898 2264 953 sol
2291 900 2344 953 in
2367 916 2519 971 regno
2550 899 2721 955 Patris
2749 914 2920 956 eorum
2961 903 3177 974 (Matth.
3224 906 3307 958 l5.
3335 905 3426 976 45)
3460 922 3474 957 :
3506 920 3602 959 non

2030 990 2172 1059 quod
2196 1004 2375 1060 parem
2409 1001 2612 1047 tantum
2642 992 2899 1062 fulgorem
2932 995 3163 1048 habituri
3193 992 3299 1049 sint
3331 995 3491 1065 justi,
3517 996 3603 1049 sed

2031 1081 2266 1136 05tendit
2310 1084 2477 1137 multo
2507 1084 2765 1153 majorem
2812 1100 2970 1140 esse:
3006 1096 3210 1139 tantum
3245 1096 3423 1141 autem
3452 1085 3604 1149 dixit,

2029 1171 2173 1240 quod
2221 1172 2392 1241 major
2442 1172 2545 1228 hac
2588 1175 2767 1245 imago
2815 1176 2865 1229 in
2909 1176 3207 1231 visibilibus
3248 1176 3469 1247 reperiri
3510 1192 3606 1231 non

2032 1274 2235 1331 posset.
2257 1264 2390 1317 Cum
2422 1264 2583 1334 igitur
2606 1265 2732 1336 quid
2767 1266 2942 1321 simile
2968 1269 3239 1332 audimus,
3272 1283 3338 1321 ne
3377 1267 3428 1319 in
3464 1266 3609 1323 dictis

2032 1366 2240 1410 tantum
2271 1357 2522 1413 sistamus
2541 1359 2784 1428 gradum,
2812 1360 2903 1414 sed
2932 1376 2994 1413 ex
3020 1361 3103 1423 iis,
3129 1377 3245 1430 qua:
3275 1360 3376 1415 sub
3405 1375 3609 1415 sensum

2035 1459 2089 1502 et
2129 1449 2228 1503 sub
2279 1458 2555 1519 aSpectum
2599 1448 2824 1517 eadunt,
2874 1450 3227 1519 spiritualium
3274 1452 3611 1505 eminentiam

2035 1542 2379 1596 azstimemus.
2409 1540 2848 1613 Quandoquidem
2903 1542 3062 1612 igitur
3116 1543 3200 1598 hic
3251 1543 3613 1598 vehementius

2035 1632 2359 1689 desiderium
2391 1633 2615 1689 inveniri
2657 1643 2835 1704 potest
2874 1634 3072 1704 (divina
3112 1635 3375 1706 siquidem
3416 1645 3539 1690 sunt
3563 1644 3616 1695 et

2036 1725 2328 1794 Spiritualia
2370 1724 2605 1794 eloquia,
2635 1739 2753 1795 qua:
2803 1740 3048 1795 magnam
3094 1726 3299 1795 possint
3345 1725 3398 1780 in
3443 1726 3614 1779 animo

2038 1830 2224 1885 parere
2263 1815 2593 1885 spiritualem
2634 1815 2920 1887 laetitiam),
2965 1831 3085 1871 cum
3128 1815 3305 1870 studio
3352 1814 3522 1870 multo
3557 1830 3615 1869 ac

2032 1906 2339 1961 vehementi
2360 1904 2626 1961 desiderio
2652 1905 2805 1961 dictls
2825 1920 2985 1961 aures
3011 1905 3366 1976 prtebeamus,
3394 1914 3451 1959 ut
3472 1918 3617 1959 veras

2029 1997 2256 2052 divitias
2285 1997 2408 2052 inde
2434 1997 2596 2063 nacti,
2629 2005 2685 2051 et
2711 1996 2779 2051 ad
2818 2012 2935 2051 eam
2967 2012 3087 2067 qua:
3114 1995 3409 2051 secundum
3455 1996 3615 2049 Deum

2037 2099 2120 2146 est
2147 2090 2539 2162 philosotihiam
2562 2092 2742 2148 multis
2770 2092 3031 2161 susceptis
3055 2092 3348 2147 seminibus
3367 2133 3384 2159 ,
3424 2092 3502 2145 sic
3524 2090 3619 2145 doc

2038 2200 2182 2239 mum
2211 2194 2559 2240 revertamur.

2107 2280 2163 2334 2.
2205 2279 2496 2335 Audiamus
2522 2278 2680 2348 igitur
2708 2291 2828 2348 quae
2850 2276 3016 2332 hodie
3041 2275 3175 2332 lecta
3197 2274 3303 2331 sint
3328 2292 3340 2328 :
3375 2274 3471 2331 sed
3499 2275 3615 2329 ani-

2038 2388 2185 2427 mum
2215 2370 2483 2432 adhibete,
2524 2377 2578 2424 et
2606 2383 2827 2424 excussa
2871 2368 3076 2438 ignavia
3106 2384 3340 2439 curaque
3385 2367 3621 2421 smeulari

2041 2462 2207 2529 omni,
2239 2463 2315 2517 sic
2341 2461 2495 2516 dictis
2517 2460 2776 2515 attendite
2804 2478 2818 2514 :
2850 2460 3044 2515 divina!
3070 2476 3299 2531 namque
3329 2459 3477 2530 leges
3504 2468 3627 2513 sunt

2040 2568 2107 2609 ex
2154 2553 2299 2607 crclis
2327 2553 2396 2606 ob
2423 2552 2645 2605 salutem
2679 2560 2915 2605 nostram
2947 2552 3210 2606 demissae.
3242 2547 3375 2606 Nam
3406 2550 3474 2617 si,
3505 2565 3624 2604 cum

2034 2643 2396 2713 imperatoria:
2439 2642 2608 2697 literae
2647 2642 2914 2712 leguntur,
2944 2657 3191 2711 magnum
3219 2641 3413 2712 ubique
3442 2652 3525 2697 est
3554 2641 3627 2694 si-

2042 2734 2261 2789 leutium
2283 2775 2299 2801 ,
2327 2743 2381 2788 et
2418 2733 2593 2787 omnis
2631 2732 2885 2787 tumultus
2915 2732 3272 2801 strepitusque
3301 2732 3625 2796 eliminatur,

2041 2823 2289 2878 omnibus
2330 2837 2488 2877 aures
2534 2822 2921 2892 arrigentibus,
2969 2835 3024 2876 et
3064 2821 3247 2876 andire
3295 2820 3633 2892 cupientibus

2044 2917 2169 2988 quid
2206 2917 2562 2986 imperatoria:
2602 2915 2770 2969 litertc
2796 2914 3091 2978 declarent,
3124 2921 3176 2967 et
3206 2928 3455 2984 magnum
3484 2914 3630 2983 peri-

2043 3010 2220 3063 culum
2262 3008 2414 3064 adest
2458 3008 2543 3061 vel
2575 3007 2835 3061 tantillum
2884 3006 3265 3073 tumultuanti,
3297 3016 3350 3060 et
3390 3006 3634 3060 lectionis

2044 3101 2238 3155 seriem
2269 3098 2638 3154 ioterturbanti
2670 3116 2683 3153 :
2715 3098 2880 3152 multo
2906 3098 3074 3168 magis
3101 3097 3184 3152 hic
3208 3112 3330 3153 cum
3360 3098 3551 3151 timore
3582 3104 3637 3150 et

2032 3201 2280 3249 tremore
2322 3191 2659 3255 adstandum,
2689 3200 2743 3245 et
2767 3191 2932 3244 altum
2960 3189 3263 3245 habendum
3294 3190 3567 3245 silentium
3594 3192 3634 3254 ’,

2045 3284 2531 3355 cogitationumque
2553 3282 2810 3338 tumultus
2830 3281 3091 3337 arcendus
3110 3300 3126 3344 ς
3159 3293 3215 3336 ut
3241 3296 3359 3352 qua:
3374 3281 3640 3336 dicuntur

2047 3377 2342 3447 intelligere
2368 3375 2617 3447 possitis,
2651 3384 2706 3429 et
2745 3385 2803 3429 ut
2837 3374 3241 3444 obsequentiam
3270 3381 3505 3428 vestram
3539 3388 3638 3441 ap-

2048 3468 2278 3539 probans
2304 3466 2417 3522 Rex
2446 3466 2698 3521 crelorum
2721 3507 2736 3533 ,
2765 3464 3056 3536 majoribus
3091 3480 3187 3519 vos
3213 3464 3528 3519 muneribus
3554 3464 3641 3517 di-

2047 3567 2261 3629 gnetur.
2292 3557 2577 3614 Videamus
2602 3558 2762 3628 igitur
2781 3558 2905 3628 quid
2936 3573 3035 3612 nos
3062 3572 3200 3611 nunc
3227 3556 3417 3612 doceat
3448 3556 3640 3610 beatus

2048 3652 2291 3724 Moyses,
2330 3665 2437 3705 non
2470 3650 2682 3721 propria
2730 3657 2933 3705 tantum
2966 3649 3175 3718 lingua,
3206 3647 3301 3703 sed
3342 3656 3397 3703 et
3434 3646 3643 3717 Spiritu

2050 3757 2235 3803 sancto
2264 3746 2475 3802 afﬂatus
2502 3745 2616 3801 haec
2658 3744 2903 3815 loquens.
2934 3744 3019 3799 15.
3055 3744 3119 3797 Et
3154 3742 3385 3811 accepit,
3431 3743 3643 3811 inquit,

2054 3840 2301 3895 Dominus
2335 3839 2470 3893 Deus
2510 3838 2781 3903 hominem,
2809 3854 2955 3908 quem
2985 3836 3239 3908 formavit.
3271 3834 3415 3889 Bene
3458 3832 3644 3887 statim

2050 3949 2081 3988 a
2111 3933 2366 4002 principio
2393 3933 2506 3986 iure
2531 3930 2636 3985 duo
2659 3931 2834 4001 posuit
2862 3948 2875 3982 :
2901 3944 3002 3982 non
3025 3926 3165 3981 enim
3187 3926 3336 3990 dixit,
3361 3924 3645 3988 Dominus,

2052 4034 2107 4081 et
2132 4028 2333 4091 tacuit,
2363 4024 2456 4080 sed
2485 4022 2683 4078 addidit
2712 4021 2889 4084 Deus;
2921 4020 3004 4073 hic
3034 4017 3229 4088 aliquid
3257 4018 3433 4071 latens
3460 4023 3518 4069 et
3555 4030 3650 4067 oe-

2053 4119 2249 4174 cultutn
2277 4117 2431 4171 nobis
2466 4114 2724 4179 indicans,
2766 4123 2822 4166 ut
2848 4112 3142 4175 discamus,
3175 4110 3286 4164 sive
3313 4105 3605 4161 Dominum
3631 4148 3649 4172 ,

2042 4213 2167 4267 sive
2197 4212 2363 4266 Deum
2395 4209 2673 4264 audiamus
2692 4249 2707 4274 ,
2740 4205 2945 4261 nullum
2971 4220 3092 4259 esse
3122 4204 3259 4257 inter
3282 4201 3397 4255 hmc
3426 4200 3650 4254 nomina

2055 4304 2363 4359 discrimen.
2390 4301 2501 4355 Hoc
2528 4308 2705 4353 autem
2737 4313 2842 4352 non
2872 4297 2986 4349 sine
3014 4298 3174 4349 causa
3203 4291 3662 4354 commemoravi;

2055 4394 2149 4451 sed
2171 4404 2228 4449 ut
2252 4407 2373 4449 cum
2398 4392 2628 4446 audieris
2649 4390 2867 4445 Paulum
2892 4382 3352 4451 dicentem,’Unus
3374 4381 3520 4436 Deus
3542 4381 3656 4434 Pa-

2058 4498 2151 4553 ter,
2178 4502 2240 4540 ex
2265 4501 2365 4556 quo
2392 4485 2583 4549 omnia,
2615 4492 2663 4538 et
2686 4498 2818 4535 unus
2839 4478 3087 4533 Dominus
3106 4476 3257 4530 Iesus
3277 4473 3537 4536 Christus,
3566 4490 3660 4541 per

2056 4594 2200 4651 quem
2228 4578 2399 4633 omnia
2442 4577 2529 4647 (l.
2559 4574 2677 4630 Cor.
2708 4574 2760 4630 8.
2790 4572 2897 4645 6),
2926 4579 3178 4641 nepotes
3208 4566 3571 4621 ditl'erentiam
3605 4567 3658 4617 in

2056 4671 2276 4726 vocibus
2301 4683 2420 4725 esse
2439 4710 2455 4734 ,
2481 4678 2535 4723 et
2562 4666 2784 4722 alteram
2812 4663 3003 4734 majus.
3031 4662 3254 4715 alteram
3290 4658 3467 4713 minus
3496 4656 3667 4723 quid-

2059 4766 2197 4836 piam
2242 4760 2563 4834 signiﬁcare.
2609 4758 2730 4815 Ideo
2759 4753 3220 4811 indiscriminatim
3259 4750 3543 4819 Scriptura
3573 4747 3664 4800 his

2054 4859 2225 4913 utitur
2249 4854 2571 4917 nominibus,
2601 4860 2659 4905 ut
2688 4846 3035 4904 contentiosis
3074 4859 3179 4898 non
3220 4842 3376 4897 liceat
3405 4838 3455 4894 id
3506 4837 3661 4907 quod

2060 4952 2161 5025 ipsi
2186 4949 2662 5007 comminiscuntur
2695 4945 2831 4999 inter
2862 4949 3007 4996 recta
3037 4938 3285 5007 dogmata
3320 4932 3553 4988 referre.
3589 4930 3667 4983 Et

2060 5057 2120 5103 ut
2163 5046 2337 5100 discas
2378 5042 2610 5097 divinam
2650 5037 2977 5107 Scripturam
3016 5040 3262 5087 neutrum
3293 5028 3489 5082 horum
3522 5039 3667 5095 qua-

2060 5143 2181 5196 dam
2205 5138 2450 5193 distincta
2484 5132 2870 5204 significatione
2907 5133 3112 5182 servata
3138 5121 3411 5194 proferre,
3442 5133 3513 5172 ex
3552 5116 3667 5169 hoc

2062 5235 2178 5304 ipso
2220 5230 2359 5302 quod
2402 5227 2596 5283 dicitur
2639 5222 2920 5293 diligenter
2960 5215 3237 5272 considera
3282 5232 3296 5267 :
3431 5208 3666 5276 accepit,

2062 5302 2262 5395 inquit,
2312 5320 2562 5375 Dominus
2602 5315 2755 5369 Deus.
2800 5314 2875 5367 De
2923 5324 3027 5380 quo
3066 5307 3177 5361 vult
3218 5302 3508 5395 bsereticus
3536 5314 3671 5354 esse

2061 5393 2313 5472 dictum?
2383 5413 2457 5467 De
2527 5410 2682 5464 Patre
2746 5402 2965 5459 solum?
3030 5399 3179 5454 Esto.
3259 5394 3394 5450 Audi
3474 5393 3671 5459 itaque

2065 5508 2285 5564 Paulum
2340 5505 2603 5559 dicentem
2660 5517 2673 5553 :
2737 5496 2881 5553 Unus
2950 5493 3089 5548 Deus
3158 5490 3355 5553 Pater,
3425 5501 3492 5541 ea:
3550 5499 3668 5552 quo

2130 5688 2146 5717 ί
2181 5680 2365 5742 Morel,
2388 5685 2434 5731 et
2455 5690 2629 5743 mgna
2652 5675 2873 5727 habenda
2897 5668 3160 5737 diligentia.
