3754 6304
199 324 296 379 H3

196 438 385 501 omnia,
434 447 479 492 et
532 455 663 493 unus
706 437 956 495 Dominus
999 439 1152 494 Jesas
1194 438 1446 506 Christus,
1498 456 1589 506 per
1632 454 1778 510 quem

196 532 383 582 omnia.
430 530 560 585 Vide
588 531 856 601 quomodo
900 546 1115 595 nomen,
1158 530 1427 597 Dominus,
1471 530 1606 585 Filio
1630 531 1781 584 attri-

197 617 367 673 boat?
395 618 503 674 Cur
528 635 657 691 ergo
678 620 857 674 dicant
877 636 1091 688 nomen,
1126 620 1392 687 Dominus,
1422 620 1638 691 majoris
1663 634 1781 675 esse

194 711 471 781 dignitatis
511 729 671 782 quam
717 712 866 777 illud,
911 713 1092 766 Deus?
1138 712 1322 769 Videte
1362 728 1523 782 quam
1565 711 1636 767 sit
1682 710 1784 766 huc

202 802 517 868 absurdum,
543 812 599 859 et
619 814 813 873 quanta
840 803 1186 873 blasphemia)
1211 804 1464 874 gravitas.
1485 803 1617 857 Cum
1638 801 1783 856 enim

195 892 320 960 quis
359 892 586 955 noluerit
622 892 817 949 divina:
855 893 1147 963 Scriptura:
1192 908 1432 947 normam
1480 891 1653 961 sequi,
1686 889 1782 945 sed

196 985 315 1039 suis
350 985 647 1041 ratiociniis
693 986 869 1040 locum
920 986 1050 1041 dare
1089 984 1509 1055 przesumpserit,
1564 997 1781 1037 sensum

198 1075 419 1132 turbare
438 1076 595 1143 solet,
623 1087 677 1132 et
703 1077 938 1133 inﬁnitas
962 1077 1334 1132 contentiones
1355 1074 1786 1145 quaestionesque

200 1176 384 1223 movet
408 1166 666 1223 adversus
693 1182 875 1223 sanam
905 1168 1223 1222 doctrinam.
1255 1164 1325 1220 Et
1349 1165 1560 1234 accepit,
1592 1164 1783 1233 inquit,

202 1256 456 1313 Dominus
476 1257 615 1313 Deus
637 1257 908 1324 hominem,
928 1273 1074 1327 quem
1096 1256 1352 1329 formavit,
1374 1264 1424 1311 et
1448 1255 1615 1326 posuit
1641 1253 1788 1309 illaut

196 1350 253 1401 in
270 1350 515 1417 paradiso
534 1350 825 1419 voluptatis,
850 1359 908 1404 ut
931 1358 1225 1419 aperaretur
1250 1357 1295 1403 et
1325 1347 1598 1403 custodiret
1617 1346 1784 1400 illum.

202 1436 340 1493 Vide
380 1448 632 1509 quantam
673 1440 837 1493 creati
878 1438 1107 1493 hominis
1152 1437 1536 1507 providentiam
1573 1435 1784 1491 habeat.

201 1530 493 1601 Postquam
522 1531 665 1586 enim
716 1530 831 1587 heri
873 1544 970 1584 nos
1002 1529 1186 1584 docuit
1218 1530 1406 1584 beatus
1452 1527 1662 1596 Moyses
1705 1525 1787 1580 his

199 1620 384 1676 verbis
404 1637 423 1675 :
453 1618 709 1674 Plantavit
737 1620 875 1674 Deus
896 1619 1209 1688 paradisum,
1235 1626 1282 1673 et
1310 1617 1474 1687 posuit
1496 1616 1602 1671 illic
1624 1615 1790 1670 homi-

200 1727 320 1765 nem
350 1727 370 1765 :
398 1712 453 1766 id
495 1721 601 1776 est,
649 1709 820 1766 voluit
854 1720 909 1766 ut
962 1710 1033 1765 ibi
1073 1709 1403 1771 domicilium
1451 1707 1693 1775 haberet,
1734 1718 1791 1764 et

200 1803 440 1873 paradisi
465 1803 667 1860 deliciis
697 1804 960 1859 frueretur
987 1821 1003 1858 :
1030 1803 1188 1858 hodie
1216 1802 1409 1857 iterum
1430 1800 1664 1857 declarat
1688 1816 1791 1855 no-

204 1896 289 1950 bis
320 1894 642 1951 inelfabilem
670 1895 766 1950 Dei
792 1895 1150 1957 clementiam,
1179 1909 1337 1964 quam
1360 1894 1502 1948 circa
1524 1893 1671 1948 illum
1697 1908 1792 1948 ex-

200 1984 375 2049 hibet,
402 1994 457 2040 et
484 2000 765 2041 resumens
792 1999 1099 2040 sermonem
1128 1984 1202 2038 ait
1231 2001 1246 2038 :
1278 1983 1348 2039 Et
1390 1984 1585 2053 accepit
1613 1982 1791 2036 Domi-

197 2093 300 2130 nus
331 2075 472 2129 Deus
514 2076 785 2141 hominem,
815 2092 962 2147 quem
990 2075 1247 2144 formavit,
1300 2083 1346 2128 et
1390 2074 1554 2144 posuit
1582 2089 1695 2127 eum
1736 2073 1791 2126 in

199 2166 452 2236 paradiso
476 2167 745 2235 uoluptatis
761 2180 782 2229 ,'
812 2180 918 2219 non
944 2162 1010 2218 In
1040 2165 1281 2234 paradiso
1306 2164 1477 2218 solum
1508 2162 1660 2228 dixit,
1694 2161 1790 2218 sed

197 2258 436 2325 addidit,
475 2257 780 2327 Voluptatis,
825 2268 885 2313 ut
923 2259 1211 2329 ingentem,
1243 2271 1346 2327 qua
1386 2256 1439 2310 in
1470 2257 1557 2310 illa
1584 2255 1791 2311 habita-

202 2350 357 2405 tione
404 2348 714 2414 fruebatur,
751 2350 1078 2419 voluptatem
1128 2348 1288 2403 nobis
1333 2347 1629 2403 declararet
1669 2363 1685 2401 :
1726 2362 1790 2401 ac

200 2451 490 2511 postquam
529 2442 688 2509 dixit,
721 2442 901 2497 Posuit
941 2443 1085 2497 illum
1114 2442 1165 2495 in
1212 2442 1451 2511 paradiso
1493 2441 1786 2511 uoluptatis,

198 2533 378 2599 addit,
404 2530 472 2586 Ut
495 2543 787 2604 operaretur
806 2543 853 2587 et
871 2532 1141 2586 custodiret
1166 2530 1335 2586 illum.
1364 2531 1595 2600 lugentis
1614 2540 1668 2585 et
1690 2530 1791 2584 hoc

201 2622 552 2692 providentia:
578 2631 680 2678 est.
710 2622 969 2690 Quoniam
996 2622 1137 2677 enim
1162 2622 1214 2675 in
1249 2621 1548 2691 hujusmodi
1574 2619 1792 2675 sedibus

199 2713 356 2768 omni
400 2713 705 2782 replebatur
734 2713 1022 2783 voluptate,
1068 2722 1122 2769 et
1164 2724 1412 2783 aspectus
1434 2713 1786 2782 jucunditate,

200 2819 265 2857 ac
294 2804 480 2857 laetitia
509 2803 633 2858 inde
659 2813 809 2874 parta
838 2803 1130 2870 fruebatur,
1160 2820 1228 2858 ne
1254 2819 1319 2858 ex
1350 2804 1511 2857 nimia
1538 2802 1791 2858 felicitate

202 2895 371 2950 homo
412 2894 759 2951 insolesceret
805 2894 1043 2967 (Omnem
1086 2897 1249 2963 enim,
1301 2897 1491 2967 inquit,
1542 2898 1791 2951 malitiam

199 2987 377 3039 docuit
404 2988 565 3040 otium
589 2986 772 3056 (Eccli.
804 2989 894 3043 33.
933 2987 1050 3057 29),
1084 2987 1203 3042 ideo
1234 2988 1486 3059 przccepit
1516 2988 1674 3053 Deus,
1721 2986 1789 3043 Ut

198 3087 518 3145 operaretur,
561 3088 605 3131 et
631 3078 900 3132 custodiret
928 3078 1093 3133 illum.
1120 3078 1257 3147 Quid
1291 3090 1491 3143 autem,
1524 3060 1693 3147 dices,
1722 3079 1791 3133 il-

201 3169 303 3223 lius
335 3184 466 3223 cura
490 3170 678 3239 egebat
701 3169 1015 3238 paradisus?
1040 3169 1154 3223 Non
1188 3170 1288 3224 hoc
1312 3170 1473 3236 dico;
1503 3170 1596 3225 sed
1626 3169 1793 3225 voluit

200 3270 383 3316 tamen
403 3271 463 3315 ut
489 3260 750 3315 modicam
775 3275 956 3318 curam
977 3272 1187 3332 gereret
1208 3262 1399 3330 partim
1416 3260 1788 3327 custodiendo,

199 3364 251 3407 et
284 3354 481 3422 partim
523 3352 848 3423 operando’.
898 3352 955 3408 Si
1001 3353 1145 3408 enim
1176 3353 1319 3408 oumi
1363 3367 1581 3422 prorsus
1609 3351 1791 3408 labore

199 3461 405 3500 vacuus
434 3446 643 3512 fuisset,
674 3460 741 3501 ex
780 3446 944 3501 nimio
971 3445 1079 3499 otio
1103 3446 1284 3501 statim
1313 3446 1365 3500 in
1395 3443 1658 3516 ignaviam
1689 3444 1788 3499 de-

202 3539 463 3592 cliuasset
493 3555 509 3591 :
540 3546 596 3592 at
641 3552 761 3592 cum
792 3536 1089 3607 operationi
1133 3551 1253 3592 sese
1283 3535 1437 3593 daret
1464 3537 1579 3592 sine
1605 3535 1791 3591 dolore

200 3629 287 3683 vel
314 3628 587 3695 molestia,
616 3628 998 3697 temperantior
1018 3640 1136 3681 esse
1161 3634 1388 3695 poterat.
1422 3626 1556 3680 illud
1583 3634 1786 3692 autem,

202 3722 273 3777 Ut
302 3731 622 3791 operaretur,
647 3735 752 3777 non
779 3721 897 3775 sine
922 3733 1081 3773 causa
1108 3717 1319 3782 dicitur,
1353 3717 1447 3772 sed
1486 3724 1570 3773 est
1600 3726 1791 3771 attem-

197 3824 449 3885 peratum
479 3812 702 3879 dictum,
745 3818 801 3865 ut
832 3812 985 3880 plane
1015 3811 1196 3875 sciret,
1241 3823 1300 3863 se
1325 3807 1544 3864 domino
1576 3806 1786 3861 cuidam

196 3907 415 3975 subjici,
446 3906 534 3975 qui
564 3913 721 3959 tante
749 3904 1032 3974 voluptatis
1060 3900 1440 3957 habitationem
1483 3900 1584 3957 sibi
1611 3898 1793 3954 dedis-

196 4010 303 4063 set,
343 4007 399 4052 et
438 3997 681 4066 ejusdem
730 3995 833 4052 sibi
857 3993 1154 4051 custodiam
1183 3992 1435 4049 traderet.
1470 3992 1609 4046 Deus
1645 3990 1787 4046 enim

197 4092 383 4146 omnia
413 4090 540 4144 facit
586 4099 641 4144 et
682 4096 936 4157 cperatur
975 4095 1192 4157 propter
1220 4092 1456 4143 nostram
1484 4084 1787 4150 utilitatem,

196 4198 263 4237 ac
287 4198 412 4235 cum
455 4182 544 4235 illa
588 4181 749 4235 etiam
780 4179 1084 4234 fruitionem
1114 4178 1522 4247 libertatemque
1564 4176 1788 4246 praebet.

199 4272 334 4328 Nam
357 4274 401 4327 si
429 4288 495 4327 ex
522 4273 781 4328 immensa
807 4286 902 4325 sua
928 4269 1280 4338 benignitate,
1296 4268 1454 4323 etiam
1482 4270 1787 4337 priusquam

201 4382 302 4424 nos
335 4366 674 4437 produceret,
707 4364 993 4421 ineffabilia
1033 4362 1120 4417 illa
1166 4362 1303 4417 bona
1333 4361 1485 4417 nobis
1517 4374 1786 4431 praepara-

200 4459 299 4519 vit,
321 4456 770 4527 quemadmodum
802 4455 893 4511 ille
919 4454 1048 4510 dicit
1078 4471 1091 4507 :
1134 4452 1328 4518 Venite,
1351 4451 1591 4506 benedicti
1617 4449 1789 4505 Patris

202 4549 327 4611 Diei,
374 4546 649 4601 hereditate
691 4546 902 4618 accipite
946 4552 1182 4614 paratum
1234 4541 1372 4596 vobis
1419 4558 1631 4612 regnum
1671 4550 1787 4595 ante

200 4639 609 4693 constitutionem
652 4638 829 4692 mundi
864 4636 1074 4705 (Matth.
1114 4634 1207 4691 25.
1250 4631 1343 4708 54)
1373 4651 1387 4689 :
1420 4634 1587 4689 multo
1621 4635 1791 4707 magis

202 4730 490 4798 prmsentia
516 4728 695 4784 omnia
721 4727 936 4797 largiter
960 4726 1231 4797 praebebit.
1419 4714 1425 4721 ’

278 4820 331 4872 5.
372 4819 505 4885 Quia
545 4820 705 4889 igitur
743 4828 819 4873 tot
848 4819 1104 4891 beneficia
1155 4819 1214 4875 in
1246 4824 1484 4872 creatum
1516 4815 1787 4873 hominem

201 4911 448 4975 wntulit,
476 4912 755 4981 primoque
783 4925 847 4963 ex
862 4900 1044 4975 ,nihilo
1074 4908 1339 4978 produxit,
1382 4918 1436 4963 et
1481 4924 1548 4965 ex
1574 4910 1789 4977 pulvere

201 5017 397 5071 corpus
427 5000 660 5059 formare
690 5000 936 5072 dignatus
963 5010 1068 5067 est,
1099 5010 1405 5071 posteaque,
1428 4999 1569 5068 quod
1613 5000 1791 5055 excel-

206 5094 402 5147 lentius
427 5102 565 5158 erat,
594 5092 825 5146 animam
856 5092 1222 5162 incorporeum
1255 5107 1347 5160 per
1378 5089 1791 5146 insufﬂatiouem

162 5187 371 5250 adedit,
406 5185 708 5256 deindeque
738 5185 1038 5255 paradisum
1071 5199 1211 5248 esse,
1252 5191 1307 5238 et
1349 5199 1470 5237 eum
1504 5182 1612 5237 illic
1640 5197 1791 5237 com-

206 5278 399 5332 morari
425 5276 601 5346 jussit,
631 5286 753 5348 post
782 5275 896 5331 hinc
917 5284 973 5330 ut
999 5284 1148 5344 pater
1174 5274 1338 5345 prolis
1362 5289 1568 5338 amans,
1602 5282 1788 5329 tenero

208 5371 318 5423 lilio
341 5372 498 5425 multa
530 5370 776 5424 libertate
808 5377 861 5423 et
896 5369 1080 5439 requie
1122 5368 1337 5433 fruenti,
1369 5383 1436 5423 ne
1471 5368 1786 5435 insolescat,

204 5479 421 5534 parvam
443 5462 727 5534 quamdam
752 5473 806 5517 et
831 5460 1157 5518 moderatam
1181 5476 1361 5516 curam
1389 5460 1690 5532 excogitat;
1715 5460 1792 5515 sic

278 5644 292 5671 ι
323 5640 456 5690 Savil.
498 5648 554 5691 et
594 5648 712 5705 Reg.
732 5653 860 5689 unus
879 5641 949 5705 sic
967 5640 1152 5690 habent
1175 5654 1187 5688 :
1315 5640 1492 5705 partim
1513 5639 1788 5705 operando;

278 5654 292 5671 ι
323 5654 456 5690 savu.
498 5654 554 5691 et
594 5654 709 5703 neg.
732 5654 860 5689 unus
879 5654 949 5691 Sic
969 5654 1152 5690 nauem
1175 5654 1187 5688 :
1348 5654 1492 5691 aram
1513 5654 1788 5705 operanao;

206 5700 314 5771 (ra-4’
333 5711 487 5752 niuem
522 5702 742 5771 operatio
773 5702 925 5771 omnis
967 5709 1084 5771 erat
1113 5716 1289 5769 expers
1314 5654 1507 5769 ziboris,
1553 5702 1789 5754 tribuerat

206 5762 288 5816 illi
310 5773 425 5817 Deus
444 5762 647 5827 operam
669 5765 771 5816 sine
794 5762 957 5816 dolore
979 5772 1023 5816 et
1040 5765 1144 5817 sine
1165 5762 1381 5816 titiscria.

1288 324 1353 382 IN
1389 296 1624 382 CAR".
1663 325 1907 383 cenes.
1950 325 2175 383 llOMlL.
2218 328 2355 383 xw.

3368 335 3468 392 Ml

1888 439 2034 495 Deus
2064 440 2268 496 Adamo
2294 440 2660 511 operationem
2689 450 2747 497 et
2787 441 3082 498 custodiam
3114 443 3383 513 praecepit,
3414 454 3469 499 ut

1885 544 2007 584 cum
2052 531 2216 586 multa
2261 532 2553 603 voluptate,
2597 534 2884 589 securitate
2924 542 3084 604 atque
3130 534 3310 605 quiete
3355 532 3470 588 h:ec

1886 620 1994 675 duo
2023 620 2263 691 haberet,
2299 640 2419 693 quae
2460 625 2844 695 aliquantulum
2874 625 3194 696 impedirent
3237 641 3304 679 ne
3333 626 3468 679 ultra

1886 719 2058 765 metas
2090 712 2432 780 procederet.
2481 713 2605 770 llaie
2639 715 2853 784 quidem
2896 718 3068 785 primo
3106 717 3300 770 collata
3348 724 3473 769 sunt

1888 801 2106 856 condito
2151 802 2541 874 homini;qu:e
2576 815 2753 860 autem
2798 806 2899 861 sub
2944 807 3058 861 haec
3096 805 3300 876 adjecta
3349 814 3469 859 sunt

1888 909 2133 964 magnam
2161 911 2286 967 erga
2312 895 2460 950 illum
2485 896 2758 951 declarant
2784 897 3164 967 benignitatem
3191 907 3354 969 atque
3384 898 3470 951 in-

1888 984 2236 1053 dulgentiam,
2293 1000 2453 1055 quam
2495 1002 2562 1041 ex
2599 1001 2697 1042 sua
2742 987 2978 1044 bonitate
3019 989 3278 1045 exhibuit.
3333 988 3469 1057 Quid

1886 1076 2032 1132 enim
2056 1075 2184 1130 dicit
2211 1077 2521 1146 Scriptura?
2549 1077 2614 1130 Et
2642 1079 2877 1149 prwcepit
2897 1078 3143 1134 Dominus
3171 1079 3307 1135 Deus
3326 1081 3471 1134 Δάαι.

1961 1167 2150 1223 Contra
2175 1185 2261 1223 eos
2283 1169 2371 1237 qui
2403 1168 2648 1236 quasdam
2672 1184 2813 1223 voces
2856 1169 3023 1233 Patri,
3053 1172 3299 1241 quasdam
3338 1169 3476 1224 Filio

1889 1259 2256 1313 adscribebant.
2281 1288 2353 1300 ——
2376 1259 2517 1314 Ecce
2542 1260 2731 1314 iterum
2763 1260 2850 1315 hic
2876 1260 3063 1315 eadem
3093 1260 3478 1316 consuetudine

1894 1348 2079 1414 utitur,
2111 1357 2168 1403 ut
2194 1346 2386 1405 iisdem
2428 1348 2737 1419 frequenter
2778 1349 3024 1419 repetitis
3049 1349 3350 1405 accuratius
3375 1349 3477 1403 do—

1891 1440 2117 1494 ctrinam
2141 1440 2490 1511 excipiamus,
2522 1449 2577 1495 et
2602 1455 2669 1495 ne
2699 1440 2835 1494 ultra
2864 1440 3097 1497 feramus
3124 1455 3239 1507 eos,
3267 1441 3356 1511 qui
3381 1456 3479 1495 au-

1891 1530 2019 1586 dent
2058 1532 2271 1586 nomina
2300 1546 2396 1601 pro
2434 1531 2588 1587 libita
2616 1531 2968 1603 distinguere,
3017 1543 3072 1589 et
3121 1532 3266 1588 aliud
3311 1533 3475 1597 Patri,

1890 1624 2035 1679 aliud
2084 1625 2221 1679 Filio
2277 1625 2606 1681 adscribere.
2656 1626 2792 1693 Quia
2843 1627 2985 1680 enim
3034 1627 3312 1696 utriusque
3373 1640 3477 1679 una

1891 1718 2186 1773 substantia
2213 1727 2316 1783 est,
2357 1718 2479 1774 ideo
2500 1718 2677 1774 divina
2717 1719 2987 1789 Scriptura
3015 1719 3476 1775 indiscritninatim

1892 1809 2178 1879 aliquando
2213 1809 2381 1876 Patri,
2405 1810 2694 1880 aliquando
2720 1809 2856 1865 Filio
2889 1811 3092 1864 tribuit.
3123 1808 3190 1863 Et
3216 1813 3476 1881 prwcepit,

1893 1902 2083 1972 inquit,
2113 1900 2359 1957 Dominus
2389 1902 2525 1957 Deus
2554 1903 2679 1957 Ada:
2704 1904 2894 1958 dicens.
2922 1903 3018 1957 llic
3046 1905 3239 1957 merito
3266 1914 3481 1971 stupea-

1893 2008 2011 2047 mus
2036 1993 2129 2049 Dei
2155 1994 2499 2049 clementiam
2525 1996 2685 2050 verba
2724 1997 2903 2049 omnia
2931 2004 3273 2064 superantem
3292 1993 3478 2048 viden-

1895 2096 1996 2152 tes,
2025 2102 2182 2156 quam
2230 2086 2380 2141 brevi
2420 2085 2521 2141 hac
2563 2086 2797 2142 dictione
2838 2085 3076 2141 exhibet.
3121 2084 3193 2140 Et
3216 2086 3471 2156 prwcepit,

1894 2178 2085 2249 inquit.
2108 2178 2240 2234 Vide
2266 2179 2443 2233 statim
2470 2179 2536 2233 ab
2561 2178 2731 2245 initio,
2758 2186 2957 2248 quanto
2976 2178 3181 2234 honore
3206 2177 3476 2233 hominem

1894 2268 2252 2339 prosequitur.
2284 2268 2468 2338 Neque
2481 2268 2622 2323 enim
2643 2268 2815 2324 dixit:
2847 2268 3150 2337 Imperavit,
3174 2267 3257 2322 vel
3277 2266 3476 2322 iussit;

1895 2361 1990 2417 sed
2020 2361 2144 2432 quid
2167 2362 2191 2416 ‘i
2212 2360 2486 2430 Prcecepit.
2512 2361 2659 2418 Sicut
2678 2361 2883 2415 amicus
2905 2360 3081 2416 amico
3105 2359 3174 2415 de
3196 2360 3357 2414 rebus
3386 2375 3482 2413 nec

1892 2454 2141 2509 cessariis
2172 2454 2482 2524 prmcipiens
2522 2453 2773 2524 loquitur,
2811 2453 2880 2507 ita
2920 2462 2975 2509 et
3013 2453 3154 2508 Deus
3179 2467 3302 2523 erga
3332 2452 3478 2506 Ada-

1895 2565 2039 2603 mum
2061 2549 2074 2581 ¹
2103 2548 2335 2602 afficitur
2359 2547 2543 2619 :quasi
2580 2547 2683 2602 hoc
2705 2546 2912 2601 honore
2936 2546 3110 2616 ipsum
3135 2545 3201 2600 ad
3227 2544 3483 2600 obedien—

1897 2641 2025 2697 dum
2054 2643 2116 2699 iis
2137 2658 2301 2712 quam
2332 2657 2392 2698 se
2421 2640 2882 2712 prmcipiebantur,
2913 2647 3253 2694 attracturus.
3288 2638 3375 2692 16.
3412 2636 3479 2691 Et

1896 2738 2134 2810 prcecepit
2162 2736 2414 2791 Dominus
2443 2736 2583 2790 Deus
2623 2733 2749 2789 Λάαν
2789 2734 2961 2788 dicens
2986 2747 3005 2787 :
3032 2731 3111 2787 De
3151 2731 3289 2785 omni
3314 2731 3475 2801 ligno,

1895 2830 2030 2901 quod
2057 2839 2128 2884 est
2174 2831 2227 2882 in
2259 2828 2516 2899 paradiso,
2558 2825 2863 2881 comedenda
2897 2822 3125 2878 comedes
3152 2823 3280 2877 :17.
3320 2821 3383 2875 de
3411 2820 3478 2873 li-

1894 2938 1994 2993 gno
2020 2930 2189 2974 autem
2231 2918 2423 2975 sciendi
2469 2917 2651 2972 bonum
2698 2926 2745 2971 et
2789 2916 2996 2981 malum,
3039 2931 3141 2968 non
3187 2912 3474 2966 comedetis.

1897 3013 2223 3080 Quocumque
2243 3020 2406 3064 autem
2435 3010 2516 3063 die
2542 3008 2855 3063 comederitis
2891 3023 2954 3061 eis
2980 3023 3067 3071 eo,
3098 3015 3259 3059 morte
3290 3005 3476 3057 moris»

1895 3106 2038 3159 mini.
2069 3104 2254 3175 Magna
2303 3102 2460 3171 hujus
2494 3100 2746 3170 praecepti
2794 3099 3019 3153 facilitas
3049 3105 3150 3152 est.
3182 3096 3308 3161 Sed,
3339 3095 3473 3149 dilea

1894 3205 1999 3260 cte,
2030 3210 2190 3266 grave
2216 3193 2412 3249 malum
2446 3203 2529 3247 eSt
2554 3190 2792 3254 desidia;
2823 3190 2968 3245 sicut
2986 3187 3243 3244 enim‘illa
3274 3186 3401 3241 facit
3422 3194 3476 3239 ut

1894 3288 2067 3345 facilia
2094 3286 2270 3343 omnia
2297 3285 2577 3341 videantur
2599 3282 2854 3349 difficilia,
2883 3281 2961 3335 sic
2986 3279 3217 3335 studium
3250 3286 3304 3333 et
3340 3277 3477 3346 vigi-

1894 3382 2077 3445 lantia,
2123 3380 2281 3435 etiam
2329 3377 2507 3432 omnia
2550 3375 2715 3430 ardua
2754 3384 2809 3429 et
2836 3372 3071 3428 difﬁcilia
3111 3370 3283 3426 facilia
3322 3369 3478 3424 nobis

1894 3471 2139 3527 reddunt.
2168 3468 2305 3537 Quid
2344 3469 2511 3534 enim,
2548 3467 2656 3533 dic,
2688 3480 2891 3535 quaeso,
2923 3463 3024 3518 hoc
3060 3461 3311 3517 mandato
3348 3460 3478 3514 faci-

1897 3558 2040 3614 lius?
2068 3560 2198 3629 quid
2230 3560 2333 3614 hoc
2364 3558 2566 3613 honore
2594 3556 2803 3627 majus?
2829 3554 3169 3610 Concedebat
3192 3552 3392 3608 versari
3425 3551 3475 3605 iu

1894 3650 2160 3721 paradiso,
2193 3649 2478 3704 visibilium
2502 3648 2832 3703 formositate
2861 3647 3139 3711 obiectari,
3171 3644 3478 3714 aspiciendo

1893 3742 2177 3797 exhilarari
2214 3752 2268 3797 et
2294 3740 2519 3797 frhendo
2545 3756 2786 3811 magnam
2818 3739 3142 3810 voluptatem
3173 3738 3474 3809 percipere.

1893 3835 2076 3906 Cogita
2102 3850 2260 3906 quam
2291 3835 2581 3906 jucundum
2613 3833 2765 3889 fuerit
2798 3834 2984 3890 videre
3034 3832 3256 3887 arbores
3288 3829 3475 3884 fructi-

1894 3927 1991 3983 bus
2030 3936 2298 3993 oneratas,
2331 3924 2522 3980 ﬂorum
2553 3926 2885 3989 varietatem,
2932 3924 3218 3980 herbarum
3247 3919 3476 3977 diversi-

1895 4027 2078 4086 tatem,
2111 4017 2358 4073 foliorum
2389 4031 2592 4081 comas,
2616 4026 2774 4086 atque
2797 4016 2901 4071 alia
2928 4032 3048 4087 qua:
3076 4016 3365 4072 verisimile
3392 4020 3477 4068 est

1892 4114 1949 4169 in
1981 4111 2229 4183 paradiso
2266 4109 2450 4176 fuisse,
2499 4118 2556 4165 et
2602 4110 2657 4163 in
2697 4108 2944 4179 paradiso
2988 4124 3019 4163 a
3069 4110 3178 4164 Deo
3218 4109 3471 4178 plantntot

1890 4204 2118 4273 Pr0pter
2161 4203 2264 4258 hoc
2301 4202 2442 4257 enim
2491 4201 2737 4272 superius
2783 4199 2961 4255 divina
3008 4200 3281 4270 Scriptura
3324 4199 3477 4263 dicit,

1894 4298 2152 4353 Produxit
2188 4297 2354 4351 adhuc
2380 4312 2443 4351 ea:
2471 4305 2604 4350 terra
2632 4311 2780 4350 omne
2803 4295 2995 4366 lignum
3023 4293 3303 4365 pulchrum
3332 4308 3481 4361 aspo-

1893 4402 1976 4446 ctu
2002 4431 2019 4459 ,
2058 4400 2104 4446 et
2144 4392 2327 4445 bonum
2370 4389 2439 4442 ad
2487 4388 2867 4450 comedendum,
2916 4396 2974 4440 ut
3011 4386 3149 4441 scire
3190 4385 3474 4455 possimus,

1893 4492 2089 4553 quanta
2123 4481 2304 4536 fruens
2332 4481 2593 4541 ubertate,
2623 4493 2718 4548 per
2744 4491 2988 4547 magnam
3012 4476 3476 4545 intemperantiam

1893 4586 1948 4631 et
2000 4575 2395 4645 negligentiam,
2436 4572 2619 4626 datum
2673 4570 2774 4625 sibi
2816 4569 3119 4624 mandatum
3174 4568 3475 4624 violaverit.

1894 4668 2098 4738 Cogita,
2126 4667 2372 4733 obsecro,
2404 4665 2622 4719 honoris
2645 4663 3009 4731 eminentiam,
3039 4678 3162 4733 quae
3184 4663 3331 4717 illum
3355 4676 3483 4732 pro-

1894 4770 2150 4831 sequutus
2176 4768 2279 4827 est,
2307 4759 2428 4814 data
2456 4758 2530 4813 illi
2561 4771 2744 4813 mensa
2783 4756 2992 4827 propria
3028 4766 3083 4812 et
3120 4764 3395 4826 segregata
3422 4756 3477 4808 in

1896 4852 2161 4923 paradiso,
2187 4861 2239 4906 ut
2270 4866 2338 4907 ne
2367 4858 2577 4920 putaret
2619 4848 2861 4904 eamdem
2908 4848 3008 4902 sibi
3033 4856 3090 4902 et
3112 4846 3368 4916 jumentis
3395 4844 3478 4898 iu-

1895 4946 2049 5011 strui,
2097 4943 2191 4999 sed
2243 4944 2461 4998 haberet
2517 4942 2665 5013 quasi
2714 4957 2837 5008 rex,
2891 4941 2941 4994 in
2996 4939 3240 5010 paradiso
3290 4953 3479 5008 agens,

1894 5036 2204 5092 deliciarum
2244 5036 2473 5106 copiam,
2511 5044 2568 5090 et
2593 5035 2743 5105 quasi
2786 5033 3035 5088 dominus
3066 5033 3350 5103 separatim
3378 5031 3476 5085 dc-

1895 5137 2067 5199 geret,
2092 5138 2251 5197 atque
2279 5128 2436 5181 aliam
2466 5142 2622 5195 quam
2650 5125 2876 5179 ministri
2907 5123 3286 5178 habitationem
3314 5123 3479 5178 sorti-

1898 5231 2061 5275 retur.
2107 5219 2173 5273 Et
2223 5219 2460 5290 praecepit
2505 5216 2757 5272 Dominus
2804 5216 2941 5270 Deus
2989 5215 3115 5269 Adae
3159 5215 3371 5269 dicens:
3400 5214 3481 5270 Ea:

1896 5312 2033 5366 omni
2057 5311 2213 5381 ligno,
2242 5309 2378 5380 quod
2412 5318 2485 5363 est
2512 5308 2564 5361 in
2593 5307 2851 5377 paradiso,
2882 5306 3190 5361 comedenda
3215 5308 3443 5362 comedes
3464 5324 3482 5360 :

1896 5419 1960 5457 ea:
1990 5403 2131 5473 ligno
2148 5410 2313 5455 autem
2339 5398 2530 5453 sciendi
2550 5399 2737 5452 bonum
2763 5407 2813 5451 et
2839 5398 3051 5465 malum,
3084 5415 3185 5452 non
3214 5399 3482 5453 comedetis

1895 5509 1959 5546 ex
1983 5509 2059 5546 eo.
2094 5491 2418 5558 Quocumque
2442 5498 2609 5543 autem
2634 5488 2715 5543 dte
2743 5489 3075 5555 comederitis,
3106 5498 3265 5543 morte
3295 5489 3479 5541 morie-

1894 5584 2017 5638 mini
2045 5598 2065 5637 :
2088 5582 2240 5653 quasi
2268 5581 2472 5637 diceret
2498 5580 2564 5635 ad
2591 5581 2736 5636 illum
2768 5598 2782 5634 :
2809 5578 2946 5635 Num
2972 5580 3254 5636 molestum
3281 5580 3479 5650 aliquid

1961 5766 1976 5797 ‘
2014 5762 2288 5827 Savil.,ttcg.
2320 5768 2370 5813 ct
2390 5760 2621 5825 Colbert.,
2645 5774 2760 5827 erga
2782 5773 2929 5828 genus
2953 5758 3227 5813 lacunarium.
