3754 6272
293 257 387 315 ΗΞ

289 383 342 427 et
389 388 552 442 grate
585 382 707 443 peto
737 390 802 429 ex
849 376 941 430 te?
992 375 1114 430 Frui
1155 377 1297 431 enim
1332 378 1584 432 omnibus
1631 378 1723 431 tibi
1754 392 1873 447 perr

290 463 469 530 mitto,
498 462 600 519 huc
632 481 794 519 unum
821 466 1075 536 praecipio
1118 482 1185 521 ne
1224 467 1502 537 tetigeris:
1536 478 1592 522 ct
1631 484 1877 539 magnam

294 570 505 623 paruam
547 556 800 622 decerno,
850 566 907 611 ut
948 558 1031 612 vel
1067 558 1257 615 timore
1305 559 1588 625 coercitus,
1619 560 1800 615 datum
1847 577 1878 615 ει

293 647 518 711 metihi
567 647 873 705 mandatum
924 650 1213 705 custodias.
1261 651 1385 707 llam
1434 651 1682 719 faciebat,
1727 654 1881 722 quasi

292 735 541 797 dominus
593 736 787 805 aliquis
836 737 1103 803 liberalis,
1152 740 1373 796 domum
1424 756 1667 813 magnam
1720 743 1879 798 alicui

290 826 642 892 concredcns,
669 838 722 883 et
745 839 801 889 ut
829 829 1124 886 dominium
1149 832 1250 887 sibi
1282 833 1486 888 salvum
1518 844 1754 900 maneat,
1785 852 1880 904 pa-

291 934 407 972 rum
442 928 645 983 tantum
676 922 914 989 pecunia:
940 922 1175 978 dandum
1214 925 1283 979 ab
1309 925 1401 979 illo
1427 926 1757 995 pnescribat.
1795 928 1883 981 Sic

290 1027 421 1068 sane
452 1022 505 1067 ct
533 1012 794 1083 benignus
834 1024 1018 1071 noster
1048 1017 1327 1082 Dominus,
1356 1033 1615 1073 concesso
1643 1020 1881 1072 omnium

289 1118 417 1169 qua:
448 1103 498 1157 in
546 1106 790 1170 paradiso
834 1114 990 1159 erant
1032 1104 1226 1169 fructu,
1263 1107 1331 1160 ab
1358 1122 1466 1160 uno
1493 1116 1696 1161 tantum
1743 1108 1885 1176 ligno

290 1196 562 1251 abstinere
583 1196 765 1265 jussit,
815 1208 872 1251 ut
911 1197 1049 1253 scire
1076 1208 1257 1266 posset
1300 1199 1480 1263 homo,
1519 1212 1578 1254 se
1624 1214 1744 1253 esse
1786 1198 1886 1253 sub

292 1290 543 1355 Domino,
574 1292 658 1345 cui
688 1290 911 1347 obedire
952 1292 1175 1347 deberet
1208 1302 1264 1347 et
1289 1308 1497 1363 parere,
1539 1294 1583 1347 si
1624 1292 1752 1362 quid
1799 1292 1886 1346 ille

294 1371 602 1452 imperaret.

364 1475 420 1528 4.
462 1474 592 1541 Quis
622 1489 720 1544 pro
756 1474 1013 1542 dignitate
1048 1474 1397 1529 admirabitur
1436 1477 1738 1533 communis
1769 1490 1887 1529 om-

298 1566 444 1621 nium
472 1568 638 1622 nostri
662 1568 871 1622 Domini
894 1569 1305 1623 liberalitatem?
1330 1569 1463 1623 Cum
1486 1569 1692 1623 nullum
1715 1570 1890 1625 adhuc

295 1658 570 1725 Specimeu
592 1674 703 1729 prce
723 1674 783 1714 se
810 1660 971 1714 ferret
1002 1658 1190 1723 Adam,
1218 1668 1415 1728 quanta
1446 1660 1701 1714 beneﬁcia
1731 1674 1888 1714 acce-

294 1750 414 1818 pit!
442 1749 625 1821 Neque
654 1750 1150 1818 enimdimidiatam
1178 1751 1251 1804 illi
1287 1750 1433 1805 dedit
1462 1766 1641 1806 rerum
1676 1749 1888 1804 fruitio-

290 1858 459 1906 nem,
490 1858 663 1912 neque
710 1857 738 1895 a
785 1842 1025 1912 pluribus
1068 1842 1339 1896 abstinere
1379 1842 1560 1912 jussit,
1590 1851 1645 1896 et
1680 1842 1891 1897 ueteris

300 1934 435 1987 frui‘
470 1952 482 1987 :
513 1935 607 1989 sed
634 1934 944 2004 participem
972 1935 1209 1988 utnnium
1242 1949 1360 2003 quae
1386 1942 1543 1988 erant
1564 1934 1614 1988 in
1648 1933 1891 2003 paradiso

298 2040 423 2085 esse
456 2026 655 2092 voluit;
696 2025 771 2080 ab
799 2041 907 2080 uno
951 2026 1067 2080 solo
1109 2025 1256 2095 ligno
1302 2025 1571 2081 abstinere
1613 2027 1887 2096 prmcepit,

302 2127 610 2172 monstrans
649 2131 711 2171 re
737 2117 871 2186 ipsa,
905 2116 1104 2170 nullius
1132 2116 1352 2171 alterius
1391 2116 1558 2186 gratia
1589 2116 1692 2171 hoc
1717 2117 1888 2186 ipsum

300 2225 361 2264 se
387 2210 582 2273 lacere,
614 2225 772 2280 quam
799 2220 859 2263 ut
883 2220 1154 2264 tantorum
1192 2208 1580 2264 beneﬁciorum
1612 2220 1889 2269 auctorem

303 2320 596 2375 agnoscere
625 2305 787 2359 homo
812 2314 1012 2374 posset.
1048 2303 1116 2358 Et
1134 2302 1413 2358 considera
1441 2318 1563 2358 cum
1592 2303 1710 2357 aliis
1730 2303 1891 2358 etiam

303 2398 391 2452 hic
432 2398 725 2453 bonitatem
772 2397 889 2461 Dei,
918 2405 1119 2467 quanto
1158 2396 1364 2451 honore
1407 2395 1568 2451 etiam
1613 2395 1889 2450 mulierem

309 2488 670 2557 prosequitur,
699 2503 815 2557 quze
841 2504 906 2542 ex
948 2487 1039 2540 illo
1068 2486 1344 2541 formanda
1370 2497 1507 2541 erat.
1537 2486 1783 2541 Nondum
1829 2501 1891 2540 ea

303 2581 447 2637 enim
476 2580 752 2650 producta,
785 2581 935 2649 quasi
965 2579 1175 2649 utrique
1198 2579 1498 2643 mandaret,
1529 2577 1741 2633 dicebat
1769 2597 1781 2632 :
1810 2577 1894 2633 Ne

303 2671 618 2725 comederitis
659 2686 724 2725 ea:
769 2686 869 2727 eo:
897 2680 983 2735 et,
1041 2670 1369 2739 Quocumque
1423 2671 1505 2724 die
1555 2670 1890 2737 comeden‘tis,

305 2772 462 2816 morte
485 2763 765 2817 moriemini
795 2779 813 2815 :
838 2762 1118 2817 declarans
1140 2764 1249 2831 jam
1282 2761 1406 2816 inde
1443 2760 1512 2816 ab
1543 2762 1695 2816 initio
1724 2778 1890 2817 unum

239 2924 242 2926 γ
305 2871 425 2910 csse
472 2856 644 2910 virum
687 2865 742 2933 et
791 2857 1090 2925 mulierem,
1138 2859 1275 2913 sicut
1320 2868 1374 2913 et
1427 2859 1621 2913 Paulus
1676 2859 1889 2929 inquit:

307 2948 471 3017 Caput
516 2949 741 3003 mulieris
787 2949 865 3002 vir
901 2947 1117 3021 (Ephes.
1163 2950 1217 3004 5.
1250 2949 1366 3019 25).
1422 2949 1713 3019 Propterea
1766 2964 1895 3017 ergo

306 3039 454 3108 quasi
503 3040 709 3108 utrique
753 3039 1004 3109 loquitur,
1045 3050 1105 3095 ut
1146 3042 1369 3111 posthac
1406 3041 1633 3096 formata
1674 3055 1741 3095 ex
1781 3041 1895 3094 viro

307 3130 550 3195 muliere,
574 3130 910 3185 occasionem
941 3129 1017 3185 illi
1047 3132 1279 3200 pra-beat
1301 3132 1529 3186 docendi
1555 3132 1701 3186 illam
1728 3130 1895 3200 ipsius

310 3229 594 3289 praecepta.
641 3221 759 3276 .lam
810 3222 921 3275 scio
960 3220 1171 3291 quidem
1202 3222 1620 3292 vulgatissimam
1663 3236 1781 3275 esse
1826 3222 1896 3276 de

311 3312 416 3365 hoc
443 3312 584 3380 ligno
617 3312 992 3382 quzestionem,
1044 3321 1100 3367 ct
1142 3314 1341 3367 multos
1364 3325 1569 3369 temere
1596 3314 1891 3383 loquentes,

309 3405 519 3473 culpam
541 3404 609 3459 ab
640 3406 855 3461 homine
883 3406 935 3459 in
961 3405 1126 3460 Deum
1154 3406 1444 3462 transferre
1464 3408 1581 3473 niti,
1610 3407 1895 3462 audacter-

310 3512 416 3565 que
450 3497 669 3552 dicere:
698 3496 862 3568 Cujus
905 3498 980 3553 rei
1016 3498 1186 3568 gratia
1215 3497 1364 3553 dedit
1390 3499 1722 3564 mandatum,
1751 3498 1894 3568 quod

308 3589 510 3643 sciebat
539 3588 808 3644 hominem
850 3591 1347 3660 transgressurum?
1377 3598 1430 3645 et
1456 3591 1648 3645 iterum
1677 3609 1690 3644 :
1719 3589 1896 3656 Quare

305 3678 464 3747 jussit
488 3679 688 3749 lignum
717 3679 832 3735 ﬁeri
859 3681 910 3735 in
948 3681 1235 3751 paradiso?
1261 3693 1316 3735 et
1340 3682 1507 3736 multa
1527 3682 1629 3735 alia
1657 3700 1670 3736 :
1703 3681 1798 3736 sed
1828 3698 1895 3738 ne

309 3784 451 3823 nunc
476 3778 599 3827 ante
631 3780 839 3840 tempus
864 3772 1316 3841 praevaricationis
1345 3773 1618 3828 videamur
1647 3776 1895 3844 prosilire

310 3860 377 3914 ad
416 3876 479 3915 ea
516 3862 836 3927 enarranda,
869 3878 1047 3932 opera:
1074 3865 1302 3932 pretium
1338 3873 1441 3929 est,
1474 3874 1532 3919 ut
1560 3880 1659 3918 nos
1700 3872 1892 3934 exsilu-

310 3964 517 4009 ctemus
548 3956 689 4010 beati
713 3956 871 4011 Musis
896 3940 1261 4013 narrationem
1290 3975 1303 4010 :
1332 3969 1389 4012 ut
1426 3973 1547 4013 cum
1575 3959 1640 4012 ad
1670 3975 1792 4014 eum
1818 3960 1897 4013 lo-

310 4062 433 4101 cum
458 4049 878 4114 pervenerimus,
914 4051 1231 4118 tempestive
1259 4066 1609 4120 quaecumque
1640 4051 1729 4105 Dei
1768 4067 1895 4121 gra-

311 4136 382 4197 tia
434 4136 663 4203 dederit,
710 4137 778 4193 de
824 4155 886 4195 ea
940 4155 999 4193 re
1050 4139 1320 4204 dicentes,
1381 4156 1564 4196 verum
1608 4142 1896 4211 Scriptura:

309 4242 528 4283 sensum
566 4239 793 4284 vestram
837 4229 1122 4285 doceamus
1174 4231 1446 4286 caritatem
1482 4248 1624 4302 :quo
1668 4234 1897 4287 scientes

312 4320 707 4389 Scripturarum
751 4321 1061 4387 veritatem,
1108 4321 1339 4377 debitam
1392 4323 1619 4377 Domino
1671 4323 1894 4392 gloriam

311 4411 570 4479 otl'eratis,
610 4427 709 4466 nec
736 4427 802 4468 eo
832 4413 919 4481 qui
950 4414 1188 4482 peccavit
1217 4414 1438 4479 omisso,
1482 4415 1693 4483 culpam
1727 4415 1898 4468 incul-

313 4502 417 4568 pati
446 4503 555 4558 Deo
586 4504 890 4571 imputetis;
913 4504 1023 4573 jam
1064 4516 1264 4570 autem,
1297 4507 1342 4559 si
1370 4506 1518 4571 libet,
1548 4506 1616 4560 de
1647 4507 1896 4575 praesenti

313 4594 538 4648 lectione
580 4595 721 4663 quod
770 4596 1008 4664 sequitur
1058 4611 1461 4666 prosequamur.
1510 4596 1592 4651 18.
1639 4595 1705 4651 Ει
1746 4597 1894 4659 dixit,

316 4684 505 4753 inquit,
545 4684 791 4738 Dominus
820 4685 995 4741 Deus:
1023 4686 1145 4741 Non
1182 4698 1253 4741 est
1289 4688 1473 4741 bonum
1504 4689 1755 4742 hominem
1792 4705 1900 4743 esse

300 4775 494 4829 solum.
551 4777 688 4830 Ecce
731 4777 921 4832 iterum
965 4778 1209 4833 similiter
1251 4778 1402 4841 dixit,
1453 4780 1587 4833 sicut
1629 4790 1681 4833 et
1729 4781 1895 4848 prius,

310 4865 562 4922 Dominus
581 4867 714 4922 Deus
737 4885 755 4922 :
783 4880 838 4923 ut
867 4870 1044 4924 animo
1064 4870 1204 4924 dicta
1235 4870 1532 4939 intigentes,
1566 4887 1634 4927 ne
1657 4883 1899 4940 putemus

311 4959 487 5012 divina
545 4960 820 5031 Scriptura
880 4963 1277 5031 priestantiores
1342 4972 1554 5017 nostras
1620 4966 1899 5032 opiniones

311 5066 453 5104 esse.
500 5050 754 5122 Dixitque,
806 5054 901 5115 ait,
947 5051 1197 5106 Dominus
1226 5051 1363 5107 Deus
1390 5070 1409 5106 :
1436 5052 1557 5107 Non
1606 5065 1677 5107 est
1717 5055 1897 5107 bonum

312 5155 419 5192 esse
439 5143 690 5197 hominem
718 5145 904 5198 solum.
934 5144 1251 5209 Considera,
1282 5144 1550 5213 quomodo
1589 5160 1693 5198 non
1725 5156 1901 5199 ccsSat

320 5232 487 5283 bonus
538 5234 696 5299 Dens,
749 5236 841 5289 sed
890 5236 1149 5292 beneﬁcia
1208 5236 1483 5291 beneﬁciis
1533 5236 1790 5301 cumulat,
1847 5248 1900 5292 et

316 5323 592 5377 abundans
623 5326 855 5381 bonitate
879 5331 1021 5384 omni
1055 5331 1264 5384 honore
1290 5330 1627 5386 circumdare
1648 5331 1758 5384 vult
1786 5332 1900 5385 aui-

316 5416 419 5469 mal
447 5415 547 5470 hoc
577 5419 780 5473 ratione
810 5422 1111 5488 prmditum,
1143 5433 1199 5477 ut
1228 5439 1333 5477 non
1365 5424 1535 5478 solum
1563 5423 1785 5478 honeste
1805 5423 1899 5478 sed

314 5518 370 5561 ct
412 5509 691 5564 commode
738 5513 899 5565 vivat.
933 5512 1060 5566 Nam
1109 5513 1254 5571 Dixit
1281 5514 1529 5570 Dominus
1566 5515 1703 5569 Deus
1730 5531 1747 5569 :
1778 5514 1901 5568 Non

382 5669 397 5695 ι
436 5673 704 5735 licevoces,
726 5676 769 5715 et
793 5675 923 5735 (tum
942 5667 979 5715 is
1011 5670 1128 5725 frui,
1153 5671 1355 5721 deerant
1403 5674 1447 5721 ii:
1495 5672 1676 5735 Morel,
1702 5672 1788 5721 sed
1815 5673 1898 5721 ha-

320 5727 494 5779 tentur
520 5729 567 5777 in
585 5730 719 5777 ΞΛΜ.
752 5738 798 5779 Ct
827 5731 874 5776 tu
901 5744 1072 5778 Instent
1100 5738 1202 5778 Mss.

1032 261 1087 318 S.
1128 261 1405 319 JOANlllS
1440 261 1919 320 CIIRYSOSTOMI
1957 263 2272 321 ARCHIEP.
2312 263 2847 323 CONSTANTINOP.

3478 265 3572 321 ηα

1981 388 2054 432 est
2082 379 2269 432 bonum
2298 380 2552 432 hominem
2597 395 2702 434 esse
2736 380 2920 434 solum.
2952 375 3225 432 Faciamus
3266 379 3343 432 illi
3368 382 3568 450 adjuto-

1981 484 2088 524 rcm
2112 472 2384 524 secundum
2412 472 2580 524 illum.

2066 561 2176 617 Vox
2206 562 2461 618 iaciamus
2487 565 2567 617 cui
2593 564 2798 617 dicitur.
2827 593 2897 603 —
2919 562 3058 618 Ecce
3086 564 3277 617 iterum
3297 564 3460 618 etiam
3489 562 3575 617 hic

1984 654 2146 716 dicit,
2181 653 2476 710 Faciamus.
2516 655 2665 709 Sicut
2703 656 2846 710 enim
2892 655 2943 709 in
2976 654 3243 725 principio
3267 654 3336 710 de
3364 655 3578 708 homine

1984 743 2268 800 formando
2295 745 2525 809 dicebat,
2560 744 2836 799 Faciamus
2865 745 3117 799 hominem
3143 746 3416 799 secundum
3443 746 3573 796 ima-

1984 839 2153 908 ginem
2179 846 2401 891 nostram
2427 847 2475 890 et
2502 838 2775 891 secundum
2793 836 3175 890 similitudinem
3204 852 3235 890 :‘
3253 836 3323 889 ita
3350 845 3401 890 et
3426 849 3569 889 nunc

1989 928 2263 982 mulierem
2286 926 2631 990 formaturus,
2660 928 2848 981 eodem
2877 927 3041 981 verbo
3060 927 3256 992 utitur,
3289 936 3341 979 et
3364 924 3535 995 inquit
3565 941 3577 984 ;

1990 1018 2283 1074 Faciamus.
2314 1020 2411 1075 Cui
2442 1018 2727 1072 bocdicit?
2754 1019 2869 1073 Non
2896 1028 3091 1073 creata:
3119 1018 3275 1072 alicui
3301 1017 3577 1086 potentiae,

1982 1109 2087 1163 sed
2108 1110 2158 1164 ei
2200 1111 2289 1179 qui
2336 1125 2404 1163 ex
2446 1124 2505 1164 se
2544 1120 2709 1163 natus
2754 1119 2856 1174 est,
2906 1108 3215 1163 consiliario
3256 1108 3575 1175 admirabili,

1990 1199 2215 1268 potenti,
2263 1198 2489 1268 principi
2529 1200 2674 1269 pacis
2708 1198 2864 1269 (lsai.
2909 1199 2963 1253 9.
3010 1198 3086 1267 6),
3132 1198 3406 1267 unigenito
3445 1196 3571 1251 Ρὶιὶ(

1984 1304 2109 1344 suo.
2158 1288 2223 1343 Et
2255 1300 2311 1343 ut
2342 1290 2505 1344 sciret
2529 1289 2727 1353 Adam,
2750 1289 2948 1347 auitnal
2977 1288 3311 1343 formandum
3359 1287 3574 1358 requalit

1985 1397 2112 1436 cum
2158 1382 2272 1450 ipso
2300 1380 2569 1451 dignitatis
2616 1380 2747 1447 fore,
2793 1380 2994 1435 idcirco
3036 1378 3486 1450 quemadmodum
3515 1377 3582 1433 de

1991 1474 2109 1543 ipso
2133 1473 2361 1539 dicebat,
2401 1471 2696 1535 Faciamus,
2724 1472 2802 1525 sic
2834 1480 2890 1524 et
2919 1484 3059 1524 nunc
3096 1470 3235 1525 dixit
3264 1487 3276 1523 :
3302 1469 3579 1523 Faciamus

1980 1565 2273 1635 radjutorem
2313 1562 2587 1616 secundum
2626 1562 2791 1616 illum.
2826 1561 3122 1631 Utrumque
3165 1561 3388 1615 multum
3424 1562 3584 1615 habet

1992 1656 2267 1727 ponderis,
2297 1660 2411 1710 tum
2435 1653 2575 1725 quod
2624 1650 2716 1718 ait,
2751 1652 3066 1724 Adjutorem,
3097 1661 3207 1707 tum
3239 1651 3378 1722 quod
3404 1652 3580 1713 addit.

1996 1749 2289 1805 Secundum
2317 1748 2485 1803 illum.
2511 1746 2666 1812 Nolo,
2699 1747 2890 1816 inquit,
2924 1746 3073 1799 illum
3120 1745 3292 1799 solum
3319 1759 3457 1809 esse,
3489 1745 3583 1798 sed

1996 1840 2192 1896 habere
2208 1856 2273 1895 ex
2302 1839 2652 1895 contubernio
2673 1838 3093 1893 consolationem
3124 1837 3375 1906 aliquam,
3410 1850 3586 1905 neque

1980 1932 2099 1988 *boc
2144 1932 2341 1996 solum,
2392 1929 2488 1986 sed
2522 1928 2897 1999 producendus
2930 1939 3013 1983 est
3040 1927 3267 1997 radjutor
3308 1926 3405 1997 ipsi
3449 1942 3586 1981 con-

1994 2038 2230 2095 gruens;
2259 2023 2538 2077 mulierem
2584 2020 2877 2075 insinuans.
2914 2020 3205 2089 Propterea
3244 2033 3364 2072 cum
3410 2019 3587 2072 dixis-

1996 2128 2077 2172 set
2111 2134 2123 2170 :
2154 2114 2428 2169 Facimus
2453 2114 2529 2168 illi
2559 2113 2866 2183 adjutorem,
2895 2111 3062 2176 addit,
3097 2111 3389 2165 Secundum
3415 2110 3585 2175 illum,

1997 2219 2055 2265 ut
2081 2224 2201 2264 cum
2232 2207 2432 2263 videris
2467 2206 2647 2261 statim
2676 2204 2864 2260 adduci
2899 2204 3117 2270 bestias,
3147 2212 3201 2257 et
3231 2202 3407 2257 omnia
3433 2204 3589 2255 vota-

1994 2304 2110 2358 tilia
2144 2302 2282 2369 caili,
2330 2316 2399 2357 ne
2440 2310 2595 2371 putes
2623 2299 2691 2354 de
2734 2298 2842 2353 illis
2890 2312 3009 2352 esse
3047 2295 3268 2351 dictum.
3300 2294 3431 2349 Nam
3465 2294 3592 2349 licet

1988 2397 2165 2451 multa
2191 2394 2575 2451 irrationabilia
2616 2392 2905 2447 animantia
2934 2390 3189 2459 adjuvent
3236 2390 3382 2443 illum
3425 2389 3479 2442 in
3516 2389 3593 2441 la-

1998 2490 2217 2545 boribus
2246 2490 2379 2554 suis,
2413 2488 2615 2542 nullum
2642 2496 2819 2540 tamen
2848 2500 2945 2554 par
2970 2495 3052 2539 est
3080 2483 3320 2538 rationali
3350 2482 3585 2535 mulieri.

1997 2582 2152 2638 Unde
2177 2597 2297 2636 cum
2330 2581 2572 2645 dixisset,
2606 2579 2900 2647 Adjutorem‘
2931 2575 3205 2630 secundum
3251 2575 3417 2639 illum,
3464 2574 3594 2628 sub-

1996 2674 2073 2729 dit
2104 2693 2115 2729 :
2150 2672 2234 2728 ~l9.
2265 2671 2330 2725 Et
2360 2670 2592 2743 formavit
2641 2667 2781 2722 Deus
2824 2666 2990 2721 adhuc
3036 2666 3099 2719 de
3127 2675 3262 2720 terra
3303 2680 3479 2718 omnes
3506 2665 3593 2718 be-

1998 2770 2120 2822 stias
2140 2767 2271 2837 agri,
2301 2774 2345 2818 et
2368 2764 2536 2817 omnia
2558 2762 2783 2815 volatilia
2808 2760 2939 2825 carli,
2967 2767 3012 2813 et
3035 2759 3179 2812 duxit
3202 2758 3292 2811 illa
3312 2758 3381 2811 ad
3400 2758 3592 2821 Adam,

1998 2871 2052 2913 ut
2082 2860 2266 2914 videret
2293 2856 2413 2927 quid
2444 2864 2639 2909 vocaret
2664 2853 2790 2915 illa;
2817 2861 2860 2905 et
2887 2867 3033 2905 omne
3059 2849 3406 2920 quodcumque
3435 2865 3593 2902 voca-

1998 2952 2065 3007 vit
2094 2951 2261 3004 Adam
2300 2949 2521 3001 animam
2559 2946 2820 3010 viventem,
2866 2943 2961 2996 hoc
2993 2951 3063 2995 est
3106 2957 3285 2994 nomen
3332 2941 3429 2995 illi.
3476 2939 3598 2995 Non

2002 3054 2224 3106 temere,
2269 3054 2442 3109 neque
2484 3037 2685 3106 absque
2731 3050 2891 3090 causa
2942 3036 3043 3088 huc
3093 3031 3290 3087 factum
3337 3042 3442 3096 est,
3498 3030 3597 3085 Sed

2000 3144 2216 3205 propter
2254 3148 2315 3186 ea
2346 3146 2465 3202 qua:
2493 3132 2649 3200 paulo
2691 3137 2811 3198 post
2857 3128 3027 3180 futura
3057 3136 3227 3180 erant.
3278 3125 3418 3180 Deus
3446 3126 3597 3179 enim

1998 3242 2118 3282 cum
2150 3224 2422 3296 prasscirct
2447 3221 2571 3293 quid
2594 3236 2698 3276 non
2728 3220 2895 3274 multo
2922 3227 3043 3289 post
3063 3227 3378 3273 eventurum
3419 3227 3599 3285 esset,

2000 3319 2234 3375 ostendit
2272 3317 2427 3372 nobis
2456 3324 2707 3385 quantam
2746 3312 3060 3383 sapientiam
3090 3312 3304 3366 cotidito
3333 3327 3363 3364 a
3403 3327 3465 3367 se
3499 3314 3602 3364 ho-

2001 3412 2130 3468 mini
2161 3411 2330 3479 dedit,
2370 3418 2431 3465 ut
2468 3422 2588 3463 cum
2616 3406 2984 3478 praevaricatio
3024 3403 3255 3458 mandati
3283 3421 3311 3458 a
3346 3404 3456 3457 Deo
3484 3403 3600 3458 dati

1999 3508 2291 3576 contingat,
2322 3520 2428 3559 non
2458 3511 2670 3574 putetur
2694 3516 2789 3571 per
2815 3498 3164 3570 ignorantiam
3193 3511 3468 3566 peceasse,
3499 3496 3602 3550 sed

2000 3600 2137 3656 scire
2163 3598 2336 3668 possis
2366 3597 2570 3665 lapsum
2603 3593 2751 3647 illum
2792 3607 2858 3647 ex
2886 3590 3089 3645 desidia
3118 3589 3303 3644 fuisse.

2072 3691 2126 3746 5.
2168 3688 2301 3744 Nam
2347 3686 2489 3757 quod
2546 3699 2733 3755 magna
2785 3684 3043 3753 sapientia
3088 3681 3343 3752 prmditus
3395 3681 3599 3747 interit,

1999 3785 2144 3840 disce
2166 3800 2229 3837 ex
2261 3784 2324 3837 iis
2350 3796 2468 3851 qua:
2499 3794 2637 3834 nunc
2663 3781 2811 3833 liunt.
2841 3777 2906 3831 Et
2935 3776 3147 3829 adduxit
3172 3776 3283 3840 illa,
3310 3773 3505 3843 inquit,
3531 3775 3603 3826 ad

2002 3877 2189 3942 Adam,
2240 3884 2295 3927 ut
2342 3872 2529 3926 videret
2575 3870 2696 3942 quid
2733 3878 2928 3923 vocaret
2956 3867 3065 3920 illa.
3100 3865 3250 3921 Fecit
3279 3865 3381 3919 hoc
3426 3865 3603 3927 Deus,

2002 3968 2465 4022 demonstraturus
2507 3962 2661 4016 nobis
2707 3975 2952 4029 magnam
2985 3957 3125 4012 illius
3151 3956 3492 4026 sapientiam.
3534 3956 3608 4010 Et

1998 4059 2233 4122 iterum,
2285 4053 2433 4122 Quod
2469 4052 2699 4117 vocavit,
2756 4051 2967 4120 inquit,
3001 4048 3202 4113 Adam,
3242 4049 3336 4101 hoc
3375 4057 3453 4101 est
3498 4064 3606 4101 no-

2001 4166 2114 4203 men
2142 4148 2239 4200 illi.

2070 4240 2254 4293 Adami
2282 4236 2530 4307 sapientia
2552 4252 2571 4300 ;
2597 4232 2799 4288 libertas
2828 4230 3042 4284 arbitrii.
3070 4259 3143 4269 —
3167 4227 3386 4281 Factum
3411 4237 3607 4281 autem

2000 4333 2103 4387 hoc
2124 4340 2225 4395 est,
2256 4345 2359 4383 non
2393 4338 2449 4381 nt
2471 4326 2740 4381 discamus
2761 4324 2903 4378 illius
2923 4319 3236 4391 sapientiam
3268 4320 3467 4385 solum,
3498 4320 3612 4373 sed

2003 4438 2059 4481 ut
2084 4434 2137 4479 et
2176 4424 2476 4496 symbolum
2504 4419 2723 4474 dominii
2751 4432 2848 4487 per
2892 4416 3164 4469 nominum
3193 4413 3611 4482 impositionem

2003 4526 2374 4588 cognoscatur.
2403 4513 2533 4567 Nam
2585 4519 2640 4565 et
2681 4508 2985 4563 hominibus
3029 4521 3148 4562 mos
3175 4515 3256 4560 est
3288 4505 3387 4559 hoc
3416 4504 3616 4559 facere

2005 4612 2057 4665 in
2088 4612 2294 4678 signum
2324 4604 2566 4669 dominii,
2596 4611 2655 4655 ut
2680 4616 2801 4655 cum
2848 4612 3032 4653 servos
3073 4596 3321 4661 emcrint,
3351 4596 3614 4664 ipsorum

2004 4703 2219 4756 nomina
2262 4707 2487 4752 mutent.
2519 4695 2671 4750 Unde
2699 4703 2751 4747 et
2782 4692 2949 4745 Adam
2978 4690 3210 4754 instruit,
3246 4699 3302 4741 ut
3340 4687 3621 4741 omnibus

2004 4794 2174 4848 brutis
2200 4804 2467 4860 tamquam
2493 4787 2741 4841 dominus
2772 4784 2985 4839 nomina
3017 4782 3180 4836 indat.
3211 4781 3286 4835 Nc
3318 4781 3481 4849 igitur
3517 4779 3623 4835 hic

2006 4887 2181 4941 subito
2221 4894 2530 4955 prretcreas,
2579 4879 2791 4941 dilecte,
2840 4874 2979 4945 quod
3025 4874 3238 4939 dicitur,
3286 4871 3377 4927 sed
3419 4874 3621 4942 cogita

2002 4974 2217 5049 munitae
2268 4974 2427 5030 fuerit
2467 4970 2744 5041 sapientiae
2797 4979 2873 5023 tot
2919 4967 3221 5038 generibus,
3262 4964 3613 5025 volatilibus.

1996 5069 2301 5139 'reptilibus,
2330 5067 2475 5131 leris,
2506 5063 2784 5134 jumentis,
2810 5071 2863 5114 et
2893 5061 3012 5114 aliis
3041 5060 3227 5122 brutis,
3257 5056 3623 5123 domesticis,

2006 5174 2059 5218 et
2086 5162 2403 5233 agrestibus,
2438 5170 2490 5214 et
2520 5159 2572 5212 in
2610 5173 2745 5225 aqua
2776 5156 2936 5209 vitam
2964 5153 3261 5223 agentibus,
3311 5160 3364 5204 et
3392 5165 3425 5203 e
3455 5140 3653 5203 terra"

2009 5256 2302 5325 pruductis,
2334 5263 2386 5307 et
2432 5254 2481 5305 in
2514 5266 2721 5305 summa
2764 5248 3011 5301 omnibus
3045 5246 3257 5315 propria
3303 5253 3354 5296 ct
3400 5258 3627 5298 conve-

2008 5350 2204 5405 nientia
2237 5364 2345 5402 sua:
2392 5356 2596 5400 natura:
2636 5346 2913 5411 imponere
2944 5340 3181 5393 numina.
3233 5336 3362 5390 Nam
3411 5333 3628 5398 Quod-

2008 5458 2218 5513 cumque
2245 5440 2434 5493 vocavit
2461 5439 2645 5500 Adam,
2675 5436 2863 5506 inquit,
2897 5434 2989 5486 hoc
3019 5446 3196 5485 nomen
3226 5440 3296 5482 est
3322 5429 3419 5481 illi.
3452 5427 3629 5481 Vidi-

2007 5538 2075 5592 sti
2103 5542 2522 5590 consummatam
2553 5528 2879 5599 potentiam?
2909 5526 3081 5581 vidisti
3112 5522 3334 5585 dominii
3354 5524 3630 5579 auctori-

2008 5640 2170 5685 tatem
2187 5629 2209 5679 ?
2237 5624 2511 5696 Perpende
2530 5640 2649 5678 cum
2673 5623 2789 5676 aliis
2811 5622 2971 5675 etiam
2996 5619 3114 5681 hoc,
3144 5615 3284 5686 quod
3314 5624 3367 5669 et
3388 5615 3630 5679 leones,

2010 5731 2061 5775 et
2092 5719 2264 5793 pardi,
2312 5728 2367 5775 et
2394 5717 2609 5787 viperae,
2640 5725 2692 5771 ct
2729 5714 2944 5784 scorpii,
2976 5721 3027 5767 et
3069 5716 3367 5779 serpentes,
3401 5715 3451 5761 ct
3498 5710 3634 5762 atra
