3796 6258
302 224 408 282 ll?

299 339 515 393 ἅπαντα
548 338 612 390 τά
644 336 847 389 τούτων
886 336 1307 408 θηριωδέστερα,
1348 333 1600 403 καθάπερ
1633 332 1782 405 [HS]
1826 334 1961 405 πρὸς

299 426 567 493 δεσπότην
596 424 733 492 μετά
754 422 930 493 πάσης
945 423 1223 491 ὑποταγῆς
1245 422 1656 492 παραγεγονότα
1673 421 1771 482 τάς
1793 436 1963 491 προσ-

297 512 525 583 ηγορίας
567 512 833 577 ἐδέξαντο,
867 512 957 562 καὶ
995 510 1145 561 οὐδὲν
1171 509 1277 561 τῶν
1303 508 1505 578 Θηρίων
1538 506 1741 560 τούτων
1768 506 1961 560 ἐδεδοί-

278 617 386 654 .κει
408 602 436 653 6
476 600 664 668 Ἀδάμ.
699 599 788 667 Μὴ
820 598 998 649 τοίνυν
1031 595 1415 665 ἐπισκηπτέτω
1455 613 1539 658 τις
1580 598 1692 657 τοῖς
1739 611 1963 665 γεγενη-

302 688 483 757 μένοις
523 687 672 756 παρά
711 685 805 737 τοῦ
847 684 1139 744 Δεσπότου,
1170 684 1263 735 καὶ
1290 683 1388 753 τὴν
1425 682 1670 750 γλῶτταν
1714 682 1962 735 ἀκονάτω

298 772 441 825 κατά
461 771 557 823 τοῦ
578 769 934 840 δημιουργοῦ,
967 770 1165 839 μᾶλλον
1194 770 1249 823 δὲ
1275 769 1416 822 κατά
1444 770 1541 839 τῆς
1576 767 1767 820 ἐαυτοῦ
1790 785 1961 837 κεφα-

296 858 414 927 λῆς,
440 857 532 911 καὶ
561 857 763 925 λεγέτω
787 857 855 909 τὰ
878 856 1111 927 ἀνόνητα
1136 868 1161 895 ι
1189 858 1368 909 ἐκεῖνα
1392 857 1610 927 ῥήματα
1629 871 1644 884 ο
1671 854 1814 916 τίνος
1841 855 1958 907 ἐνε-

280 961 391 997 .κεν
434 944 500 997 τὰ
532 941 695 1015 θηρία
724 943 1009 1014 παρήχθη;
1053 944 1171 996 Ὅτι
1200 941 1308 1014 γάρ
1341 942 1554 996 ἅπαντα
1600 941 1800 1011 ὁμοίως
1846 943 1957 1005 τοῖς

294 1032 528 1103 ἡμέροις
558 1033 655 1102 τὴν
690 1030 932 1084 δουλείαν
979 1030 1317 1097 ἐπεγίνωσκε
1350 1031 1443 1082 καὶ
1474 1028 1574 1100 τήν
1619 1029 1953 1092 δεσποτείαν,

293 1119 562 1172 δείκνυσιν
589 1119 719 1190 ἡμῖν
746 1118 1041 1189 ἀκριϐῶςή
1077 1116 1184 1170 τῶν
1216 1118 1492 1187 ὀνομάτων
1532 1118 1699 1179 θέσις.
1741 1116 1804 1167 Αἱ
1848 1115 1955 1186 γάρ

295 1206 660 1276 προσηγορίαι
676 1207 879 1259 ἐκεῖναι
898 1205 964 1268 ἃς
992 1204 1143 1256 ἔθετο
1172 1204 1356 1266 αὐτοῖς
1390 1203 1550 1273 μέχρι
1570 1202 1661 1256 τοῦ
1692 1202 1955 1273 παρόντος

278 1292 634 1362 διαμένουσιν
654 1308 668 1323 ι
702 1290 876 1354 οὑτως
904 1292 1073 1353 αὑτὰς
1100 1290 1376 1361 ἐκύρωσεν
1396 1288 1425 1340 6
1450 1289 1601 1353 Θεὸς,
1624 1289 1709 1341 ἵνα
1730 1289 1952 1360 διηνεκῆ

292 1380 600 1450 ὑπόμνησιν
633 1378 846 1449 ἔχωμεν
883 1378 1100 1448 καὶτῆς
1128 1378 1312 1447 τιμῆς,
1341 1379 1408 1447 ῆν
1437 1376 1497 1441 ἐξ
1528 1376 1700 1447 ἀρχῆς
1736 1376 1954 1443 ἐδέξατο

293 1466 444 1538 παρά
481 1466 576 1520 τοῦ
621 1469 892 1520 Δεσπότου
931 1466 1149 1519 πάντων
1198 1466 1261 1528 ιι,
1296 1464 1500 1518 τούτων
1536 1464 1633 1534 τὴν
1677 1464 1952 1536 ὑποταγὴν

291 1553 493 1617 λαϐὼν,
526 1553 622 1605 καὶ
645 1556 743 1623 τῆς
764 1552 1109 1624 ἀφαιρέσεως
1130 1550 1279 1621 αὑτῷ
1309 1552 1408 1621 τὴν
1435 1550 1613 1604 αἰτίαν
1639 1549 1953 1619 ἐπιγράφω-

293 1655 394 1707 μεν
422 1638 519 1691 διά
554 1641 652 1706 τῆς
701 1640 973 1709 ἁμαρτίας
1023 1637 1120 1708 τήν
1159 1636 1406 1701 ἐξουσίαν
1451 1636 1949 1707 ἀκρωτηριάσαντι.

278 1725 401 1778 Καὶ
427 1724 721 1779 ἐκάλεσεν
756 1724 945 1795 Ἀδὰμ,
978 1726 1161 1795 φησὶν,
1196 1725 1455 1793 ὀνόματα
1486 1722 1635 1776 πᾶσι
1660 1722 1785 1789 τοῖς
1811 1722 1952 1790 κτή-

287 1826 446 1876 νεσι,
475 1813 573 1866 καί
593 1810 742 1867 πᾶσι
779 1814 903 1879 τοῖς
934 1812 1227 1879 πετεινοῖς
1243 1812 1348 1866 τοῦ
1374 1811 1653 1881 οὐρανοῦ,
1684 1812 1782 1865 καὶ
1802 1811 1952 1867 πᾶσι

287 1900 413 1966 τοῖς
442 1900 671 1968 θηρίοις
702 1900 813 1968 τῆς
837 1898 968 1969 τῆς.
1015 1900 1295 1954 Ἐντεῦθεν
1324 1900 1425 1971 ήδη
1457 1901 1648 1953 σκόπει
1676 1918 1783 1971 μοι,
1816 1901 1954 1967 ἀγα-

287 1983 449 2050 πητὲ,
494 1983 593 2052 τῆς
634 1984 1009 2054 προαιρέσεως
1055 1984 1118 2036 :6
1152 1984 1522 2048 αὐτεξούσιον,
1567 1984 1662 2036 καὶ
1694 1985 1791 2053 τῆς
1828 2001 1952 2036 συν-

289 2066 457 2128 έσεως
488 2066 651 2119 αὐτοῦ
680 2066 776 2136 τὴν
804 2066 1128 2136 ὑπερϐολὴν,
1162 2068 1254 2119 καὶ
1291 2068 1364 2137 μή
1395 2066 1540 2134 λέγε,
1573 2067 1655 2119 ὅτι
1682 2067 1866 2133 ἠγνόει
1898 2064 1951 2119 τί

292 2154 392 2223 μὲν
424 2154 609 2217 καλὸν,
654 2154 707 2205 τί
744 2153 798 2206 δὲ
828 2153 1015 2207 κακόν.
1059 2154 1117 2205 '0
1148 2153 1256 2224 γάρ
1292 2152 1537 2222 δυνηθεὶς
1581 2153 1950 2223 καταλλήλους

287 2240 389 2304 τὰς
423 2240 788 2311 προσηγορίας
823 2243 931 2303 τοῖς
962 2242 1212 2311 κτήνεσιν
1251 2240 1541 2307 ἐπιθεῖναι,
1588 2241 1681 2292 καὶ
1713 2243 1823 2303 τοῖς
1850 2257 1949 2292 πε-

285 2331 499 2392 τεινοῖς,
551 2329 645 2381 καί
685 2331 796 2393 τοῖς
830 2326 1057 2399 θηρίοις,
1108 2329 1200 2381 καὶ
1236 2329 1310 2399 μὴ
1355 2329 1587 2398 συγχέας
1632 2328 1729 2399 τὴν
1774 2326 1949 2392 τάξιν,

288 2415 425 2485 μηδὲ
450 2415 550 2478 τὰς
586 2414 683 2486 μὲν
709 2418 820 2478 τοῖς
854 2414 1082 2484 ἡμέροις
1112 2412 1271 2478 ζώοις
1303 2412 1648 2485 ἁρμοζούσας
1680 2431 1953 2485 προσηγὼ

286 2504 407 2575 ρίας
436 2506 546 2567 τοῖς
573 2505 784 2574 ἀγρίοις
813 2505 1097 2568 ἐπιθεῖναι,
1126 2504 1259 2574 μηδὲ
1280 2504 1378 2567 τὰς
1410 2507 1520 2568 τοῖς
1546 2504 1756 2576 ἀγρίοις
1783 2521 1951 2575 προσ·-

282 2591 525 2660 ηκούσας
573 2595 688 2654 τοῖς
711 2591 941 2662 ἡμέροις
980 2592 1263 2661 ἀφορίσαι,
1297 2590 1436 2644 ἀλλά
1464 2594 1597 2645 πᾶσι
1625 2592 1720 2655 τὰς
1746 2592 1942 2645 καταλ-

286 2679 478 2748 λήλους
500 2678 789 2749 ὀνομασίας
814 2678 1015 2743 δοῦναι,
1039 2678 1155 2741 πῶς
1178 2678 1238 2730 οὐ
1263 2678 1440 2747 πάσης
1465 2677 1655 2747 σοφίας
1680 2678 1774 2732 καὶ
1797 2679 1953 2732 συνέ-

285 2782 424 2829 σεως
442 2766 769 2837 πεπλήρωτο
785 2765 1046 2833 ;Δογίζου
1075 2764 1321 2818 ἐντεῦθεν
1338 2765 1522 2819 λοιπὸν
1542 2766 1640 2836 ὅση
1663 2763 1757 2818 τοῦ
1777 2765 1953 2835 ἐμφυ-

283 2855 350 2923 σή
359 2870 525 2923 ματος
556 2854 765 2907 ἐκείνου
791 2856 823 2924 ή
849 2853 1098 2923 δύναμις,
1122 2853 1217 2906 καὶ
1242 2854 1381 2922 πόση
1412 2853 1509 2922 τῆς
1527 2852 1818 2923 ἀσωμάτου
1846 2853 1950 2921 ψυ-

282 2940 385 3010 χῆς
437 2942 471 3010 ή
529 2942 710 3007 σοφία,
763 2941 831 3011 ήν
876 2944 904 2994 6
953 2941 1227 3011 Δεσπότης
1272 2942 1407 3011 αὐτῇ
1440 2941 1779 3011 κεχάρισται,
1811 2939 1949 3004 ζῶον

280 3022 523 3077 τοιοῦτον
552 3025 644 3077 καὶ
672 3024 984 3095 θαυμαστὸν
1018 3027 1110 3078 καὶ
1133 3025 1350 3093 λογικὸν
1382 3027 1448 3077 ἐκ
1480 3024 1573 3077 δύο
1616 3025 1813 3078 οὐσιῶν
1854 3042 1915 3078 συ
1934 3055 1947 3066 -

284 3104 645 3177 στησάμενος,
676 3110 769 3162 καὶ
800 3108 897 3178 τὴν
923 3108 1214 3179 ἀσώματον
1241 3110 1429 3163 οὐσίαν
1464 3109 1567 3177 τῆς
1595 3110 1775 3180 ψυχῆς
1811 3127 1948 3180 συμ-

281 3189 484 3256 πλέξας
537 3189 619 3259 τῷ
681 3189 913 3261 σώματι,
961 3192 1210 3263 καθάπερ
1261 3192 1475 3262 ὀργάνῳ
1516 3192 1653 3254 τινὶ,
1699 3191 1948 3263 τεχνίτην

280 3275 523 3347 ἄριστον.
552 3278 717 3331 Ὅταν
741 3275 832 3331 οὖν
855 3280 1114 3350 ἐννοήσῃς
1139 3279 1233 3332 τοῦ
1259 3278 1397 3343 ζώου
1415 3278 1600 3331 τούτου
1626 3277 1725 3349 τήν
1751 3280 1946 3332 τοσαύ-

280 3381 381 3435 την
414 3366 625 3434 σοφίαν,
662 3367 962 3436 ἐκπλήττου
997 3369 1090 3421 τοῦ
1124 3369 1627 3439 δημιουργήσαντος
1655 3369 1754 3436 τὴν
1787 3369 1947 3423 δύνα-

284 3470 397 3522 μιν.
424 3454 609 3526 Είγάρ
630 3454 724 3507 τοῦ
759 3455 990 3529 οὐρανοῦ
1022 3456 1081 3509 τὸ
1098 3455 1290 3519 κάλλος
1304 3455 1598 3527 ὁρώμενον,
1630 3455 1947 3526 εὐγνώμονα

282 3541 479 3613 θεατὴν
514 3545 593 3606 εἰς
622 3543 723 3613 τήν
746 3543 839 3595 τοῦ
882 3543 1384 3615 δημιουργήσαντος
1411 3544 1770 3614 παραπέμπει
1799 3544 1946 3610 δοξο-

279 3628 468 3696 λογίαν
486 3646 501 3660 ·
530 3628 709 3703 πολλῷ
750 3631 948 3700 μᾶλλον
982 3631 1044 3683 τὸ
1069 3630 1287 3699 λογικὸν
1316 3630 1474 3684 τοῦτο
1513 3630 1650 3695 ζῶον
1676 3634 1703 3685 6
1735 3631 1945 3703 ἀνθρω-

281 3733 382 3779 πος
408 3715 697 3789 δυνήσεται
726 3718 793 3770 τὰ
823 3717 963 3775 κατά
1006 3718 1105 3788 τὴν
1135 3718 1341 3771 οἰκείαν
1373 3717 1659 3772 διάπλασιν
1692 3719 1944 3787 ἀναλογι-

280 3800 525 3873 ζόμενος,
576 3806 669 3857 καὶ
705 3805 804 3875 τῆς
836 3807 1001 3876 τιμῆς
1040 3806 1139 3875 τῆς
1183 3806 1621 3877 παρασχεθείσης
1655 3805 1801 3876 αὐτῷ
1846 3807 1944 3876 τὴν

281 3892 609 3962 ὑπερϐολήν,
634 3894 728 3946 καὶ
753 3894 859 3946 τῶν
886 3893 1101 3964 δωρεῶν
1122 3893 1189 3947 τά
1214 3894 1443 3965 μεγέθη,
1464 3894 1675 3958 καὶτὰς
1706 3895 1944 3963 ἀφάτους

280 3978 596 4047 εὐεργεσίας
617 3981 877 4049 διηνεκῶς
898 3982 1154 4051 άνυμνεῖν
1178 3981 1266 4034 τὸν
1297 3982 1703 4051 παραγαγόντα,
1728 3984 1821 4036 καὶ
1846 3982 1942 4055 τὴν

280 4063 422 4116 κατὰ
443 4062 670 4133 δύναμιν
704 4065 1011 4133 δοξολογίαν
1035 4067 1327 4137 ἀναφέρειν
1347 4066 1424 4136 τῷ
1446 4067 1710 4139 Δεσπότη.

347 4147 675 4221 Ἐϐουλόμην
710 4151 802 4203 καὶ
830 4154 941 4216 τοῖς
974 4152 1100 4222 ἐξῆς
1132 4152 1435 4219 ἐπεξελθεῖν
1454 4171 1469 4182 ο
1494 4152 1608 4207 ἀλλ’
1638 4155 1725 4207 ἵνα
1756 4153 1831 4226 μή
1865 4154 1942 4225 τῷ

282 4235 473 4306 πλήθει
507 4238 614 4291 τῶν
650 4238 956 4309 λεγομένων
998 4239 1400 4310 καταχὼσωμεν
1439 4240 1536 4311 τὴν
1578 4241 1799 4312 μνήμην
1834 4243 1941 4295 τῶν

278 4322 379 4393 ήδη
410 4324 727 4393 λεχθέντων,
754 4327 1051 4394 ἀναγκαῖον
1077 4326 1308 4382 ἐνταῦθα
1338 4331 1530 4399 στῆσαι
1552 4328 1641 4381 τὸν
1666 4332 1763 4399 τῆς
1792 4330 1940 4383 διδα-

280 4411 507 4475 σκαλίας
527 4411 703 4481 λόγον.
735 4414 868 4467 Οὐδὲ
888 4414 997 4486 γάρ
1016 4415 1174 4470 τοῦτο
1194 4416 1353 4483 μόνον
1376 4417 1522 4471 ἐστὶν
1541 4419 1673 4487 ἡμῖν
1696 4418 1754 4470 τὸ
1784 4435 1944 4472 σπου·

276 4496 567 4567 δαζόμενον
599 4500 785 4563 ἁπλῶς
810 4501 979 4555 πολλά
1004 4504 1196 4556 εἰπεῖν’
1228 4502 1362 4555 ἀλλά
1381 4501 1470 4556 διά
1501 4502 1659 4557 τοῦτο
1688 4503 1938 4575 λέγομεν,

276 4584 416 4638 ῶστε
434 4586 573 4640 αὑτά
586 4586 845 4658 διηνεκῶς
860 4589 1005 4658 ὑμᾶς
1020 4589 1162 4659 ἔχειν
1177 4590 1537 4661 ἐμπεπηγότα
1551 4593 1669 4654 ταῖς
1681 4589 1938 4655 διανοίαις

276 4673 397 4733 ταῖς
445 4672 764 4743 ὑμετέραις,
808 4675 895 4728 ἴνα
937 4677 1010 4746 μή
1047 4676 1204 4747 μόνον
1234 4677 1385 4729 αὐτοὶ
1420 4676 1593 4746 είδῆτε
1624 4677 1693 4730 τὰ
1728 4679 1786 4731 ἐν
1817 4680 1940 4743 ταῖς

276 4755 449 4821 θείαις
478 4759 720 4831 Γραφαίς
759 4762 1070 4833 ἐγκείμενα,
1096 4764 1231 4817 ἀλλά
1262 4764 1354 4817 καὶ
1385 4764 1589 4833 ἑτέροις
1632 4762 1938 4819 διδάσκαλοι

274 4846 517 4916 γίνησθε,
550 4849 837 4921 δυνάμενοι
870 4857 964 4905 καὶ
993 4851 1186 4914 ἀλλους
1212 4850 1500 4904 νουθετεῖν.
1536 4852 1805 4915 Ἕκαστος
1827 4855 1938 4906 τοί-

272 4950 369 4987 νυν
395 4935 569 5005 ὑμῶν,
600 4938 922 5009 παρακαλῶ,
960 4940 1207 4994 ἐντεῦθεν
1230 4941 1408 5009 ἐξιὼν,
1439 4940 1576 5013 μετά
1596 4940 1689 4995 τοῦ
1711 4942 1938 5013 πλησίον

274 5022 700 5092 ἀναλαμϐανέτω
732 5036 754 5064 ο
795 5026 903 5078 τῶν
946 5029 1250 5097 εἰρημένων
1296 5031 1395 5101 τὴν
1441 5032 1679 5101 μνήμην,
1728 5031 1820 5083 καὶ
1868 5032 1938 5084 τά
1982 5064 1985 5067 -

278 5110 407 5179 παρ’
432 5110 625 5162 ἐαυτοῦ
654 5112 943 5181 εἰσφέρων,
970 5114 1208 5185 δεχέσθω
1233 5117 1326 5169 καὶ
1347 5118 1415 5170 τά
1436 5120 1568 5187 παρ’
1594 5119 1782 5189 ἐτέρου
1811 5136 1939 5189 μνη-

281 5196 629 5264 μονευθέντα.
674 5198 827 5270 [IN]
873 5201 983 5253 Καὶ
1017 5202 1160 5256 οὑτω
1194 5204 1542 5273 συλλέγοντες
1570 5206 1802 5269 ἅπαντα,
1839 5209 1935 5261 καὶ

275 5282 497 5333 ἔναυλον
528 5283 706 5335 αὐτῶν
740 5285 953 5357 ἔχοντες
973 5289 1071 5360 τὴν
1099 5292 1339 5362 μνήμην,
1366 5292 1548 5347 οἴκαδε
1578 5294 1931 5364 ἀναχωρεῖτε,

273 5369 367 5421 καὶ
401 5368 522 5421 καθ’
555 5372 783 5436 ἑαυτοὺς
824 5376 1313 5449 ἀναμηρυκώμενοι
1343 5380 1410 5434 τά
1444 5381 1561 5433 θεῖα
1592 5381 1762 5435 ταῦτα
1788 5381 1935 5436 διδάη

271 5472 460 5523 γματα
482 5473 496 5486 ⁸
523 5457 609 5509 ἵνα
636 5459 693 5511 ἐν
720 5459 930 5525 τούτοις
951 5463 1164 5532 ἔχοντες
1177 5467 1276 5537 τὴν
1296 5466 1564 5539 μέριμναν
1586 5470 1823 5535 ἃπασαν,
1841 5470 1935 5522 καὶ

270 5540 625 5612 ἀσχολοῦντες
654 5544 807 5616 ὑμῶν
836 5548 934 5620 τὴν
977 5549 1235 5620 διάνοιαν,
1263 5552 1493 5626 δύνησθε
1530 5555 1647 5625 μετ’
1688 5556 1935 5621 εὐκολίας

332 5648 361 5676 ⁸
383 5647 655 5719 Ηιιε-Ιοηεε
677 5651 856 5719 melius
894 5657 1086 5719 legatur
1107 5660 1301 5719 ἀνόητα,
1326 5658 1512 5710 insana.
1537 5661 1720 5709 Omnes
1764 5670 1926 5711 tamen

271 5723 385 5781 "1‘8;
419 5708 615 5781 Ιηῲεξιῖ
634 5714 854 5781 ἀνόνητα,
874 5780 881 5781 7
904 5708 1108 5767 ἱιὶιιιίιία.
1201 5708 1228 5761 ι)
1256 5708 1509 5770 εέηέίιζει
1541 5708 1736 5781 quidam
1772 5708 1906 5772 ῐιεεέζ

270 5769 777 5846 παρᾲιτοῦιΔεστιότου
804 5769 1041 5846 ὀίᾋδάμ,
1067 5787 1124 5846 οι
1153 5784 1221 5828 εἰν
1256 5785 1378 5845 legit
1399 5769 1686 5846 'inlcrfvrcs"
1710 5769 1926 5835 Latinis.

332 5838 353 5865 τ
379 5835 575 5883 Coislin.
601 5838 820 5897 πλησίον,
844 5842 962 5890 ἀλλὰ
994 5835 1297 5901 λαμϐανέτω.

1079 221 1137 276 S.
1174 221 1462 277 JOANMS
1505 215 1987 274 CHRYSOSTOMI
2026 216 2352 274 ARCHIEP.
2391 217 2939 275 CONSTANTINOP.

3649 225 3747 282 ΗΒ

2067 333 2451 405 περιγενέσθαι
2482 334 2576 387 καὶ
2603 334 2710 387 τῶν
2743 334 2931 388 παθῶν
2958 332 3068 387 τῶν
3102 334 3479 405 ἐνοχλούντων,
3518 336 3628 389 καὶ
3652 338 3746 399 τὰς

2062 419 2155 472 τοῦ
2198 420 2447 474 διαϐόλου
2483 422 2729 491 μηχανὰς
2759 422 3059 490 διαφυγεῖν.
3100 422 3270 477 Ἔνθα
3322 425 3428 496 γὰρ
3482 426 3557 479 ἂν
3600 425 3688 495 ἴδῃ
3719 430 3746 481 6

2064 507 2301 577 πονηρὸς
2321 508 2531 578 δαίμων
2554 511 2759 572 ἐκεῖνος
2778 508 2955 579 ψυχὴν
2977 508 3045 561 τά
3066 508 3161 562 τοῦ
3185 509 3319 563 Θεοῦ
3348 512 3745 583 μεριμνῶσαν,

2063 594 2157 647 καὶ
2170 594 2432 663 διηνεκῶς
2462 597 2646 649 ἐκεῖνα
2663 596 3090 666 φανταζομένην.
3112 597 3203 649 καὶ
3227 597 3396 651 ταῦτα
3426 617 3499 651 πε
3510 600 3743 672 ριστρέ-

2063 696 2288 749 φουσαν,
2316 680 2435 735 οὐδὲ
2463 682 2821 753 προσεγγίσαι
2840 682 3031 754 τολμᾷ,
3058 682 3191 735 ἀλλά
3210 684 3416 754 ταχέως
3440 686 3744 755 ἀποπηδᾷ,

2062 764 2313 837 καθάπερ
2356 766 2463 820 ἀπὸ
2512 768 2680 837 πυρός
2710 768 2737 808 ἀ
2771 785 2933 831 τινος,
2984 768 3087 821 67:6
3122 769 3221 839 τῆς
3265 769 3357 822 τοῦ
3403 770 3747 841 Πνεύματος

2060 853 2340 922 ἐνεργείας
2374 855 2823 924 φυγαδευόμενος.
2858 855 2954 907 Ἶν⁶
2973 850 3064 907 οῦν
3093 855 3187 908 καὶ
3213 854 3364 909 αὑτοὶ
3390 856 3458 910 τά
3493 858 3746 926 μέγιστα

2060 938 2454 1008 κερδαίνωμεν,
2479 940 2733 993 κάκείνου
2752 940 3133 1010 περιγενέσθαι
3148 940 3487 1011 δυνηθῶμεν,
3511 942 3627 994 καὶ
3649 941 3747 1009 τὴν

2060 1023 2211 1095 παρὰ
2236 1026 2331 1078 τοῦ
2362 1025 2496 1079 Θεοῦ
2527 1027 2700 1098 ῥοπὴν
2743 1026 2999 1096 μειζόνως
3027 1026 3476 1099 ἐπισπασώμεθα,
3510 1030 3575 1081 ἐν
3622 1028 3747 1080 τού-

2058 1128 2169 1174 τοις
2199 1112 2518 1183 άσχολῶμεν
2547 1115 2579 1184 ή
2589 1114 2704 1183 μῶν
2724 1113 2825 1183 τήν
2849 1114 3105 1170 διάνοιαν,
3138 1114 3294 1168 υῦτω
3325 1115 3432 1185 γὰρ
3459 1118 3615 1185 ἡμῖν
3654 1117 3749 1168 καὶ

2054 1199 2125 1253 τὰ
2161 1200 2221 1252 ἐν
2261 1200 2625 1270 χερσὶπάντα
2668 1200 3214 1272 ἐξευμαρισθήσεται,
3256 1203 3348 1256 καὶ
3380 1203 3446 1257 τὰ
3486 1203 3747 1256 δύσκολα

2056 1286 2250 1341 εῦκολα
2287 1290 2595 1359 γενήσεται,
2630 1290 2725 1341 καὶ
2760 1288 2830 1341 τά
2854 1288 3114 1344 δοκοῦντα
3146 1285 3285 1345 εἶναι
3326 1291 3553 1363 λυπηρά
3596 1311 3746 1364 χρη-

2056 1375 2180 1428 στὸν
2204 1374 2433 1446 λήψεται
2464 1375 2635 1439 τέλος.
2668 1376 2764 1428 καὶ
2798 1376 2950 1429 οὑδέν
2981 1377 3127 1447 ἡμᾶς
3169 1377 3277 1431 τῶν
3305 1380 3603 1451 παρόντων
3653 1380 3749 1433 λυ-

2055 1462 2228 1532 πῆσαι
2257 1463 2567 1534 δυνήσεται.
2614 1461 2739 1516 Ἐὰν
2778 1463 2887 1535 γὰρ
2924 1464 2993 1518 τά
3019 1463 3114 1518 τοῦ
3156 1464 3292 1518 Θεοῦ
3340 1467 3745 1537 μεριμνῶμεν,

2052 1548 2122 1602 τὰ
2146 1549 2391 1621 ἡμέτερα
2434 1549 2596 1613 αὐτὸς
2627 1552 2973 1621 μεριμνήσει,
3005 1551 3100 1605 καὶ
3140 1553 3279 1623 μετά
3302 1553 3504 1624 πολλῆς
3539 1554 3747 1617 ἀδείας

2052 1636 2115 1689 τὸ
2148 1636 2381 1704 πέλαγος
2415 1635 2507 1688 τοῦ
2550 1636 2815 1708 παρόντος
2851 1635 2969 1706 βίου
3003 1637 3428 1710 διαπλεύσομεν,
3476 1642 3582 1694 καὶ
3638 1642 3747 1693 ὑπὸ

2052 1722 2145 1777 τοῦ
2179 1724 2415 1792 μεγάλου
2442 1722 2774 1794 κυϐερνήτου
2797 1722 2889 1776 τοῦ
2907 1725 2998 1777 ἐπὶ
3026 1726 3241 1779 πάντων
3260 1727 3394 1780 Θεοῦ
3415 1727 3745 1798 ὁδηγούμε-

2052 1828 2155 1874 νοι,
2189 1813 2603 1881 καταντήσομεν
2639 1812 2716 1874 εἰς
2737 1810 2830 1864 τὸν
2852 1810 3045 1883 λιμένα
3070 1813 3169 1883 τῆς
3194 1814 3384 1867 τούτου
3407 1814 3618 1883 φιλανθ
3628 1833 3746 1887 pw-

2054 1898 2202 1964 πίας,
2230 1892 2275 1966 ᾧ
2300 1902 2332 1971 ή
2354 1899 2481 1963 δόξα
2506 1910 2529 1939 ε
2560 1898 2654 1952 καὶ
2678 1898 2740 1952 τὸ
2765 1899 2985 1972 κράτος,
3003 1899 3099 1953 νῦν
3126 1902 3217 1953 καὶ
3236 1901 3342 1965 ἀεὶ,
3366 1903 3461 1956 καὶ
3486 1905 3571 1967 εἰς
3601 1906 3748 1969 τοὺς

2053 1987 2443 2059 ἀτελευτήτους
2466 1988 2669 2051 αἰῶνας
2701 1987 2808 2040 τῶν
2840 1986 3071 2041 αἰώνων.
3113 1989 3304 2060 Ἀμήν.

2686 2071 2920 2127 UMIAIA
2963 2075 3066 2129 ιε’.

2058 2158 2145 2231 Τῷ
2170 2158 2239 2231 δὲ
2282 2160 2463 2229 Ἀδὰμ
2495 2162 2608 2228 οὐχ
2636 2158 2844 2226 εὑρέθη
2876 2161 3105 2228 ,ϐοηθὸς
3145 2160 3344 2231 ὅμοιος
3372 2162 3553 2229 αὐτῷ.
3620 2165 3744 2219 Kal

2121 2229 2418 2303 έπέσαλεν
2467 2233 2517 2303 o’»
2549 2231 3013 2303 erciéxqtamf
3054 2231 3152 2283 ἐπὶ
3177 2229 3310 2303 ’τὸνς
3374 2232 3572 2303 Ἀδὰμ.
3630 2238 3743 2287 καὶ

2122 2298 2384 2373 {my-mag.
2416 2301 2523 2353 Καὶ
2555 2300 2731 2373 ἔλαϐε
2754 2299 3046 2373 μίαν-τῶν
3084 2301 3359 2373 {deva
3381 2298 3597 2373 αῠςρὗ,
3628 2306 3747 2359 καὶ

2120 2368 2515 2434 ἀνεπλήρωσε
2560 2370 2755 2440 σάρκα
2793 2370 2919 2422 ἀντ’
2960 2368 3177 2440 αὐτῆς.
3222 2372 3333 2425 Καὶ
3361 2368 3745 2440 ᾠκοδόμησε

2122 2440 2334 2511 Κύριος
2361 2442 2393 2491 ό
2441 2440 2582 2504 Θεδις
2611 2438 2725 2511 τῂν
2752 2438 3040 2507 πλευρὰν,
3084 2442 3164 2511 ἢν
3193 2440 3410 2495 ἔλαϐεν
3446 2438 3571 2497 ἀπὸ
3620 2438 3744 2499 tu”)

2134 2507 2334 2576 Ἀδὰμ,
2365 2511 2451 2573 είς
2482 2508 2755 2576 γυναῖκα.

2117 2602 2182 2647 α’.
2208 2595 2411 2658 Πολλὰς
2431 2597 2560 2665 ὑμῖν
2580 2596 2687 2666 ἔχω
2710 2597 2958 2667 χάριτας,
2984 2597 3065 2651 ὅτι
3088 2597 3227 2668 μετά
3248 2598 3445 2668 πολλῆς
3461 2598 3560 2669 τῆς
3591 2618 3745 2671 προ-

2052 2679 2248 2749 θυμίας
2276 2681 2401 2751 χθὲς
2435 2679 2685 2745 ἐδέξασθε
2730 2684 2830 2753 τὴν
2865 2684 2993 2754 παρ’
3032 2684 3187 2754 ήμῶν
3225 2685 3577 2755 παραίνεσιν,
3629 2690 3745 2740 καὶ

2051 2771 2185 2841 πρὸς
2206 2770 2265 2823 τὸ
2288 2771 2457 2842 μῆκος
2474 2769 2581 2822 τῶν
2602 2771 2903 2841 εἰρημένων
2917 2772 2976 2824 οὑ
3004 2772 3161 2842 μόνον
3182 2772 3281 2825 οὐκ
3293 2773 3742 2845 ἐδυσχεράνατε,

2050 2858 2184 2912 ἀλλά
2224 2858 2319 2912 καί
2350 2857 2511 2929 μέχρι
2542 2848 2637 2910 τοῦ
2669 2857 2855 2922 τέλους
2893 2858 3034 2911 οῦτω
3068 2860 3611 2931 παρηκολουθήσατε.
3653 2864 3744 2926 ὡς

2049 2946 2364 3017 ἀκμάζοντα
2397 2947 2523 3017 ὑμῖν
2558 2946 2911 3016 έναπομεϊναι
2934 2947 3025 2999 τὸν
3048 2950 3147 3017 τῆς
3171 2950 3482 3018 ἀκροάσεως
3508 2950 3704 3005 πόθον
3724 2966 3749 2984 ⁸

2046 3034 2169 3086 ὅθεν
2203 3033 2299 3086 καὶ
2328 3033 2569 3103 χρηστάς
2592 3035 2723 3103 ἡμῖν
2753 3033 2853 3096 τὰς
2893 3033 3113 3098 ἐλπίδας
3155 3036 3485 3107 ὑπεφήνατε,
3516 3037 3601 3102 ῶς
3634 3040 3743 3093 διὰ

2047 3122 2153 3173 τῶν
2195 3120 2369 3190 ἔργων
2398 3120 2794 3191 ἐπιδειξάμενοι
2824 3120 2891 3174 τά
2924 3122 3025 3191 τῆς
3075 3124 3341 3193 ἡμετέρας
3374 3124 3738 3196 συμϐουλῆς.

2059 3206 2116 3260 '0
2142 3207 2249 3277 γὰρ
2280 3205 2418 3275 μετά
2444 3206 2712 3277 τοσαύτης
2738 3206 2927 3277 ἡδονῆς
2955 3208 3189 3269 ἀκούων,
3212 3209 3366 3279 δῆλος
3391 3210 3455 3262 ἂν
3492 3212 3577 3283 εἴη
3620 3216 3739 3267 καλ

2047 3294 2184 3364 πρὸς
2212 3295 2309 3363 τὴν
2337 3293 2425 3346 διὰ
2454 3294 2563 3346 τῶν
2588 3294 2763 3365 ἔργων
2795 3293 2991 3365 πρᾶξιν
3025 3297 3538 3367 παρεσκευασμένος
3556 3313 3570 3328 ·
3615 3301 3739 3353 ἄλ·-

2047 3383 2157 3446 λως
2192 3382 2249 3434 δὲ
2280 3382 2376 3435 καὶ
2406 3383 2439 3452 ή
2474 3380 2569 3434 νῦν
2598 3382 2750 3451 ὑμῶν
2781 3382 3051 3453 συνδρομὴ
3078 3385 3373 3455 τεκμήριον
3396 3384 3461 3439 ἂν
3494 3385 3743 3453 γένοιτο

2043 3471 2143 3541 τῆς
2180 3470 2321 3523 κατά
2362 3469 2538 3540 ψυχὴν
2572 3468 2725 3538 ὑμῶν
2763 3469 2992 3536 ὑγιείας.
3037 3470 3246 3542 Ὄσπερ
3278 3472 3384 3543 γὰρ
3420 3471 3481 3525 :6
3514 3478 3745 3545 πεινῇν

2047 3556 2365 3627 σωματικῆς
2391 3557 2603 3622 εὐεξίας
2631 3558 2856 3627 σημεῖόν
2884 3557 3050 3621 ἐστιν,
3079 3558 3222 3611 οὑτω
3240 3558 3301 3611 :6
3330 3558 3522 3627 λογίων
3546 3559 3743 3615 θείων

2045 3648 2174 3716 ἐρᾷν
2205 3645 2439 3715 ψυχικῆς
2486 3645 2694 3712 ὑγιείας
2738 3644 3035 3713 τεκμήριον
3065 3644 3132 3699 ἂν
3175 3644 3383 3712 γένοιτο
3424 3645 3740 3715 μέγιστον.

2058 3732 2210 3785 Ἐπεὶ
2237 3726 2330 3783 οὖν
2354 3733 2383 3784 6
2416 3729 2626 3801 καρπὸς
2657 3728 2757 3798 τῆς
2786 3730 3055 3799 ὑμετέρας
3086 3730 3320 3801 σπουδῆς
3345 3730 3585 3784 δείκνυσι
3615 3735 3741 3804 τῆς

2046 3817 2291 3888 ὑπακοῆς
2316 3815 2414 3885 τὴν
2442 3816 2805 3886 ἐκπλήρωσιν,
2831 3815 2960 3885 φέρε
2988 3816 3081 3869 καὶ
3112 3819 3269 3888 ἡμεῖς
3290 3818 3379 3871 τὸν
3408 3818 3632 3889 μισθὸν,
3652 3822 3739 3875 ὃν

2045 3904 2391 3975 ὑπεσχόμεθα
2438 3903 2584 3973 χθὲς,
2635 3902 3027 3973 καταϐάλωμεν
3066 3904 3216 3973 ὑμῶν
3246 3907 3311 3974 τῇ
3352 3905 3573 3978 ἀγάπῃ·
3611 3910 3740 3978 τὴν

2046 3990 2423 4061 πνευματικὴν
2454 3990 2657 4058 ταύτην
2694 3989 2838 4059 λέγω
2868 3990 3214 4044 διδασκαλίαν
3244 3991 3335 4043 τὸν
3371 3993 3586 4062 μισθὸν,
3620 4000 3741 4049 καί

2048 4096 2139 4149 μοι
2179 4078 2258 4149 τῷ
2283 4078 2675 4132 καταϐάλλοντι
2707 4076 2727 4117 ί
2758 4078 3051 4149 δυνάμενον
3079 4078 3311 4149 αὐξῆσαι
3356 4080 3453 4149 τὴν
3477 4098 3739 4152 περιουο

2048 4164 2185 4229 σίαν,
2245 4163 2396 4236 [115]
2435 4165 2528 4217 καὶ
2572 4166 2715 4236 ὑμᾶς
2763 4166 2893 4228 τοὺς
2946 4165 3370 4236 ὑποδεχομένους
3418 4166 3736 4234 πλουσίους

2043 4247 2507 4318 ἀπεργαζόμενον.
2559 4246 2795 4301 Τοιαῦτα
2822 4246 2928 4317 γὰρ
2956 4247 3166 4301 ᾶπαντα
3210 4246 3277 4300 τὰ
3324 4253 3689 4316 πνευματικά
3712 4271 3735 4286 ·

2041 4336 2177 4405 ὅπερ
2213 4335 2305 4386 ἐπὶ
2334 4334 2442 4386 τῶν
2472 4332 2745 4404 αἰσθητῶν
2776 4325 3115 4405 πραγμάτων
3144 4334 3241 4387 οὐκ
3276 4334 3375 4389 ἔνι.
3417 4335 3567 4389 Ἐκεῖ
3609 4339 3733 4407 μὲν

2041 4421 2148 4492 γάρ
2192 4424 2221 4474 ὀ
2256 4421 2579 4475 καταϐαλὼν
2616 4421 2927 4492 ἠλάττωσεν
2969 4422 3134 4474 αὐτοῦ
3177 4422 3276 4493 τὴν
3309 4423 3495 4477 οὐσίαν
3524 4464 3540 4485 ,
3614 4430 3737 4480 καὶ

2040 4505 2130 4557 τὸν
2186 4505 2581 4574 ὑποδεχόμενον
2632 4504 3004 4575 εὐπορώτερον
3045 4504 3414 4574 κατέστησεν’
3464 4506 3735 4564 ἐνταῦθα

2040 4587 2096 4639 δέ
2132 4588 2231 4657 οὐχ
2286 4586 2479 4651 οὑτως,
2530 4586 2666 4639 ἀλλὰ
2709 4588 2804 4638 καὶ
2845 4588 2874 4639 6
2922 4585 3237 4640 καταϐαλὼν
3279 4586 3448 4659 ταύτῃ
3503 4590 3733 4657 μᾶλλον

2042 4669 2133 4723 τόν
2162 4672 2360 4723 οἰκεῖον
2394 4669 2623 4723 πλοῦτον
2664 4668 2838 4734 αὑξει,
2875 4670 3108 4733 καὶτοῖς
3137 4670 3549 4740 ὑποδεχομένοις
3583 4678 3729 4741 μεί-

2040 4750 2147 4815 ξων
2178 4753 2211 4823 ή
2243 4752 2530 4822 περιουσία
2555 4751 2784 4819 γίνεται.
2848 4751 2999 4804 Ἐπεὶ
3024 4748 3118 4805 οὖν
3155 4752 3250 4805 καὶ
3292 4754 3450 4823 ήμεῖς
3494 4754 3733 4825 ἕτοιμοι

2040 4832 2175 4902 πρὸς
2215 4832 2656 4903 εὐγνωμοσύνην.
2692 4833 2785 4885 καὶ
2815 4833 2970 4901 ὑμεῖς
2999 4835 3048 4885 οἱ
3094 4832 3447 4904 ὑποδέχεσθαι
3480 4836 3739 4905 μέλλονη

2038 4932 2129 4978 τες
2174 4914 2265 4968 τὸν
2301 4914 2525 4969 πλοῦτον
2565 4914 2754 4968 τοῦτον
2804 4915 2894 4969 τὸν
2926 4916 3307 4987 πνευματικὸν,
3343 4918 3725 4989 εὐτρεπισμέγ

2039 5013 2161 5059 νους
2193 4995 2343 5066 ἔχετε
2385 4997 2512 5059 τοὺς
2562 4997 2794 5061 κόλπους
2831 4998 2930 5067 τῆς
2956 4998 3214 5061 διανοίας·
3256 4999 3387 5069 φέρε
3432 4999 3532 5068 τὴν
3566 5002 3725 5055 ὑπό⁹

2040 5096 2223 5151 σχεσιν
2272 5078 2672 5151 πληρώσωμεν,
2726 5082 2820 5135 καὶ
2865 5082 2962 5151 τῆς
3025 5081 3340 5145 ἀκολουθίας
3383 5082 3547 5137 πάλιν
3594 5086 3733 5139 τῶν

2040 5163 2189 5234 παρά
2222 5162 2316 5216 τοῦ
2353 5164 2621 5235 μακαρίου
2656 5165 2930 5228 Μωῦσέως
2956 5165 3379 5234 ἀνεγνωσμένων
3407 5165 3726 5236 ἁψάμενοι,

2037 5246 2285 5301 ἐντεῦθεν
2333 5248 2460 5317 ὑμῖν
2499 5247 2590 5301 τὸν
2624 5246 2810 5317 μισθὸν
2838 5246 3249 5316 καταϐάλωμεν.
3288 5248 3418 5300 Τίνα
3461 5244 3556 5301 οὐν
3584 5249 3740 5306 ἐστι

2035 5332 2103 5384 τά
2132 5333 2370 5401 σήμερον
2409 5330 2796 5399 ἀνεγνωσμένα
2826 5329 3119 5398 ἀναγκαῖον
3162 5330 3241 5392 εἰς
3276 5330 3437 5400 μέσον
3484 5330 3735 5401 προοεί-

2035 5432 2145 5478 ναι,
2196 5413 2262 5466 ἵν’
2292 5413 2435 5466 οὑτω
2491 5411 2627 5483 μετά
2678 5410 2961 5480 ἀκριϐείας
2999 5411 3415 5483 διερευνώμενον
3454 5412 3546 5465 τὸν
3589 5416 3735 5487 τοῖς

2037 5497 2243 5566 ῥήμασι
2309 5496 2857 5565 ἐναποκεκρυμμένον
2922 5494 3150 5549 πλοῦτον
3208 5496 3316 5548 τῶν
3385 5496 3725 5565 νοημάτων.

2096 5595 2358 5665 δςρνμηίὲθι
2376 5600 2571 5665 quidam
2597 5612 2711 5665 ms_s.
2735 5599 2835 5665 ἀπὸ,
2851 5596 3223 5665 πυρᾶςηΜολτει..
3241 5606 3293 5646 et
3311 5595 3391 5665 αζὶἱ
3414 5597 3507 5665 ἀπὸ
3521 5599 3685 5665 Δειυρρς
3704 5630 3725 5640 -

2106 5670 2132 5734 ς
2156 5660 2360 5739 (Σρέειίῐιζ
2392 5660 2757 5739 φιλανθρωπίαλῇ
2777 5660 3043 5739 χάριτί¹3ιαὶ
3066 5660 3490 5739 φιλανθρωπίᾳῡτοῦ

2037 5724 2169 5781 ὑμῶν
2205 5720 2366 5777 Ἰησοῦ
2390 5719 2618 5783 Χριστοῦ,
2646 5722 2742 5790 μεθ’
2768 5719 2823 5769 οὐ
2940 5719 3111 5791 Ιῖατρί,
3144 5719 3257 5792 ἅμα,
3275 5723 3343 5791 τῷ
3363 5719 3498 5826 ιᾶγίιὲ
3546 5719 3717 5765 ΙΙνεύ-

2038 5800 2149 5826 nan
2174 5784 2303 5826 δόξα.
2330 5789 2425 5826 elc.
2500 5784 2515 5819 Ι
2547 5784 2718 5826 Savll.-
2756 5783 2894 5826 Rom:
2936 5785 3131 5826 numam
3153 5781 3426 5826 eleslln.
3496 5781 3717 5826 ιδασκα,

2038 5800 2149 5841 ματι
2174 5784 2303 5835 δόξα,
2330 5781 2445 5829 ριρζ
2500 5784 2515 5819 ί
2547 5781 2718 5836 Savil..
2756 5781 2894 5841 Regii
2936 5781 3131 5842 quidam
3153 5781 3426 5842 elfuislin,
3466 5781 3731 5827 διδασκι,

2038 5840 2327 5905 λίαν,μισθον
2351 5844 2492 5905 κάμοὶ
2520 5847 2586 5905 τῷ
2610 5840 2967 5901 καταϐάλλοντι,
2993 5852 3042 5893 el
3064 5846 3132 5893 sic
3158 5841 3304 5892 etiam
3317 5840 3541 5893 Colberl.
3557 5854 3733 5893 unus.
