3754 6262
142 303 243 358 H7

136 419 316 471 omnia
345 418 506 472 etiam
539 417 645 472 illis
681 417 1060 472 truculentiora
1101 417 1168 472 ad
1199 418 1345 472 illum
1375 415 1523 488 quasi
1550 414 1725 469 domi-

137 526 265 562 num
313 511 460 564 omni
489 525 609 564 cum
651 509 978 578 subjectione
1007 517 1366 574 accesserunt,
1416 518 1471 562 et
1512 506 1727 561 nomina

135 609 498 668 acceperunt,
530 615 626 654 nec
657 600 817 653 ullum
847 601 1053 654 illorum
1093 601 1292 654 veritus
1319 608 1400 653 est
1431 598 1617 652 Adam.
1651 596 1727 651 Ne

137 692 302 759 igitur
329 700 519 759 arguat
547 691 755 758 aliquis,
784 689 924 760 quod
969 703 997 742 a
1028 690 1136 744 Deo
1181 689 1287 743 sint
1326 698 1524 753 creata,
1556 702 1728 755 neque

137 790 333 834 contra
382 780 634 849 Opiﬁcem
685 780 915 849 linguam
965 790 1139 843 acuat,
1191 780 1298 832 imo
1340 787 1525 832 contra
1573 792 1726 830 suum

139 882 327 941 caput,
361 872 589 926 dicendo
634 872 721 926 illa
765 874 946 925 insana
989 872 1150 926 verba
1181 869 1380 939 :anus
1405 870 1570 939 gratia
1604 869 1728 923 fera:

141 964 420 1033 productae
441 966 606 1018 sunt?
636 964 763 1017 Nam
783 965 959 1018 Omnia
983 964 1202 1033 perinde
1229 979 1292 1018 ac
1315 971 1586 1016 mansueta
1614 975 1725 1016 ser«

138 1055 367 1108 vitutem
410 1063 776 1124 agnoverunt;
825 1062 880 1110 et
925 1055 1218 1108 dominium
1257 1052 1534 1106 manifeste
1576 1051 1730 1106 nobis

141 1155 412 1200 meustrat
466 1146 736 1199 nominum
795 1145 1081 1214 impositio.
1129 1143 1352 1198 Nomina
1396 1143 1559 1208 enim,
1610 1157 1730 1211 qu:e

141 1237 404 1306 imposuit
435 1237 558 1301 illis,
592 1251 756 1304 usque
788 1237 840 1288 in
874 1235 1188 1289 hodiernum
1217 1234 1354 1288 diem
1377 1243 1726 1304 permanent:

141 1326 212 1380 ita
241 1328 391 1381 enim
420 1327 534 1380 btec
573 1325 801 1380 ﬁrmavit
830 1326 986 1392 Deus,
1016 1334 1076 1379 ut
1102 1333 1409 1394 perpetuam
1442 1323 1731 1378 habeamus

141 1419 464 1473 memoriam
518 1418 752 1482 honoris,
805 1432 962 1487 quem
1016 1417 1165 1471 initio
1204 1416 1372 1470 Adam
1429 1431 1460 1469 a
1505 1415 1730 1469 Domino

142 1511 390 1564 omnium
422 1511 647 1580 accepit,
675 1512 827 1564 bruta
858 1510 957 1564 sibi
989 1508 1196 1564 subdita
1228 1507 1448 1572 habens,
1477 1517 1531 1563 et
1569 1507 1731 1562 ablati

144 1600 312 1670 hujus
337 1617 552 1656 causam
583 1602 654 1656 illi
687 1601 1072 1664 adscribamus,
1102 1601 1191 1670 qui
1216 1608 1430 1668 peccato
1469 1613 1566 1653 suo
1596 1597 1732 1653 hanc

143 1708 297 1746 suam
341 1703 656 1763 potestatem
705 1693 984 1747 mutilavit.
1023 1691 1112 1746 20.
1163 1691 1231 1744 Et
1272 1691 1494 1755 donavit,
1541 1691 1729 1760 inquit,

146 1784 315 1836 Adam
362 1785 567 1837 nomina
597 1784 826 1838 omnibus
857 1783 1136 1852 pecoribus,
1168 1791 1215 1836 et
1256 1784 1483 1837 omnibus
1512 1783 1732 1836 volatili-

145 1873 238 1925 bus
262 1874 400 1939 caeli,
428 1883 476 1928 et
495 1873 722 1928 omnibus
751 1873 916 1927 bestiis
944 1882 1107 1927 terra.
1136 1873 1268 1927 Hinc
1290 1873 1397 1942 jam
1431 1872 1732 1942 considera,

146 1966 367 2031 dilecte,
391 1967 679 2020 voluntatis
708 1965 1030 2029 libertatem,
1059 1973 1114 2020 et
1152 1964 1425 2035 sapientia:
1454 1964 1569 2033 ejus
1598 1966 1732 2019 emi-

146 2057 409 2122 nentiam,
438 2065 568 2111 etne
588 2057 734 2111 dicas
762 2072 883 2111 eum
911 2056 1183 2124 ignorasse
1207 2055 1330 2125 quid
1361 2055 1577 2119 bonum,
1610 2054 1734 2124 quid

148 2148 376 2202 malum.
407 2149 534 2203 Nam
576 2150 662 2218 qni
691 2150 864 2218 potuit
888 2150 1140 2218 congruis
1173 2149 1474 2203 nominibus
1493 2149 1733 2217 jumenta

145 2240 446 2310 appellare,
495 2250 549 2295 et
588 2241 818 2296 volatilia
863 2242 1000 2305 czcli,
1052 2251 1106 2296 et
1147 2241 1277 2295 alias
1313 2241 1528 2306 bestias,
1561 2256 1734 2310 neque

147 2332 396 2384 ordinem
427 2331 688 2398 confudit,
721 2347 891 2402 neque
919 2333 1213 2386 mansuetis
1258 2332 1574 2386 animalibus
1599 2347 1733 2386 con-

149 2421 425 2475 venientia
458 2421 581 2475 feris
607 2423 877 2492 imposuit,
924 2437 1022 2476 nec
1052 2422 1177 2477 feris
1208 2423 1550 2492 congruentia
1579 2438 1732 2476 man-

149 2513 318 2566 suetis
339 2513 601 2578 attribuit,
631 2513 724 2568 sed
766 2514 1012 2568 omnibus
1042 2531 1137 2568 sua
1167 2514 1313 2568 dedit
1340 2514 1574 2577 nomina,
1604 2530 1735 2581 quo-

149 2603 312 2657 modo
343 2620 448 2658 non
477 2606 620 2659 omni
647 2607 902 2675 sapientia
933 2613 987 2661 et
1015 2606 1270 2660 industria
1301 2605 1573 2676 pollebat?
1601 2606 1734 2660 Hinc

148 2694 347 2762 cogita,
397 2705 590 2763 quanta
643 2695 800 2765 hujus
845 2697 1096 2766 spiraculi
1143 2696 1197 2751 in
1245 2695 1336 2750 illo
1378 2697 1634 2766 potentia,
1679 2703 1736 2751 et

147 2797 346 2856 quanta
374 2788 703 2858 incorporea:
730 2791 923 2846 anima:
967 2793 1246 2862 sapientia,
1280 2809 1436 2862 quam
1480 2793 1734 2849 Dominus

148 2877 221 2930 illi
249 2876 422 2943 dedit,
453 2893 570 2933 cum
601 2880 915 2936 admirabile
945 2891 1000 2938 et
1041 2884 1360 2939 rationabile
1407 2885 1509 2938 hoc
1533 2885 1733 2940 animal

147 2983 213 3022 ex
255 2968 466 3023 duabus
503 2971 706 3026 naturis
733 2974 1083 3040 constituens,
1128 2975 1494 3044 incorpoream
1541 2979 1733 3032 animae

147 3059 525 3128 substantiam,
558 3077 656 3116 ceu
702 3064 958 3132 optimum
1010 3065 1293 3132 artiﬁcem,
1340 3067 1552 3136 corpori
1581 3069 1732 3138 quasi

148 3149 505 3204 instrumento
547 3152 843 3220 eonjunxit.
896 3154 1058 3224 Igitur
1088 3171 1208 3210 cum
1255 3166 1428 3212 tecum
1477 3159 1734 3228 cogitabis

149 3251 351 3295 tantam
393 3241 552 3310 hujus
581 3243 829 3298 animalis
855 3245 1192 3315 sapientiam,
1224 3247 1489 3302 admirare
1517 3247 1734 3318 Opiﬁcis

149 3333 468 3400 potentiam.
495 3332 626 3387 Nam
655 3335 698 3388 si
723 3337 836 3390 οωιὶ
867 3337 1203 3404 pulchritudo
1223 3352 1252 3391 a
1277 3338 1495 3393 cordato
1521 3349 1732 3408 specta-

150 3433 263 3477 tore
286 3424 421 3491 visa,
452 3425 597 3478 illum
629 3425 694 3479 ad
722 3427 1067 3481 celebrandas
1090 3427 1394 3484 Conditoris
1422 3430 1604 3485 laudes
1634 3431 1732 3484 ad-

149 3514 292 3569 ducit
320 3533 335 3569 :
357 3526 557 3582 quanto
583 3518 747 3586 magis
771 3519 1029 3575 rationale
1059 3519 1161 3575 hoc
1187 3523 1379 3576 animal
1407 3523 1586 3589 homo,
1609 3537 1731 3578 cum

147 3619 296 3658 suam
342 3605 730 3672 formationem,
761 3605 980 3662 honoris
1008 3625 1036 3663 a
1083 3610 1192 3664 Deo
1219 3611 1318 3665 sibi
1347 3611 1454 3665 dati
1495 3613 1733 3667 eminen-

147 3697 296 3758 tiam,
332 3697 751 3767 magnitudinem
783 3699 1042 3754 donorum
1076 3712 1130 3757 et
1164 3703 1446 3758 ineffabilia
1478 3705 1732 3761 beneﬁcia

148 3788 474 3854 considerat,
513 3798 783 3844 auctorem
817 3790 1004 3846 horum
1027 3794 1291 3847 continuis
1320 3795 1562 3850 laudibus
1592 3813 1732 3866 pra)-

150 3879 360 3945 dicare,
421 3888 476 3934 et
522 3896 618 3951 pro
666 3882 776 3938 suis
827 3882 1030 3938 viribus
1071 3885 1290 3955 gloriam
1342 3886 1451 3942 Deo
1506 3888 1731 3945 reddere

152 3973 386 4042 poterit?

219 4063 437 4119 Herulis
472 4065 772 4121 exhortatio.
815 4097 887 4107 —
932 4067 1133 4123 Vellem
1174 4077 1228 4124 et
1273 4069 1340 4125 de
1385 4073 1731 4141 sequentibus

152 4167 303 4223 agere
337 4173 349 4207 :
387 4155 480 4209 sed
511 4171 578 4210 ne
621 4157 958 4213 multitudine
987 4173 1169 4213 eorum
1195 4175 1313 4229 quae
1351 4161 1597 4217 dicuntur
1621 4163 1730 4233 jam

150 4244 409 4299 dictorum
452 4246 668 4310 obruam
701 4250 1010 4302 memoriam
1033 4291 1047 4314 ,
1081 4265 1258 4318 operte
1296 4252 1524 4321 pretium
1574 4253 1732 4310 fuerit

153 4333 404 4390 doctrinae
448 4351 751 4393 sermonem
792 4339 895 4394 hoc
921 4341 1040 4394 loco
1074 4341 1341 4397 claudere.
1383 4343 1563 4413 Neque
1588 4346 1729 4400 enim

153 4425 248 4480 hoc
270 4429 444 4481 solum
468 4429 620 4483 nobis
644 4445 783 4484 curae
810 4439 910 4495 est,
936 4440 992 4485 ut
1012 4433 1173 4486 multa
1194 4433 1430 4488 dicamus
1457 4449 1469 4484 :
1500 4436 1592 4490 sed
1613 4437 1730 4492 ideo

152 4515 371 4571 dicimus
395 4560 411 4584 ,
446 4528 498 4573 ut
531 4531 788 4590 perpetuo
815 4523 865 4575 in
900 4523 1092 4576 animis
1121 4525 1313 4579 veSIris
1343 4524 1514 4579 deﬁxa
1544 4541 1730 4580 serve-

155 4610 213 4664 tis
233 4651 248 4675 ,
283 4621 447 4680 utque
488 4627 593 4666 non
625 4613 797 4666 solum
826 4630 923 4668 vos
948 4614 1045 4684 ipsi
1073 4615 1253 4670 sciatis
1277 4632 1338 4671 ea
1369 4634 1486 4686 quae
1516 4618 1565 4672 in
1598 4618 1733 4674 divi-

154 4702 230 4754 nis
258 4700 546 4769 Scripturis
569 4704 928 4766 continentur,
959 4704 1052 4759 sed
1081 4713 1138 4758 ut
1165 4715 1218 4760 et
1241 4707 1464 4761 aliorum
1489 4709 1604 4764 sitis
1628 4710 1731 4764 do-

153 4806 342 4855 ctores,
375 4794 697 4864 possitisque
726 4803 780 4849 et
821 4796 954 4850 alios
1006 4796 1313 4852 admonere.
1356 4798 1732 4870 Unusquisque

155 4885 304 4953 igitur
332 4894 586 4949 vestrum,
610 4885 854 4948 obsecro,
891 4885 1013 4941 hinc
1043 4900 1286 4957 egressus
1304 4931 1318 4954 ,
1346 4905 1464 4944 cum
1493 4894 1732 4959 proximo

154 4990 244 5028 suo
270 4975 532 5029 dictorum
553 4977 864 5030 memoriam
894 4976 1130 5041 refrioet,
1158 4988 1212 5032 et
1231 4996 1348 5049 qua:
1380 4981 1490 5049 ipse
1516 4983 1732 5038 retinuit

156 5068 396 5133 alferens,
429 5083 490 5122 ea
517 5084 637 5138 qua:
665 5069 802 5123 alius
830 5071 1084 5124 memoria
1108 5080 1253 5126 tenet
1279 5074 1522 5143 accipiat.
1569 5075 1637 5129 Et
1662 5077 1730 5130 ita

157 5161 322 5211 omnia
351 5161 667 5229 colligentes
707 5170 865 5231 atque
914 5165 1169 5217 memoria
1219 5174 1482 5232 tenentes,
1513 5167 1730 5222 domum

159 5252 445 5316 concedite,
474 5253 616 5322 apud
648 5268 742 5307 vos
781 5254 925 5322 ipsos
962 5255 1296 5309 ruminantes
1331 5256 1536 5312 divinas
1575 5258 1733 5315 hasce

163 5342 458 5398 doctrinas:
490 5357 548 5399 ut
575 5346 678 5402 huc
703 5347 848 5400 omni
878 5361 1002 5400 cura
1030 5358 1206 5403 vestra
1237 5360 1734 5416 conversa,mente-

163 5450 252 5499 que
291 5437 340 5490 in
385 5436 468 5490 bis
521 5447 802 5507 occupata,
837 5439 1050 5508 possitis
1101 5439 1253 5495 facile
1301 5449 1355 5494 et
1406 5442 1734 5498 turbulentas

164 5527 310 5579 animi
331 5528 643 5583 affectiones
667 5531 902 5595 vincere,
931 5539 984 5584 et
1010 5529 1202 5584 diaboli
1241 5530 1456 5584 insidias
1477 5531 1730 5602 effugere.

165 5615 279 5669 Nam
302 5634 420 5672 cum
449 5619 623 5673 malus
658 5619 746 5674 ille
769 5620 976 5675 dtemon
1009 5620 1150 5675 videt
1194 5623 1422 5676 animam
1452 5621 1518 5678 de
1542 5622 1733 5678 divinis

166 5705 308 5763 rebus
333 5710 637 5775 sollicitam,
669 5720 721 5765 ct
747 5718 998 5782 perpetuo
1029 5711 1146 5766 illas
1181 5712 1500 5772 cogitantem
1532 5722 1583 5768 et
1610 5729 1727 5768 vor-

1217 303 1282 358 IN
1313 299 1546 358 CAPJI.
1593 296 1838 356 GENES.
1890 299 2110 358 HOMIL.
2159 301 2276 361 XV.

1834 427 2059 483 samem,
2087 434 2153 473 ne
2179 419 2434 476 accedere
2461 421 2671 491 quidem
2701 420 2917 490 propius
2945 419 3125 486 audet,
3157 419 3249 474 sed
3273 422 3417 475 cele-

1834 509 1964 563 riter
1993 511 2185 578 resilit,
2214 528 2243 565 a
2270 512 2498 581 Spiritus
2523 515 2833 582 operatione
2879 511 3030 582 quasi
3079 528 3107 566 a
3157 528 3417 566 succenso

1834 616 1962 671 rogo
1982 602 2217 658 abactos.
2255 604 2324 660 Ut
2352 607 2509 675 igitur
2529 614 2584 659 et
2611 607 2761 660 nobis
2785 605 3067 674 plurimum
3089 605 3158 659 sit
3184 605 3335 668 lucri,
3360 615 3416 659 et

1833 690 1978 745 illum
2027 693 2238 746 vincere
2273 695 2563 761 valeamus,
2592 704 2644 747 et
2686 709 2915 763 superne
2963 694 3114 748 nobis
3146 695 3415 762 copiosior

1835 789 2111 848 praestetur
2134 784 2321 853 gratia,
2351 784 2401 837 in
2426 783 2506 837 bis
2527 785 2760 838 animum
2785 793 3021 838 nostrum
3043 801 3411 840 exerceamus.

1831 872 1963 926 Nam
2018 873 2087 927 ita
2133 876 2580 944 prosperabnntur
2617 877 2669 929 in
2709 876 2952 931 manibus
2980 877 3172 930 nostris
3210 877 3411 944 omnia,

1832 973 1987 1017 erum
2018 961 2190 1017 facilia
2215 981 2333 1033 qua:
2359 963 2593 1017 difﬁcilia
2625 974 2776 1018 erant
2810 984 2822 1019 :
2855 981 2971 1033 qua:
2999 965 3220 1018 molesta
3265 965 3414 1020 videv

1835 1055 2026 1110 bantur
2051 1071 2190 1120 esse,
2221 1055 2417 1110 bonum
2450 1058 2648 1111 exitum
2669 1056 2975 1118 sortientur,
3003 1071 3101 1109 nec
3126 1055 3413 1124 quidquam

1834 1147 2174 1215 prtesentium
2206 1163 2303 1202 nos
2335 1148 2544 1201 tristitia
2572 1146 2787 1201 afﬁcere
2821 1147 3037 1216 poterit.
3078 1145 3419 1214 Quandoqui—

1834 1237 1954 1291 dem
1984 1239 2026 1292 si
2057 1238 2209 1292 nobis
2235 1254 2380 1293 cura:
2409 1238 2602 1292 fuerint
2628 1237 2824 1300 divina,
2872 1238 2983 1305 ipse
3024 1250 3232 1305 quoque
3279 1236 3419 1290 Deus

1839 1343 1934 1396 pro
1959 1327 2112 1381 nobis
2141 1329 2396 1383 sollicitus
2422 1329 2544 1395 erit,
2575 1336 2629 1382 et
2657 1342 2846 1397 magna
2885 1327 3169 1381 securitate
3205 1341 3301 1394 per
3328 1341 3422 1394 pe-

1834 1421 1985 1490 lagus
2009 1421 2166 1490 hujus
2189 1421 2309 1475 vitze
2336 1420 2720 1490 navigabimus,
2758 1433 2820 1473 ac
2845 1419 3140 1474 deducente
3177 1432 3274 1472 nos
3303 1433 3419 1471 ma-

1834 1523 1938 1580 gno
1968 1511 2058 1565 illo
2087 1511 2442 1581 gubernatore
2492 1512 2601 1566 Deo
2641 1512 2774 1581 ipso,
2807 1509 2874 1564 ad
2927 1510 3070 1564 illius
3123 1509 3420 1564 clementia:

1838 1612 2047 1672 portum
2068 1604 2394 1673 appellemus
2427 1621 2441 1657 :
2468 1603 2553 1658 cui
2591 1604 2757 1674 gloria
2784 1605 2824 1670 ί,
2853 1612 2907 1658 et
2939 1602 3250 1673 imperium,
3279 1618 3420 1659 nunc

1835 1703 1892 1748 ct
1917 1708 2147 1765 semper,
2177 1703 2232 1750 et
2273 1695 2328 1750 in
2379 1695 2582 1750 inﬁnita
2615 1695 2806 1751 saecula
2841 1696 3178 1750 saeculorum.
3219 1697 3417 1751 Amen.

2415 1828 2691 1884 HOMILIA
2732 1829 2844 1884 XV.

1836 1941 1965 1996 Atla:
1982 1957 2096 1996 vero
2124 1958 2224 1996 non
2252 1943 2485 1996 inventus
2505 1953 2580 1998 est
2607 1944 2813 2013 adjutor
2835 1942 3015 1998 similis
3036 1942 3131 1996 illi.
3165 1942 3230 1996 Et
3250 1945 3421 1998 immi.

1909 2033 1974 2086 sit
2016 2031 2151 2086 Deus
2174 2048 2430 2087 excessum
2455 2035 2508 2087 in
2535 2034 2721 2097 Adam,
2746 2043 2792 2086 et
2819 2033 3076 2086 dormivit.
3117 2031 3184 2086 Et
3231 2036 3422 2102 accepit

1907 2141 2059 2178 unam
2082 2135 2332 2178 costarum
2359 2127 2488 2194 ejus,
2517 2135 2562 2178 et
2587 2125 2808 2194 implevit
2831 2141 3030 2177 carnem
3060 2141 3150 2192 pro
3191 2126 3301 2178 illa.
3353 2124 3424 2178 Et

1907 2216 2177 2284 ardi/icavit
2205 2215 2342 2270 Deus
2371 2227 2558 2270 costam
2582 2259 2594 2275 ,
2621 2233 2773 2285 quam
2817 2216 3006 2285 accepit
3047 2215 3110 2269 de
3142 2215 3337 2285 Adam,
3367 2217 3424 2270 in

1907 2304 2167 2358 mulierem
2197 2304 2349 2373 (Gen.
2381 2306 2434 2358 2.
2463 2305 2674 2376 20-22).

1910 2417 1963 2471 1.
2006 2415 2082 2471 De
2106 2434 2276 2471 amore
2313 2418 2446 2471 verbi
2465 2418 2620 2470 divini
2641 2417 2746 2471 suis
2767 2416 3081 2471 auditoribus
3112 2417 3418 2488 gratulatur.

1834 2535 1909 2548 --
1937 2507 2174 2576 Magnam
2202 2509 2352 2562 vobis
2369 2507 2539 2561 habeo
2557 2507 2802 2577 gratiam,
2825 2507 2966 2576 quod
2985 2517 3124 2561 tanta
3147 2508 3422 2561 alacritate

1837 2599 2139 2653 hesternam
2170 2611 2339 2652 meam
2368 2598 2684 2665 acceperitis
2711 2596 3150 2658 admonitionem,
3179 2605 3232 2650 et
3252 2597 3422 2649 dicto-

1838 2705 1956 2744 rum
1990 2690 2290 2760 prolixitate
2335 2705 2438 2743 non
2480 2690 2652 2744 solum
2696 2703 2802 2743 non
2850 2689 2966 2743 sitis
2993 2688 3201 2754 offensi,
3240 2687 3333 2743 sed
3368 2689 3420 2743 in

1836 2781 2109 2835 concionis
2135 2781 2274 2836 serie
2300 2788 2609 2850 perpetuum
2633 2778 2880 2834 audiendi
2909 2778 3229 2832 desiderium
3257 2795 3423 2848 usque

1835 2870 1904 2925 ad
1935 2871 2095 2926 ﬁnem
2124 2872 2458 2926 servaveritis
2490 2885 2504 2920 :
2535 2870 2673 2925 unde
2702 2885 2888 2939 magna
2914 2869 3067 2923 nobis
3089 2884 3211 2939 spes
3227 2878 3308 2924 est
3327 2885 3423 2924 vos

1836 2963 2090 3032 operibus
2115 2963 2244 3032 ipsis
2272 2962 2494 3018 consilia
2535 2971 2714 3017 nostra
2751 2969 3074 3031 sequuturos
3113 2975 3249 3015 csse.
3289 2960 3422 3016 Nam

1836 3054 1928 3123 qui
1954 3061 2098 3108 tanta
2129 3053 2399 3121 voluptate
2423 3051 2602 3115 audit,
2629 3051 2864 3106 declarat
2911 3049 2977 3104 ad
3023 3064 3184 3121 opera
3199 3065 3422 3122 quoque

1839 3144 2077 3200 iacienda
2117 3161 2176 3200 se
2225 3156 2464 3214 paratum
2499 3165 2513 3200 :
2543 3142 2738 3212 alioqui
2781 3141 3030 3211 frequens
3075 3142 3233 3195 etiam
3281 3155 3427 3195 nunc

1838 3237 1940 3292 iste
1963 3246 2144 3291 vester
2171 3243 2463 3291 conventus
2488 3241 2696 3288 certum
2731 3241 3102 3302 argumentum
3145 3240 3227 3286 est
3263 3246 3422 3300 quam

1839 3328 1975 3383 bene
2019 3328 2193 3382 anima
2244 3327 2486 3382 valeatis.
2529 3325 2661 3380 Nam
2697 3326 2835 3380 sicut
2872 3324 3080 3379 esurire
3105 3325 3312 3393 signum
3341 3330 3424 3378 est

1837 3423 1990 3477 bona:
2016 3421 2333 3476 valetudinis
2362 3421 2674 3490 corporalis,
2695 3420 2765 3473 ita
2793 3432 2973 3472 amare
2989 3417 3171 3472 divina
3189 3417 3420 3485 eloquia,

1837 3513 2130 3583 spiritualis
2163 3513 2407 3567 sanitatis
2444 3511 2695 3566 indicium
2741 3509 2895 3564 fuerit
2929 3509 3241 3562 maximum.
3275 3507 3422 3573 Quo-

1837 3608 1981 3662 niam
2008 3615 2184 3660 autem
2211 3605 2414 3660 fructus
2457 3604 2619 3658 vestri
2651 3602 2807 3657 studii
2837 3601 3116 3670 pollicetur
3135 3641 3149 3664 ,
3182 3613 3278 3653 vos
3304 3615 3422 3668 quae

1835 3699 2056 3753 audistis
2085 3697 2394 3767 impleturos
2421 3710 2560 3760 esse,
2591 3710 2688 3765 age
2714 3702 2769 3748 et
2801 3708 2897 3746 nos
2925 3691 3225 3747 mercedem
3258 3707 3417 3761 quam

1838 3791 1950 3845 lteri
1990 3789 2390 3859 pollicebamur,
2423 3787 2582 3842 hodie
2632 3797 2821 3839 vestra:
2864 3786 3072 3840 caritati
3115 3785 3422 3839 dinumere-

1836 3898 1974 3938 mus.
2015 3881 2353 3952 Spiritualcm
2402 3881 2537 3935 hanc
2578 3879 2874 3934 doctrinam
2924 3877 3223 3932 mercedem
3271 3878 3413 3944 dico,

1835 3990 1953 4044 quae
1970 3982 2144 4043 potest
2168 3981 2224 4028 et
2247 3987 2420 4026 meam
2447 3985 2641 4040 augere
2658 3969 3006 4023 substantiam
3024 3983 3142 4021 cum
3167 3983 3418 4023 numera-

1835 4082 1985 4132 vero,
2019 4076 2074 4121 et
2102 4081 2194 4121 vos
2219 4066 2306 4135 qui
2336 4064 2593 4134 recipitis,
2623 4063 2843 4118 ditiores
2872 4061 3066 4117 facere.
3110 4061 3220 4115 Hoc
3272 4060 3418 4115 enim

1835 4162 1994 4216 modo
2021 4175 2079 4216 se
2107 4160 2302 4215 habent
2324 4158 2614 4229 Spiritualia
2653 4156 2830 4211 omnia
2860 4177 2872 4212 :
2900 4155 2952 4210 id
2981 4153 3120 4224 quod
3153 4155 3203 4207 in
3251 4152 3413 4207 rebus

1835 4252 2173 4307 sensibilibus
2202 4267 2308 4305 non
2329 4257 2430 4305 est.
2462 4249 2592 4303 Nam
2625 4250 2675 4302 in
2703 4249 2805 4302 illis
2826 4246 2956 4316 ,‘qui
2997 4245 3297 4299 dinumerat
3327 4259 3419 4313 pe-

1837 4344 2068 4406 cuniam,
2100 4357 2250 4396 suam
2283 4341 2550 4396 imminuit
2569 4339 2914 4394 substantiant
2939 4339 2981 4402 ’,
3025 4345 3080 4391 et
3108 4336 3421 4404 locupletio-

1834 4451 1947 4489 rem
1969 4433 2131 4490 efﬁcit
2155 4449 2276 4488 eum
2306 4434 2396 4503 qni
2422 4432 2610 4500 recipit
2638 4447 2651 4482 :
2683 4431 2767 4485 hic
2790 4438 2965 4484 autem
2986 4443 3089 4484 non
3121 4430 3216 4490 sic,
3247 4428 3338 4482 scd
3364 4437 3417 4482 et

1835 4531 1882 4583 is
1900 4528 1990 4597 qui
2023 4535 2266 4581 numerat
2286 4567 2300 4587 ,
2335 4540 2460 4580 suas
2489 4524 2766 4578 facultates
2799 4521 2966 4591 magis
2995 4531 3179 4590 auget,
3205 4529 3257 4572 et
3279 4519 3416 4573 reci-

1837 4618 2101 4687 pientibus
2119 4615 2422 4669 divitiarum
2461 4615 2682 4668 multum
2712 4611 2936 4667 accedit.
2978 4610 3160 4680 Itaque
3203 4623 3322 4663 cum
3365 4617 3418 4662 et

1837 4709 1988 4762 nobis
2017 4715 2257 4775 prompta
2278 4707 2348 4761 sit
2368 4705 2754 4768 benevolentia,
2786 4713 2842 4758 et
2865 4717 2960 4756 vos
2976 4701 3278 4771 spirituales
3301 4699 3418 4753 illas

1835 4814 1966 4869 opes
2002 4797 2296 4867 suscepturi
2327 4798 2475 4851 sinus
2508 4795 2703 4850 mentis
2745 4802 2956 4862 paratos
3002 4791 3281 4846 habeatis:
3321 4805 3418 4857 age

1837 4900 2151 4961 praestemus
2179 4889 2319 4958 quod
2345 4892 2398 4945 in
2425 4901 2522 4942 nos
2547 4887 2866 4954 recepimus,
2889 4893 2943 4938 et
2966 4884 3154 4937 iterum
3186 4881 3416 4947 acceptis

1838 4983 1921 5045 iis,
1948 4997 2066 5051 qua:
2085 4996 2150 5036 ex
2167 4989 2417 5036 contextu
2445 4979 2582 5034 beati
2610 4976 2771 5031 Mosis
2795 4976 2930 5029 lecta
2957 4982 3098 5035 sunt,
3127 4971 3247 5024 inde
3265 4969 3417 5023 vobis

1837 5074 2136 5130 mercedem
2191 5073 2606 5127 dinumeremus.
2673 5068 2802 5134 Qua:
2854 5067 3011 5136 igitur
3061 5062 3220 5117 hodie
3273 5061 3410 5115 lecta

1837 5177 1959 5222 sunt
1988 5167 2040 5220 in
2068 5165 2299 5220 medium
2328 5163 2500 5217 afferri
2532 5160 2746 5225 debent,
2776 5165 2834 5211 ut
2860 5156 3133 5210 thesauros
3157 5166 3412 5206 sensuum

1839 5260 1890 5312 in
1920 5257 2093 5311 verbis
2123 5257 2366 5314 latentes,
2397 5253 2677 5321 diligenter
2693 5247 2964 5319 quaasitos,
2985 5244 3191 5301 caritati
3218 5251 3412 5297 vestras

1894 5350 1910 5381 ι
1945 5345 2198 5396 Ooislin....
2223 5340 2534 5407 appellemus,
2571 5340 2730 5407 gratia
2751 5344 2808 5407 et.
2838 5336 3174 5407 misericordia
3219 5331 3409 5407 Domini

1830 5393 2112 5461 nostr-iviesu
2134 5393 2308 5456 tfhris't'i
2331 5417 2440 5454 cum
2462 5393 2553 5464 quo
2571 5393 2635 5451 “tu
2665 5400 2808 5464 fratri
2835 5407 2880 5450 et
2904 5397 3100 5464 Spiritui
3123 5405 3287 5464 sancto
3310 5393 3407 5464 glo.

1830 5459 1923 5531 ria,
1965 5459 2060 5520 etc.
2089 5477 2134 5517 tn
2158 5469 2290 5516 hisce
2316 5459 2494 5522 verbis,
2531 5476 2640 5531 qua:
2664 5461 2882 5511 homilias
2903 5459 3317 5531 claud_unt,hntulta
3357 5459 3404 5505 in

1831 5521 2159 5590 ianuscriptis
2173 5533 2457 5578 observatur
2478 5521 2700 5596 varietas,
2727 5531 2784 5596 ut
2796 5531 2966 5596 monet
2974 5526 3125 5596 etiam
3138 5521 3370 5596 'Savilius.

1895 5604 1914 5632 ³
1941 5587 2124 5650 Omnes
2147 5597 2332 5644 habent
2356 5606 2546 5652 vocem,
2571 5587 2886 5656 substantiam
2915 5589 3019 5656 (τῂν
3043 5587 3249 5656 ορσίεν),
3277 5597 3402 5656 prae-

1835 5669 1912 5711 ter
1949 5645 2076 5722 ll—eg.
2116 5671 2266 5707 unum
2297 5663 2350 5707 et
2384 5645 2552 5705 lllorel'.
2575 5651 2660 5715 qui
2698 5651 2898 5711 habent,
2922 5645 3263 5697 abundantiam
3299 5646 3402 5704 (τὴν

1834 5727 2106 5773 πεοιουσίαν
2116 5739 2148 5778 ι.
