3754 6254
341 230 443 286 “9

339 361 721 417 priqmnamus.
759 346 995 402 Audistis
1020 348 1165 402 enim
1194 349 1351 403 modo
1376 350 1702 417 Scripturain
1731 347 1917 402 dicen-

340 448 445 488 teiu
479 458 490 491 :
516 436 604 490 £0.
633 437 759 489 Adit
778 454 891 491 vero
918 455 1018 491 non
1044 440 1271 493 inventus
1295 451 1367 494 est
1391 442 1597 508 adjutor
1622 440 1799 495 similis
1819 440 1918 495 illi.

337 526 472 593 Quid
515 527 613 579 sibi
657 528 762 580 vult
796 530 970 583 brevis
1019 531 1134 585 haec
1174 532 1357 595 dictio,
1390 533 1514 586 Adie
1561 533 1712 586 vero?
1753 547 1921 602 quare

338 617 552 687 apponit
571 619 691 688 conj
700 621 1031 675 unctionem?
1046 637 1220 676 annon
1232 620 1521 677 snlliciebat
1537 623 1733 688 dicere,
1754 623 1921 678 Adita!

337 707 449 760 Non
478 707 675 777 absque
705 711 908 764 ratione
928 750 943 775 ,
968 726 1140 780 neque
1165 712 1487 766 curiositatis
1530 715 1695 783 gratia
1749 714 1922 782 inqui~

337 800 487 852 reiidi
522 800 642 853 talia
668 801 821 855 nobis
860 802 1067 856 animus
1089 815 1202 868 εει,
1234 803 1327 858 sed
1351 814 1409 858 ut
1436 804 1718 873 diligenter
1741 805 1920 859 omnia

335 890 485 942 vobis
515 889 946 960 interpretantes,
971 893 1254 948 doceamus
1287 910 1380 949 vos
1424 910 1593 964 neque
1631 895 1921 950 dictionem

336 990 576 1046 parvam,
606 996 777 1051 neque
806 982 1063 1055 syllabam
1095 1001 1251 1039 unam
1281 986 1333 1039 in
1365 986 1558 1041 divinis
1579 986 1770 1043 Literis
1790 1002 1922 1040 con-

339 1077 538 1123 tentam
565 1086 686 1128 esse
723 1074 1169 1141 praetereundam.
1204 1076 1319 1130 Non
1368 1079 1511 1132 enim
1537 1078 1694 1133 verba
1721 1077 1923 1148 qualia-

337 1175 566 1230 cumque
596 1170 735 1225 sunt,
766 1163 858 1217 sed
886 1163 1111 1233 Spiritus
1138 1166 1308 1221 sancti
1343 1166 1532 1229 verba,
1558 1176 1612 1222 et
1640 1178 1920 1237 propterea

342 1268 590 1322 magnum
628 1254 696 1309 ibi
728 1258 1031 1310 thesaurum
1063 1257 1301 1312 invenire
1345 1258 1495 1324 licet,
1533 1259 1690 1313 etiam
1732 1260 1785 1313 in
1818 1275 1919 1313 una

340 1346 561 1413 syllaba.
590 1348 897 1403 Auscultate
928 1348 1105 1418 igitur,
1137 1351 1381 1413 obsecro,
1398 1366 1587 1421 magna
1610 1350 1918 1420 diligentia;

341 1436 515 1491 nullus
556 1438 732 1504 deses,
771 1440 947 1496 nullus
1001 1441 1391 1501 somniculosos
1430 1443 1520 1506 sit,
1544 1458 1730 1497 omnes
1778 1442 1922 1513 vigili

340 1531 518 1585 animo
542 1530 756 1596 adeste;
781 1532 955 1589 nullus
980 1533 1217 1588 externis
1233 1532 1667 1603 occupationibus
1688 1542 1920 1588 mentem

338 1619 617 1687 distrahat,
652 1621 855 1677 nullum
882 1623 1163 1678 saeculares
1188 1640 1330 1679 cura:
1356 1625 1640 1695 abripiant,
1657 1624 1753 1680 sed
1779 1625 1924 1694 cogi-

341 1721 413 1766 tet
446 1715 805 1784 unusquisque
853 1716 1145 1784 spiritualis
1192 1715 1349 1785 hujus
1389 1698 1813 1787 congregationis
1842 1716 1923 1769 di-

337 1804 612 1871 giiitatem,
640 1814 692 1857 et
717 1820 779 1857 ea
808 1822 926 1874 qua:
969 1806 1266 1861 audivimus
1292 1806 1460 1861 Deum
1486 1808 1640 1862 nobis
1680 1822 1774 1877 per
1799 1823 1922 1877 pro-

339 1894 615 1963 phetarum
638 1897 869 1967 linguam
894 1898 1075 1953 dicere
1098 1915 1115 1953 :
1139 1899 1320 1969 sicque
1343 1905 1504 1955 aures
1527 1900 1725 1970 arrigat
1757 1909 1811 1955 et
1836 1900 1920 1955 in-

340 1995 537 2039 tentam
589 1996 822 2042 mentem
872 1988 1155 2053 adhibeat,
1204 2006 1270 2045 ne
1312 1990 1513 2060 aliquid
1562 2006 1747 2046 eorum
1800 2006 1922 2061 qua:

337 2077 681 2143 muniamus,
715 2079 767 2132 in
799 2090 1001 2148 petram
1028 2081 1203 2146 cadat,
1224 2082 1309 2139 vel
1329 2097 1485 2137 secus
1500 2084 1658 2145 viam,
1680 2084 1762 2138 vel
1784 2084 1922 2137 inter

336 2165 553 2235 spinas;
584 2167 677 2223 sed
704 2182 865 2225 omne
902 2184 1087 2226 semen
1118 2175 1172 2225 in
1200 2181 1397 2226 terram
1425 2174 1651 2237 bonam,
1679 2174 1920 2228 latitudi-

340 2272 461 2311 nem
513 2257 635 2313 dico
684 2260 879 2315 mentis
926 2272 1138 2331 vestrm,
1176 2264 1492 2334 projectum,
1522 2266 1724 2336 largum
1770 2267 1921 2320 vobis

338 2350 566 2425 fructum
588 2352 778 2410 afferre
805 2365 984 2425 queat,
1011 2368 1064 2413 et
1093 2374 1121 2410 a
1151 2359 1302 2414 nobis
1330 2360 1635 2417 concredita
1663 2360 1921 2431 multipli-

336 2452 443 2499 (ει-ι.
483 2442 745 2507 Caeterum
777 2446 1050 2502 videamus
1075 2449 1199 2518 quid
1221 2450 1321 2505 sibi
1352 2451 1483 2504 velit
1508 2450 1667 2520 hujus
1684 2451 1921 2520 conjun-.

338 2534 531 2593 ctionis
555 2539 741 2605 copula
775 2556 788 2591 :
820 2539 948 2593 Adae
1000 2556 1115 2595 vero
1168 2559 1272 2597 non
1320 2544 1665 2605 inveniebatur
1716 2546 1923 2615 adjutor

336 2625 518 2685 similis
545 2626 643 2681 illi.
692 2628 840 2696 Vide,
870 2630 1116 2694 obsecro,
1140 2632 1335 2687 divinas
1377 2633 1664 2703 Scriptura:
1700 2651 1922 2691 accura-

339 2728 446 2774 tam
468 2718 815 2789 diligentiam.
844 2722 1128 2793 Postquam
1150 2726 1303 2791 dixit,
1332 2727 1458 2782 Adae
1483 2742 1596 2782 vero
1622 2745 1724 2782 non
1749 2729 1924 2783 inven-

338 2821 418 2865 tus
444 2822 514 2867 est
534 2813 738 2882 adjutor
768 2816 785 2847 ⁸
819 2832 836 2866 :
870 2831 975 2871 non
1002 2818 1074 2872 ibi
1095 2818 1468 2884 substitit,.sed
1496 2819 1728 2890 adjecit,
1758 2821 1923 2878 Simi—

337 2903 401 2958 lis
430 2904 505 2957 illi
533 2905 933 2963 :additamento
963 2908 1056 2963 illo
1094 2925 1310 2966 causam
1338 2912 1491 2973 nobis
1519 2913 1825 2977 declarans,
1850 2914 1924 2968 ob

339 3012 499 3065 quam
527 2998 916 3067 conjunctionis
934 3003 1177 3071 copulam
1206 3005 1492 3060 addiderit.
1518 3006 1786 3063 Existimo
1799 3023 1926 3063 aeu-

338 3092 503 3147 tiores
547 3094 853 3162 conjectare
893 3110 1048 3165 posse
1076 3139 1091 3159 .
1131 3109 1187 3153 et
1230 3102 1525 3169 prmvidere
1565 3102 1688 3170 quid
1728 3102 1922 3159 dicturi

338 3182 525 3239 simus.
569 3182 762 3239 Verum
783 3187 908 3257 quia
937 3187 1104 3244 nostri
1129 3188 1289 3245 oflicii
1318 3202 1439 3257 est,
1465 3192 1557 3261 qui
1585 3207 1923 3248 communem

338 3274 587 3333 omnibus
606 3275 901 3332 doctrinam
934 3278 1269 3347 proferimus,
1300 3284 1547 3337 omnibus
1566 3283 1727 3337 etiam
1754 3284 1927 3337 mani-

340 3365 474 3422 testa
507 3365 679 3423 facere
703 3382 824 3438 qua:
849 3386 878 3423 a
905 3372 1059 3428 nobis
1087 3373 1333 3429 dicuntur
1356 3416 1371 3439 ,
1399 3392 1497 3445 age
1518 3376 1804 3432 doceamus
1829 3393 1924 3432 vos

336 3457 487 3525 cujus
510 3458 678 3528 gratia
703 3461 784 3516 sic
807 3460 1032 3528 dixerit;
1056 3464 1150 3519 sed
1178 3480 1460 3534 parumper
1479 3468 1757 3523 sustinete.
1789 3467 1923 3523 Nam

340 3558 618 3618 postquam
657 3549 709 3605 in
740 3552 1103 3621 superioribus
1121 3554 1299 3622 dictis,
1326 3557 1463 3613 sicut
1483 3573 1750 3615 memores
1770 3560 1921 3623 estis,

337 3640 607 3709 Scriptura
660 3641 838 3699 divina
882 3645 1143 3711 dixisset,
1195 3646 1471 3703 Faciamus
1518 3651 1597 3704 illi
1636 3653 1924 3721 adjutorem

338 3731 611 3785 secundum
632 3749 745 3787 eum
768 3750 782 3787 :
814 3738 990 3790 statim
1011 3736 1194 3793 docuit
1220 3753 1318 3793 nos
1350 3740 1658 3807 bestiarum,
1685 3751 1739 3797 et
1760 3745 1924 3813 repti-

339 3823 465 3877 liuiu
491 3833 547 3877 et
569 3824 841 3881 brutorum
866 3830 1099 3884 omnium
1129 3830 1497 3888 formationem
1520 3849 1533 3898 ;
1561 3834 1634 3889 ait
1661 3837 1827 3902 enim,
1856 3835 1922 3890 Et

337 3913 571 3980 formavit
590 3914 729 3969 Deus
748 3918 916 3973 adluis
942 3920 1003 3973 de
1022 3929 1153 3975 terra
1174 3939 1345 3979 omnes
1372 3922 1574 3989 bestias,
1617 3935 1665 3980 et
1698 3926 1924 3982 volucres

337 4006 467 4065 ccli,
491 4006 695 4060 ctdiixit
718 4008 808 4063 illa
835 4010 903 4062 ad
927 4010 1108 4076 Adam,
1144 4023 1195 4066 iit
1220 4014 1404 4069 videret
1426 4016 1549 4085 quid
1568 4027 1764 4072 vocaret
1807 4017 1922 4073 illa.

343 4095 410 4149 lit
433 4096 586 4164 quasi
607 4098 853 4154 dominus
879 4104 1129 4158 omnibus
1155 4104 1406 4174 imposuit
1434 4108 1670 4175 nomina,
1697 4119 1753 4164 et
1799 4111 1923 4165 uni-

341 4187 532 4256 cuique
579 4188 972 4257 bestiarumﬁit
1016 4194 1311 4259 volucrum,
1344 4208 1399 4254 et
1445 4198 1720 4255 brutorum
1776 4202 1922 4257 omni

339 4281 519 4347 geni-ri
568 4296 722 4341 suum
756 4285 1070 4341 vocabulum
1117 4289 1410 4347 secundum
1460 4307 1769 4349 concessam
1822 4294 1926 4351 sibi

340 4373 652 4440 sapientiam
675 4375 960 4444 assignavit
985 4396 997 4430 :
1031 4390 1086 4435 ut
1108 4381 1245 4433 scire
1274 4396 1571 4450 possemus,
1596 4400 1781 4440 omnes
1809 4386 1925 4439 illas

340 4473 631 4530 creaturas,
661 4466 785 4521 licet
832 4468 1031 4523 homini
1079 4472 1383 4529 ministrent
1431 4484 1488 4529 et
1530 4490 1627 4530 nos
1673 4476 1926 4546 adjiivent

341 4556 677 4623 cooperaiido
704 4558 1000 4622 nobiscum.
1042 4563 1429 4620 irrationabiles
1473 4576 1646 4623 tamen
1694 4578 1927 4635 esse,et

344 4646 559 4702 homine
602 4648 756 4719 longe
802 4650 1115 4719 inferiores;
1147 4657 1287 4712 unde
1330 4674 1396 4712 ne
1426 4670 1671 4727 putemus
1695 4676 1819 4715 eum
1856 4661 1925 4716 de

342 4737 448 4793 illis
473 4738 691 4805 dixisse,
734 4740 1006 4798 Faciamus
1032 4746 1107 4800 illi
1137 4746 1443 4817 adjutorem.
1467 4749 1599 4805 Nam
1627 4751 1749 4806 licet
1772 4752 1927 4821 adju-

342 4838 490 4893 vent,
519 4842 573 4887 et
603 4832 656 4886 in
700 4834 878 4891 multis
902 4831 1204 4893 ministerio
1234 4855 1332 4895 suo
1357 4842 1556 4897 homini
1602 4844 1758 4899 utiles
1790 4847 1919 4911 sint,

342 4925 548 4979 ratione
578 4935 757 4981 tamen
774 4940 978 4983 carent.
1022 4931 1163 4987 Sane
1191 4934 1333 5003 quod
1372 4934 1558 5003 juvent
1582 4952 1714 5002 nos,
1744 4954 1925 4993 rerum

338 5017 493 5075 docet
518 5022 862 5087 experientia.
886 5024 1000 5078 Alia
1020 5025 1162 5079 enim
1181 5027 1325 5081 utilia
1344 5038 1466 5082 sunt
1486 5029 1550 5083 ad
1574 5030 1924 5087 convehenda

348 5114 668 5177 necessaria,
689 5116 791 5170 alia
819 5116 885 5170 ad
915 5118 1192 5172 colendam
1221 5129 1437 5173 terram.
1486 5120 1922 5192 Quandoquidem

341 5202 438 5257 bus
460 5214 691 5258 aratrum
718 5207 896 5273 trahit,
925 5210 1103 5264 sulcos
1134 5219 1297 5274 secat,
1326 5221 1380 5267 et
1414 5214 1560 5267 varia
1584 5213 1924 5282 agricultura:

342 5310 503 5363 opera
523 5310 765 5363 exercet;
791 5302 971 5355 asinus
986 5302 1052 5355 ad
1064 5304 1408 5358 convelienda
1424 5307 1720 5361 necessaria
1737 5305 1924 5361 admo-

340 5387 466 5441 dum
493 5382 636 5442 titilis
657 5397 738 5443 est
762 5431 775 5453 ,
804 5401 853 5445 et
879 5392 1125 5463 pleraque
1146 5396 1392 5449 animalia
1418 5397 1523 5453 alia
1552 5398 1791 5467 corporis
1826 5414 1924 5451 no-

341 5479 436 5531 stri
486 5479 604 5533 usui
653 5482 909 5535 serviunt.
951 5483 1159 5538 Etenim
1203 5502 1331 5541 oves
1356 5489 1529 5543 lanam
1562 5490 1628 5544 ad
1661 5492 1922 5561 parandas

403 5656 418 5688 ⁶
454 5657 589 5707 savi'l.
620 5668 667 5711 et
698 5662 899 5723 Soislin.,
929 5665 1119 5727 mljutor
1143 5665 1310 5716 similis
1337 5666 1423 5717 illi.

1044 230 1101 287 S.
1140 231 1416 290 JOANNIS
1436 230 1908 289 CHRYSOSTOHI
1944 229 2267 289 ARCBIEP.
2301 231 2831 289 COXSTANTINOP.

2027 357 2203 403 vestes
2235 346 2493 416 praebent,
2520 359 2576 402 et
2617 362 2793 417 capra:
2816 363 2885 403 ex
2909 346 3023 402 suis
3047 345 3167 416 pilis
3206 345 3407 416 aliquid
3428 360 3516 400 iio~
3533 352 3613 397 tm

2028 438 2327 493 ministerio
2372 438 2621 502 afferunt,
2654 440 2894 509 lacteque
2944 449 2998 492 et
3037 438 3144 492 alio
3190 452 3406 507 quoque
3454 439 3610 489 modo

2026 545 2203 586 escam
2231 530 2489 600 prebeat.
2533 531 2761 585 Proinde
2790 546 2856 583 ne
2875 530 3180 593 existimes,
3209 529 3259 583 id
3283 526 3428 598 quod
3454 541 3612 592 supra

2027 621 2177 687 dicit,
2205 620 2485 695 ariamus
2505 623 2583 676 illi
2616 622 2921 691 adjatorem,
2953 622 3021 677 de
3048 622 3154 676 illis
3179 620 3383 676 dictum
3428 633 3444 670 :
3496 616 3612 673 ideo

2028 729 2169 769 nunc
2218 728 2521 771 sermonem
2567 713 2846 780 incipiens,
2878 713 3068 781 inquit,
3096 711 3221 766 Adet
3255 723 3373 763 vero
3404 723 3511 761 non
3537 707 3613 760 iii-

2026 814 2203 858 veiitus
2228 814 2301 857 est
2321 804 2528 874 adjutor
2569 802 2752 857 similis
2786 804 2833 856 ei
2853 819 2873 857 :
2897 803 3047 873 quasi
3063 802 3280 856 doceret
3309 813 3407 853 nos
3428 799 3616 852 beatus

2028 895 2202 950 bloscs
2224 935 2242 961 ,
2272 904 2327 950 et
2355 895 2472 949 hate
2508 893 2714 950 diceret
2757 894 2920 949 verba
2953 910 2967 947 :
3000 893 3127 948 llaec
3174 890 3355 945 omnia
3398 888 3615 959 quidem

2028 986 2286 1056 producta
2311 994 2457 1052 sunt,
2489 986 2627 1041 etab
2652 984 2826 1040 Adam
2867 1000 2962 1041 sua
3010 991 3332 1052 acceperunt
3375 982 3613 1049 nomina,

2028 1079 2231 1133 nullum
2259 1087 2439 1134 tamen
2480 1094 2546 1133 ex
2576 1078 2641 1133 iis
2694 1078 2944 1133 omnibus
2967 1076 3185 1147 dignum
3215 1074 3316 1129 fuit
3343 1075 3613 1129 inventum

2026 1170 2169 1240 quod
2198 1170 2344 1223 illum
2371 1169 2666 1238 adjuvaret.
2710 1169 2833 1223 ldec
2860 1168 3045 1223 volens
3073 1182 3171 1221 nos
3196 1165 3393 1221 docere
3421 1164 3619 1234 produ-

2027 1261 2183 1316 cendi
2220 1260 2469 1315 animalis
2513 1260 2907 1326 formationem,
2941 1270 2995 1314 et
3023 1258 3263 1314 indicare
3288 1257 3488 1329 animal
3516 1252 3616 1312 hoc

2029 1352 2429 1422 producendum
2481 1352 2620 1407 istud
2648 1354 2821 1422 ipsum
2867 1367 2987 1406 esse
3012 1351 3079 1405 de
3107 1365 3217 1421 quo
3240 1349 3474 1415 dicebat,
3513 1347 3617 1401 Fa-

2028 1445 2223 1497 ciamus
2274 1443 2351 1496 illi
2392 1443 2678 1514 adjutorem
2726 1442 3001 1497 secundum
3040 1442 3210 1508 illum,
3263 1440 3494 1495 similem
3543 1438 3617 1493 illi

2029 1532 2221 1603 inquit,
2254 1532 2359 1588 hoc
2401 1544 2506 1600 est,
2548 1533 2788 1602 ejusdem
2833 1533 3162 1597 substantiae,
3213 1530 3329 1601 ipso
3373 1530 3615 1601 dignum,

2030 1626 2145 1695 ipso
2171 1626 2302 1680 nihil
2330 1626 2635 1681 inferiorem
2662 1642 2676 1678 :
2708 1634 2761 1681 et
2789 1625 2926 1683 hanc
2962 1625 3033 1679 ob
3074 1640 3188 1679 rem
3231 1623 3464 1689 dicebat,
3493 1624 3616 1678 Adi:

2026 1734 2141 1774 vero
2170 1734 2273 1771 non
2316 1717 2659 1789 inveniebatur
2697 1718 2905 1787 adjutar
2931 1717 3112 1771 similis
3158 1716 3235 1769 illi
3261 1731 3281 1770 :
3308 1724 3616 1769 monstrans

2032 1808 2185 1885 nobis
2210 1807 2397 1862 beatus
2420 1808 2508 1862 ille
2528 1848 2544 1874 ,
2568 1817 3053 1878 quantumcumque
3079 1806 3231 1860 nobis
3261 1805 3614 1860 ministerium

2026 1899 2313 1955 exhibeant
2346 1899 2460 1954 haec
2492 1899 2680 1965 bruta,
2710 1898 2852 1954 aliud
2882 1906 3056 1952 tamen
3081 1894 3351 1968 quoddam
3401 1894 3614 1963 adjuto-

2025 1990 2161 2047 rium
2190 2004 2310 2044 esse
2328 1990 2511 2045 multis
2532 1991 2770 2046 numeris
2794 1990 3158 2053 excellentius,
3181 1987 3321 2059 quod
3345 2002 3376 2040 a
3392 1985 3617 2041 muliere

2026 2084 2157 2139 Adit:
2190 2093 2489 2153 praestatur.

2094 2176 2152 2230 2.
2190 2176 2374 2247 Itaque
2398 2178 2525 2247 quia
2547 2175 2795 2232 omnibus
2820 2175 3137 2230 animalibus
3174 2172 3282 2243 jam
3316 2170 3614 2245 productis,

2025 2278 2082 2328 et
2107 2286 2263 2326 suum
2312 2285 2506 2325 nomen
2538 2285 2567 2325 a
2600 2270 2770 2336 primo
2820 2266 3037 2322 homine
3083 2264 3308 2333 sortitis,
3356 2263 3617 2333 benignus

2027 2364 2283 2419 Dominus
2311 2363 2539 2418 similem
2572 2362 2651 2416 illi
2675 2360 2974 2430 adjutorein
2996 2366 3055 2413 ut
3082 2356 3401 2427 produceret
3436 2354 3615 2424 inqui-

2026 2454 2178 2510 rebat
2208 2453 2337 2523 :qni
2380 2452 2561 2508 omnia
2588 2460 2802 2520 propter
2839 2442 3110 2505 hominem
3133 2463 3165 2501 a
3214 2461 3274 2502 se
3327 2445 3613 2501 formatum

2025 2544 2319 2615 dispensat,
2346 2552 2401 2598 et
2429 2550 2644 2613 propter
2669 2543 2811 2597 hunc
2836 2554 3049 2595 omnem
3092 2537 3355 2593 visibilem
3399 2545 3614 2590 creatu-

2026 2652 2140 2692 rain
2181 2634 2452 2706 produxit,
2475 2634 2520 2690 is
2567 2649 2690 2699 cum
2746 2633 2867 2687 aliis
2919 2630 3167 2686 omnibus
3216 2636 3273 2683 et
3325 2627 3612 2682 mulierem

2027 2728 2241 2785 format.
2283 2728 2353 2782 Et
2400 2727 2523 2782 vide
2564 2741 2722 2796 quam
2761 2726 3048 2795 diligenter
3096 2722 3471 2778 formationem
3516 2734 3615 2775 nos

2027 2820 2234 2875 doceat.
2275 2818 2407 2874 Nam
2438 2826 2718 2888 postquam
2749 2831 2847 2871 nos
2866 2816 3068 2881 docuit,
3100 2828 3158 2869 se
3187 2812 3321 2867 velle
3348 2810 3614 2882 produce-

2030 2929 2089 2969 re
2115 2913 2191 2968 illi
2213 2913 2532 2982 adjutorium
2574 2910 2748 2966 Simile
2779 2909 2881 2979 ipsi
2914 2926 2927 2962 :
2957 2923 3077 2963 nam
3115 2906 3360 2975 superius
3383 2905 3614 2969 dixerat,

2032 3002 2303 3059 Faciamus
2330 3004 2404 3057 illi
2431 3001 2745 3073 adjutorium
2782 2999 3058 3055 secundum
3100 2996 3242 3051 illum
3272 3013 3291 3050 :
3335 3006 3389 3051 et
3417 2996 3506 3051 hic
3531 2995 3615 3050 in-

2028 3095 2163 3166 quit,
2202 3092 2320 3157 Non
2347 3093 2685 3155 inveniebatur
2735 3090 2940 3161 adjutor
2981 3089 3159 3144 similis
3188 3087 3266 3143 illi
3314 3103 3332 3141 :
3377 3102 3495 3142 eam
3544 3086 3617 3140 ob

2029 3201 2245 3242 causam
2267 3201 2330 3240 ex
2358 3185 2498 3239 illius
2536 3182 2832 3238 substantia
2878 3182 3046 3252 ipsam
3075 3179 3290 3241 format,
3317 3186 3374 3232 et
3399 3178 3611 3245 inquit;

2029 3276 2119 3335 21.
2147 3276 2211 3330 Et
2236 3276 2439 3329 immisit
2472 3273 2722 3329 Dominus
2774 3271 2911 3326 Deus
2954 3285 3210 3325 excessum
3256 3267 3536 3333 inﬁdam,
3567 3276 3611 3320 et

2030 3368 2283 3422 dormivit.
2315 3365 2382 3419 Et
2409 3366 2602 3436 accepit
2626 3380 2781 3418 unam
2809 3372 3062 3417 costarum
3107 3361 3268 3424 illius,
3296 3366 3344 3412 et
3392 3358 3613 3426 implevit

2030 3474 2232 3515 carnem
2293 3474 2385 3529 pro
2438 3458 2547 3513 illa.
2596 3454 2687 3510 22.
2740 3453 3137 3523 didi/iconitque
3185 3450 3429 3503 Dominus
3477 3448 3613 3502 Deus

2031 3560 2219 3607 costam
2245 3591 2263 3616 ,
2292 3566 2444 3620 quam
2466 3548 2658 3619 accepit
2685 3547 2749 3601 de
2775 3545 2939 3601 Adam
2960 3588 2977 3611 ,
3004 3544 3058 3598 in
3085 3542 3369 3609 mulierem,
3397 3550 3446 3594 et
3471 3540 3614 3593 duxit

2029 3642 2169 3697 illam
2196 3640 2266 3695 ad
2302 3641 2487 3694 Adam.
2519 3640 2704 3709 Magna
2745 3638 3030 3693 verborum
3074 3635 3154 3690 vis
3180 3644 3293 3700 est,
3322 3642 3378 3687 et
3398 3647 3613 3689 omnem

2031 3732 2319 3788 humanum
2356 3741 2573 3801 captum
2632 3727 3041 3785 transcenderis.
3085 3725 3204 3780 Non
3260 3725 3404 3779 enim
3462 3723 3614 3776 aliter

2032 3832 2254 3895 possunt
2280 3822 2393 3877 haec
2438 3836 2627 3891 magna
2654 3820 2897 3890 intelligi,
2925 3833 3085 3888 quam
3132 3816 3252 3871 fidei
3278 3814 3452 3871 oculis
3480 3828 3612 3867 eon-

2029 3926 2231 3983 Specta.
2273 3913 2341 3967 Et
2368 3913 2573 3966 immisit
2617 3911 2774 3977 Deus,
2822 3911 3029 3980 inquit,
3059 3922 3313 3968 excessum
3343 3907 3396 3958 in
3427 3904 3612 3968 Adam,

2030 4017 2077 4060 et
2098 4005 2352 4060 dormivit.
2378 4004 2512 4059 Vide
2532 4019 2689 4074 quam
2709 4010 2955 4058 accurata
2972 4001 3041 4056 sit
3059 4011 3115 4055 et
3136 3999 3328 4055 eximia
3347 3997 3611 4052 doctrina.

2034 4096 2267 4167 Utraque
2308 4094 2485 4165 posuit
2529 4094 2718 4150 beatus
2761 4093 2853 4150 ille
2898 4090 3197 4163 propheta,
3227 4090 3335 4143 imo
3383 4088 3617 4157 Spiritus

2031 4198 2245 4246 sanctus
2272 4203 2365 4258 per
2394 4188 2532 4242 illius
2562 4187 2794 4256 linguam
2824 4226 2841 4253 ,
2867 4185 3068 4240 docens
3095 4197 3194 4237 nos
3241 4182 3500 4235 laetorum
3530 4195 3617 4233 se-

2032 4283 2187 4337 riem.
2223 4278 2460 4347 Immisit,
2494 4278 2684 4347 inquit,
2718 4292 2971 4333 excessum
2997 4276 3050 4329 in
3075 4274 3260 4337 Adam,
3282 4284 3331 4328 et
3357 4271 3615 4325 dormivit.

2030 4374 2181 4441 Quod
2214 4381 2340 4427 tunc
2371 4373 2553 4437 liebat,
2579 4386 2750 4440 neque
2784 4383 3037 4425 excessus
3065 4368 3237 4423 solum
3268 4373 3412 4431 erat,
3444 4380 3617 4434 neque

2030 4480 2250 4523 Somnus
2279 4464 2468 4518 solitus
2495 4480 2509 4515 :
2538 4462 2633 4518 sed
2652 4462 2773 4531 quia
2800 4462 3012 4530 sapiens
3032 4470 3084 4513 et
3108 4458 3277 4513 solers
3302 4465 3501 4521 nostrae
3522 4472 3618 4510 na-

2031 4565 2164 4613 turae
2188 4555 2375 4625 Opilex
2402 4570 2561 4612 unam
2587 4570 2653 4609 ex
2695 4554 2860 4609 costis
2901 4552 3045 4607 illius
3089 4552 3364 4606 ablaturus
3388 4561 3528 4618 erat,
3558 4559 3616 4605 ut

2031 4664 2098 4705 ne
2126 4648 2403 4704 sentiendo
2432 4647 2693 4712 dolorem,
2720 4645 2928 4700 mulieri
2959 4661 3025 4700 es
3056 4654 3202 4699 costa
3230 4659 3325 4699 sua
3371 4644 3613 4699 formata:

2031 4750 2215 4809 postea
2265 4738 2465 4792 doloris
2516 4752 2721 4791 memor
2770 4735 3009 4791 infensus
3056 4745 3238 4813 esset,
3291 4746 3614 4804 eapropter,

2032 4833 2271 4886 immisso
2320 4845 2562 4894 excessu,
2597 4836 2744 4883 tanto
2797 4828 2942 4882 illum
2992 4841 3183 4885 somno
3238 4816 3522 4896 oppressit,
3557 4838 3616 4884 ut

2029 4923 2181 4994 quasi
2219 4922 2511 4992 gravedine
2560 4920 2789 4990 quadam
2826 4927 3133 4988 correptus,
3161 4918 3362 4974 nullum
3389 4917 3467 4973 rei
3489 4933 3617 4988 qua

2031 5017 2421 5070 liebatsensum
2444 5023 2677 5084 caperet,
2720 5012 2813 5069 sed
2855 5014 2992 5068 sicut
3030 5012 3262 5085 optimus
3294 5010 3486 5073 artifex
3520 5029 3619 5067 au-

2033 5108 2197 5163 ferret
2223 5109 2365 5178 quod
2415 5109 2519 5162 sibi
2574 5107 2874 5173 videbatur,
2928 5115 2985 5161 et
3021 5108 3295 5176 suppleret
3342 5105 3431 5160 ubi
3484 5107 3615 5175 quid

2032 5202 2235 5267 deerat,
2264 5212 2317 5256 et
2342 5200 2482 5270 quod
2511 5200 2635 5256 inde
2658 5208 2979 5269 sumpserat,
3010 5198 3299 5253 secundum
3323 5212 3475 5252 suam
3502 5198 3617 5253 for-

2031 5304 2201 5349 niaret
2269 5294 2627 5350 clementiam.
2695 5290 2947 5356 liiimi'si't,
3002 5290 3211 5360 inquit,
3254 5305 3513 5345 excessum
3563 5290 3617 5343 in

2033 5386 2217 5451 Adam,
2247 5393 2292 5439 et
2320 5385 2573 5437 dormivit.
2606 5375 2904 5453 Accepitque
2933 5398 3084 5434 uuam
3108 5390 3361 5435 costarum
3387 5380 3549 5443 illius,
3570 5390 3619 5433 et

2032 5478 2253 5545 implevit
2277 5492 2477 5530 carnem
2508 5492 2598 5543 pro
2626 5472 2717 5528 illa
2747 5492 2766 5528 :
2793 5484 2849 5529 ut
2895 5489 2963 5528 ne
3016 5482 3217 5544 posset,
3245 5472 3489 5528 discusso
3529 5487 3619 5527 so-

2034 5586 2159 5623 mno
2192 5606 2206 5631 ,
2252 5566 2392 5635 quod
2445 5567 2636 5618 factum
2680 5573 2797 5618 erat
2842 5580 2907 5619 ex
2954 5564 3164 5619 defectu
3205 5565 3430 5620 sentire.
3486 5565 3619 5619 Nam

2035 5660 2279 5730 quamvis
2330 5674 2393 5713 eo
2434 5669 2706 5727 tempore,
2764 5672 2868 5726 quo
2909 5656 3281 5726 aufcmbatiir,
3330 5659 3618 5730 ignoravit,
