3754 6254
289 173 383 229 121

283 289 550 355 αἰρεσεως
578 282 753 353 καιρῷ
778 278 1062 350 ἠγνόησεν,
1085 277 1200 332 ἀλλ’
1218 278 1366 347 ὅμως
1395 271 1585 343 ἔμελλε
1614 270 1751 341 μετά
1774 269 1944 322 ταῦτα

289 368 671 439 ἐπιγινώσκειν
689 368 751 421 τδ
764 366 1005 436 γεγονός.
1024 366 1121 418 'lv‘
1140 359 1233 418 οῦν
1256 364 1393 433 μήτε
1412 363 1469 413 ὲν
1498 360 1576 429 τῷ
1597 355 1947 428 ἀφαιρεῖσθαι

286 458 482 527 ὀδύνην
528 455 676 526 αὐτῷ
722 455 1015 525 ἐμποιήσῃ,
1064 453 1200 521 μήτε
1238 447 1377 519 μετά
1413 446 1585 500 ταῦτα
1639 447 1669 514 ἡ
1714 443 1949 515 ἔλλειψις

288 542 530 613 ἀθυμίαν
578 542 899 610 ἐργάσηται,
934 536 1215 607 ἀμφότερα
1254 534 1425 595 οὕτως
1474 532 1822 602 ᾠκονόμησε,
1855 530 1949 583 καί

289 628 618 697 ἀφελόμενος
648 625 949 686 ἀνωδύνως,
969 625 1062 676 καὶ
1098 620 1391 691 πληρώσας
1420 619 1481 671 τὸ
1505 619 1711 677 λεῖπον,
1750 617 1844 670 καλ⁵
1873 616 1947 687 μὴ

291 716 651 785 συγχωρήσας
682 712 907 782 μηδενὸς
948 709 1111 762 αὐτὸν
1141 709 1249 760 τῶν
1289 706 1670 775 γεγενημένων
1698 704 1948 773 αἴσθησιν

288 802 558 865 δέξασθαι.
586 799 779 853 Λαϐὼν
801 794 915 861 οὖν,
939 798 1091 866 φησί,
1115 795 1316 864 ταύτην
1338 794 1434 864 τὴν
1465 792 1723 863 πλευράν,
1753 790 1949 861 (92:066-

291 902 431 955 μησε
458 884 659 953 Κύριος
693 885 721 935 ὁ
745 882 875 945 Θεὸς
909 884 988 944 εἰς
1007 884 1258 948 γυναῖκα.
1289 879 1591 949 Παράδοξον
1626 878 1687 930 τὸ
1726 877 1949 946 είρημέ·

286 990 398 1034 νον,
421 972 516 1025 καὶ
544 971 709 1023 νικῶν
738 969 877 1040 μετά
906 969 1107 1038 πολλῆς
1126 972 1225 1038 τῆς
1245 966 1546 1036 ὑπερϐολῆς
1568 965 1660 1017 τὸν
1684 965 1948 1034 ἡμέτερον

286 1059 569 1127 λογισμόν.
604 1056 843 1110 Τοιαῦτα
872 1054 980 1125 1&9
1016 1056 1227 1108 ἅπαντα
1257 1052 1325 1105 τά
1357 1052 1506 1122 παρὰ
1532 1050 1625 1104 τοῦ
1656 1050 1944 1102 Δεσπότου.

287 1144 393 1198 Τοῦ
441 1144 553 1214 γάρ
604 1142 712 1196 ἀπὸ
769 1142 862 1194 τοῦ
907 1141 1029 1211 χοὸς
1069 1139 1373 1209 πλασθῆναι
1411 1140 1501 1192 τὸν
1533 1137 1817 1206 ἄνθρωπον
1848 1138 1949 1189 οὐκ

285 1232 504 1283 ἔλαττον
540 1228 714 1283 τοῦτο.
761 1229 869 1281 Καὶ
901 1230 1000 1299 69a
1054 1228 1151 1297 τὴν
1195 1225 1601 1293 συγκατάϐασιν
1652 1226 1751 1293 τῆς
1795 1223 1947 1285 θείας

285 1318 531 1387 Γραφῆς,
562 1316 707 1377 ὅσοις
729 1316 937 1384 ῥήμασι
965 1314 1225 1384 κέχρηται
1245 1313 1331 1365 διὰ
1362 1311 1460 1382 τὴν
1487 1310 1757 1380 ἡμετέραν
1790 1308 1949 1362 ἀσθέ-

284 1421 454 1457 νειαν.
486 1404 594 1457 Kal
624 1402 824 1466 ἔλαϐε,
858 1403 1011 1472 φησί,
1040 1402 1188 1469 μίαν
1214 1399 1332 1453 τῶν
1366 1397 1646 1466 πλευρῶν
1669 1396 1874 1451 αὐτοῦ.

352 1542 447 1612 Μὴ
463 1540 815 1612 ἀνθρωπίνως
830 1540 985 1610 δέχου
1002 1539 1069 1592 τά
1083 1539 1371 1609 λεγόμενα,
1391 1537 1525 1591 ἀλλά
1548 1536 1647 1608 τὴν
1663 1535 1948 1607 παχύτητα

284 1628 393 1682 τῶν
420 1628 615 1693 λέξεων
644 1630 709 1696 τῇ
743 1626 995 1698 ἀσθενείᾳ⁵
1030 1626 1242 1693 λογίζου
1275 1628 1343 1695 τῇ
1369 1623 1702 1695 ἀνθρωπίνῃ.
1735 1625 1799 1677 Εἰ
1839 1624 1947 1693 γάρ

289 1716 366 1786 μὴ
392 1714 542 1786 ίΗὸ]
574 1713 784 1776 τούτοις
810 1716 919 1775 τοῖς
954 1715 1191 1783 ῥήμασιν
1209 1713 1496 1782 ἐχρήσατο,
1522 1710 1637 1773 πῶς
1665 1710 1731 1763 ἂν
1759 1710 1948 1780 μαθεῖν

285 1802 631 1874 ἠδυνήθημεν
655 1800 825 1854 ταῦτα
854 1800 924 1853 τά
948 1802 1234 1871 ἀπόρρητα
1262 1799 1562 1868 μυστήριας
1591 1797 1682 1868 Μὴ
1709 1800 1820 1861 τοῖς
1851 1799 1949 1870 ῥή-

287 1907 452 1959 μασιν
469 1886 562 1942 οὖν
592 1890 774 1959 μόνοις
800 1887 1263 1957 ὲναπομείνωμεν,
1286 1885 1420 1937 ἀλλά
1442 1885 1758 1955 θεοπρεπῶς
1784 1886 1949 1938 ἄπαν-

284 1992 352 2028 τα
381 1975 586 2045 νοῶμεν
610 1974 685 2038 ὠς
708 1975 801 2028 ἐπὶ
820 1972 979 2027 Θεοῦ.
1009 1974 1081 2026 Τὸ
1111 1972 1239 2043 γάρ,
1266 1973 1497 2033 Ἕλαϐε,
1527 1972 1621 2025 καὶ
1648 1973 1749 2025 ὅσα
1774 1972 1949 2025 τοιαῦ-

285 2077 373 2126 τα,
412 2061 501 2114 διὰ
528 2061 629 2129 τὴν
660 2059 944 2114 ἀσθένειαν
967 2059 1068 2129 τὴν
1100 2059 1376 2129 ἡμετέραν
1406 2059 1638 2129 εἴρηται.
1670 2059 1869 2113 Σκόπει
1889 2059 1947 2113 δὲ

286 2149 405 2212 πῶς
454 2149 549 2202 καὶ
582 2147 811 2202 ἐνταῦθα
835 2145 998 2199 πάλιν
1027 2148 1092 2216 τῇ
1120 2146 1257 2216 αὐτῇ
1292 2146 1549 2216 συνηθείᾳ
1585 2147 1875 2216 ἐχρήσατο,

287 2236 383 2289 καὶ
410 2236 504 2288 ἐπὶ
532 2235 627 2288 τοῦ
668 2234 855 2304 Ἀδάμ.
892 2234 1103 2304 ’Ὥσπερ
1130 2233 1236 2304 γὰρ
1267 2232 1383 2285 ἐκεῖ
1407 2232 1500 2286 καί⁵
1524 2231 1688 2297 ἅπαξ,
1718 2234 1809 2286 καὶ
1830 2234 1949 2286 δεύο

287 2341 467 2396 τερον,
523 2322 632 2386 καί,
659 2321 919 2385 πολλάκις
957 2318 1096 2375 εἰπε·
1141 2321 1252 2374 Kal
1284 2322 1463 2374 ἔλαϐε
1490 2323 1705 2390 Κύριος
1744 2326 1777 2376 ό
1806 2322 1949 2388 Θεὸς

290 2411 394 2464 τὸν
417 2410 746 2479 ἄνθρωπον,
778 2410 850 2463 ὃν
882 2409 1132 2463 ἔκλασα
1157 2410 1251 2462 καὶ
1274 2408 1454 2471 πάλιν,
1484 2409 1590 2462 Καὶ
1618 2409 1950 2464 ἐνετείλατο

290 2497 506 2564 Κύριος
536 2500 568 2550 ό
594 2496 737 2561 Θεὸς
762 2493 841 2560 τῷ
886 2493 1077 2563 Ἀδάμ·
1107 2495 1201 2548 καὶ
1234 2494 1415 2558 πάλιν,
1441 2495 1547 2547 Καὶ
1572 2491 1700 2547 εἷπε
1737 2496 1951 2561 Κύριος

290 2585 326 2638 δ
359 2584 521 2648 Θεὸς,
559 2582 909 2651 Ποιήσωμεν
949 2580 1109 2645 αὐτῷ
1148 2580 1380 2647 ,ϐοηθὸν
1414 2580 1540 2633 κατ’
1568 2581 1771 2634 αὐτόν·
1809 2581 1952 2638 οὕτω

291 2672 383 2725 καὶ
432 2671 524 2725 νῦν
576 2689 726 2741 φησι,
772 2670 881 2725 Καί
936 2670 1284 2739 ᾠκοδόμησε
1316 2670 1529 2737 Κύριος
1571 2672 1603 2724 ό
1659 2671 1803 2737 Θεὸς
1838 2672 1953 2740 τὴν

290 2755 582 2823 πλευρὰν,
612 2753 691 2822 ἢν
726 2754 902 2807 ἔλαϐε
929 2753 1048 2808 ἀπὸ
1069 2753 1175 2807 τοῦ
1210 2753 1399 2822 Ἀδὰμ,
1434 2757 1521 2819 είς
1546 2754 1817 2819 γυναῖκα·
1857 2757 1954 2809 καὶ

289 2844 569 2915 ἀνωτέρω,
607 2845 715 2898 Kal
746 2844 1001 2897 ἐπέϐαλε
1048 2844 1262 2911 Κύριος
1283 2846 1315 2897 ό
1353 2844 1495 2910 Θεὸς
1524 2846 1815 2899 ἔκστασιν
1851 2847 1951 2902 ἐπί

289 2930 397 2983 τὸν
432 2928 626 2997 Ἀϐάμο
653 2930 741 2982 ἴνα
771 2929 947 3003 μάθῃς
983 2928 1058 2992 ὡς
1091 2929 1314 2998 οὐδεμία
1345 2928 1577 3001 διαφορά
1603 2933 1718 2985 ἐστι
1740 2934 1953 3005 Πατρὸς

290 3018 389 3072 καὶ
416 3016 534 3069 υἱοῦ
564 3017 623 3069 ἐν
645 3019 765 3079 ταῖς
796 3016 1025 3082 λέξεσιν,
1051 3015 1188 3070 ἀλλά
1212 3016 1299 3069 διὰ
1325 3016 1385 3069 τὸ
1422 3017 1548 3087 μίαν
1576 3015 1716 3072 εἰναι
1745 3020 1843 3091 τὴν
1864 3022 1956 3075 οὐ-

291 3104 416 3157 σίαν
436 3104 644 3173 ἀμφοτέ
654 3120 783 3174 ρων,
812 3103 1117 3173 ἀδιαφόρως
1138 3104 1172 3174 ή
1198 3103 1389 3174 Γραφὴ
1410 3104 1678 3176 κέχρηται
1707 3109 1817 3171 τοῖς
1839 3108 1956 3162 ὀνό-

295 3206 478 3259 μασιν.
527 3190 656 3243 ’1δού
684 3189 815 3257 γοῦν
837 3192 929 3243 καὶ
950 3190 1041 3242 έπῒ
1069 3191 1168 3261 τῆς
1194 3190 1533 3254 διαπλάσεως
1569 3193 1666 3264 τῆς
1698 3195 1955 3261 γυναικὸς

292 3279 360 3348 τῇ
403 3277 537 3346 αὐτῇ
590 3277 851 3348 συνηθείᾳ
893 3278 1163 3347 ἐχρήσατο
1199 3276 1446 3343 εἰποῦσα,
1478 3280 1587 3331 Kal
1609 3280 1956 3350 ᾠκοδόμησε

294 3364 508 3429 Κύριος
564 3366 597 3416 ό
654 3362 798 3428 Θεὸς
847 3362 962 3430 τὴν
1006 3361 1295 3429 πλευρὰν,
1332 3360 1413 3431 ἦν
1436 3364 1653 3417 ἔλαϐεν
1696 3365 1815 3419 ἀπὸ
1850 3367 1955 3421 τοῦ

308 3448 508 3518 Ἀδὰμ,
552 3451 638 3512 εἰς
675 3448 942 3518 γυναῖκα.
977 3447 1042 3501 Τί
1078 3449 1143 3501 ἂν
1169 3450 1370 3502 εἴποιεν
1408 3450 1639 3504 ἐνταῦθα
1668 3455 1714 3505 οἱ
1746 3455 1955 3522 αἱρετι-

296 3536 402 3596 κοί,
442 3536 492 3588 οἱ
525 3534 701 3588 πάντα
740 3533 1192 3605 περιεργάζεσθαι
1236 3535 1569 3607 βουλόμενοι,
1602 3540 1697 3592 καὶ
1740 3540 1837 3594 τοῦ
1864 3541 1959 3613 δη-

299 3619 560 3691 μιουργοῦ
590 3620 696 3673 τῶν
727 3620 862 3674 ὅλων
884 3621 982 3690 τὴν
1012 3620 1260 3690 γέννησιν
1283 3620 1665 3693 κατειληφέναι
1685 3626 1953 3695 οἰόμενοι;
2032 3666 2033 3669 η

297 3708 454 3768 ιιοῖος
487 3708 641 3774 λόγος
672 3706 829 3760 τοῦτο
848 3706 1179 3777 ἑρμηνεῦσαι
1198 3707 1449 3775 δύναται;
1473 3714 1626 3774 ποῖος
1656 3712 1779 3777 νοῦς
1800 3730 1959 3767 κατα-

295 3792 515 3855 )αϐεῖνς
543 3794 689 3847 Μίαν
718 3792 975 3871 πλευρὰν,
1001 3793 1183 3862 φησὶν,
1206 3793 1254 3846 ἑ)
1265 3795 1384 3848 αϐεο
1407 3797 1497 3848 καὶ
1525 3799 1641 3861 πῶς
1665 3800 1729 3852 ἐκ
1752 3800 1958 3871 ταύτης

292 3880 395 3949 τῆς
426 3881 554 3949 μιᾶς
596 3879 660 3933 τὸ
705 3879 824 3932 ὅλον
862 3869 998 3943 ζῶον
1038 3879 1322 3947 διέπλασε;
1352 3882 1417 3934 Τί
1444 3882 1501 3935 δὲ
1530 3882 1693 3952 λέγω,
1737 3885 1856 3949 πῶς
1892 3869 1957 3940 ὲκ

294 3966 501 4034 ταύτης
534 3966 635 4035 τῆς
679 3967 805 4034 μιᾶς
838 3967 899 4018 τδ
930 3965 1068 4028 ζῶον
1094 3966 1419 4033 διέπλασεν;
1462 3969 1596 4021 Εἰπέ
1628 3988 1719 4040 μοι
1759 3972 1879 4036 πῶς
1919 3975 1955 4045 ἡ

298 4053 587 4123 ἀφαίρεσις
623 4053 846 4121 γέγονες
876 4052 993 4114 πῶς
1019 4053 1270 4124 αἴσθησιν
1296 4056 1395 4109 οὐκ
1421 4056 1576 4109 ἔλαϐε
1598 4060 1697 4129 τῆς
1725 4060 1953 4132 ἀφαιρέ-

299 4154 465 4200 σεως;
529 4138 668 4191 Ἀλλ’
724 4139 875 4192 οὐδὲν
920 4138 1121 4193 τούτων
1160 4141 1359 4212 δυνήσῃ
1408 4143 1599 4197 εἰπεῖν’
1642 4146 1801 4215 μόνος
1848 4148 1955 4221 γάρ

300 4224 505 4288 ἐκεῖνος
534 4221 670 4278 οἶδεν
703 4226 731 4278 ὁ
754 4224 850 4295 τὴν
873 4225 1229 4297 δημιουργίαν
1257 4230 1646 4302 ἐργασάμενος.
1687 4234 1749 4287 Εἰ
1778 4236 1957 4290 τοίνυν

299 4308 470 4363 ταῦτα
509 4310 577 4364 τά
621 4312 677 4364 ὲν
708 4313 882 4382 χερσὶ,
912 4314 1007 4366 καὶ
1042 4314 1111 4367 τὰ
1145 4315 1244 4385 τῆς
1272 4316 1608 4383 διαπλάσεως
1634 4320 1729 4374 τοῦ
1762 4324 1957 4392 ὁμογε-

302 4396 424 4460 νοῦς
460 4399 589 4467 ήμῖν
630 4399 808 4468 εὑρεῖν
856 4398 993 4464 ζώου
1036 4400 1096 4452 οὐ
1141 4402 1644 4475 καταλαμϐάνομεν,
1676 4410 1847 4481 πόσης
1891 4412 1958 4465 ἂν

300 4485 390 4555 εἴη
421 4485 615 4555 μανίας
654 4485 748 4538 καὶ
786 4488 1210 4559 παραφροσύνης
1235 4490 1306 4544 τὰ
1338 4492 1476 4547 κατὰ
1509 4494 1598 4547 τὸν
1629 4495 1957 4569 δημιουργὸν

303 4572 775 4643 περιεργάζεσθαι,
810 4575 904 4626 καὶ
941 4577 1123 4629 ἐκεῖνα
1152 4578 1380 4645 φάσκειν
1412 4581 1793 4653 κατειληφέναι
1827 4598 1852 4625 α
1882 4579 1957 4639 ὧν

302 4659 424 4712 οὐτε
452 4661 510 4712 αἰ
540 4660 817 4730 ἀσώματοι
846 4662 939 4714 καὶ
963 4662 1103 4716 θεῖαι
1126 4664 1381 4736 δυνάμεις
1409 4668 1506 4739 τὴν
1536 4669 1734 4741 ἀκριϐῆ
1759 4673 1957 4740 γνῶσιν

301 4747 532 4817 ἔχουσιν,
590 4748 723 4801 ἀλλά
778 4748 916 4817 μετά
971 4750 1137 4820 φόϐου
1180 4752 1277 4805 καὶ
1331 4754 1532 4825 τρόμου
1584 4757 1956 4828 δοξολογοῦσαι

298 4829 561 4899 διηνεκῶς
590 4829 891 4883 διατελοῦσι
910 4849 927 4898 ;

364 4966 435 5031 γ’.
469 4969 577 5023 Kal
606 4969 971 5040 ᾠκοδόμησε,
1003 4972 1158 5042 φησί,
1183 4974 1397 5043 Κύριος
1416 4978 1449 5030 ό
1470 4977 1615 5044 Θεὸς
1641 4977 1755 5048 τὴν
1774 4986 1959 5039 πλευ.

296 5058 431 5124 par,
458 5056 536 5124 ἣν
557 5057 773 5111 ἔλαϐεν
787 5059 906 5112 ἀπὸ
933 5059 1039 5113 τοῦ
1076 5060 1265 5129 Ἀδὰμ,
1288 5063 1377 5127 εἰς
1398 5064 1669 5131 γυναῖκα.
1704 5069 1842 5139 Ὅρα
1858 5072 1958 5142 τῆς

302 5143 520 5212 Γραφῆς
542 5144 638 5213 τὴν
665 5145 967 5216 ἀκρίϐειαν.
990 5146 1187 5200 Οὐκέτι
1222 5147 1328 5219 1&9
1358 5147 1528 5215 εἶπεν,
1560 5151 1811 5219 ἔπλασεν,
1842 5158 1957 5212 ἀλλ’

316 5230 733 5299 ’ῼκοδόμησενσ
761 5235 943 5306 ἐπειδὴ
972 5236 1038 5289 ὲκ
1067 5235 1161 5291 τοῦ
1184 5237 1283 5308 ήδη
1305 5238 1632 5303 πλασθέντας
1655 5240 1684 5281 ιι
1709 5242 1771 5296 τὺ
1796 5245 1958 5315 μέρος

301 5316 480 5379 ἔλαϐε,
526 5319 620 5371 καὶ
658 5320 732 5382 ὡς
765 5321 832 5374 ἂν
874 5324 1015 5376 εῐποι
1046 5339 1151 5387 τις,
1182 5324 1245 5376 τὸ
1284 5324 1471 5379 λεῖπον
1516 5328 1822 5398 ἐχαρίσατο.
1860 5333 1959 5386 Διά

299 5402 458 5457 τοῦτό
492 5420 645 5474 φησι,
672 5406 777 5458 Kal
799 5408 1204 5479 ᾠκοδόμησεν·
1238 5411 1339 5464 οὐκ
1366 5411 1534 5483 ἀλλην
1558 5413 1752 5469 πλάσιν
1775 5418 1958 5489 εἰργά-

362 5573 611 5644 waiqu
624 5576 995 5644 κατειλημμένα,
1020 5580 1089 5630 s'ic
1117 5581 1311 5644 quidam
1334 5597 1446 5633 mss.
1512 5582 1542 5622 ι’
1564 5586 1761 5640 Coislln.
1788 5592 1842 5641 ἑκ
1865 5592 1950 5643 τοῦ

244 5676 249 5683 ,
300 5635 422 5684 tam
456 5637 754 5695 πλασθέντας.
781 5635 899 5690 lb'id.
922 5635 1045 5705 Reg.
1068 5635 1195 5693 υιιὶιε
1212 5646 1349 5707 μέρος
1369 5635 1618 5711 ἐλάμϐανῖ

1073 164 1131 220 S.
1170 156 1451 217 JOANNIS
1487 147 1971 212 CHRYSOSTOMI
2010 146 2327 205 ARCHIEP.
2368 146 2914 206 CONSTANTINOP.
3600 152 3683 207 1*ιὲ

2050 283 2198 327 σατο,
2228 265 2343 319 ἀλλ’
2369 267 2432 318 ὲκ
2451 266 2550 335 τῆς
2577 264 2676 335 ἤδη
2714 265 3009 334 γενομένης
3035 261 3282 328 πλάσεως
3318 263 3489 336 βραχύ
3526 282 3574 317 τι
3607 268 3684 335 μέ·

2049 370 2141 423 ρος
2169 351 2370 415 λαϐὼν,
2397 350 2555 403 τοῦτο
2580 352 2642 403 τὸ
2666 352 2831 421 μέρος
2861 350 3198 421 ᾠκοδόμησε,
3230 352 3325 404 καὶ
3361 348 3562 404 τέλειον
3591 354 3683 421 εἰρ-

2046 438 2252 505 γάσατο
2274 437 2333 489 τὸ
2359 437 2515 501 ζῶον.
2550 437 2699 506 Πόση
2731 436 2826 489 τοῦ
2848 436 3224 506 ἀριστοτέχνου
3248 434 3383 488 Θεοῦ
3402 437 3435 505 ή
3461 436 3687 507 δύναμις,

2047 524 2154 577 ἀπὸ
2200 523 2296 576 τοῦ
2332 522 2668 595 βραχυτάτου
2731 522 2931 593 μέρους
2970 522 3176 575 ἐκείνου
3215 522 3483 576 τοσούτων
3533 524 3689 594 μελῶν

2046 611 2335 674 ἀναλογίαν
2356 610 2714 682 ἐργάσασθαι,
2747 610 2840 663 καὶ
2864 610 3129 673 τοσαύτας
3154 610 3430 681 αἰσθήσεις
3456 611 3691 682 δημιουρ-

2047 699 2228 768 γῆσαι,
2298 701 2391 752 καὶ
2450 699 2652 752 τέλειον
2706 700 2796 751 καί
2837 697 3128 769 ὁλόκληρον
3170 698 3265 751 καὶ
3302 698 3691 768 ἀπηρτισμένον

2048 790 2184 852 ζῶον
2218 792 2644 853 κατασκευάσαι,
2667 789 2727 843 τὸ
2754 788 3048 852 δυνάμενον
3077 788 3171 842 καὶ
3202 788 3691 859 προσδιαλέγεσθαι,

2047 879 2140 931 καὶ
2168 882 2235 949 τῇ
2255 878 2353 946 τῆς
2369 878 2555 938 οὐσίας
2577 877 2829 946 κοινωνίᾳ
2854 876 3055 947 πολλὴν
3076 876 3223 945 αὐτῷ
3242 875 3337 947 τὴν
3360 874 3692 946 παραμυθίαν

2048 966 2342 1037 εἰσφέρειν.
2372 966 2470 1020 Διά
2509 965 2619 1035 γάρ
2652 966 2751 1036 τὴν
2786 965 2976 1019 τούτου
3000 965 3339 1034 παράκλησιν
3369 966 3528 1019 τοῦτο
3559 964 3691 1038 [HQ]

2046 1052 2108 1105 τὸ
2139 1052 2275 1116 ζῶον
2307 1052 2729 1123 ἐδημιουργήθη.
2762 1051 2853 1105 Διὸ
2883 1054 2977 1105 καὶ
3017 1050 3226 1115 Παῦλος
3252 1052 3453 1120 ἔλεγενο
3494 1056 3574 1107 Οὐ
3598 1057 3693 1121 γὰρ

2047 1139 2292 1205 ἐκτίσθη
2323 1143 2357 1192 ό
2381 1138 2535 1207 ἀνὴρ
2559 1139 2657 1191 διὰ
2682 1139 2795 1206 τὴν
2814 1138 3085 1208 γυναῖκα,
3115 1138 3275 1192 ἀλλά
3301 1138 3454 1209 γυνὴ
3485 1138 3575 1193 διὰ
3600 1139 3694 1192 τὸν

2049 1224 2254 1294 ἄνδρα.
2308 1224 2467 1295 Ὀρᾷς
2496 1224 2610 1287 πῶς
2632 1225 2847 1278 ἅπαντα
2869 1224 2935 1277 δι’
2965 1224 3125 1276 αὐτὸν
3154 1223 3391 1293 γίνεταις
3423 1226 3578 1278 Μετά
3602 1226 3693 1296 γὰρ

2048 1312 2146 1380 τὴν
2176 1311 2533 1381 δημιουργίαν
2568 1310 2667 1379 τῆς
2699 1310 2947 1375 κτίσεως,
2983 1310 3120 1380 μετά
3167 1311 3229 1364 τὸ
3266 1310 3609 1382 παραχθῆναι
3636 1315 3696 1365 τὰ

2049 1397 2233 1465 ἄλογα,
2280 1397 2347 1449 τά
2383 1397 2516 1466 πρὸς
2550 1396 2753 1466 βρῶσιν
2790 1398 3088 1466 ἐπιτήδεια,
3128 1396 3198 1450 τά
3237 1398 3370 1468 πρὸς
3409 1399 3697 1471 ὑπηρεσίαν

2047 1481 2403 1552 χρησιμεύειν
2440 1482 2731 1552 δυνάμενα,
2754 1483 2942 1553 ἐπειδὴ
2970 1483 3139 1536 ἐδεῖτο
3161 1484 3190 1537 ὁ
3221 1483 3479 1547 πλασθεὶς
3508 1485 3697 1556 avem-

2050 1571 2149 1631 πός
2182 1587 2326 1631 τινος
2352 1567 2447 1621 τοῦ
2478 1568 3022 1639 προσδιαλεγομένου,
3058 1570 3151 1623 καὶ
3170 1570 3474 1641 δυναμένου
3511 1575 3573 1643 τῇ
3598 1592 3698 1625 xm-

2048 1655 2213 1725 νωνίᾳ
2231 1655 2329 1724 τῆς
2350 1655 2535 1718 οὐσίας
2556 1654 2754 1726 πολλὴν
2776 1654 2921 1724 αὐτῷ
2942 1656 3199 1727 παρέχειν
3224 1656 3320 1729 τήν
3337 1659 3697 1729 παραμυθίαν,

2047 1743 2134 1796 διὰ
2156 1742 2313 1795 τοῦτο
2349 1743 2412 1795 ἐκ
2444 1742 2545 1813 τῆς
2578 1742 2816 1814 πλευρᾶς
2848 1744 3011 1797 αὐτοῦ
3045 1745 3460 1818 δημιουργεῖται
3495 1748 3554 1801 τὸ
3579 1748 3700 1812 ζῶον

2047 1829 2203 1883 τοῦτο
2228 1830 2287 1881 τὸ
2324 1829 2558 1897 λογικὸν,
2585 1831 2676 1882 καί
2704 1831 2845 1884 κατὰ
2876 1832 2975 1902 τὴν
3001 1833 3308 1904 εὐμήχανον
3327 1836 3497 1889 αὐτοῦ
3525 1838 3701 1905 σοφίαν

2048 1917 2247 1970 τέλειον
2283 1917 2375 1970 καὶ
2414 1917 2816 1987 ἀπηρτισμένον
2848 1918 2979 1971 αὐτὸ
3017 1921 3327 1990 εἰργάσατο,
3364 1923 3511 1977 κατά
3542 1927 3702 1978 πάντα

2046 2005 2125 2075 τῷ
2166 2004 2436 2076 ἀνθρώπῳ
2473 2005 2675 2074 ὅμοιον,
2728 2006 2848 2077 ἀντὶ
2889 2004 3003 2071 τοῦ,
3049 2006 3280 2075 λογικὸν,
3325 2010 3622 2081 δυνάμενον
3654 2016 3703 2065 ὲν

2047 2095 2157 2155 τοῖς
2204 2091 2434 2161 καιρίοις
2482 2091 2630 2162 αὐτῷ
2668 2090 2760 2144 καὶ
2809 2095 2917 2153 τοῖς
2952 2094 3265 2161 ἀναγκαίοις
3290 2098 3381 2149 καὶ
3420 2099 3698 2168 συνέχουσι

2047 2179 2147 2249 τὴν
2179 2178 2324 2248 ζωὴν
2350 2179 2419 2232 τά
2451 2178 2550 2248 τῆς
2585 2177 2835 2247 βοηθείας
2861 2179 3152 2248 εἰσφέρειν.
3183 2182 3312 2245 Θεὸς
3344 2184 3456 2254 γὰρ
3494 2180 3562 2255 ἦν
3594 2188 3621 2238 ό
3647 2189 3704 2240 τὰ

2050 2265 2225 2317 πάντα
2252 2264 2414 2335 σοφία
2437 2266 2544 2317 τινὶ
2574 2266 2667 2317 καὶ
2693 2266 3023 2336 δημιουργίᾳ
3051 2268 3366 2338 οἰκονομῶν.
3394 2271 3461 2323 El
3495 2273 3602 2341 1&9
3626 2276 3705 2325 καὶ

2050 2354 2208 2422 ἡμεῖς
2256 2352 2343 2405 διά
2381 2352 2480 2422 τὴν
2512 2351 2620 2403 τῶν
2652 2351 2927 2421 λογισμῶν
2964 2353 3244 2407 ἀσθένειαν
3277 2357 3708 2427 καταλαμϐάνειν

2052 2442 2127 2511 μὴ
2166 2439 2443 2510 δυνάμεθα
2482 2439 2572 2492 τὸν
2615 2440 2814 2509 τρόπον
2841 2440 2951 2493 τῶν
2990 2442 3391 2513 γεγενημένων,
3418 2445 3541 2498 ἀλλ’
3573 2448 3708 2517 ὅμως

2051 2527 2399 2597 πιστεύομεν,
2432 2527 2511 2579 ὄτι
2558 2524 2634 2595 τῷ
2675 2526 2972 2596 βουλήματι
3002 2526 3163 2580 αὐτοῦ
3203 2531 3378 2583 πάντα
3420 2532 3587 2599 είκει,
3628 2539 3710 2589 καὶ

2050 2615 2186 2683 ὅπερ
2234 2614 2301 2667 ἂν
2356 2613 2653 2684 προστάξῃ,
2698 2614 2856 2667 τοῦτο
2916 2617 2994 2676 εἰς
3042 2616 3204 2685 μέσον
3237 2620 3568 2689 παράγεται.
3613 2623 3711 2675 Kal

2053 2700 2419 2768 ᾠκοδόμησε,
2468 2700 2620 2769 φησὶ,
2664 2700 2878 2767 Κύριος
2913 2703 2946 2754 ό
2982 2702 3127 2769 Θεὸς
3173 2704 3285 2771 τὴν
3321 2708 3615 2775 mist-par,
3642 2709 3711 2775 ἢν

2052 2790 2269 2841 ἐλαϐεν
2293 2788 2411 2842 ἀπὸ
2442 2788 2545 2841 τοῦ
2589 2787 2779 2856 Ἀδὰμ,
2811 2788 2899 2853 εις
2927 2790 3198 2858 γυναῖκα,
3226 2792 3323 2845 καί
3358 2794 3590 2863 inurer-
3619 2800 3713 2850 αὺ-

2053 2877 2169 2941 τὴν
2198 2876 2348 2944 πρὸς
2368 2875 2475 2929 τὸν
2510 2873 2701 2943 Ἀδάμ·
2732 2874 2969 2941 δεικνὺς,
2998 2877 3081 2930 ὅτι
3102 2877 3168 2931 δι’
3190 2879 3351 2932 αὐτὸν
3381 2882 3558 2952 αὐτήν
3584 2901 3713 2955 παρ-

2054 2966 2275 3033 ήγαγεν.
2304 2963 2548 3030 Ἤγαγεν
2579 2960 2772 3032 αὐτὴν,
2803 2963 2959 3033 φησὶ,
2987 2964 3121 3034 πρὸς
3140 2964 3232 3018 τὸν
3272 2965 3464 3037 Ἀδάμ.
3511 2970 3714 3040 Ἐπειδῆ

2054 3053 2161 3122 γὰρ
2192 3053 2368 3116 οὐδεὶς
2418 3050 2638 3122 εὑρέθη,
2688 3051 2874 3123 φησὶν,
2907 3054 2964 3105 ὲν
3000 3054 3134 3107 πᾶσι
3171 3057 3282 3120 τοῖς
3319 3056 3507 3120 ἀλλοις
3544 3058 3716 3128 ὅμοιός

2055 3157 2137 3192 σοι
2171 3140 2384 3211 βοηθὸς,
2444 3140 2553 3193 ἰδού
2598 3141 2733 3210 ὅπερ
2771 3140 3086 3212 ὑπεσχόμην
3126 3144 3568 3216 (ἐπηγγειλάμην
3617 3148 3717 3217 γὰρ

2057 3227 2247 3297 βοηθὸν
2309 3227 2493 3297 ὅμοιόν
2551 3243 2631 3280 σοι
2688 3228 3160 3300 κατασκευάζειν),
3217 3231 3375 3284 τοῦτο
3427 3233 3717 3304 πληρώσας

2055 3309 2397 3381 παραδίδωμί
2452 3327 2554 3362 σοι.
2588 3311 2809 3379 Ἥγαγε
2848 3310 2956 3381 γάρ
2984 3312 3200 3379 αὐτὴν,
3236 3315 3389 3383 φησὶ,
3428 3318 3587 3383 πρὸς
3625 3318 3719 3369 τὸν

2068 3396 2259 3464 Ἀδάμ.
2306 3396 2414 3450 Kal
2462 3392 2631 3449 εἶπεν
2669 3394 2861 3465 Ἀδὰμ,
2901 3397 3077 3450 Τοῦτο
3116 3398 3233 3451 νῦν
3254 3401 3483 3455 ὀστοῦν
3514 3405 3584 3457 ἐκ
3614 3403 3721 3456 τῶν

2057 3482 2283 3536 ὀστέων
2297 3499 2437 3551 μου,
2465 3482 2562 3535 καὶ
2594 3482 2750 3550 σὰρξ
2776 3483 2845 3536 ἐκ
2881 3481 3002 3537 τῶν
3036 3484 3277 3553 σαρκῶν
3296 3505 3439 3557 μου.

2123 3640 2232 3695 Θέα
2272 3658 2362 3712 μοι
2406 3641 2669 3704 ἐνταῦθα,
2714 3641 2992 3711 ἀγαπητὲ,
3032 3642 3149 3707 πῶς
3197 3646 3337 3715 μετά
3382 3648 3491 3717 τῆς
3538 3651 3722 3719 σοφίας

2057 3727 2271 3799 ἐκείνης
2303 3728 2402 3798 τῆς
2437 3728 2666 3797 ἀφάτου,
2718 3729 2816 3797 τῆς
2859 3729 3010 3800 παρά
3042 3730 3138 3783 τοῦ
3177 3732 3311 3785 Θεοῦ
3359 3735 3518 3805 αὐτῷ
3560 3756 3721 3809 χορηο

2057 3815 2336 3886 γηθείσης,
2382 3815 2449 3869 τά
2493 3815 2757 3885 δείγματα
2799 3818 2930 3887 ἡμῖν
2967 3818 3175 3872 ἐδείκνυ
3208 3820 3297 3874 διά
3336 3823 3436 3892 τῆς
3469 3827 3583 3879 τῶν
3616 3828 3723 3879 6w-

2060 3902 2245 3971 μάτων
2307 3901 2509 3964 θέσεως
2560 3901 2703 3974 άπερ
2756 3902 2989 3975 ἐπέθηκε
3042 3906 3314 3970 τοσούτοις
3367 3913 3487 3973 τοῖς
3547 3913 3725 3979 γένεσι

2055 3994 2164 4047 τῶν
2208 3994 2416 4062 ἀλόγων
2465 3992 2639 4058 ζώων,
2689 3995 2786 4047 καὶ
2833 3998 3177 4069 προφητικῆς
3226 3998 3426 4069 ἠξίωτο
3480 4006 3719 4077 χάριτος.

2057 4086 2155 4140 Διά
2180 4085 2288 4156 γάρ
2316 4084 2476 4139 τοῦτο
2510 4087 2567 4137 ὲν
2603 4087 2715 4149 τοῖς
2754 4086 3009 4157 ἀνωτέρω
3042 4089 3277 4154 ἐδίδαξεν
3300 4094 3449 4162 ἡμᾶς
3486 4098 3517 4148 ὁ
3545 4102 3719 4167 μακά-

2061 4196 2175 4251 ριος
2201 4172 2353 4239 οὗτος
2376 4178 2681 4249 προφήτης,
2710 4178 2791 4231 ὅτι
2832 4179 2969 4248 μετά
3000 4179 3094 4232 τοῦ
3135 4181 3300 4236 ὕπνου
3341 4187 3437 4239 καὶ
3470 4187 3725 4253 ἔκστασις

2060 4270 2221 4324 αὐτὸν
2259 4269 2448 4323 ἐλαϐεν
2473 4308 2489 4333 ,
2538 4270 2613 4333 ὡς
2664 4270 2798 4340 μηδὲ
2838 4271 2975 4335 ὅλως
3014 4272 3264 4344 αἴσθησιν
3312 4274 3579 4342 δέξασθαι
3638 4282 3726 4334 τοῦ

2058 4361 2367 4433 γενομένου,
2399 4361 2468 4415 ἵν’
2516 4361 2735 4415 ἐπειδὰν
2773 4362 2950 4433 μάθῃς
2980 4361 3105 4431 νῦν,
3142 4366 3220 4419 ἔτι
3265 4367 3401 4436 μετὰ
3448 4371 3555 4441 τὴν
3607 4372 3726 4425 θέαν

2057 4454 2158 4524 τῆς
2198 4454 2456 4522 γυναικὸς
2498 4454 2636 4525 μετά
2685 4456 2965 4525 ἀκριϐείας
3000 4456 3330 4526 ἀπαγγέλλει
3374 4462 3437 4514 τὸ
3481 4467 3726 4533 151015;.

2059 4549 2286 4620 πεισθῇς
2326 4548 2601 4621 ἀκριϐῶς,
2639 4548 2718 4601 ὅτι
2760 4553 3069 4620 προφητικῇ
3106 4553 3290 4623 χάριτι
3328 4555 3507 4609 ταῦτα
3565 4559 3726 4627 φθέγ‹

2058 4658 2243 4710 γεται,
2300 4643 2394 4696 καί⁵
2446 4641 2803 4713 ἐνηχούμενος
2859 4642 2964 4695 ὐπὸ
3013 4642 3114 4709 τῆς
3176 4643 3271 4698 τοῦ
3337 4647 3498 4715 ἁγίου
3556 4650 3726 4704 Ilva-3.

2062 4748 2229 4802 ματος
2273 4731 2641 4795 διδασκαλίας.
2692 4731 2749 4785 ’0
2806 4731 2913 4804 1&9
2969 4732 3137 4803 μηδὲν
3182 4735 3289 4789 τῶν
3338 4743 3726 4811 γεγενημένων

2059 4820 2233 4887 εἰδὼς,
2263 4822 2449 4894 ἐπειδὴ
2496 4823 2705 4894 ἤγαγεν
2754 4822 2923 4895 αὐτὴν
2952 4824 3088 4895 πρὸς
3117 4824 3300 4891 αὐτὸν,
3337 4829 3493 4901 φησί’
3525 4830 3726 4889 ’Τοῦτο

2058 4913 2176 4967 νῦν
2213 4913 2436 4968 ὀστοῦν
2477 4914 2545 4968 ἐκ
2588 4912 2705 4968 τῶν
2756 4914 2982 4969 ὀστέων
3012 4933 3153 4986 μου,
3190 4916 3290 4970 καί
3317 4917 3481 4987 σὰρξ
3515 4923 3590 4976 ἐκ
3630 4924 3726 4992 τῆς

2057 5004 2285 5071 σαρκός
2304 5022 2441 5073 μου.
2469 5004 2693 5076 Ἕτερος
2720 5005 2777 5059 δέ
2804 5022 2887 5069 τις
2908 5006 3246 5078 ἑρμηνευτής
3267 5025 3452 5080 φησιν,
3484 5012 3617 5067 ἀντί
3641 5015 3726 5068 τοῦ

2056 5096 2207 5160 Νῦν,
2241 5095 2422 5150 Τοῦτο
2460 5095 2642 5162 ἅπαξ,
2679 5097 2855 5168 δηλῶν
2892 5098 2972 5150 ὅτι
3002 5097 3095 5151 νῦν
3119 5098 3276 5152 τοῦτο
3313 5101 3473 5171 μόνον
3516 5107 3726 5174 γέγονε,

2057 5187 2153 5241 καὶ
2184 5186 2365 5241 οὐκέτι
2385 5186 2556 5251 οὕτως
2592 5188 2746 5242 ἔσται
2771 5189 2871 5259 τῆς
2901 5190 3158 5258 γυναικὸς
3189 5193 3223 5262 ή
3252 5192 3571 5261 διάπλασις.
3600 5201 3726 5266 Νῦν,

2058 5278 2243 5348 φησὶν,
2279 5277 2337 5344 ἐξ
2362 5278 2553 5349 ἀνδρὸς
2598 5278 2819 5347 γέγονεν
2856 5282 2889 5351 ἡ
2938 5281 3095 5352 γυνὴ,
3151 5281 3289 5351 μετά
3324 5284 3380 5338 δὲ
3413 5287 3601 5345 ταῦτα
3639 5296 3726 5361 οὐχ

2057 5368 2248 5434 οὕτως,
2282 5370 2394 5423 ἀλλ’
2424 5371 2487 5423 ὲκ
2520 5370 2618 5441 τῆς
2654 5371 2909 5439 γυναικὸς
2942 5373 2971 5425 6
3008 5373 3167 5444 ἀνήρ·
3204 5376 3405 5445 μᾶλλον
3428 5379 3487 5433 δὲ
3525 5385 3637 5437 οὐκ
3674 5389 3726 5439 ἐκ

2057 5460 2156 5530 τῆς
2178 5460 2449 5528 γυναικὸς,
2482 5459 2597 5514 ἀλλ’
2625 5461 2691 5514 ὲκ
2711 5465 2810 5533 τῆς
2839 5462 3163 5534 ἀμφοτέρων
3190 5467 3501 5537 συνεργίας·
3532 5473 3615 5538 ὡς
3646 5481 3726 5533 καῖ

2060 5553 2088 5604 ὁ
2127 5553 2337 5615 Παῦλός
2394 5569 2575 5621 φησιν’
2616 5556 2700 5607 Οὐ
2757 5553 2867 5623 γάρ
2910 5555 3080 5609 ἐστιν
3110 5556 3266 5625 ἀνὴρ
3308 5559 3379 5613 ἐκ
3412 5572 3726 5635 γυναικὸς,

2057 5645 2219 5701 ἀλλὰ
2244 5646 2398 5716 γυνὴ
2420 5645 2488 5712 ἐξ
2516 5646 2754 5717 ἀνδρός·
2780 5648 2878 5704 καί
2901 5650 3011 5705 οὐκ
3032 5649 3279 5719 ἐκτίσθη
3297 5651 3453 5723 ἀνὴρ
3474 5655 3589 5712 διὰ
3628 5662 3726 5725 τὴ)
