3796 6244
116 139 205 197 HI
1227 143 1293 204 IN
1331 144 1478 203 CAP.
1499 142 1563 204 il.
1603 144 1852 203 GENES.
1896 147 2129 204 HOMIL.
2173 149 2284 205 XV.

115 264 296 324 postea
325 264 509 311 tamen
538 255 845 328 cogniturus
871 265 1004 322 erat.
1045 257 1226 329 Itaque
1280 269 1336 314 ut
1386 275 1452 314 ne
1479 259 1625 313 illum
1656 259 1711 313 in

117 344 420 400 auferendo
447 339 656 413 dolore,
683 362 854 416 neque
897 349 966 402 ob
1007 349 1326 402 ablationem
1364 349 1574 404 tristitia
1596 349 1714 404 affi-

114 446 274 495 ceret,
311 445 546 506 utraque
571 439 646 492 sic
672 438 1015 509 dispensavit,
1049 449 1104 493 ut
1149 447 1204 494 et
1247 439 1379 494 citra
1418 443 1710 495 cruciatum

115 526 253 578 illius
295 528 560 591 auferret,
592 535 645 581 et
695 527 909 597 impleto
949 544 1014 583 eo
1064 528 1182 584 loco
1222 529 1362 584 unde
1396 530 1708 598 abstulerat,

115 617 378 671 laetorum
413 633 630 671 sensum
649 621 922 688 percipere
953 635 1058 674 non
1085 620 1303 674 sineret.
1353 617 1514 690 Igitur
1556 634 1711 675 acce-

117 717 255 774 ptam
287 707 432 760 hanc
458 717 660 761 costam
692 707 970 762 aediﬁcavit
1001 710 1257 763 Dominus
1279 709 1417 764 Deus
1441 710 1492 764 in
1525 711 1714 765 mulie-

119 811 252 848 rem.
289 795 630 851 Admirabile
685 798 917 864 dictum,
948 807 1182 853 nostram
1235 800 1495 853 rationem
1549 800 1712 853 nimia

121 879 442 941 excellentia
471 888 713 942 vincens.
773 885 1046 957 Ejusmodi
1077 891 1219 944 enim
1248 898 1371 944 sunt
1395 890 1572 944 omnia
1595 903 1713 958 quae

123 975 250 1030 liuut
276 990 308 1029 a
333 976 585 1032 Domino.
629 975 771 1031 Istud
799 979 971 1043 enim,
1000 990 1157 1046 quam
1181 971 1451 1033 hominem
1469 995 1498 1033 e
1522 978 1712 1048 pulvee

125 1083 177 1120 re
206 1066 457 1131 formari,
493 1083 599 1120 non
642 1077 724 1121 est
755 1069 948 1122 minus.
991 1069 1058 1122 Et
1083 1068 1203 1122 vide
1230 1070 1420 1122 iterum
1448 1066 1716 1138 quomodo

124 1154 296 1210 divina
358 1159 639 1226 Scriptura
691 1159 868 1213 verbis
904 1168 1099 1214 nostrae
1151 1159 1443 1214 infirmitati
1499 1174 1715 1214 accom-

128 1249 293 1301 ntodis
325 1264 427 1302 usa
457 1249 546 1302 sit.
581 1248 644 1303 Et
671 1252 880 1319 accepit,
904 1251 1090 1320 inquit,
1110 1268 1260 1304 unam
1285 1263 1536 1306 costarum
1557 1252 1716 1306 illius.

193 1332 262 1393 Ut
289 1337 464 1393 Deum
493 1341 630 1394 decet
661 1346 768 1394 haec
796 1342 942 1396 verba
973 1342 1332 1412 intelligenda;
1375 1342 1621 1396 Dominus
1674 1349 1723 1395 et

127 1427 254 1485 Deus
285 1432 355 1485 de
390 1433 550 1486 Patre
573 1444 620 1488 et
647 1429 988 1490 Filiam—Ne
1029 1436 1258 1489 humano
1300 1450 1450 1489 more
1495 1434 1723 1503 accipias

126 1537 236 1591 qua:
258 1523 544 1590 dicuntur,
575 1524 668 1580 sed
695 1540 874 1580 crassa
924 1526 1083 1582 verba
1109 1526 1353 1582 humana:
1375 1525 1722 1582 imbecillitati

125 1618 419 1670 convenire
448 1615 673 1686 cogites.
699 1615 830 1670 Nam
862 1618 962 1672 nisi
991 1614 1074 1671 his
1099 1617 1277 1672 verbis
1303 1616 1573 1686 Scriptura
1591 1616 1723 1670 fuis-

125 1715 201 1760 set
241 1720 366 1771 usa,
402 1704 674 1775 quomodo
700 1718 804 1762 tam
836 1724 1024 1763 arcana
1073 1709 1324 1779 mysteria
1372 1709 1578 1764 discere
1625 1723 1724 1778 po-

124 1799 461 1852 tuissemus?
494 1814 561 1853 ne
602 1800 762 1869 igitur
805 1800 986 1856 verbis
1035 1809 1236 1856 tantum
1282 1801 1479 1856 addicti
1535 1804 1722 1869 simus,

124 1887 213 1941 sed
256 1889 453 1942 omnia
497 1899 556 1944 ut
583 1905 678 1959 par
703 1891 876 1946 estde
899 1892 1010 1947 Deo
1038 1893 1350 1948 sentiamus.
1377 1892 1724 1963 Quandoqui-

123 1980 238 2034 dem
280 1980 421 2035 dum
453 1981 668 2049 dicitur,
719 1984 942 2054 Accepit,
995 1993 1051 2040 et
1094 1985 1270 2040 omnia
1325 1986 1469 2050 talia,
1514 1994 1728 2056 propter

126 2082 372 2125 nostram
420 2073 785 2129 infirmitatem
845 2077 916 2129 ita
967 2075 1108 2131 dicta
1154 2084 1296 2132 sunt.
1349 2075 1728 2130 Animadverte

123 2171 303 2216 autem
328 2163 611 2232 quomodo
637 2175 691 2220 et
713 2165 799 2220 hic
829 2166 1016 2222 eadem
1051 2181 1147 2223 usa
1183 2177 1267 2222 est
1307 2167 1728 2233 consuetudine,

122 2267 221 2320 qua
251 2268 450 2322 supra,
485 2269 607 2308 cum
652 2255 719 2310 de
760 2256 925 2310 Adam
952 2266 1151 2327 ageret.
1182 2255 1312 2311 Nam
1344 2267 1402 2312 ut
1428 2258 1495 2313 ibi
1521 2260 1727 2328 semel,

125 2344 438 2409 aciterum,
470 2355 524 2399 ct
550 2345 745 2415 saepius
764 2347 914 2413 dixit,
960 2346 1028 2399 Et
1057 2349 1248 2417 accepit
1299 2347 1547 2404 Dominus
1588 2349 1730 2406 Deus

128 2435 389 2490 hominem
415 2453 428 2491 :
463 2447 520 2491 et
550 2439 762 2502 iterum,
796 2439 862 2491 Et
882 2442 1118 2509 praecepit
1141 2437 1384 2496 Dominus
1411 2440 1546 2496 Deus
1570 2444 1695 2498 Ade:
1712 2460 1732 2499 .‘

131 2527 427 2594 ctiterum,
454 2525 696 2598 Dixitque
714 2528 960 2584 Dominus
991 2529 1128 2586 Deus
1151 2529 1458 2587 :Faciamus
1482 2535 1560 2588 illi
1580 2536 1732 2607 adju-

134 2628 289 2670 torem
319 2614 545 2672 similem
575 2621 651 2673 illi
678 2637 698 2674 :
727 2622 803 2675 sic
827 2629 881 2675 et
922 2637 1061 2676 nunc
1104 2621 1292 2692 inquit,
1349 2621 1417 2678 Et
1463 2625 1732 2693 adiﬁcavit

134 2704 397 2760 Dominus
454 2707 592 2763 Deus
643 2719 850 2776 costam,
898 2728 1046 2780 quam
1097 2714 1287 2783 accepit
1336 2713 1399 2766 ab
1453 2713 1636 2781 Adam,
1679 2717 1732 2771 in

135 2801 440 2863 mulierem;
466 2809 519 2854 et
543 2800 699 2870 paulo
719 2803 983 2871 superius,
1014 2799 1078 2855 Et
1099 2804 1303 2857 immisit
1326 2804 1571 2860 Dominus
1597 2805 1734 2862 Deus

135 2906 404 2943 excessum
453 2891 507 2943 in
547 2891 751 2945 Adam:
779 2902 834 2945 ut
875 2890 1048 2946 discas
1097 2890 1292 2948 nullam
1325 2895 1492 2950 Patris
1523 2906 1576 2950 et
1613 2891 1732 2951 Filii

137 2980 513 3034 diversitatem
550 2980 648 3035 has
686 2981 943 3037 dictiones
983 2983 1214 3038 indicare
1248 3002 1260 3037 :
1293 2986 1412 3054 quia
1462 2985 1735 3056 utriusque

135 3080 223 3126 est
272 3087 381 3126 una
439 3073 706 3138 essentia,
761 3073 1216 3130 indiseriminatim
1279 3075 1578 3132 nominibus
1623 3077 1736 3132 istis

135 3165 421 3236 Scriptum
450 3166 638 3220 utitur.
665 3167 800 3222 Ecce
837 3167 996 3237 igitur
1021 3175 1076 3222 et
1101 3165 1237 3222 hanc
1258 3166 1692 3223 consuetudinem
1718 3209 1734 3234 ,

141 3272 270 3316 cum
312 3259 386 3315 de
429 3260 747 3316 formatione
774 3263 1013 3317 mulieris
1049 3265 1176 3334 agit,
1201 3260 1442 3317 similiter
1467 3262 1734 3331 servavit,

143 3353 381 3408 dicens:
413 3352 479 3406 Et
517 3353 786 3420 azdi/icavit
835 3352 1085 3409 Dominus
1131 3354 1270 3411 Deus
1328 3363 1539 3420 costam,
1587 3369 1737 3422 quant

140 3441 341 3508 accepit
370 3439 432 3491 ab
475 3438 656 3502 Adam,
696 3440 749 3491 in
789 3440 1068 3494 mulierem.
1106 3440 1241 3508 Quid
1269 3457 1399 3512 ergo
1435 3445 1521 3500 hic
1560 3446 1739 3500 dicent

140 3531 430 3597 haeretici,
461 3531 550 3600 qui
576 3530 752 3585 omnia
781 3531 1047 3587 curiosius
1088 3533 1371 3603 explorare
1423 3539 1627 3602 volunt,
1684 3550 1739 3597 et

137 3621 458 3677 Conditoris
486 3622 721 3675 omnium
757 3623 1155 3690 generationem
1186 3627 1654 3696 comprehendisse
1677 3645 1738 3686 se

139 3715 378 3785 putant?
407 3715 536 3782 Quis
562 3729 740 3770 sermo
762 3715 862 3770 hoc
886 3716 1153 3785 esplicare
1189 3718 1419 3785 poterit?
1445 3735 1561 3788 quae
1588 3736 1740 3776 mens

137 3805 650 3875 cn-mprehcndere?
693 3803 863 3861 Unam
909 3815 1146 3875 costam,
1183 3808 1373 3878 inquit,
1401 3812 1637 3880 accepit;
1686 3822 1742 3868 et

141 3891 424 3962 quomodo
455 3908 519 3947 ex
565 3893 664 3950 hac
690 3896 842 3950 unica
869 3905 1013 3952 costa
1037 3906 1204 3953 totum
1239 3901 1434 3955 animal
1456 3901 1741 3959 formavit?

143 3983 213 4037 Et
243 3982 379 4054 quid
407 3983 550 4050 dico,
578 3986 844 4054 quomodo
867 4001 932 4042 ex
961 3988 1060 4044 hac
1100 4005 1201 4044 una
1229 3992 1425 4046 animal
1447 3991 1740 4050 formavit?

143 4074 276 4140 Dic,
311 4074 561 4141 obsecro,
591 4078 857 4147 quomodo
890 4079 1084 4136 ablatio
1135 4082 1271 4137 facta
1314 4085 1429 4138 est?
1473 4086 1742 4152 quomodo

142 4166 347 4232 Adam,
392 4181 514 4220 eum
553 4167 851 4224 auferretur
889 4179 1058 4238 costa,
1110 4189 1215 4228 non
1257 4174 1580 4232 sensiIlSed
1612 4177 1741 4234 nihil

143 4257 344 4313 borum
367 4259 553 4315 dicere
585 4262 784 4332 poteris
815 4278 990 4319 :unus
1027 4265 1169 4320 enim
1221 4275 1423 4323 tantum
1475 4269 1594 4335 scit,
1651 4272 1740 4341 qui

142 4358 229 4404 est
249 4351 372 4419 ipse
398 4348 676 4406 Conditor.
705 4351 856 4418 Quod
883 4355 927 4408 si
960 4354 1074 4410 haec
1097 4372 1215 4426 qua:
1241 4358 1292 4412 in
1323 4360 1566 4415 manibus
1594 4371 1738 4428 sunt,

138 4449 197 4494 et
227 4440 485 4494 animalis
510 4440 653 4495 illius
671 4442 810 4511 quod
838 4444 994 4499 nobis
1014 4459 1174 4500 carne
1197 4459 1478 4518 cognatum
1513 4459 1596 4504 est
1635 4452 1743 4505 for-

142 4531 446 4586 mationem
496 4547 604 4586 non
653 4533 1187 4603 comprehendimus;
1228 4541 1409 4610 quanti
1457 4540 1631 4595 delirii
1687 4551 1741 4596 et

142 4622 406 4677 amentiae
434 4621 594 4678 fuerit
625 4625 886 4680 curiosius
907 4626 1175 4697 inquirere
1199 4644 1318 4698 qua:
1351 4630 1513 4699 ipsius
1541 4632 1741 4686 Condi-

142 4714 279 4769 toris
309 4723 460 4778 sunt,
492 4723 546 4769 et
572 4714 749 4770 dicere
775 4731 832 4772 se
869 4718 954 4771 illa
980 4720 1456 4789 comprehendere,
1512 4737 1737 4790 quorum

141 4820 324 4876 neque
357 4805 686 4876 incorporea:
707 4816 760 4862 et
780 4808 972 4863 divinae
994 4811 1214 4865 virtutes
1235 4812 1433 4881 justam
1462 4813 1737 4868 scientiam

140 4898 370 4961 habent,
402 4895 498 4952 sed
521 4913 640 4952 cum
687 4899 878 4954 timore
904 4908 958 4955 et
1001 4911 1232 4958 tremore
1259 4903 1312 4958 in
1339 4902 1546 4960 assidua
1572 4905 1742 4977 glori.-

140 4990 396 5043 licatione
442 4991 820 5059 perseverant?

214 5085 268 5139 3.
297 5081 370 5136 Et
392 5083 665 5150 wdiﬁcavit
692 5081 938 5138 Dominus
963 5083 1101 5140 Deus
1127 5095 1338 5154 costam,
1373 5103 1522 5154 quam
1548 5087 1740 5158 accepit

140 5177 204 5228 ab
258 5175 447 5238 Adam,
478 5175 532 5226 in
581 5175 861 5230 mulierem.
897 5175 1026 5230 Vide
1070 5176 1356 5247 Scripturae
1389 5177 1737 5250 diligentiam.

141 5266 259 5321 Non
289 5267 434 5320 enim
453 5265 563 5335 jam
591 5266 740 5330 dicit,
769 5268 1056 5334 Formavit,
1091 5268 1205 5333 sed,
1240 5268 1542 5338 lEdiﬁcavit
1571 5286 1591 5324 :
1616 5272 1736 5340 quia

141 5373 206 5413 ex
222 5359 338 5427 jam
367 5357 599 5412 formato
624 5367 825 5427 partem
853 5361 1076 5428 accepit,
1127 5369 1181 5414 et
1218 5362 1367 5429 quasi
1396 5361 1596 5416 diceret
1642 5363 1740 5417 ali-

141 5454 283 5522 quis,
343 5452 488 5521 quod
542 5450 726 5506 deerat
772 5451 937 5507 dedit.
996 5451 1118 5506 Ideo
1168 5451 1314 5518 dicit,
1349 5452 1413 5506 Et
1433 5453 1739 5522 aediﬁcavit:

143 5561 247 5598 non
294 5543 458 5597 aliam
519 5541 889 5598 formationem
939 5541 1082 5612 fecit,
1136 5543 1232 5601 sed
1270 5559 1334 5602 ex
1360 5560 1424 5602 eo
1463 5545 1602 5617 quod
1625 5546 1736 5618 jam

3298 154 3400 210 ειη

1819 257 2102 315 formatum
2145 271 2279 326 erat,
2321 271 2534 332 accepta
2578 263 2912 334 portiuttcula
2963 265 3210 336 quadam,
3263 269 3399 322 hanc

1820 361 2023 420 partem
2049 352 2350 418 mdilicavit,
2380 362 2432 408 et
2455 354 2744 423 perfectum
2791 355 2919 411 fecit
2945 359 3160 411 animal.
3193 357 3399 426 Quanta

1819 443 2005 510 optimi
2052 443 2323 498 architecti
2379 446 2473 498 Dei
2520 447 2777 516 potentia,
2808 463 2925 516 quas
2952 463 3018 502 ex
3052 448 3252 502 tantilla
3281 465 3402 512 par-

1821 531 1980 585 ticula
2032 540 2110 584 tot
2159 542 2214 586 et
2261 545 2364 586 tam
2421 535 2680 603 elegantia
2734 537 2970 590 membra
3025 533 3402 590 concinnavit:

1822 629 1997 675 tantos
2033 622 2279 676 formavit
2328 639 2544 689 sensus,
2573 640 2635 679 ac
2674 626 2987 691 perlectum,
3021 627 3303 695 integrum,
3349 636 3405 678 et

1821 713 2125 766 absolutum
2171 709 2367 767 animal
2397 714 2539 780 fecit,
2593 715 2732 784 quod
2777 717 2944 784 possit
2968 725 3024 769 et
3050 716 3303 786 colloqui,
3352 727 3406 770 et

1821 803 2196 856 communione
2241 803 2551 857 substantia:
2595 805 2710 858 viro
2747 806 2910 858 multa
2957 805 3156 868 afferre,
3185 807 3402 860 solatia!

1823 889 1954 943 Nam
1981 890 2046 943 ad
2073 891 2188 960 ejus
2209 893 2627 946 consolationem
2656 893 2965 947 animalhoc
2996 894 3276 949 formatum
3300 905 3402 951 est.

1827 977 1978 1035 Unde
1999 991 2052 1036 et
2072 982 2264 1036 Paulus
2293 981 2547 1037 dicebat:
2582 981 2704 1036 Non
2750 984 2884 1036 enim
2928 989 3174 1054 formatus
3218 995 3289 1038 est
3333 987 3407 1039 vir

1824 1082 2030 1143 propter
2083 1073 2360 1138 mulierem,
2384 1072 2473 1126 sed
2504 1073 2682 1126 mulier
2720 1083 2927 1143 propter
2956 1075 3116 1126 virum
3158 1076 3246 1144 (l.
3280 1075 3398 1129 Cor.

1827 1161 1912 1215 Η.
1942 1161 2029 1226 9).
2065 1158 2227 1216 Vides
2269 1162 2538 1232 quomodo
2561 1163 2737 1218 omnia
2765 1175 2983 1232 pr0pter
3026 1166 3194 1218 virum
3242 1164 3410 1220 fiant?

1824 1249 2044 1305 Condita
2074 1250 2213 1304 enim
2245 1263 2509 1317 creatura,
2546 1252 2818 1321 productis
2844 1252 3030 1318 brutis,
3087 1262 3141 1307 et
3189 1254 3311 1313 cibo
3357 1266 3412 1308 et

1827 1343 2120 1398 ministerio
2161 1345 2392 1408 utilibus,
2451 1347 2574 1414 quia
2622 1343 2881 1398 formatus
2926 1342 3088 1398 homo
3133 1345 3405 1413 indigebat

1825 1433 2002 1503 aliquo
2028 1431 2445 1498 c0nfahulatore,
2478 1443 2531 1489 et
2580 1449 2646 1489 co
2693 1434 2782 1505 qui
2825 1435 3091 1505 particeps
3133 1435 3251 1504 ejus
3275 1436 3406 1489 sub-

1827 1525 2037 1579 stantia:
2080 1524 2304 1579 multum
2344 1525 2516 1580 solatii
2537 1523 2731 1580 afferre
2753 1536 2952 1596 posset,
2984 1525 3104 1580 ideo
3148 1541 3213 1580 ex
3242 1526 3411 1581 latere

1828 1614 1967 1670 illius
1990 1615 2092 1670 hoc
2121 1617 2378 1672 rationale
2401 1617 2600 1670 animal
2645 1616 2860 1682 format,
2901 1625 2956 1671 et
2991 1615 3281 1671 secundum
3332 1615 3415 1670 in-

1827 1706 2085 1760 dustriam
2112 1722 2262 1762 suam
2285 1717 2340 1763 et
2364 1707 2676 1777 sapientiam
2706 1707 2997 1777 perfectum
3028 1717 3083 1763 et
3111 1707 3414 1762 absolutum

1830 1796 1930 1852 hoc
1956 1796 2100 1864 facit,
2126 1814 2220 1868 per
2248 1799 2424 1853 omnia
2455 1799 2653 1852 homini
2681 1797 2876 1866 simile,
2919 1798 2971 1852 id
2993 1807 3094 1864 est,
3127 1799 3409 1861 rationale.

1829 1889 1970 1958 quod
2005 1889 2054 1944 ei
2109 1899 2287 1958 posset
2332 1890 2384 1943 in
2413 1889 2819 1944 necessitatibus
2847 1897 2902 1943 et
2929 1888 3226 1945 commodis
3257 1889 3416 1959 hujus

1831 1980 1953 2032 vita:
1998 1980 2236 2035 subsidio
2261 1994 2399 2035 esse.
2434 1981 2577 2036 Deus
2628 1980 2769 2036 enim
2801 1992 2937 2048 erat,
2983 1983 3072 2051 qui
3115 1982 3291 2035 omnia
3331 1996 3418 2034 sa-

1833 2070 1995 2139 pienti
2025 2070 2253 2140 quadam
2307 2072 2515 2126 ratione
2557 2072 2795 2126 condidit
2835 2081 2890 2127 et
2927 2073 3252 2127 moderatur.
3301 2073 3415 2126 Etsi

1832 2161 1974 2216 enim
2025 2176 2125 2218 nos
2167 2163 2257 2233 qui
2307 2171 2414 2217 tam
2461 2163 2710 2218 imbecilli
2755 2171 2934 2218 mente
2963 2179 3166 2227 sumus,
3198 2165 3414 2218 modum

1832 2265 1938 2321 quo
1962 2249 2097 2306 facta
2125 2260 2249 2305 sunt
2275 2253 2413 2307 scire
2444 2269 2550 2306 non
2582 2268 2882 2321 possumus.
2926 2253 3194 2308 credimus
3239 2264 3415 2308 tamen

1835 2343 2093 2397 voluntati
2136 2344 2276 2398 illius
2322 2345 2499 2398 ornnia
2537 2347 2785 2412 cessisse,
2817 2353 2872 2399 et
2904 2344 3155 2415 quidquid
3186 2345 3416 2414 impera-

1833 2439 1930 2502 vit,
1974 2436 2170 2491 l'actum
2217 2451 2358 2492 esse.
2407 2437 2495 2491 22.
2532 2437 2599 2491 Et
2619 2439 2906 2507 aediﬁcavit,
2955 2438 3144 2508 inquit,
3175 2438 3419 2492 Dominus

1835 2525 1972 2580 Deus
1985 2539 2194 2594 costam,
2217 2545 2365 2597 quant
2386 2529 2572 2598 accepit
2599 2533 2660 2582 ab
2684 2529 2867 2594 Adam,
2886 2529 2938 2581 in
2959 2529 3213 2582 mulierem
3229 2541 3305 2582 :et
3322 2529 3415 2582 atl-

1837 2618 1978 2671 duxit
2001 2619 2139 2670 illam
2159 2619 2225 2672 ad
2248 2619 2411 2672 Adam
2432 2619 2754 2674 :ostendens
2783 2634 2840 2672 se
2860 2629 3073 2688 propter
3092 2620 3238 2673 illum
3266 2620 3419 2673 istam

1835 2710 2158 2775 condidisse,
2190 2710 2408 2764 adduxit
2435 2710 2574 2764 illam
2601 2710 2667 2764 ad
2704 2711 2891 2764 Adam.
2923 2711 3182 2776 Quoniam
3222 2710 3417 2776 nullus,

1838 2801 2028 2870 inquit,
2063 2801 2113 2856 in
2145 2802 2391 2856 omnibus
2415 2800 2531 2856 aliis
2560 2801 2771 2870 adjutor
2808 2801 2899 2855 tibi
2941 2802 3188 2855 inventus
3226 2810 3308 2854 est
3349 2802 3422 2854 si-

1838 2889 1997 2957 milis,
2050 2907 2177 2946 ecee
2222 2891 2323 2946 hoc
2370 2891 2509 2962 quod
2543 2891 2831 2961 pollicebar
2871 2890 3125 2963 (promisi
3153 2892 3294 2945 enim
3329 2891 3421 2946 tibi

1838 2981 2099 3039 facturum
2132 2999 2215 3038 me
2242 2983 2536 3054 adjutorem
2585 2983 2813 3038 similem
2859 2981 3012 3054 tibi),
3058 2998 3199 3037 nunc
3251 2983 3423 3052 perle-

1839 3083 1981 3128 ctum
2035 3074 2188 3130 trado
2231 3075 2345 3130 tibi.
2374 3070 2598 3128 Adduxit
2619 3073 2784 3142 illam,
2816 3073 3004 3143 inquit,
3032 3073 3100 3126 ad
3124 3073 3306 3126 Adam.
3328 3073 3419 3128 23.

1840 3159 1908 3217 Et
1935 3163 2062 3218 dixit
2091 3165 2275 3232 Adam,
2310 3163 2420 3220 Hoc
2443 3182 2572 3220 nunc
2593 3181 2648 3219 as
2675 3182 2740 3220 ea:
2765 3165 2959 3219 ossibus
2985 3167 3190 3234 meis,et
3226 3183 3343 3220 caro
3362 3181 3426 3220 ea:

1837 3270 1990 3309 carne
2010 3273 2140 3310 mea.
2223 3257 2238 3274 ‘

1910 3347 2076 3400 Adam
2122 3349 2467 3418 pr0pheticam
2517 3348 2733 3419 gratiam
2771 3349 2980 3415 accepit.
3024 3377 3096 3388 -—
3135 3347 3268 3403 Vide
3304 3349 3420 3413 hic,

1841 3452 2044 3505 qua-so,
2084 3437 2352 3507 quomodo
2381 3453 2500 3493 cum
2550 3436 2797 3492 ineffabili
2841 3437 2929 3491 illa
2959 3437 3238 3507 sapientia,
3268 3438 3365 3491 sibi
3392 3453 3424 3492 a

1847 3527 1955 3581 Deo
2005 3529 2372 3598 suppeditata,
2424 3529 2576 3597 cujus
2626 3529 2778 3582 nobis
2823 3528 3014 3582 indicia
3065 3528 3424 3583 demonstrata

1843 3629 1967 3674 sunt
1997 3635 2091 3690 per
2128 3622 2401 3674 nominum
2451 3621 2870 3689 impositionem,
2900 3637 3019 3690 qua:
3048 3629 3123 3674 tot
3151 3622 3425 3675 brutorum

1843 3709 2151 3763 animalium
2174 3709 2459 3778 generibus
2487 3709 2697 3775 indidit,
2718 3709 2878 3765 etiam
2909 3711 3272 3779 pr0pheticam
3301 3725 3424 3779 gra-

1845 3801 1972 3856 tiam
2018 3800 2226 3870 aceipit.
2255 3799 2385 3854 Nam
2428 3799 2625 3854 idcirco
2673 3809 2828 3855 antea
2869 3799 3049 3854 docuit
3101 3815 3200 3853 nos
3240 3800 3428 3853 beatus

1845 3891 1934 3947 ille
1963 3894 2240 3963 pr0pheta,
2271 3907 2393 3946 eum
2441 3903 2496 3946 et
2537 3906 2746 3953 somno.
2779 3899 2833 3945 et
2876 3889 3075 3945 exstasi
3121 3900 3424 3958 correptum

1845 3983 2051 4039 fuisse:
2096 3987 2164 4039 ita
2223 3994 2279 4038 ut
2324 3999 2392 4039 ne
2421 3998 2635 4038 sensum
2667 3981 2878 4052 quidem
2921 3981 3082 4035 ullum
3126 3979 3240 4048 ejus
3286 3980 3428 4048 quod

1845 4075 2006 4130 fiebat
2035 4075 2334 4145 perciperet
2359 4094 2372 4129 :
2401 4083 2457 4129 ut
2493 4089 2614 4129 cum
2648 4087 2789 4127 nunc
2814 4071 2996 4136 discis,
3026 4086 3148 4125 eum
3169 4069 3281 4123 visa
3312 4086 3430 4123 mu-

1845 4168 1975 4223 liere
2025 4167 2304 4238 diligenter
2333 4166 2474 4237 quod
2515 4165 2710 4220 factum
2759 4172 2876 4220 erat
2918 4178 3191 4229 enarrare,
3240 4162 3429 4217 credas

1845 4268 2012 4326 certo,
2055 4274 2175 4314 eum
2221 4268 2436 4327 accepta
2487 4256 2793 4328 prophetica
2847 4257 3048 4326 gratia,
3100 4264 3155 4309 et
3197 4255 3426 4325 Spiritus

1845 4354 2013 4410 sancti
2043 4352 2283 4407 doctrina
2312 4353 2545 4406 afflatum
2586 4352 2701 4405 haec
2722 4351 2886 4421 loqui.
2923 4349 3130 4419 Quippe
3153 4365 3272 4404 cum
3296 4350 3425 4403 nihil

1846 4445 1913 4499 de
1970 4445 2034 4499 iis
2079 4460 2196 4514 quae
2240 4445 2373 4498 facta
2405 4454 2558 4498 erant
2592 4444 2773 4508 sciret,
2803 4451 3083 4512 postquam
3128 4443 3266 4496 Deus
3293 4442 3430 4496 hanc

1846 4536 1923 4592 illi
1952 4536 2191 4602 adduxit,
2223 4534 2412 4606 inquit,
2444 4535 2557 4588 Hoc
2583 4552 2714 4588 nunc
2760 4551 2816 4589 os
2859 4551 2920 4587 ea:
2947 4533 3140 4588 ossibus
3191 4533 3334 4599 meis,
3383 4541 3430 4587 et

1845 4643 1962 4680 caro
1993 4641 2054 4680 ea:
2087 4643 2239 4681 carne
2288 4643 2418 4680 mea.
2447 4627 2599 4681 Alius
2625 4641 2752 4680 vero
2786 4624 2998 4694 quidam
3032 4625 3293 4694 interpres
3316 4620 3426 4694 (a),

1845 4734 1941 4790 pro
1970 4717 2142 4783 Nunc,
2171 4719 2328 4772 vertit
2356 4715 2468 4772 Hoc
2502 4717 2674 4784 semel,
2713 4717 2991 4780 declarans
3014 4716 3179 4770 semel
3220 4722 3426 4768 tantum

1845 4810 1946 4866 hoc
1967 4811 2161 4866 factum
2187 4826 2325 4878 esse,
2371 4827 2542 4880 neque
2566 4811 2702 4865 ultra
2729 4809 2842 4864 fore
2869 4809 3027 4864 talem
3059 4807 3293 4862 mulieris
3315 4806 3427 4860 for-

1844 4904 2153 4958 mationem.
2182 4901 2366 4968 Nunc,
2409 4903 2595 4973 inquit,
2637 4901 2772 4956 facta
2815 4910 2898 4955 est
2937 4915 3002 4953 ex
3049 4899 3163 4952 viro
3192 4897 3422 4962 mulier,

1845 4995 2067 5067 posthac
2117 5012 2223 5051 non
2276 4995 2354 5051 sic
2383 4996 2504 5062 erit,
2557 4994 2646 5049 sed
2689 5009 2754 5048 ex
2784 4992 3002 5046 muliere
3037 4991 3148 5053 vir;
3183 4991 3287 5042 imo
3318 5005 3423 5042 non

1848 5103 1912 5142 ex
1952 5085 2196 5154 muliere,
2243 5084 2336 5140 sed
2367 5101 2430 5140 ex
2478 5085 2751 5153 utriusque
2777 5079 3178 5149 cooperatione;
3210 5079 3343 5133 sicut
3372 5091 3427 5134 et

1847 5177 2039 5234 Paulus
2060 5160 2266 5248 inquit:
2298 5175 2418 5231 Non
2451 5185 2523 5231 est
2552 5175 2682 5230 enim
2706 5173 2779 5226 vir
2802 5188 2864 5226 ex
2883 5171 3108 5237 muliere,
3136 5171 3225 5225 sed
3246 5172 3425 5225 mulier

1844 5287 1907 5326 ea:
1943 5271 2048 5325 viro
2075 5285 2094 5324 :
2114 5279 2159 5324 et
2188 5285 2288 5324 non
2317 5267 2547 5322 conditus
2573 5275 2645 5319 est
2685 5266 2758 5318 vir
2784 5272 2987 5334 propter
3016 5263 3272 5316 mulierem
3291 5306 3305 5328 ,
3337 5264 3425 5318 sed

1917 5422 1988 5484 (a)
2013 5416 2120 5466 Non
2146 5429 2272 5465 unus
2296 5418 2504 5471 tantum,
2524 5412 2612 5460 sed
2633 5410 2730 5460 duo
2755 5415 2873 5461 sunt
2893 5411 3212 5484 interpretes,
3229 5413 3315 5468 qut
3337 5420 3418 5456 vo-

1853 5482 1937 5537 ces
1957 5489 2122 5542 DYB't
2149 5488 2240 5538 rm
2275 5484 2617 5548 vertunt,‘ltoc
2649 5485 2792 5548 semel
2832 5482 2994 5548 (rubro
3033 5482 3208 5548 artati);
3245 5491 3422 5548 nempe

1855 5550 2177 5611 Symmachus
2199 5552 2252 5598 et
2276 5544 2566 5608 Theodotio,
2596 5554 2651 5596 ut
2673 5547 2840 5595 videas
2863 5545 2911 5594 iu
2948 5543 3190 5605 Heaaplis
3223 5543 3420 5589 nostris.
