3754 6258
370 175 473 231 1Ξῦ

368 288 552 341 mulier
578 290 779 352 propter
828 280 985 332 virum
1030 277 1119 349 (l.
1153 277 1268 331 Cor.
1301 278 1386 332 Η.
1418 276 1468 331 8.
1517 275 1613 343 9).
1658 274 1727 326 At
1775 271 1959 325 isthme

375 381 508 448 ipsa,
536 377 675 431 dicet
700 374 911 443 aliquis,
956 388 1072 442 qua:
1102 370 1240 424 dicta
1269 379 1410 431 sunt,
1441 368 1727 422 ostendunt
1766 364 1957 417 mulie-

372 486 484 525 rem
507 486 571 525 ex
595 471 708 522 viro
738 468 924 521 laetam
953 480 1089 519 esse.
1130 465 1322 517 Verum
1353 468 1624 530 exspecta,
1670 466 1724 513 et
1758 456 1959 511 videbis

374 570 673 615 accuratam
730 558 1025 611 doctrinam
1072 569 1230 623 quam
1274 552 1507 621 subjicit.
1558 548 1696 603 Dicit
1746 548 1885 602 enim
1943 564 1955 598 :

381 652 732 705 Verumtamen
760 664 914 717 neque
947 647 1021 698 vir
1046 646 1154 698 siue
1179 644 1407 707 muliere,
1442 657 1603 712 neque
1640 641 1822 692 mulier
1854 639 1961 691 sine

375 744 481 795 viro
522 740 689 811 (Ibid.
739 754 786 791 υ.
813 740 867 791 Η
901 736 917 806 )
947 754 958 788 :
986 751 1092 804 quo
1134 734 1289 788 docet
1325 749 1422 786 nos
1454 741 1635 801 postea
1685 730 1960 796 utriusque

372 844 679 900 congressu,
705 836 1049 895 utrorumque
1080 835 1131 879 et
1155 824 1250 878 viri
1283 832 1336 878 et
1363 823 1598 876 mulieris
1626 818 1959 873 constitutio-

373 937 496 977 nem
546 935 683 974 csse.
714 918 918 971 Idcirco
947 927 998 970 et
1030 912 1196 970 Adam
1228 914 1474 969 dicebat:
1509 911 1621 965 Hoc
1646 926 1777 963 nunc
1810 924 1865 962 os
1900 924 1961 961 ex

374 1011 567 1068 ossibus
586 1012 725 1073 meis,
758 1018 803 1063 et
829 1026 947 1062 caro
977 1023 1039 1061 ea:
1072 1024 1224 1060 carne
1259 1022 1387 1058 mea.

444 1105 495 1157 4.
530 1102 733 1155 Deinde
774 1109 832 1153 ut
861 1101 999 1154 scias
1039 1098 1197 1166 hujus
1241 1096 1531 1167 DFOpilCliiB
1560 1084 1955 1157 certitudinem,

371 1205 426 1249 et
453 1195 718 1263 quomodo
747 1195 797 1245 in
824 1194 961 1245 hunc
983 1192 1122 1246 diem
1151 1201 1202 1243 et
1229 1205 1394 1258 usque
1430 1188 1495 1241 ad
1540 1184 1959 1240 consummatio-

372 1306 493 1343 nem
510 1286 795 1357 all‘ulgeant
811 1288 947 1341 illius
964 1287 1125 1341 dicta.
1144 1286 1261 1337 atnli
1279 1282 1575 1353 sequentia.
1589 1279 1960 1335 25.13tavoca-

371 1383 503 1435 bitur
524 1380 723 1443 mulier,
754 1380 942 1449 inqttit,
968 1379 1083 1448 quia
1110 1394 1170 1430 ex
1200 1378 1302 1429 viro
1329 1391 1418 1428 suo
1470 1384 1670 1442 sumpta
1709 1380 1781 1424 est
1826 1372 1955 1437 ipsa.

372 1472 462 1525 24.
500 1471 715 1541 l’rOpIer
745 1471 839 1522 hoc
869 1469 1173 1537 dereliuquet
1204 1469 1350 1520 homo
1377 1474 1567 1536 patrem
1587 1480 1751 1527 suum,
1782 1472 1828 1514 et
1853 1477 1962 1513 ma-

376 1572 499 1614 trem
527 1578 691 1627 suam,
716 1571 761 1614 et
790 1559 1062 1613 adha‘rebit
1103 1559 1247 1611 ua'ori
1292 1572 1416 1620 sum,
1475 1565 1520 1609 et
1567 1564 1713 1608 erunt
1760 1553 1859 1606 duo
1909 1552 1960 1604 in

372 1670 572 1705 carnem
601 1668 773 1705 uuam.
807 1651 996 1705 Vidisti
1019 1648 1287 1719 quomodo
1312 1648 1487 1702 omnia
1514 1646 1668 1701 nobis
1682 1644 1961 1712 diligenter

373 1744 602 1812 aperuit,
634 1750 685 1795 et
720 1742 921 1812 singula
958 1756 1050 1810 per
1082 1740 1413 1809 prophetiam
1443 1752 1590 1791 suam
1632 1733 1958 1805 explanavit.

375 1833 488 1886 Ista
510 1873 524 1898 ,
559 1833 747 1902 inquit,
780 1832 1036 1885 vocabitur
1064 1830 1262 1893 mulier,
1293 1830 1411 1899 quia
1433 1828 1495 1880 de
1523 1827 1627 1880 viro
1650 1842 1739 1880 suo
1759 1833 1961 1894 sumpta

375 1939 465 1980 est.
512 1929 703 1980 lterum
734 1926 887 1980 nobis
912 1925 1235 1980 ablationem
1275 1932 1438 1978 costa:
1467 1920 1734 1975 insinuat:
1768 1916 1960 1972 deinde

376 2038 494 2090 quzn
548 2021 718 2073 futura
769 2027 923 2073 erant
974 2018 1285 2081 declarans,
1334 2015 1542 2085 inquit,
1596 2010 1813 2081 Prttpter
1868 2008 1961 2061 Itoc

373 2110 622 2178 relinquet
679 2113 827 2162 homo
885 2119 1078 2180 patrem
1112 2123 1297 2169 suum,
1357 2113 1404 2157 et
1459 2112 1670 2155 matrem
1700 2115 1883 2165 suam,
1912 2107 1960 2151 et

372 2201 645 2254 att/twrebit
689 2201 838 2254 uxori
884 2215 991 2254 sua:
1014 2239 1029 2264 ,
1059 2207 1105 2251 et
1134 2205 1277 2251 erunt
1310 2197 1410 2249 duo
1454 2194 1505 2247 itt
1552 2200 1753 2246 caruem‘
1782 2205 1957 2244 uuam.

374 2291 563 2359 Unde,
620 2293 745 2357 dic,
803 2306 939 2357 oro,
997 2290 1160 2345 subiit
1208 2288 1283 2343 illi
1342 2288 1392 2342 in
1448 2293 1681 2340 mentem
1734 2293 1791 2337 ut
1846 2280 1962 2337 lucc

373 2384 616 2439 diceret?
650 2383 788 2438 unde
817 2383 1017 2437 sciebat
1048 2380 1219 2435 futura
1245 2422 1259 2445 ,
1283 2386 1337 2433 et
1364 2375 1815 2446 multiplicandum
1842 2386 1962 2427 esse

374 2475 662 2530 humanum
702 2474 974 2545 genus?et
999 2470 1137 2542 quod
1161 2472 1366 2524 futurus
1386 2477 1529 2523 esset
1558 2468 1652 2521 viri
1692 2465 1961 2520 mulieris-

374 2583 479 2637 que
502 2578 818 2635 congressus
852 2562 992 2618 unde
1035 2558 1669 2637 noscebat?rCongressus
1686 2559 1826 2611 enim
1855 2556 1944 2609 ille

375 2636 495 2724 post
520 2656 1003 2725 prazvaricationem
1029 2651 1163 2706 fuit:
1196 2666 1317 2705 nam
1338 2636 1511 2720 Iusque
1538 2649 1604 2704 ad
1638 2648 1781 2702 illam
1810 2646 1959 2719 quasi

370 2748 543 2816 angeli
586 2742 934 2801 versabantur
973 2747 1023 2799 in
1064 2743 1332 2813 paradiso,
1374 2754 1478 2797 non
1519 2740 1963 2810 concupiscentiis

377 2838 700 2908 ﬂagrantes,
749 2850 854 2892 non
893 2837 960 2891 ab
992 2835 1113 2890 aliis
1159 2834 1528 2890 aliectionibus
1569 2832 1820 2897 inlestati,
1855 2846 1962 2886 non

372 2940 578 2984 natum:
632 2929 1046 2984 necessitatibus
1090 2926 1329 2993 obnoxii,
1377 2927 1472 2982 sed
1522 2939 1742 2997 prorsus
1785 2926 1963 2980 tneor-

372 3021 652 3091 ruptibiles
689 3026 743 3075 e‘t
789 3020 1121 3076 immortales
1161 3020 1395 3087 conditi,
1440 3034 1614 3090 neque
1665 3017 1749 3073 vel
1796 3016 1962 3072 vesti-

377 3123 681 3167 mentorum
724 3114 918 3167 amictu
972 3112 1043 3166 ibi
1094 3111 1320 3183 egebant
1360 3130 1373 3165 :
1416 3113 1507 3167 25.
1566 3110 1730 3165 Erant
1786 3110 1917 3163 enim
1946 3150 1961 3174 ,

374 3202 589 3274 inquit,
637 3203 782 3256 ambo
838 3203 961 3256 nudi
984 3244 999 3268 ,
1056 3211 1103 3257 et
1156 3220 1257 3257 non
1310 3200 1677 3257 erubescebant.
1738 3201 1965 3255 Peccato

375 3297 519 3351 enim
568 3307 620 3351 et
669 3296 1113 3365 przevarieatione
1141 3296 1375 3349 nondum
1421 3304 1683 3364 praesente
1707 3335 1721 3359 ,
1752 3292 1919 3363 gloria
1945 3330 1961 3357 ,

377 3407 496 3459 qua:
525 3405 753 3459 superne
779 3396 1021 3451 venerat,
1048 3388 1227 3442 vestiti
1256 3399 1402 3442 erant
1426 3427 1444 3454 ,
1476 3396 1530 3443 et
1557 3386 1678 3441 ideo
1706 3401 1809 3439 non
1839 3401 1964 3439 eru-

380 3480 666 3534 bescebant
691 3496 706 3544 ;
736 3487 856 3548 post
886 3478 1359 3549 transgressionem
1387 3488 1563 3532 autem
1594 3476 1863 3546 prmeepti.
1886 3475 1966 3530 in-

377 3580 642 3641 trogrcssa
662 3582 745 3627 est
761 3580 814 3627 et
830 3570 1216 3636 crubescentia,
1236 3577 1289 3625 et
1304 3568 1556 3624 nuditatis
1576 3566 1792 3640 agnitio.
1814 3567 1966 3624 Unde

381 3659 559 3730 igitur,
588 3661 671 3716 die
695 3705 709 3728 ,
735 3676 917 3733 qumso
942 3703 956 3728 ,
990 3661 1041 3715 in
1071 3669 1247 3715 mente
1272 3658 1474 3723 habuit,
1507 3668 1565 3713 ut
1591 3659 1704 3713 lucc
1724 3657 1966 3713 diceret?

381 3772 557 3811 annon
587 3755 758 3824 palam
788 3764 869 3810 est
893 3770 1016 3809 eum
1046 3751 1370 3823 prepheticce
1395 3750 1578 3822 gratiae
1604 3750 1918 3822 participem
1946 3789 1963 3816 ,

381 3848 561 3900 omnia
586 3846 698 3902 haec
715 3844 1080 3917 Spiritualibus
1104 3844 1300 3898 vidisse
1322 3843 1527 3897 oculis?
1549 3840 1672 3897 Hzec
1696 3858 1835 3897 nunc
1859 3856 1967 3896 non

377 3938 580 4007 absque
616 3939 820 3992 ratione
860 3936 1016 4003 dico,
1064 3934 1157 3989 sed
1180 3943 1237 3988 ut
1278 3934 1438 3989 etiam
1488 3933 1611 3988 hinc
1652 3935 1965 3987 immensam

384 4028 477 4081 Dei
508 4028 884 4096 benignitatem
907 4026 1144 4093 discatis,
1171 4041 1328 4095 quam
1359 4024 1592 4079 humano
1618 4021 1801 4094 generi
1820 4022 1971 4077 exhi-

382 4120 499 4171 buit
526 4160 539 4181 ,
589 4116 707 4171 data
749 4118 822 4171 illi
864 4117 931 4171 ab
974 4115 1124 4171 initio
1157 4118 1264 4170 vita
1305 4117 1564 4187 angelica,
1595 4125 1649 4171 et
1679 4115 1969 4172 innumeris

383 4211 436 4264 in
468 4210 613 4264 illum
640 4210 843 4264 collatis
865 4208 1155 4273 beneﬁciis,
1177 4224 1241 4263 ac
1257 4224 1377 4263 eum
1404 4209 1523 4263 aliis
1543 4208 1788 4263 omnibus
1810 4206 1968 4261 etiam

382 4300 689 4370 pmphetica
716 4300 970 4369 dignitate
996 4308 1247 4353 concessa
1276 4316 1290 4352 :
1316 4306 1373 4352 ut
1394 4313 1516 4353 cum
1543 4296 1782 4352 videritis
1799 4294 1971 4350 homi-

382 4407 502 4444 nem
535 4399 655 4459 post
681 4399 757 4444 tot
786 4390 1042 4445 beneficia
1067 4389 1305 4444 desidem
1331 4405 1470 4456 esse,
1499 4388 1709 4458 culpam
1728 4390 1779 4442 in
1806 4389 1970 4442 Deum

386 4499 454 4538 ne
498 4483 811 4551 rejecéritis,
860 4483 955 4538 sed
1005 4482 1105 4552 ipsi
1136 4486 1303 4537 totum
1350 4482 1637 4550 imputetis.
1676 4480 1791 4550 Ipse
1828 4479 1969 4534 enim

380 4575 701 4645 'sibimetipsi
749 4574 987 4630 omnium
1027 4574 1289 4629 malorum
1318 4583 1504 4628 auctor
1547 4572 1678 4639 fuit,
1728 4572 1866 4639 quod
1920 4580 1973 4626 et

378 4672 569 4736 postea
597 4665 832 4729 discetis,
859 4676 966 4720 tum
998 4666 1198 4721 scilicet
1225 4664 1363 4737 quod
1391 4665 1551 4719 tantis
1575 4664 1728 4719 bonis
1761 4664 1974 4719 excide-

389 4762 478 4821 rit,
512 4768 621 4811 tum
650 4758 789 4830 qttod
830 4758 899 4812 ob
938 4743 1425 4827 prrevarieationem
1468 4756 1853 4812 condemnatus
1879 4756 1968 4810 sit.

382 4849 514 4905 Nam
552 4865 673 4904 cum
711 4849 886 4919 cogito
920 4850 1042 4904 vita:
1075 4849 1216 4905 illius
1250 4858 1467 4917 statuat,
1490 4865 1645 4919 quem
1681 4848 1755 4903 illi
1788 4848 1972 4904 Domi-

381 4958 482 4997 nus
520 4941 685 5007 dedit,
729 4950 834 4995 tam
861 4941 1145 4997 multifaria
1184 4943 1235 4997 in
1272 4942 1442 5012 ipsum
1485 4942 1742 4998 beneficia
1785 4957 1973 4997 cumu-

342 5028 349 5057 ί
382 5036 582 5102 laudo;
613 5045 666 5091 et
695 5036 922 5107 primum
954 5036 1165 5106 quidem
1190 5077 1206 5102 ,
1262 5036 1401 5106 quod
1423 5079 1435 5101 ,
1468 5046 1591 5092 ante
1645 5036 1809 5106 ipsius
1858 5034 1971 5090 for-

391 5135 700 5195 mationem,
736 5141 953 5201 propter
998 5131 1170 5202 ipsum
1223 5140 1390 5186 totum
1426 5133 1567 5187 hunc
1618 5131 1873 5186 mundum
1920 5140 1975 5189 et

388 5231 658 5276 creaturas
677 5222 932 5289 condidit,
949 5231 1002 5278 et
1028 5235 1211 5293 postea
1235 5223 1402 5293 ipsum
1423 5221 1686 5289 formavit,
1718 5233 1774 5279 ut
1803 5221 1972 5280 iactus

391 5313 685 5369 \‘isibilibus
708 5315 954 5373 omnibus
982 5315 1249 5373 frueretur
1268 5332 1283 5381 ;
1301 5318 1423 5373 dein
1440 5316 1580 5387 quod
1604 5326 1662 5372 ut
1680 5317 1973 5387 jussitesse

392 5406 696 5477 paradisum
723 5448 737 5471 ,
769 5411 820 5461 in
846 5408 938 5463 illo
967 5410 1144 5463 statim
1171 5410 1343 5479 ipsum
1384 5410 1545 5464 vitam
1586 5425 1746 5481 agere
1771 5409 1968 5475 voluit,

391 5497 639 5553 animalia
664 5498 815 5553 bruta
843 5499 909 5555 ab
942 5499 1033 5554 illo
1061 5502 1323 5570 separavit
1347 5544 1362 5570 ,
1391 5512 1444 5557 et
1471 5502 1708 5556 omnium
1730 5502 1804 5557 illi
1825 5501 1974 5557 dedit

393 5599 726 5661 potestatem,
758 5591 906 5661 quasi
932 5590 1203 5647 dominum
1232 5596 1397 5650 servis
1422 5603 1477 5649 et
1501 5591 1725 5649 subditis
1754 5593 1967 5649 nomina

1117 167 1175 221 S.
1214 164 1493 220 JOANNIS
1530 153 1997 218 CIIRYSDSTOMI
2038 153 2356 213 ARClllEP.
2398 156 2933 215 CONSTANTlNOP.

3567 163 3661 217 ‘3'.

2070 274 2345 337 imponere
2366 271 2600 338 jubendo
2625 288 2638 331 ;
2666 258 2847 339 postea
2883 286 3027 333 vero,
3057 272 3173 339 quia
3205 272 3348 327 solus
3378 284 3515 333 erat.
3542 290 3664 329 cum

2024 396 2031 401 -
2076 360 2333 428 imligeret
2364 361 2543 430 aliquo
2571 362 2811 430 adiutore.
2833 403 2847 427 ,
2901 365 2987 433 qui
3016 375 3215 419 natura:
3247 366 3363 433 ejus
3396 367 3668 435 pattieeps

2065 460 2242 513 esset,
2304 466 2476 520 neque
2535 452 2635 504 hoc
2688 452 2908 516 omisit,
2958 452 3061 523 sed
3122 454 3372 522 producta
3439 455 3668 510 muliere

2066 542 2224 596 modo
2249 557 2354 612 quo
2384 543 2482 596 sibi
2510 545 2726 612 placuit,
2757 544 2898 597 illam
2927 545 3024 609 ipsi
3064 544 3113 597 in
3152 561 3338 599 manus
3378 546 3666 599 concredi-

2064 634 2163 699 dit,
2191 648 2253 687 ac
2280 644 2472 703 praeter
2498 632 2613 688 haec
2641 636 2815 688 omnia
2845 636 3134 704 prophetia:
3159 650 3369 705 quoque
3396 637 3661 705 dignitate

2067 722 2213 777 illum
2258 726 2553 791 insignivit;
2582 735 2636 779 et
2665 736 2782 795 post
2809 725 3065 780 immensa
3096 726 3181 779 illa
3213 728 3464 781 bcnelicia
3497 736 3664 794 caput

2066 815 2223 867 etiam
2247 818 2480 869 omnium
2508 814 2721 869 donavit
2740 816 2836 879 illi,
2858 824 2921 870 ut
2937 817 3002 871 ab
3036 817 3279 871 omnibus
3295 818 3435 870 curis
3457 818 3674 871 etsolli-

2066 906 2386 959 citudinibus
2422 908 2659 976 corporis
2702 908 2836 961 liber
2878 916 3021 961 esset
3044 948 3058 972 ,
3089 923 3258 976 neque
3286 907 3404 961 ullis
3428 908 3668 961 vestium

2067 995 2410 1061 indumentis,
2435 1012 2609 1067 neque.
2634 998 2735 1050 alio
2762 999 2938 1067 aliquo
2961 982 3196 1067 indigere
3224 998 3365 1051 illutn
3391 999 3666 1066 permisit,

2068 1088 2161 1139 sed
2181 1130 2195 1152 ,
2226 1096 2286 1142 ut
2312 1088 2420 1141 dixi
2446 1130 2457 1153 ,
2488 1074 2636 1157 quasi
2667 1091 2908 1159 angelum
2941 1098 3244 1144 terrestrem
3275 1106 3434 1160 super
3464 1102 3670 1145 terram

2064 1180 2210 1232 illum
2259 1179 2458 1233 versari
2488 1174 2651 1233 voluit
2684 1198 2696 1233 :
2730 1195 2849 1234 cum
2881 1181 3036 1251 igitur
3083 1181 3196 1236 haec
3225 1182 3400 1234 omnia
3448 1197 3669 1236 mecum

2064 1278 2287 1336 reputo,
2317 1269 2637 1338 obstupesco
2671 1278 2723 1324 ct
2767 1271 2971 1323 Domini
3015 1270 3345 1325 clementiam
3388 1271 3438 1323 in
3469 1272 3674 1324 huma-

2062 1373 2191 1412 num
2213 1374 2400 1429 genus.
2431 1372 2483 1414 et
2513 1359 2742 1414 hominis
2769 1359 3025 1415 desidiam
3048 1404 3060 1422 ,
3095 1369 3147 1415 et
3178 1359 3369 1413 diaboli
3412 1359 3673 1413 inviden-

2066 1452 2193 1504 tiam
2226 1470 2239 1505 :
2271 1467 2374 1505 non
2422 1453 2563 1505 enim
2611 1452 2811 1507 ferebat
2863 1452 3034 1507 malus
3089 1453 3175 1507 ille
3229 1452 3438 1506 dzemon
3482 1452 3675 1505 videre

2062 1544 2119 1597 in
2164 1557 2388 1612 corpore
2442 1545 2708 1599 hominem
2740 1546 3027 1615 angelicam
3059 1548 3219 1598 vitam
3249 1555 3515 1616 agentem.

2136 1636 2188 1691 5.
2232 1633 2448 1690 Moralis
2471 1638 2732 1709 epilogus;
2778 1636 3050 1691 liberalitas
3090 1637 3184 1690 Dei
3217 1638 3267 1690 in
3297 1638 3547 1690 homines.
3599 1664 3676 1677 -ο

2060 1726 2329 1782 Cancrum
2347 1743 2415 1783 ne
2436 1729 2595 1782 nimia
2616 1729 2938 1799 longitudine
2960 1745 3258 1784 sermonem
3280 1730 3674 1793 extendamus,

2062 1819 2108 1871 si
2141 1817 2332 1887 placet,
2358 1818 2443 1874 hic
2469 1814 2627 1874 {luem
2654 1820 2904 1889 loquendi
2934 1819 3207 1884 facientes,
3240 1836 3570 1889 reponemus
3618 1822 3674 1874 in

2070 1919 2339 1979 posterum
2371 1928 2431 1966 ea
2477 1927 2594 1983 qum
2622 1912 2689 1968 de
2725 1913 2921 1967 diaboli
2956 1912 3161 1967 insidiis
3205 1925 3522 1983 sequuntur,
3574 1930 3678 1969 ve-

2066 2014 2231 2056 stram
2272 2015 2487 2059 orantes
2534 2005 2830 2069 caritatem,
2862 2014 2918 2059 ttt
2952 2005 3233 2075 diligenter
3257 2020 3317 2060 ea
3347 2020 3469 2074 qua:
3520 2004 3679 2057 dicta

2058 2092 2191 2148 ‘sunt
2229 2097 2503 2148 memoriae
2534 2095 2937 2160 commendetis,
2969 2106 3021 2150 et
3048 2097 3315 2150 vobiscum
3344 2094 3683 2165 expendatis

2060 2200 2126 2240 ea
2157 2186 2357 2252 omnia,
2382 2196 2439 2240 ut
2460 2186 2771 2256 profundius
2798 2188 2848 2241 in
2877 2188 3283 2258 cogitationibus
3307 2189 3504 2242 vestris
3531 2202 3685 2241 con-

2060 2275 2261 2331 sidant.
2291 2276 2423 2331 Nam
2450 2278 2493 2331 si
2523 2280 2774 2332 continuo
2794 2280 3170 2335 beneﬁciorum
3198 2279 3311 2345 Dei,
3334 2295 3452 2350 qua:
3484 2280 3541 2332 in
3576 2294 3682 2331 no-

2064 2376 2234 2421 strum
2250 2382 2416 2436 genus
2436 2369 2677 2431 contulit,
2704 2369 3063 2436 recordemur,
3091 2380 3142 2424 et
3164 2371 3258 2440 ipsi
3283 2370 3411 2441 gtati
3436 2370 3682 2433 erimus,

2066 2472 2121 2518 et
2148 2462 2214 2517 ad
2244 2463 2454 2517 virtutis
2476 2466 2611 2517 viam
2644 2480 2830 2535 magna
2857 2465 2907 2518 id
2926 2464 3028 2520 erit
3050 2465 3424 2519 exstimulatio.
3452 2462 3686 2532 Quippe

2056 2556 2407 2612 ‘manil‘estum
2435 2566 2534 2623 est,
2569 2573 2689 2612 eum
2716 2560 2803 2628 qui
2836 2558 3090 2614 benclicia
3121 2559 3208 2614 Dei
3240 2574 3421 2614 secum
3448 2562 3683 2629 recogi-

2070 2655 2165 2713 tat,
2198 2663 2414 2716 operam
2442 2648 2686 2701 daturum
2717 2664 2782 2703 ne
2827 2648 2927 2703 illis
2971 2649 3213 2719 indiguus
3256 2650 3520 2716 videatur,
3576 2650 3685 2704 sed

2072 2738 2204 2792 tanti
2244 2739 2401 2793 studii
2429 2748 2482 2794 ct
2522 2747 2625 2793 tam
2670 2739 2803 2809 grati
2834 2740 2997 2794 animi
3040 2740 3291 2801 futurum,
3343 2749 3399 2794 ut
3446 2750 3503 2795 et
3567 2740 3687 2795 alia

2067 2840 2460 2902 consequenter
2488 2842 2778 2887 mereatur.
2822 2832 3082 2887 Liberalis
3116 2834 3309 2903 quippe
3335 2843 3416 2887 est
3473 2833 3685 2888 Domi-

2072 2936 2171 2979 nus
2200 2933 2402 2990 noster,
2455 2933 2510 2979 et
2555 2924 2769 2995 quando
2813 2924 2954 2979 videt
2976 2939 3073 2979 nos
3115 2934 3264 2995 grato
3305 2925 3487 2979 animo
3550 2940 3690 2980 esse

2068 3018 2210 3073 circa
2239 3032 2300 3073 ea
2340 3033 2458 3087 quae
2496 3017 2606 3086 jam
2647 3018 2800 3073 nobis
2829 3019 3113 3086 concessit,
3146 3020 3280 3073 ultra
3322 3034 3420 3074 nos
3467 3022 3688 3089 potiori

2070 3111 2237 3181 gratia
2263 3109 2661 3181 majoribusque
2686 3112 2993 3166 muneribus
3022 3104 3205 3183 implet
3236 3122 3475 3167 :tantum
3509 3112 3690 3167 nobis

2070 3214 2253 3258 nostra
2301 3202 2446 3257 salus
2497 3219 2639 3258 cura;
2669 3203 2773 3268 sit,
2828 3219 2895 3259 ne
2939 3203 3012 3258 ita
3059 3204 3403 3275 incogitanter
3449 3212 3694 3273 tempus

2070 3296 2449 3365 transigantus,
2504 3310 2674 3365 neque
2727 3294 2829 3350 hoc
2873 3295 3227 3360 attendamus,
3280 3296 3325 3350 si
3379 3294 3693 3351 dimidium

2070 3385 2497 3455 Quadragesima:
2527 3386 2816 3451 transierit,
2857 3383 2950 3440 sed
2981 3385 3024 3439 si
3054 3402 3153 3457 qua
3182 3386 3234 3440 in
3276 3385 3377 3443 hoc
3420 3396 3697 3458 tempore

2071 3492 2102 3530 a
2131 3476 2283 3531 nobis
2328 3476 2465 3532 bene
2510 3487 2657 3547 gesta
2689 3486 2833 3543 sunt,
2862 3486 2915 3531 et
2944 3477 2988 3531 si
3012 3466 3143 3547 quas
3185 3476 3502 3534 adectiones
3557 3495 3699 3549 qua:

2071 3583 2169 3623 nos
2210 3568 2519 3641 perturbant
2546 3571 2956 3624 correxerimus.
2984 3568 3114 3623 Nam
3147 3570 3191 3623 si
3220 3568 3461 3639 quotidie
3506 3572 3700 3640 spiri-

2071 3661 2198 3715 tuali
2220 3660 2461 3716 doctrina
2486 3660 2692 3726 refecti,
2724 3676 2938 3731 semper
2977 3660 3135 3715 iidem
3162 3661 3550 3729 manserimus,
3587 3681 3701 3719 nc-

2072 3770 2176 3823 qtte
2222 3755 2275 3808 in
2302 3754 2584 3809 virtutibus
2610 3755 2959 3817 creverimus,
2982 3769 3154 3824 neque
3182 3761 3533 3824 peccatorum
3589 3772 3701 3826 ge-

2073 3854 2201 3899 nera
2232 3858 2260 3897 e
2290 3844 2596 3912 pectoribus
2626 3842 2820 3897 nostris
2849 3843 3275 3912 eﬂ'ugaverimus,
3320 3858 3427 3897 non
3491 3845 3699 3899 solum

2074 3935 2196 3990 inde
2222 3934 2350 3988 nihil
2381 3934 2479 3987 erit
2508 3934 2764 3996 utilitatis,
2797 3931 2891 3988 sed
2921 3940 2975 3987 et
2996 3933 3277 4001 plurimum
3306 3936 3644 3990 nocumenti
3687 3955 3701 3990 :

2073 4025 2502 4099 quandoquidem
2530 4026 2617 4096 qui
2650 4035 2792 4080 tanta
2815 4042 2937 4080 cura
2965 4024 3174 4080 habitus
3200 4024 3327 4080 nihil
3352 4026 3489 4082 lucri
3525 4027 3700 4095 facit,

2076 4136 2249 4188 neque
2265 4118 2491 4187 prolicit,
2510 4117 2766 4187 majorem
2785 4116 2883 4172 sibi
2899 4125 3175 4171 coacervat
3191 4116 3454 4186 geltennze
3470 4118 3704 4188 ignem.

2076 4213 2201 4268 Ideo
2231 4228 2348 4279 oro,
2378 4220 2435 4267 ut
2460 4212 2648 4267 Saltem
2675 4206 2935 4282 reliquum
2960 4211 3149 4283 jejunii
3180 4222 3389 4282 tempus
3431 4225 3494 4268 ut
3520 4215 3708 4273 decet

2077 4290 2426 4368 insumamus,
2452 4312 2508 4357 ιιι
2533 4298 2753 4373 singulis
2781 4301 3147 4361 hebdomadis.
3177 4303 3282 4355 imo
3308 4303 3550 4373 singulis
3576 4307 3710 4363 die-

2078 4394 2176 4449 bus
2204 4411 2301 4449 nos
2339 4395 2481 4463 ipsos
2527 4394 2949 4460 cmisideremus,
2996 4402 3051 4448 et
3088 4394 3211 4447 vitia
3260 4395 3328 4448 ab
3384 4396 3712 4454 animabus

2066 4487 2275 4557 nostris
2301 4486 2650 4555 expcllamus,
2694 4474 2757 4541 ac
2796 4486 3055 4541 bonorum
3098 4501 3318 4556 operum
3362 4493 3709 4557 possessio-

2079 4592 2200 4632 nem
2241 4579 2636 4648 eonquiramus,
2666 4578 2802 4633 sicut
2846 4577 3102 4647 pmpbeta
3147 4588 3329 4633 noster
3366 4570 3711 4649 admonuit,

2062 4658 2410 4724 declinemus
2436 4685 2466 4723 a
2512 4670 2666 4724 malis
2692 4668 2711 4743 (
2734 4668 2882 4723 Psal.
2915 4670 3003 4725 56.
3041 4669 3109 4723 27
3137 4668 3181 4739 ),
3209 4678 3265 4723 et
3299 4669 3369 4723 ad
3414 4674 3711 4731 virtutem

2082 4760 2417 4814 transeamus
2448 4777 2462 4813 :
2496 4758 2597 4814 hoc
2632 4760 2832 4816 etenim
2878 4775 3064 4815 verum
3096 4768 3179 4814 est
3214 4759 3509 4829 jejunium.
3584 4766 3714 4821 Ira-

2079 4850 2284 4906 cundus
2323 4850 2551 4905 ferocem
2594 4850 3043 4920 perturbationem
3090 4851 3175 4919 pia
3217 4852 3569 4921 cogitatione
3633 4856 3716 4912 ab

2079 4941 2255 4995 anima
2286 4939 2547 5007 eliminet,
2580 4939 3038 4993 mansuetudinem
3065 4948 3241 4995 autem
3284 4949 3341 4995 et
3386 4941 3712 5003 lenitatem

2080 5033 2431 5104 amplexetur.
2478 5032 2644 5087 Deses
2694 5039 2747 5086 et
2773 5031 3161 5102 intemperans,
3199 5041 3253 5086 et
3306 5032 3713 5095 formosorum

2080 5140 2364 5193 corporum
2393 5122 2633 5178 curiosus
2657 5130 2923 5192 spectator
2951 5121 3297 5193 cogitationes
3340 5138 3470 5179 suas
3502 5130 3716 5184 refre-

2080 5225 2207 5281 net,
2263 5224 2317 5270 et
2368 5215 2421 5270 in
2480 5212 2752 5269 latitudine
2794 5206 2989 5268 mentis
3022 5228 3135 5268 suze
3186 5212 3445 5269 ittscribat
3500 5216 3714 5292 legem

2079 5308 2277 5366 Christi
2314 5308 2599 5372 dicentem,
2652 5307 2750 5373 Qui
2792 5308 3062 5379 inspexerit
3102 5308 3360 5360 mulierem
3390 5318 3447 5361 ut
3485 5326 3720 5369 conm-

2082 5408 2241 5477 piscal
2280 5402 2462 5468 illam,
2506 5404 2621 5473 jatu
2666 5400 2970 5454 adulterium
3014 5400 3261 5454 commisit
3316 5416 3436 5455 cum
3492 5402 3616 5459 illa
3652 5412 3714 5463 in

2080 5497 2231 5552 corde
2258 5496 2389 5567 δυο(
2424 5494 2609 5549 Matth.
2639 5493 2692 5549 5.
2740 5491 2872 5563 28),
2904 5493 3296 5547 incontinentia‘.
3324 5493 3520 5550 vitium
3551 5498 3717 5553 eﬂ‘u-

2080 5594 2211 5665 giat,
2239 5603 2295 5649 et
2320 5588 2624 5648 sobrietatis
2651 5588 2900 5644 virtutem
2929 5598 3196 5659 operetur.
