3796 6282
284 224 382 280 135

346 335 538 391 Contra
572 343 775 406 peccata
811 334 1016 405 linguae.
1050 363 1119 374 —
1146 331 1247 399 Qui
1288 330 1575 401 praecipitis
1605 340 1659 385 et
1689 340 1853 385 teme-

275 428 433 484 rariae
474 428 666 498 lingua:
691 436 775 483 est
795 469 810 492 ,
843 435 898 481 et
922 440 1268 496 quaecumque
1296 424 1629 479 obvenientia
1658 423 1827 478 eﬂ'utit
1845 464 1861 488 ,

275 519 515 574 imitetur
541 520 752 574 beatum
783 517 1119 588 prophetam,
1143 524 1198 572 et
1221 517 1361 572 dicat
1389 534 1402 569 :
1433 517 1596 582 Pone,
1625 515 1860 583 Domine,

274 609 560 663 custodiam
607 610 684 664 ori
730 626 869 673 meo,
909 618 956 662 et
994 610 1176 663 ostium
1221 609 1509 662 munitionis
1553 608 1698 662 labiis
1740 609 1863 663 meis

275 700 451 768 {PsaL
487 701 608 756 140.
641 702 695 769 5)
725 715 744 760 :
771 711 825 756 et
861 716 1151 770 numquam
1180 709 1379 755 temere
1407 712 1459 755 et
1498 701 1698 771 absque
1724 702 1865 755 utili.-

275 802 387 848 tate
428 793 667 863 proferat
713 797 914 861 verba,
958 797 1051 851 sed
1092 797 1271 850 audiat
1309 796 1524 850 Paulum
1552 797 1858 851 dicentem:

276 884 460 937 Omnis
487 886 807 953 vociferatio,
838 896 884 940 et
911 892 1073 956 furor,
1099 896 1145 940 et
1171 887 1478 957 blasphemia
1498 928 1512 948 ,
1542 899 1588 940 et
1616 887 1861 941 obscwni-

272 986 353 1029 tas
376 1016 391 1037 ,
423 985 471 1029 et
504 978 781 1031 scurrilitas
815 978 1023 1032 tollatur
1060 994 1091 1031 a
1127 978 1299 1045 vobis,
1336 995 1450 1032 cum
1493 979 1629 1032 omni
1669 980 1861 1032 malitia

271 1066 510 1136 (Ephes.
538 1068 593 1123 4.
626 1068 763 1139 51);
795 1080 849 1123 et
879 1069 1068 1122 iterum
1103 1087 1115 1122 :
1146 1068 1207 1123 Si
1238 1070 1349 1138 quis
1382 1086 1545 1123 sermo
1577 1070 1765 1133 bonus,
1795 1070 1863 1123 ad

268 1158 665 1227 tediﬁcationem
689 1161 859 1224 utilis,
890 1170 944 1214 ut
970 1162 1052 1214 det
1084 1161 1302 1231 gratiam
1331 1161 1649 1215 audientibus
1683 1160 1858 1231 (Ibid.

270 1264 315 1303 I.
345 1249 464 1320 29).
492 1249 800 1306 Jurantenta
828 1266 1036 1322 quoque
1065 1252 1237 1306 modis
1266 1253 1511 1307 omnibus
1538 1252 1734 1323 fugiat,
1765 1267 1861 1305 au-

268 1342 426 1397 diens
450 1345 768 1398 sententiam
796 1343 1013 1411 Christi,
1042 1360 1158 1414 qua).
1185 1345 1312 1398 dicit
1339 1360 1358 1397 :
1384 1345 1587 1398 Dictum
1621 1356 1693 1400 est
1722 1348 1859 1400 anti-

263 1434 386 1501 quis
411 1448 433 1487 :
462 1450 562 1488 non
588 1435 833 1505 pejerabis
860 1450 877 1488 :
906 1452 997 1505 ego
1025 1444 1191 1489 autent
1219 1436 1332 1489 dico
1367 1437 1520 1502 vobis,
1555 1454 1655 1491 non
1675 1439 1862 1506 juran—

267 1523 392 1575 dum
414 1525 619 1578 omnino
644 1524 856 1597 (Matth.
883 1527 935 1581 5.
961 1528 1048 1581 53.
1071 1526 1187 1597 54).
1210 1526 1285 1581 Ne
1311 1528 1468 1597 igitur
1487 1529 1626 1583 dicat
1646 1530 1857 1599 aliquis,

265 1610 329 1667 In
370 1629 431 1669 re
466 1614 609 1684 justa
648 1618 771 1685 juro
804 1634 817 1668 :
851 1632 1021 1687 neque
1054 1618 1196 1689 enim
1232 1619 1284 1672 in
1323 1634 1382 1674 re
1417 1620 1557 1688 justa
1596 1636 1767 1691 neque
1809 1625 1857 1675 itt

267 1704 467 1774 injuste
493 1706 677 1775 jurare
700 1708 842 1763 licet.
871 1708 1067 1764 Durum
1100 1710 1259 1779 igitur
1277 1726 1307 1764 a
1329 1710 1644 1780 juramentis
1668 1728 1729 1767 os
1756 1728 1861 1769 ser-

264 1813 458 1853 vemus
490 1808 588 1854 :et
624 1800 707 1855 his
736 1801 982 1857 omnibus
1013 1804 1312 1859 muniamus
1340 1817 1572 1859 nostram
1605 1806 1856 1876 linguam,

265 1889 430 1957 labia,
460 1899 516 1945 et
542 1902 797 1959 mentem,
829 1909 894 1948 ne
924 1894 1007 1949 vel
1034 1894 1159 1964 quid
1191 1895 1447 1950 malarum
1479 1898 1855 1968 cogitationum

264 1983 596 2040 intrinsecus
634 2000 912 2053 nascatur,
944 1989 1025 2042 vel
1054 2003 1152 2058 per
1176 1988 1407 2059 linguam
1440 1989 1581 2044 foras
1621 1990 1859 2059 profera-

264 2086 374 2130 tur.
404 2078 578 2130 Aures
601 2093 814 2147 quoque
838 2079 1123 2148 diligenter
1151 2080 1439 2151 sepiamus,
1465 2097 1531 2137 ne
1552 2098 1737 2137 vanam
1764 2099 1861 2137 au-

262 2168 528 2221 ditionem
560 2169 848 2237 suscipiant
873 2187 889 2224 :
913 2170 1049 2225 sicut
1074 2180 1128 2226 et
1157 2172 1340 2227 beatus
1364 2172 1537 2228 Moses
1566 2175 1815 2244 praecepit
1838 2217 1855 2243 ,

263 2258 457 2312 dicens
491 2278 506 2312 :
537 2258 860 2314 Auditionem
898 2277 1079 2316 uanam
1114 2280 1215 2317 non
1256 2266 1495 2335 suscipies
1524 2266 1672 2335 (Exi.
1687 2266 1735 2324 cl.
1764 2267 1855 2322 25.

264 2348 365 2417 1);
414 2360 472 2403 et
514 2350 706 2405 iterum
755 2352 939 2409 beatus
983 2356 1146 2409 David
1189 2356 1398 2411 dicebat
1444 2376 1458 2411 :
1502 2357 1859 2414 Detraheutem

260 2451 455 2495 secreto
481 2444 714 2511 proximo
749 2460 840 2497 suo
863 2486 877 2508 ,
905 2446 1037 2500 hunc
1065 2449 1392 2517 persequebar
1422 2449 1591 2522 (Psal.
1622 2452 1741 2507 l00.
1776 2453 1853 2524 5).

266 2531 484 2597 Vidisti,
514 2532 726 2599 dilecte,
756 2545 950 2604 quanta
978 2539 1131 2592 nobis
1168 2542 1529 2606 contentione,
1561 2554 1753 2612 quanta
1780 2544 1857 2599 vi-

262 2627 488 2696 gilantia
516 2628 582 2681 ad
612 2630 856 2683 virtutem
900 2630 1187 2698 parandam
1215 2649 1349 2702 opus
1381 2634 1485 2688 sit?
1511 2638 1775 2705 quomodo
1805 2646 1858 2692 et

266 2736 431 2789 parva
483 2722 740 2791 particula
792 2723 1064 2792 neglecta,
1114 2728 1271 2779 totius
1320 2729 1608 2795 periculum
1658 2730 1858 2785 infert?

261 2811 529 2878 Quocirca
559 2823 612 2866 et
639 2813 763 2867 alibi
790 2814 985 2869 clamat
1013 2816 1199 2870 beatus
1238 2818 1396 2871 David
1418 2863 1430 2882 ,
1463 2834 1718 2875 accusans
1756 2820 1858 2876 hoc

259 2902 553 2956 facientem
584 2920 597 2956 :
627 2903 820 2958 Sedens
848 2907 1083 2961 adversus
1112 2912 1321 2979 fratrem
1356 2919 1496 2963 tum:
1537 2911 1815 2980 loquebaris
1838 2953 1854 2979 ,

257 3002 308 3045 et
346 3003 529 3046 contra
569 2994 732 3061 [ilium
771 2998 946 3051 matris
973 3006 1073 3052 tua?
1105 3000 1323 3068 ponebas
1347 3002 1644 3056 scandalum
1669 3002 1853 3077 (Psal.

259 3085 356 3138 49.
387 3086 503 3153 20).
542 3084 599 3139 Si
633 3087 711 3140 sic
748 3096 926 3141 nostra
958 3092 1135 3144 omnia
1164 3093 1400 3147 membra
1428 3094 1815 3152 muniverimus
1838 3139 1853 3163 ,

260 3177 563 3245 poterimus
596 3177 663 3231 ad
701 3179 909 3234 virtutis
941 3196 1101 3251 opera
1139 3184 1403 3249 excitari,
1441 3194 1492 3239 et
1533 3184 1765 3255 linguam
1804 3187 1855 3241 in

260 3268 516 3323 laudibus
545 3278 598 3323 et
623 3271 1009 3337 glorificatione
1049 3273 1140 3328 Dei
1170 3289 1431 3343 occupare
1454 3317 1469 3341 ,
1494 3291 1651 3332 aures
1678 3285 1856 3333 autem

260 3358 318 3413 in
344 3359 533 3414 auditu
558 3371 612 3414 et
638 3361 915 3430 disciplina
937 3362 1235 3419 divinorum
1258 3366 1610 3436 eloquiorant,
1632 3378 1685 3423 et
1710 3384 1857 3423 men-

262 3461 377 3505 tem
420 3451 474 3504 in
503 3451 865 3519 spiritualibus
895 3452 1229 3525 dogmatibus
1260 3459 1715 3527 contemplandis.
1746 3477 1860 3514 nta-

263 3560 370 3596 nus
398 3560 524 3597 vero
552 3560 658 3599 non
689 3546 740 3599 in
770 3546 953 3617 rapina
984 3557 1038 3602 et
1060 3550 1300 3616 avaritia,
1326 3552 1420 3605 sed
1446 3552 1497 3605 itt
1520 3552 1856 3608 electum-vna

259 3645 322 3689 et
364 3636 518 3689 bonis
542 3636 795 3706 cperibus
825 3638 1114 3708 faciendis,
1141 3650 1194 3695 et
1232 3641 1394 3711 pedes
1425 3657 1527 3696 non
1561 3643 1612 3697 itt
1641 3642 1859 3700 theatris

261 3739 322 3781 et
354 3730 674 3796 spectaculis
698 3730 990 3790 damnosis.
1023 3734 1460 3804 equestribusque
1498 3735 1654 3801 ludis,
1684 3738 1777 3791 sed
1806 3738 1859 3791 in

261 3821 534 3887 ccclesiis,
560 3832 611 3875 ct
632 3823 875 3878 domibus
901 3826 1286 3895 precationum,
1317 3837 1371 3881 et
1395 3824 1697 3883 sanctorum
1726 3845 1860 3884 mar-

264 3923 450 3982 tyrum
482 3914 669 3970 loculis
694 3916 770 3986 (rt)
798 3933 812 3979 ;
844 3928 900 3971 ut
932 3919 1001 3972 ab
1029 3918 1130 3972 illis
1157 3920 1578 3979 benedictionem
1604 3922 1762 3990 percix
1785 3914 1859 3978 ia-

263 4019 410 4062 mus.
440 4015 491 4058 et
517 4020 614 4059 nos
638 4022 667 4060 a
698 4006 975 4063 diabolicis
1003 4009 1205 4080 laqueis
1232 4010 1427 4066 irretiri
1462 4027 1565 4066 non
1600 4013 1855 4067 sinamus.

263 4093 324 4149 Si
359 4095 438 4148 sic
471 4096 680 4150 solliciti
711 4108 947 4152 nostram
985 4100 1209 4155 salutem
1240 4103 1637 4169 curaverimus,
1666 4104 1859 4172 poteri-

263 4201 395 4240 mus
418 4195 475 4241 et
498 4202 563 4240 ex
587 4187 793 4257 jejunio
824 4191 1024 4244 lucrum
1057 4192 1248 4255 facere,
1275 4202 1328 4247 et
1354 4194 1612 4249 daunouis
1643 4195 1860 4250 insidias

266 4280 527 4350 effugere,
560 4289 615 4335 et
641 4297 884 4351 magnam
910 4298 1141 4353 superne
1164 4286 1386 4355 gratiam
1415 4288 1623 4357 assequi
1656 4306 1669 4341 :
1697 4304 1857 4358 quam

266 4384 330 4426 ut
364 4387 463 4427 nos
488 4388 674 4427 omnes
711 4388 1075 4442 assequamur,
1108 4377 1364 4431 concedat
1398 4380 1565 4447 gratia
1605 4387 1660 4433 et
1695 4381 1859 4433 mise-

268 4463 503 4517 ricordia
535 4464 739 4517 Domini
778 4465 943 4518 nostri
981 4465 1107 4520 Jesu
1132 4465 1325 4521 Christi
1351 4508 1365 4530 ,
1397 4482 1515 4522 cum
1545 4484 1651 4537 quo
1677 4470 1857 4536 Patri,

268 4562 569 4621 sanctoque
593 4552 811 4623 Spiritui
841 4555 911 4609 sit
937 4556 1123 4624 gloria,
1152 4558 1430 4626 imperium
1455 4599 1469 4621 ,
1497 4558 1684 4626 honor,
1716 4576 1858 4616 nunc

266 4656 328 4700 et
357 4660 591 4714 semper,
621 4654 676 4699 et
706 4646 757 4699 in
785 4647 975 4702 swcula
1005 4649 1347 4705 smculorum.
1378 4652 1565 4705 Amen.

840 4843 1115 4900 llOMlLlA
1155 4841 1295 4897 XVI.

271 4936 337 4993 In
371 4936 863 5007 prtevaricationem
893 4936 1119 5004 primum
1147 4933 1503 4989 ereatorum’.
1522 4933 1584 4987 Et
1601 4944 1741 4987 erant
1756 4951 1866 4986 ant-

350 5034 416 5083 bo
442 5029 567 5082 nudi
583 5070 599 5091 ,
628 5037 674 5080 et
702 5027 894 5092 Adam,
920 5036 965 5080 et
990 5042 1121 5081 uxor
1143 5027 1254 5088 eius
1271 5066 1286 5091 ,
1313 5034 1359 5079 et
1387 5042 1487 5079 non
1517 5025 1866 5079 erubescebant

355 5120 508 5190 (Gen.
538 5119 592 5171 9..
620 5118 735 5188 25).

355 5237 383 5290 1
396 5275 410 5287 .
440 5233 643 5299 Aliquot
665 5232 727 5285 de
752 5230 1131 5299 Scripturarum
1154 5229 1452 5284 inexhausta
1472 5229 1616 5299 capia
1636 5229 1780 5283 dictis
1799 5230 1867 5283 ad

272 5343 494 5399 scopum
518 5326 697 5396 pergit.
718 5355 790 5364 —
815 5322 981 5380 Hodie
1010 5325 1159 5379 vobis
1182 5364 1197 5389 ,
1223 5323 1551 5379 dilectissimi
1576 5366 1591 5391 ,
1622 5324 1869 5394 spiritua-

342 5525 419 5584 (a)
453 5529 728 5588 Sanctorum
750 5529 1009 5584 martyrum
1032 5522 1174 5572 loculi
1196 5530 1241 5573 et
1269 5525 1424 5574 thecae
1448 5524 1733 5588 frequenter
1756 5539 1861 5576 me-

277 5592 533 5635 morantur
553 5596 583 5631 a
602 5585 938 5651 Chrysostomo
958 5587 1004 5651 in
1030 5589 1330 5651 Panegyricis
1350 5595 1496 5638 τοιηο
1518 5585 1568 5649 tl,
1591 5588 1675 5638 ubi
1692 5588 1752 5635 iis
1772 5589 1853 5638 ha-

275 5653 413 5702 bitus
436 5652 591 5701 honos
613 5664 745 5712 saepe
765 5646 1076 5701 describitur.

1382 217 1448 273 IN
1484 216 1720 274 CAPJI.
1749 215 1988 272 GENES.
2032 215 2266 272 llOMlL.
2303 216 2444 278 XVI.

3449 222 3546 278 1‘20

1973 330 2075 383 lem
2112 330 2424 386 thesaurum
2452 334 2659 401 aperire
2701 330 2821 387 volo
2840 372 2854 397 ,
2884 330 2972 401 qui
2995 376 3011 401 ,
3040 334 3161 390 licet
3189 335 3326 391 inter
3354 340 3550 393 multos

1968 420 2268 484 dividatur,
2310 439 2597 492 numquam
2639 432 2814 478 tamen
2858 425 3153 481 absumitur
3182 447 3196 482 :
3230 430 3319 498 qui
3363 446 3548 485 omnes

1968 511 2295 582 locupletat,
2327 524 2381 569 et
2421 515 2471 568 itt
2515 515 2662 569 nullo
2702 516 3031 571 inuninuitur
3053 559 3070 584 ,
3102 519 3195 572 sed
3225 529 3279 573 et
3307 532 3545 590 augetur.

1968 604 2425 669 Quemadmodum
2454 607 2594 661 enim
2623 608 2675 661 in
2706 609 2940 662 sensibili
2971 609 3220 664 thesauro
3246 613 3290 665 si
3318 615 3437 681 quis
3471 614 3552 667 vrl

1969 710 2182 764 parvam
2211 699 2480 767 acceperit
2518 698 2812 766 portionem
2838 741 2852 760 .
2897 702 3090 755 multas
3123 715 3298 756 tamen
3343 704 3552 758 divitias

1967 789 2092 845 inde
2130 790 2228 844 sibi
2271 792 2474 859 parabit
2503 811 2515 845 :
2546 793 2617 846 ita
2644 802 2698 847 et
2729 794 2779 846 itt
2810 794 3000 847 divinis
3040 793 3328 864 Scripturis
3348 838 3361 859 ,
3391 798 3549 851 etiam

1966 882 2019 934 in
2048 896 2207 951 parva
2235 882 2466 936 dictione
2491 898 2740 936 sensuum
2767 884 2997 952 gravitas
3022 894 3075 939 et
3099 886 3372 941 immensa:
3402 888 3554 942 inve-

1966 972 2183 1029 niuutttr
2206 973 2422 1027 divitia'.
2451 973 2594 1029 Talis
2622 975 2762 1028 enim
2794 985 2979 1030 natura
3011 978 3166 1046 hujus
3193 979 3423 1033 thesauri
3450 1022 3464 1044 ,
3498 992 3551 1034 ut

1965 1067 2245 1134 opulentos
2290 1066 2449 1121 faciat
2486 1081 2580 1121 eos
2615 1068 2703 1136 qui
2744 1083 2803 1122 se
2849 1068 3151 1133 inveniunt,
3184 1083 3236 1125 et
3266 1089 3549 1142 numquam

1964 1155 2176 1210 deficiat
2199 1175 2210 1207 :
2236 1155 2353 1209 fons
2375 1157 2516 1211 enim
2539 1156 2767 1226 Spiritus
2793 1159 2958 1212 sancti
2985 1157 3139 1228 hujus
3159 1163 3423 1232 scaturigo
3448 1176 3549 1217 est.

1964 1244 2245 1314 Reliquum
2275 1246 2470 1311 fuerit,
2508 1262 2603 1302 vos
2628 1264 2746 1317 qua:
2780 1251 3044 1318 preposita
3073 1260 3199 1304 sunt
3231 1268 3436 1307 summa
3465 1255 3548 1307 di-

1964 1336 2174 1405 ligentia
2204 1338 2254 1391 itt
2288 1339 2542 1393 memoria
2574 1349 2826 1409 perpetuo
2847 1355 3092 1406 servare;
3117 1351 3173 1395 ιιι
3196 1353 3369 1399 autem
3400 1345 3550 1400 facile

1962 1428 2104 1483 dicta
2138 1431 2349 1500 assequi
2381 1432 2617 1500 possitis,
2652 1441 2852 1486 tantum
2882 1433 3024 1502 quod
3056 1445 3293 1490 nostrum
3324 1448 3405 1493 est
3434 1456 3549 1493 nta-

1962 1535 2068 1591 gno
2097 1523 2272 1576 studio
2297 1522 2600 1577 afl‘erantus.
2633 1523 2811 1579 Gratia
2843 1528 2984 1580 enim
3018 1540 3195 1595 parata
3227 1539 3309 1584 est
3331 1572 3345 1595 ,
3377 1542 3430 1586 et
3462 1548 3552 1587 re-

1962 1612 2123 1681 quirit
2166 1628 2258 1667 eos
2300 1614 2389 1683 qui
2434 1614 2601 1684 ipsam
2648 1615 2865 1686 largiter
2901 1618 3215 1689 suscipiant.
3260 1622 3551 1678 Audiamus

1964 1704 2123 1773 igitur
2146 1722 2263 1774 qum
2302 1706 2459 1762 hodie
2496 1717 2619 1762 sunt
2662 1710 2796 1763 lecta
2816 1751 2831 1775 ,
2860 1720 2917 1764 ut
2944 1710 3212 1766 discamus
3238 1713 3549 1771 inttncnsattt

1964 1795 2055 1849 Dei
2083 1796 2480 1866 benignitatem,
2512 1808 2565 1853 et
2588 1809 2785 1868 quanto
2810 1802 2994 1856 salutis
3023 1814 3216 1857 ucstra:
3240 1807 3408 1874 gratia
3439 1823 3551 1862 ser-

1962 1888 2136 1942 monis
2160 1898 2579 1960 temperamento
2601 1892 2670 1946 sit
2696 1909 2842 1949 usus.
2869 1895 2959 1949 25.
2989 1895 3054 1948 Et
3073 1909 3216 1951 erant
3236 1901 3382 1953 ambo
3404 1903 3545 1967 nudi,

1963 1987 2066 2032 tam
2088 1980 2281 2043 Adam,
2308 1998 2460 2051 quam
2482 1999 2611 2037 uxor
2633 1985 2741 2055 ejus
2761 2026 2775 2048 ,
2802 1995 2847 2038 et
2881 2002 2980 2039 non
3005 1989 3375 2044 erubescebant.
3405 1989 3548 2045 Con-

1961 2071 2170 2159 sidpra,
2198 2088 2380 2142 quaeso
2403 2116 2417 2137 ,
2460 2075 2784 2131 eminentem
2829 2077 3205 2133 beatitudinem
3232 2122 3247 2147 ,
3282 2085 3548 2150 quomodo

1961 2165 2262 2232 superiores
2303 2165 2500 2220 fuerint
2541 2168 2788 2222 omnibus
2830 2172 3237 2239 corporalibus,
3284 2176 3549 2241 quomodo

1963 2264 2154 2309 terram
2195 2257 2343 2326 quasi
2389 2257 2575 2311 caelum
2620 2260 2979 2326 incoltteriut;
3019 2272 3073 2317 et
3111 2279 3230 2317 cum
3278 2276 3456 2320 essent
3496 2270 3547 2320 itt

1960 2362 2187 2417 corpore
2217 2347 2345 2405 nihil
2374 2349 2651 2418 corporale
2681 2352 2896 2406 tulerint
2924 2372 2939 2407 ;
2969 2369 3140 2423 neque
3170 2366 3308 2410 tecto
3327 2399 3342 2421 ,
3377 2374 3548 2427 neque

1959 2449 2111 2495 veste
2137 2482 2152 2506 ,
2185 2455 2360 2511 neque
2388 2441 2493 2495 alio
2533 2443 2622 2496 tali
2667 2458 2801 2511 opus
2845 2444 3121 2502 habentes.
3164 2447 3329 2503 Porro
3366 2450 3545 2504 divina

1961 2520 2229 2601 Scriptura
2261 2549 2365 2588 non
2395 2534 2707 2604 simpliciter
2730 2547 2783 2592 et
2809 2538 3010 2608 absque
3034 2540 3241 2596 ratione
3271 2543 3371 2596 ltoe
3397 2546 3549 2600 nobis

1960 2624 2313 2695 significavit,
2355 2627 2448 2682 sed
2488 2638 2545 2682 ttt
2583 2644 2703 2684 cum
2748 2629 3087 2686 didicerimus
3126 2635 3288 2688 vitam
3334 2637 3546 2691 illorum

1965 2715 2190 2770 tristitiae
2215 2715 2523 2785 dolorisque
2550 2729 2842 2787 expertem,
2867 2730 2922 2775 et
2944 2724 3237 2791 angelicum
3262 2729 3543 2794 quemdam

1960 2813 2177 2871 statum,
2211 2815 2268 2861 ut
2306 2806 2374 2860 ita
2406 2808 2599 2874 dicam,
2630 2819 2683 2864 et
2724 2822 2905 2879 postea
2936 2812 3223 2870 viderimus
3252 2832 3346 2871 eos
3374 2822 3548 2873 omni-

1959 2895 2059 2950 bus
2095 2896 2200 2950 illis
2235 2896 2485 2961 destitui,
2516 2906 2571 2954 et
2596 2901 2745 2968 quasi
2772 2917 2801 2956 e
2830 2904 3036 2973 magnis
3058 2904 3256 2961 divitiis
3287 2908 3338 2962 in
3366 2921 3547 2966 extre-

1959 3001 2099 3041 mam
2125 2987 2353 3057 inopiatn
2380 2990 2569 3060 redigi,
2598 2991 2829 3061 ipsorum
2854 2995 3187 3065 negligentia:
3209 3007 3378 3055 tottttn
3400 3005 3541 3071 quod

1959 3080 2017 3133 lit
2043 3080 2389 3137 ascribamus.
2420 3083 2609 3153 Operae
2653 3087 2877 3154 pretium
2908 3098 3085 3143 autem
3127 3091 3260 3147 lecta
3301 3094 3410 3163 ipsa
3445 3114 3544 3150 att-

1958 3170 2092 3227 dire.
2122 3172 2286 3237 Nam,
2315 3182 2375 3228 ut
2400 3175 2531 3229 dixit
2573 3176 2761 3232 beatus
2791 3177 2963 3235 Moses
2983 3222 2998 3247 ,
3026 3183 3166 3251 quod
3199 3185 3320 3239 ttttdi
3352 3198 3506 3242 erant
3528 3231 3544 3255 ,

1959 3275 2012 3318 et
2042 3281 2145 3319 non
2184 3266 2571 3322 erubescebant
2603 3268 2808 3340 (neque
2843 3271 2985 3325 enim
3027 3274 3265 3330 sciebant
3289 3292 3347 3333 se
3374 3280 3546 3335 nudos

1958 3372 2079 3414 esse
2103 3399 2119 3424 ,
2153 3359 2282 3413 mira
2308 3359 2476 3429 gloria
2508 3360 2624 3415 illos
2653 3363 2913 3418 vestiente
2938 3374 2993 3419 et
3021 3367 3190 3435 magis
3218 3384 3375 3438 quam
3408 3373 3545 3427 ullus

1959 3451 2184 3505 vestitus
2209 3450 2490 3521 ornante),
2521 3452 2718 3523 inquit,
2754 3455 2805 3510 l.
2842 3454 3065 3525 Serpens
3099 3468 3264 3513 autem
3288 3473 3394 3515 erat
3424 3481 3544 3531 pru-

1959 3540 2279 3597 dentissimus
2306 3544 2529 3597 omnium
2558 3546 2846 3611 bestiarum,
2874 3564 2987 3617 qua:
3012 3566 3163 3617 super
3190 3562 3394 3619 (errant,
3413 3572 3542 3623 quas

1961 3637 2145 3706 fecerat
2180 3634 2421 3691 Dominus
2450 3637 2606 3692 Deus.
2642 3638 2708 3691 Et
2737 3638 2863 3693 dixit
2892 3656 3098 3709 serpens
3136 3645 3332 3699 mulieri
3362 3662 3381 3700 :
3412 3648 3545 3712 Quia

1959 3727 2093 3790 quod
2120 3726 2249 3779 dixit
2292 3726 2427 3780 Deus
2446 3767 2463 3791 ,
2497 3726 2580 3782 Ne
2605 3729 2873 3782 comedetis
2899 3747 2962 3784 at:
2988 3732 3125 3785 omni
3151 3735 3289 3804 ligno
3312 3740 3447 3800 quod
3475 3751 3545 3793 est

1960 3816 2013 3869 in
2040 3816 2276 3886 paradiso
2306 3815 2457 3885 (Gen.
2486 3819 2587 3887 5)?
2619 3818 2750 3875 Vide
2779 3820 2995 3889 maligni
3020 3822 3275 3877 dtetnonis
3307 3826 3545 3901 inviden-

1963 3907 2127 3972 tiam,
2169 3918 2219 3964 et
2269 3909 2590 3980 multiplices
2636 3911 2873 3966 technas.
2914 3913 3353 3985 Quandoquidem
3390 3919 3547 3972 scivit

1944 3992 2230 4053 hominem
2266 3999 2554 4055 formatum
2583 4002 2635 4056 in
2661 4019 2870 4057 summo
2895 4020 3014 4058 esse
3041 4004 3243 4061 honore
3262 4008 3300 4073 ¹,
3328 4017 3381 4062 et
3418 4025 3543 4078 pro—

1964 4092 2245 4161 pemodum
2278 4093 2409 4147 nihil
2442 4094 2617 4148 minus
2658 4093 2854 4149 habere
2892 4096 3092 4165 angelis
3132 4099 3259 4167 ipsis
3284 4140 3298 4164 ,
3328 4100 3464 4155 sicut
3493 4112 3547 4156 et

1962 4185 2146 4239 beatus
2177 4185 2335 4239 David
2365 4185 2569 4254 inquit:
2599 4184 2830 4239 Minuisti
2856 4204 2965 4240 eum
2991 4189 3142 4256 paulo
3177 4190 3340 4245 minus
3364 4194 3424 4244 ab
3445 4207 3546 4244 att-

1961 4278 2085 4346 gelis
2114 4274 2282 4347 (Psal.
2306 4277 2359 4331 8.
2392 4277 2448 4347 6)
2479 4294 2491 4330 :
2521 4286 2679 4347 atque
2708 4277 2809 4332 hoc
2840 4278 3007 4347 ipsum
3035 4277 3204 4333 Paulo
3239 4281 3402 4351 minus
3433 4284 3549 4337 ino-

1962 4368 2243 4423 bedientite
2272 4379 2546 4437 peccatum
2578 4369 2904 4431 introduxit;
2937 4388 3054 4425 nam
3086 4382 3203 4442 post
3232 4376 3544 4441 praevarica-

1964 4460 2163 4514 tionem
2208 4460 2310 4513 hoe
2361 4459 2606 4529 loquutus
2650 4471 2733 4516 est
2776 4462 3030 4532 prepheta
3077 4483 3090 4519 :
3133 4465 3343 4521 videbat
3390 4469 3549 4539 igitur

1963 4566 2126 4623 super
2154 4562 2350 4608 terram
2377 4552 2621 4622 angelum
2650 4564 2978 4621 terrestrem,
3001 4565 3054 4610 et
3080 4571 3109 4609 a
3138 4570 3232 4611 sua
3261 4558 3549 4615 rodebatttr

1966 4643 2160 4698 invidia
2189 4642 2399 4697 daemon
2437 4644 2713 4711 malorum
2740 4658 2924 4700 auctor
2953 4665 2967 4700 :
2998 4650 3249 4717 quoniam
3276 4665 3396 4704 cum
3436 4653 3549 4722 ipso

1965 4735 2103 4789 inter
2143 4749 2401 4803 supernas
2443 4736 2667 4790 virtutes
2704 4746 2879 4803 esset,
2912 4747 2967 4792 et
3004 4738 3073 4794 ob
3111 4740 3400 4795 voluntatis
3437 4758 3548 4796 sute

1965 4826 2271 4898 nequitiam,
2300 4837 2355 4882 et
2387 4828 2653 4898 ingentem
2681 4830 2952 4895 malitiam,
2979 4847 3010 4886 e
3034 4846 3243 4887 summo
3268 4835 3401 4888 cmlo
3427 4850 3549 4903 pro-

1960 4921 2136 4989 jectus
2160 4922 2335 4987 fuerit,
2362 4938 2553 4992 magna
2581 4939 2706 4979 usus
2734 4934 2815 4978 est
2846 4926 3256 4991 machinatione,
3286 4938 3343 4982 ut
3369 4939 3422 4983 et
3454 4930 3549 4983 ho-

1966 5012 2162 5068 minem
2190 5015 2358 5083 gratia
2389 5015 2479 5069 Dei
2513 5016 2737 5084 privare,
2770 5025 2821 5068 et
2852 5016 3111 5084 ingratum
3139 5015 3355 5077 factum.
3388 5022 3548 5075 tantis

1966 5101 2120 5157 bonis
2165 5119 2258 5172 per
2291 5104 2526 5158 divinant
2569 5105 2855 5158 bonitatem
2899 5104 3025 5172 ipsis
3050 5091 3321 5161 conecssis
3346 5110 3550 5163 nudare

1967 5204 2164 5263 posset.
2198 5197 2262 5251 Et
2285 5196 2412 5264 qttid
2439 5195 2599 5251 fecit?
2623 5195 2839 5249 lnvento
2863 5196 3077 5250 animali
3100 5196 3220 5263 hoc,
3245 5213 3548 5270 serpentem

1966 5288 2108 5354 dico,
2138 5289 2227 5358 qui
2257 5298 2445 5343 etetera
2475 5288 2760 5342 calliditate
2782 5303 2878 5341 sua
2904 5287 3169 5355 vincebat,
3196 5291 3334 5347 sicut
3354 5305 3408 5348 et
3436 5295 3548 5349 Mn-

1967 5397 2056 5436 ses
2085 5389 2308 5435 testatus
2334 5388 2449 5445 est,
2476 5394 2595 5434 cum
2623 5378 2784 5445 dixit,
2826 5379 2953 5434 Erat
2988 5392 3155 5436 autem
3193 5401 3395 5454 serpens
3423 5405 3550 5456 pm-

1967 5476 2285 5530 acutissimus
2313 5475 2537 5529 omnium
2561 5474 2829 5529 bestiarum
2859 5492 2971 5547 qua:
2996 5493 3148 5548 super
3174 5487 3357 5533 terram
3380 5521 3394 5546 ,
3416 5496 3549 5550 quas

2033 5632 2049 5661 ³
2084 5628 2297 5698 Coisliu.,
2320 5628 2385 5681 ad
2408 5643 2644 5681 summum
2667 5631 2890 5685 honorem
2909 5630 3056 5697 fuisse
3078 5640 3304 5684 evectum.
