3796 6292
296 263 397 318 1:27

293 377 403 428 t'ect'l
450 373 696 428 Dominus
737 371 874 426 Deus
913 385 1024 425 :co
1064 367 1215 437 quasi
1259 367 1609 421 instrumento
1644 361 1872 432 quodam

291 482 417 521 usus
445 475 545 528 est.
580 481 675 535 per
702 462 844 534 quod
872 461 1167 525 mulierem,
1196 464 1377 527 utpote
1403 454 1695 525 simplicius
1722 459 1776 507 et
1801 453 1882 506 in-

294 558 630 623 firmiusvas,
656 556 796 609 illius
817 552 1172 607 familiaritate
1195 549 1245 602 in
1274 561 1514 603 errorem
1536 554 1590 599 et
1611 543 1882 613 deceptio-

294 664 413 704 ncm
440 656 773 719 provocaret.
798 643 864 698 Et
889 644 1035 706 dixit,
1063 640 1252 709 inquit,
1276 652 1478 709 serpens
1502 635 1723 689 mulieri.
1750 634 1884 688 llinc

290 739 480 808 collige
507 737 574 791 ab
603 736 754 790 initio
785 734 981 787 nullam
1022 732 1312 786 bestiarum
1340 731 1510 783 virum
1534 770 1547 793 ,
1576 728 1659 782 vel
1690 725 1882 780 mulie-

293 845 404 885 rem
448 829 698 883 terruisse
722 867 736 892 ,
768 825 862 881 sed
887 825 1177 879 dominium
1215 833 1263 876 et
1301 821 1685 889 subjectionem
1714 833 1881 889 agno-

292 926 453 987 visse,
482 930 535 976 et
559 922 698 975 sicut
731 934 871 973 nunc
899 916 1189 972 domestica
1216 914 1484 979 animalia,
1516 914 1586 967 ita
1614 921 1668 965 et
1696 910 1804 964 fera
1828 918 1883 965 et

293 1019 647 1072 immansueta
677 1022 805 1067 tunc
830 1012 976 1065 mitia
1008 1009 1189 1063 fuisse.

365 1110 420 1163 2.
445 1109 665 1177 Serpens
681 1106 767 1177 qui
784 1105 944 1157 Evam
958 1103 1148 1173 decepit
1164 1117 1264 1154 non
1285 1107 1392 1152 erat
1408 1098 1600 1151 ratione
1616 1096 1876 1166 praditus.

291 1204 432 1258 —At
452 1202 586 1256 forte
609 1201 693 1254 hic
713 1196 1028 1253 dubitaverit
1048 1179 1165 1263 quis
1181 1202 1234 1248 et
1253 1190 1541 1261 qumsierit,
1563 1203 1686 1242 num
1708 1186 1880 1241 ethoc

294 1294 489 1348 animal
527 1289 749 1344 rationis
788 1287 949 1342 fuerit
987 1286 1271 1354 particeps.
1311 1280 1424 1334 Non
1453 1281 1524 1333 ita
1553 1287 1672 1333 est:
1703 1276 1875 1341 absit;

284 1385 385 1440 sed
413 1385 446 1437 ii
486 1383 575 1452 qui
622 1380 926 1447 Scripturas
970 1384 1264 1445 sequuntur
1310 1371 1603 1441 intelligant
1645 1376 1876 1437 oportet,

293 1479 453 1533 verba
482 1474 698 1546 quidem
727 1486 847 1526 esse
871 1468 1091 1534 diaboli,
1111 1480 1267 1537 quem
1319 1463 1512 1517 invidia
1553 1460 1877 1527 concitabat,

292 1579 351 1623 ut
380 1569 451 1622 ita
472 1566 741 1621 hominem
788 1562 994 1616 falleret
1027 1576 1041 1614 :
1070 1557 1282 1612 animali
1309 1564 1486 1610 autem
1516 1552 1617 1607 hoc
1659 1562 1716 1605 ut
1760 1552 1877 1605 ido-

296 1676 398 1716 neo
419 1660 774 1714 instrumento
799 1652 1043 1708 utebatur
1073 1650 1338 1712 diabolus,
1367 1663 1473 1717 quo
1502 1660 1716 1700 suarum
1742 1646 1881 1699 frau-

292 1752 439 1807 dium
466 1764 586 1805 esca
616 1748 872 1807 immissa,
905 1742 1248 1812 supplantare
1276 1740 1502 1809 primum
1548 1746 1729 1806 posset
1757 1750 1876 1789 mu-

291 1843 508 1906 lierem,
559 1854 677 1910 qua:
718 1837 921 1890 facilius
958 1832 1130 1903 decipi
1170 1839 1376 1902 potenat
1403 1871 1416 1891 ,
1458 1839 1511 1882 et
1551 1836 1734 1897 postea
1786 1842 1878 1894 per

290 1935 431 1987 illam
482 1930 641 1985 etiam
702 1927 1082 1996 protoplastum
1128 1920 1509 1990 supplantaret.
1554 1920 1733 1986 Itaque
1778 1915 1881 1969 hoc

283 2027 446 2079 bruto
469 2024 631 2075 utitur
650 2021 715 2073 ad
745 2018 962 2072 insidias
1008 2014 1309 2073 struendas,
1336 2021 1391 2066 et
1417 2027 1510 2080 per
1550 2010 1719 2079 ipsum
1758 2025 1877 2062 mu—

291 2114 410 2169 lieri
459 2112 712 2181 loquitur,
758 2117 811 2162 et
853 2108 968 2160 ait:
1002 2106 1173 2170 Quare
1215 2102 1342 2155 dixit
1387 2100 1551 2162 Deus,
1595 2097 1679 2152 Ne
1716 2115 1879 2152 conte-

291 2204 422 2257 dutis
438 2219 502 2255 ea:
530 2202 665 2255 omni
695 2201 833 2269 ligno
856 2196 992 2267 quod
1018 2204 1090 2249 est
1115 2194 1168 2247 in
1199 2190 1474 2263 paradiso?
1507 2188 1875 2255 Considerate,

290 2298 533 2360 obsecro,
562 2290 904 2362 malignitatis
923 2285 1318 2343 callidissimam
1346 2281 1708 2336 subtilitatem.
1731 2278 1882 2332 Indu-

291 2387 364 2440 cit
407 2386 548 2439 enim
595 2383 803 2437 ratione
848 2377 1078 2442 consilii,
1125 2387 1179 2430 et
1222 2372 1672 2443 interrogationis,
1717 2371 1878 2425 etiam

295 2476 436 2547 quod
467 2477 628 2529 aDeo
676 2473 874 2528 dictum
926 2484 1031 2525 non
1079 2476 1215 2533 erat,
1262 2466 1411 2535 quasi
1457 2464 1659 2518 scilicet
1692 2476 1877 2516 curam

297 2571 530 2638 ipsorum
561 2566 783 2621 haberet
809 2583 823 2619 :
856 2563 907 2619 id
928 2561 1069 2633 quod
1092 2558 1406 2621 ostenditur,
1422 2573 1539 2612 cum
1558 2555 1726 2626 inquit
1746 2572 1757 2607 :
1777 2552 1879 2609 Cur

290 2662 419 2715 dixit
449 2659 604 2724 Deus,
634 2658 715 2711 Ne
734 2656 1006 2711 comedatis
1041 2655 1104 2708 de
1141 2653 1277 2708 onmi
1308 2652 1442 2722 ligno
1468 2650 1686 2721 quodest
1706 2651 1758 2702 in
1782 2667 1877 2720 pa-

292 2750 503 2805 radiso?
548 2749 697 2819 quasi
744 2747 945 2802 diceret
986 2744 1248 2816 malignus
1291 2743 1380 2797 ille
1421 2741 1672 2795 daemon:
1702 2740 1879 2808 Quare

296 2844 434 2896 Deus
466 2841 695 2911 privavit
716 2853 813 2893 vos
843 2844 989 2893 tanta
1020 2835 1313 2890 fruitione?
1350 2848 1448 2888 cur
1488 2847 1591 2886 non
1636 2832 1878 2887 concedit

292 2944 349 2989 ut
370 2934 655 3005 participes
682 2931 798 2986 sitis
822 2931 1082 2985 bonorum
1112 2943 1231 2998 quae
1256 2936 1379 2980 sunt
1406 2925 1455 2979 in
1479 2924 1752 2996 paradiso;
1783 2924 1876 2979 sed

290 3025 538 3095 .pl'iIESlilll
583 3024 800 3092 quidem
841 3030 897 3076 ut
924 3020 1039 3074 visu
1085 3018 1415 3082 frueremini,
1456 3031 1565 3070 non
1606 3024 1783 3070 tamen
1814 3031 1878 3070 eo

296 3118 394 3172 frui
442 3116 587 3181 sinit,
618 3124 672 3168 et
710 3112 899 3182 majori
952 3111 1225 3179 voluptate
1276 3106 1562 3163 interdicit.
1608 3104 1711 3160 Cur
1752 3106 1879 3159 dixit

298 3210 433 3263 Deus
451 3209 476 3261 ?
495 3208 690 3275 Quare,
722 3206 914 3273 inquit,
947 3204 1079 3258 hoc?
1102 3220 1219 3272 quae
1257 3202 1452 3255 utilitas
1478 3199 1677 3254 versari
1706 3198 1758 3252 in
1781 3213 1878 3267 pa-

296 3301 494 3363 radiso,
523 3309 577 3354 et
605 3314 711 3352 non
728 3296 831 3351 frui
860 3296 943 3350 his
970 3309 1089 3364 quae
1116 3294 1169 3347 in
1201 3293 1291 3347 illo
1317 3300 1460 3356 sunt,
1484 3288 1577 3343 sed
1618 3288 1740 3342 ideo
1767 3302 1875 3340 ma—

288 3399 462 3466 jorem
512 3394 651 3447 ferre
690 3391 967 3451 dolorem,
1005 3386 1148 3458 quod
1192 3393 1433 3455 spectare
1476 3380 1690 3451 quidem
1731 3379 1880 3433 vobis

292 3490 468 3553 liceat,
518 3486 621 3541 frui
659 3500 763 3539 non
805 3480 998 3537 liccat?
1046 3479 1235 3535 Vidisti
1279 3476 1548 3548 quomodo
1574 3490 1666 3545 per
1694 3474 1873 3539 verba,

292 3580 443 3650 quasi
468 3595 564 3650 per
604 3592 780 3633 escam
820 3576 965 3631 virus
1004 3588 1158 3629 suum
1204 3568 1471 3625 immittit?
1500 3567 1730 3622 Debebat
1760 3582 1879 3620 mu-

293 3672 392 3727 lier
415 3687 480 3727 ex
504 3672 619 3740 ipso
646 3680 896 3739 aggressa
920 3664 1244 3721 eminentem
1267 3660 1569 3730 conjectare
1602 3657 1876 3720 malitiam,

298 3774 409 3817 tum
434 3761 575 3833 quod
600 3761 668 3815 de
699 3759 956 3814 industria
986 3771 1107 3828 quae
1146 3770 1253 3809 non
1301 3762 1454 3807 erant
1498 3752 1720 3817 diceret,
1766 3759 1877 3804 tum

295 3856 439 3926 quod
465 3853 614 3922 quasi
657 3866 838 3906 curam
880 3849 1118 3918 ipsorum
1163 3850 1393 3916 gereret,
1426 3851 1483 3898 ut
1524 3842 1663 3907 scire
1703 3849 1881 3909 posset

295 3962 414 4017 qua:
454 3946 558 4001 illis
582 3959 612 3998 a
643 3945 753 3999 Deo
795 3950 1081 4012 praecepta,
1113 3948 1168 3993 et
1201 3937 1277 4017 sic
1301 3936 1370 3990 ad
1388 3933 1879 4017 praevaricationem

294 4010 438 4110 ipsos
464 4037 716 4092 traheret.
748 4010 908 4105 lgitur
930 4010 1052 4089 cum
1084 4014 1281 4102 posset
1310 4029 1489 4084 statim
1533 4010 1879 4097 imposturam

294 4132 501 4197 videre,
534 4137 588 4185 et
624 4128 858 4182 aversari
904 4126 1063 4180 verba
1103 4124 1178 4177 uti
1209 4122 1448 4192 nugacia,
1480 4130 1534 4175 et
1571 4120 1801 4188 seipsam
1828 4120 1880 4173 in

295 4231 492 4276 tantam
537 4218 793 4273 vilitatem
824 4230 928 4269 non
956 4214 1209 4283 dejicere.
1238 4213 1425 4266 noluit.
1451 4209 1762 4280 Oportebat,
1795 4212 1878 4263 in-

294 4328 474 4383 quam,
495 4312 646 4365 initio
673 4309 996 4378 colloquium
1026 4307 1164 4361 illius
1208 4320 1315 4360 non
1355 4303 1515 4369 ferre,
1551 4303 1646 4358 sed
1680 4304 1753 4357 illi
1780 4304 1879 4358 soli

296 4402 461 4471 loqui,
489 4409 703 4471 propter
731 4415 912 4470 quem,
931 4407 986 4453 et
1015 4399 1065 4451 in
1097 4396 1248 4465 cujus
1277 4395 1595 4466 adjutorium
1626 4392 1881 4463 producta

292 4501 430 4559 erat,
459 4490 721 4563 particeps
742 4490 1011 4561 dignitatis
1039 4490 1179 4543 illius
1205 4488 1359 4541 facta.
1390 4486 1521 4553 Quia
1550 4495 1749 4548 autem.
1779 4502 1877 4540 ne-

295 4585 407 4638 scio
428 4583 695 4653 quomodo
723 4582 931 4645 allecta,
958 4580 1276 4649 Colloquium
1326 4578 1590 4648 serpentis
1626 4578 1764 4643 tulit,
1786 4591 1881 4646 per

295 4691 454 4746 quem
481 4716 495 4740 ,
544 4684 601 4729 ut
644 4676 1084 4740 instrumentum,
1136 4671 1432 4749 perniciosa
1474 4670 1671 4725 diaboli
1715 4670 1879 4725 verba

296 4766 551 4837 suscepit,
567 4782 859 4837 congruum
884 4774 999 4820 erat
1018 4765 1195 4819 statim
1219 4778 1340 4819 cum
1362 4763 1593 4818 disceret
1615 4777 1680 4816 ex
1704 4760 1881 4815 verbis

294 4863 430 4932 ejus,
460 4876 578 4917 esse
607 4860 695 4915 illa
716 4874 837 4914 cum
869 4860 1093 4913 veritate
1120 4858 1403 4928 pugnantia
1431 4865 1485 4909 et
1522 4855 1623 4908 alia
1667 4853 1879 4922 quidem

293 4954 633 5009 Conditorem
683 4953 993 5022 imperasse,
1042 4950 1145 5004 alia
1189 4955 1365 5003 autem
1416 4947 1585 5011 illum,
1631 4955 1687 5000 et
1724 4945 1880 5013 plane

294 5044 559 5099 contraria
588 5043 697 5098 Deo
740 5042 941 5107 dicere,
965 5049 1022 5095 ut
1048 5041 1160 5110 ipsa
1206 5046 1561 5101 aversaretur,
1593 5046 1647 5090 et
1676 5035 1881 5105 fugeret

296 5134 438 5187 illius
484 5134 920 5188 consuetudinem
946 5172 961 5196 ,
1012 5130 1513 5197 abominareturque
1550 5126 1697 5181 illum
1724 5166 1738 5188 ,
1789 5126 1879 5193 qui

298 5226 548 5293 linguam,
577 5234 761 5279 contra
786 5225 968 5279 datum
992 5223 1094 5277 illis
1134 5221 1440 5276 mandatum
1477 5233 1668 5273 acuere
1713 5217 1879 5272 aude-

300 5323 394 5371 tet.
428 5313 623 5368 Verum
645 5316 767 5383 quia
789 5331 897 5383 pm:
926 5328 1114 5384 magna
1139 5310 1456 5383 negligentia
1486 5325 1592 5364 non
1630 5307 1877 5362 attende-

299 5406 412 5471 bat,
440 5420 546 5459 non
598 5405 771 5460 solum
812 5420 920 5460 non
964 5416 1047 5461 est
1096 5405 1243 5459 illum
1290 5412 1548 5468 aversata,
1581 5400 1675 5456 sed
1722 5414 1880 5457 omne

297 5495 604 5551 mamlatum
651 5495 728 5551 illi
768 5495 988 5563 detexit,
1020 5504 1074 5551 et
1101 5510 1265 5566 porco
1310 5494 1623 5563 margaritas
1662 5491 1873 5561 objecit,

299 5586 637 5665 implevitque
658 5588 799 5658 quod
821 5602 851 5641 a
877 5586 1092 5643 Christo
1135 5587 1334 5642 dictum
1376 5595 1458 5640 est
1490 5602 1503 5637 :
1538 5583 1620 5637 Ne
1668 5582 1878 5637 mittatis

298 5697 380 5734 ma
391 5681 811 5749 rgaritasvestras
833 5691 949 5734 ante
977 5693 1175 5749 porcos,
1209 5694 1271 5731 ne
1293 5680 1424 5748 forte
1448 5674 1736 5728 cancukent
1758 5673 1876 5727 illas

1040 256 1095 311 s.
1135 240 1413 309 manuus
1449 246 1924 305 cunvsosrom
1966 244 2277 302 ARClllEP.
2321 242 2847 302 consumma.
3466 249 3558 305 res

1988 361 2197 433 pedibus
2225 360 2351 424 suis,
2376 370 2423 414 et
2447 362 2670 416 conversi
2694 378 2780 417 vos
2809 362 3126 431 disrumpunt
3151 362 3362 431 (Matth.
3392 364 3441 416 7.
3466 366 3514 432 6)
3540 383 3552 419 :

1988 452 2041 507 id
2071 452 2210 523 quod
2240 461 2296 507 et
2315 453 2401 508 hic
2426 452 2620 508 factum
2647 462 2748 508 est.
2776 453 3037 524 Apposuit
3062 454 3205 508 enim
3230 468 3412 522 porco,
3445 454 3559 508 huic

1987 543 2143 599 mala:
2180 544 2385 611 bestia,
2429 544 2656 600 dtemoni
2698 543 2965 611 videlicet,
2986 544 3078 614 qui
3120 559 3217 615 per
3261 554 3557 613 serpentem

1988 635 2326 705 operabatur,
2381 635 2590 690 divinas
2638 638 2970 707 margaritas,
3005 645 3193 691 etnon
3238 638 3411 691 solum
3449 637 3560 690 illas

1986 726 2336 793 conculcavit,
2368 738 2421 781 et
2450 728 2604 783 dictis
2643 743 2701 782 se
2743 730 3009 798 opposuit,
3042 727 3136 783 sed
3168 735 3221 782 et
3254 743 3559 789 conversus,

1986 833 2091 872 non
2133 819 2301 888 ipsam
2343 819 2537 885 solum,
2565 818 2659 873 sed
2688 834 2807 874 cum
2839 821 2951 890 ipsa
2980 820 3352 890 primigenium
3401 821 3564 873 homi-

1987 928 2107 967 nem
2152 927 2362 983 quoque
2404 914 2455 968 in
2487 916 2833 985 pmeipitium
2877 914 3249 970 inobedientia:
3294 915 3554 985 perduxit.

1986 1004 2213 1059 Tantum
2263 1006 2459 1060 malum
2505 1018 2589 1061 est
2622 1007 2821 1077 absque
2852 1007 3057 1062 delectu
3087 1009 3255 1062 cuivis
3283 1017 3336 1061 et
3366 1009 3561 1077 promi-

1986 1113 2111 1152 scue
2150 1098 2327 1152 divina
2370 1100 2616 1170 mysteria
2638 1100 2904 1169 detegere.
2932 1101 3165 1155 Audiam
3195 1100 3283 1170 qui
3313 1102 3426 1155 sine
3448 1101 3564 1154 dis-

1984 1190 2206 1244 crimine
2259 1190 2570 1260 simpliciter
2603 1205 2722 1245 cum
2751 1191 3000 1245 omnibus
3040 1192 3431 1260 colloquuntur.
3456 1191 3561 1245 Ne-

1985 1297 2088 1350 que
2108 1283 2250 1336 enim
2294 1281 2363 1336 ibi
2410 1282 2655 1337 Christus
2693 1283 2761 1345 de
2802 1284 3037 1339 sensibili
3084 1299 3245 1353 porco
3292 1286 3557 1355 pmrecpit,

1984 1374 2078 1429 sed
2102 1375 2345 1429 homines
2392 1376 2623 1444 porcinis
2666 1377 2903 1431 moribus
2946 1377 3262 1443 subindicat,
3294 1379 3382 1448 qui
3428 1380 3563 1433 sicut

1985 1467 2139 1521 bruta
2169 1468 2252 1521 illa
2287 1468 2339 1521 in
2371 1468 2570 1536 peccati
2598 1468 2711 1523 luto
2748 1469 3108 1533 involvuntur,
3136 1469 3334 1523 docens
3362 1484 3475 1531 nos,
3507 1478 3561 1523 ut

1986 1573 2334 1628 personarum
2360 1559 2718 1614 diversitatem
2750 1559 3141 1629 dignoscamus,
3170 1569 3222 1615 et
3251 1561 3369 1615 vita:
3398 1561 3561 1615 ratio-

1984 1663 2082 1702 nes
2108 1649 2457 1719 inquiramus,
2482 1649 2695 1719 quando
2737 1650 2933 1719 aliquid
2978 1650 3278 1704 divinorum
3324 1651 3560 1719 eloquio~

1985 1756 2104 1796 rum
2135 1757 2406 1811 exponere
2434 1757 2569 1812 opus
2596 1741 2782 1808 fuerit,
2818 1759 2882 1797 ne
2903 1754 2955 1797 et
2988 1744 3105 1797 illos
3134 1753 3187 1797 ct
3217 1746 3562 1813 nosmetipsos

1986 1833 2260 1888 Imdamus.
2294 1834 2421 1887 Nam
2453 1835 2542 1904 qui
2571 1835 2701 1890 tales
2721 1844 2864 1900 sunt,
2899 1851 3001 1889 non
3039 1835 3208 1889 solum
3255 1836 3385 1889 nihil
3432 1837 3561 1892 lucri

1985 1940 2051 1979 ex
2077 1925 2234 1980 dictis
2272 1926 2503 1995 capiunt,
2538 1926 2631 1981 sed
2660 1935 2716 1981 et
2738 1941 2832 1981 eos
2853 1928 2941 1996 qui
2970 1927 3134 1981 bonas
3165 1927 3281 1980 illas
3308 1928 3560 1997 margari-

1984 2025 2066 2070 tas
2094 2016 2294 2086 absque
2322 2017 2689 2087 disquisitione
2728 2019 2832 2072 illis
2875 2028 3277 2090 proposuerant.
3310 2035 3486 2073 secum
3510 2020 3561 2073 in

1984 2121 2096 2162 suae
2122 2108 2435 2177 perditionis
2465 2109 2783 2178 profundum
2814 2124 2956 2179 saepe
3005 2120 3389 2178 pertraxerunt.
3440 2110 3562 2166 ideo

1984 2215 2104 2255 cum
2146 2201 2417 2272 diligentia
2466 2203 2795 2258 observanda
2840 2213 2962 2259 sunt
2992 2203 3125 2266 haec,
3158 2219 3224 2258 ne
3252 2204 3433 2259 eadem
3467 2219 3561 2273 pa-

1985 2294 2177 2347 tiamur
2196 2310 2313 2363 qua:
2340 2295 2411 2349 illi
2436 2295 2524 2365 qui
2557 2294 2642 2351 hic
2667 2296 2875 2365 decepti
2920 2304 3062 2350 sunt.
3115 2295 3243 2350 Nam
3273 2305 3327 2351 et
3354 2313 3493 2351 nunc
3520 2298 3563 2351 si

1986 2387 2240 2441 voluisset
2280 2388 2470 2442 mulier
2516 2404 2620 2443 non
2671 2404 2972 2459 proponere
3023 2389 3331 2458 margaritas
3379 2404 3561 2457 porco,

1986 2492 2158 2547 neque
2189 2478 2301 2547 ipsa
2325 2476 2377 2531 in
2422 2478 2771 2549 praecipitium
2819 2479 3032 2546 ruisset,
3058 2495 3228 2549 neque
3272 2480 3440 2533 virum
3472 2494 3562 2534 se-

1980 2583 2105 2624 cum
2137 2572 2400 2626 traxisset.

2055 2661 2107 2717 3.
2146 2662 2250 2717 Sed
2288 2664 2563 2720 audiamus
2592 2664 2718 2735 quid
2749 2665 2819 2719 illi
2851 2666 3187 2735 respondeat.
3237 2665 3365 2719 Nam
3396 2676 3451 2720 ut
3479 2667 3563 2721 di-

1982 2762 2154 2818 xerat,
2182 2753 2284 2808 Cur
2307 2754 2435 2807 dixit
2460 2754 2618 2823 Deus,
2647 2754 2724 2811 De
2742 2757 2878 2810 omni
2900 2755 3036 2827 ligno
3066 2758 3293 2824 paradisi
3317 2774 3379 2811 ne
3400 2773 3566 2811 rome-

1984 2846 2158 2900 datis?
2182 2846 2352 2916 inquit
2376 2848 2564 2902 mulier
2585 2847 2818 2917 serpenti
2853 2866 2863 2899 2
2892 2846 2946 2900 2.
2972 2848 3050 2902 De
3076 2848 3212 2901 omni
3238 2849 3374 2919 ligno
3413 2866 3565 2919 para-

1982 2936 2082 2991 disi
2107 2937 2444 3003 comedimus;
2489 2939 2539 2993 5.
2574 2939 2637 2991 de
2664 2942 2832 3009 fructu
2858 2949 3025 2993 autem
3060 2940 3202 3009 ligni,
3244 2940 3379 3011 quod
3406 2952 3477 2994 est
3510 2942 3566 2994 in

1983 3030 2146 3083 medio
2183 3031 2428 3100 paradisi,
2478 3030 2608 3083 dixit
2646 3029 2804 3095 Deus,
2848 3047 2909 3084 ne
2945 3031 3235 3095 comedetis,
3261 3048 3414 3101 neque
3440 3034 3565 3084 atti-

1983 3121 2152 3189 geritis
2179 3121 2367 3188 ipsum,
2392 3130 2443 3173 ut
2474 3137 2571 3174 non
2597 3121 2902 3174 moriamini.
2928 3120 3113 3178 Vidisti
3145 3122 3523 3191 malignitatem
3543 3123 3569 3175 ἲ

1988 3210 2127 3263 Dixit
2155 3210 2298 3279 quod
2327 3226 2429 3265 non
2459 3220 2592 3275 erat,
2625 3219 2683 3265 ut
2708 3211 2759 3264 in
2790 3211 3109 3281 colloquium
3139 3222 3469 3279 provocaret,
3512 3220 3570 3267 et

1985 3299 2217 3355 disceret
2253 3299 2303 3355 id
2341 3300 2483 3370 quod
2527 3309 2661 3355 erat.
2692 3300 2879 3356 Mulier
2910 3302 3051 3356 enim
3082 3310 3263 3371 postea
3292 3302 3567 3357 conlidens

1985 3390 2131 3460 quasi
2162 3390 2420 3445 benevole
2446 3406 2568 3461 erga
2593 3405 2652 3446 se
2680 3391 2897 3447 allectus
2921 3400 3082 3456 esset,
3136 3402 3301 3446 t0tum
3339 3393 3570 3447 manda-

1987 3491 2095 3534 tum
2141 3479 2377 3547 detexit,
2434 3482 2817 3553 diligenterque
2864 3482 3131 3538 recensuit
3155 3464 3353 3548 omnia,
3397 3496 3451 3539 et
3480 3500 3571 3540 re-

1984 3585 2182 3640 sponso
2214 3586 2313 3626 suo
2351 3587 2562 3627 onmem
2600 3574 2913 3644 sibimetipsi
2938 3574 3297 3630 defensionem
3324 3576 3567 3633 abstulit.

1984 3662 2122 3730 Quid
2153 3663 2294 3717 enim
2323 3672 2473 3733 potes
2494 3664 2694 3733 dicere,
2725 3680 2760 3721 o
2785 3666 3014 3721 mulier?
3055 3666 3199 3721 Dixit
3240 3667 3378 3722 Deus
3409 3670 3449 3733 ¹,
3482 3668 3571 3724 Ne

1984 3755 2257 3810 comedetis
2285 3757 2350 3809 de
2376 3756 2512 3811 omni
2533 3757 2667 3828 ligno
2691 3758 2825 3827 quod
2854 3768 2925 3811 est
2957 3759 3010 3811 in
3036 3758 3292 3828 paradiso.
3341 3759 3574 3829 Oporte-

1985 3846 2075 3900 bat
2119 3855 2171 3901 te
2208 3847 2441 3901 aversari
2490 3862 2633 3912 eum,
2661 3847 2751 3917 qui
2797 3848 3007 3903 diversa
3037 3863 3066 3901 a
3098 3849 3206 3904 Deo
3233 3849 3459 3914 dixerat,
3512 3859 3575 3907 et

1984 3938 2164 3994 dicere
2218 3956 2231 3992 :
2279 3942 2479 4010 Apage,
2523 3939 2784 4009 impostor
2808 3956 2867 3997 es
2896 3950 2972 4006 tu,
3017 3942 3191 3997 nescis
3218 3957 3387 4012 neque
3412 3959 3574 3997 man-

1984 4031 2094 4087 dati
2135 4032 2289 4087 nobis
2334 4033 2444 4087 dati
2491 4034 2817 4103 potentiam,
2877 4048 3049 4103 neque
3078 4035 3290 4103 quantis
3317 4035 3571 4102 fruimur,

1986 4138 2161 4193 neque
2186 4125 2390 4193 copiam
2418 4138 2603 4178 eorum
2648 4139 2766 4193 quae
2794 4125 2949 4179 nobis
2987 4127 3407 4194 suppeditantur.
3431 4126 3575 4182 Nam

1988 4225 2043 4269 tu
2081 4214 2290 4285 quidem
2333 4216 2413 4268 ais
2439 4215 2605 4269 Deum
2634 4215 2849 4279 dixisse,
2902 4217 3104 4270 nullum
3144 4231 3242 4271 nos
3284 4217 3576 4287 degustare

1954 4354 1957 4357 .
1984 4306 2182 4375 debere
2216 4307 2456 4376 lignum;
2505 4306 2757 4360 Dominus
2796 4316 2971 4361 autem
3001 4318 3055 4361 et
3082 4307 3337 4362 Conditor
3364 4309 3434 4363 ob
3463 4308 3575 4362 im-

1986 4414 2223 4455 mensam
2251 4414 2401 4453 suam
2430 4398 2718 4453 bonitatem
2747 4399 2900 4453 nobis
2924 4400 3162 4469 permisit
3186 4399 3309 4465 frui,
3332 4408 3386 4455 et
3410 4411 3575 4469 pote-

1985 4501 2176 4547 statem
2222 4491 2422 4547 habere
2462 4492 2735 4557 omnium;
2777 4492 2843 4544 ab
2890 4507 2997 4545 uno
3052 4500 3250 4545 tantum
3295 4492 3578 4546 abstinere

1981 4586 2157 4654 jussit,
2211 4584 2371 4653 idque
2422 4583 2575 4637 nobis
2620 4584 3032 4648 consulens,‘ut
3074 4598 3139 4635 ne
3177 4591 3387 4652 gustato
3440 4584 3571 4648 illo,

1984 4688 2157 4733 morte
2184 4676 2640 4732 occumbere‘mus.
2682 4675 2992 4745 Oportebat,
3025 4675 3068 4729 si
3098 4675 3309 4744 quidem
3331 4676 3576 4746 prudens

1984 4769 2188 4835 fuisset,
2237 4769 2319 4825 bis
2361 4769 2514 4823 dictis
2554 4768 2701 4822 illum
2741 4768 2958 4821 omnino
3001 4768 3267 4833 aversari,
3324 4768 3577 4838 nihilque

1986 4862 2122 4916 ultra
2164 4861 2236 4914 illi
2283 4860 2454 4928 loqui,
2498 4873 2670 4927 neque
2692 4858 2876 4911 audire
2920 4857 3221 4927 loquentem
3257 4876 3268 4911 :
3303 4859 3397 4913 sed
3436 4861 3573 4923 ista,

1985 4954 2223 5009 revelato
2266 4962 2564 5022 praecepto,
2614 4961 2671 5005 et
2722 4952 2950 5004 narratis
3006 4952 3097 5004 Dei
3141 4952 3355 5017 verbis,
3414 4952 3575 5005 aliud

1984 5046 2246 5100 letiferum
2290 5051 2345 5097 et
2393 5043 2750 5113 perniciosum
2788 5042 3066 5095 consilium
3113 5042 3181 5096 ab
3221 5042 3312 5095 illo
3348 5043 3572 5110 accipit.

1984 5139 2113 5193 Nam
2144 5146 2422 5208 postquam
2451 5135 2583 5191 dixit
2607 5136 2799 5189 mulier
2846 5152 2859 5188 :
2909 5132 2987 5187 De
3015 5135 3151 5187 omni
3176 5135 3312 5204 ligno
3338 5136 3579 5203 paradisi

1982 5232 2197 5301 edimus,
2237 5229 2301 5283 de
2341 5232 2508 5300 fructu
2540 5236 2709 5281 autem
2750 5226 2876 5297 ligni
2916 5226 3050 5294 quod
3087 5234 3157 5279 est
3188 5225 3241 5278 in
3282 5225 3444 5278 medio
3470 5242 3578 5294 pa-

1984 5326 2161 5391 radisi,
2212 5325 2342 5381 dixit
2391 5323 2551 5390 Deus,
2598 5338 2658 5376 ne
2690 5322 2964 5397 comedetis
3002 5336 3064 5374 es;
3096 5318 3210 5380 illo,
3250 5334 3407 5389 neque
3440 5319 3575 5370 atti-

1981 5421 2154 5492 geritis
2176 5420 2363 5489 ipsum,
2402 5434 2476 5471 ne
2502 5414 2786 5470 moriamini
2807 5431 2827 5481 ;
2865 5413 3053 5468 iterum
3095 5412 3354 5481 malignus
3372 5410 3577 5464 salutis

2046 5617 2063 5647 ί
2087 5617 2235 5667 Savil.
2259 5614 2722 5685 additlnmargine,
2750 5626 2899 5677 quare
2928 5612 2992 5675 (τί
3017 5610 3129 5673 ὅτι),
3153 5610 3567 5669 sententiamque

1985 5678 2341 5743 interrogative
2366 5678 2645 5738 distinguit.
