3796 6300
180 286 274 342 127

181 401 425 468 ἐποίησε
471 399 690 468 Κύριος
723 400 756 452 ό
807 399 983 464 Θεός·
1016 396 1190 468 τούτῳ
1244 396 1433 470 ὥσπερ
1491 400 1705 470 ὀργάνῳ
1741 399 1848 452 τινὶ

177 488 458 560 χρώμενος
487 500 536 552 ει,
575 486 643 539 δι’
693 483 858 539 αὑτοῦ
897 483 958 536 τὸ
1021 484 1293 538 ἄπλαστον
1336 485 1431 539 καὶ
1463 485 1848 556 ἀσθενέστερον

178 575 392 638 σκεῦος,
419 573 518 644 τὴν
548 577 782 643 γυναῖκα
806 572 970 640 λέγω,
999 572 1088 625 διὰ
1111 573 1209 643 τῆς
1241 573 1454 643 ὁμιλίας
1496 575 1575 636 εἰς
1600 573 1699 645 τὴν
1725 575 1851 626 ἐαυ·

178 664 264 716 τοῦ
300 664 522 731 ἀπάτην
562 661 894 716 ἐκκαλεῖται.
935 661 1044 714 Καὶ
1077 657 1230 725 εἷπε,
1277 662 1462 732 φησὶν,
1514 665 1547 716 ό
1586 663 1720 729 ὄφις
1777 659 1853 730 τῇ

177 751 419 821 γυναικί
427 792 441 802 .
475 750 724 818 Λογίζου,
752 748 1022 818 ἀγαπητέ,
1058 749 1123 800 ἐκ
1143 749 1355 816 τούτου,
1381 750 1498 812 πῶς
1521 749 1672 802 οὐδὲν
1699 743 1767 818 ἦν
1795 749 1854 802 ἐν

177 839 487 908 προοιμίοις
518 836 748 906 φοϐερὸν
786 835 894 888 τῶν
922 836 1127 907 Θηρίων
1155 836 1262 890 τῶν
1302 836 1701 907 γεγενημένων,
1730 834 1852 888 οὐτε

175 907 248 996 τῷ
271 925 453 994 ἀνδρὶ,
488 922 611 976 οὐτε
652 907 726 994 ’τῇ
755 924 997 989 γυναικὶ,
1031 923 1168 976 ἀλλά
1195 925 1292 995 τὴν
1318 923 1596 994 ὑποταγὴν
1628 923 1721 976 καὶ
1753 922 1852 994 τὴν

174 1014 498 1067 δεσποτείαν
530 1012 920 1080 ἐπεγίνωσκον,
975 1011 1067 1064 καὶ
1107 1011 1357 1083 καθάπερ
1390 1009 1485 1064 νῦν
1527 1010 1596 1064 τὰ
1647 1011 1848 1081 ἥμερα,

174 1103 316 1156 οὕτω
336 1102 432 1154 καὶ
449 1102 515 1155 τά
534 1100 701 1171 ἄγρια
724 1100 818 1152 καὶ
835 1095 1100 1152 ἀτίθασσα
1120 1100 1239 1152 τότε
1260 1097 1516 1170 χειροήθη
1533 1097 1846 1166 ἐτύγχανεν.

239 1190 314 1258 β’.
344 1188 484 1241 Ἀλλ’
507 1190 635 1248 ἴσως
651 1186 888 1240 ἐνταῦθα
912 1187 1294 1256 διαπορήσειεν
1314 1187 1378 1240 ἄν
1404 1203 1512 1248 τις,
1536 1186 1628 1239 καὶ
1660 1185 1851 1255 μαθεῖν

174 1277 488 1347 ζητήσειεν,
510 1277 559 1328 εί
589 1274 686 1327 καὶ
714 1275 774 1326 τὸ
810 1272 1000 1344 θηρίον
1028 1273 1188 1342 λόγου
1237 1275 1508 1344 μετεῖχεν.
1549 1273 1623 1325 Οὐ
1658 1271 1848 1326 τοῦτο⁹

175 1364 245 1433 μὴ
270 1365 491 1431 γένοιτο
514 1381 527 1393 ’
579 1361 695 1415 ἀλλ’
721 1361 809 1415 ἀεὶ
848 1361 1272 1424 ἀκολουθοῦντας
1308 1361 1337 1401 ι’
1372 1364 1436 1432 τῇ
1472 1361 1510 1414 Γ
1517 1362 1662 1429 ραφῇ
1694 1358 1851 1412 τοῦτο

173 1453 489 1523 λογίζεσθαι
518 1451 644 1524 χρὴ,
665 1453 748 1505 ὅτι
782 1453 850 1504 τὰ
875 1452 973 1520 μὲν
1003 1453 1225 1522 ῥήματα
1254 1446 1322 1522 ἧν
1361 1449 1455 1503 τοῦ
1480 1449 1726 1504 διαϐόλου
1754 1447 1848 1502 τοῦ

171 1544 253 1598 διὰ
295 1545 392 1596 τὸν
415 1544 614 1596 οἰκεῖον
637 1541 829 1610 φθόνον
863 1541 1000 1611 πρὸς
1025 1539 1122 1610 τὴν
1167 1541 1390 1611 ἀπάτην
1411 1540 1615 1609 ταύτην
1640 1540 1850 1609 διεγερ-

174 1630 359 1688 θέντος
386 1646 401 1660 ·
431 1627 510 1698 τῷ
555 1629 610 1680 δὲ
640 1627 814 1698 θηρίῳ
851 1628 1024 1694 τούτῳ
1079 1626 1266 1697 ὥσπερ
1319 1627 1605 1697 ἐπιτηδείῳ
1633 1627 1851 1696 ὀργάνῳ

172 1718 471 1786 ἐχρήσατο,
531 1715 618 1769 ἵνα
662 1714 862 1786 δυνηθῇ
914 1715 974 1769 τὸ
1001 1715 1192 1787 δέλεαρ
1232 1715 1330 1786 τῆς
1376 1716 1582 1778 οἰκείας
1635 1715 1850 1782 ἀπάτης

172 1807 354 1868 ἐνιεὶς,
390 1804 748 1857 ὑποσκελίσαι
786 1804 1050 1876 πρότερον
1083 1804 1180 1869 μὲν
1221 1805 1318 1874 τὴν
1353 1805 1604 1872 γυναῖκα,
1642 1801 1735 1855 ἀτε
1763 1801 1852 1855 ἀεὶ

173 1891 544 1963 εὐκολώτερον
565 1891 872 1961 δυναμένην
898 1890 1264 1961 ἀπατηθῆναι,
1296 1890 1485 1943 ἔπειτα
1508 1891 1564 1943 δέ
1593 1890 1658 1943 δι’
1683 1888 1850 1959 αὐτῆς

174 1976 265 2028 καὶ
299 1973 394 2026 τὸν
428 1974 873 2044 πρωτόπλαστον.
905 1973 993 2044 Τῷ
1023 1970 1114 2028 οὖν
1145 1974 1324 2044 ἀλόγῳ
1351 1971 1524 2042 τούτῳ
1577 1972 1850 2042 χρησάμε-

172 2081 255 2126 νος
307 2065 449 2134 πρὸς
481 2062 583 2131 τὴν
613 2063 710 2132 τῆς
738 2061 1030 2132 ἐπιϐουλῆς
1077 2061 1440 2130 κατασκευὴν,
1494 2061 1559 2113 δι’
1590 2057 1754 2112 αὐτοῦ
1781 2061 1847 2129 τῇ

171 2153 396 2220 γυναικὶ
418 2150 746 2218 διαλέγεται,
773 2149 866 2204 καί
887 2167 1048 2222 φησι·
1086 2151 1147 2205 Τί
1178 2149 1266 2202 ὅτι
1297 2145 1465 2203 εἶπεν
1498 2149 1529 2204 ό
1554 2146 1718 2212 Θεὸς,
1765 2147 1846 2198 Οὐ

165 2239 246 2308 μὴ
287 2238 528 2307 φάγητε
569 2237 688 2292 ἀπὸ
737 2239 964 2304 παντὸς
1012 2237 1202 2302 ξύλου
1237 2237 1342 2291 τοῦ
1387 2234 1756 2305 παραδείσου
1787 2245 1846 2300 c;

171 2328 436 2379 Σκοπεῖτε
482 2325 718 2379 ἐνταῦθα
766 2327 1102 2396 κακουργίας
1133 2325 1440 2396 ὑπερϐολὴν
1491 2323 1877 2394 λεπτοτάτην.¹

169 2417 239 2468 Τδ
270 2417 349 2486 μῆ
381 2415 552 2486 ῥηθὲν
582 2414 686 2467 ὑπὸ
709 2413 801 2466 τοῦ
826 2412 958 2466 Θεοῦ
985 2414 1042 2466 ἐν
1068 2413 1218 2478 τάξει
1253 2413 1563 2483 συμϐουλῆς
1587 2414 1681 2466 καὶ
1709 2415 1847 2484 ἐρω-

169 2506 380 2574 τήσεως
408 2502 643 2570 εἰσάγει,
679 2503 772 2555 καὶ
798 2502 997 2554 ὡσανεὶ
1028 2499 1177 2573 [125]
1211 2500 1309 2570 τὴν
1355 2502 1494 2572 ὑπὲρ
1528 2500 1706 2554 αὐτῶν
1741 2519 1844 2570 κη-

166 2591 425 2661 δεμονίαν
448 2589 769 2660 ποιούμενος
787 2606 800 2618 ·
827 2589 984 2644 τοῦτο
1009 2588 1116 2664 γάρ
1150 2591 1294 2641 ἐστιν
1322 2588 1750 2659 ἐνδεικνυμένου,
1785 2587 1847 2643 τὸ

167 2679 371 2746 λέγειν,
403 2679 466 2733 Τί
492 2677 583 2731 ὅτι
613 2673 784 2730 εἷπεν
814 2680 846 2732 ό
870 2675 1040 2741 Θεὸς,
1071 2678 1154 2729 Οὐ
1182 2675 1268 2744 μὴ
1298 2675 1526 2746 φάγητε
1552 2675 1670 2730 ἀπὸ
1696 2689 1846 2729 παν-

166 2767 267 2832 τὸς
291 2767 493 2830 ξύλου
521 2765 624 2820 τοῦ
654 2763 1057 2832 παραδείσου;
1107 2764 1384 2834 μονονουχὶ
1409 2763 1582 2832 λέγων
1621 2764 1649 2815 ὁ
1687 2781 1846 2832 πονη-

168 2855 256 2924 ρὸς
285 2851 448 2916 οὗτος
483 2853 714 2922 δαίμων,
746 2853 901 2914 Τίνος
933 2852 1118 2905 ἐνεκεν
1154 2851 1526 2920 ἀπεστέρησεν
1580 2851 1722 2920 ὑμᾶς
1745 2852 1844 2920 τῆς

162 2942 440 3012 τοσαύτης
464 2940 819 3003 ἀπολαύσεως
843 2956 858 3005 ;
887 2939 976 2993 διὰ
1000 2938 1050 2992 τί
1076 2938 1136 2991 οὐ
1163 2942 1434 3008 συγχωρεῖ
1461 2940 1708 3009 μετέχειν
1732 2939 1842 2991 τών

163 3033 218 3084 ἐν
250 3033 333 3101 τῷ
362 3029 684 3102 παραδείσῳ
708 3027 946 3097 ἀγαθῶν,
976 3026 1108 3080 ἀλλά
1136 3027 1235 3098 τῆς
1281 3027 1377 3097 μὲν
1415 3026 1542 3090 θέας
1570 3027 1668 3096 τὴν
1703 3027 1840 3080 ἀπό-

161 3121 351 3173 λαυσιν
369 3119 706 3188 ἐδωρήσατο,
733 3116 832 3168 οὐκ
853 3114 1046 3184 ἀφίησι
1062 3115 1118 3167 δέ
1137 3115 1475 3185 μεταλαϐεῖν,
1507 3113 1600 3167 καὶ
1624 3114 1842 3167 πλείονα

161 3206 568 3279 καρπώσασθαι
595 3203 694 3275 τὴν
723 3204 952 3275 ἡδονήν;
980 3202 1043 3255 Τί
1068 3202 1157 3256 ὅτι
1175 3199 1344 3257 εἶπεν
1367 3207 1398 3256 ό
1426 3203 1602 3269 Θεός;
1636 3202 1734 3255 Διά
1765 3201 1839 3264 τί,

160 3296 321 3366 φησι,
354 3293 550 3358 τοῦτο;
578 3293 632 3345 τί
653 3292 717 3345 τὸ
740 3290 931 3360 ὄφελος
954 3290 1050 3360 τῆς
1080 3291 1140 3342 ἐν
1177 3290 1256 3360 τῷ
1284 3289 1596 3361 παραδείσῳ
1643 3290 1842 3358 διαγω-

157 3385 284 3454 γῆς,
324 3383 456 3436 ὅταν
484 3381 561 3451 μὴ
589 3379 685 3450 ἐξῇ
719 3380 824 3432 τῶν
853 3380 912 3431 ἐν
961 3378 1109 3447 αὐτῷ
1144 3378 1436 3432 ἀπολαύειν
1462 3417 1477 3440 ,
1511 3377 1646 3430 ἀλλά
1668 3379 1840 3449 ταύτῃ

160 3472 404 3542 μάλιστα
432 3470 653 3523 πλείονα
680 3467 780 3538 τὴν
799 3466 992 3537 ὀδύνην
1021 3467 1185 3536 ἔχειν,
1211 3467 1338 3519 ὃταν
1363 3467 1459 3518 θέα
1496 3467 1593 3535 μὲν
1617 3461 1672 3538 ᾗ,
1703 3467 1837 3518 ἀπό-

156 3559 353 3620 λαυσις
387 3559 448 3611 δὲ
481 3560 515 3627 ἡ
560 3555 669 3610 ἀπὸ
708 3559 805 3625 τῆς
847 3555 1199 3624 μεταλήψεως
1229 3554 1254 3594 ά
1287 3555 1362 3624 μὴ
1399 3555 1643 3625 γίνηται;
1687 3553 1839 3617 Εἶδες

156 3649 298 3709 πῶς,
333 3646 585 3716 καθάπερ
605 3643 818 3712 δέλεαρ,
851 3641 940 3695 διὰ
979 3642 1086 3694 τῶν
1134 3643 1394 3714 ῥημάτων
1429 3645 1634 3714 ἐνίησιν
1673 3642 1836 3695 αὐτοῦ

155 3739 244 3790 τὸν
279 3737 396 3800 ξόν;
425 3735 554 3786 Δέον
573 3733 671 3803 τὴν
717 3733 950 3800 γυναῖκα
981 3731 1040 3796 ἐξ
1087 3733 1254 3800 αὐτῆς
1303 3735 1402 3801 τῆς
1445 3733 1837 3802 ἐπιχειρήσεως

156 3824 498 3892 κατανοῆσαι
534 3822 630 3891 τῆς
667 3819 863 3889 μανίας
894 3817 992 3889 τὴν
1046 3819 1372 3889 ὑπερϐολὴν,
1409 3819 1502 3872 καὶ
1531 3820 1612 3871 ὅτι
1645 3823 1713 3871 τά
1761 3819 1836 3890 μὴ

155 3915 286 3966 ὄντα
334 3910 590 3979 ἐπίτηδες
613 3908 780 3976 λέγει,
807 3908 900 3959 καὶ
929 3909 983 3959 ἐν
1007 3906 1154 3970 τάξει
1185 3906 1346 3977 δῆθεν
1378 3906 1719 3977 κηδεμονίας.
1750 3907 1835 3958 ἵνα

158 4001 353 4068 μαθεῖν
375 3997 583 4068 δυνηθῇ
613 3996 681 4048 τὰ
704 4012 778 4046 πα
787 3994 858 4065 ρὰ
886 3993 978 4046 τοῦ
1005 3994 1139 4045 Θεοῦ
1163 3995 1342 4057 αὐτοῖς
1377 3993 1718 4055 ἐνταλθέντα,
1740 3993 1834 4044 καὶ

155 4090 300 4143 οὑτω
321 4088 458 4160 πρὸς
481 4086 577 4157 τὴν
607 4085 919 4155 παράϐασιν
946 4083 1141 4146 αὐτοὺς
1163 4083 1382 4154 ἐλκύσῃ.
1419 4082 1698 4152 Δυναμένη
1727 4082 1836 4134 τοί-

153 4198 245 4229 νυν
279 4178 491 4238 εὐθέως
524 4174 753 4228 συνιδεῖν
780 4173 945 4225 αὐτοῦ
971 4173 1068 4242 τὴν
1097 4171 1328 4242 ἀπάτην,
1355 4171 1449 4224 καὶ
1476 4173 1831 4242 ἀποστραφῆ-

155 4283 239 4316 ναι
261 4264 454 4316 λοιπὸν
485 4261 584 4331 τὴν
620 4259 755 4329 πρὸς
777 4259 938 4312 αὐτὸν
975 4257 1205 4322 διάλεξιν
1233 4257 1306 4316 ὼς
1334 4256 1561 4326 περιττὰ
1583 4256 1828 4323 λέγοντα,

154 4354 247 4404 καὶ
282 4352 357 4422 μὴ
399 4348 604 4420 ἑαυτὴν
639 4350 720 4410 είς
763 4345 1030 4417 τοσαύτην
1062 4345 1424 4414 ταπεινότητα
1458 4346 1791 4412 καταγαγεῖν
1813 4381 1836 4410 ,-

151 4442 252 4492 οὐκ
286 4439 578 4508 ἠθέλησεν.
610 4436 756 4488 Ἔδει
781 4434 877 4505 μὲν
904 4434 1013 4504 γάρ
1048 4432 1182 4502 μηδὲ
1211 4433 1270 4496 ἐξ
1296 4432 1468 4502 ἀρχῆς
1499 4431 1830 4502 ἀνασχέσθαι

152 4534 250 4601 τῆς
280 4530 417 4601 πρὸς
435 4527 597 4581 αὐτὸν
615 4525 920 4597 διαλέξεως,
938 4522 1051 4576 ἀλλ’
1070 4521 1263 4591 ἐκείνῳ
1292 4522 1438 4592 μόνῳ
1462 4521 1828 4589 διαλέγεσθαι,

151 4621 213 4672 δι’
245 4621 307 4671 δν
340 4615 638 4687 παρήχθη,
676 4613 768 4666 καὶ
799 4610 1051 4673 κοινωνὸς
1096 4609 1236 4662 κατά
1275 4609 1373 4678 τὴν
1416 4607 1572 4672 ἀξίαν
1612 4609 1828 4677 γέγονε,

148 4710 246 4761 καὶ
297 4708 378 4768 εἰς
425 4702 678 4773 βοήθειαν
731 4698 1154 4770 ἐδημιουργήθη.
1219 4696 1436 4767 Ἐπειδὴ
1481 4697 1538 4750 δὲ
1587 4697 1686 4749 οὐκ
1731 4693 1828 4749 οἷδ’

147 4797 296 4856 fma);
345 4791 735 4861 παρασυρεῖσα
765 4786 1022 4856 ἠνέσχετο
1057 4785 1158 4854 τῆς
1204 4782 1418 4852 ὁμιλίας
1448 4785 1547 4854 τῆς
1577 4785 1710 4853 πρὸς
1737 4783 1827 4838 τὸν

143 4885 304 4950 ὅφιν,
361 4880 462 4934 καὶ
508 4877 725 4946 ἐδέχετο
774 4875 842 4928 τά
896 4873 1116 4944 ὀλέθρια
1174 4874 1394 4943 ῥήματα
1438 4871 1534 4925 τοῦ
1581 4872 1826 4926 διαϐόλου

144 4969 228 5022 διὰ
277 4968 472 5022 τούτου
524 4967 600 5026 ὡς
636 4963 703 5016 δι’
742 4962 1003 5032 ὀργάνου,
1043 4960 1330 5013 ἀκόλουθον
1367 4954 1434 5031 ἦν
1478 4959 1680 5023 εὐθέως
1718 4979 1825 5030 μα-

145 5057 350 5110 θοῦσαν
402 5057 469 5106 ἐκ
521 5052 631 5104 τῶν
681 5051 811 5122 παρ’
863 5047 1024 5101 αὐτοῦ
1077 5046 1371 5116 λεχθέντων
1408 5047 1509 5117 τὴν
1557 5047 1828 5100 ἐναντίω-
1861 5067 1899 5092 ἠ
1932 5046 2047 5068 ⁸⁵⁵⁸
2085 5046 2222 5087 ν”ιη
2249 5046 2616 5087 ⁹⁵⁰ι⁶⁵λίυ¹λναιν
2661 5046 2797 5108 W1“
2831 5046 3058 5108 “"ww,‘
3097 5046 3137 5064 "
3173 5046 3266 5064 “‘"
3301 5046 3406 5083 "“"
3438 5046 3603 5108 “fw

151 5165 228 5170 _-__
259 5147 371 5170 ______
429 5139 690 5170 “dum”
767 5136 855 5170 νη,
890 5138 968 5170 an
1018 5135 1177 5170 sum
1223 5136 1318 5170 “an
1350 5136 1379 5170 χ
1420 5117 1833 5170 εωηηηηνχηη·
1893 5104 1898 5110 ’
1931 5099 2259 5170 λεγομένωνο
2297 5100 2434 5152 ἀλλὰ
2464 5100 2562 5170 τὴν
2596 5097 2812 5166 ἐντολὴν
2850 5094 3202 5163 ἐκκαλυψασα
3242 5097 3334 5148 καὶ
3377 5096 3604 5154 είπουσα

147 5165 230 5198 σιν
257 5147 371 5199 τῶν
425 5139 723 5214 ῥημάτων,
767 5136 861 5190 καὶ
890 5138 973 5188 ὅτι
1018 5135 1180 5206 ἕτερα
1222 5136 1318 5205 μὲν
1350 5136 1379 5187 ὸ
1420 5136 1825 5204 δημιουργήσας

149 5232 508 5305 προσέταξεν,
562 5228 725 5297 ἕτερα
760 5225 818 5278 δέ
859 5219 1012 5286 οὗτος
1041 5233 1064 5261 ο
1107 5223 1202 5275 καὶ
1243 5222 1571 5285 ἀπεναντίας
1609 5220 1684 5291 τῷ
1729 5222 1823 5290 δη-

146 5321 400 5392 μιουργῷ
425 5319 648 5384 ἔλεγεν,
683 5312 1096 5383 ἀποστραφῆναι
1139 5310 1233 5364 καὶ
1280 5313 1474 5378 φυγεῖν
1502 5309 1686 5364 λοιπὸν
1726 5311 1824 5380 τὴν

142 5410 280 5481 1:95;
323 5408 489 5462 αὐτὸν
523 5405 770 5475 ὁμιλίαν,
812 5403 906 5454 καὶ
954 5399 1305 5471 βδελύξασθαι
1342 5401 1432 5454 τὸν
1479 5399 1825 5469 τολμήσαντα

139 5504 237 5570 τὴν
265 5497 480 5550 οἰκείαν
502 5494 754 5561 γλῶσσαν
783 5491 1045 5558 ἀκονῆσαι
1079 5488 1218 5542 κατά
1252 5489 1348 5557 τῆς
1370 5486 1615 5557 δοθείσης
1643 5487 1824 5548 αὐτοῖς

139 5586 386 5653 ἐντολῆς.
428 5580 593 5634 ’Λλλά
616 5578 703 5631 διὰ
735 5577 830 5649 τὴν
865 5575 1064 5648 πολλὴν
1093 5572 1420 5645 ἀπροσεξίαν
1445 5574 1504 5626 οὐ
1539 5574 1696 5643 μόνον
1725 5573 1824 5626 οὐκ

137 5673 494 5744 ἀπεστράφη,
523 5667 659 5722 ἀλλά
689 5666 783 5719 καὶ
830 5664 926 5736 τὴν
958 5663 1170 5734 ἐντολὴν
1211 5663 1426 5716 ἃπασαν
1461 5661 1607 5731 αὐτῷ
1653 5662 1820 5713 ἐκκα-

139 5764 368 5824 λύπτει,
403 5758 496 5811 καὶ
523 5757 648 5819 τοὺς
677 5752 1019 5826 μαργαρίτας
1059 5751 1137 5821 τῷ
1170 5750 1336 5822 χοίρῳ
1365 5749 1687 5819 προτίθησι,
1729 5750 1824 5801 καὶ

196 5862 383 5928 ξγΑιίὶ
411 5857 722 5928 χρησάμενος.
787 5855 1006 5928 _hAS:_n_ril.
1051 5849 1526 5928 κατατιολουθούντας.

131 5927 220 6035 ἓ·σό
247 5925 394 6020 avsa.
413 5910 709 5996 ᾖραδὶίσῳ.
775 5916 800 5957 d
823 5919 1027 5980 Quidam
1045 5929 1159 5968 mss.
1188 5917 1216 5974 ἡ
1244 5916 1336 5963 ἀπὸ
1356 5919 1437 5972 τῆς
1457 5917 1580 5970 θέας.
1641 5915 1661 5941 ο
1684 5910 1815 5962 Colb.

162 6004 276 6050 τςρι
315 6001 354 6034 .ε
374 5999 531 6039 αυτος.

1306 280 1373 336 ΙΝ
1411 281 1563 339 CAP.
1592 282 1640 338 ll
1700 282 1940 340 GENES.
1982 283 2214 342 IIOMIL.
2249 286 2389 342 XVI.

3533 291 3626 345 1'28

1955 402 2255 474 πληροῦται
2273 403 2332 456 τὸ
2348 402 2496 475 παρά
2521 400 2611 456 τοῦ
2637 402 2877 473 Χριστοῦ
2892 404 3208 475 εἰρημένον·
3236 404 3330 472 Μὴ
3352 405 3621 473 ,βιίλητεί

1955 488 2083 559 γὰρ’
2121 490 2289 561 φησὶ,
2340 489 2482 556 τοὺς
2505 491 2873 559 μαργαρίτας
2917 490 3085 561 ὑμῶν
3134 492 3474 562 ἔμπροσθεν
3511 491 3630 546 τῶν

1955 577 2192 644 χοίρων,
2223 576 2457 646 μήποτε
2491 579 2999 644 καταπατήσωσιν
3026 580 3248 646 αὐτοὺς
3277 581 3347 634 ἐν
3373 581 3496 648 τοῖς
3521 598 3625 634 πο-

1953 663 2056 716 σὶν
2077 664 2292 728 αὐτῶν,
2320 666 2417 718 καὶ
2454 665 2826 734 στραφέντες
2849 666 3121 734 ῥήξωσιν
3159 667 3343 737 ὑμᾶς’
3379 668 3406 722 ὃ
3444 669 3507 740 δὴ
3536 665 3625 723 καί

1953 748 2046 801 νῦν
2080 749 2292 816 γέγονε.
2329 750 2613 821 Παρέθηκε
2648 751 2756 822 γὰρ
2779 751 2855 822 τῷ
2885 752 3071 822 χοίρῳ,
3099 753 3177 822 τῷ
3205 755 3429 826 πονηρῷ
3453 756 3626 827 τούτῳ

1954 835 2147 906 θηρίῳ,
2178 837 2295 906 ἦτοι
2338 836 2416 906 τῷ
2446 838 2658 907 δαίμονι
2698 839 2776 908 τῷ
2815 839 2881 890 δι’
2924 839 3090 892 αὐτοῦ
3137 841 3476 910 ἐνεργούντι,
3501 845 3628 906 τοὺς

1953 920 2130 985 θείους
2172 923 2547 994 μαργαρίτας,
2576 924 2674 977 καὶ
2713 925 2774 976 οὐ
2811 925 2972 994 μόνον
3009 926 3205 990 αὐτοὺς
3242 931 3625 1000 κατεπάτησε,

1953 1009 2046 1062 καὶ
2084 1009 2410 1073 ἀντετάξατο
2444 1013 2554 1074 τοῖς
2599 1010 2860 1080 ῥηθεῖσιν,
2909 1011 3173 1065 ἀλλὰκαὶ
3219 1015 3480 1084 στραφεὶς
3526 1018 3624 1069 οὐκ

1954 1096 2123 1167 αὐτὴν
2151 1097 2333 1166 μόνον,
2368 1096 2504 1150 ἀλλά
2539 1097 2655 1168 μετ’
2676 1098 2846 1168 αὐτῆς
2871 1099 2965 1151 καὶ
2986 1099 3076 1151 τὸν
3105 1101 3527 1171 πρωτόπλαστον
3547 1106 3628 1168 είς

1953 1185 2014 1236 τὸ
2040 1185 2140 1255 τῆς
2172 1187 2458 1258 παρακοῆς
2496 1187 2686 1258 ῥῆγμα
2717 1189 3014 1258 κατήγαγε,
3052 1189 3316 1242 Τοσοῦτόν
3375 1193 3487 1244 ἐστι
3529 1210 3627 1246 κα-

1954 1272 2048 1326 κδν
2089 1275 2275 1338 ἁπλῶς
2317 1275 2409 1328 καὶ
2447 1275 2522 1339 ὼς
2570 1276 2728 1346 ἔτυχε
2767 1277 2934 1330 πᾶσιν
2968 1279 2992 1318 ε
3027 1277 3475 1334 ἐκκαλύπτειντά
3510 1281 3626 1333 θεῖα

1957 1363 2248 1434 μυστήρια.
2296 1363 2666 1418 Ἀκουέτωσαν
2697 1365 2744 1417 οί
2777 1365 2966 1428 ἀπλῶς
3012 1367 3104 1420 καὶ
3140 1367 3446 1439 ἀδιαφόρως
3492 1371 3628 1442 πρὸς

1955 1448 2197 1514 ἅπαντας
2225 1451 2615 1521 διαλεγόμενοι.
2645 1453 2780 1505 Οὐδέ
2807 1453 2915 1524 γάρ
2939 1455 3055 1508 ἐκεῖ
3076 1457 3204 1526 περὶ
3230 1456 3412 1526 χοίρου
3437 1459 3627 1529 αἰσθη-

1952 1535 2046 1589 τοῦ
2074 1537 2102 1590 ὁ
2130 1538 2364 1609 Χριστὸς
2391 1538 2563 1606 λέγει,
2581 1539 2718 1593 ἀλλά
2741 1541 2865 1604 τοὺς
2897 1539 3172 1612 χοιρώδεις
3199 1543 3306 1596 τῶν
3325 1544 3638 1614 ἀνθρώπιον

1954 1626 2342 1696 αἰνιττόμενος,
2378 1627 2472 1679 καὶ
2501 1628 2703 1697 ὁμοίως
2729 1631 2843 1692 τοῖς
2875 1629 3092 1698 ἀλόγοις
3116 1632 3630 1703 ἐγκυλινδουμένους

1953 1711 2031 1781 τῷ
2059 1712 2158 1782 τῆς
2195 1713 2469 1783 ἁμαρτίας
2498 1713 2768 1786 βορϐόρῳ,
2814 1716 3088 1770 παιδεύων
3117 1719 3264 1788 ἡμᾶς
3303 1719 3498 1773 ειδέναι
3533 1721 3628 1773 καὶ

1954 1799 2262 1869 προσώπων
2307 1801 2599 1870 διαφορὰν,
2654 1803 2748 1855 καὶ
2795 1803 3072 1869 πολιτείας
3117 1805 3402 1876 ἐπιζητεῖν
3451 1807 3624 1880 [126]

1953 1885 2257 1957 ἀκρίϐειαν,
2294 1888 2457 1957 ἡνίκα
2506 1888 2572 1941 ἀν
2600 1888 2696 1962 δέῃ
2739 1890 2926 1944 τιτῶν
2970 1889 3130 1945 θείων
3170 1891 3364 1960 λογίων
3393 1895 3627 1947 ἐκκαλύ-

1955 1989 2130 2037 πτειν,
2166 1975 2253 2027 ἴνα
2285 1975 2359 2045 μὴ
2401 1975 2688 2040 κάκείνους
2716 1978 2810 2030 καὶ
2850 1979 3075 2038 ἐαυτούς
3119 1978 3527 2050 λδμαινώμεθα.
3560 1983 3631 2035 Οί,

1952 2059 2062 2130 γὰρ
2096 2060 2322 2114 τοιοῦτοι
2351 2061 2411 2114 οὐ
2455 2063 2612 2132 μόνον
2655 2063 2806 2116 οὐδὲν
2848 2065 3218 2134 κερδαίνουσιν
3255 2067 3363 2119 ἀπὸ
3399 2068 3506 2120 τῶν
3533 2069 3623 2122 λε-

1951 2147 2216 2218 γομένων,
2247 2148 2382 2202 ἀλλά
2414 2150 2508 2202 καὶ
2540 2138 2665 2214 τούς
2695 2151 3064 2218 ἀνεξετάστως
3105 2154 3449 2224 παραθέντας
3497 2157 3623 2220 τούς

1953 2236 2147 2300 καλοὺς
2187 2238 2409 2302 τούτους
2444 2238 2818 2310 μαργαρίτας,
2855 2243 2934 2304 εἰς
2971 2241 3032 2294 τὸ
3060 2241 3191 2294 αὐτὸ
3239 2243 3423 2307 αὐτοῖς
3453 2244 3626 2315 βάρα-

1952 2327 2078 2398 θρον
2103 2326 2203 2395 τῆς
2231 2326 2507 2390 ἀπωλείας
2552 2327 2811 2391 πολλάκις
2854 2331 3188 2400 κατήγαγον.
3221 2330 3311 2382 Διὸ
3343 2332 3446 2403 χρὴ
3486 2334 3624 2403 μετά

1950 2414 2233 2485 ἀκριϐείας
2259 2413 2432 2469 ταῦτα
2457 2415 2992 2487 παραφυλάττεσθαι,
3023 2418 3111 2471 ἴνα
3144 2418 3218 2488 μὴ
3249 2417 3317 2470 τά
3343 2420 3482 2472 αὐτά
3515 2424 3626 2484 τοῖς

1950 2501 2044 2554 νῦν
2086 2502 2443 2573 ἀπατηθεῖσιν
2479 2505 2860 2574 ὑπομένωμεν.
2895 2506 2958 2558 El
3005 2505 3116 2578 γὰρ
3154 2507 3248 2559 καὶ
3293 2505 3387 2558 νῦν
3424 2508 3456 2576 ἡ
3486 2510 3623 2579 γυνὴ

1950 2589 2214 2660 ἐϐουλήθη
2234 2591 2359 2654 τούς
2378 2590 2556 2654 θείους
2580 2591 2924 2662 μαργαρίτας
2948 2592 3022 2662 μὴ
3041 2594 3320 2663 προθεῖναι
3340 2592 3416 2663 τῷ
3433 2595 3624 2666 χοίρῳ,

1947 2673 2047 2725 οὐκ
2095 2673 2161 2726 ἀν
2203 2672 2326 2726 οὐτε
2373 2675 2508 2744 αὐτὴ
2555 2678 2634 2737 είς
2664 2675 2752 2727 τὸν
2783 2676 3024 2744 κρημνὸν
3056 2677 3242 2729 τοῦτον
3282 2678 3625 2749 κατηνέχθη,

1947 2758 2069 2812 οὐτε
2096 2759 2187 2812 τὸν
2215 2760 2380 2830 ἄνδρα
2416 2763 2886 2830 συγκατέσπασεν.

2017 2854 2084 2916 γ’.
2123 2847 2261 2900 Ἀλλ’
2291 2847 2614 2918 ἀκούσωμεν
2631 2849 2683 2900 τί
2702 2849 2837 2919 πρὸς
2853 2849 3013 2901 αὐτὸν
3033 2850 3405 2921 ἀποκρίνεται.
3425 2853 3634 2906 Εῑπόνςν

1946 2953 2035 2999 τος
2055 2935 2164 3006 γὰρ
2185 2935 2412 2999 ἐκείνου,
2447 2936 2506 2988 1ί
2533 2936 2621 2990 ὅτι
2646 2932 2816 2989 εἶπεν
2842 2939 2873 2990 ό
2899 2936 3062 3002 Θεὸς,
3104 2938 3246 2991 Ἀπὸ
3275 2938 3500 3005 παντὸς
3519 2940 3625 3004 ξύ·

1945 3027 2060 3078 λου
2089 3023 2195 3077 τοῦ
2222 3023 2594 3091 παραδείσου
2629 3025 2700 3077 οὺ
2731 3025 2816 3093 μὴ
2842 3023 3069 3094 φάγητε
3086 3040 3104 3089 ;
3133 3027 3354 3098 φησὶνή
3383 3027 3518 3100 γυνὴ
3543 3030 3622 3100 τῷ

1945 3111 2096 3180 ὄφει·
2135 3112 2265 3165 Ἀπὸ
2289 3111 2517 3176 παντὸς
2538 3112 2729 3177 ξύλου
2752 3111 2858 3165 τοῦ
2882 3113 3252 3180 παραδείσου
3273 3117 3579 3183 φαγόμεθα
3605 3133 3618 3145 ο

1942 3200 2062 3254 ἀπὸ
2082 3198 2151 3252 δὲ
2183 3199 2290 3254 τοῦ
2323 3201 2552 3268 καρποῦ
2584 3200 2691 3253 τοῦ
2718 3200 2910 3265 ξύλου
2939 3201 3046 3255 τοῦ
3070 3202 3140 3254 ἐν
3167 3202 3336 3271 μέσῳ
3371 3203 3478 3257 τοῦ
3511 3222 3620 3258 πα-

1935 3286 2248 3355 ραδείσου,
2270 3284 2441 3341 εἶπεν
2458 3292 2490 3342 ὁ
2509 3289 2674 3354 Θεὸς,
2695 3291 2779 3343 Οὐ
2799 3288 3091 3357 φάγησθε,
3115 3289 3257 3344 οὐδὲ
3271 3290 3358 3360 μὴ
3381 3292 3622 3360 ἄψησθε

1942 3375 2152 3439 αὐτοῦ,
2195 3377 2294 3429 ἵνα
2316 3376 2399 3446 μὴ
2422 3376 2783 3443 ἀποθάνητε.
2817 3375 2968 3442 Εἶδες
2989 3380 3326 3448 κακουργίαν
3351 3397 3367 3444 ;
3405 3377 3538 3434 Εἷπε
3561 3384 3621 3435 τὸ

1947 3465 2019 3536 μὴ
2047 3465 2126 3525 ὃν,
2184 3465 2271 3517 ἵνα
2314 3464 2752 3534 ἐκκαλεσάμενος
2796 3466 2966 3535 αὐτὴν
3013 3467 3092 3529 είς
3123 3465 3356 3530 διάλεξιν
3385 3467 3530 3539 μάθῃ
3559 3470 3634 3521 τὸ.

1941 3552 2015 3606 ὃν.
2063 3553 2124 3605 Ἦ
2169 3551 2276 3620 γὰρ
2313 3551 2447 3621 γυνὴ
2479 3551 2664 3604 λοιπὸν
2686 3592 2700 3616 ,
2730 3552 2806 3616 ὡς
2842 3553 3100 3616 εὐνοϊκῶς
3131 3555 3258 3622 περὶ
3302 3555 3468 3625 αὐτὴν
3499 3556 3618 3610 δια-

1945 3641 2197 3710 κειμένου
2221 3681 2234 3703 ,
2282 3640 2604 3711 θαρῤήσασα
2645 3641 2823 3692 πᾶσαν
2861 3639 3192 3694 ἐπικαλύπτει
3229 3642 3326 3710 τὴν
3366 3643 3617 3715 ἐντολὴν,

1943 3729 2034 3782 καὶ
2072 3729 2218 3796 λέγει
2250 3729 2425 3782 πάντα
2459 3729 2596 3798 μετά
2631 3729 2936 3799 ἀκριϐείας,
2971 3729 3061 3780 καὶ
3087 3728 3156 3780 δι’
3181 3722 3256 3781 ὧν
3284 3731 3620 3802 ἀπεκρίνατο

1942 3817 2121 3885 πάσης
2162 3815 2359 3885 ἑαυτὴν
2407 3817 2698 3884 ἀποστερεῖ
2740 3815 3053 3883 ἀπολογίας.
3097 3816 3162 3868 Τί
3208 3817 3314 3888 γὰρ
3355 3817 3420 3870 ἂν
3473 3817 3634 3889 ἔχοις»

1940 3907 2134 3968 εἰπεῖν,
2165 3899 2209 3955 ὦ
2247 3903 2440 3971 γύναι;
2474 3901 2658 3957 Εἶπεν
2698 3907 2730 3957 o'
2771 3903 2933 3968 Θεὸς,
2959 3906 3040 3956 Οὐ
3077 3903 3165 3972 μὴ
3215 3905 3444 3974 φάγητε
3496 3908 3616 3960 ἀπὸ

1939 3993 2165 4057 παντὸς
2214 3992 2405 4055 ξύλου
2443 3992 2548 4044 τοῦ
2593 3991 2984 4057 παραδείσου.
3019 3991 3151 4043 Δέον
3194 3992 3253 4043 σέ
3299 3994 3376 4056 ὡς
3398 3993 3618 4047 ἐναντία

1938 4079 2196 4149 εἰρηκότα
2223 4077 2636 4146 ἀποστραφῆναι
2670 4075 2761 4130 καὶ
2783 4079 2956 4129 εἰπεῖν
2992 4076 3126 4147 πρὸς
3154 4078 3348 4131 αὐτόν’
3372 4081 3612 4147 Ἀπαγε,

1938 4165 2189 4218 ἀπατεὼν
2221 4162 2268 4217 εἷ
2292 4166 2376 4230 σύ,
2401 4165 2500 4218 οὐκ
2537 4159 2694 4216 οἶσθα
2721 4163 2842 4216 οὐδὲ
2886 4163 2986 4233 τῆς
3020 4164 3241 4232 ἐντολῆς
3264 4166 3364 4235 τῆς
3397 4151 3618 4236 δεδομέ-

1936 4268 2032 4321 νης
2062 4254 2192 4322 ἡμῖν
2218 4251 2316 4323 τὴν
2339 4251 2586 4322 δύναμιν,
2614 4249 2734 4303 οὐδέ
2755 4250 2853 4319 τῆς
2875 4249 3228 4315 ἀπολαύσεως
3253 4252 3314 4305 τὸ
3345 4253 3575 4323 μέγεθος
3598 4296 3633 4317 ,,

1936 4339 2057 4391 οὐδέ
2081 4339 2181 4408 τὴν
2205 4339 2484 4407 δαψίλειαν
2512 4339 2611 4408 τῆς
2637 4337 2918 4408 χορηγίας.
2949 4339 3021 4391 Σὺ
3053 4338 3151 4408 μὲν
3177 4338 3286 4410 γὰρ
3316 4339 3450 4410 ἔφης
3472 4341 3615 4411 είρη-

1937 4426 2090 4478 κέναι
2117 4425 2206 4478 τὸν
2226 4425 2380 4489 Θεὸν,
2409 4423 2516 4478 ἀπὸ
2542 4425 2766 4496 μηδενὸς
2797 4424 2952 4489 ξύλου
2985 4429 3018 4495 ή
3029 4427 3136 4494 μᾶς
3168 4427 3610 4494 ἀπογεύσασθαι,

1935 4515 1963 4566 ὸ
1991 4514 2045 4566 δὲ
2089 4513 2364 4580 Δεσπότης
2404 4513 2496 4565 καὶ
2544 4513 2885 4582 Δημιουργὸς
2926 4513 3016 4565 διὰ
3057 4512 3259 4584 πολλὴν
3299 4514 3610 4585 ἀγαθότητα

1936 4603 2152 4654 πάντων
2200 4601 2329 4670 ἡμῖν
2373 4600 2522 4662 ἀνεὶς
2575 4600 2672 4669 τὴν
2722 4599 3019 4652 ἀπόλαυσιν
3068 4600 3160 4653 καὶ
3201 4601 3299 4672 τὴν
3339 4602 3607 4667 ἐξουσίαν,

1935 4684 2052 4747 ἐνὸς
2102 4684 2266 4752 μόνου
2303 4682 2639 4754 ἀποσχέσθαι
2681 4683 2959 4746 ἐκέλευσε,
2999 4683 3278 4736 καὶτοῦτο
3325 4684 3488 4737 πάλιν
3520 4686 3608 4738 διά

1932 4767 2030 4837 τὴν
2056 4767 2183 4836 περὶ
2215 4767 2361 4836 ἡμᾶς
2393 4766 2737 4837 κηδεμονίαν,
2771 4765 2910 4818 ὥστε
2948 4767 3024 4836 μὴ
3063 4767 3429 4836 μετασχόντας
3466 4765 3608 4819 ἀλῶ.

1932 4867 2020 4902 ναι
2053 4849 2287 4917 θανάτῳ.
2319 4849 2472 4913 Δέον,
2497 4849 2656 4919 εἴπερ
2686 4848 2983 4917 εὐγνώμων
3005 4845 3094 4918 ἦν,
3132 4848 3301 4901 ταῦτα
3345 4849 3481 4920 πρὸς
3511 4852 3606 4910 αὐτ

1930 4933 2021 4985 τὸν
2049 4931 2278 4986 εἰποῦσα
2317 4934 2384 4985 τὰ
2417 4934 2659 5002 ῥήματα,
2690 4933 2864 5002 πάντη
2898 4929 3346 5000 ἀποστραφῆναι,
3378 4932 3468 4983 καὶ
3497 4949 3607 5002 μη.

1932 5015 2047 5068 κέτι
2085 5019 2222 5087 μήτε
2249 5017 2616 5087 διαλεχθῆναι,
2661 5017 2797 5085 μήτε
2831 5013 3058 5068 ἀκοῦσαί
3086 5029 3137 5064 τι
3163 5011 3268 5064 τῶν
3293 5015 3603 5083 παράὐτοῦ

1928 5183 1997 5236 τά
2028 5184 2179 5253 παρά
2210 5182 2303 5235 τοῦ
2332 5183 2464 5235 Θεοῦ
2495 5184 2675 5243 αὐτοῖς
2715 5179 2968 5250 ρηθέντα,
3011 5180 3175 5250 ἀλλην
3217 5179 3427 5250 δέχεται
3471 5186 3604 5254 παρ’

1930 5265 2094 5319 αὑτοῦ
2124 5266 2431 5335 συμϐουλὴν
2463 5264 2710 5335 ὀλεθρίαν
2759 5265 2849 5317 καὶ
2879 5262 3192 5332 θανάσιμον.
3255 5264 3468 5336 Ἐπειδὴ
3495 5265 3604 5336 γάρ

1929 5346 2082 5401 εἶπεν
2121 5349 2332 5418 ἡγυνὴ,
2365 5349 2446 5400 ὅτι
2491 5347 2623 5402 Ἀπὸ
2656 5348 2882 5412 παντὸς
2914 5347 3022 5401 τοῦ
3053 5349 3246 5411 ξύλου
3285 5349 3392 5401 τοῦ
3413 5363 3604 5418 παρα-

1929 5431 2137 5484 δείσου
2166 5433 2487 5500 φαγόμεθα,
2514 5430 2632 5485 ἀπὸ
2660 5431 2728 5483 δὲ
2757 5432 2862 5484 τοῦ
2885 5432 3116 5499 καρποῦ
3145 5433 3249 5487 τοῦ
3283 5433 3471 5496 ξύλου
3496 5436 3603 5490 τοῦ

1927 5516 1997 5568 ἐν
2021 5515 2189 5583 μέσῳ
2210 5514 2316 5568 τοῦ
2354 5514 2744 5583 παραδείσου,
2779 5511 2951 5568 εἶπεν
2982 5518 3014 5568 ό
3051 5514 3228 5582 Θεὸς,
3265 5519 3348 5570 Οὐ
3376 5515 3603 5584 φάγητε

1927 5598 2028 5651 ἀπ’
2058 5596 2266 5660 αὐτοῦ,
2305 5597 2431 5650 οὐδ’
2465 5599 2536 5651 οὐ
2557 5596 2644 5666 μὴ
2682 5596 2922 5665 ἂψησθε
2961 5597 3168 5664 αὑτοῦ,
3213 5599 3313 5652 ἵνα
3343 5597 3430 5666 μὴ
3457 5599 3602 5651 ἀπο-

1929 5682 2177 5747 θάνητε·
2242 5679 2401 5734 πάλιν
2447 5682 2475 5733 ὁ
2523 5679 2754 5752 πονηρὸς
2807 5681 2902 5734 καὶ
2946 5681 3138 5752 ἐχθρὸς
3188 5680 3288 5752 τῆς
3328 5681 3603 5751 ἡμετέρας

1998 5783 2015 5820 ί
2044 5784 2191 5831 Savil.
2229 5789 2281 5832 et
2305 5785 2499 5846 quidam
2533 5796 2646 5832 mss.
2673 5783 2744 5846 ph
2775 5781 2986 5846 βᾴλλετξ.
3055 5781 3079 5819 Β
3102 5780 3223 5842 Reg.
3256 5781 3479 5846 ungs__¢bc
3500 5781 3603 5827 ειυ-

1928 5864 2007 5908 χεν
2031 5846 2222 5901 ἀναίδην
2240 5839 2376 5894 πᾶσι.
2405 5846 2554 5894 Savil.
2584 5839 2784 5908 hiant:
2799 5843 2924 5891 Infra
2949 5843 3071 5904 Reg.
3094 5839 3221 5908 ιι-ῃιὶδ
3244 5846 3295 5908 ξι
3317 5839 3452 5908 Col_h.
3477 5853 3604 5908 ulnus

1928 5901 2101 6016 χοίςόων
2124 5909 2375 5975 αἰσθητῶν.
2401 5908 2548 5959 Savil.
2575 5908 2677 5971 περὶ
2700 5901 2873 5968 χοίρων
2892 5901 3090 5956 ιιωιυῐη.
3117 5903 3287 5953 Morel.
3313 5901 3414 5963 περὶ
3436 5901 3600 5963 χοίρου

1931 5985 2010 6016 αισ
2041 5985 2174 6016 mou.

1931 5985 2174 6026 αισυητου.
