3754 6272
167 283 253 338 1‘29
1239 275 1303 332 IN
1343 272 1576 331 CAPJI.
1617 270 1863 331 CENES.
1906 273 2135 330 HOMIL.
2179 273 2319 331 XVI.

165 405 340 453 nostrae
381 393 628 450 inimicus
680 390 1005 449 contrarium
1057 389 1167 444 Deo
1215 388 1495 443 consilium
1547 385 1719 442 affert.

163 491 348 559 Quippe
387 503 506 542 eum
548 485 806 557 benignus
849 484 987 538 Deus
1016 481 1086 538 ob
1134 495 1377 552 magnam
1422 480 1588 534 nostri
1630 494 1726 534 cu-

164 596 260 649 ram
309 579 376 633 de
419 578 561 648 ligno
594 591 805 632 sumere
831 573 1182 644 prohibuerit,
1229 581 1287 626 ut
1312 586 1379 626 ne
1407 586 1501 642 per
1539 570 1726 626 inobe-

161 673 395 729 dientiam
439 669 692 725 mortales
723 668 972 724 (iuremus
1019 683 1035 720 :
1087 666 1179 721 llle
1214 665 1343 720 dicit
1382 665 1592 720 mulieri
1625 681 1640 719 :
1669 667 1722 720 4.

162 764 270 818 Non
311 772 470 817 morte
502 758 802 814 moriemini.
851 757 1002 826 Quali
1049 755 1202 810 venia
1245 756 1547 827 dignabitur
1588 757 1727 811 ullus

160 855 442 920 mulierem,
481 851 622 923 quod
647 850 864 906 omnino
887 865 1048 904 aures
1085 848 1350 917 aperuerit
1379 857 1484 901 tam
1509 847 1726 903 audacia

161 943 378 1000 dicenti?
447 942 577 998 Nam
641 956 762 997 cum
810 941 951 996 Deus
1007 940 1226 1007 dixerit,
1280 938 1360 994 Ne
1412 938 1721 1004 comedetis,

160 1049 210 1093 ut
258 1053 322 1092 ne
355 1033 660 1090 moriamini
687 1051 701 1087 :
730 1034 820 1089 ille
858 1032 1048 1103 inquit,
1083 1031 1203 1086 Non
1229 1040 1389 1085 morte
1423 1030 1725 1084 moriemini.

161 1128 275 1182 Dein
320 1142 428 1182 non
468 1136 750 1182 contentus
786 1123 1052 1180 contraria
1082 1122 1238 1178 dictis
1279 1123 1376 1179 Dei
1419 1121 1722 1194 protulisse,

159 1220 350 1273 incusat
403 1233 524 1273 eum
581 1217 741 1272 etiam
787 1227 844 1270 ut
892 1214 1126 1269 invidum
1153 1213 1444 1284 Opiﬁcem,
1495 1230 1602 1286 quo
1647 1215 1726 1270 sic

160 1310 385 1366 fraudem
433 1310 683 1366 inducere
730 1317 942 1378 posset,
1011 1317 1066 1363 et
1123 1307 1457 1376 supplantata
1502 1307 1725 1362 muliere

158 1403 473 1472 propositum
521 1417 677 1456 suum
718 1401 980 1471 impleret.
1042 1399 1166 1453 Non
1222 1409 1379 1454 morte
1421 1399 1722 1454 moriemini.

159 1497 203 1551 5.
243 1495 440 1551 Sciebat
482 1495 612 1548 enim
644 1493 802 1561 Deus,
846 1495 979 1562 quod
1017 1508 1330 1564 quocumque
1353 1492 1434 1545 die
1459 1491 1726 1545 comedetis

159 1607 213 1644 cx
227 1605 302 1653 eo,
330 1587 623 1658 aperientur
651 1587 784 1640 oculi
809 1585 978 1651 vestri,
1009 1594 1055 1638 et
1081 1584 1222 1638 eritis
1246 1583 1372 1637 sicut
1399 1583 1491 1646 dii,
1519 1581 1727 1636 scientes

161 1685 324 1736 bonum
365 1692 412 1734 et
449 1679 659 1732 malum.
695 1677 834 1732 Ecce
879 1685 1040 1731 totam
1084 1691 1260 1731 escam
1293 1693 1306 1729 :
1337 1674 1553 1728 calicem
1584 1673 1724 1728 enim

159 1773 446 1845 pernicioso
474 1787 682 1827 veneno
713 1771 926 1842 plenum
960 1769 1168 1824 mulieri
1217 1768 1403 1833 dedit,
1448 1783 1563 1838 qure
1609 1767 1727 1821 leti-

161 1868 309 1922 ferum
336 1866 440 1922 hoc
468 1881 586 1922 esse
609 1865 788 1920 videre
817 1865 1005 1920 nolens
1039 1880 1051 1916 :
1086 1872 1290 1932 poterat
1320 1864 1460 1917 cnim
1482 1905 1498 1928 ,
1547 1862 1592 1916 si
1637 1878 1730 1914 vo-

160 1960 349 2024 luisset,
391 1958 458 2012 ab
484 1957 634 2012 initio
663 1957 764 2011 hoc
787 1956 962 2021 scire;
1004 1955 1097 2011 sed
1142 1964 1195 2010 ut
1240 1955 1441 2010 audivit
1483 1955 1550 2010 ab
1599 1955 1722 2020 illo,

158 2050 284 2119 quod
326 2049 447 2104 ideo
476 2065 622 2104 esum
651 2049 791 2103 hunc
817 2047 1178 2118 prohibuisset
1201 2046 1359 2113 Deus,
1403 2047 1524 2115 quia
1566 2048 1729 2102 sciret

159 2141 326 2195 oculos
365 2141 602 2211 ipsorum
629 2139 966 2210 aperiendos,
996 2153 1195 2210 eosque
1234 2139 1370 2192 sicut
1406 2137 1535 2192 deos
1579 2138 1725 2207 fore,

159 2233 377 2287 scientes
415 2233 611 2287 bonum
641 2241 694 2287 et
723 2231 918 2286 malum
951 2248 964 2284 :
998 2229 1272 2301 arquaudae
1297 2229 1586 2284 divinitatis
1633 2245 1730 2301 spe

159 2322 345 2391 inﬂata,
395 2339 584 2394 magna
634 2323 878 2394 quaedam
924 2338 1106 2378 secum
1163 2323 1514 2393 concipiebat.
1570 2321 1729 2378 Tales

157 2416 284 2468 enim
331 2424 460 2469 sunt
501 2414 920 2470 machinationes
965 2414 1200 2482 inimici,
1255 2423 1312 2468 ιιι
1366 2414 1577 2484 quando
1635 2429 1730 2484 per

157 2505 514 2575 deceptionem
563 2506 614 2559 in
661 2505 890 2560 sublime
935 2504 1281 2570 subduxerit,
1315 2505 1524 2562 tandem
1569 2515 1624 2560 et
1676 2508 1726 2560 in

158 2595 464 2665 profundum
494 2612 589 2666 per
619 2610 858 2665 pra-ceps
885 2594 1117 2664 dejiciat.
1167 2595 1330 2662 Igitur
1373 2604 1434 2650 ut
1468 2598 1727 2666 aequalem

156 2701 207 2741 se
231 2687 339 2742 fore
390 2687 498 2742 Deo
539 2687 820 2756 imaginata
869 2695 971 2752 est,
1017 2686 1083 2741 ad
1112 2702 1260 2742 esum
1304 2689 1630 2762 properavit,
1675 2698 1728 2742 ct

155 2778 265 2834 illuc
309 2791 497 2851 postea
539 2780 659 2834 fixit
703 2787 759 2835 et
798 2780 1177 2850 cogitationem
1218 2788 1274 2835 et
1313 2790 1545 2837 mentem
1604 2799 1618 2837 :
1673 2790 1729 2837 et

155 2871 269 2926 nihil
317 2872 462 2927 aliud
503 2872 872 2927 considerabat
926 2889 1086 2941 quam
1137 2884 1196 2928 ut
1237 2875 1454 2929 calicem
1499 2890 1529 2929 a
1572 2875 1728 2930 mali-

152 2979 244 3035 gno
267 2965 512 3020 dirmone
541 2973 891 3034 temperatum
931 2974 1190 3035 cpotaret.
1217 2965 1347 3019 Nam
1390 2965 1530 3036 quod
1572 2981 1726 3022 acce-

152 3068 232 3126 pto
266 3058 573 3129 pernicioso
610 3059 702 3113 illo
749 3059 1046 3128 serpentini
1091 3060 1297 3115 consilii
1344 3076 1566 3126 veneno,
1623 3060 1729 3116 tale

154 3151 238 3217 ipsi
266 3150 505 3204 studium
536 3149 715 3216 fuerit,
778 3150 900 3204 audi
940 3150 1268 3221 Scripturam
1317 3151 1578 3207 dicentem
1610 3170 1624 3206 :
1671 3151 1726 3207 6.

154 3240 210 3292 Et
233 3242 350 3293 vidit
379 3241 560 3294 mulier
582 3242 718 3310 quod
737 3241 922 3294 bonum
947 3251 1070 3296 esset
1091 3243 1284 3312 lignum
1314 3241 1382 3294 ad
1408 3241 1724 3308 vescendum,

152 3340 190 3382 et
213 3341 409 3400 gratum
440 3329 600 3384 oculis
627 3331 696 3382 ad
714 3331 1001 3396 videndum,
1025 3334 1398 3402 formosumque
1420 3331 1487 3384 ad
1509 3341 1732 3386 contem-

153 3424 383 3490 plandum
414 3439 432 3477 :
461 3433 506 3476 et
532 3423 722 3492 accepit
749 3426 812 3477 de
837 3428 1006 3494 [ructu
1055 3425 1194 3479 illius
1232 3435 1278 3478 et
1327 3425 1560 3479 comedit.
1586 3423 1727 3481 Vere

153 3513 482 3583 Corrumpunt
515 3513 670 3569 bonos
699 3531 861 3569 mores
903 3515 1155 3585 colloquia
1194 3532 1348 3585 prava
1379 3515 1454 3586 (Ι.
1485 3513 1604 3570 Cor.
1637 3517 1728 3572 15.

151 3605 252 3675 33).
293 3607 475 3673 Quare
502 3607 646 3661 enim
682 3622 786 3662 non
815 3617 945 3663 ante
969 3608 1292 3663 diabolicum
1339 3609 1622 3664 consilium
1651 3609 1724 3664 illi

151 3699 244 3753 tale
285 3699 415 3769 quid
473 3699 523 3752 in
575 3709 806 3754 mentem
848 3700 1014 3765 venit,
1065 3716 1164 3756 nec
1191 3700 1389 3771 lignum
1421 3700 1521 3755 hoc
1552 3701 1729 3756 consi-

149 3790 360 3857 deravit,
393 3807 494 3845 nec
523 3792 638 3862 ejus
667 3792 1108 3861 pulchritudinem
1141 3794 1311 3848 vidit?
1347 3795 1477 3862 Quia
1511 3794 1728 3850 timebat

149 3882 448 3938 mandatum
494 3883 626 3948 Dei,
680 3895 732 3938 et
777 3884 1226 3955 subsequuturum
1270 3901 1334 3941 ex
1382 3902 1476 3941 esu
1522 3888 1726 3960 suppli-

149 3975 273 4029 cium
299 3991 483 4030 :nunc
507 3985 684 4030 autem
715 3985 988 4046 postquam
1019 3992 1050 4030 a
1081 3978 1215 4031 mala
1248 3977 1346 4033 hac
1375 3978 1542 4033 bestia
1569 3978 1728 4034 dece-

151 4075 226 4136 pta
259 4078 361 4133 est,
409 4069 485 4122 ita
510 4077 566 4121 ut
594 4066 840 4122 crederet
879 4083 986 4122 non
1036 4068 1208 4123 solum
1241 4069 1369 4124 nihil
1396 4070 1576 4124 damni
1603 4069 1727 4126 hinc

150 4165 409 4226 passuros,
437 4158 531 4214 sed
559 4167 613 4214 et
641 4159 749 4212 Deo
778 4159 1010 4227 aequales
1039 4175 1158 4214 esse
1184 4160 1406 4227 futuros,
1429 4171 1554 4217 tunc
1579 4162 1723 4217 illam

151 4263 258 4318 spes
276 4249 653 4319 promissionis
682 4249 746 4303 ad
774 4249 1091 4305 smnendum
1114 4253 1286 4306 cibum
1315 4253 1522 4322 impulit
1567 4271 1580 4308 :
1628 4270 1724 4308 ne—

149 4355 238 4408 que
265 4345 405 4395 intra
432 4354 560 4395 suos
581 4340 777 4394 limites
817 4351 1090 4406 contenta,
1137 4343 1228 4396 sed
1257 4342 1472 4398 inimico
1506 4353 1557 4398 et
1585 4343 1724 4399 hosti

150 4431 321 4486 salutis
377 4440 578 4485 nostra:
609 4432 863 4500 majorem
894 4432 1051 4487 fidem
1080 4432 1300 4498 habens,
1345 4451 1501 4507 quam
1548 4435 1725 4491 verbis

151 4526 269 4583 Dei:
302 4530 636 4601 experientia
674 4547 768 4586 sua
813 4547 916 4585 non
962 4531 1132 4587 multo
1162 4541 1279 4602 post
1302 4532 1485 4588 didicit
1514 4534 1722 4590 consilii

151 4623 450 4691 perniciem,
491 4633 546 4678 et
584 4632 779 4692 quanta
809 4624 1084 4679 calamitas
1143 4625 1286 4693 ipsos
1325 4625 1724 4696 deprehensura

148 4722 293 4766 esset.
338 4713 475 4767 Nam
502 4713 569 4768 Ut
599 4715 739 4777 vidit,
769 4714 960 4784 inquit,
992 4714 1126 4785 quod
1160 4714 1354 4785 lignum
1388 4725 1510 4769 esset
1539 4716 1724 4788 bonum

148 4802 205 4853 ad
241 4805 564 4869 vescendum,
603 4815 648 4859 et
685 4807 818 4873 quod
846 4806 1003 4860 oculis
1031 4816 1234 4876 gratum
1253 4807 1636 4873 adridendum,
1679 4819 1724 4861 et

149 4894 416 4951 ’ormosum
444 4898 516 4950 ad
556 4897 1019 4968 contemplandum,
1060 4899 1309 4968 cogitavit
1347 4913 1550 4966 secum,
1588 4899 1724 4955 forte

147 5003 202 5041 ex
236 4989 438 5044 diaboli
466 4989 802 5059 deceptione,
837 5007 995 5061 quam
1027 5008 1121 5060 per
1141 5002 1440 5061 serpentem
1468 4994 1557 5049 ille
1595 4995 1722 5050 alfc-

149 5078 282 5133 rchat
329 5099 342 5135 :
379 5080 438 5136 Si
474 5091 528 5136 et
567 5081 634 5137 ad
666 5083 986 5136 vescendum
1020 5084 1212 5137 bonum
1240 5095 1321 5139 est
1346 5085 1567 5156 lignum,
1599 5096 1652 5142 et
1679 5087 1721 5140 si

149 5179 332 5225 tantum
358 5174 546 5227 Oculos
576 5173 842 5228 oblectare
866 5183 1060 5244 potest,
1089 5185 1144 5231 et
1172 5177 1562 5247 pulchritudine
1591 5193 1725 5249 prac-

149 5259 295 5315 ditnm
335 5275 420 5318 est
467 5264 742 5328 ineffabili,
783 5265 825 5319 si
869 5265 1028 5322 etiam
1055 5266 1170 5337 ejus
1197 5268 1427 5338 sumptio
1455 5284 1720 5325 summum

151 5353 286 5408 nobis
335 5355 604 5424 pra'hehit
655 5355 950 5420 honorem,
1013 5367 1063 5411 ct
1126 5357 1435 5414 habebimus
1481 5359 1722 5416 eamdem

150 5456 290 5512 quam
335 5445 600 5500 Conditor
644 5446 978 5517 dignitatem,
1024 5463 1189 5519 quare
1235 5465 1341 5504 non
1387 5466 1725 5507 sumeremus

151 5532 324 5589 ieeo?

209 5630 257 5683 ι.
301 5628 492 5686 Vidisti
514 5629 791 5700 quomodo
825 5630 967 5687 illam
994 5631 1235 5687 diabolus
1260 5633 1522 5704 captivam
1552 5632 1719 5702 duxit,

160 5733 202 5776 et
238 5725 424 5782 auexit
453 5723 791 5782 ratiocinium
838 5724 988 5797 ejus,
1041 5725 1268 5799 fecitque
1311 5738 1368 5785 ut
1404 5746 1522 5801 qua:
1559 5746 1720 5804 supra

3315 276 3414 334 150

1839 401 1989 442 suam
2037 387 2348 457 dignitatem
2398 395 2552 443 erant
2594 401 2788 459 sapere
2832 387 3073 458 auderet,
3100 397 3204 460 qut.
3231 391 3410 445 innata

1833 491 1936 546 spe
1966 492 2122 543 vana,
2179 477 2250 533 ab
2291 478 2374 532 his
2417 493 2632 550 quoque
2673 495 2793 550 quas
2841 480 2940 550 ipsi
2971 493 3226 536 concessa
3262 492 3416 536 erant

1832 567 2150 623 excideret?
2179 567 2244 622 Et
2270 569 2464 641 accepit
2488 569 2552 624 de
2582 572 2750 642 [ructu
2783 571 2941 640 illius,
2977 583 3025 626 et
3066 572 3290 628 comedit
3314 590 3346 626 :-
3369 588 3416 628 et

1831 658 1970 712 dedit
2006 659 2160 713 etiam
2190 659 2298 714 viro
2332 677 2444 725 suo,
2475 671 2522 716 et
2549 662 2867 718 comederunt
2896 678 2916 718 :
2943 664 2996 720 7.
3025 674 3070 717 et
3097 665 3274 734 operti
3299 675 3414 720 sunt

1831 750 1964 804 oculi
2004 750 2228 816 illorum,
2275 763 2323 806 et
2362 762 2696 825 cognoverunt
2721 756 2857 826 quod
2893 758 3017 811 nudi
3045 768 3224 813 essent.
3277 741 3414 828 Quid

1831 841 2036 909 fecisti,
2076 859 2111 898 ο
2149 844 2378 898 mulier?
2427 845 2544 900 Non
2589 847 2759 902 solum
2805 849 3102 918 pernicioso
3143 860 3363 921 accepto
3397 851 3412 881 ‘

1830 935 2055 990 consilio
2084 935 2256 1006 legem
2291 952 2320 990 a
2358 937 2469 992 Deo
2495 937 2672 992 datam
2697 939 3040 1007 conculcasti,
3100 951 3155 996 et
3192 941 3416 996 manda-

1831 1033 1942 1081 tum
1983 1027 2378 1098 contempsisti,
2431 1037 2488 1083 et
2517 1029 2568 1082 in
2609 1037 2805 1084 tantam
2833 1033 3022 1086 venisti
3055 1032 3416 1102 intemperan-

1831 1116 1978 1182 tiam,
2023 1126 2082 1173 ut
2125 1133 2229 1172 nou
2274 1128 2523 1174 contenta
2567 1127 2646 1174 tot
2695 1129 3069 1193 tantorumque
3115 1123 3408 1190 fruitione,

1830 1209 1990 1264 etiam
2037 1210 2252 1266 unicum
2298 1212 2400 1266 hoc
2441 1211 2642 1282 lignum
2667 1253 2684 1278 ,
2731 1211 2801 1268 de
2840 1229 2948 1284 quo
2986 1230 3054 1270 ne
3100 1217 3416 1272 comederes

1830 1311 2160 1375 praaceperat
2188 1302 2464 1371 Dominus,
2503 1319 2632 1360 ausa
2659 1304 2732 1360 sis
2759 1321 2992 1371 sumere,
3031 1317 3084 1362 et
3109 1307 3211 1362 ﬁde
3240 1308 3415 1364 habita

1829 1393 1896 1450 iis
1931 1410 2050 1465 quae
2077 1410 2108 1449 a
2137 1405 2390 1465 serpente
2417 1395 2556 1450 dicta
2584 1405 2750 1464 sunt,
2797 1395 3004 1453 ﬁdelius
3047 1400 3240 1468 putasti
3275 1383 3416 1454 illius

1830 1487 2131 1554 consilium,
2163 1502 2320 1557 quam
2358 1486 2664 1543 mandatum
2711 1503 2742 1543 a
2785 1489 3073 1546 Conditore
3111 1494 3328 1566 datum,
3364 1503 3419 1548 et

1832 1577 1888 1632 in
1926 1587 2129 1659 tantum
2189 1577 2408 1648 decepta
2453 1594 2550 1645 es,
2609 1589 2666 1635 ut
2712 1595 2780 1636 ne
2821 1582 2972 1641 venia
3003 1583 3216 1659 quidem
3259 1585 3435 1655 digna.

1832 1657 1958 1724 sis?
2048 1669 2182 1724 Num
2245 1670 2388 1725 enim
2449 1671 2686 1740 ejusdem
2739 1683 2940 1728 naturzc
3001 1657 3115 1730 erat
3169 1677 3275 1744 qui"
3319 1677 3423 1734 hoe

1832 1760 2181 1816 consulebat?
2237 1762 2312 1816 Ex
2360 1763 2586 1818 subditis
2616 1775 2669 1819 et
2695 1767 2886 1831 servis,
2934 1776 2989 1820 et
3023 1769 3125 1822 sub
3153 1778 3239 1822 tua
3271 1779 3420 1839 pote-

1831 1862 1968 1908 state
2022 1863 2156 1910 erat.
2203 1855 2378 1923 Quare
2423 1857 2499 1910 sic
2549 1856 2772 1926 teipsam
2818 1859 3049 1928 ftedasti,
3081 1871 3135 1915 et
3163 1862 3250 1915 illo
3289 1863 3417 1917 reli-

1830 1955 1938 2010 cto,
1973 1956 2190 2016 propter
2223 1961 2380 2016 quem
2417 1945 2648 2004 formata
2699 1963 2796 2016 es,
2848 1950 2913 2005 ad
2965 1951 3117 2021 cujus
3163 1953 3417 2006 auxilium

1832 2035 2088 2104 producta
2155 2051 2215 2092 es
2238 2076 2269 2103 ,4
2322 2037 2474 2108 cujus
2537 2038 2850 2108 dignitatum
2905 2055 2965 2096 es
3011 2042 3314 2113 particeps,
3365 2053 3421 2099 et

1833 2128 1954 2183 cum
2007 2143 2113 2199 quo
2153 2128 2392 2199 ejusdem
2426 2145 2483 2185 es
2520 2131 2830 2186 substantia
2875 2143 2930 2188 et
2962 2135 3128 2200 vocis,
3175 2134 3227 2189 in
3269 2135 3422 2190 furni-

1833 2219 2115 2275 liaritatem
2145 2221 2411 2291 serpentis
2452 2222 2636 2277 venire
2683 2223 3000 2292 sustinuisti,
3054 2233 3110 2279 ut
3149 2240 3178 2278 a
3210 2225 3423 2280 diabolo

1832 2325 1928 2383 per
1947 2311 2087 2367 hanc
2111 2313 2336 2368 bestiam
2363 2314 2635 2383 acciperes
2674 2316 2952 2370 consilium
2981 2317 3260 2373 manifeste
3290 2333 3423 2374 eon-

1833 2405 2050 2459 trarium
2093 2405 2158 2460 iis
2205 2421 2325 2476 quae
2385 2421 2416 2460 a
2468 2405 2580 2461 Deo
2622 2416 2750 2461 sunt
2789 2407 3026 2477 injuncta
3062 2427 3073 2462 :
3105 2426 3278 2480 neque
3346 2412 3424 2469 sic

1831 2507 2071 2552 aversata
2121 2513 2182 2553 es
2223 2497 2409 2565 illum,
2466 2497 2561 2553 sed
2608 2513 2709 2569 spe
2752 2501 3140 2570 promissionis,
3192 2501 3260 2556 de
3301 2502 3423 2558 cibo

1833 2591 1924 2646 illo
1953 2605 2166 2646 sumere
2196 2605 2322 2645 ausa
2354 2591 2453 2646 es?
2479 2592 2608 2647 Esto
2640 2593 2831 2662 igitur;
2881 2594 3104 2662 teipsam
3143 2595 3195 2649 in
3221 2605 3421 2674 tantum

1832 2683 2184 2754 praecipitium
2224 2682 2515 2753 depuleris,
2557 2693 2613 2740 et
2641 2685 2843 2739 honore
2885 2687 3118 2740 maximo
3174 2687 3420 2758 privave-

1833 2775 1908 2830 ris
1955 2791 1968 2828 :
2042 2789 2207 2844 quare
2243 2781 2299 2828 et
2338 2773 2510 2828 virum
2561 2783 2726 2828 tant:c
2779 2775 2946 2829 ruina:
2994 2777 3197 2831 socium
3243 2777 3424 2832 facis?

1833 2876 1890 2922 et
1932 2867 2088 2937 cujus
2138 2876 2191 2922 te
2219 2866 2534 2937 adjutricem
2577 2882 2698 2922 esse
2741 2869 3046 2937 oportebat,
3093 2870 3236 2924 illius
3287 2870 3419 2925 facta

1832 2975 1892 3017 es
1916 2960 2231 3026 insidiatrix,
2278 2967 2332 3015 et
2366 2959 2434 3015 ob
2473 2959 2750 3014 minimum
2791 2960 2894 3015 cibi
2927 2961 3074 3015 illum
3103 2978 3315 3032 quoque
3349 2969 3438 3019 te—‘

1833 3069 1954 3110 cum
1983 3068 2012 3108 a
2055 3052 2223 3124 gratia
2256 3053 2349 3108 Dei
2378 3051 2696 3107 abalienas‘!
2742 3052 2870 3119 Qum
2913 3063 2965 3110 te
3010 3055 3310 3127 prodigiosa
3339 3057 3424 3110 in-

1833 3146 1980 3204 sania
2004 3144 2055 3200 in
2082 3152 2278 3198 tantam
2303 3143 2576 3199 audaciam
2609 3144 2849 3199 induxit?
2879 3145 2994 3200 Non
3029 3147 3158 3202 satis
3188 3157 3301 3202 erat
3331 3148 3423 3203 tibi

1834 3236 2042 3292 beatam
2073 3234 2210 3289 hanc
2234 3235 2394 3290 vitam
2421 3249 2602 3305 agere,
2632 3242 2687 3289 et
2710 3249 2937 3304 corpore
2972 3237 3186 3307 quidem
3215 3240 3422 3305 vestiri,

1833 3345 2006 3400 neque
2031 3329 2325 3399 corporalis
2364 3329 2440 3383 rei
2471 3328 2694 3397 alicujus
2725 3329 2952 3399 indigam
2985 3327 3142 3386 ess'e?
3179 3332 3424 3390 omnibus

1833 3422 1887 3477 in
1942 3421 2187 3491 paradiso
2228 3419 2364 3485 frui,
2411 3428 2635 3491 excepto
2684 3422 2838 3475 unico
2867 3421 2967 3476 hoc
2995 3423 3422 3493 ligno?visibilia

1832 3514 2010 3570 omnia
2045 3512 2146 3567 sub
2170 3521 2346 3566 vestra
2377 3527 2495 3568 esse
2531 3521 2816 3583 potestate,
2860 3523 2914 3569 et
2951 3523 3001 3577 te
3039 3531 3158 3571 esse
3185 3519 3422 3574 omnium

1832 3611 2143 3667 dominam?
2186 3611 2290 3667 Sed
2321 3612 2474 3668 vanis
2503 3611 2725 3681 decepta
2778 3614 3256 3682 promissionibus,
3303 3629 3423 3685 spe.—

1833 3704 1960 3759 rasti
1989 3703 2146 3757 etiam
2178 3703 2231 3757 in
2259 3718 2524 3760 summum
2559 3703 2836 3772 pervenire
2867 3702 3089 3759 honoris
3114 3705 3426 3775 fastigium?

1834 3797 2037 3853 Idcirco
2064 3796 2239 3852 disces
2267 3812 2325 3852 re
2354 3797 2489 3877 ipsa,
2509 3806 2561 3852 te
2590 3810 2694 3850 non
2723 3795 2894 3850 solum
2925 3796 3012 3850 illa
3047 3813 3152 3852 non
3174 3813 3440 3869 assequug

1833 3898 2003 3943 turam
2052 3903 2196 3954 esse,
2239 3887 2334 3943 sed
2381 3896 2436 3942 et
2479 3887 2726 3942 omnibus
2758 3887 2868 3957 jam
2909 3903 2938 3940 a
2988 3887 3096 3942 Deo
3148 3889 3239 3943 tibi
3286 3889 3425 3944 datis

1831 3978 2139 4050 privandam
2170 3987 2226 4033 et.
2254 3979 2498 4048 teipsam,
2550 3987 2605 4033 et
2641 3977 2814 4032 virum
2857 3996 2870 4032 :
2908 3987 3066 4048 atque
3111 3979 3162 4034 in
3221 3989 3426 4036 tantam

1833 4073 2201 4143 pmnitentiam
2250 4072 2494 4136 venietis,
2535 4079 2596 4126 ut
2647 4081 2702 4126 et
2741 4085 2894 4126 serus
2923 4082 3100 4128 vester
3137 4073 3292 4129 dolor
3342 4075 3422 4130 fu-

1832 4175 2012 4234 turus,
2047 4177 2102 4222 et
2139 4166 2400 4236 malignus
2425 4164 2654 4228 drcmon,
2686 4165 2775 4236 qui
2802 4165 2903 4220 hoc
2931 4164 3245 4220 damnosum
3272 4167 3424 4224 vobis

1830 4258 2112 4314 consilium
2129 4256 2393 4328 suggessit
2420 4257 2645 4324 risurus,
2668 4257 2926 4328 vobisque
2955 4257 3300 4314 insultaturus
3329 4261 3420 4326 sit,

1831 4361 2014 4421 utpote
2053 4350 2375 4420 iacentibus,
2407 4359 2461 4405 et
2487 4349 2676 4405 eadem
2703 4366 2822 4420 qua:
2851 4351 2964 4420 ipse
2989 4351 3177 4421 passis.
3209 4353 3420 4411 Etenim

1830 4445 1967 4498 sicut
1994 4443 2082 4496 ille
2105 4457 2263 4513 supra
2289 4456 2447 4511 quam
2490 4441 2714 4496 decebat
2744 4441 2813 4497 de
2847 4457 2907 4498 se
2948 4445 3208 4510 sentiens,
3235 4460 3266 4499 a
3295 4459 3423 4504 con-

1830 4549 1978 4590 cessa
2009 4534 2262 4604 dignitate
2287 4533 2620 4600 deturbatus,
2669 4543 2722 4588 ct
2751 4549 2782 4589 e
2819 4535 2962 4588 caelis
2997 4535 3048 4589 in
3093 4545 3288 4590 terram
3318 4536 3418 4598 de,~

1824 4625 1999 4696 jectus
2037 4635 2119 4681 est
2152 4643 2164 4681 :
2194 4625 2332 4680 istud
2360 4624 2534 4694 ipsum
2560 4632 2615 4680 et
2637 4639 2732 4678 vos
2763 4623 2957 4691 facere,
2988 4635 3040 4682 ct
3069 4643 3163 4696 per
3183 4627 3448 4689 mandati,

1830 4717 2322 4788 praivaricationem
2380 4717 2433 4770 in
2487 4715 2675 4770 mortis
2723 4717 2905 4772 venire
2955 4732 3182 4787 poenam
3219 4719 3414 4783 voluit,

1830 4811 1904 4866 ita
1946 4826 2058 4865 sua:
2081 4809 2410 4864 satisfaciens
2431 4807 2641 4863 invidia:
2671 4825 2683 4862 :
2718 4809 2857 4865 sicut
2885 4817 2939 4866 et
2963 4809 3176 4880 sapiens
3203 4810 3419 4880 quidam

1829 4901 2036 4958 dicebat
2065 4919 2078 4956 :
2107 4900 2313 4954 Invidia
2347 4909 2514 4954 autem
2554 4899 2781 4967 diaboli,
2813 4917 2948 4959 mors
2977 4901 3030 4962 in
3056 4901 3301 4961 mundum
3338 4903 3420 4956 in-

1830 4995 1976 5049 trauit
2019 4993 2174 5065 (Sap.
2203 4993 2257 5046 2.
2287 4991 2403 5060 24).
2452 4990 2519 5046 Et
2558 4992 2938 5062 dedit,‘inquil,
2970 4985 3254 5052 etiantviro
3275 5010 3418 5061 suo;

1780 5089 1783 5092 ”
1829 5096 1876 5140 et
1915 5086 2269 5148 comederunt,
2317 5093 2364 5138 et
2407 5085 2569 5155 aperti
2613 5094 2728 5143 sunt
2771 5084 2906 5140 oculi
2957 5085 3180 5142 illorum.
3229 5084 3417 5156 Magna

1829 5179 1989 5234 etiam
2038 5178 2134 5232 viri
2177 5177 2514 5248 negligentia.
2553 5175 2836 5238 Namlicet
2864 5175 2950 5229 illa
2978 5175 3218 5246 ejusdem
3248 5193 3416 5249 gone.

1829 5273 1904 5328 ris
1935 5279 2098 5338 esset,
2145 5279 2198 5326 et
2238 5284 2404 5335 uxor,
2432 5279 2664 5330 attamen
2691 5267 2995 5337 ,0portebat
3042 5269 3214 5324 virum
3251 5269 3412 5340 pluris

1831 5367 2006 5423 facere
2051 5375 2369 5441 praeceptum
2424 5364 2548 5428 Dei,
2603 5377 2760 5434 quam
2814 5362 3230 5427 illicitamlhanc
3276 5364 3416 5424 illius

1829 5453 2332 5529 concupiscentiam,
2379 5466 2433 5519 et
2481 5472 2586 5517 non
2636 5455 2745 5510 fieri
2791 5455 3248 5525 prmvartcattouis
3292 5470 3406 5525 par,-

1831 5553 2064 5624 ticipcm,
2094 5565 2262 5622 neque
2302 5551 2370 5605 ob
2394 5547 2644 5605 minimas
2669 5549 2962 5619 voluptates
2990 5549 3149 5604 tantis
3177 5549 3412 5620 scipsuiu

1902 5738 1916 5768 ί
1955 5731 2094 5788 Savil.
2118 5739 2170 5784 et
2192 5740 2318 5795 Mss,
2338 5739 2375 5784 ο
2397 5728 2611 5784 mulier?
2633 5743 2780 5796 quare
2797 5728 3068 5797 pernicioso
3080 5733 3293 5792 accepto,
3317 5736 3434 5789 etc,
