3796 6254
93 295 185 349 εδδ
1128 278 1191 335 IN
1229 277 1379 333 CAP.
1420 275 1507 329 ιιι.
1546 268 1787 328 GENES.
1827 269 2057 325 llOMlL.
2096 268 2258 325 XV".
3253 274 3346 327 134

85 406 349 475 nandati,
376 416 436 461 et
477 420 542 459 ex
587 402 678 457 illo
718 408 899 460 postea
936 395 1153 451 intravit
1189 391 1389 463 peccati
1432 387 1665 458 cognitio

85 513 234 565 atque
261 496 465 566 pudor,
499 504 780 564 propterea
810 492 885 546 sic
908 488 1229 559 appellatum
1259 494 1360 540 est.
1383 484 1495 538 Mos
1524 483 1663 535 «attint

85 591 270 643 divina:
313 587 612 655 Scriptura:
641 593 740 647 est,
766 599 794 635 a
844 582 1005 637 rebus
1048 577 1409 633 accidentibus
1454 575 1665 628 nomina

86 683 203 733 locis
234 680 546 747 imponere,
579 677 667 730 ubi
716 690 802 728 res
851 673 1184 740 contingunt.
1229 668 1411 737 anue
1451 676 1668 735 propter

86 776 272 842 lignum
320 771 425 824 hoc
458 769 674 823 vocavit
699 767 970 836 Scriptura
1002 763 1176 817 divina
1201 761 1399 830 lignum
1429 758 1666 812 scienti:e

85 863 193 916 borii
243 871 304 916 et
334 861 487 925 mali,
511 860 631 929 quia
668 859 807 911 circa
849 855 972 909 illud
1019 852 1372 923 transgressio
1401 859 1454 903 et
1480 849 1667 903 obsero

85 958 212 1009 talio
251 955 498 1008 mandati
533 962 665 1005 erat.
698 950 964 1018 Bcnignus
989 950 1129 1002 enim
1174 944 1427 998 Dominus
1455 956 1484 994 a
1518 941 1666 1009 prin-

85 1049 209 1115 cipio
240 1046 451 1099 docere
481 1044 665 1097 Vulens
698 1040 967 1094 hominem
989 1081 1004 1103 ,
1033 1036 1365 1091 conditorem
1396 1040 1449 1087 et
1497 1031 1666 1085 facto-

85 1154 181 1193 rem
229 1153 397 1190 suum
445 1152 565 1191 esse
609 1134 893 1188 visibilium
943 1130 1178 1185 omnium
1231 1124 1528 1197 Opilicem,
1578 1123 1667 1191 qui

85 1233 243 1298 ipsum
276 1229 569 1293 formavit,
600 1243 693 1296 per
720 1240 937 1294 parvum
971 1221 1109 1277 istud
1152 1219 1459 1273 mandatum
1490 1226 1670 1270 osten-

85 1323 197 1377 dere
220 1322 401 1375 voluit
432 1337 489 1376 se
517 1321 789 1375 dominum
814 1332 934 1371 esse
956 1334 968 1380 ;
991 1325 1045 1370 ct
1070 1314 1219 1384 quasi
1247 1312 1477 1366 liberalis
1497 1310 1670 1364 domi-

84 1429 171 1468 nus
194 1456 209 1477 ,
254 1429 516 1483 magnam
550 1421 604 1465 et
628 1408 995 1463 admirabilem
1017 1405 1299 1473 quamdam
1325 1402 1541 1456 domum
1571 1401 1670 1453 ali-

84 1506 223 1573 cujus
253 1505 380 1558 usui
411 1503 620 1557 donans
639 1543 654 1567 ,
685 1510 740 1555 et
770 1515 873 1553 non
903 1507 1069 1551 totum
1114 1494 1339 1563 pretium
1360 1534 1374 1558 ,
1425 1490 1520 1546 sed
1573 1490 1670 1543 ali-

79 1597 395 1667 quantulum
429 1595 545 1663 ejus
574 1603 777 1663 partem
806 1590 1047 1658 accipere
1083 1587 1227 1650 vult,
1260 1594 1315 1637 ut
1340 1580 1558 1636 dominii
1584 1580 1669 1649 jus

81 1689 279 1742 Salvum
314 1687 420 1741 sibi
449 1694 698 1747 maneat,
728 1691 780 1736 et
810 1682 895 1735 ille
923 1679 1131 1734 interim
1155 1676 1307 1741 sciat,
1328 1689 1386 1728 se
1412 1689 1515 1726 non
1543 1672 1671 1725 {Edi-

80 1780 173 1832 ticii
200 1780 215 1809 ¹
253 1779 541 1832 dominum
568 1791 721 1839 esse,
762 1773 854 1828 sed
890 1773 1058 1842 gratia
1091 1780 1145 1824 et
1174 1767 1523 1822 beneﬁcentia
1564 1765 1668 1818 do-

77 1870 195 1922 mini
247 1869 351 1921 illo
397 1866 501 1921 frui
532 1884 547 1921 :
576 1866 655 1920 sic
705 1866 887 1933 utique
922 1874 975 1917 et
1007 1862 1263 1915 Dominus
1305 1867 1517 1924 noster,
1548 1872 1668 1911 cum

80 1961 306 2014 visibilia
336 1959 461 2014 ba-c
490 1958 668 2012 omnia
698 1955 899 2009 homini
928 1952 1284 2015 concederet,
1309 1958 1362 2004 et
1392 1955 1671 2018 przcstaret

84 2056 150 2108 illi
182 2065 243 2107 ut
278 2063 596 2107 versaretur
639 2051 692 2104 in
722 2048 966 2118 paradiso
987 2086 1000 2107 ,
1032 2053 1085 2099 et
1127 2044 1394 2097 frueretur
1423 2040 1672 2095 omnibus

81 2162 189 2215 qua:
231 2145 291 2199 in
324 2144 422 2198 illo
471 2153 662 2209 erant,
691 2151 749 2195 ut
792 2156 856 2194 ne
889 2138 1144 2209 paulatim
1197 2135 1445 2190 seductus
1492 2133 1671 2186 animo

82 2245 295 2305 putaret
342 2250 459 2302 res,
506 2250 625 2303 qua:
674 2232 774 2286 sub
821 2242 1095 2301 aspectum
1149 2227 1362 2291 eadunt,
1405 2232 1671 2279 automata

79 2342 209 2390 esse,
235 2325 424 2395 deque
474 2339 571 2378 sua
609 2322 865 2393 dignitate
891 2321 1054 2374 altius
1093 2318 1363 2388 quidpiam
1408 2314 1669 2375 sentiret,

81 2418 223 2470 iussit
250 2416 324 2470 ab
352 2432 465 2469 uno
486 2416 631 2484 ligno
656 2413 946 2477 abstinere,
970 2425 1161 2481 magna
1187 2408 1399 2462 deﬁnita
1431 2420 1607 2475 pceua,
1627 2404 1669 2457 si

82 2512 173 2564 hoc
204 2508 708 2579 transgrederetur,
738 2516 796 2561 ut
842 2506 981 2560 scire
1031 2512 1249 2573 posset,
1291 2515 1350 2555 se
1396 2499 1670 2552 dominum

82 2601 272 2656 habere
294 2642 311 2665 ,
342 2601 505 2669 cujus
535 2599 851 2654 liberalitate
893 2598 1054 2652 etiam
1098 2593 1307 2648 catteris
1336 2592 1496 2646 rebus
1525 2588 1670 2643 frue-

80 2706 240 2751 retur.
275 2692 487 2747 Verum
521 2692 642 2761 quia
674 2691 897 2744 multum
945 2688 1339 2746 inc0nsideratc
1383 2700 1440 2737 se
1480 2695 1672 2752 gerens

81 2804 173 2841 una
197 2803 323 2841 cum
356 2801 532 2839 uxore
563 2786 613 2838 in
638 2794 833 2837 tantam
862 2782 1069 2836 ruinam
1095 2778 1346 2843 concidit,
1366 2776 1504 2846 quod
1533 2790 1671 2844 prte-

81 2892 288 2948 ceptum
327 2888 701 2946 transgressus
723 2883 885 2939 esset,
911 2881 963 2926 et
985 2872 1051 2926 de
1080 2872 1222 2939 ligno
1248 2876 1532 2939 gustasset,
1554 2864 1672 2919 ideo

81 2972 278 3039 lignum
308 2970 494 3037 ipsum
529 2965 765 3019 scientia:
808 2963 929 3017 boni
962 2969 1015 3015 et
1046 2961 1166 3013 mali
1199 2956 1509 3013 nominavit.
1557 2953 1672 3008 Non

84 3062 215 3133 quod
247 3073 416 3114 antea
460 3055 791 3128 ignoraverit
824 3055 1021 3109 bonum
1064 3060 1117 3105 et
1154 3050 1355 3104 malum
1389 3064 1404 3100 :
1436 3061 1557 3100 nam
1597 3045 1675 3099 sic

83 3170 178 3206 non
214 3147 514 3222 ignoravit,
540 3157 597 3201 ut
617 3144 849 3215 serpenti
872 3144 1065 3197 mulier
1087 3140 1280 3195 dixerit
1307 3156 1319 3191 :
1352 3136 1492 3191 Dixit
1517 3135 1670 3201 Deus,

85 3241 157 3295 Ne
195 3238 487 3295 comedatis
524 3254 586 3291 ex
628 3237 752 3302 illo,
796 3252 859 3289 ne
908 3233 1226 3294 moriamini;
1252 3229 1427 3297 itaque
1475 3227 1677 3281 sciebat

82 3346 307 3389 mortem
336 3346 555 3400 pcenam
584 3344 723 3391 esse,
743 3329 785 3383 si
811 3327 1115 3382 mandatum
1137 3319 1671 3390 transgrederentur:

82 3427 167 3480 sed
198 3425 333 3495 quia
360 3430 488 3491 post
519 3420 676 3489 hujus
704 3435 854 3473 esum
886 3428 940 3471 et
970 3430 1199 3485 superna
1229 3413 1394 3484 gloria
1420 3411 1630 3481 spoliati
1655 3453 1672 3478 ,

83 3529 131 3572 ct
154 3515 483 3570 scnsibilem
517 3512 860 3567 nudationem
894 3508 1098 3578 experti
1130 3518 1254 3560 sunt
1283 3507 1331 3572 ’,
1360 3505 1479 3559 ideo
1509 3519 1675 3558 voca-

81 3611 151 3662 vit
188 3610 408 3678 lignum
457 3604 697 3659 scientia:
730 3602 849 3656 boni
906 3610 957 3655 et
1000 3600 1122 3653 mali
1160 3607 1311 3653 :erat
1358 3597 1499 3651 enim
1535 3597 1673 3650 circa

81 3702 201 3755 illud
233 3700 402 3771 quasi
432 3698 679 3767 quaedam
713 3695 1029 3750 obedientim
1056 3692 1388 3747 exercitatio.

148 3791 383 3846 Moralis
405 3790 707 3843 exhortatio.
732 3818 797 3828 —-
818 3787 1084 3841 Didicistis
1111 3800 1275 3855 quare
1300 3784 1432 3837 dixit
1463 3799 1476 3835 :
1505 3784 1678 3849 Aperti

82 3895 186 3937 sunt
218 3884 367 3937 oculi
399 3882 623 3945 illorum,
643 3891 687 3933 et
705 3889 1035 3949 cognoverunt
1060 3877 1196 3948 quod
1224 3876 1349 3929 nudi
1370 3885 1511 3927 erant
1530 3875 1554 3926 ?
1575 3875 1675 3928 C0-

82 3975 349 4039 gnovistis
400 3987 568 4039 quare
618 3972 817 4039 lignum
865 3969 966 4024 hoc
1015 3969 1253 4023 scientim
1296 3967 1418 4021 boni
1461 3977 1515 4021 et
1552 3968 1675 4019 mali

83 4066 349 4118 rocetur‘!
368 4062 557 4132 Cogita
586 4062 726 4116 enim
755 4068 951 4129 quanto
978 4058 1177 4127 pudore
1207 4056 1385 4110 allecti
1406 4064 1530 4115 sunt
1560 4066 1677 4125 post

84 4158 240 4225 hujus
299 4171 500 4220 csum,
552 4169 671 4207 cum
721 4151 1035 4221 transgressi
1087 4149 1307 4204 fuissent
1356 4159 1675 4218 praeceptum

86 4251 297 4303 Domini
335 4246 691 4303 :Consuerunt
716 4247 855 4299 enim
884 4246 1009 4317 folia
1051 4245 1211 4312 ﬁcus.
1242 4253 1287 4296 et
1328 4247 1548 4312 fecerunt
1587 4242 1680 4295 sibi

83 4341 450 4394 mccinctoria.
487 4339 618 4392 Vide
643 4353 673 4391 a
703 4348 897 4406 quanta
928 4336 1096 4406 gloria
1130 4337 1179 4387 in
1210 4342 1460 4401 quantum
1506 4334 1680 4387 vilita-

85 4443 186 4487 tem
234 4430 467 4485 deducti
496 4430 621 4483 sint.
651 4429 752 4493 Qui
784 4435 941 4481 antea
983 4427 1132 4495 quasi
1175 4435 1459 4480 terrestres
1504 4425 1677 4493 angeli

86 4525 373 4583 vivebant,
407 4532 616 4590 tegmen
658 4520 757 4574 sibi
804 4535 868 4574 ex
919 4518 1061 4572 foliis
1091 4519 1412 4587 excogitant.
1453 4517 1678 4571 Tantum

85 4618 288 4671 malum
320 4622 411 4669 est
436 4623 730 4682 peccatum.
762 4612 875 4666 Non
905 4612 1077 4665 solum
1106 4613 1247 4665 enim
1274 4625 1371 4665 nos
1393 4624 1421 4662 a
1449 4625 1677 4678 superna

84 4705 468 4762 benevolentia
497 4705 700 4757 alienos
725 4703 881 4769 facit,
915 4701 1009 4756 sed
1044 4712 1098 4757 et
1129 4702 1194 4754 ad
1237 4702 1459 4755 multum
1508 4700 1679 4769 pudo-

84 4817 191 4855 rem
225 4811 286 4852 et
313 4797 580 4850 vilitatem
627 4794 884 4849 deducit:
925 4804 977 4847 et
1027 4810 1146 4847 cum
1175 4809 1273 4847 nos
1315 4794 1485 4862 privat
1528 4793 1681 4847 bonis

84 4910 198 4961 mne
229 4890 351 4960 jam
382 4886 813 4958 possidebamus,
846 4902 1058 4941 omnem
1095 4886 1251 4939 etiam
1298 4886 1539 4939 ﬁduciam
1588 4900 1683 4938 au-

86 4984 195 5036 fert.
232 4978 351 5037 Sed
377 4995 445 5033 ne
471 4993 682 5031 sursum
707 4978 1063 5045 deorsumque
1091 4977 1352 5030 versando
1382 4987 1678 5046 peccatum,

85 5073 222 5141 quod
257 5086 366 5139 per
394 5084 547 5123 esum
594 5067 721 5137 ligni
758 5077 810 5121 et
839 5066 1248 5121 inobedientiam
1280 5066 1548 5121 hominem
1589 5069 1682 5121 de-

83 5164 227 5227 jecit,
262 5159 575 5215 luctuosior
619 5158 809 5212 evadat
858 5157 1032 5211 oratio
1062 5179 1074 5212 :
1107 5173 1221 5225 age,
1253 5158 1297 5211 si
1360 5158 1566 5226 placet,
1616 5157 1683 5211 ab

88 5252 186 5306 hoc
223 5254 380 5323 ligno
409 5248 479 5303 ad
508 5248 674 5310 aliud,
707 5264 898 5317 nempe
927 5248 993 5303 ad
1026 5249 1221 5317 lignum
1250 5248 1452 5313 crucis,
1479 5263 1683 5303 sermo-

90 5362 205 5398 nem
242 5352 549 5405 vertamus,
569 5351 622 5395 et
654 5341 926 5395 videamus
948 5356 1189 5409 quamam
1219 5340 1354 5393 mala
1384 5340 1512 5394 illud
1545 5340 1685 5393 intu-

88 5436 247 5499 liuet
294 5452 419 5505 qua-
462 5433 601 5487 bona
649 5431 786 5485 istud
831 5431 1166 5495 conciliavit;
1195 5432 1300 5485 imo
1352 5446 1455 5486 non
1486 5432 1681 5501 lignum

152 5576 170 5605 ³
206 5582 396 5622 Otones
419 5570 529 5619 fere
545 5570 744 5630 habent,
769 5567 1040 5619 creationis.

120 5638 333 5704 “inTres
358 5642 467 5681 MSS.
494 5628 685 5704 legunt,
711 5628 869 5694 gratia
891 5636 936 5681 et
958 5628 1112 5695 gloria
1134 5630 1320 5684 spoliati
1342 5645 1393 5684 se
1416 5644 1551 5685 me
1572 5645 1682 5684 seu.

92 5697 289 5745 sibiiiter
314 5702 584 5757 creperum.

1777 382 1950 435 attulit
1971 384 2126 445 mala.
2157 382 2250 437 sed
2281 382 2522 437 voluntas
2547 381 2745 452 segnis,
2777 390 2829 437 et
2853 389 3185 453 contemptus
3214 399 3350 453 pnu-

1776 475 1940 543 cepti.
1991 474 2214 541 Lignum
2260 474 2387 529 illud
2430 484 2652 527 mortem
2699 474 2988 528 introduxit
3023 492 3035 527 :
3066 491 3187 529 nam
3230 488 3349 544 post

1779 567 2267 650 praevaricationem
2299 583 2443 621 mors
2472 567 2719 631 intravit,
2750 566 2845 621 sed
2867 566 3004 620 istud
3037 567 3347 621 immortali-

1779 669 1935 712 tatem
1968 659 2212 729 largitum
2258 668 2372 722 est;
2405 658 2532 712 illud
2575 673 2606 712 e
2645 658 2886 728 paradiso
2913 659 3102 727 ejccit,
3133 660 3269 714 istud
3301 661 3353 714 in

1774 750 1933 802 czelos
1959 764 2056 802 nos
2086 748 2334 813 reduxit;
2366 748 2491 803 illud
2524 759 2738 817 propter
2782 764 2936 801 unam
2980 752 3356 819 transgressio-

1775 854 1894 891 nem
1923 840 2051 892 tanti
2071 839 2313 908 supplicii
2338 854 2483 891 reum
2504 838 2668 891 Adam
2694 839 2976 903 lecit,istud
2998 856 3093 893 nos
3112 841 3353 908 plurimis

1776 939 2108 997 peccatorum
2154 930 2376 983 sarcinis
2403 930 2736 988 exoneravit.
2769 929 3118 997 ﬁduciamque
3148 931 3212 983 ad
3245 932 3351 984 Do~

1776 1020 1974 1074 tninum
2005 1020 2157 1073 nobis
2186 1019 2695 1074 conccssit.Vidistis
2720 1020 2843 1087 ligni
2873 1028 2929 1073 et
2954 1020 3076 1089 ligni
3105 1021 3353 1075 diﬁ‘ereno

1776 1110 1940 1163 tiam?
1970 1111 2173 1164 vidistis
2216 1111 2411 1164 diaboli
2456 1110 2832 1178 malignitatem
2859 1150 2875 1176 ,
2906 1109 3135 1164 hominis
3173 1127 3330 1179 pecca

1776 1212 1883 1253 tum
1906 1244 1920 1265 ,
1944 1212 1995 1255 et
2028 1202 2237 1255 Domini
2266 1201 2684 1255 misericordiam
2707 1201 2730 1252 ?
2760 1202 3041 1255 Armenius
3063 1201 3239 1270 itaque
3259 1216 3356 1256 nos

1777 1292 1940 1360 ipsos,
1972 1292 2215 1359 obsecro,
2238 1293 2530 1358 carissimi,
2561 1293 2723 1345 armis
2766 1292 2893 1362 ligni
2931 1292 3087 1360 hujus
3134 1292 3350 1359 vivilici,

1775 1384 2043 1453 ipsiusque
2066 1386 2261 1437 virtute
2281 1384 2607 1454 perniciosos
2628 1384 2805 1436 animo
2826 1383 3047 1437 allectus
3069 1384 3355 1438 mortiﬁce-

1774 1488 1927 1537 mus;
1955 1475 2029 1527 uti
2057 1483 2109 1528 et
2148 1474 2419 1542 apostolus
2450 1474 2642 1528 Paulus
2669 1474 2750 1527 his
2781 1474 2959 1528 verbis
2990 1485 3169 1529 monet
3202 1493 3214 1528 :
3250 1476 3349 1541 Qui

1773 1578 1886 1617 vero
1919 1574 2033 1618 sunt
2062 1565 2266 1629 Christi,
2296 1582 2496 1618 carnem
2543 1566 2900 1633 cruci/iurum
2939 1581 3052 1618 cum
3099 1564 3358 1633 affectibus

1774 1664 1819 1707 et
1846 1656 2259 1725 concupiscentiis
2289 1654 2429 1726 (Gal.
2458 1656 2511 1709 5.
2540 1655 2662 1721 ει).
2694 1655 2842 1724 Quod
2882 1666 3056 1711 autem
3092 1656 3250 1722 dicit,
3274 1666 3355 1712 est

1775 1747 2109 1816 hujusmodi:
2142 1747 2240 1814 Qui
2284 1763 2342 1800 se
2375 1757 2511 1799 totos
2552 1747 2763 1801 Christo
2806 1729 3355 1811 dedicarunt,‘absur-

1773 1839 1894 1892 dam
1937 1854 2153 1892 omnem
2180 1839 2662 1906 concupiscentiam
2710 1838 3091 1892 mortilicarunt
3120 1838 3169 1891 in
3198 1853 3357 1893 carne

1773 1933 2065 1995 subortam,
2087 1941 2141 1985 ut
2165 1946 2352 1984 omnes
2373 1930 2533 1984 animi
2561 1940 2863 1998 corrumpat
2887 1930 3355 1999 operationeleos

1774 2026 1933 2089 igitur
1979 2034 2032 2077 et
2085 2037 2182 2076 nos
2227 2023 2530 2086 imitantes,
2565 2022 2801 2074 membra
2847 2031 3023 2075 nostra
3054 2021 3119 2074 ad
3152 2021 3345 2075 bellum

1777 2115 2099 2167 instruamus
2128 2113 2382 2166 adversus
2414 2112 2747 2182 tyrannidem
2777 2126 2843 2165 ex
2874 2110 3131 2166 diabolica
3162 2128 3355 2180 opera-

1778 2208 1919 2257 tione
1947 2205 1997 2257 in
2024 2218 2120 2256 nos
2159 2204 2517 2272 insurgentem
2540 2243 2554 2266 ,
2584 2212 2639 2255 ut
2669 2211 2723 2255 et
2749 2202 2800 2255 in
2834 2214 3079 2270 praesenti
3110 2203 3211 2254 vita
3245 2210 3356 2255 tur-

1776 2297 2048 2350 bulentum
2081 2296 2181 2349 hoc
2199 2304 2253 2349 et
2280 2294 2635 2365 periculosum
2665 2309 2809 2347 mare
2837 2293 3098 2361 intrepide
3128 2294 3357 2362 trajiciu-

1778 2404 1915 2453 mus,
1943 2398 1995 2441 et
2016 2388 2079 2440 ad
2112 2387 2305 2440 divinze
2331 2384 2665 2454 benignitatis
2693 2384 3006 2452 tranquillos
3027 2393 3210 2453 portus
3238 2399 3357 2452 pcr-

1780 2482 2071 2544 Venientes,
2106 2480 2243 2532 bona
2275 2479 2439 2532 Deum
2464 2477 2802 2547 diligentibus
2826 2476 3081 2545 promissa
3105 2476 3357 2544 consequi

1778 2575 2046 2627 valeamus
2069 2614 2083 2636 ,
2114 2572 2165 2625 in
2196 2570 2408 2624 Christo
2435 2569 2558 2623 Jesu
2588 2569 2811 2621 Domino
2840 2577 3022 2620 nostro
3043 2610 3057 2632 ,
3085 2567 3167 2620 cui
3189 2567 3355 2635 gloria

1778 2681 1899 2721 cum
1930 2665 2084 2718 Patre
2109 2673 2163 2717 et
2206 2671 2391 2715 sancto
2415 2660 2614 2729 Spiritu
2643 2702 2656 2723 ,
2685 2676 2823 2713 nunc
2857 2671 2911 2713 et
2948 2674 3159 2727 semper
3178 2701 3192 2725 ,
3221 2668 3270 2713 et
3304 2659 3357 2711 in

1777 2756 1970 2812 saecula
2003 2755 2338 2810 smculorum.
2371 2756 2561 2806 Amen.

2330 2884 2601 2941 llOMlLM
2645 2883 2804 2938 XV’ll.

1849 3003 1918 3058 Et
1946 3003 2241 3057 audiverunt
2285 3016 2453 3053 vocem
2495 2999 2700 3051 Domini
2747 2997 2843 3051 Dei
2885 2997 3250 3051 deambulantis
3300 2998 3354 3050 in

2039 3095 2275 3166 paradiso
2302 3094 2352 3145 in
2380 3091 2586 3146 meridie
2614 3090 2686 3160 (a)
2720 3088 2738 3160 (
2762 3088 2887 3143 Gen.
2913 3090 2966 3143 3.
2992 3090 3025 3144 8
3052 3089 3092 3158 ).

1850 3210 1900 3263 ι.
1930 3208 2071 3263 Satis
2093 3249 2107 3271 ,
2138 3207 2355 3275 opinor,
2384 3219 2480 3273 pro
2507 3210 2693 3257 nostra
2718 3201 2854 3254 virili
2882 3216 3050 3269 nuper
3081 3200 3253 3254 locum
3292 3199 3359 3254 de

1778 3300 1922 3369 ligno
1947 3297 2275 3367 interpretati
2301 3308 2505 3359 sumus,
2533 3292 2787 3347 docentes
2806 3292 3076 3344 Caritatem
3101 3299 3352 3353 vestram,

1778 3405 1945 3459 quare
1971 3388 2147 3443 divina
2174 3386 2444 3453 Scriptura
2473 3382 2671 3452 lignum
2700 3380 3052 3450 cognoscendi
3083 3381 3279 3435 bonum
3306 3389 3362 3436 et

1778 3483 1975 3537 malum
2015 3482 2186 3549 ipsum
2226 3478 2465 3532 vocarit:
2492 3473 2714 3544 proinde
2759 3472 2914 3526 hodie
2956 3473 3163 3526 animus
3188 3482 3268 3527 est
3293 3472 3361 3527 ad

1778 3574 2053 3643 sequentia
2086 3585 2305 3648 pergere
2327 3611 2341 3633 ,
2376 3578 2433 3623 ut
2472 3567 2688 3621 discatis
2731 3563 3047 3619 iueﬁ‘abilem
3079 3565 3170 3619 Dei
3208 3566 3359 3619 beni-

1779 3668 2057 3734 gnitatem,
2081 3673 2135 3718 et
2161 3672 2353 3731 quanta
2380 3658 2642 3713 sermonis
2671 3657 3110 3724 attemperatione
3133 3672 3263 3710 usus
3289 3658 3360 3711 sit

1782 3770 1981 3813 nostrm
2012 3766 2216 3810 naturm
2236 3753 2620 3823 providentiam
2650 3761 2698 3802 et
2722 3764 2902 3803 curam
2933 3748 3149 3801 habens.
3174 3748 3361 3801 Omnia

1780 3851 1922 3905 enim
1954 3848 2077 3902 fecit
2113 3857 2167 3901 et
2188 3852 2437 3915 Operatus
2460 3850 2578 3906 est,
2608 3852 2663 3893 ut
2696 3840 2954 3893 rationale
2979 3839 3077 3893 hoc
3108 3838 3300 3890 animal
3327 3853 3357 3890 a

1781 3956 1839 3995 se
1863 3940 2152 3996 conditum.
2187 3937 2238 3990 in
2260 3934 2401 3989 omni
2432 3934 2633 3987 lienore
2658 3940 2834 3992 esset,
2866 3939 2920 3984 et
2950 3931 2999 3982 in
3029 3930 3172 3983 nullo
3200 3944 3361 3999 ange-

1783 4032 1955 4086 lorum
1987 4032 2092 4084 vita
2123 4029 2358 4084 deterius
2388 4026 2525 4080 foret
2548 4066 2561 4089 ,
2588 4024 2681 4079 scd
2708 4032 2761 4078 et
2799 4024 2851 4077 in
2891 4037 3114 4090 corpore
3144 4022 3355 4075 illorum

1782 4123 2080 4193 possideret
2117 4119 2615 4191 impassibilitatem.
2646 4117 2907 4171 Cmterum
2937 4123 2993 4169 ut
3032 4115 3161 4168 vidit
3187 4124 3363 4168 utros-

1783 4228 1885 4282 que
1913 4211 2178 4281 peccando
2222 4219 2578 4278 transgressos
2609 4221 2704 4275 per
2731 4204 3101 4274 negligentiam
3135 4219 3195 4257 ea
3242 4219 3365 4272 qum

1784 4318 1812 4356 a
1834 4318 1891 4357 se
1912 4310 2172 4370 praecepta
2192 4306 2362 4361 erant,
2387 4298 2545 4366 idque
2566 4305 2840 4365 postquam
2865 4294 3020 4348 minis
3041 4309 3134 4348 eos
3155 4309 3365 4362 repres-

1785 4402 1946 4457 serat,
1976 4402 2033 4446 ut
2062 4392 2289 4445 tutiores
2318 4389 2585 4451 redderet,
2622 4403 2688 4441 ne
2717 4386 2796 4439 sic
2822 4386 3031 4455 quidem
3064 4401 3091 4438 a
3122 4386 3364 4454 benigni-

1784 4493 1892 4539 tate
1914 4498 2008 4537 sua
2028 4491 2223 4546 cessat,
2250 4480 2340 4535 sed
2362 4494 2571 4547 semper
2591 4477 2668 4531 sui
2692 4476 2897 4541 similis,
2920 4475 3364 4545 quemadmodum

1784 4574 2231 4629 clementissimus
2258 4580 2407 4641 pater
2434 4570 2597 4623 ﬁlium
2630 4567 2901 4637 indignum
2929 4568 3051 4637 quid
3091 4568 3366 4622 nobilitate

1788 4682 1882 4721 sua
1916 4682 2009 4734 per
2030 4663 2398 4733 negligentiam
2424 4660 2775 4723 commisisse,
2803 4668 2857 4713 et
2883 4674 2912 4712 a
2938 4674 3147 4713 smnmo
3165 4660 3367 4713 honora

1788 4759 1841 4813 in
1872 4766 2165 4812 extremam
2192 4755 2442 4809 vilitatem
2470 4751 2739 4806 redactum
2768 4749 2973 4816 videns,
3005 4751 3240 4819 paternis
3286 4752 3357 4803 vi-

1786 4849 2022 4904 sceribus
2042 4856 2360 4909 commotus,
2379 4858 2483 4897 non
2507 4843 2649 4896 illum
2671 4840 2868 4894 auxilio
2887 4840 3194 4894 destitutum
3216 4839 3371 4903 sinit,

1787 4939 1878 4993 sed
1911 4939 2097 4992 iterum
2129 4951 2281 4989 suum
2307 4935 2413 5002 agit
2438 4932 2670 4988 ofﬁcium
2692 4973 2708 4995 ,
2754 4940 2809 4985 ut
2840 4929 3086 4999 paulatim
3133 4930 3304 4997 ipsum
3348 4943 3377 4981 a

1788 5028 1988 5081 vilitate
2032 5027 2115 5080 illa
2171 5026 2450 5080 liberatum
2476 5065 2490 5088 ,
2537 5021 2771 5091 pristina:
2815 5021 3056 5074 restituat
3100 5018 3370 5088 dignitati.

1789 5118 1958 5173 Simili
1990 5118 2145 5172 modo
2175 5116 2346 5170 bonus
2371 5115 2507 5168 Deus
2552 5111 2803 5166 misertus
2828 5120 2911 5164 est
2951 5108 3179 5162 hominis
3201 5148 3216 5173 ,
3242 5122 3364 5163 cum

1790 5224 1954 5264 uxore
1995 5224 2087 5262 sua
2116 5207 2311 5261 diaboli
2335 5205 2535 5259 insidiis
2555 5200 2925 5265 circumventi,
2951 5199 3125 5283 cujus.
3128 5216 3222 5270 per
3245 5216 3362 5256 ser-

1787 5310 2001 5370 pentem
2024 5298 2301 5353 consilium
2333 5300 2608 5361 acceperat
2638 5309 2651 5345 :
2678 5291 2839 5345 veluti
2871 5289 3104 5345 medicus
3131 5292 3194 5344 ad
3218 5291 3368 5345 inﬁr-

1790 5408 1965 5455 mum,
2003 5397 2057 5443 et
2080 5395 2446 5457 aegrotantem,
2473 5382 2760 5452 jaceutem,
2786 5382 3213 5452 indigentemque
3238 5397 3367 5436 cura

1789 5494 1843 5540 et
1870 5480 2058 5536 medici
2089 5493 2271 5545 manu,
2298 5476 2537 5545 protinus
2559 5473 2781 5529 accedit.
2812 5474 2916 5530 Sed
2945 5483 3003 5528 ut
3032 5483 3084 5529 et
3105 5491 3168 5529 ex
3193 5474 3368 5529 verbis

1851 5632 1923 5695 (a)
1955 5631 2039 5679 Hic
2053 5627 2244 5678 coislin.
2271 5634 2323 5676 et
2360 5634 2563 5691 quatuor
2595 5624 2672 5676 alii
2710 5626 2853 5678 Codd.
2892 5628 3142 5691 Scriptura:
3176 5634 3364 5684 textum

1789 5694 1936 5759 longe
1954 5700 2325 5756 [nosequuntun
