3796 6274
689 173 719 188 ρ

435 264 538 321 135

439 379 566 431 disc:
589 375 656 428 tis
699 383 854 443 quam
899 368 1176 426 inritabilis
1216 367 1286 422 sit
1317 365 1412 420 Dei
1455 365 1750 434 benignitas
1781 403 1796 427 ,
1839 378 2017 432 opera:

429 468 657 539 pretium
705 464 864 519 fuerit
888 462 1071 516 audire
1109 473 1226 528 qua:
1258 459 1390 512 lecta
1421 465 1564 510 sunt.
1607 454 1673 508 Et
1712 455 1977 510 audierunt
2000 495 2018 521 ,

427 560 634 628 inquit,
663 571 828 610 vocem
857 551 1057 606 Domini
1079 549 1174 602 Dei
1212 546 1580 601 deambulantis
1604 546 1654 600 in
1687 544 1924 614 paradiso
1952 545 2019 597 ad

426 648 684 703 meridiem
710 687 726 712 ,
762 655 806 698 et
827 644 1128 698 delituerant
1159 650 1261 694 tam
1285 639 1471 703 Adam,
1493 654 1646 708 quam
1671 653 1797 692 uxor
1821 637 1959 692 illius
1986 653 2018 688 a

429 741 556 811 facie
585 737 786 790 Domini
806 737 858 788 in
887 731 1050 786 medio
1079 731 1203 801 ligni
1233 729 1479 802 paradisi.
1512 728 1589 786 Ne
1619 726 2017 782 inconsideran-

422 838 524 894 ter,
557 825 760 892 dilecti,
788 833 1167 894 praetereamus
1187 838 1303 891 qua:
1328 836 1358 876 a
1379 820 1552 875 divina
1579 820 1848 894 Scriptura
1876 818 2012 872 dicta

419 929 566 985 sunt,
599 934 773 987 neque
800 918 851 970 in
879 916 1054 970 verbis
1078 915 1207 986 ipsis
1231 916 1562 980 hzereamus,
1593 912 1684 968 sed
1711 911 2014 968 considere-

421 1028 541 1066 mus
575 1012 644 1066 ob
674 1019 908 1065 nostram
953 1008 1368 1063 imbecillitatem
1403 1014 1606 1060 tantam
1645 1006 1732 1060 hic
1770 1003 2011 1059 adhiberi

423 1105 711 1158 verborum
740 1102 1111 1163 lunnilitatem,
1145 1109 1200 1154 et
1228 1101 1297 1153 ob
1319 1099 1542 1154 salutem
1571 1107 1804 1153 nostram
1831 1098 2009 1152 omnia

423 1207 484 1252 ut
509 1198 620 1251 Deo
645 1196 862 1263 dignum
878 1203 959 1250 est
985 1193 1090 1264 agi.
1119 1192 1249 1247 Nam
1276 1192 1320 1247 si
1343 1193 1600 1248 vellemus
1620 1191 1776 1246 verba
1806 1198 1862 1245 ut
1889 1196 2012 1244 sunt

422 1288 760 1358 pronuntiata
791 1285 1004 1350 seetari,
1031 1294 1085 1338 et
1105 1300 1210 1338 non
1238 1283 1469 1353 indigne,
1494 1291 1552 1336 ut
1571 1283 1636 1336 de
1660 1283 1767 1337 Deo
1793 1283 2010 1352 loquen-

425 1386 509 1432 tes
537 1377 728 1442 decet,
759 1391 1044 1445 exponere.
1073 1375 1191 1436 die,
1221 1389 1432 1445 quarso,
1466 1389 1644 1428 annon
1677 1374 1838 1428 multa
1888 1372 2009 1426 hinc

421 1478 782 1539 sequerentur
823 1467 1094 1524 absurda?
1123 1469 1260 1524 Ecce
1299 1467 1440 1521 enim
1481 1467 1657 1521 statim
1699 1480 1762 1519 ex
1805 1465 1866 1518 iis
1891 1480 2007 1534 qum

419 1563 680 1632 principio
711 1563 845 1618 lecta
871 1570 1024 1626 sunt,
1058 1561 1159 1614 hoc
1187 1570 1432 1630 spectare
1472 1558 1612 1614 licet.
1641 1557 1710 1612 Et
1738 1559 2006 1613 audierunt

416 1669 583 1707 vocem
607 1653 809 1708 Domini
841 1652 932 1706 Dei
960 1652 1266 1706 ambulantis
1291 1653 1342 1708 in
1371 1651 1609 1720 paradiso
1629 1651 1697 1704 ad
1717 1652 2000 1716 meridiem,

415 1754 462 1795 et
485 1744 802 1798 delituerant.
825 1742 961 1810 Quid
990 1743 1123 1798 dicis
1142 1743 1164 1795 ?
1183 1757 1250 1796 an
1281 1741 1586 1797 deambulat
1609 1741 1786 1796 Deus?
1816 1756 1881 1796 an
1915 1757 2007 1810 pe-

413 1834 509 1890 des
541 1837 639 1904 ipsi
670 1835 962 1892 tribuemus
984 1877 996 1897 ,
1043 1843 1096 1890 et
1125 1835 1192 1890 de
1222 1851 1287 1889 eo
1317 1835 1449 1888 nihil
1489 1835 1714 1890 sublime
1752 1835 2004 1904 cogitabi-

410 1928 569 1981 mus?
597 1927 716 1981 Non
744 1927 986 1982 ambulat
1015 1928 1152 1982 Deus
1181 1946 1194 1981 :
1227 1928 1385 1982 absit.
1419 1927 1698 1994 Quomodo
1721 1928 1861 1982 enim
1883 1942 2001 1982 am-

410 2021 614 2076 bularet
639 2063 654 2086 ,
688 2021 776 2090 qui
810 2021 1006 2090 ubique
1041 2036 1280 2088 prmsens
1325 2028 1406 2074 est
1431 2061 1446 2085 ,
1470 2029 1524 2074 et
1558 2021 1734 2075 omnia
1780 2018 2003 2087 implet?

409 2114 497 2167 cui
520 2115 715 2168 etclam
748 2114 997 2178 thronus,
1032 2121 1085 2167 et
1114 2120 1256 2168 terra
1279 2113 1570 2170 scabellum
1595 2115 1614 2178 (
1637 2111 1761 2166 1εαὶ.
1786 2112 1874 2167 66.
1907 2113 1930 2168 1
1955 2112 1998 2179 ),

410 2203 594 2269 ipsene
620 2204 671 2258 in
695 2203 850 2258 horto
870 2203 1210 2258 continetur?
1236 2202 1362 2269 Quis
1383 2203 1634 2263 cordatus
1655 2203 1756 2258 hoc
1777 2203 2002 2258 diceret?

407 2294 542 2360 Quid
557 2296 715 2365 igitur
732 2297 1117 2362 est,Audierunt
1137 2313 1306 2349 vocem
1320 2295 1522 2350 Domini
1531 2295 1623 2348 Dei
1633 2296 2000 2354 deambulantis

406 2389 459 2440 in
486 2390 626 2443 horto
655 2390 723 2443 ad
758 2390 1014 2443 meridiem
1033 2390 1059 2442 ?
1088 2390 1145 2444 In
1174 2404 1388 2444 sensum
1429 2389 1554 2444 mali
1586 2389 1706 2444 illos
1733 2389 2000 2445 deducere

407 2479 593 2545 voluit,
625 2488 686 2534 ut
715 2481 765 2533 in
785 2493 975 2549 magno
1002 2479 1194 2536 mentis
1216 2494 1415 2549 angore
1435 2479 1886 2534 constituerentur
1909 2499 1922 2533 :
1946 2480 1998 2534 id

406 2571 548 2640 quod
573 2579 628 2626 et
651 2571 844 2628 factum
869 2581 973 2626 est.
997 2572 1166 2626 Tanto
1185 2572 1444 2642 siquidem
1466 2588 1624 2628 sensu
1656 2573 1827 2627 all'eeti
1852 2581 1994 2639 sunt,

405 2674 458 2716 ut
476 2679 596 2718 eum
617 2664 918 2719 advenisset
940 2665 1095 2730 Deus,
1118 2680 1239 2720 sese
1255 2664 1522 2720 occultare
1541 2665 1715 2720 conati
1733 2665 1856 2719 sint.
1876 2665 1995 2724 Mox

405 2756 545 2808 enim
587 2767 642 2809 ut
671 2757 892 2811 intravit
919 2768 1215 2827 peceatum,
1239 2766 1292 2812 et
1319 2758 1704 2827 praevaricatio,
1739 2758 1910 2828 pudor
1935 2773 1996 2814 ac

403 2849 723 2902 verecundia
749 2848 871 2904 illos
903 2850 1112 2904 invasit.

471 2938 785 2993 Conscientia
823 2941 1147 3011 incorruptus
1161 2942 1345 3012 judex.
1388 2941 1715 2997 Conscientia:
1752 2960 1896 3014 Opus.
1922 2973 1993 2984 -—

402 3032 611 3101 Quippe
652 3034 816 3102 judex
861 3034 1197 3104 incorruptus
1218 3076 1232 3096 ,
1262 3035 1641 3089 conscientiam
1680 3035 1800 3090 dico
1823 3077 1838 3101 ,
1871 3051 1991 3090 cum

405 3122 662 3177 adversus
701 3123 970 3179 hominem
1027 3133 1357 3195 exsurgeret,
1377 3125 1519 3179 clara
1541 3141 1672 3180 voce
1705 3127 1988 3190 clamabat,

402 3213 684 3268 accusabat
703 3222 758 3268 et
776 3215 1111 3280 ostendebat,
1136 3224 1188 3270 et
1207 3215 1356 3284 quasi
1377 3228 1499 3270 ante
1518 3217 1701 3272 oculos
1723 3217 1994 3271 scribebat

400 3305 528 3372 ipsis
573 3315 910 3375 peccatorum
937 3308 1374 3377 magnitudinem.
1404 3307 1528 3362 Ideo
1561 3310 1700 3362 enim
1731 3309 1992 3380 benignus

408 3399 666 3452 Dominus
705 3400 967 3469 principio
1010 3415 1129 3454 cum
1184 3399 1436 3454 formaret
1491 3401 1760 3458 hominem
1795 3445 1811 3470 ,
1855 3420 1986 3460 con-

405 3489 685 3542 scientiam
733 3489 807 3543 illi
853 3489 1040 3544 indidit
1068 3493 1448 3546 aceusatricem
1495 3503 1841 3563 perpetuam,
1874 3513 1991 3564 qua:

409 3579 581 3649 decipi
616 3589 671 3634 et
717 3581 974 3635 fallaciam
1005 3582 1144 3637 ferre
1174 3593 1353 3651 posset
1394 3600 1703 3660 numquam.
1737 3588 1802 3642 Et
1866 3588 1990 3642 licet

402 3673 522 3740 quis
552 3673 785 3727 admisso
821 3682 1035 3742 peccato
1055 3715 1068 3738 ,
1100 3686 1512 3746 perpetratoque
1537 3679 1712 3748 aliquo
1755 3679 1988 3736 facinore

402 3764 617 3828 illicito,
650 3779 836 3819 omnes
881 3766 1121 3820 homines
1150 3767 1306 3832 celet,
1327 3767 1466 3820 illam
1491 3778 1663 3823 tamen
1693 3773 1986 3825 accusatri-

401 3871 517 3908 cem
545 3871 650 3908 non
686 3857 878 3924 poterit
921 3857 1084 3911 latere
1108 3898 1120 3918 ,
1163 3857 1257 3909 sed
1285 3874 1616 3928 quocumque
1647 3861 1820 3920 abeat,
1844 3864 1985 3917 illaut

397 3955 653 4014 perpetuo
673 3947 805 4000 intra
823 3962 883 4000 se
903 3947 1057 4001 habet
1076 3947 1465 4013 obturbantem,
1487 3951 1792 4017 laniantcm,
1810 3955 1984 4023 ﬂagri-

397 4037 612 4101 lantem,
657 4054 944 4108 numquam
990 4041 1349 4107 quiescentem
1383 4059 1396 4096 :
1429 4043 1520 4097 sed
1547 4053 1601 4098 et
1634 4046 1802 4110 domi,
1833 4058 1888 4101 et
1933 4051 1984 4102 in

399 4127 534 4192 foro,
555 4137 606 4181 et
626 4129 675 4182 in
699 4130 946 4196 cmtibus,
966 4131 1081 4184 etin
1104 4147 1307 4198 mensa,
1327 4145 1374 4188 ei
1397 4134 1769 4201 dormientem,
1791 4148 1842 4192 et
1864 4155 1985 4193 sur-

396 4229 608 4285 gentem
647 4220 910 4284 adoritur,
949 4220 1205 4275 rationem
1244 4223 1558 4279 delictorum
1585 4228 1765 4298 exigit,
1810 4231 1985 4298 obque

396 4309 578 4364 oculos
592 4311 736 4379 ponit
752 4321 802 4364 et
815 4312 1124 4365 delictorum
1140 4315 1447 4383 gravitatem
1459 4327 1528 4380 ,οι
1541 4319 1984 4388 subsequutttram

399 4418 639 4470 pinnam,
684 4415 737 4457 et
785 4407 930 4474 quasi
973 4406 1212 4460 medicus
1258 4410 1486 4476 Optimus
1530 4427 1634 4465 non
1677 4423 1850 4468 cessat
1887 4430 1982 4469 sua

397 4493 779 4550 medicamenta
823 4512 1092 4564 apponere
1122 4514 1134 4548 :
1167 4509 1219 4552 et
1259 4501 1303 4554 si
1330 4502 1496 4556 semel
1536 4503 1851 4572 depellatur,
1884 4523 1982 4561 ne-

401 4599 505 4653 que
547 4585 624 4638 sic
657 4585 881 4650 desistit,
913 4587 1004 4641 sed
1029 4589 1332 4643 continuam
1371 4593 1780 4649 sollicitudinem
1823 4599 1979 4666 gerit.

473 4676 528 4728 ‘2.
573 4677 686 4731 Hoc
711 4679 852 4732 enim
881 4681 1222 4736 conscientim
1250 4699 1383 4750 opus
1409 4694 1491 4738 est
1515 4726 1529 4748 ,
1563 4696 1619 4740 ut
1643 4686 1836 4757 jugiter
1872 4705 1984 4742 me-

396 4770 618 4828 moriam
646 4771 884 4840 ingerat,
915 4788 1015 4826 nee
1045 4775 1314 4841 permittat
1361 4791 1608 4845 tnuquam
1639 4779 1689 4832 in
1723 4779 1978 4835 factorum

392 4863 714 4918 oblivionem
743 4879 841 4918 nos
868 4865 1050 4919 venire
1085 4883 1096 4918 :
1127 4865 1221 4920 sed
1253 4868 1321 4920 ob
1365 4870 1549 4923 oculos
1577 4882 1836 4940 pr0p0nat
1860 4914 1876 4938 ,
1906 4873 1980 4927 uti

390 4955 469 5007 vel
505 4955 604 5009 hac
637 4957 837 5010 ratione
859 4971 958 5010 nos
990 4957 1248 5012 tardiores
1277 4959 1449 5027 faciat,
1480 4978 1548 5015 ne
1580 4963 1630 5015 in
1653 4962 1836 5017 eadem
1861 4979 1982 5032 pee-

395 5057 509 5103 cata
544 5048 906 5116 prolahamur.
937 5048 1070 5103 Nam
1100 5050 1144 5102 si
1173 5066 1291 5104 cum
1321 5068 1383 5106 ex
1425 5055 1747 5109 conscientia
1781 5066 1980 5110 tantum

393 5139 546 5192 nobis
569 5141 636 5194 sit
663 5141 906 5204 subsidii,
939 5151 991 5196 et
1022 5150 1226 5196 tantum
1253 5144 1498 5212 adjutorii
1524 5187 1539 5212 ,
1565 5155 1619 5201 et
1646 5147 1689 5200 si
1719 5147 1854 5203 hanc
1883 5149 1978 5202 ha-

392 5233 578 5293 bentes
601 5232 968 5288 vehementem
993 5236 1396 5302 accusatricem,
1427 5253 1543 5307 qua:
1569 5249 1803 5294 nostram
1834 5257 1982 5296 men-

389 5328 496 5374 tem
523 5320 771 5389 ﬂagellet,
804 5335 857 5379 et
886 5340 981 5379 cor
1003 5326 1256 5393 lancinet,
1288 5337 1341 5381 et
1364 5331 1553 5399 quovis
1581 5333 1829 5388 carnifice
1852 5348 1980 5403 gra-

388 5413 504 5466 vius
532 5415 713 5480 instet,
748 5417 986 5485 plerique
1011 5435 1179 5486 neque
1203 5421 1281 5476 sic
1307 5421 1568 5491 ignaviam
1599 5425 1859 5480 vincimus
1893 5444 1905 5479 :
1934 5427 1978 5481 si

390 5504 490 5557 hoc
515 5505 926 5560 destitucrcmur
955 5509 1211 5575 subsidio,
1239 5529 1345 5582 quo
1373 5530 1479 5568 non
1513 5525 1637 5570 tunc
1681 5518 1856 5572 statim
1888 5533 1981 5572 ex-

387 5598 734 5654 cidt-remus?
778 5599 1065 5671 Propterea
1113 5604 1458 5675 primigenius
1509 5606 1672 5664 homo
1716 5619 1775 5666 ut
1829 5609 1977 5664 illum

387 5705 600 5753 bt‘llb’llm
628 5693 859 5765 accepit,
891 5694 1172 5751 adventum
1221 5697 1429 5754 Domini
1467 5713 1647 5756 secum
1693 5702 1934 5774 cogitans
1957 5746 1970 5772 ,

1078 254 1136 310 S.
1175 251 1452 310 JOANNIS
1488 249 1969 306 CHRYSOSTOMI
2010 249 2320 306 ARCIIIEP.
2360 250 2892 311 CONSTANTINOP.

3607 256 3707 311 156

2133 365 2312 417 statim
2353 379 2414 420 se
2457 367 2759 423 occultavit.
2788 369 2998 439 Quare,
3025 369 3142 436 dic,
3171 369 3312 428 oro?
3339 367 3597 438 Quoniam
3624 373 3705 423 vi-

2126 454 2285 509 debat
2313 457 2411 512 sibi
2446 466 2645 512 trueem
2675 459 2885 515 adstare
2910 471 3298 522 accusatorem.
3325 461 3707 535 conscientiam

2126 544 2266 600 dico.
2297 546 2478 618 Neque
2503 549 2644 604 enim
2679 551 2840 606 alium
2869 553 3034 608 ullum
3063 554 3458 624 objurgatorem
3482 552 3706 608 habebat

2125 648 2179 692 et
2211 647 2396 692 testem
2419 652 2782 710 peccatorum,
2813 644 2904 699 sed
2928 646 3136 700 unicum
3161 645 3304 699 illum
3328 661 3482 716 quem
3517 647 3708 699 intrin-

2124 742 2280 782 secus
2329 730 2752 789 circumferebat.
2819 736 3066 790 Attamen
3119 744 3310 805 praiter
3367 737 3707 790 conscientia:

2122 822 2548 890 accusationem,
2579 825 2738 878 etiam
2771 827 3000 896 privatio
3025 827 3232 898 glorias,
3261 843 3378 898 quae
3406 827 3523 881 illos
3548 836 3708 880 antea

2120 914 2269 982 quasi
2313 916 2689 974 vestimentum
2721 915 2973 988 fulgidum
3005 917 3305 982 ambiebat,
3333 918 3559 973 docebat
3590 918 3712 970 illos

2121 1020 2214 1073 per
2245 1005 2410 1074 ipsam
2441 1006 2734 1064 nuditatem
2759 1006 2979 1063 admissi
3018 1009 3219 1080 peccati
3262 1008 3708 1078 magnitudinem.

2118 1094 2303 1164 Itaque
2323 1097 2444 1165 quia
2471 1106 2590 1166 post
2614 1112 2776 1166 grave
2799 1110 3070 1168 peccatum
3101 1099 3228 1154 illud
3255 1100 3455 1169 pudore
3477 1100 3707 1154 circum-

2115 1184 2218 1239 fusi
2250 1198 2402 1241 erant
2427 1229 2441 1254 ,
2473 1188 2786 1246 delitescere
2825 1199 3179 1246 tentaverunt.
3209 1192 3489 1244 Audierant
3517 1191 3664 1246 enim
3694 1232 3709 1250 .

2115 1275 2303 1347 inquit,
2334 1295 2499 1334 vocem
2528 1279 2737 1336 Domini
2760 1281 2858 1336 Dei
2876 1283 3242 1339 deambulanti}
3266 1285 3319 1337 in
3349 1284 3493 1337 horto
3513 1285 3580 1335 ad
3601 1300 3684 1335 me

2112 1371 2311 1438 ridiem,
2335 1381 2379 1426 et
2409 1373 2783 1432 occultaverunt
2809 1392 2862 1430 se
2890 1385 2991 1430 tam
3021 1375 3219 1444 Adam,
3247 1393 3398 1446 quam
3428 1392 3556 1429 uxor
3594 1376 3708 1446 ejus

2112 1477 2143 1511 a
2184 1463 2314 1532 facie
2337 1461 2540 1517 Domini
2565 1462 2661 1517 Dei
2687 1464 2739 1518 in
2762 1466 2925 1518 medio
2957 1466 3204 1534 paradisi.

2185 1551 2334 1608 Nihil
2354 1564 2556 1624 peccato
2589 1557 2756 1627 pejus.
2779 1587 2849 1596 —
2868 1557 3006 1612 Nihil
3035 1567 3251 1628 peccato
3271 1557 3442 1628 pejus,
3468 1557 3668 1612 dilecte

2112 1644 2282 1713 ipsum
2313 1647 2454 1700 enim
2487 1656 2543 1700 ut
2571 1647 2868 1714 introierit,
2903 1665 3006 1704 non
3053 1651 3226 1703 solum
3260 1648 3458 1718 pudore
3485 1663 3584 1702 nos
3614 1666 3703 1703 re-

2109 1737 2238 1805 plet,
2275 1737 2369 1792 sed
2400 1748 2453 1792 et
2483 1739 2794 1809 insipientes
2829 1740 3002 1795 reddit
3023 1755 3115 1795 eos
3133 1742 3222 1812 qui
3248 1751 3401 1794 antea
3429 1741 3706 1795 intellectu

2109 1837 2163 1882 et
2205 1831 2461 1898 sapientia
2520 1830 2684 1884 multa
2731 1833 2938 1902 praediti
2998 1833 3228 1887 fuerant.
3281 1832 3706 1897 Animadverte,

2107 1921 2350 1988 obsecro,
2378 1937 2538 1992 quam
2573 1923 2885 1992 insipienter
2908 1924 3015 1993 agit
3048 1939 3186 1978 nunc
3208 1965 3224 1990 ,
3251 1925 3338 1993 qui
3365 1933 3520 1978 antea
3554 1934 3705 1976 tanta

2109 2014 2344 2084 pollebat
2391 2017 2646 2085 sapientia
2675 2058 2689 2082 ,
2731 2017 2820 2088 qui
2846 2032 2910 2071 ex
2957 2018 3088 2072 actis
3137 2018 3268 2087 ipsis
3309 2018 3556 2071 traditam
3599 2019 3707 2072 sibi

2105 2113 2417 2183 Sapientiam
2463 2114 2614 2168 nobis
2659 2115 3003 2179 declarabat,
3033 2113 3126 2186 qui
3157 2113 3278 2167 talia
3325 2113 3705 2183 pr0phctabat.

2105 2203 2290 2258 Audita
2330 2222 2444 2258 voce
2476 2204 2678 2258 Domini
2722 2204 2819 2258 Dei
2848 2205 3218 2259 deambulantis
3243 2206 3293 2258 in
3320 2205 3464 2257 horto
3490 2205 3558 2257 ad
3593 2223 3706 2258 me-

2103 2298 2302 2362 ridiem,
2321 2299 2587 2350 occultavit
2627 2315 2680 2351 se
2711 2308 2814 2350 tam
2855 2299 2966 2366 ipse
2993 2315 3145 2366 quam
3172 2313 3299 2350 uxor
3327 2297 3485 2366 ipsius
3511 2314 3541 2346 α
3568 2297 3710 2364 facie

2102 2387 2307 2444 Domini
2342 2389 2437 2446 Dei
2465 2390 2518 2445 in
2557 2391 2718 2445 medio
2753 2392 2876 2462 ligni
2904 2391 3151 2460 paradisi.
3202 2390 3420 2458 Quanta:
3465 2389 3570 2448 hoc
3620 2401 3711 2445 est

2102 2479 2417 2549 insipientia:
2441 2522 2457 2547 ,
2489 2481 2628 2552 quod
2655 2496 2685 2536 a
2716 2481 2824 2535 Deo
2847 2523 2864 2550 ,ν
2893 2483 2981 2552 qui
3027 2483 3223 2554 ubique
3261 2497 3493 2552 prresens
3518 2489 3603 2536 est
3629 2523 3646 2544 ,
3677 2500 3710 2542 ει

2101 2569 2358 2626 Creatore
2382 2613 2398 2638 ,
2443 2573 2530 2642 qui
2561 2590 2624 2628 ex
2659 2573 2823 2626 nihilo
2853 2590 2939 2628 res
2970 2582 3030 2627 ut
3059 2584 3236 2632 essent
3267 2573 3517 2643 produxit
3543 2614 3558 2639 ,
3609 2575 3710 2643 qui

2105 2663 2420 2719 abscondita
2446 2665 2545 2718 scit
2584 2663 2602 2737 (
2632 2662 2788 2717 Psal.
2821 2664 2909 2718 52.
2959 2665 3028 2719 15
3049 2662 3097 2734 ),
3127 2665 3214 2736 qui
3247 2664 3396 2717 ﬁnxit
3425 2663 3705 2734 sigillatim

2098 2755 2259 2810 corda
2291 2756 2563 2810 hominum
2585 2796 2601 2823 ,
2631 2765 2683 2810 et
2711 2755 2956 2826 intelligit
2981 2756 3158 2809 omnia
3187 2771 3346 2824 opera
3363 2770 3575 2819 eorum,
3605 2757 3705 2824 Qui

2097 2854 2367 2903 scrutatur
2408 2846 2567 2901 corda
2607 2854 2660 2900 et
2689 2860 2848 2900 renes
2888 2844 3075 2915 (Psal.
3120 2845 3171 2898 7.
3204 2844 3340 2914 10),
3384 2844 3471 2914 qui
3530 2845 3706 2899 etiam

2097 2940 2241 3012 ipsos
2270 2940 2444 2994 cordis
2468 2949 2646 2994 motus
2671 2938 2962 3008 cognoscit,
3005 2937 3332 2992 abscondere
3352 2953 3410 2991 se
3429 2948 3706 2992 conentur

2099 3033 2288 3104 (Psal.
2319 3035 2408 3088 45.
2439 3033 2510 3087 22
2533 3031 2592 3105 )?
2613 3033 2716 3088 Sed
2757 3048 2825 3087 ne
2855 3032 3067 3094 mireris
3087 3073 3101 3097 ,
3133 3031 3328 3086 dilecte
3356 3049 3368 3083 :
3397 3032 3522 3085 talis
3547 3034 3703 3088 enim

2097 3129 2424 3196 peccantium
2453 3127 2784 3184 consuetudo
2808 3134 2894 3180 est
2913 3167 2927 3187 ,
2959 3134 3019 3180 ut
3043 3124 3256 3179 tametsi
3285 3125 3546 3179 occultari
3579 3141 3699 3179 non

2099 3219 2322 3287 possint,
2348 3217 2608 3274 occultari
2634 3228 2807 3271 tamen
2837 3215 3019 3278 velint,
3040 3225 3092 3268 et
3122 3215 3388 3268 studeant.
3419 3214 3485 3268 Ut
3507 3223 3704 3269 autem

2095 3312 2234 3364 scias
2259 3324 2352 3365 eos
2383 3324 2487 3364 non
2535 3309 2764 3364 ferentes
2792 3306 3046 3377 pudorem
3072 3348 3086 3371 ,
3115 3322 3220 3375 quo
3259 3316 3376 3375 post
3408 3316 3701 3374 peccatum

2093 3415 2211 3456 sese
2235 3400 2585 3464 sulluderant,
2613 3399 2794 3454 nudati
2825 3398 3206 3468 incorruptibili
3239 3398 3324 3450 illa
3354 3397 3520 3468 gloria
3541 3439 3555 3462 ,
3589 3396 3705 3452 hoc

2095 3492 2300 3555 fecisse,
2335 3491 2612 3546 considera
2641 3491 2726 3546 ubi
2749 3491 3120 3555 occulteutur;
3148 3491 3198 3544 in
3227 3490 3401 3544 medio
3430 3489 3700 3558 paradisi.

2092 3581 2223 3636 Nam
2251 3582 2393 3636 sicut
2421 3582 2743 3636 verberoncs
2771 3590 2822 3636 et
2851 3581 3038 3650 ingrati
3069 3579 3282 3652 quidam
3316 3581 3528 3646 famuli,
3562 3597 3701 3635 cum

2093 3688 2197 3726 non
2222 3673 2428 3742 possint
2455 3688 2512 3726 se
2543 3673 2607 3725 ab
2636 3673 2763 3726 hero
2792 3687 2890 3728 suo
2920 3674 3190 3728 occultare
3215 3715 3228 3738 ,
3259 3672 3360 3728 huc
3392 3683 3442 3726 et
3475 3673 3607 3726 illuc
3643 3674 3702 3730 in

2091 3767 2314 3837 angulos
2337 3765 2524 3820 domus
2549 3781 2764 3820 currere
2791 3765 2965 3819 solent
2988 3807 3002 3827 ,
3033 3775 3177 3820 metu
3213 3766 3417 3819 illorum
3443 3765 3702 3820 animum

2090 3859 2426 3921 contentiente
2457 3875 2468 3909 :
2504 3857 2573 3909 ita
2615 3865 2667 3909 et
2697 3856 2746 3909 hi
2787 3856 2986 3909 nullum
3018 3855 3346 3910 invenientes
3388 3855 3652 3926 effugium
3684 3898 3700 3921 ,

2095 3951 2146 4005 in
2179 3953 2290 4021 ipsa
2318 3951 2496 4014 domo,
2524 3949 2786 4018 paradiso,
2821 3952 3034 4018 inquam
3060 3991 3073 4011 ,
3103 3949 3548 4019 circumaguntur.
3577 3947 3703 4004 Nec

2089 4044 2291 4112 absque
2333 4041 2541 4096 ratione
2573 4049 2780 4108 tempus
2809 4042 3113 4110 assignatur
3141 4058 3154 4092 :
3189 4041 3464 4095 Audierant
3495 4040 3650 4122 enim
3680 4083 3706 4108 ,ἓ

2090 4133 2254 4206 inquit
2282 4173 2297 4198 ,
2319 4149 2490 4186 vorem
2522 4131 2727 4185 Domini
2760 4132 2853 4184 Dei
2885 4133 3249 4186 deambulantis
3287 4134 3336 4186 in
3365 4134 3614 4203 paradiso
3637 4135 3700 4188 in

2089 4226 2296 4279 meridie
2329 4225 2462 4279 :scd
2493 4234 2546 4278 ut
2575 4224 2748 4279 discas
2783 4225 2988 4280 Domini
3017 4226 3412 4294 benignitatem,
3442 4226 3587 4294 quod
3620 4243 3700 4284 ne

2090 4317 2356 4371 modicum
2398 4317 2611 4387 quidem
2637 4317 2902 4372 distulerit
2927 4361 2940 4382 ,
2969 4318 3061 4372 sed
3091 4335 3211 4372 mox
3236 4361 3250 4381 ,
3282 4331 3335 4372 ut
3369 4319 3494 4372 vidit
3533 4323 3696 4388 quod

2090 4409 2280 4466 factum
2306 4419 2441 4474 erat,
2471 4420 2524 4464 et
2549 4411 2740 4464 ulceris
2763 4411 3199 4480 magnitmlinem,
3224 4412 3287 4465 ad
3311 4413 3704 4481 epitulantlum

2087 4500 2414 4556 festinaverit
2438 4542 2452 4565 ,
2482 4509 2538 4556 ut
2580 4515 2645 4554 ne
2687 4501 2837 4555 ulcus
2867 4501 3162 4569 grassando
3194 4503 3343 4558 fieret
3383 4503 3702 4560 iitcuralnle

2087 4594 2316 4647 vulnus:
2351 4592 2549 4648 idcirco
2587 4602 2644 4646 ut
2671 4593 2962 4662 praeveniat
2989 4596 3290 4657 accelerat,
3330 4606 3384 4650 et
3422 4596 3702 4653 velociter

2086 4689 2347 4755 crescenti
2376 4688 2536 4743 ulceri
2568 4688 2748 4752 adest,
2777 4703 2840 4741 ac
2866 4704 2960 4756 pro
3003 4704 3096 4743 sua
3127 4688 3365 4744 bonitate
3405 4704 3578 4760 neque
3621 4693 3702 4748 ad

2087 4797 2304 4851 parvum
2336 4790 2541 4850 tempus
2566 4795 2594 4833 a
2616 4795 2740 4836 cura
2768 4795 2863 4834 sna
2894 4781 3035 4834 illum
3063 4780 3370 4836 destitutum
3401 4783 3698 4853 relinquit.

2086 4873 2216 4928 Nam
2251 4881 2444 4926 tantam
2479 4887 2584 4941 pra:
2612 4887 2670 4926 se
2696 4871 2894 4926 ferebat
2926 4872 3125 4926 rabiem
3149 4874 3555 4932 sumusnostra:
3586 4877 3702 4929 ini-

2087 4967 2270 5029 tnicus,
2305 4965 2396 5035 qui
2430 4980 2641 5033 semper
2665 4966 2862 5018 nostris
2893 4964 3042 5019 bouis
3071 4963 3298 5028 invidet,
3329 4975 3382 5018 ut
3411 4981 3541 5018 mox
3586 4969 3705 5021 sub

2088 5058 2299 5113 initium
2327 5058 2606 5116 moliretur
2632 5058 2884 5124 insidias,
2915 5068 2969 5114 et
3003 5073 3101 5111 suo
3130 5059 3424 5126 pernicioso
3449 5061 3706 5117 consilio

2087 5150 2230 5220 ipsos
2257 5148 2551 5203 admirabili
2580 5149 2665 5210 illa
2697 5149 2798 5203 vita
2828 5150 3080 5219 privaret.
3108 5148 3216 5205 Sed
3241 5149 3409 5203 solers
3434 5147 3528 5204 illc
3554 5154 3712 5206 arti--

2086 5242 2170 5296 fex
2207 5241 2368 5306 Deus,
2395 5242 2482 5310 qui
2509 5256 2604 5294 sua
2631 5240 2890 5309 sapientia
2912 5256 2998 5294 res
3029 5250 3236 5295 nostras
3262 5241 3540 5310 dispensat
3560 5285 3574 5304 ,
3605 5243 3700 5297 vi-

2084 5333 2217 5388 dens
2243 5333 2439 5388 diaboli
2467 5333 2872 5402 malignitatem,
2899 5343 2953 5388 et
2981 5334 3210 5389 hominis
3239 5335 3547 5404 segnitiem,
3579 5355 3700 5408 qua

2086 5442 2182 5496 per
2203 5427 2476 5481 mulierem
2497 5425 2771 5494 deceptus,
2791 5427 2842 5479 in
2862 5435 3058 5480 tantam
3082 5425 3265 5480 incidit
3285 5425 3701 5498 coniusnonein,

2087 5533 2210 5572 mox
2235 5517 2420 5579 adest,
2455 5526 2507 5571 ct
2545 5517 2694 5586 quasi
2724 5525 3030 5571 mansuetus
3058 5525 3112 5571 et
3146 5516 3406 5587 benignus
3430 5517 3606 5585 judex
3641 5521 3705 5576 in

2089 5609 2333 5665 tribunali
2363 5617 2565 5664 terrore
2601 5618 2654 5662 et
2682 5607 2903 5662 horrore
2931 5607 3087 5677 pleno
3114 5607 3302 5674 sedet,
3327 5617 3380 5663 et
3410 5611 3708 5665 examinat

2087 5701 2366 5772 diligenter
2392 5717 2403 5751 :
2428 5716 2521 5773 per
2552 5700 2651 5755 hoc
2690 5716 2788 5756 nos
2814 5699 3056 5757 docendo
3078 5739 3095 5768 ,
3139 5721 3206 5761 ne
3235 5715 3566 5773 congeneres
3602 5719 3710 5761 ιιυ-
