3796 6244
45 214 116 267 133
1144 208 1211 264 1N
1251 210 1399 266 CAP.
1443 208 1509 264 111

1144 208 1211 264 1N
1251 210 1399 266 CAP.
1443 208 1509 264 111
1549 208 1789 264 GENES.
1828 208 2059 266 IIOMIL.
2100 209 2260 267 XVII.

46 329 212 398 μάθητε
258 327 353 393 τὴν
380 324 589 392 ἄφατον
621 317 716 374 τοῦ
744 318 882 375 Θεοῦ
920 324 1356 391 συγκατάϐασιν,
1387 324 1685 394 ἀναγκαῖον

44 417 229 469 ἀκοῦσαι
268 414 377 465 τῶν
419 409 865 480 ἀνεγνωσμένων.
906 411 1013 487 Καὶ
1047 410 1346 479 ἤκουσαν,
1384 413 1539 482 φησὶ,
1576 412 1686 481 τῆς

46 501 211 571 ρων-ῆς
237 502 461 567 Κυρίου
483 498 592 551 τοῦ
633 496 781 550 Θεοῦ
806 500 1279 565 περιπατοῦντος
1303 502 1373 555 ἐν
1399 501 1477 566 τῷ
1500 515 1687 569 παρα-

46 590 185 653 δείσῳ
221 586 286 640 τὸ
318 584 611 650 δειλινὸν,
649 584 747 637 καὶ
789 584 1138 653 ἐκρύϐησαν
1168 587 1202 639 ὅ
1231 605 1294 640 τε
1331 588 1502 657 Ἀδὰμ
1535 587 1683 659 [154]

50 680 113 731 ιιιί
144 678 177 743 ἡ
219 674 373 745 γυνὴ
426 672 616 728 αὐτοῦ
654 672 775 727 ἀπὸ
808 674 1137 741 προσώπου
1172 676 1395 744 Κυρίου
1424 675 1495 728 ἐν
1518 676 1687 745 μέσῳ

50 766 121 819 τοῦ
149 762 333 827 ξύλου
362 758 474 816 τοῦ
520 760 915 829 παραδείσου.
957 762 1049 832 Μὴ
1085 762 1274 826 ἁπλῶς
1310 763 1685 834 παραδράμω-

50 871 132 921 μεν,
171 850 463 920 ἀγαπητοὶ,
502 848 571 902 τά
609 849 876 920 εἰρημένα
918 850 1069 920 παρὰ
1108 851 1207 920 τῆς
1256 850 1407 913 Θείας
1438 850 1682 921 Γραφῆς,

51 940 148 1009 μηδὲ
180 942 295 1001 ταῖς
326 938 538 1003 λέξεσιν
587 938 1057 1007 ἐναπομείνωμεν,
1104 939 1221 991 ἀλλ’
1263 937 1558 1009 ἐννοῶμεν,
1602 940 1684 991 ὅτι

48 1029 105 1079 (ῖιέ
120 1026 204 1095 τὴν
220 1025 511 1078 ἀσθένειαν
536 1023 637 1093 τὴν
658 1024 933 1095 ἡμετέραν
957 1027 991 1095 ή
1009 1026 1333 1097 ταπεινότης
1350 1025 1458 1081 τῶν
1484 1026 1684 1091 λέξεων

48 1116 258 1179 ipsum,
291 1114 388 1165 καὶ
419 1112 738 1182 θεοπρεπῶς
777 1112 991 1165 ἅπαντα
1023 1113 1234 1181 γίνεται
1261 1113 1349 1167 διὰ
1380 1116 1479 1184 τὴν
1510 1131 1684 1185 σωτη-

50 1206 133 1270 ρίαν
156 1202 243 1269 τὴν
267 1200 570 1271 ἡμετέραν.
606 1199 739 1251 Είπέ
770 1198 880 1270 γάρ
913 1217 1024 1269 μοι,
1057 1203 1105 1253 εἰ
1142 1200 1536 1271 βουληθείημεν
1559 1215 1586 1242 ιι
1615 1206 1681 1275 τῇ

52 1288 245 1356 προφορᾷ
265 1287 377 1339 τῶν
403 1287 666 1357 ῥημάτων
696 1286 1188 1357 κατακολουθῆσαι,
1221 1289 1316 1342 καὶ
1355 1290 1429 1359 μὴ
1456 1289 1683 1360 θεοπρε-

52 1376 129 1437 πῶς
164 1374 410 1427 ἐκλαϐεῖν
450 1374 518 1427 τά
561 1374 863 1443 λεγόμενα,
910 1374 1029 1437 πῶς
1074 1376 1134 1427 οὑ
1169 1375 1341 1428 πολλὰ
1388 1376 1578 1445 ἕψεται
1615 1377 1683 1430 τὰ

50 1468 203 1527 iam;
238 1462 371 1515 Ἰδοὺ
410 1462 518 1534 γάρ
543 1461 601 1526 ἐξ
628 1460 795 1514 αὑτοῦ
834 1462 926 1515 τοῦ
973 1463 1259 1532 προοιμίου
1292 1464 1400 1516 τῶν
1443 1465 1681 1532 ἀνεγνω-

52 1552 209 1619 τμένων
240 1550 635 1620 σκοπήσωμεν’
673 1549 782 1601 Καὶ
808 1548 1105 1617 ἥκουσαν,
1142 1552 1298 1621 φησὶ,
1337 1550 1446 1619 τῆς
1475 1551 1681 1621 φωνῆς

51 1640 218 1704 Ῐιίιοιόυ
238 1634 343 1690 τοῦ
371 1636 521 1690 Θεοῦ
551 1637 1023 1703 περιπατοῦντος
1043 1638 1113 1691 ἐν
1136 1637 1215 1703 τῷ
1242 1640 1585 1707 παραδείσῳ
1614 1640 1679 1692 τὸ

49 1724 277 1788 δειλινὸν,
300 1723 403 1777 καί
428 1724 795 1791 ἐκρύϐησαν.
819 1723 884 1776 Τί
912 1723 1091 1793 λέγεις
1111 1740 1125 1789 ;
1146 1725 1173 1778 ό
1198 1723 1329 1786 Θεὸς
1352 1743 1417 1778 πε
1428 1726 1676 1795 ριπατεῖ;

49 1815 108 1863 καὶ
127 1813 277 1876 πόδας
305 1812 458 1883 αὐτῷ
490 1811 856 1882 περιάψομεν;
878 1812 972 1864 καὶ
1002 1812 1152 1865 οὐδὲν
1173 1811 1375 1882 ὑψηλὸν
1404 1814 1468 1865 ἐκ
1490 1812 1677 1866 τούτου

46 1902 348 1970 ἐναιοήσομενς
387 1900 463 1954 Οὑ
489 1902 785 1971 περιπατεῖ
805 1900 833 1953 6
857 1899 990 1963 Θεός
1014 1916 1028 1932 ·
1062 1898 1137 1970 μὴ
1161 1900 1385 1968 γένοιτο.
1422 1900 1547 1963 Πῶς
1571 1900 1680 1973 γὰρ

49 1992 103 2049 ἐν,
128 1986 444 2058 ἁπανταχοῦ
478 1987 669 2059 παρὼν
703 1987 797 2041 καὶ
834 1986 903 2040 τά
933 1986 1109 2041 πάντα
1150 1987 1413 2059 πληρῶν;
1443 1983 1503 2043 οὗ
1535 1990 1563 2041 6
1590 1989 1681 2043 ού-

48 2077 165 2140 έπνὸς
207 2074 419 2146 θρόνος,
449 2077 483 2145 ή
519 2076 575 2129 δὲ
606 2075 679 2145 γῆ
723 2076 1034 2138 ὑποπόδιον,
1072 2068 1227 2139 οὗτος
1262 2075 1339 2145 τῷ
1368 2076 1680 2148 παραδείσῳ

48 2164 417 2233 ἐέλπεριέχεταις
441 2163 555 2217 Καὶ
577 2164 659 2225 τίς
684 2162 857 2217 ταῦτα
878 2163 943 2217 ἂν
965 2162 1110 2217 εἴποι
1133 2164 1241 2217 τῶν
1263 2164 1385 2217 νοῦν
1410 2165 1641 2234 ἐχόντων
1662 2181 1675 2229 ;

50 2250 87 2298 Ti
106 2246 181 2303 οὖν
207 2254 319 2304 ἐστι
340 2251 427 2315 τὸ,
447 2253 760 2307 Ἤκουσαν
784 2250 893 2319 τῆς
914 2250 1124 2320 φωνῆς
1147 2253 1369 2320 Κυρίου
1397 2252 1501 2306 τοῦ
1531 2252 1678 2306 Θεοῦ

50 2337 470 2403 περιπατοῦντος
484 2339 554 2392 ἐν
570 2338 652 2404 τῷ
670 2338 1012 2407 παραδείσῳ
1029 2338 1098 2390 τὸ
1116 2337 1403 2403 δειλινόν;
1416 2339 1677 2409 Αἴσθησιν

52 2427 183 2487 23:02;
211 2426 469 2497 τοιαύτην
514 2425 789 2497 ἠϐουλήθη
824 2429 1149 2497 παρασχεῖν,
1195 2428 1282 2481 ἵνα
1324 2429 1407 2491 είς
1436 2429 1678 2496 ἀγωνίαν

50 2515 195 2575 αὐτοὺς
228 2514 446 2585 ἐμϐάλῃ
468 2531 483 2546 ⁶
511 2514 541 2568 6
567 2514 632 2585 δὴ
661 2516 755 2568 καὶ
782 2514 992 2583 γέγονε.
1024 2515 1307 2585 Τοσαύτην
1335 2515 1441 2587 γὰρ
1468 2516 1624 2587 ἔσχον
1649 2518 1677 2557 b

50 2602 114 2667 τὴν
138 2602 404 2672 αἴσθησιν,
437 2603 514 2666 ὡς
541 2603 635 2656 τοῦ
672 2602 808 2655 Θεοῦ
842 2604 1287 2674 παραγενομένου
1336 2604 1677 2676 κρύπτεσθαι

49 2689 308 2763 ἐπιχειρεῖν.
336 2690 660 2761 Ἐπεισῆλθε
687 2692 795 2763 γὰρ
827 2694 860 2761 ή
887 2692 1129 2763 ἁμαρτία
1157 2693 1249 2745 καὶ
1279 2695 1311 2764 ή
1342 2694 1675 2764 παράϐασις,

48 2778 112 2827 καὶ
136 2778 528 2849 κατεσκεδάσθη
560 2780 742 2842 αὑτοῖς
769 2781 801 2850 ή
837 2779 1090 2850 αἰσχύνη.

104 2864 150 2916 '0
176 2866 275 2937 γὰρ
308 2867 612 2930 ἀδέκαστος
645 2866 936 2940 δικαστὴς,
972 2868 1032 2921 τὸ
1071 2867 1308 2931 συνειδὸς
1340 2868 1513 2935 λέγω,
1546 2886 1679 2923 κατ-

48 2952 420 3025 εξινιστάμενος
448 2954 677 3027 λαμπρᾷ
717 2959 783 3027 τῇ
826 2960 976 3027 φωνῇ
1020 2956 1182 3019 ἐϐόα,
1229 2958 1325 3010 καὶ
1359 2958 1674 3029 κατηγόρει,

49 3041 113 3089 nl
136 3041 352 3105 ἐδείκνυ,
390 3043 487 3095 καὶ
531 3042 729 3096 ὡσανεὶ
762 3045 872 3115 πρὸ
909 3044 1016 3097 τῶν
1046 3043 1339 3115 ὀφθαλμῶν
1364 3045 1678 3116 ὑπέγραφεν

49 3129 184 3191 αὑτοῖς
204 3128 308 3182 τῶν
326 3129 748 3201 ἁμαρτημάτων
784 3130 845 3183 τὸ
889 3130 1137 3201 μέγεθος.
1195 3132 1292 3185 Διά
1324 3131 1481 3185 τοῦτο
1512 3131 1621 3203 γάρ
1650 3135 1679 3186 6

52 3216 378 3287 ςιὶάνθρωπος
423 3219 698 3287 Δεσπότης
736 3218 945 3272 ἀνωθεν
988 3221 1082 3273 καὶ
1122 3220 1186 3273 ἐκ
1226 3221 1526 3291 προοιμίων
1564 3221 1679 3276 δια-

52 3303 244 3358 τὰάττων
272 3306 368 3359 τὸν
417 3305 722 3376 ἄνθρωπον,
751 3304 811 3361 τὸ
844 3308 1083 3371 συνειδὸς
1125 3308 1273 3377 αύτῷ
1311 3308 1523 3363 ἐνέθετο
1550 3327 1679 3363 κατ-

49 3392 196 3460 ήγορον
215 3393 579 3458 ἀδιάλειπτον,
604 3395 1069 3467 παραλογισθῆναι
1097 3395 1171 3467 μὴ
1204 3396 1517 3467 δυνάμενον,
1545 3397 1677 3467 μηδὲ

48 3478 211 3549 ἀπάτην
238 3481 535 3552 ὑπομεῖναί
570 3498 718 3537 ποτε.
766 3483 927 3536 Ἀλλά
964 3483 1065 3537 κᾶν
1106 3485 1313 3548 πάντας
1356 3485 1677 3556 ἀνθρώπους

48 3565 179 3619 λαϐεῖν
200 3586 279 3631 τις
314 3567 573 3640 δυνηθείη
605 3570 702 3640 τὴν
736 3570 1008 3641 ἁμαρτίαν
1040 3572 1412 3643 ἐργασάμενος
1448 3574 1543 3626 καὶ
1587 3574 1676 3645 τὴν

50 3652 195 3707 Ξτςπον
228 3657 430 3728 πρᾶξιν
476 3657 824 3721 ἐπιτελέσας,
862 3662 1067 3713 ἐκεῖνον
1109 3661 1194 3713 τὸν
1240 3662 1543 3733 κατήγορον
1580 3674 1675 3715 Λα-

47 3739 121 3791 M»
148 3745 197 3795 ού
219 3745 471 3809 δύναται,
506 3745 642 3798 ἀλλά
670 3746 1019 3818 περιέρχεται
1052 3747 1314 3819 διηνεκῶς
1339 3748 1499 3803 αὐτὸν
1531 3749 1676 3804 ἔνδον

48 3829 144 3895 {tm
170 3833 485 3903 ἐνοχλοῦντα
506 3874 523 3899 ,
567 3832 990 3901 καταξαίνοντα,
1024 3834 1384 3906 μαστίζοντα,
1425 3835 1677 3890 οὐδέποτε

50 3916 338 3987 ἱρεμοῦντα,
375 3921 515 3974 άλλά
556 3923 652 3974 καὶ
692 3923 751 3974 ἐν
788 3924 984 3995 ἀγορᾷ,
1026 3926 1121 3978 καὶ
1160 3926 1219 3978 ἐν
1251 3924 1546 3993 συλλόγοις,
1584 3927 1677 3980 καὶ

50 4003 84 4051 ἑό
110 4008 351 4080 τραπέζῃ,
398 4009 493 4062 καὶ
527 4009 861 4074 καθεύδοντι,
892 4013 986 4065 καὶ
1019 4012 1419 4083 διανισταμένῳ
1440 4013 1675 4067 ὲπιτιθέυ

52 4111 186 4161 μενον,
229 4100 323 4150 καὶ
362 4097 524 4167 δίκην
567 4099 903 4153 ἀπαιτοῦντα
953 4100 1062 4154 τῶν
1104 4101 1674 4172 πεπλημμελημένων,

52 4184 111 4231 κιὶ
136 4185 211 4236 ὑπ’
239 4187 367 4255 δψιν
394 4187 599 4254 ἀγοντα
622 4187 716 4239 καὶ
737 4187 848 4240 τῶν
872 4189 1275 4260 ἡμαρτημένων
1293 4190 1393 4262 τὴν
1422 4190 1672 4257 ἀτοπίαν,

54 4272 112 4321 ιιὶ
254 4275 537 4344 ἑπομένην
574 4274 722 4345 αύτῷ
759 4275 1015 4331 κόλασιν.
1063 4278 1157 4330 καὶ
1190 4277 1441 4350 καθάπερ
1495 4280 1676 4350 ἰατρὸς

54 4358 211 4424 ἄριστος
232 4362 292 4414 ού
322 4360 562 4414 παύεται
592 4362 661 4416 τὰ
698 4363 829 4434 παρ’
863 4362 1059 4416 ἐαυτοῦ
1100 4365 1366 4435 φάρμακα
1392 4366 1673 4432 ἐπιτιθείς·

56 4446 117 4495 ιὶν
153 4450 224 4520 ίδῃ
273 4449 722 4519 διακρουόμενον,
769 4451 891 4504 οὑδὲ
939 4449 1113 4515 οῦτως
1164 4454 1488 4522 ἀφίσταται,
1540 4455 1676 4510 ἀλλά

56 4530 213 4603 λεγεκῆ
257 4536 359 4606 τὴν
409 4536 727 4606 ἐπιμέλειαν
751 4541 1007 4592 ποιεῖται.

96 4620 143 4685 β’.
166 4624 327 4677 Τοῦτο
348 4624 463 4695 γὰρ
495 4623 661 4677 αὐτοῦ
694 4625 874 4696 ἔργον,
917 4626 1260 4680 ἀδιάλειπτον
1302 4628 1600 4699 ὑπόμνησιν
1647 4642 1668 4671 ε

60 4704 249 4770 ἐξάγειν,
270 4710 367 4761 καὶ
396 4709 471 4778 μή
493 4712 793 4779 συγχωρεῖν
816 4709 965 4779 αὐτῷ
988 4709 1157 4781 λήθην
1182 4712 1313 4763 ποτὲ
1341 4713 1671 4782 ποιήσασθαι

59 4789 118 4838 πέγδ
144 4793 537 4862 εἰργασμένων,
571 4791 685 4844 ἀλλ’
718 4793 809 4844 ὑπ’
843 4793 965 4862 δψιν
1005 4793 1152 4864 αὐτῷ
1188 4794 1415 4854 τιθέναι,
1454 4796 1539 4848 ίνα
1570 4799 1673 4853 κᾶν

62 4873 169 4943 αὐτη
192 4876 588 4948 ὁκνηροτέρους
613 4877 760 4946 ἡμᾶς
791 4878 1090 4947 ἐργάσηται
1119 4877 1252 4947 πρὸς
1275 4878 1335 4930 τὸ
1354 4882 1466 4944 τοῖς
1492 4882 1671 4947 αὐτοῖς

61 4964 330 5022 ιῖριπεπεῖν.
354 4961 420 5013 Εἰ
439 4960 551 5031 γὰρ
575 4962 670 5014 καὶ
691 4961 789 5031 τὴν
820 4961 1069 5014 ἐντεῦθεν
1090 4961 1303 5031 ἔχοντες
1334 4965 1670 5035 συμμαχίαν,

64 5040 112 5089 ιιὶ
132 5044 213 5111 τήν
229 5044 337 5096 ἀπὸ
357 5044 455 5096 τοῦ
475 5044 776 5108 συνειδότος
793 5043 1064 5113 βοήθειαν,
1079 5045 1281 5098 καὶτὸν
1306 5046 1531 5116 σφοδρὸν
1550 5047 1673 5100 τοῦ·

63 5136 109 5171 m
121 5128 405 5197 κατήγορον
420 5127 786 5197 ἐπικείμενον,
802 5128 895 5181 καὶ
910 5127 1236 5200 μαστίζοντα
1251 5129 1405 5197 ἡμῶν
1424 5130 1484 5182 τὸ
1499 5146 1672 5184 συνει-

66 5202 121 5265 δς.
147 5210 529 5275 καταξαίνοντα
559 5210 660 5279 τὴν
686 5212 933 5282 καρδίαν,
961 5210 1110 5283 [135]
1134 5212 1228 5265 καὶ
1246 5212 1441 5281 δημίου
1474 5212 1673 5276 παντὸς

65 5286 289 5361 ιαρύτερον
322 5292 735 5363 ἐπικείμενονά,
764 5293 883 5346 ούδέ
902 5293 1073 5356 οὕτως
1100 5295 1147 5345 οἰ
1165 5292 1347 5346 πολλοὶ
1372 5293 1471 5363 τῆς
1505 5294 1672 5364 ρᾳθυ-

67 5370 141 5433 ιίας
163 5374 548 5447 περιγινόμεθα
567 5392 582 5405 ·
621 5378 669 5428 εἰ
702 5376 777 5446 μὴ
800 5376 1000 5447 ταύτην
1026 5375 1244 5447 εῐχομεν
1270 5375 1367 5447 τὴν
1395 5375 1668 5447 βοήθειαν,

67 5451 118 5503 οὗ
148 5458 233 5508 οὐκ
268 5457 335 5510 ἂν
364 5457 574 5527 ταχέως
614 5457 1023 5529 ἐξωκείλαμεν;
1077 5459 1175 5512 Διά
1203 5475 1282 5510 τοι
1331 5457 1490 5511 τοῦτο
1520 5460 1615 5512 καὶ
1643 5462 1672 5514 ό

90 5583 108 5609 ⁸
142 5588 305 5657 Μίμεί
470 5589 559 5657 γάρ
608 5588 957 5657 βουληθείημεν.
1269 5593 1320 5635 el
1359 5587 1500 5634 multi
1550 5602 1665 5657 ωδε.

72 5641 188 5703 inm
215 5641 398 5711 ,ἐπειδὴ
441 5641 545 5710 γάρ¹
571 5641 791 5711 τοιαύτην
815 5641 975 5711 ἔσχον.
1025 5649 1129 5696 Mox
1162 5647 1315 5711 ,ἱὶὁεξῃι
1344 5652 1668 5711 παραγενομέ-

71 5716 118 5759 lu,
151 5709 790 5773 x9§1zgzqﬂm_é1§ty_e:906mv
837 5709 1081 5767 ἐπεισῆλθε
1112 5710 1218 5773 γάρ.
1251 5709 1359 5757 Mox
1389 5710 1509 5773 Heg.
1540 5709 1664 5762 unus

72 5771 390 5833 ιτετχείιάσθη.
436 5770 565 5819 ῐιιΐτέ
606 5770 689 5820 {Ilii
729 5774 919 5830 ἀνεϐόα,
962 5778 1014 5819 ει
1038 5784 1148 5818 mox
1180 5770 1562 5833 άμαρτηθέντων.
1635 5776 1657 5804 ο

73 5809 224 5895 πη.Ιῇ
246 5809 494 5895 ocgojmsa.
520 5834 654 5895 ἔργον
676 5834 730 5881 τὸ
753 5810 1068 5895 ἀδιάλέιπτον,
1092 5809 1372 5895 ὑπόμῖτῖάινί
1399 5831 1451 5895 In
1481 5832 1652 5895 Morel.

73 5887 229 5940 ideest.
292 5887 558 5953 dQualuoi'
580 5887 694 5945 inss.
738 5893 957 5946 elSavil.
1006 5887 1648 5959 βαρύτερονέπεμϐαίνοντα.

3354 224 3459 280 136

1790 329 2211 412 πρωτόπλαστος
2265 326 2361 383 νῦν
2407 330 2659 402 αἴσθησιν
2691 332 2869 386 λαϐὼν
2916 335 3192 408 τοιαύτην,
3240 339 3335 392 καὶ
3364 340 3463 412 τὴν

1790 410 2093 489 παρουσίαν
2126 410 2219 463 τοῦ
2262 412 2534 466 Δεσπότου
2578 415 2865 485 ἐννοήσας,
2900 417 3098 480 εὐθέως
3138 410 3457 489 κρύπτεται.

1789 484 1947 569 Τίνος
1974 487 2180 569 ἕνεκεν,
2217 490 2337 542 εἰπέ
2371 508 2490 560 μοι;
2527 484 2743 563 Ἐπειδὴ
2772 492 2916 565 ἐώρα
2949 484 3342 569 σφώρὸνάὐτῷ
3370 500 3461 553 τδν

1788 568 2093 649 κατήγορον
2137 568 2452 637 ἐφεστῶτα,
2486 572 2548 624 τὸ
2604 572 2841 637 συνειδὸς
2889 574 3051 643 λέγω.
3100 568 3319 632 Οὐδένα
3354 580 3463 649 γὰρ

1787 644 1974 716 ἕτερον
2024 644 2138 717 εἷχε
2194 650 2288 701 τὸν
2339 650 2686 720 διελέγχοντα
2740 655 2832 706 καὶ
2867 655 3118 724 μάρτυρα
3170 657 3298 709 ὄντα
3350 644 3462 711 τῶν

1787 725 2187 795 ἐπταισμένων,
2212 728 2326 781 ἀλλ’
2353 731 2555 783 ἐκεῖνον
2585 732 2762 801 μόνον,
2787 734 2846 785 ὃν
2877 733 3087 786 ἔνδοθεν
3115 736 3458 805 περιέφερεν.

1792 805 2001 885 ’ξᾹλλως
2041 806 2098 858 δὲ
2131 808 2272 877 μετὰ
2312 810 2410 879 τῆς
2454 810 2547 862 τοῦ
2583 812 2878 876 συνειδότος
2915 816 3252 883 κατηγορίας
3295 816 3390 868 καὶ
3426 817 3459 885 ἡ

1785 883 2076 955 ἀφαίρεσις
2105 886 2204 956 τῆς
2227 887 2383 957 δόξης
2412 890 2511 958 τῆς
2542 890 2805 964 πρότερον
2828 893 3022 956 αὐτοὺς
3051 893 3301 964 καθάπερ
3336 883 3462 964 ἰμάέ

1787 982 1899 1018 τιον
1931 966 2179 1036 λαμπρὸν
2219 968 2676 1038 περιστελλούσης
2709 968 2982 1023 ἐδίδασκεν
3014 972 3211 1034 αὐτοὺς
3238 972 3323 1025 διὰ
3361 974 3461 1042 τῆς

1788 1046 2124 1121 γυμνότητός
2178 1048 2276 1117 τῆς
2323 1048 2598 1119 ἁμαρτίας
2639 1045 2707 1120 ἦς
2739 1048 3064 1120 εἰργάσαντο
3109 1051 3168 1103 τὸ
3210 1052 3457 1121 μέγεθος.

1798 1123 1953 1176 Ἐπεὶ
1981 1118 2073 1177 οὖν
2120 1125 2258 1195 μετά
2300 1126 2397 1197 τὴν
2428 1118 2700 1199 ἁμαρτίαν
2741 1118 2956 1199 ἐκείνην
2987 1128 3084 1199 τὴν
3116 1118 3356 1201 χαλεπήν
3380 1133 3462 1184 αἰ-

1788 1203 1959 1277 σχύνῃ
1992 1207 2446 1277 περιεϐλήθησαν,
2487 1208 2826 1279 κρύπτεσθαι
2878 1210 3213 1279 ἐπεχείρουν.
3254 1212 3460 1265 Ἤκου-

1785 1300 1907 1338 σαν
1946 1285 2074 1357 γὰρ,
2120 1289 2273 1357 φησὶ,
2323 1287 2430 1355 τῆς
2458 1290 2663 1357 φωνῆς
2700 1291 2920 1356 Κυρίου
2958 1290 3064 1343 τοῦ
3112 1290 3260 1344 Θεοῦ
3298 1310 3463 1359 περι-

1785 1363 2123 1431 πατοῦντος
2159 1368 2228 1420 ὲν
2265 1366 2345 1432 τῷ
2378 1368 2720 1435 παραδείσῳ
2752 1368 2819 1420 τὸ
2847 1368 3131 1434 δειλινὸν,
3167 1369 3261 1422 καὶ
3291 1369 3461 1439 ἐκρύ·

1786 1444 1982 1511 ϐησαν
2004 1444 2037 1497 ὅ
2064 1461 2127 1498 τε
2162 1446 2332 1515 Ἀδὰμ
2370 1450 2468 1500 καὶ
2499 1448 2537 1514 ἠ
2571 1447 2725 1516 γυνὴ
2759 1447 2946 1501 αὑτοῦ
2990 1447 3108 1502 ἀπὸ
3138 1449 3461 1517 προσώπου

1786 1522 2008 1593 Κυρίου
2026 1524 2134 1578 τοῦ
2153 1525 2301 1579 Θεοῦ
2315 1526 2563 1595 ἐνμέσῳ
2580 1528 2684 1580 τοῦ
2702 1528 3093 1594 παραδείσου.

1853 1614 2018 1667 Οὐδὲν
2044 1615 2320 1686 ἁμαρτίας
2343 1620 2542 1686 χεῖρον,
2579 1617 2829 1686 ἀγαπητέ
2853 1634 2867 1646 θ
2915 1617 3051 1687 αῦτη
3077 1616 3186 1690 γὰρ
3216 1614 3461 1669 ἐπεισελ-

1784 1690 1952 1746 θοῦσα
1979 1696 2040 1747 οὑ
2065 1695 2225 1764 μόνον
2247 1697 2509 1768 αἰσχύνης
2526 1699 2672 1769 ἡμᾶς
2693 1697 2909 1767 πληροῖ,
2928 1696 3062 1750 ἀλλὰ
3082 1698 3175 1751 καὶ
3204 1699 3462 1768 ἀνοήτους

1782 1772 2073 1843 ἐργάζεται
2089 1776 2217 1838 τοὺς
2231 1777 2496 1847 πρότερον
2518 1778 2794 1841 συνετοὺς,
2816 1778 2910 1830 καὶ
2939 1778 3129 1846 σοφίας
3146 1777 3342 1848 πολλῆς
3366 1794 3462 1829 πε-

1783 1852 1889 1924 πλη
1899 1853 2482 1926 ρωμένους.Ἐννόησον
2508 1857 2617 1926 γάρ
2636 1874 2727 1925 μοι
2749 1856 2889 1926 πόσῃ
2906 1858 2971 1926 τῇ
2994 1856 3147 1927 ἀνοίᾳ
3161 1856 3343 1909 λοιπὸν
3365 1856 3459 1909 κέ-

1782 1949 1980 2003 χρηται
1998 1934 2027 1985 6
2051 1940 2316 2005 τοσαύτης
2339 1936 2579 2004 μετέχων
2604 1935 2797 2004 σοφίας
2823 1934 2929 2005 πρὸ
2949 1934 3161 1997 τούτου,
3189 1936 3217 1986 6
3241 1933 3330 1987 διὰ
3353 1934 3461 1987 τῶν

1784 2013 2124 2082 πραγμάτων
2146 2014 2277 2084 ἡμῖν
2311 2014 2409 2085 τὴν
2446 2014 2887 2085 παρασχεθεῖσαν
2929 2012 3079 2083 αύτῷ
3113 2013 3305 2080 σοφίαν
3339 2016 3460 2066 ἐπι-

1780 2091 2144 2161 δεικνύμενος,
2162 2096 2190 2145 ό
2206 2093 2430 2146 τοιαῦτα
2448 2092 2848 2165 προφητεύσαςο
2868 2092 3167 2158 Ἀκούσας,
3183 2092 3337 2163 φησὶ,
3351 2091 3463 2165 τῆς

1779 2170 1985 2239 φωνῆς
2007 2172 2230 2239 Κυρίου
2267 2172 2373 2227 τοῦ
2408 2174 2554 2227 Θεοῦ
2583 2172 3054 2240 περιπατοῦντος
3081 2171 3151 2223 ἐν
3180 2169 3259 2235 τῷ
3278 2188 3463 2241 παρα-

1779 2250 1960 2316 δείσῳ
1974 2252 2039 2304 τὸ
2057 2251 2340 2318 δειλινὸν,
2359 2251 2578 2321 ἐκρύϐη
2598 2252 2779 2317 αὐτὸς
2799 2249 2893 2304 καί
2912 2251 2950 2318 ἡ
2974 2249 3128 2319 γυνὴ
3142 2250 3327 2305 αὑτοῦ
3343 2249 3461 2305 ἀπὸ

1779 2333 2102 2399 προσώπου
2130 2334 2351 2401 Κυρίου
2376 2333 2482 2388 τοῦ
2520 2333 2668 2387 Θεοῦ
2695 2332 2765 2385 ἐν
2785 2330 2955 2401 μέσῳ
2989 2329 3098 2383 τοῦ
3125 2330 3316 2394 ξύλου
3354 2332 3461 2385 τοῦ

1779 2412 2171 2480 παραδείσου.
2198 2412 2379 2485 Πόσης
2395 2415 2495 2466 οὑκ
2518 2412 2584 2466 ἀν
2600 2414 2685 2484 εἴη
2703 2410 2862 2464 τοῦτο
2890 2411 3092 2475 ἀνοίας,
3110 2411 3201 2463 τὸν
3226 2410 3357 2464 Θεὸν
3372 2412 3462 2465 τόν

1780 2492 2055 2563 πανταχοῦ
2079 2494 2342 2564 παρόντα,
2361 2495 2453 2548 τὸν
2475 2497 2679 2565 Δημιου
2690 2494 2835 2563 ργὸν,
2856 2493 2948 2545 τὸν
2971 2493 3079 2546 ἀπὸ
3098 2492 3193 2545 τοῦ
3217 2492 3291 2563 μὴ
3312 2492 3463 2556 ὄντος

1778 2574 1859 2633 εἰς
1890 2571 1951 2625 τὸ
1976 2569 2113 2625 εἶναι
2148 2572 2217 2626 τὰ
2242 2573 2420 2626 πάντα
2464 2573 2879 2646 παραγαγόντα,
2914 2572 3009 2626 τὸν
3038 2572 3106 2625 τὰ
3132 2572 3462 2625 λανθάνοντα

1778 2654 2164 2724 ἐπιστάμενον,
2194 2654 2286 2706 τὸν
2311 2654 2595 2708 πλάσαντα
2626 2654 2941 2723 καταμόνας
2968 2653 3069 2716 τὰς
3097 2652 3325 2722 καρδίας
3351 2653 3461 2706 τῶν

1778 2733 2103 2805 ἀνθρώπων,
2137 2736 2232 2788 καὶ
2262 2734 2513 2787 συνιέντα
2541 2735 2619 2796 εἰς
2656 2734 2835 2787 πάντα
2863 2732 2932 2785 τά
2968 2733 3105 2803 ἔργα
3134 2734 3336 2800 αὐτῶν,
3368 2732 3461 2785 τὸν

1779 2813 2040 2878 ὲτάζοντα
2085 2814 2313 2886 καρδίας
2360 2814 2453 2867 καὶ
2485 2814 2738 2883 νεφροὺς,
2772 2813 2861 2866 τὸν
2893 2812 3034 2866 αύτά
3073 2812 3143 2866 τά
3181 2814 3461 2884 κινήματα

1778 2895 1877 2965 τῆς
1901 2894 2130 2965 καρδίας
2152 2895 2311 2965 ἡμῶν
2347 2894 2730 2965 ἐπιστάμενον,
2765 2892 2953 2945 τοῦτον
2986 2892 3327 2965 κρύπτεσθαι
3356 2894 3460 2945 ἐπ⁸

1779 2974 2055 3044 εχείρουν;
2088 2974 2249 3026 Ἀλλὰ
2280 2974 2355 3044 μὴ
2394 2971 2703 3043 θαυμάσῃς,
2742 2971 3025 3041 ἀγαπητέ·
3060 2972 3304 3025 τοιοῦτον
3349 2972 3460 3043 γὰρ

1777 3053 1886 3106 τῶν
1916 3053 2338 3126 ἁμαρτανόντων
2360 3053 2418 3105 τὸ
2444 3052 2563 3115 ἔθος
2582 3068 2594 3082 ⁸
2624 3052 2727 3105 κάν
2758 3051 2832 3122 μὴ
2856 3051 3120 3105 δύνωνται
3153 3052 3457 3115 λανθάνειν,

1777 3135 1927 3203 ὅμως
1966 3131 2326 3197 σπουδάζουσι
2369 3131 2672 3185 λανθάνειν.
2706 3132 2828 3183 Ὀτι
2854 3130 2964 3203 γὰρ
2997 3132 3059 3184 οὑ
3088 3131 3340 3202 φέροντες
3360 3131 3460 3204 τὴν

1779 3213 2039 3285 αἰσχύνην
2084 3215 2153 3284 ἢν
2188 3212 2328 3283 μετά
2368 3214 2468 3283 τὴν
2516 3211 2794 3282 ἁμαρτίαν
2844 3212 3071 3274 ἑαυτοὺς
3111 3211 3456 3281 περιέϐαλον,

1778 3295 2163 3365 γυμνώσαντες
2208 3294 2436 3356 ἑαυτοὺς
2475 3292 2579 3362 τῆς
2627 3292 2907 3360 ἀφθάρτου
2932 3302 2956 3330 ο
3011 3291 3170 3362 δόξης
3206 3292 3454 3363 ἐκείνης.

1776 3375 1934 3428 τοῦτο
1963 3375 2199 3436 ἐποίουν,
2226 3371 2399 3427 ἐννόει
2422 3373 2519 3426 καὶ
2547 3371 2651 3425 ποῦ
2687 3372 3049 3440 κρύπτονταιο
3094 3374 3152 3424 ἐν
3187 3373 3336 3443 μέσῳ
3363 3374 3458 3427 τοῦ

1778 3455 2133 3527 παραδείσου.
2172 3452 2441 3521 Καθάπερ
2474 3451 2581 3523 γάρ
2624 3452 2907 3521 μαστιγίαι
2934 3451 3081 3515 τινὲς
3106 3454 3200 3505 καὶ
3222 3454 3457 3517 οἰκέται,

1779 3534 2114 3605 ἀγνώμονες,
2145 3534 2207 3586 οὑ
2252 3532 2541 3602 δυνάμενοι
2587 3530 2770 3584 λαθεῖν
2804 3531 2896 3584 τὸν
2926 3533 3126 3585 οἰκεῖον
3166 3532 3454 3603 δεσπότην,

1778 3609 1880 3670 ὧδε
1906 3617 2130 3669 κάκεῖσε
2160 3612 2285 3683 περ)⁵
2307 3612 2405 3676 τὰς
2436 3614 2637 3681 γωνίας
2662 3610 2754 3664 τοῦ
2784 3611 2935 3665 οἴκου
2966 3613 3310 3684 περιτρέχειν
3344 3616 3459 3667 ἐπι-

1779 3696 2041 3768 χειροῦσι,
2069 3694 2162 3747 τοῦ
2206 3692 2370 3762 φόϐου
2417 3692 2801 3768 κατασείρντος
2835 3692 3013 3745 αὐτῶν
3046 3694 3145 3764 τὴν
3183 3694 3451 3747 διάνοιαν·

1777 3764 1878 3830 τὸν.
1923 3775 2086 3829 αὑτὸν
2126 3774 2193 3844 δή
2245 3773 2447 3843 τρόπον
2488 3770 2583 3823 καὶ
2615 3764 2763 3823 οῦτοι
2811 3770 3066 3841 οὐδεμίαν
3108 3773 3455 3843 εὑρίσκοντες

1777 3855 2088 3926 ἀποφυγὴν,
2116 3856 2172 3907 ἐν
2198 3851 2347 3921 αὑτῷ
2385 3850 2462 3920 τῷ
2483 3851 2614 3921 οἴκῳ
2646 3850 3121 3921 περιστρέφονται,
3143 3851 3288 3904 τοῦτ’
3308 3851 3457 3908 ἐστιν

1778 3941 1835 3991 ἐν
1874 3938 1952 4009 τῷ
1980 3932 2316 4005 παραδείσῳ.
2353 3933 2466 4001 Οὐχ
2506 3930 2692 3993 ἀπλῶς
2723 3928 3127 4009 δένπρόσκειται
3168 3934 3196 3985 6
3226 3932 3452 4005 καιρός·

1782 4020 2087 4074 Ἤκουσαν
2116 4015 2256 4086 γὰρ,
2300 4013 2467 4083 φησι,
2505 4011 2617 4080 τῆς
2649 4008 2854 4080 φωνῆς
2889 4011 3111 4079 Κιρίου
3150 4008 3256 4065 τοῦ
3305 4012 3456 4066 Θεοῦ

1779 4096 2251 4168 περιπατοῦντος
2272 4094 2341 4147 ἐν
2361 4092 2442 4157 τῷ
2469 4091 2811 4159 παραδείσῳ
2833 4091 2898 4143 τὸ
2922 4090 3208 4145 δειλινόν·
3230 4090 3343 4144 ἀλλ’
3369 4093 3454 4146 ἵνα

1782 4181 1958 4252 μάθῃς
1979 4177 2071 4231 τοῦ
2095 4176 2365 4229 Δεσπότου
2392 4174 2489 4242 τὴν
2514 4170 2945 4252 φιλανθρωπίαν,
2969 4171 3049 4224 ὅτι
3077 4171 3195 4224 οὐδὲ
3225 4170 3371 4244 [156]
3394 4174 3455 4225 τὸ

1777 4248 1939 4329 τυχόν
1980 4255 2297 4317 ἀνεϐάλετο,
2334 4254 2448 4308 ἀλλ’
2487 4253 2687 4315 εὐθέως
2718 4248 2824 4303 εἶδε
2854 4252 2915 4303 τὸ
2955 4252 3197 4319 γεγονὸς,
3236 4253 3331 4305 καὶ
3358 4254 3453 4306 τοῦ

1776 4340 1968 4402 ἕλκους
1995 4338 2055 4390 τὸ
2088 4336 2340 4408 μέγεθος,
2369 4335 2463 4387 καὶ
2496 4334 2589 4385 ἐπὶ
2617 4332 2715 4403 τὴν
2762 4332 3005 4401 ἰατρείαν
3044 4331 3328 4397 ἔσπευσεν,
3366 4334 3471 4387 ἵνα

1779 4419 1854 4491 μὴ
1888 4418 2058 4489 νομὴν
2079 4416 2454 4488 ἐργασάμενον
2486 4413 2547 4464 τὸ
2584 4411 2764 4491 ἐλκος,
2792 4411 3008 4465 ἀνίατον
3030 4411 3091 4464 τὸ
3112 4413 3333 4483 τραῦμα
3356 4432 3454 4467 κα-

1775 4498 2090 4567 τασκευάσῃ
2114 4511 2125 4523 ·
2156 4495 2245 4547 διὰ.
2272 4492 2429 4546 τοῦτο
2458 4490 3009 4563 προκαταλαμϐάνειν
3036 4492 3336 4560 ἐπείγεται,
3360 4497 3451 4547 καὶ

1776 4578 1977 4639 εὐθέως
2011 4574 2147 4647 πρὸς
2196 4573 2293 4642 τὴν
2331 4572 2504 4642 νομὴν
2546 4569 2641 4623 τοῦ
2688 4569 2879 4632 ’ἐλκους
2916 4569 3153 4636 ἵσταται,
3203 4572 3295 4624 καὶ
3332 4573 3452 4625 οὑδὲ

1776 4655 1911 4730 πρὸς
1930 4655 2101 4727 βραχὺ
2125 4653 2413 4707 κατέλιπεν
2430 4650 2786 4721 ἀπρονόητον,
2811 4650 2907 4719 τὴν
2923 4651 3129 4703 οἰκείαν
3145 4651 3453 4721 ἀγαθότητα

1780 4738 2132 4809 μιμούμενος.
2162 4734 2272 4787 Καὶ
2310 4734 2419 4803 γὰρ
2446 4731 2714 4803 τοσαύτην
2756 4730 3073 4795 ἀπεδείξατο
3115 4732 3213 4801 τὴν
3254 4734 3451 4801 μανίαν

1775 4818 1803 4871 6
1844 4818 2034 4887 ἐχθρὸς
2070 4818 2167 4886 τῆς
2214 4813 2489 4884 σωτηρίας
2524 4812 2623 4882 τῆς
2662 4812 2971 4881 ἡμετέρας,
3016 4811 3101 4863 ἀεὶ
3144 4811 3450 4879 βασκαίνων

1776 4901 1885 4961 τοῖς
1904 4896 2193 4967 ἡμετέροις
2227 4893 2474 4961 ἀγαθοῖς,
2494 4891 2569 4954 ὡς
2602 4888 2661 4955 ἐξ
2687 4889 2864 4944 αὑτῶν
2892 4891 2998 4942 τῶν
3024 4890 3321 4958 προοιμίων
3351 4889 3447 4958 τὴν

1774 4977 2064 5048 ἐπιϐουλὴν
2094 4973 2452 5047 ἐργάσασθαι,
2488 4972 2581 5025 καὶ
2618 4971 2705 5023 διὰ
2732 4970 2833 5039 τῆς
2863 4968 3106 5036 ὀλεθρίου
3141 4967 3447 5048 συμϐουλῆς

1774 5060 1872 5128 τῆς
1906 5047 2227 5126 θαυμαστῆς
2260 5054 2475 5121 ἐκείνης
2506 5050 2783 5119 διαγωγῆς
2822 5048 3019 5108 αὐτοὺς
3050 5047 3443 5128 ἀποστερῆσαι.

1786 5126 1928 5191 Ἀλλ’
1956 5140 1984 5190 6
2030 5137 2341 5206 εὐμήχανος
2381 5132 2535 5195 Θεὸς,
2574 5134 2601 5183 6
2638 5128 2779 5182 κατὰ
2817 5128 2913 5197 τὴν
2951 5126 3115 5179 αὑτοῦ
3156 5128 3348 5195 σοφίαν
3377 5129 3447 5183 τὰ

1774 5220 2020 5291 ἡμέτερα
2045 5215 2366 5285 οἰκονομῶν,
2384 5212 2525 5285 ὁρῶν
2555 5212 2651 5282 μὲν
2667 5211 2773 5291 -καί
2789 5209 2881 5291 τοῦ
2898 5207 3147 5291 ’διαϐόλου
3169 5209 3268 5291 τὴν
3289 5227 3447 5291 γεγε-

1776 5286 2015 5367 νημένην
2053 5295 2423 5365 κακουργίαν,
2475 5292 2570 5344 καὶ
2599 5288 2693 5341 τοῦ
2741 5286 3028 5356 ἀνθρώπου
3056 5288 3113 5340 δὲ
3145 5288 3243 5359 τὴν
3282 5288 3447 5359 ρᾳθυ-

1778 5380 1927 5449 μίαν.
1970 5377 2037 5429 δι’
2077 5370 2143 5447 ἧς
2186 5378 2264 5438 εἰς
2309 5371 2577 5439 τοσαύτην
2624 5369 2886 5440 αἰσχύνην
2920 5370 3110 5423 ἐαυτὸν
3154 5370 3415 5439 περιέϐαλ

1776 5456 2173 5527 συναπατηθεὶς
2199 5458 2266 5525 τῇ
2296 5452 2537 5523 γυναικὶ,
2560 5450 2868 5521 ἐφίσταται,
2894 5453 2986 5504 καὶ
3014 5452 3265 5522 καθάπερ
3287 5451 3443 5520 δικα-

1777 5540 1906 5609 στὴς
1928 5538 1962 5607 ἦ
1972 5554 2036 5608 με
2047 5554 2133 5607 ρος
2157 5536 2249 5587 καὶ
2272 5533 2651 5603 φιλάνθρωπος
2673 5532 2882 5596 καθίζει
2904 5533 3250 5605 δικαστήριον
3277 5533 3441 5601 φόϐου

1776 5621 1871 5672 καὶ
1919 5619 2119 5687 φρίκης
2166 5616 2366 5685 γέμον,
2415 5614 2509 5667 καὶ
2560 5613 2657 5685 τὴν
2688 5613 2932 5676 ἐξέτασιν
2975 5612 3112 5683 μετά
3159 5613 3445 5684 ἀκριϐείας

1778 5700 2041 5750 ποιεῖται·
2082 5696 2229 5768 ἡμᾶς
2260 5694 2349 5748 διὰ
2373 5694 2562 5747 τούτου
2591 5692 2881 5755 παιδεύων,
2916 5696 2990 5764 μὴ
3024 5692 3285 5765 πρότερον
3316 5693 3443 5755 τοὺς

1829 5830 1857 5860 ’⁸
1880 5828 2029 5877 SaVil.
2079 5833 2133 5877 et
2157 5829 2353 5890 qundam
2401 5840 2515 5880 mss.
2568 5827 2882 5891 γυμνωθέντες
2911 5832 2995 5884 τῆς
3036 5827 3284 5889 ἀφθάρτου.
3312 5825 3438 5875 Tres

1762 5906 1874 5945 mss.
1910 5898 1992 5948 τῆς
2015 5891 2211 5951 ἁφάτου.
