3796 6246
346 173 445 227 157

354 287 633 360 ὁμογενεῖς
662 282 1067 349 καταδικάζειν,
1116 283 1246 353 πρὶν
1292 281 1357 335 ἂν
1399 279 1601 351 ἀκριϐῆ
1647 280 1746 350 τὴν
1780 277 2026 343 ἐξέτασιν

354 372 730 447 ποιησώμεθα.

426 470 495 533 γ’.
533 460 877 529 Ἀκούσωμεν
918 458 1118 517 τοίνυν,
1149 458 1196 510 εἱ
1228 457 1392 517 δοκεῖ,
1425 455 1545 507 τίνα
1580 458 1675 525 μὲν
1710 456 1737 507 6
1771 452 2031 521 δικαστὴς

355 550 629 622 ἐπερωτᾷ,
658 547 779 601 τίνα
806 546 861 599 δὲ
896 544 945 598 οί
992 543 1270 597 κατάδικοι
1300 542 1710 613 ἀποκρίνονται,
1750 541 1841 592 καὶ
1871 539 2030 601 ποίας

354 637 623 709 τιμωρίας
644 635 907 703 δέχονται,
925 632 1019 684 καὶ
1054 632 1182 701 ποίᾳ.
1205 630 1473 700 καταδίκῃ
1495 628 1793 692 ὑπεύθυνος
1821 629 2030 696 γίνεται

355 729 382 779 6
409 725 505 795 τήν
525 722 791 791 τοσαύτην
814 720 1106 790 ἐπιϐουλὴν
1128 722 1205 782 είς
1226 719 1425 781 αὐτοὺς
1455 717 1853 790 ἐργασάμενος.
1871 714 2031 769 Ἀλλά

357 811 664 864 συντείνατέ
703 826 812 879 μοι,
833 806 1156 879 παρακαλῶ,
1177 807 1273 873 τὴν
1307 806 1565 867 διάνοιαν,
1587 805 1681 858 καί
1713 802 1801 857 διά
1834 801 2029 854 πολλοῦ

352 896 447 951 τοῦ
479 896 644 970 φόϐου
693 899 805 959 τοῖς
843 895 1158 965 λεγομένοις
1196 895 1514 964 προσέχετε.
1536 894 1597 945 Εἰ
1634 891 1743 962 γάρ
1772 890 2031 958 δικαστὴν

352 984 583 1054 ὁρῶντες
604 984 843 1053 ἐπίγειον
859 985 943 1051 ἐφ’
960 981 1164 1054 ὑψηλοῦ
1186 982 1428 1052 βήματος
1448 980 1778 1051 καθήμενον,
1794 981 1885 1031 καὶ
1906 978 2030 1040 τοὺς

353 1072 679 1135 καταδίκους
699 1074 779 1134 εἰς
797 1070 958 1141 μέσον
980 1071 1199 1137 ἄγοντα,
1216 1071 1308 1123 καὶ
1336 1068 1750 1133 καταξαίνοντα,
1764 1066 2030 1134 καὶτιμω-

357 1158 638 1229 ρούμενον,
665 1158 800 1228 μετὰ
829 1157 1025 1210 πολλοῦ
1049 1157 1142 1210 τοῦ
1169 1158 1322 1219 δέους
1346 1156 1770 1226 παρεστήκαμεν
1798 1151 2027 1205 ἀκοῦσαι

357 1247 689 1316 βουλόμενοι,
718 1247 771 1299 τί
809 1246 909 1316 μὲν
942 1247 971 1298 ὁ
994 1245 1255 1314 δικαστὴς
1301 1244 1470 1312 λέγει,
1498 1243 1551 1294 τί
1593 1242 1649 1295 δὲ
1675 1244 1704 1294 ὁ
1732 1239 2028 1302 ὑπεύθυνος

355 1335 747 1406 ἀποκρίνεται·
800 1333 981 1403 πολλῷ
1018 1332 1217 1402 μᾶλλον
1244 1332 1337 1385 νῦν
1364 1330 1521 1384 τοῦτο
1565 1332 1736 1383 ποιεῖν
1779 1329 1925 1399 ήμᾶς
1948 1326 2027 1379 δί-

354 1441 529 1487 καιον,
569 1424 809 1494 ὁρῶντας
839 1423 930 1477 τὸν
963 1420 1307 1493 Δημιουργὸν
1338 1421 1435 1490 τῆς
1473 1418 1686 1488 φύσεως
1717 1416 1868 1488 δίκην
1916 1417 2027 1467 εἰσ-

356 1511 727 1583 πραττόμενον
762 1509 870 1563 τῶν
900 1509 991 1563 ὑπ’
1014 1509 1179 1562 αὐτοῦ
1209 1505 1743 1578 δημιουργηθέντων.
1770 1503 1908 1556 Ἀλλ’
1932 1502 2026 1554 ἐὰν

355 1599 658 1669 προσέχητε
698 1598 835 1668 μετὰ
864 1595 1171 1669 ἀκριϐείας,
1203 1594 1399 1664 ὄψεσθε
1434 1595 1599 1646 πόσον
1632 1592 1693 1645 τὸ
1736 1590 1897 1662 μέσον
1926 1589 2026 1659 τῆς

354 1684 449 1739 τοῦ
470 1684 604 1738 Θεοῦ
627 1684 817 1753 φιλανθ
826 1684 1056 1754 ρωπίας,
1075 1682 1169 1736 καὶ
1188 1682 1287 1752 τῆς
1302 1681 1409 1734 τῶν
1428 1679 1729 1751 ἀνθρώπων
1752 1678 1879 1748 περί
1899 1677 2026 1741 τοὺς

354 1774 636 1843 ὁμογενεῖς
679 1771 1103 1841 αὐστηρότητος.
1135 1769 1243 1823 Καὶ
1280 1768 1537 1823 ἐκάλεσε
1568 1768 1781 1835 Κύριος
1821 1768 1853 1819 ό
1882 1764 2026 1830 Θεὸς

354 1861 462 1914 τὸν
490 1860 678 1929 Ἀδὰμ,
718 1859 815 1913 καί
848 1860 1016 1913 εἶπεν
1039 1857 1218 1923 αὐτῷ,
1253 1857 1444 1927 Ἀδὰμ,
1472 1856 1590 1909 ποῦ
1621 1853 1706 1919 sl;
1745 1853 1832 1918 Ἐξ
1856 1852 2025 1923 αὐτῆς

351 1950 457 2021 τῆς
497 1951 817 2021 ἐρωτήσεως
859 1948 1007 2013 ἀξιον
1040 1948 1379 2017 ἐκπλαγῆναι
1418 1944 1513 1998 τοῦ
1548 1942 1683 1998 Θεοῦ
1720 1942 1817 2014 τὴν
1853 1943 2023 2012 ύπερ-

355 2038 655 2092 ϐάλλουσαν
692 2036 1102 2108 φιλανθρωπίαν
1122 2079 1135 2101 ,
1172 2036 1271 2106 οὑχ
1301 2036 1383 2087 ὅτι
1416 2033 1645 2088 ἐκάλεσε
1693 2031 1872 2102 μόνον,
1906 2029 2022 2083 ἀλλ’

352 2127 435 2181 ὃτι
462 2126 557 2179 καί
584 2126 649 2179 δι’
672 2123 867 2178 ἐαυτοῦ
898 2124 1154 2178 ἐκάλεσεν
1176 2141 1187 2154 ·
1212 2124 1348 2194 ὅπερ
1374 2122 1650 2193 ἄνθρωποι
1671 2121 1769 2173 ούκ
1798 2117 1862 2171 ἄν
1892 2134 2023 2170 ποτε

354 2214 675 2285 ἀνάσχοιντο
714 2214 806 2266 ἐπί
834 2212 941 2266 τῶν
985 2211 1282 2283 ὁμογενῶν,
1314 2211 1409 2263 καὶ
1442 2210 1540 2281 τῆς
1578 2209 1744 2280 αὑτῆς
1787 2207 1969 2269 αὐτοῖς
1995 2218 2020 2245 ιι

354 2300 568 2372 φύσεως
592 2301 1010 2355 κοινωνούντων.
1036 2302 1179 2354 Ἰστε
1208 2300 1315 2372 γὰρ
1340 2301 1444 2364 ὅτι,
1470 2297 1687 2351 ἐπειδὰν
1711 2298 1795 2366 ἐφ’
1818 2294 2021 2366 ὑψηλοῦ

351 2390 447 2443 τοῦ
491 2390 733 2460 βήματος
784 2388 1084 2460 καθήμενοι
1133 2388 1289 2458 δίκην
1341 2388 1761 2458 εἰσπράττονται
1798 2386 1925 2447 τοὺς
1953 2382 2021 2436 τά

353 2477 532 2547 φαῦλα
563 2477 1000 2548 ἐργασαμένους,
1028 2476 1127 2530 ούκ
1179 2476 1420 2540 ἀξιοῦσιν
1451 2475 1646 2538 αὐτοὺς
1677 2473 1777 2543 τῆς
1816 2470 2023 2535 οἰκείας

348 2566 718 2637 ἀποκρίσεως,
740 2566 835 2635 καὶ
858 2565 945 2619 διά
964 2564 1120 2619 τοῦτο
1145 2563 1451 2627 δεικνύντες
1478 2563 1677 2625 αὐτοῖς,
1700 2562 1796 2632 ὅσῃ
1826 2559 2021 2630 ἀτιμίᾳ

350 2655 578 2717 ἐαυτοὺς
600 2654 918 2723 περιέϐαλον
938 2654 1025 2707 διά
1048 2654 1147 2724 τῆς
1167 2653 1277 2706 τῶν
1301 2652 1551 2723 πονηρῶν
1579 2648 1828 2721 πράξεων
1857 2650 2022 2719 ἐργα-

350 2742 476 2806 σίας
498 2760 510 2771 ⁸
546 2741 661 2796 ἀλλ’
692 2743 721 2795 ὁ
761 2741 862 2813 μὲν
904 2741 1165 2812 δικαστὴς
1198 2739 1572 2812 ἀποκρίνεται,
1613 2738 1797 2808 ἕτερος
1845 2735 1902 2788 δέ
1936 2752 2020 2799 τις

349 2830 521 2894 ἑστὼς
548 2829 850 2895 διαϐιϐάζει
886 2830 956 2884 τά
989 2828 1141 2900 παρά
1182 2827 1277 2881 τοῦ
1315 2825 1567 2881 δικαστοῦ
1600 2824 1680 2896 τῷ
1709 2822 2017 2891 ὑπευθύνῳ,

349 2920 443 2974 καὶ
465 2921 532 2973 τὰ
560 2922 690 2991 παρ’
719 2920 929 2974 ἐκείνου
953 2919 1115 2973 πάλιν
1136 2918 1527 2991 διαπορθμεύει
1543 2917 1620 2989 τῷ
1645 2917 1902 2987 δικαστῇ·
1927 2915 2020 2969 καὶ

346 3008 588 3061 τοιοῦτον
616 3008 681 3061 ἂν
714 3008 812 3061 ῖδοι
854 3026 939 3071 τις
976 3008 1083 3061 τῶν
1113 3008 1443 3072 δικαζόντων
1476 3004 1753 3076 πανταχοῦ
1790 3005 1852 3057 τὸ
1875 3004 2016 3068 ἔθος.

365 3085 502 3151 Ἀλλ’
524 3098 552 3150 ὁ
579 3096 711 3159 Θεὸς
748 3096 847 3167 οὑχ
872 3095 1065 3161 οὕτως,
1098 3096 1236 3150 ἀλλά
1262 3097 1346 3161 τί;
1378 3096 1549 3160 Λύτὸς
1586 3095 1652 3149 δι’
1688 3093 1883 3147 ἐαυτοῦ
1920 3111 2021 3145 κα-

346 3185 463 3238 λεῖ⁸
500 3184 608 3239 Kal
632 3183 909 3251 ἐκάλεσε,
939 3187 1092 3257 φησί..
1115 3187 1329 3255 Κύριος
1354 3189 1387 3240 ό
1415 3187 1560 3250 Θεὸς
1583 3186 1687 3238 τὸν
1722 3184 1893 3253 Ἀδὰμ
1922 3182 2019 3237 καί

347 3269 518 3327 εἶπεν
546 3272 726 3338 αὐτῷ,
762 3273 953 3343 Ἀδὰμ,
980 3273 1097 3328 ποῦ
1126 3270 1217 3338 sf;
1241 3274 1382 3346 Ὅρα
1408 3275 1549 3343 πόση
1576 3273 1803 3343 δύναμις
1825 3270 2021 3327 ἐναπό-

348 3378 528 3416 κειται
556 3362 613 3414 ἐν
646 3362 712 3431 τῇ
750 3360 980 3433 βραχείᾳ
1014 3360 1186 3433 ταύτῃ
1218 3360 1380 3426 λέξει.
1422 3363 1532 3415 Καὶ
1574 3360 1705 3414 αὐτὸ
1737 3360 1890 3433 [157]
1922 3361 2020 3432 μὲν

349 3451 459 3522 γάρ
487 3450 548 3503 τὸ
576 3448 803 3504 καλέσαι
845 3448 1048 3520 πολλῆς
1084 3449 1179 3503 καὶ
1223 3450 1430 3519 ἀφάτου
1466 3448 1896 3519 φιλανθρωπίας,
1924 3448 2020 3503 καὶ⁸

347 3539 410 3592 τὸ
434 3538 512 3609 τῷ
547 3539 1049 3610 καταισχυνομένῳ,
1078 3539 1175 3593 καὶ
1208 3540 1343 3611 μηδέ
1375 3536 1506 3611 ἆραι
1532 3540 1561 3580 δ
1596 3539 1658 3593 1:6
1696 3540 1869 3610 στόμα
1898 3540 2021 3592 τολ-

350 3628 544 3699 μῶντι.
599 3627 733 3699 μηδέ
769 3627 1027 3692 διανοῖξαι
1060 3627 1325 3696 γλῶτταν,
1369 3628 1466 3682 καὶ
1519 3629 1775 3700 ἀφορμήν
1813 3630 2017 3692 δοῦναι,

347 3716 435 3770 διά
458 3719 557 3786 τῆς
592 3718 932 3789 ἐρωτήσεως,
967 3715 1169 3787 πολλῆς
1206 3716 1539 3789 ἀγαθότητος
1566 3735 1580 3748 ·
1611 3719 1670 3771 τὸ
1709 3719 1767 3771 δὲ
1806 3720 1899 3771 καὶ
1927 3719 2017 3772 λέ-

345 3822 487 3874 γειν,
513 3805 637 3859 Ποῦ
656 3802 743 3869 at;
772 3805 969 3877 πολλὴν
992 3805 1103 3877 ἔχει
1124 3807 1222 3877 τὴν
1247 3807 1398 3877 ἰσχὺν
1422 3805 1560 3877 μετά
1584 3807 1684 3875 τῆς
1715 3806 1905 3875 φιλανθ
1915 3824 2020 3877 ρω-

345 3894 496 3958 πίας.
520 3895 817 3964 Μονονουχί
846 3895 955 3965 γὰρ
996 3894 1286 3948 αἰνίττεται
1329 3893 1478 3965 αύτῷ
1508 3895 1595 3948 διά
1627 3894 1814 3948 τούτου
1844 3896 2018 3964 λέγων

346 3982 485 4053 πρὸς
522 3982 713 4036 αὐτόν·
756 3982 821 4034 Τί
866 3982 1129 4050 γέγονενς
1168 3982 1423 4053 Ἑτέρωθί
1468 4000 1525 4034 σε
1572 3982 1885 4049 κατέλιπον,
1926 3985 2019 4037 καί.

346 4069 576 4140 ἑτέρωθι
606 4068 701 4122 νῦν
728 4070 971 4140 εὑρίσκω
992 4086 1003 4100 ο
1038 4069 1200 4141 ἑτέρᾳ
1230 4070 1354 4140 δόξῃ
1388 4070 1758 4139 ἠμφιεσμένον
1800 4072 2020 4124 καταλι-

348 4154 487 4219 πὼν,
516 4155 611 4208 νῦν
644 4148 802 4227 εῦρον
838 4156 895 4207 ἐν
924 4155 1243 4227 γυμνότητι.
1280 4155 1403 4209 Ποῦ
1431 4152 1521 4217 sl;
1561 4155 1728 4209 Πόθεν
1769 4174 1851 4209 σοι
1890 4175 2011 4211 συνο

346 4245 444 4315 έϐη
475 4244 664 4310 τοῦτο;
698 4243 793 4307 Τίς
820 4260 880 4296 σε
904 4245 985 4307 είς
1006 4243 1272 4297 τοσαύττιν
1296 4244 1470 4315 ήγαγε
1502 4242 1832 4317 μεταϐολήν;
1862 4246 2018 4303 "oio:

345 4333 547 4405 λῃστὴς
569 4333 662 4385 καὶ
688 4331 1021 4402 τοιχωρύχος
1058 4330 1230 4396 οὕτως
1257 4332 1451 4404 ἀθρόον
1482 4333 1700 4386 ἃπασαν
1729 4332 1823 4387 τοῦ
1850 4333 2013 4387 πλού-

343 4438 440 4473 του
482 4422 582 4491 τὴν
616 4420 933 4491 περιουσίαν
964 4420 1331 4491 ἀφελόμενος,
1379 4422 1439 4475 ἐν
1482 4422 1715 4493 τοσαύτῃ
1750 4440 1809 4475 σε
1858 4424 2017 4494 πενίᾳ

343 4507 677 4579 κατέστησε;
704 4506 872 4561 Πόθεν
890 4524 971 4561 σοι
992 4509 1090 4577 τῆς
1114 4507 1443 4578 γυμνώσεως
1465 4511 1497 4581 ἡ
1521 4510 1774 4579 αἴσθησις
1793 4512 2014 4579 γέγονε;

344 4595 441 4659 Τίς
476 4612 557 4648 σοι
601 4596 775 4659 αἴτιος
806 4597 906 4667 τῆς
937 4595 1276 4665 ἀφαιρέσεως
1312 4597 1407 4648 τοῦ
1439 4596 1753 4667 θαυμαστοῦ
1803 4600 2012 4652 ἐκείνου

343 4683 661 4753 ἐνδύματος,
695 4684 724 4736 δ
763 4682 1226 4754 περιϐεϐλημένος
1266 4683 1592 4753 ἐτύγχανες;
1616 4686 1712 4748 Τίς
1762 4688 1793 4755 ἡ
1842 4685 2014 4755 ἀθρόα

344 4771 482 4842 αῦτη
537 4770 845 4842 μεταϐολή;
902 4771 1039 4825 Ποία
1099 4772 1352 4839 καταιγὶς
1383 4772 1526 4825 οὕτω
1561 4772 1763 4845 σφοδρά
1804 4774 2014 4844 ταχέως

343 4859 561 4913 ἅπαντά
591 4877 686 4912 σου
718 4858 809 4911 τὸν
845 4859 1042 4928 φόρτον
1078 4860 1377 4925 κατέδυσε;
1411 4860 1475 4913 Τί
1509 4861 1735 4928 γέγονεν
1755 4900 1769 4924 ,
1810 4861 1891 4914 ὅτι
1920 4863 2011 4915 τὸν

340 4946 577 5001 τοσαῦτα
626 4947 1084 5018 εὐεργετήσαντα,
1113 4946 1209 4999 καὶ
1246 4948 1327 5010 εἰς
1370 4946 1637 5019 τοσαύτην
1670 4949 2012 5017 ἀναγαγόντα

338 5034 505 5104 τιμὴν
540 5032 876 5103 κρύπτεσθαι
907 5035 1231 5103 ἐπιχειρεῖς;
1260 5033 1391 5085 Τίνα
1418 5033 1668 5099 δεδοικὼς
1692 5034 1785 5088 νῦν
1816 5036 2013 5091 λανθά-

339 5138 451 5173 νειν
495 5121 847 5187 σπουδάζεις;
896 5121 987 5193 Μὴ
1026 5122 1134 5193 γάρ
1186 5124 1491 5194 κατήγορος
1542 5123 1892 5195 παρέστηκε;
1936 5126 2012 5197 μὴ

339 5208 448 5277 γὰρ
483 5209 762 5289 μάρτυρες
792 5210 1160 5281 ἐφεστήκασις
1201 5211 1372 5265 Πόθεν
1407 5229 1488 5264 σοι
1519 5213 1551 5282 ή
1577 5211 1813 5283 τοσαύτη
1841 5213 2011 5268 δειλία

341 5295 433 5347 καὶ
452 5296 481 5347 ὁ
509 5295 670 5360 φόϐος
700 5298 1103 5370 κατεσκεδάσθη
1132 5310 1154 5337 ο
1178 5318 1191 5365 ;
1230 5299 1343 5367 Τῆς
1365 5300 1570 5369 φωνῆς
1601 5316 1718 5354 σου
1750 5300 2008 5369 ἥκουσα,

339 5382 492 5450 φησι,
534 5382 1002 5450 περιπατοῦντος
1039 5387 1109 5439 ἐν
1135 5386 1215 5452 τῷ
1256 5388 1615 5457 παραδείσῳ,
1658 5388 1756 5442 καί
1789 5390 2008 5459 65.2061}-

339 5472 455 5535 θην
512 5467 601 5520 ὅτι
659 5470 885 5537 γυμνός
934 5474 1081 5541 εἰμι,
1136 5475 1235 5527 καί
1280 5476 1555 5543 ἐκρύϐην.
1611 5477 1781 5531 Πόθεν
1834 5495 1913 5531 σοι
1975 5480 2008 5549 ὴ

336 5554 536 5622 γνῶσις
576 5554 674 5624 τῆς
722 5556 1052 5627 γυμνώσεως
1091 5560 1347 5629 γέγονεν;
1392 5563 1513 5615 εἰπέ
1547 5582 1667 5634 μοι·
1705 5564 1757 5617 τί
1800 5565 1861 5616 1:6
1890 5583 2010 5619 και·

334 5640 423 5695 νὸν
466 5642 559 5695 καὶ
591 5643 928 5715 παράδοξονς
973 5647 1068 5710 Τίς
1099 5646 1164 5699 ἂν
1205 5648 1360 5701 τοῦτο
1394 5651 1633 5720 ἠδυνήθη
1676 5652 1805 5705 ποτὲ
1841 5654 2008 5721 ἀναγ-

400 5728 770 5795 ξΜοτθιεὲὅπερ
794 5731 1047 5795 ἀνθρώπων
1071 5750 1154 5787 τις.
1188 5771 1197 5781 .
1222 5735 1538 5795 ἀνάσχοιτο...
1566 5737 1711 5795 αὐτῷ.
1750 5736 1779 5776 b
1805 5737 1927 5795 Reg.
1957 5743 2010 5788 et

401 5752 427 5756 -
460 5752 627 5777 ιιιυητι.
656 5752 770 5792 οπερ
794 5752 1047 5794 ανυρωπων
1071 5752 1154 5787 τις.
1188 5771 1197 5781 .
1222 5752 1538 5795 ανασχοιτο...
1566 5754 1711 5783 αυτω.
1751 5752 1779 5776 η
1805 5752 1874 5785 ne
1917 5775 1927 5784 .
1957 5752 1984 5786 e

337 5787 487 5837 Savil.
544 5792 676 5863 μηδέ⁸
710 5792 883 5855 διᾶραι.
934 5793 1046 5843 ιιυι
1111 5795 1258 5844 Savil.
1306 5803 1495 5853 κινῆσαι
1540 5786 1768 5859 γλῶτταν.
1836 5752 1989 5863 ‘f‘eg

340 5851 729 5912 κατεσχεδιάσθη.

1077 166 1136 223 S.
1170 164 1456 223 JOANNIS
1494 159 1985 220 CHRYSOSTOMI
2021 157 2340 215 ARCHIEP.
2381 156 2928 214 CONSTANTINOP.
3710 166 3772 221 ιδ

2134 275 2313 345 γεῖλαί
2349 292 2459 338 σοι,
2500 275 2548 327 εί
2597 272 2672 344 μὴ
2712 273 2777 325 σὺ
2812 271 2994 343 σαυτῷ
3035 271 3241 343 ταύτης
3278 270 3450 336 αἴτιος
3488 273 3673 341 ἐγένου
3704 278 3773 347 τῆ

2132 362 2395 432 αἰσχύνης
2420 378 2435 425 ;
2474 362 2523 413 εί
2547 361 2621 431 μὴ
2644 358 2750 412 ἀπὸ
2770 359 2862 412 τοῦ
2895 358 3071 422 ξύλου.
3105 354 3165 413 οὗ
3196 360 3547 430 ἐνετειλάμην
3573 379 3657 415 σοι
3681 366 3774 420 τού

2130 460 2225 496 του
2267 442 2428 512 μόνου
2471 440 2546 511 μὴ
2587 442 2799 508 φαγεῖν,
2835 438 2929 491 ἀπ’
2968 439 3129 492 αὑτοῦ
3166 439 3399 507 ἐφαγεςς
3430 440 3570 512 Ὅρα
3608 443 3772 510 φιλαν

2133 525 2377 597 θρωπίαν
2401 525 2669 577 Δεσπότου
2700 526 2795 578 καὶ
2826 522 3174 589 ἀνεξικακίας
3199 526 3523 598 ὑπερϐολήν.
3557 530 3775 600 Δυνάμε

2132 625 2221 670 νος
2249 608 2358 678 γάρ
2382 607 2582 669 εὐθέως
2639 606 2773 676 μηδέ
2813 608 3156 679 ἀποκρίσεως
3199 608 3429 675 ἀξιῶσαι
3458 609 3546 663 τὸν
3565 613 3775 666 τοσαῦτι

2132 689 2510 760 ἡμαρτηκότα,
2539 686 2654 740 ἀλλ’
2682 689 2785 740 ὑπὸ
2807 688 2866 740 τὸ
2887 689 3163 758 ἐπιτίμιον
3190 690 3433 758 ἀγαγεῖν,
3460 690 3491 743 δ
3513 692 3775 762 προλαϐὼ

2088 770 2352 842 ’ὦρισεν,
2404 772 2451 823 εί
2500 769 2797 841 παραϐαίη,
2830 771 3191 841 μακροθυμεῖ,
3236 772 3331 824 καὶ
3385 773 3661 842 ἀνέχεται,
3711 794 3776 828 κα

2133 856 2330 925 ἐρωτᾷ,
2370 854 2464 906 καὶ
2510 854 2798 923 ἀπόκρισιν
2824 853 3056 921 δέχεται,
3094 854 3189 906 καὶ
3214 853 3374 907 πάλιν
3408 857 3585 926 ἐρωτᾷ
3615 874 3775 926 μονον

2130 938 2249 1006 ουχὶ
2286 936 2365 998 εἰς
2411 934 2702 1002 ἀπολογίαν
2747 933 2908 985 αὑτὸν
2949 934 3375 998 ἐκκαλούμενος,
3420 935 3508 989 ἵνα
3546 939 3775 1011 ἀφορμὴ

2131 1015 2333 1080 λαϐὼν,
2362 1016 2461 1087 τὴν
2494 1015 2701 1069 οἰκείαν
2739 1015 3147 1085 φιλανθρωπίαν
3190 1019 3283 1071 καὶ
3320 1019 3457 1086 μετά
3482 1020 3582 1090 τὴν
3606 1022 3773 1075 τοσαύ

2129 1115 2228 1169 την
2260 1098 2568 1172 παράϐασιν
2598 1098 2726 1168 περὶ
2756 1098 2918 1151 αὐτὸν
2946 1098 3273 1168 ἐπιδείξηται
3298 1117 3313 1130 ·
3358 1102 3626 1155 παιδεύων
3654 1105 3775 1174 ήμᾱ

2132 1187 2224 1238 καὶ
2252 1186 2338 1238 διὰ
2362 1186 2575 1247 τούτου,
2598 1184 2815 1238 ἐπειδάν
2831 1184 3136 1255 δικάζωμεν
3162 1187 3274 1249 τοῖς
3295 1186 3617 1251 ὑπευθύνοις
3634 1191 3686 1253 ει,
3725 1192 3776 1260 με]

2129 1269 2419 1338 ἀνημέρως
2460 1269 2645 1330 αὐτοῖς
2684 1267 3105 1338 προσφέρεσθαι,
3154 1268 3290 1338 μηδέ
3328 1268 3426 1340 τὴν
3451 1270 3558 1322 τῶν
3590 1270 3776 1342 θηρίων

2128 1350 2390 1421 ὠμότητα
2418 1352 2546 1421 περί⁵
2577 1351 2775 1413 αὐτοὺς
2796 1350 3218 1414 ἐπιδείκνυσθαι,
3246 1350 3379 1406 ἀλλά
3402 1352 3567 1424 πολλῇ
3599 1357 3668 1423 τῇ
3700 1371 3774 1423 μα

2129 1434 2402 1505 κροθυμίᾳ
2433 1437 2524 1487 καὶ
2562 1437 2629 1505 τῇ
2667 1434 2840 1504 φειδοῖ
2880 1433 3199 1504 κεχρῆσθαι.
3250 1434 3344 1487 άτε
3373 1434 3435 1505 δὴ
3465 1436 3539 1498 ὡς
3579 1438 3776 1489 οἰκείου

2132 1519 2317 1587 μέλεσι
2348 1518 2687 1586 δικάζοντας,
2728 1519 2821 1571 καὶ
2874 1518 2936 1570 τὸ
2965 1518 3225 1588 ὁμογενὲς
3262 1519 3575 1583 ἐννοοῦντας
3605 1521 3775 1590 φιλανι

2129 1600 2348 1672 θρωπίᾳ
2368 1601 2467 1671 τὴν
2497 1600 2769 1671 τιμωρίαν
2807 1601 3153 1671 κεραννύναι.
3183 1600 3319 1654 Ούδὲ
3351 1602 3458 1673 γὰρ
3490 1602 3684 1666 ἁπλῶς
3712 1620 3770 1655 το

2128 1684 2302 1757 σαύτῃ
2336 1684 2741 1751 συγκαταϐάσει
2778 1683 2811 1753 ἡ
2854 1682 2970 1736 θεία
3015 1682 3204 1754 Γραφὴ
3245 1684 3524 1756 κέχρηται,
3549 1685 3690 1739 ἀλλά
3714 1686 3776 1739 διέ

2127 1768 2227 1837 τῆς
2247 1768 2554 1839 παχύτητος
2575 1780 2597 1807 ε
2626 1767 2732 1821 τῶν
2762 1766 2960 1834 λέξεων
2987 1764 3308 1820 διδάσκουσα
3330 1770 3475 1838 ήμᾶς
3500 1770 3602 1840 τήν
3623 1786 3685 1823 τε
3703 1769 3776 1822 τοί

2126 1850 2261 1904 Θεοῦ
2298 1851 2730 1922 φιλανθρωπίαν,
2778 1851 2873 1904 καὶ
2914 1852 2992 1914 εἰς
3032 1849 3190 1920 ζῆλον
3229 1850 3455 1919 ἄγουσα,
3487 1852 3631 1906 ὥστε
3660 1854 3776 1907 κατέ

2124 1931 2351 2003 δύναμιν
2378 1933 2721 2005 ἀνθρωπίνην
2747 1932 3035 2004 μιμεῖσθαι
3060 1932 3153 1986 τοῦ
3187 1934 3453 1988 Δεσπὸτου
3473 1936 3571 2007 τὴν
3595 1938 3776 2005 ἀγαθά

2124 2030 2283 2082 τητα·
2316 2015 2426 2081 Kal
2447 2012 2616 2069 εἶπεν
2639 2013 2817 2079 αὐτῷ,
2852 2015 2945 2081 Τίς
2965 2014 3286 2084 ἀνήγγειλέ
3313 2032 3432 2080 σοι,
3456 2016 3541 2071 ὅτι
3566 2020 3775 2088 γυμνός

2126 2092 2197 2159 εἴ,
2240 2100 2289 2151 εἰ
2314 2096 2399 2167 μὴ
2432 2098 2549 2153 ἀπὸ
2579 2097 2684 2151 τοῦ
2710 2097 2901 2161 ξύλου
2930 2092 3001 2152 οὗ
3026 2097 3416 2168 ἐνετειλάμην
3440 2115 3539 2153 σοι
3578 2103 3775 2155 τούτοι

2120 2182 2316 2248 μόνου
2343 2180 2430 2250 μὴ
2453 2180 2687 2250 φαγεῖν,
2722 2180 2824 2233 ἀπ’
2856 2178 3043 2233 αὑτοῦ
3082 2180 3335 2251 ﬁgam-sc;
3370 2182 3536 2236 Πόθεν
3567 2184 3659 2246 ἂν,
3690 2203 3776 2256 φη·

2128 2264 2235 2327 σὶν,
2271 2263 2542 2335 ήδυνήθης
2562 2263 2717 2317 τοῦτο
2742 2264 2964 2332 γνῶναι,
2995 2264 3087 2317 καὶ
3110 2264 3344 2337 τοσαύτῃ
3371 2266 3601 2337 αἰσχύνῃ
3637 2285 3776 2338 περι⁴

2125 2347 2413 2417 ϐληθῆναι,
2444 2348 2493 2400 εἰ
2541 2347 2616 2419 μὴ
2664 2348 2831 2418 πολλῇ
2864 2350 2930 2419 τῇ
2974 2347 3215 2420 ἀκρασίᾳ
3257 2349 3492 2420 ἐχρήσω,
3540 2351 3637 2403 καὶ
3665 2370 3776 2405 κατε

2124 2430 2429 2501 εφρόνησάς
2463 2448 2563 2500 μου
2593 2432 2693 2500 τῆς
2719 2431 2970 2501 ἐντολῆςς

2198 2512 2347 2586 [158]
2361 2514 2424 2568 δ’.
2440 2514 2658 2578 Σκόπει,
2676 2514 2949 2585 ἀγαπητέ,
2966 2514 3064 2585 τῆς
3081 2514 3413 2585 ἀγαθότητος
3432 2514 3526 2567 τοῦ
3542 2514 3681 2568 Θεοῦ
3703 2516 3775 2585 τὴγ

2124 2598 2451 2670 ὑπερϐολὴν,
2476 2599 2623 2663 ὃπως
2653 2598 2902 2670 καθάπερ
2932 2598 3081 2667 φίλος
3114 2599 3253 2669 φίλῳ
3280 2598 3681 2668 διαλεγόμενος,
3708 2600 3776 2650 κα¹

2123 2681 2369 2750 ἐγκαλῶν
2395 2682 2470 2745 ώς
2498 2682 2801 2752 παραϐάντι
2830 2682 2898 2735 τὰ
2928 2678 3057 2753 παρ’
3087 2681 3247 2735 αὐτοῦ
3279 2682 3622 2744 ἐνταλθέντα,
3656 2682 3776 2735 οῦτιι

2123 2766 2261 2839 πρὸς
2290 2766 2451 2819 αὑτὸν
2479 2765 2577 2836 τὴν
2622 2765 2856 2830 διάλεξιν
2897 2768 3148 2819 ποιεῖται.
3202 2766 3297 2831 Τίς
3352 2764 3673 2834 ἀνήγγειλέ
3700 2783 3771 2818 σο

2122 2850 2213 2904 ὅτι
2246 2850 2468 2919 γυμνὸς
2490 2847 2563 2911 εί,
2594 2849 2743 2919 εἰμὴ
2760 2849 2878 2903 ἀπὸ
2902 2850 3009 2904 τοῦ
3052 2849 3264 2914 ξύλου,
3304 2845 3375 2904 οὗ
3404 2849 3775 2918 ἐνετειλάμην

2123 2952 2226 2989 σοι
2258 2936 2473 2988 τούτου
2501 2935 2694 3003 μόνου
2722 2933 2807 3002 μὴ
2836 2933 3069 3003 φαγεῖν,
3102 2934 3204 2987 ἀπ’
3227 2933 3412 2987 αὐτοῦ
3432 2932 3690 3002 ἔφαγες
3722 2932 3776 2985 Οί

2127 3018 2329 3090 μικρὰν
2363 3018 2597 3089 ἔμφασιν
2625 3018 2738 3088 ἔχει
2766 3017 2946 3071 καὶτὸ
2983 3017 3181 3085 λέγειν’
3214 3017 3431 3070 Τούτου
3459 3017 3677 3085 μόνου.
3708 3016 3776 3069 Mi

2123 3101 2232 3173 γάρ
2290 3099 2706 3173 ἐστενοχώρησά
2754 3117 2870 3162 σου,
2930 3101 3085 3171 φησὶ,
3135 3100 3231 3171 τὴν
3280 3099 3611 3165 ἀπόλαυσιν;
3666 3099 3776 3169 υύχί

2125 3186 2306 3237 πᾶσαν
2342 3182 2524 3235 ἄδειάν
2584 3199 2665 3235 σοι
2723 3182 3017 3255 παρέσχον,
3072 3183 3165 3235 καὶ
3216 3183 3431 3236 πάντων
3478 3182 3587 3235 τῶν
3627 3185 3686 3235 ἐν
3721 3183 3774 3252 τι]

2125 3265 2438 3335 παραδείσῳ
2479 3264 2577 3335 τὴν
2620 3265 2866 3331 ἐξουσίαν
2913 3265 3178 3329 δεδωκὼς,
3231 3265 3348 3328 ἐνὸς
3401 3264 3593 3318 τούτου
3636 3266 3772 3335 μόνοι

2124 3347 2421 3417 ἀπέχεσθαι
2446 3346 2817 3417 ἐνετειλάμην,
2852 3348 2939 3401 ἵνα
2964 3348 3159 3401 εἰδέναι
3191 3346 3341 3418 ἔχῃς,
3367 3348 3447 3400 ὅτι
3477 3347 3584 3399 ὑπὸ
3606 3348 3772 3401 δεσπό

2123 3447 2224 3499 την
2256 3425 2306 3482 εἴ
2328 3428 2372 3492 ί,
2399 3428 2492 3481 καὶ
2522 3428 2760 3497 ὀφείλεις
2792 3431 3038 3500 ὑπακοήν
3084 3448 3206 3483 τινα
3261 3428 3665 3490 ἐπιδεικνύναι;
3704 3430 3770 3482 Τί

2122 3510 2216 3567 οῦν
2243 3517 2275 3584 ή
2307 3514 2543 3584 τοσαύτη
2581 3513 2844 3585 ῥᾳθυμία,
2878 3513 3017 3567 ὥστε
3051 3513 3317 3584 τοσαύτην
3346 3513 3535 3583 ἔχοντα
3555 3513 3769 3566 ἀπόλαυ

2126 3616 2229 3659 σιν,
2272 3598 2346 3669 μὴ
2373 3598 2701 3667 ἀνασχέσθαι
2752 3598 2887 3668 μηδέ
2915 3597 3103 3650 τούτου
3140 3596 3233 3649 τοῦ
3283 3596 3402 3658 ἐνὸς
3435 3596 3767 3666 ἀποσχέσθαι

2124 3684 2238 3739 ἀλλ’
2264 3682 2407 3737 οὕτω
2452 3682 2663 3752 ταχέως
2699 3683 2779 3745 εἰς
2820 3681 2919 3752 τὴν
2958 3682 3088 3753 παρ’
3122 3680 3257 3751 ἐμοῦ
3296 3680 3538 3733 δοθεῖσαν
3578 3680 3764 3750 ἐντολή

2124 3768 2424 3838 ἐξυϐρίσαι,
2454 3768 2547 3819 καὶ
2583 3766 2858 3828 τοσούτοις
2888 3768 3079 3827 κακοῖς
3119 3764 3309 3817 ἐαυτὸν
3337 3764 3693 3835 περιϐαλεῖν;
3734 3764 3766 3815 Τ

2125 3868 2207 3904 σοι
2243 3850 2304 3903 τὸ
2335 3849 2523 3918 ὁφελος
2564 3849 2820 3917 γέγονεν;
2857 3849 2931 3901 06
2966 3846 3251 3918 προλαϐὼν
3291 3846 3460 3899 ταῦτα
3502 3842 3698 3914 εἷπον;
3734 3864 3763 3897 ο

2122 3931 2200 4003 τῷ
2230 3932 2380 4003 φόϐῳ
2406 3931 2500 3983 τοῦ
2543 3932 2818 4002 ἐπιτιμίου
2858 3929 3279 4002 προαναστεῖλαι
3323 3929 3662 4000 ἠϐουλήθην,
3706 3948 3764 3983 κα

2123 4015 2558 4086 ἀσφαλεστέρους
2588 4013 2957 4086 ἐργάσασθαι;
3005 4013 3105 4067 ούκ
3144 4008 3297 4066 εἷπον
3331 4012 3392 4066 τὸ
3441 4013 3643 4083 μέλλον
3671 4014 3762 4083 ύμῖ

2124 4097 2497 4170 συμϐήσεσθαι
2519 4115 2533 4162 ;
2569 4099 2630 4151 οὑ
2654 4098 2743 4152 διὰ
2767 4099 2926 4151 τοῦτο
2953 4097 3049 4168 τὴν
3072 4097 3274 4168 βρῶσιν
3300 4096 3569 4163 ἐκώλυσα,
3610 4098 3697 4151 ἵνα
3723 4114 3757 4166 μ

2120 4182 2331 4244 τούτοις
2363 4180 2731 4251 περιπέσητε;
2758 4181 2853 4244 Τίς
2876 4180 2941 4233 ἀν
2970 4197 3027 4232 σε
3050 4179 3379 4250 συγγνώμης
3401 4178 3681 4243 ἀξιώσειε,
3708 4180 3759 4231 τὸ

2125 4268 2262 4339 μετὰ
2290 4266 2555 4330 τοσαύτας
2608 4267 2985 4339 παραγγελίας
3022 4266 3194 4329 οὕτως
3236 4265 3527 4336 ἀγνώμονα
3562 4268 3757 4336 γενὸμε

2120 4372 2243 4420 νον;
2296 4354 2372 4407 O6
2413 4353 2663 4425 καθάπερ
2707 4353 2889 4423 πατὴρ
2934 4353 3087 4407 παιδί
3148 4354 3382 4423 γνησίῳ,
3426 4351 3573 4406 οὕτω
3619 4355 3757 4406 πάντ

2119 4432 2532 4503 διεστειλάμην,
2576 4434 2673 4487 καὶ
2724 4432 2935 4498 ἐδίδαξα
2980 4431 3087 4485 τῶν
3130 4433 3229 4503 μὲν
3271 4432 3443 4485 ἀλλων
3484 4433 3756 4501 ἀπογεύσα

2125 4515 2271 4578 σθαι,
2307 4516 2497 4569 τούτου
2531 4516 2587 4568 δὲ
2613 4515 2968 4585 ἀποσχέσθαι,
3001 4516 3089 4568 ἵνα
3134 4514 3209 4585 μὴ
3231 4514 3363 4568 πᾶσί
3398 4531 3492 4567 σου
3523 4518 3639 4579 τοῖς
3665 4519 3754 4583 ἀγα

2120 4596 2232 4659 θοῖς
2253 4597 2611 4667 λυμαίνηται;
2654 4596 2792 4651 Ἀλλ’
2830 4598 2959 4659 ῖσως
2996 4598 3206 4667 ἀγαθὴν
3230 4598 3325 4650 καὶ
3344 4597 3754 4668 ἀξιοπιστοτέρσ

2123 4681 2473 4751 ἡγησάμενος
2514 4683 2614 4751 τῆς
2660 4679 2798 4749 ἐμῆς
2827 4679 3048 4747 ἐντολῆς
3088 4679 3187 4749 τὴν
3223 4680 3411 4749 ἐτέρου
3457 4680 3752 4751 συμϐουλήι

2118 4764 2213 4815 καί
2244 4763 2618 4833 προσδοκήσας
2650 4763 2907 4833 μειζόνων
2929 4762 3213 4830 ἐφικέσθαι
3236 4766 3260 4803 Β
3284 4763 3440 4831 τοῦτο
3460 4765 3752 4833 πεποίηκας

2119 4850 2211 4903 καὶ
2241 4850 2339 4914 τὰς
2374 4851 2512 4920 ἐμὰς
2541 4850 2760 4913 ἐντολὰς
2798 4850 3197 4920 παρωσάμενος
3242 4850 3662 4927 κατετόλμησας
3695 4849 3750 4927 τῆ

2116 4931 2210 4984 τοῦ
2246 4933 2402 4996 ξύλου
2441 4931 2716 5004 βρώσεως.
2758 4932 2887 4984 Ἰδοὺ
2912 4930 3001 4985 διά
3020 4933 3117 5002 τῆς
3154 4933 3347 5002 πείρας
3377 4926 3452 4985 ὧν
3490 4934 3748 4991 πέπονθας

2115 5015 2318 5085 ἔμαθες
2352 5017 2475 5068 ὅσον
2502 5015 2602 5085 τῆς
2630 5015 2938 5085 συμϐουλῆς
2972 5017 3185 5085 ἐκείνης
3215 5014 3275 5067 τὸ
3307 5014 3570 5084 ὀλέθριον.
3611 5015 3748 5075 Εῖδετ

2114 5098 2368 5152 δικαστοῦ
2398 5097 2845 5169 φιλανθρωπίαν;
2877 5098 3043 5150 εἴδετε
3074 5098 3386 5168 ἡμερότητα
3416 5096 3512 5148 καὶ
3537 5097 3746 5161 ἀνεξικε

2117 5181 2239 5233 κίαν
2270 5181 2474 5248 ἄφατον
2508 5178 2564 5245 h;
2591 5180 2759 5233 εἴδετε
2792 5180 3200 5249 συγκατάϐασιν
3257 5178 3433 5232 πάντα
3487 5178 3649 5247 λόγον
3697 5188 3746 5231 κο

2113 5264 2353 5317 διάνοιαν
2384 5262 2855 5335 ύπερϐαίνουσαν;
2892 5263 3061 5315 εἴδετε
3083 5262 3199 5324 πῶς
3218 5261 3306 5314 διὰ
3333 5261 3431 5330 τῆς
3460 5260 3744 5343 ἐρωτήσεσι

2114 5349 2208 5399 καὶ
2241 5346 2334 5399 τοῦ
2377 5346 2575 5411 λέγειν,
2619 5347 2715 5413 Τίς
2754 5345 3071 5415 ἀνήγγειλέ
3104 5363 3204 5401 σοι
3237 5345 3325 5399 ὅτι
3362 5346 3595 5414 γυμνὸς
3621 5343 3693 5407 εἷ,
3729 5359 3742 5413 ι

2108 5431 2195 5499 μὴ
2224 5430 2343 5485 ἀπὸ
2376 5431 2481 5485 τοῦ
2519 5430 2728 5495 ξύλου,
2772 5425 2844 5485 οὗ
2885 5428 3276 5499 ἐνετειλάμην
3304 5444 3402 5483 σοι
3438 5429 3659 5482 τούτου
3682 5428 3742 5495 μά

2111 5530 2222 5566 νου
2245 5514 2330 5581 μὴ
2361 5514 2591 5582 φαγεῖν,
2622 5515 2722 5568 ἀπ’
2744 5512 2930 5567 αὐτοῦ
2950 5514 3187 5581 ἔφαγες,
3212 5513 3376 5584 θύρας
3402 5512 3551 5581 αύτῷ
3579 5510 3740 5574 ἀνοῖξε

2116 5596 2365 5667 βούλεται
2396 5595 2709 5664 ἀπολογίας,
2753 5596 2839 5649 ἵνα
2875 5596 2971 5647 καὶ
3014 5595 3147 5667 πρὸς
3193 5595 3277 5648 τὸν
3326 5594 3495 5655 οὕτως
3526 5596 3740 5665 ἡμαρτη

2896 5682 2918 5709 ε
2950 5679 3073 5732 Reg.
3112 5692 3237 5726 unus
3260 5679 3337 5725 διὰ
3381 5678 3464 5732 τήν
3510 5674 3640 5732 παχύ

2178 5678 2504 5747 (ξξβῖὶιητρὺς
2534 5678 2843 5747 ὑπευθύνους.-
2886 5682 2929 5747 _°_
2950 5679 3073 5747 Reg.
3102 5692 3242 5747 pays.
3260 5679 3337 5725 διά
3365 5678 3464 5747 Δτήν
3510 5678 3663 5747 παχύς

2122 5741 2143 5780 ί
2173 5742 2270 5791 Alii
2301 5740 2393 5788 ὑπὸ
2418 5740 2709 5788 δεσποτείαν.
2741 5741 2862 5789 Ibid.
2886 5737 3058 5789 Morel'.
3095 5739 3454 5788 ἐπιδείκνυσθαι.
3524 5737 3551 5775 8
3579 5737 3704 5785 Cois!

1993 5840 2005 5850 .
2118 5790 2344 5863 ἐφίεσθαι.
2374 5802 2522 5851 Savil.
2551 5808 2605 5851 et
2626 5804 2723 5852 duo
2745 5816 2857 5851 mss.
2890 5802 3220 5858 ὲπιτεύξεσθαι.
3289 5798 3317 5838 ιι
3349 5801 3469 5861 Reg.

2235 5804 2344 5849 τθαι.
2374 5802 2522 5851 Savil.
2551 5808 2605 5851 et
2626 5804 2723 5852 duo
2745 5816 2857 5851 mss.
2890 5802 3220 5858 ὲπιτεύξεσθαι.
3289 5798 3317 5838 ιι
3349 5801 3469 5861 Reg.
3500 5812 3633 5849 unus
3652 5791 3734 5847 add

2117 5865 2366 5912 δεσπότου.
