3754 6264
82 239 171 294 157
1154 229 1218 285 ΙΝ
1257 231 1408 287 CAP.
1453 230 1537 285 Ill.
1572 232 1815 290 GENES.
1862 234 2088 293 "0M"...
2134 238 2294 294 XVII.

79 362 205 406 siros
216 342 754 408 eondemnemus,nisi
769 356 925 397 causa
942 352 1095 397 antea
1112 344 1389 412 diligenter
1400 345 1631 414 cognita.

139 440 188 493 ὅ.
206 435 495 491 Audiamus
515 434 691 503 igitur,
714 434 757 488 si
784 434 971 503 placet,
997 450 1114 502 qua:
1130 434 1293 503 judex
1318 436 1633 504 interroget,

79 544 182 599 qua:
210 526 282 581 rei
309 523 683 594 respondeant,
717 538 848 593 quas
878 539 1060 594 pmnas
1082 524 1270 589 ferant,
1310 537 1361 578 et
1390 525 1472 579 cui
1503 540 1633 579 eon-

78 616 387 673 dentnationi
418 614 679 668 obnoxius
704 613 859 667 fuerit
884 616 929 667 is
958 615 1045 684 qui
1079 615 1129 668 in
1158 615 1277 668 illos
1307 624 1477 668 tantas
1504 615 1633 669 insi-

78 712 177 764 dias
201 707 525 761 machinatus
544 714 643 760 est.
676 705 800 772 Sed,
832 707 1073 770 obsecro,
1095 709 1330 761 animum
1359 708 1634 773 attendite,

78 816 119 857 et
141 800 299 854 multo
315 814 432 853 cum
456 798 641 853 timore
660 798 797 852 dicta
814 798 1121 851 auscultate.
1144 800 1200 852 Si
1214 798 1377 864 enim,
1403 812 1524 851 cum
1555 798 1635 851 vi-

81 895 247 949 demus
277 901 544 946 terrenum
581 890 813 957 judicem
846 890 896 942 in
925 890 1137 944 sublimi
1169 889 1416 943 tribunali
1444 889 1633 943 seden-

83 993 191 1048 tem,
213 996 333 1036 reos
362 980 412 1034 in
441 981 669 1033 medium
698 979 1074 1048 producentem
1092 1020 1111 1045 l,
1144 990 1197 1034 et
1224 979 1494 1048 suppliciis
1518 979 1635 1031 affi-

82 1074 316 1135 cieutem,
336 1085 453 1123 'non
482 1070 597 1123 sine
625 1069 812 1123 timore
838 1070 1145 1134 adstamus,
1178 1070 1362 1124 audire
1391 1070 1634 1124 volentes

84 1166 309 1233 quidnam
330 1163 488 1232 judex
514 1162 675 1226 dicat,
706 1172 759 1217 et
784 1162 910 1233 quid
937 1162 1254 1232 respondeat
1280 1176 1402 1217 reus
1430 1179 1442 1213 :
1468 1164 1636 1216 multo

84 1258 227 1326 inagis
256 1270 395 1309 nunc
419 1254 518 1308 hoc
544 1254 697 1308 nobis
726 1252 1048 1319 faciendum,
1081 1269 1200 1309 cum
1227 1255 1468 1308 videmus
1505 1252 1633 1323 Opi-

86 1352 211 1401 licem
238 1355 437 1400 natura:
470 1360 676 1415 pinnam
703 1345 814 1399 suis
845 1346 1102 1399 creaturis
1128 1347 1409 1400 intentare.
1439 1345 1635 1399 Verum

83 1442 118 1493 si
144 1438 416 1507 diligenter
442 1436 745 1502 attendatis,
779 1435 1023 1490 videbitis
1044 1444 1294 1505 quantum
1318 1436 1527 1490 intersit
1553 1436 1635 1488 in-

86 1541 151 1585 ter
184 1527 596 1583 misericordiam
626 1527 741 1590 Dei,
774 1536 826 1581 et
858 1518 1129 1580 hominum
1160 1542 1284 1595 erga
1312 1540 1636 1595 congenercs

82 1622 415 1678 severitatem.
445 1619 498 1674 9.
548 1619 614 1673 Et
659 1620 848 1673 vocavit
896 1618 1141 1672 Dominus
1189 1616 1327 1672 Deus
1373 1618 1560 1683 Adam,
1586 1626 1637 1671 et

87 1716 190 1767 dixit
216 1714 290 1768 illi
323 1728 342 1766 :
371 1712 554 1776 Adam,
586 1712 668 1764 ubi
712 1711 810 1765 es?
851 1710 943 1765 Vel
976 1726 1039 1764 ex
1082 1710 1193 1780 ipsa
1222 1711 1636 1781 interrogatione

86 1804 181 1873 jure
206 1803 640 1871 obstupescamus
667 1800 733 1854 ad
763 1801 1086 1855 eminentem
1123 1801 1215 1855 Dei
1255 1801 1591 1856 clementiam
1618 1819 1632 1854 :

88 1914 173 1952 non
192 1898 357 1950 solum
378 1896 516 1965 quod
549 1894 838 1960 vocaverit,
866 1893 958 1948 sed
990 1894 1130 1963 quod
1158 1910 1251 1963 per
1276 1896 1508 1964 seipsum
1538 1909 1635 1948 vo-

89 1989 257 2043 caverit
283 2007 295 2041 :
330 1987 382 2041 id
403 1986 542 2056 quod
567 1986 807 2040 homines
830 1984 1005 2039 facere
1030 2001 1316 2056 numquam
1342 1986 1536 2040 ferrent
1558 1986 1638 2039 in-

91 2091 153 2134 ter
174 2095 245 2141 se,
269 2079 391 2132 licet
419 2072 659 2131 eamdem
691 2086 929 2129 naturam
952 2076 1123 2130 sortiti
1145 2077 1271 2131 sint.
1293 2075 1449 2131 Scitis
1469 2078 1632 2144 enim,

92 2187 185 2226 cum
206 2170 409 2240 judices
440 2169 491 2222 in
514 2169 621 2223 alto
647 2168 781 2222 solio
804 2168 1011 2233 Sedent,
1035 2170 1371 2239 rationesque
1392 2179 1637 2239 repetunt

92 2280 114 2317 a
137 2261 566 2328 malefactoribus,
599 2276 700 2316 nec
728 2276 825 2317 suo
854 2276 948 2315 eos
968 2275 1226 2330 responso
1254 2262 1456 2331 dignari
1487 2279 1500 2316 :
1536 2262 1638 2317 hoc

94 2356 185 2423 ipso
204 2354 541 2409 ostendentes
566 2354 689 2417 illis,
718 2339 909 2422 quanta
938 2354 1220 2423 ignominia
1251 2370 1369 2409 sese
1397 2354 1507 2409 suis
1538 2354 1636 2409 lla-

94 2432 205 2514 giliis
239 2446 596 2515 asperserint:
630 2454 682 2499 et
727 2444 887 2514 judex
930 2444 1141 2515 quidem
1184 2445 1493 2513 respondet,
1543 2445 1637 2501 sed

97 2538 203 2590 alius
224 2537 482 2605 quispiam
510 2551 541 2589 a
565 2536 740 2605 judice
767 2535 882 2590 1]ωο
901 2536 1190 2604 excipiens.
1220 2552 1312 2591 reo
1337 2538 1634 2605 annuntiat,

96 2641 136 2683 et
154 2629 298 2697 judici
320 2643 531 2697 quoque
565 2642 682 2697 qua:
711 2642 832 2681 rcus
857 2627 1065 2681 dixerat
1095 2645 1107 2680 :
1143 2636 1195 2681 et
1223 2628 1307 2683 hic
1333 2628 1498 2683 ferme
1519 2630 1635 2682 ubi-

99 2735 176 2789 que
195 2718 533 2788 judicantium
560 2733 676 2771 mos
704 2726 803 2771 est.
836 2716 1029 2771 Verum
1074 2718 1214 2773 Deus
1254 2734 1359 2772 non
1389 2720 1465 2772 sic
1493 2719 1634 2788 agit,

101 2812 169 2865 sed
201 2811 459 2881 quomodo
476 2814 500 2863 ’ξ
540 2810 655 2879 lpse
699 2826 792 2879 per
830 2824 948 2864 sese
991 2820 1143 2864 vocat
1180 2828 1193 2862 :
1228 2810 1294 2863 Et
1324 2812 1531 2873 vocarit,
1562 2810 1641 2863 itt-

101 2904 203 2971 quit,
228 2902 473 2957 Dominus
492 2901 629 2956 Deus
655 2902 838 2966 Adam,
864 2913 909 2956 et
934 2902 1060 2956 dixit
1089 2903 1168 2955 illi
1184 2902 1403 2967 :Admn,
1433 2903 1517 2955 ubi
1544 2902 1642 2955 es?

102 2994 203 3049 \‘ide
233 2997 281 3049 in
319 2994 465 3048 brevi
495 2993 595 3047 hac
628 2992 859 3048 dictione
901 3004 1097 3062 quanta
1135 2994 1215 3047 vis
1245 2992 1513 3048 recondita
1545 2994 1633 3046 sit.

104 3085 201 3139 Nam
227 3098 275 3139 ct
304 3088 476 3157 ipsum
520 3100 728 3149 vocare,
770 3100 969 3153 magna-
1008 3093 1060 3138 et
1102 3083 1385 3139 ineffabilis
1420 3096 1502 3139 est
1534 3086 1644 3137 cle-

106 3183 279 3233 tuentizc
303 3222 316 3244 ,
353 3179 760 3233 erubescentem
782 3218 796 3240 ,
826 3186 880 3231 et
904 3192 1076 3247 nequc
1116 3192 1175 3230 os
1201 3178 1407 3246 aperire
1427 3219 1440 3241 ,
1472 3190 1643 3246 neque

105 3272 297 3340 lingaant
335 3287 551 3325 nmvere
581 3270 861 3325 audentem
897 3286 1119 3334 vocare,
1147 3282 1199 3324 et
1226 3286 1319 3339 per
1345 3269 1642 3339 interroga-

106 3365 265 3418 tionem
293 3364 627 3418 occasionem
654 3362 800 3424 dare,
830 3359 880 3414 id
905 3360 1126 3430 ingentis
1149 3370 1261 3417 erat
1285 3360 1642 3429 benignitatis:

107 3456 203 3509 illud
221 3466 388 3509 autem
410 3454 611 3518 dicere,
647 3452 741 3507 Ubi
770 3453 861 3506 es?
901 3453 1179 3521 plurimam
1210 3468 1311 3505 una
1339 3468 1460 3507 cum
1493 3452 1643 3506 beni-

106 3548 267 3613 gnitatc
289 3547 393 3599 vim
424 3545 600 3599 habet.
644 3544 867 3598 Perinde
893 3544 1032 3598 enim
1078 3542 1412 3597 subindieare
1438 3543 1646 3597 videtur

110 3653 152 3689 ac
168 3639 201 3690 si
215 3638 435 3691 diceret:
461 3635 594 3701 Quid
622 3635 815 3688 factum
842 3635 960 3689 est?
987 3633 1041 3687 In
1065 3634 1169 3687 alio
1199 3643 1250 3687 te
1273 3642 1411 3688 statu
1436 3633 1644 3703 reliqui,

110 3725 145 3778 in
170 3728 257 3779 alio
282 3737 330 3782 te
362 3727 575 3780 invenio
605 3742 617 3777 :
650 3726 813 3796 gloria
845 3725 1089 3779 vestitum
1121 3734 1172 3779 te
1200 3725 1407 3794 reliqui,
1429 3741 1566 3779 nunc
1594 3726 1645 3778 in

112 3822 306 3873 nuditate
350 3832 402 3874 te
443 3819 676 3872 invenio.
716 3816 814 3872 Ubi
841 3818 929 3870 es?
972 3816 1124 3873 Unde
1162 3817 1252 3870 tibi
1280 3816 1379 3871 hoc
1422 3817 1647 3871 accidit?

114 3911 210 3975 Quis
229 3924 275 3967 te
306 3913 355 3967 in
388 3920 591 3966 tantam
636 3911 840 3965 induxit
868 3910 1326 3965 vicissitudinem?
1358 3910 1485 3977 Quis
1514 3910 1648 3964 latro

116 4002 178 4053 vel
200 4000 272 4054 fur
298 4002 372 4054 sic
401 4002 567 4055 semel
597 4016 808 4054 omnem
838 4000 1141 4054 divitiarum
1176 4000 1523 4053 substantiam
1554 4015 1649 4054 au-

118 4090 272 4153 ferens,
296 4093 343 4144 in
378 4102 578 4144 tantam
604 4100 653 4145 te
680 4092 910 4160 inopiam
935 4090 1191 4145 deduxit?
1220 4089 1369 4145 Unde
1396 4089 1648 4143 nuditatis

118 4196 264 4234 sensus
291 4182 380 4235 tibi
412 4181 666 4251 contigit?
691 4182 819 4247 Quis
850 4180 940 4234 tibi
968 4181 1019 4234 in
1047 4196 1206 4235 causa
1236 4180 1351 4246 fuit,
1384 4189 1440 4234 ut
1468 4180 1647 4235 aufer-

120 4282 227 4323 retur
250 4284 345 4327 ate
372 4274 747 4327 vestimentum
785 4272 911 4327 illud
940 4272 1272 4336 admirabile,
1294 4288 1398 4343 quo
1423 4273 1647 4327 amictus

123 4366 241 4418 cras?
275 4368 398 4433 Quae
443 4368 715 4434 repentina
760 4365 871 4419 lure
910 4365 1165 4418 mutatio?
1205 4365 1333 4432 Qua:
1364 4375 1650 4435 tempestas

124 4454 171 4505 ita
188 4458 341 4510 subito
364 4473 555 4510 omnes
586 4466 698 4510 tuas
721 4471 927 4511 merces
954 4457 1239 4510 demersit?
1263 4456 1397 4524 Quid
1424 4456 1644 4522 accidit,

72 4582 73 4585 η
125 4548 227 4611 quod
249 4548 309 4601 ab
346 4565 443 4613 eo,
475 4549 561 4617 qui
608 4548 696 4600 tibi
743 4557 883 4599 tanta
916 4546 1164 4601 beneficia
1200 4547 1474 4615 praestitit,
1517 4556 1569 4600 et
1596 4547 1649 4601 in

127 4642 282 4690 tantum
318 4639 576 4693 honorem
608 4646 659 4691 te
696 4638 903 4701 evexit,
936 4626 1188 4690 occultari
1230 4636 1460 4705 satagis?
1482 4635 1647 4702 Quem

129 4744 229 4783 nunc
249 4733 463 4797 timens,
496 4730 805 4783 delitescere
844 4728 1061 4782 studes?
1092 4728 1224 4781 Num
1256 4728 1403 4781 adest
1430 4742 1650 4780 accusa-

76 4820 81 4835 ⁵
129 4818 215 4870 tor?
236 4838 347 4874 num
379 4824 579 4875 instant
610 4819 808 4873 testes?
837 4818 983 4874 Unde
1006 4828 1143 4871 tanta
1172 4818 1417 4882 formido,
1452 4828 1651 4871 tantus-

78 4892 83 4921 i
131 4925 201 4975 que
222 4922 373 4965 metus
400 4924 452 4967 te
490 4912 716 4965 invasit?
745 4911 829 4964 10.
865 4909 1044 4974 Tuam,
1072 4910 1259 4978 inquit,
1290 4909 1653 4962 deambulantis

80 4988 87 5067 ξ
134 5000 166 5049 in
202 5007 411 5068 paradiso
450 5020 619 5056 vocem
657 5003 825 5054 audivi
850 5044 863 5066 ,
897 5011 940 5053 et
972 5001 1132 5063 timui,
1161 5002 1278 5069 quia
1307 5002 1471 5053 mulus
1500 5017 1610 5052 sunt
1633 5041 1649 5066 ,

84 5142 97 5173 ι
136 5101 165 5140 et
196 5094 402 5147 abscondi
450 5111 531 5147 me
566 5094 605 5147 ¹.
656 5093 805 5148 Unde
850 5094 940 5146 tibi
994 5093 1246 5147 nuditatis
1292 5092 1473 5145 notitia
1519 5106 1651 5144 con-

86 5182 257 5253 ,ligit?
298 5185 377 5238 dic
424 5184 554 5238 mihi
604 5202 617 5236 :
680 5183 803 5253 quid
861 5183 960 5236 hoc
1018 5199 1211 5236 novum
1269 5192 1317 5237 et
1378 5181 1653 5237 insolens?

88 5296 99 5351 μ
141 5267 232 5330 Otus
270 5273 361 5328 hoc
412 5291 661 5344 umquam
712 5275 1025 5326 annuntiare
1080 5274 1334 5342 potuisset
1377 5273 1505 5337 tibi,
1553 5272 1652 5325 nisi

88 5364 99 5423 l
144 5358 222 5423 ipse
256 5362 396 5431 hujus
446 5366 665 5435 pudoris
712 5374 894 5417 auctor
948 5365 1037 5419 tibi
1093 5364 1316 5418 fuisses?
1370 5364 1467 5417 nisi
1512 5381 1542 5417 a
1596 5365 1658 5416 lic

90 5446 103 5523 1
146 5462 232 5514 tum,
267 5454 326 5509 de
364 5471 467 5525 quo
505 5456 729 5525 princepi
752 5496 767 5519 ,
816 5465 875 5508 ut
912 5470 977 5509 ex
1016 5470 1081 5509 eo
1121 5454 1236 5508 solo
1279 5469 1383 5508 non
1412 5454 1657 5509 comede-

92 5538 113 5657 t
228 5591 331 5657 Post,
349 5587 568 5637 abscondi
591 5600 685 5657 me,
702 5587 892 5657 quidam
928 5592 1033 5635 Mss.
1058 5592 1248 5635 101mm
1269 5587 1520 5649 δαίνιιιτθε
1546 5598 1655 5649 Pw"

148 5652 357 5704 sequuntur
377 5662 527 5713 usque
548 5650 625 5710 ad,
644 5647 907 5699 comedisti.

3217 251 3319 305 158

1746 364 1865 408 res.
1909 351 2273 405 cotnedisses‘l
2317 352 2445 407 Vide
2492 355 2755 425 ingentem
2807 359 3219 416 miscricordiam
3266 373 3321 417 et

1745 439 2046 506 patientiam
2101 442 2325 496 Domini.
2376 444 2672 507 Namcum
2721 459 2898 516 posset
2943 466 3010 505 ne
3058 466 3317 521 responso

1742 529 1954 597 quidem
1984 531 2183 601 dignari
2212 550 2331 589 enm
2362 537 2448 605 qui
2479 550 2823 606 peccaverat,
2857 540 2949 594 sed
2986 542 3164 596 statim
3208 558 3319 611 pte-

1744 634 1863 672 nam
1905 620 2171 690 inﬂigere,
2210 641 2365 693 quam
2411 628 2555 694 prius
2596 636 2851 683 statuerat
2888 632 3316 699 prmvaricaturo.

1743 709 2001 776 patienter
2030 721 2202 767 tamen
2229 716 2358 782 agit,
2385 718 2594 782 tolerat,
2617 729 2671 773 et
2696 719 3001 789 interrogat,
3024 731 3075 775 et
3101 739 3318 793 respon-

1742 815 1856 852 sum
1881 803 2071 871 accipit
2100 822 2111 856 :
2142 814 2196 858 et
2225 805 2414 861 iterum
2444 809 2749 879 interrogat,
2775 814 2923 881 quasi
2954 812 3020 867 ad
3047 813 3315 871 defensio-

1745 907 1863 943 nem
1892 910 2011 945 eum
2046 910 2358 962 provocans,
2388 908 2445 951 ut
2469 910 2680 970 arrepta
2701 904 2979 959 occasione
3010 907 3167 959 etiam
3200 916 3318 976 post

1744 990 1941 1035 tantam
1976 987 2481 1053 prievaricationetn,
2510 1004 2658 1044 suam
2683 1007 2805 1060 erga
2839 994 2985 1047 illutn
3016 996 3318 1052 misericor-

1740 1071 1879 1125 diam
1923 1074 2213 1129 exhibeat:
2244 1092 2349 1145 quo
2396 1080 2553 1132 etiam
2602 1096 2699 1134 nos
2734 1084 2908 1149 docet,
2940 1093 2997 1137 ut
3031 1086 3240 1154 quando
3266 1100 3321 1142 ct

1743 1179 1839 1217 nos
1872 1165 1975 1219 reis
2000 1166 2087 1235 jus
2111 1168 2335 1221 dicimus
2354 1210 2367 1234 ,
2396 1186 2503 1223 non
2531 1178 2634 1223 tam
2665 1171 2950 1228 inhumane
2989 1176 3092 1230 illis
3129 1176 3317 1245 loqua-

1741 1270 1879 1319 mur,
1906 1271 2077 1325 neque
2110 1256 2277 1312 ferina
2316 1259 2366 1313 in
2405 1261 2522 1314 illos
2563 1271 2771 1315 utamur
2802 1264 3003 1318 saevitia
3031 1283 3043 1318 :
3077 1267 3170 1321 sed
3196 1283 3317 1323 cum

1745 1346 2020 1401 tolerantia
2066 1350 2229 1404 multa
2266 1359 2321 1405 et
2363 1352 2721 1407 misericordia
2752 1370 2989 1426 agamus,
3019 1367 3197 1426 utpote
3222 1376 3320 1413 no-

1743 1438 1867 1493 stris
1894 1440 2125 1507 ipsnrum
2160 1442 2412 1495 membris
2436 1442 2523 1511 jus
2548 1443 2771 1509 dicturi,
2799 1453 2853 1498 et
2878 1446 3173 1515 cogitantes
3199 1450 3316 1503 illos

1740 1529 1892 1583 nobis
1914 1545 2031 1584 eSse
2061 1545 2407 1599 congeneres,
2439 1532 2753 1602 supplicium
2786 1535 3145 1589 misericordia
3182 1549 3315 1591 tent-

1741 1636 2006 1689 peremus.
2045 1621 2159 1675 Non
2190 1624 2329 1675 enim
2358 1623 2553 1678 frustra
2583 1635 2724 1679 tanta
2750 1627 3027 1681 verborum
3058 1638 3318 1700 attempe-

1740 1714 1942 1767 ratione
1970 1714 2133 1767 utitur
2157 1714 2332 1768 divina
2362 1716 2628 1785 Scriptura
2646 1758 2661 1780 ,
2703 1718 2795 1773 sed
2823 1719 2997 1774 verbis
3030 1722 3315 1777 humilibus

1737 1804 1893 1859 docet
1943 1815 1997 1859 ct
2034 1818 2300 1875 provocat,
2342 1819 2398 1861 ut
2446 1825 2539 1877 pro
2578 1810 2774 1865 viribus
2820 1811 3065 1867 humanis
3109 1815 3316 1870 Domini

1740 1894 2116 1965 benignitatem
2136 1900 2423 1953 imitemur.
2440 1901 2524 1953 ll.
2559 1900 2797 1971 Dixitque
2818 1920 2836 1955 :
2863 1904 2985 1968 Quis
3002 1907 3316 1959 annuntiavit

1740 1988 1829 2039 tibi
1849 1989 1985 2056 quod
2014 1990 2175 2043 nudus
2203 2007 2360 2056 esses,
2392 1992 2488 2045 nisi
2514 1990 2689 2066 [quod]
2722 1995 2784 2047 de
2812 1996 2969 2065 ligno,
2997 1997 3059 2051 de
3082 2016 3179 2068 qua
3206 2000 3316 2054 solo

1741 2081 1956 2150 praecepi
1980 2081 2067 2133 tibi
2088 2098 2148 2134 ne
2170 2083 2472 2149 comederes,
2495 2084 2557 2137 de
2575 2084 2664 2137 illo
2683 2085 2791 2155 ipso
2812 2088 3068 2141 comedisti
3087 2090 3112 2141 ?
3140 2089 3313 2155 Unde,

1742 2170 1929 2238 inquit,
1961 2185 2143 2239 posses
2170 2170 2269 2225 hoc
2295 2172 2460 2237 scire,
2506 2182 2556 2228 te
2603 2168 2746 2229 tanto
2782 2176 2981 2243 pudore
3022 2178 3182 2245 affici,
3217 2181 3315 2234 nisi

1740 2260 1962 2314 multum
2008 2261 2366 2330 intemperans
2413 2261 2641 2330 fuisses,
2687 2272 2741 2318 et
2789 2266 3093 2321 mandatum
3136 2284 3313 2324 meum

1740 2352 2152 2421 contempsisses
2169 2353 2192 2406 ἲ

1811 2444 1866 2496 4.
1904 2441 2216 2510 Considera,
2260 2443 2471 2511 dilecte,
2514 2444 2762 2500 bonitatis
2805 2446 2893 2501 Dei
2928 2448 3313 2513 excellentiam,

1740 2535 2008 2603 quomodo
2049 2536 2197 2605 quasi
2244 2538 2445 2591 amicus
2482 2537 2653 2592 amico
2697 2539 2945 2609 loquitur,
2972 2550 3026 2596 et
3053 2542 3203 2610 quasi
3227 2558 3320 2597 ex-

1742 2626 1973 2694 postulat
2004 2612 2123 2679 cutu
2151 2640 2215 2679 eo
2240 2627 2327 2696 qui
2360 2628 2600 2680 mandata
2631 2638 2990 2698 transgressus
3014 2642 3146 2685 erat.
3192 2632 3318 2697 Quis

1742 2717 2089 2770 annuntiasset
2117 2717 2205 2771 tibi
2228 2717 2363 2787 quod
2389 2720 2554 2773 nudus
2579 2737 2729 2787 esses,
2758 2722 2865 2773 nisi
2884 2722 2945 2774 de
2973 2722 3108 2791 ligno
3135 2724 3197 2775 de
3220 2740 3319 2791 quo

1742 2808 1850 2861 solo
1873 2808 2091 2877 praecepi
2110 2810 2195 2861 tibi
2224 2826 2286 2863 ne
2312 2810 2615 2877 comederes,
2644 2812 2705 2864 de
2730 2812 2818 2865 illo
2848 2814 2956 2879 ipso
2983 2816 3276 2869 contedisses
3293 2816 3321 2869 ἵ

1743 2899 1859 2954 Non
1889 2910 2035 2955 caret
2060 2902 2319 2971 emphasi,
2348 2912 2402 2956 et
2432 2903 2609 2957 latenti
2640 2905 2863 2973 quadam
2895 2908 2970 2972 vi,
3000 2908 3140 2977 quod
3167 2910 3316 2974 dicit,

1743 2991 1823 3046 De
1844 3010 1943 3062 quo
1962 2994 2068 3047 solo
2090 2994 2268 3063 :quasi
2291 2994 2511 3059 diceret,
2533 2995 2667 3049 Num
2690 2997 2822 3050 adeo
2841 3008 3089 3067 angustos
3110 2998 3317 3056 fruendi

1745 3084 1937 3139 limites
1962 3086 2050 3138 tibi
2076 3086 2403 3155 praescripsi?
2430 3086 2615 3141 Nonne
2635 3104 2844 3142 omnem
2866 3090 3071 3158 copiam
3095 3092 3315 3158 praebui,

1746 3187 1800 3229 et
1826 3177 2059 3229 omnium
2088 3192 2205 3246 quae
2236 3176 2286 3231 in
2313 3178 2553 3246 paradiso
2580 3188 2703 3233 sunt
2732 3189 3042 3248 potestatem
3075 3181 3165 3235 tibi
3192 3197 3320 3236 con-

1746 3270 1961 3335 cedens,
1989 3272 2055 3324 ab
2082 3272 2182 3325 hoc
2205 3273 2360 3327 unico
2396 3281 2452 3326 ut
2489 3273 2784 3329 abstineres
2823 3277 3067 3345 prrecepi,
3099 3288 3154 3330 ut
3181 3277 3320 3331 scire

1750 3376 1931 3430 posses
1961 3370 2011 3416 te
2038 3362 2135 3415 sub
2158 3362 2376 3417 domino
2404 3364 2633 3433 quodam
2663 3379 2780 3419 esse
2803 3406 2819 3431 ,
2852 3366 2933 3418 cui
2963 3366 3317 3420 obedientiam

1748 3452 1947 3506 debes?
1973 3452 2100 3519 Qua:
2130 3453 2286 3522 igitur
2308 3462 2450 3507 tanta
2478 3455 2795 3524 negligentia
2825 3455 2934 3521 illa,
2963 3466 3016 3509 ut
3040 3457 3197 3509 tantis
3213 3454 3323 3508 fru-

1746 3543 1922 3598 ctibus
1949 3560 2052 3597 non
2075 3555 2371 3607 contentus,
2395 3545 2461 3600 ab
2484 3546 2583 3601 hoc
2605 3547 2758 3601 unico
2781 3547 3047 3601 abstinere
3067 3548 3318 3612 nolueris,

1738 3643 1803 3707 et
1832 3636 1910 3689 sic
1935 3635 2110 3689 statim
2137 3635 2204 3689 ad
2233 3636 2531 3689 violandum
2553 3636 2857 3691 mandatum
2882 3638 3020 3707 quod
3050 3637 3170 3691 dedi
3201 3652 3323 3706 pro-

1751 3726 1992 3794 ruperis,
2024 3741 2087 3780 ac
2127 3735 2176 3780 te
2222 3727 2379 3780 tantis
2426 3726 2576 3779 malis
2620 3726 3012 3794 implicaveris?
3054 3727 3189 3793 Qua:
3229 3728 3320 3781 tibi

1751 3815 1873 3870 inde
1903 3815 2136 3869 utilitas?
2176 3817 2365 3869 Annon
2397 3815 2511 3869 haec
2539 3818 2789 3885 priedixi?
2829 3832 3002 3870 nonne
3033 3826 3173 3870 metu
3205 3831 3320 3885 pa:-

1751 3922 1833 3961 na:
1862 3907 1999 3960 volui
2028 3922 2121 3961 vos
2146 3922 2393 3962 coercere
2419 3916 2472 3961 et
2494 3907 2733 3962 munire?
2764 3923 2937 3962 nonne
2962 3907 3069 3963 dixi
3089 3923 3208 3978 qua:
3232 3923 3323 3962 vo-

1752 3996 1832 4049 bis
1859 4006 2109 4051 eventura
2143 3998 2330 4050 erant?
2364 4011 2542 4051 nonne
2570 3995 2668 4050 hac
2692 3997 2759 4050 de
2784 4012 2940 4049 causa
2962 4037 2977 4061 ,
3008 4012 3073 4051 ne
3100 3998 3150 4050 in
3181 4005 3320 4049 tanta

1751 4086 1888 4139 mala
1918 4085 2241 4151 incideretis,
2272 4086 2410 4140 lnmc
2433 4086 2609 4140 cibum
2641 4085 2919 4155 prohibui?
2944 4085 3072 4154 Quis
3112 4095 3163 4140 te
3202 4094 3326 4156 post

1752 4177 1904 4232 venia
1933 4176 2175 4246 dignetur
2200 4218 2215 4243 ,
2257 4179 2341 4247 qui
2375 4189 2489 4247 post
2517 4188 2657 4231 tanta
2691 4179 2935 4232 mandata
2966 4179 3069 4233 Deo
3095 4180 3328 4248 ingratus

1753 4266 1947 4321 fueris?
1972 4268 2157 4322 Nonne
2179 4269 2311 4322 sicut
2334 4281 2482 4337 pater
2505 4269 2752 4322 dilectum
2777 4270 2962 4336 lilium,
2987 4269 3053 4323 de
3079 4270 3324 4325 omnibus

1753 4359 1881 4412 satis
1905 4358 2130 4413 dilucide
2158 4368 2212 4413 et
2255 4360 2499 4415 distincte
2529 4361 2771 4424 instruxi,
2800 4370 2856 4414 ut
2880 4361 2948 4415 de
2972 4362 3089 4415 aliis
3115 4364 3325 4432 quidem

1752 4462 2013 4521 gnstares,
2041 4453 2108 4505 ab
2150 4452 2249 4505 hoc
2286 4463 2459 4505 autent
2500 4453 2826 4519 abstineres,
2860 4462 3009 4507 utne
3034 4456 3209 4507 omnia
3242 4464 3329 4508 tua

1755 4542 1890 4595 bona
1920 4542 2078 4595 simul
2110 4542 2394 4610 perderes?
2420 4542 2522 4597 Sed
2544 4542 2680 4597 forte
2708 4552 2851 4597 ratus
2876 4560 2934 4597 es
2961 4543 3180 4598 alterius
3202 4562 3331 4599 con-

1755 4636 1929 4688 silium
1960 4650 2079 4689 meo
2109 4634 2357 4688 mandato
2384 4635 2573 4689 melius
2610 4645 2661 4690 et
2705 4634 2809 4690 ﬁde
2849 4636 3091 4706 dignius;
3141 4646 3196 4691 et
3232 4654 3329 4692 ex-

1755 4727 2077 4795 spectatione
2119 4726 2379 4794 majorum
2429 4727 2686 4779 bonorum
2732 4727 2844 4781 hinc
2887 4727 3078 4794 fecisti,
3106 4737 3159 4782 et
3199 4744 3328 4782 con-

1758 4826 1958 4884 tempto
1985 4816 2233 4870 mandato
2260 4831 2402 4882 meo,
2432 4817 2498 4871 de
2526 4818 2665 4888 ligno
2693 4818 2851 4872 edere
2882 4834 3042 4872 ausus
3072 4834 3149 4873 es.
3196 4820 3328 4873 Ecce

1757 4910 1880 4978 quid
1909 4909 1999 4962 tibi
2031 4909 2301 4972 acciderit,
2323 4926 2461 4964 nunc
2476 4909 2794 4978 experientia
2823 4912 3078 4963 malorum
3102 4909 3328 4964 didicisti

1757 5013 1949 5070 quanta
1994 5002 2197 5055 consilii
2243 5002 2379 5053 illius
2425 5001 2705 5069 pernicies.
2753 5000 2968 5054 Vidistis
2998 4999 3194 5069 judicis
3221 4999 3328 5052 cle-

1760 5092 2050 5146 mentiam?
2080 5092 2283 5145 vidistis
2314 5090 2769 5145 mansaetudinem
2801 5100 2854 5143 et
2886 5090 3220 5142 tolerantiam
3252 5088 3331 5143 in-

1761 5181 2150 5236 cnarrabilem?
2201 5179 2407 5235 vidistis
2459 5181 2740 5234 verborum
2794 5179 3328 5246 attemperationem,

1761 5275 1903 5328 omni
1948 5288 2193 5327 sermone
2241 5283 2293 5325 et
2339 5272 2654 5341 cogitatione
2706 5270 3071 5340 superiorem?
3133 5271 3336 5327 vidistis

1761 5364 2027 5435 quomodo
2050 5379 2142 5431 per
2168 5362 2650 5430 interrogationem,
2674 5370 2728 5415 et
2755 5376 2847 5430 per
2873 5362 2985 5415 lucc
3006 5360 3183 5425 verba,
3212 5363 3337 5426 Quis

1763 5456 2074 5508 annuntiavit
2100 5454 2187 5507 tibi
2215 5454 2346 5522 quod
2372 5453 2536 5507 nudus
2561 5469 2690 5507 esses
2712 5495 2727 5520 ,
2755 5453 2854 5507 nisi
2880 5453 2942 5507 de
2967 5453 3124 5524 ligno,
3152 5453 3213 5505 de
3236 5470 3334 5522 quo

1762 5550 1870 5603 solo
1893 5548 2107 5617 praecepi
2133 5546 2220 5599 tibi
2246 5562 2306 5599 ne
2330 5546 2629 5613 comederes,
2661 5549 2724 5600 de
2751 5546 2840 5600 illo
2865 5546 2975 5617 ipso
2998 5545 3294 5600 comedisses
3316 5585 3330 5610 ,

1756 5640 1949 5711 jannas
1977 5638 2049 5691 illi
2075 5636 2282 5708 aperire
2322 5636 2434 5691 vult
2468 5635 2813 5709 defensionis,
2851 5646 2907 5693 ut
2943 5644 2999 5693 et
3038 5634 3336 5691 misericor-
