3796 6248
396 248 495 304 I39

389 366 530 418 diam
555 373 704 415 suam
729 369 853 426 erga
883 367 1003 411 eum
1030 351 1118 423 qui
1145 358 1347 404 tantmn
1374 352 1711 420 peccaverat,
1737 341 1972 397 aechm.

392 454 508 512 ret?
556 451 848 506 Audiamus
887 455 940 501 ct
979 458 1163 508 reum,
1203 437 1328 510 quid
1371 439 1436 493 ad
1481 439 1594 492 lucc
1633 429 1968 504 respondeat.

395 543 479 599 η.
511 542 573 596 Et
601 540 728 594 dixit
757 538 920 591 Adam
943 550 960 590 :
985 533 1171 586 Mulier
1191 545 1347 600 quam
1372 529 1552 584 dedisti
1579 537 1634 580 ut
1661 527 1723 580 sit
1754 537 1970 584 mecum,

391 635 503 701 ipsa
531 631 653 684 mihi
673 627 811 680 dedit
840 625 902 678 de
932 625 1089 694 ligno,
1115 631 1160 674 et
1190 621 1408 675 comedi.
1450 615 1767 674 Miscrabilia
1788 613 1969 676 verba,

381 739 445 782 et
473 737 660 792 magna
688 717 1027 773 miseratione
1050 714 1228 783 plena,
1252 728 1314 767 ac
1334 712 1490 782 digna
1511 723 1628 780 quae
1653 707 1716 762 ad
1739 707 1974 760 clemen-

392 818 516 868 tiam
549 811 830 866 Dominum
862 814 1184 877 provocent,
1215 817 1322 860 tam
1353 809 1684 858 mansuetum
1726 807 1779 852 et
1822 795 1974 849 boni.

394 916 501 961 tate
541 919 635 958 sua
677 902 972 954 vineentetn
1011 904 1198 953 nostra
1242 906 1474 968 peccata.
1521 893 1652 946 Nam
1697 899 1974 960 postquam

394 1005 616 1050 multum
639 991 914 1048 tolerando
935 989 1074 1044 illius
1097 999 1330 1046 mentem
1348 986 1647 1047 commovit,
1671 991 1724 1037 et
1747 979 1980 1034 ostendit

395 1087 594 1154 peccati
643 1081 1082 1152 magnitudinem,
1113 1081 1263 1152 quasi
1301 1078 1659 1134 defensionem
1687 1088 1876 1143 parans
1908 1071 1981 1123 ait

397 1177 470 1230 illi
500 1176 665 1230 Adam
697 1193 710 1226 :
745 1173 930 1226 Mulier
950 1191 1104 1244 quam
1126 1173 1306 1226 dedisti
1327 1180 1380 1224 ut
1400 1172 1462 1223 sit
1489 1183 1700 1230 mecum,
1724 1166 1834 1234 ipsa
1857 1163 1978 1216 mihi

393 1269 534 1321 dedit
565 1268 634 1320 de
673 1268 765 1319 hoc
811 1266 972 1335 ligno,
1011 1276 1057 1322 et
1095 1266 1308 1320 comedi.
1347 1263 1489 1328 Scio,
1523 1261 1710 1330 inquit,
1742 1275 1826 1313 me
1853 1273 1980 1326 pec-

396 1375 549 1414 casse
577 1376 588 1410 :
620 1359 714 1411 sed
741 1357 936 1414 mulier
959 1374 1115 1429 quam
1137 1357 1327 1412 dedisti
1361 1363 1416 1408 ut
1443 1355 1509 1408 sit
1536 1367 1763 1414 mecum,
1785 1351 1850 1404 de
1879 1365 1979 1419 qua

398 1451 514 1519 ipse
538 1448 738 1512 dixisti,
784 1448 1055 1504 Faciamus
1098 1447 1174 1501 illi
1217 1447 1498 1515 adjutorem
1537 1443 1807 1496 secundum
1846 1455 1979 1500 eum,

401 1544 515 1612 ipsa
545 1541 673 1595 mihi
704 1541 860 1613 hujus
893 1543 1060 1597 ruina:
1087 1555 1244 1596 causa
1273 1540 1386 1593 luit.
1418 1535 1604 1590 Mulier
1629 1551 1776 1605 quant
1801 1531 1981 1586 dedisti

403 1642 458 1684 ut
501 1633 567 1686 sit
613 1649 828 1688 mecum.
879 1633 1101 1703 Quando
1147 1633 1286 1685 enim
1329 1637 1723 1698 exspectassem
1757 1634 1812 1678 nt
1841 1635 1983 1678 tanta

403 1725 691 1795 ignominia
719 1743 805 1781 me
833 1726 1086 1788 afficeret,
1116 1739 1233 1792 quae
1259 1722 1378 1776 ideo
1408 1721 1615 1773 condita
1648 1729 1748 1782 est,
1776 1723 1836 1769 ιιι
1856 1716 1984 1769 mihi

405 1817 596 1872 solatio
623 1817 801 1870 esset?
843 1815 922 1870 Tu
958 1816 1086 1868 mihi
1128 1814 1292 1883 ipsam
1323 1811 1547 1873 dedisti,
1579 1821 1631 1864 tu
1663 1811 1828 1878 ipsam
1857 1809 1986 1863 mihi

409 1908 692 1962 adduxisti.
737 1907 872 1978 ipsa,
905 1911 1085 1960 nescio
1112 1904 1253 1958 unde
1282 1915 1445 1966 mota,
1471 1902 1616 1956 dedit
1657 1903 1782 1956 mihi
1818 1902 1882 1955 de
1921 1902 1987 1955 li-

407 2013 534 2067 gno,
562 2008 614 2052 et
647 1997 876 2051 comedi.
914 1995 1170 2050 Videntur
1209 1995 1322 2049 hzcc
1363 1993 1575 2062 quidem
1624 1991 1987 2046 defensionem

409 2086 690 2156 quamdam
733 2102 840 2154 prze
885 2099 943 2140 se
982 2085 1140 2150 ferre,
1190 2084 1282 2138 sed
1333 2097 1546 2152 prorsus
1592 2083 1745 2136 venia
1785 2091 1987 2136 carent.

413 2182 526 2246 Qua
556 2179 696 2234 e'nim
726 2179 878 2232 venia
907 2177 1098 2246 dignus
1124 2189 1202 2242 es,
1232 2175 1417 2244 inquit,
1450 2173 1538 2243 qui
1579 2189 1694 2227 mea
1728 2183 1990 2242 praveepta

403 2272 606 2326 oblitus
655 2269 839 2336 fueris,
881 2278 936 2322 et
979 2269 1068 2338 qui
1120 2267 1357 2321 mulieris
1401 2265 1594 2320 donum
1643 2266 1776 2320 meis
1818 2267 1991 2320 verbis

415 2361 797 2433 praeferendum
829 2357 1133 2429 putaveris?
1176 2358 1305 2412 Nam
1337 2358 1459 2411 licet
1484 2357 1674 2411 mulier
1696 2356 1872 2411 cibum
1900 2356 1994 2410 de-

412 2453 585 2517 derit,
629 2450 924 2506 sufliciebat
967 2461 1140 2504 tamen
1185 2448 1488 2502 mandatum
1519 2465 1715 2512 meum,
1745 2460 1798 2502 et
1836 2449 1994 2504 timor

412 2543 678 2614 supplicii,
711 2553 766 2596 ut
797 2551 848 2596 te
876 2541 942 2595 ab
970 2555 1064 2595 esu
1091 2540 1444 2595 deterrerent.
1479 2541 1558 2593 An
1587 2540 1902 2610 ignorabas?
1925 2555 1992 2594 an

419 2633 731 2689 nesciebas?
775 2632 897 2687 Ideo
933 2646 1113 2686 curam
1146 2631 1307 2685 vestri
1333 2643 1522 2700 gerens
1561 2631 1812 2702 praedixi,
1848 2647 1913 2685 ne
1941 2633 1992 2686 in

415 2723 532 2778 lucc
575 2723 919 2778 incideretis:
955 2723 1129 2792 itaque
1173 2722 1297 2776 licet
1338 2721 1528 2775 mulier
1573 2721 1664 2776 tibi
1713 2721 1778 2776 ad
1825 2733 1997 2776 trans-

412 2815 745 2885 gressionem
785 2813 1020 2868 mandati
1059 2813 1396 2877 ministrarit,
1426 2821 1480 2867 tu
1508 2824 1783 2882 propterea
1813 2814 1997 2869 inSnns

417 2921 522 2960 llolt
545 2907 671 2959 eris.
701 2904 951 2974 Majorem
973 2905 1115 2960 enim
1140 2904 1292 2958 fidem
1316 2903 1563 2958 mandato
1585 2919 1704 2958 meo
1727 2913 1776 2958 te
1802 2903 1998 2959 habere

415 2997 713 3066 Oportebat,
755 3006 808 3050 et
846 3011 950 3050 non
993 2997 1164 3050 solum
1208 3004 1263 3048 ut
1302 3003 1357 3048 tu
1403 2995 1515 3064 ipse
1543 2995 1610 3048 ab
1637 3011 1729 3049 esu
1755 3010 1993 3061 caveres,

417 3088 511 3143 sed
547 3097 600 3140 et
643 3097 695 3140 ut
739 3087 1012 3140 mulierem
1053 3086 1273 3139 docercs
1309 3095 1646 3154 peccatorum
1682 3085 1997 3154 magnitudi-

418 3194 562 3233 nem.
594 3176 763 3245 Caput
789 3178 931 3231 enim
961 3191 1020 3230 es
1046 3175 1281 3229 mulieris
1309 3176 1382 3247 (ι.
1418 3175 1535 3228 Cor.
1567 3175 1652 3228 ll.
1685 3175 1760 3243 ‘5),
1792 3185 1846 3229 et
1873 3191 1996 3243 pro-

419 3278 535 3337 pter
561 3276 612 3322 te
637 3266 720 3320 illa
749 3266 999 3336 producta
1021 3276 1105 3320 est
1133 3283 1146 3318 :
1177 3275 1231 3318 tu
1252 3274 1427 3319 autem
1448 3263 1688 3318 ordinem
1716 3264 1995 3329 invertisﬁ,

419 3368 473 3414 et
499 3374 604 3414 non
631 3359 800 3413 solum
833 3359 974 3411 illam
1008 3373 1110 3410 non
1140 3356 1417 3410 correxisti
1438 3398 1453 3421 ,
1483 3355 1574 3410 sed
1605 3364 1658 3409 et
1698 3356 1808 3424 ipse
1840 3357 1998 3409 simul

418 3453 669 3520 abreptus
693 3466 752 3504 es
785 3468 799 3504 :
828 3464 891 3504 ac
919 3465 1041 3503 cum
1067 3455 1340 3518 oporteret
1367 3463 1560 3517 corpus
1600 3447 1862 3515 reliquum
1904 3462 1998 3500 ca-

419 3544 513 3615 piti
557 3544 797 3614 obsequi,
844 3543 1060 3598 diverso
1107 3542 1268 3595 modo
1313 3556 1400 3597 res
1446 3541 1640 3604 evenit,
1681 3540 1998 3608 corporique

420 3638 625 3706 reliquo
652 3645 809 3704 caput
835 3635 1184 3704 obsequuutm
1213 3643 1291 3688 est
1315 3674 1328 3696 ,
1359 3643 1413 3688 et
1437 3648 1554 3700 quae
1582 3648 1792 3686 sursum
1825 3639 1998 3694 erant,

421 3729 474 3781 in
496 3727 732 3782 intimum
758 3727 930 3781 locum
954 3733 1228 3780 venerunt.
1254 3724 1540 3793 Propterea
1563 3725 1808 3792 quoniam
1833 3731 2000 3776 totum

420 3819 660 3873 ordinem
709 3819 986 3885 invertisti,
1029 3833 1094 3873 eo
1141 3833 1281 3872 nunc
1327 3817 1572 3871 redactus
1608 3831 1688 3880 es,
1717 3816 1804 3885 qui
1847 3824 2001 3869 antea

423 3922 566 3967 tanta
596 3913 760 3980 gloria
791 3913 1008 3966 vestitus
1035 3924 1172 3965 eras.
1199 3910 1328 3976 Quis
1358 3919 1407 3963 te
1427 3910 1554 3963 satis
1577 3909 1731 3978 digne
1759 3909 2003 3977 deplora-

422 4003 579 4066 verit,
603 4003 685 4055 cui
716 4011 793 4055 tot
817 4013 870 4056 et
895 4011 1036 4055 tanta
1068 4001 1204 4055 bona
1236 4001 1409 4054 ablata
1435 4000 1597 4054 sunt?
1628 3997 2000 4053 Verumtamen

423 4095 549 4148 licet
590 4093 704 4147 hrec
745 4095 924 4147 omnia
967 4093 1057 4145 tibi
1099 4093 1406 4158 acciderint,
1455 4092 1580 4146 nulli
1631 4101 1803 4146 tamen
1851 4092 2002 4145 alteri

424 4196 640 4237 causam
669 4181 910 4237 adscribe
929 4223 943 4247 ,
977 4182 1071 4237 scd
1099 4182 1291 4250 tibiipsi
1318 4193 1372 4236 et
1398 4193 1499 4236 tua:
1527 4183 1750 4252 ignavias
1785 4200 1798 4237 :
1827 4182 2001 4237 neuti-

423 4287 583 4341 quam
610 4273 749 4326 enim
777 4281 831 4326 te
860 4271 1125 4326 nolentem
1163 4273 1352 4327 mulier
1388 4273 1440 4327 in
1482 4281 1678 4326 tantam
1708 4273 2004 4328 induxisset

427 4364 656 4417 ruinam.
687 4363 820 4416 Num
852 4363 1056 4417 hortata
1083 4365 1202 4418 est?
1235 4380 1358 4418 num
1391 4365 1676 4419 disseruit?
1702 4379 1824 4418 num
1849 4365 2005 4420 dece-

427 4455 542 4524 pit?
591 4455 742 4508 Dedit
789 4465 1012 4519 tantum,
1045 4466 1098 4510 et
1141 4457 1316 4510 statim
1359 4468 1570 4526 tamque
1614 4458 1766 4512 facile
1804 4459 1868 4512 ad
1916 4474 2006 4512 su-

427 4547 677 4601 mendum
707 4547 881 4601 cibum
907 4547 1162 4602 adductus
1185 4564 1262 4612 es,
1293 4549 1490 4603 nullam
1521 4549 1751 4602 mandati
1782 4552 1864 4604 vel
1891 4566 2002 4605 me-

427 4641 649 4693 ritoriam
688 4639 856 4694 fecisti
889 4642 1120 4708 :putasti
1165 4655 1193 4694 a
1234 4657 1318 4695 me
1363 4650 1413 4695 te
1457 4641 1738 4710 deceptum
1784 4657 1920 4706 esse,
1951 4654 2005 4698 et

433 4739 710 4801 propterea
759 4730 933 4786 cibum
975 4730 1116 4785 lumc
1158 4731 1250 4785 tibi
1291 4747 1394 4785 non
1438 4732 1784 4795 concessisse,
1837 4744 1894 4786 ut
1939 4749 2006 4788 ne

434 4820 719 4888 majoribus
749 4820 1017 4875 fruereris.
1065 4822 1131 4876 Et
1167 4837 1267 4891 qua
1309 4823 1513 4876 ratione
1540 4839 1638 4892 ego
1669 4834 1718 4876 te
1745 4825 2004 4891 l'allerem,

428 4911 518 4981 qui
547 4920 623 4964 tot
650 4911 700 4964 in
733 4920 784 4964 te
810 4910 1064 4969 beneficia
1091 4912 1324 4966 contuli?
1354 4913 1418 4965 Et
1459 4913 1593 4965 istuc
1622 4915 1790 4982 ipsuut
1813 4923 2008 4982 quanta

433 5007 793 5062 beneﬁcentia:
837 5009 1140 5077 magnitudo
1181 5018 1312 5074 erat,
1344 5017 1401 5062 ut
1446 5008 1779 5077 prmdicendo
1817 5008 2005 5061 distin-

430 5113 645 5165 guerent
673 5115 700 5152 a
729 5115 834 5167 quo
863 5100 1233 5156 abstinendum
1264 5107 1426 5164 esset,
1453 5108 1518 5166 ut,
1537 5115 1643 5152 non
1674 5098 1934 5154 incideres
1957 5101 2006 5154 in

431 5203 550 5254 qua:
595 5190 859 5244 incidisti?
903 5190 1006 5246 Sed
1050 5191 1165 5244 lucc
1208 5191 1384 5244 omnia
1415 5190 1564 5244 nihili
1587 5190 1832 5244 faciebas.
1872 5189 2010 5245 Ecce

436 5293 575 5332 nunc
594 5282 914 5348 experientia
943 5291 992 5336 te
1020 5281 1195 5346 docet,
1218 5292 1410 5352 quanta
1435 5292 1767 5350 peccatorum
1799 5292 2009 5336 tuorum

436 5369 506 5418 sit
533 5369 838 5436 magnitudo
866 5388 879 5426 :
909 5372 1166 5440 reliquum
1195 5380 1278 5427 est
1297 5413 1309 5436 ,
1342 5381 1397 5426 ut
1431 5372 1530 5425 soli
1560 5370 1765 5426 mulieri
1800 5372 2010 5443 culpam

435 5471 540 5511 non
570 5459 857 5528 adscribas,
882 5463 975 5518 sed
1006 5474 1060 5518 et
1080 5465 1409 5536 negligentia:
1441 5474 1566 5519 tum.

507 5548 559 5602 5.
587 5547 746 5618 Igitur
765 5553 893 5606 satis
924 5553 1181 5608 Adamnm
1209 5557 1537 5626 alloquutus,
1577 5565 1855 5626 postquam
1883 5571 2012 5612 con-

431 5636 717 5696 fessionem
747 5642 832 5698 illc
863 5641 1201 5713 delictorum,
1231 5653 1288 5701 ut
1316 5645 1552 5717 putabat,
1583 5647 1765 5717 edidit,
1794 5661 2011 5720 peccato

1109 235 1166 290 S.
1205 227 1486 290 JOANNIS
1521 219 1990 286 CIIRYSOSTOMI
2031 217 2347 277 ARCHIEP.
2387 214 2918 296 CONSTQNTINOP.

3559 214 3668 268 MO

2079 336 2130 389 in
2163 333 2438 388 mulierem
2464 332 2720 386 translato
2742 349 2757 386 :
2778 331 2898 386 vide
2919 331 3113 387 bonum
3139 330 3436 395 Dominum,
3461 343 3668 400 quanta

2081 427 2270 481 iterum
2299 425 2619 495 indulgentia
2641 425 2887 495 dignatur
2905 425 3062 480 etiam
3089 424 3230 478 illam
3255 440 3352 479 suo
3377 438 3666 494 reSpenso.

2081 521 2166 575 15.
2212 518 2278 572 Et
2317 520 2463 584 dixit,
2498 518 2684 588 inquit,
2736 517 2870 572 Deus
2915 517 3154 570 mulieri:
3182 515 3284 569 Cur
3323 516 3415 569 hoc
3455 516 3670 586 fecisti?

2081 610 2287 666 Audisti
2314 611 2482 664 virum
2525 611 2576 664 in
2614 621 2664 664 te
2701 609 2910 680 culpam
2939 607 3369 667 transferentem.
3397 617 3450 662 et
3479 608 3670 660 omnia

2081 701 2173 755 tibi
2209 700 2622 766 adscribentem,
2665 715 2781 769 qua:
2825 698 2922 768 ipsi
2970 698 3020 751 in
3059 697 3370 766 adjutricem
3409 696 3531 750 data
3579 711 3669 756 es,

2081 799 2240 860 atque
2268 790 2385 845 ideo
2413 791 2648 856 condita,
2679 799 2734 843 ut
2762 790 2864 844 tuis
2894 788 3096 842 solatiis
3122 789 3294 857 ipsum
3324 786 3549 850 foveres,
3582 797 3673 839 ιιι-

2083 894 2205 952 p0te
2231 882 2468 937 eamdem
2500 891 2742 936 naturam
2771 897 2889 936 cmn
2927 881 3040 949 ipso
3069 880 3274 932 sortita.
3317 879 3425 933 Cur
3455 880 3555 932 hoc
3590 879 3676 931 fe-

2083 974 2198 1028 cisti
2224 1016 2238 1039 ,
2274 989 2307 1028 o
2337 975 2562 1027 mulier?
2592 988 2685 1026 cur
2711 983 2761 1026 et
2794 973 2904 1036 tibi,
2935 982 2989 1026 et
3013 973 3124 1024 viro
3155 980 3313 1024 tanta:
3338 969 3675 1055 confusionis

2085 1065 2220 1119 facta
2260 1081 2317 1119 es
2359 1069 2577 1120 auctor?
2614 1065 2741 1132 Qua:
2781 1063 2975 1118 utilitas
3015 1075 3078 1118 ex
3123 1062 3221 1117 hac
3261 1063 3675 1130 intemperantia

2085 1159 2177 1212 tilui
2217 1159 2492 1212 accrevit?
2531 1158 2670 1228 quod
2699 1174 2765 1211 ex
2802 1157 2901 1210 hoc
2928 1171 3110 1211 errore
3137 1155 3338 1209 lucrum
3365 1155 3454 1208 tibi
3484 1170 3676 1208 accus-

2086 1249 2173 1313 sit,
2205 1265 2310 1319 quo
2336 1259 2524 1317 sponte
2551 1249 2790 1318 decepta,
2819 1248 2976 1300 etiam
3007 1247 3180 1300 virum
3210 1245 3323 1315 ejus
3354 1247 3472 1299 mali
3505 1245 3677 1313 parti-

2085 1341 2255 1408 cipcm
2285 1339 2489 1394 fecisti?
2516 1339 2650 1406 Quid
2677 1355 2806 1408 ergo
2834 1337 3055 1392 mulier?
3083 1337 3304 1404 Serpens
3329 1338 3520 1408 decepit
3552 1353 3670 1402 me,

2086 1442 2131 1483 et
2166 1430 2380 1484 comedi.
2425 1430 2555 1484 Vide
2585 1431 2743 1484 etiam
2775 1430 2908 1483 hanc
2935 1428 3200 1497 quomodo
3229 1429 3508 1498 perterrita
3540 1444 3674 1496 pec-

2087 1532 2202 1576 cata
2226 1536 2318 1576 sua
2349 1521 2618 1576 defendat.
2648 1522 2777 1576 Nam
2808 1521 2945 1575 sicut
2968 1522 3049 1575 vir
3077 1522 3283 1590 culpam
3315 1521 3366 1574 in
3391 1521 3673 1575 mulierem

2088 1614 2310 1682 rejiccre
2337 1615 2542 1667 videtur
2567 1613 2748 1666 dicens
2779 1632 2792 1668 :
2821 1614 3005 1667 Mulier
3035 1613 3171 1677 tulit,
3196 1625 3250 1667 et
3269 1612 3413 1666 dedit
3439 1613 3591 1676 mihi,
3620 1623 3678 1666 et

2089 1706 2292 1759 eomedi
2320 1724 2334 1759 :
2364 1707 2440 1760 sic
2462 1715 2514 1761 et
2546 1708 2654 1776 ipsa
2681 1706 2882 1759 nullum
2905 1706 3152 1775 effugium
3177 1707 3452 1760 inveniens
3475 1705 3679 1759 fatetur

2091 1797 2305 1861 factum,
2333 1810 2386 1852 et
2417 1798 2584 1868 inquit
2609 1817 2621 1851 :
2649 1798 2868 1866 Serpens
2893 1799 3084 1868 decepit
3108 1815 3203 1861 me,
3225 1807 3273 1850 et
3295 1798 3506 1851 comedi.
3536 1798 3677 1850 Mala

2091 1889 2198 1949 illa,
2232 1889 2417 1958 inquit,
2461 1889 2625 1943 bestia
2673 1889 2813 1944 hunc
2859 1890 3010 1945 nobis
3054 1890 3255 1957 lapsum
3297 1889 3484 1952 attulit,
3529 1890 3681 1942 illius

2091 1981 2444 2048 perniciosum
2475 1982 2751 2035 consilium
2800 1982 2851 2034 in
2894 1981 3030 2036 hanc
3067 1997 3163 2035 nes
3195 1982 3531 2051 ignominiam
3571 1982 3680 2035 ad—

2093 2075 2219 2142 egit,
2256 2073 2342 2127 ille
2373 2089 2456 2127 me
2481 2074 2709 2142 decepit,
2737 2084 2788 2128 et
2814 2073 3041 2128 comedi.
3083 2073 3270 2127 Dilecti
3291 2115 3304 2140 ,
3337 2089 3400 2126 ne
3428 2084 3679 2127 transea-

2094 2180 2212 2219 mus
2255 2166 2584 2234 simpliciter,
2614 2180 2731 2234 qum
2774 2179 2916 2219 nunc
2957 2166 3233 2228 dicuntur;
3275 2165 3365 2218 sed
3392 2166 3682 2236 diligenter

2094 2267 2424 2322 scrutantes,
2468 2258 2748 2327 plurimam
2799 2257 2920 2312 inde
2968 2258 3243 2312 utilitatem
3295 2259 3680 2328 percipiamus.

2095 2347 2355 2404 Terribile
2404 2351 2544 2404 enim
2591 2349 2845 2417 judicium
2884 2359 2994 2416 est,
3031 2359 3085 2404 et
3139 2350 3361 2405 horrore
3407 2351 3677 2420 plenum:

2095 2450 2409 2511 oportetque
2447 2450 2694 2495 accurate
2732 2443 2908 2494 omnia
2939 2441 3244 2508 audientes,
3274 2457 3519 2512 magnum
3549 2443 3676 2497 the-

2095 2545 2308 2585 Saurum
2359 2533 2552 2587 inferre
2597 2533 2782 2586 menti.
2826 2530 3112 2586 Considera
3143 2533 3282 2586 enim
3309 2544 3362 2588 et
3393 2534 3563 2588 virum
3595 2534 3682 2588 di-

2097 2632 2326 2690 centem,
2353 2622 2558 2686 Mulier,
2581 2639 2730 2692 quant
2765 2623 2942 2676 dedisti
2985 2634 3038 2676 ut
3078 2624 3142 2676 sit
3183 2639 3396 2687 mecum,
3419 2625 3530 2693 ipsa
3551 2625 3683 2677 mihi

2099 2713 2255 2777 dedit,
2285 2723 2328 2768 et
2363 2716 2576 2768 comedi.
2623 2714 2889 2784 Nusquam
2934 2715 3243 2780 necessitas,
3274 2729 3530 2782 nusquam
3558 2715 3679 2769 vio-

2100 2809 2280 2876 lentia,
2304 2809 2397 2864 sed
2426 2809 2614 2863 electio
2643 2817 2695 2863 et
2736 2809 2973 2862 voluntas
3001 2825 3013 2861 :
3043 2807 3186 2862 dedit
3225 2809 3393 2862 solum
3417 2850 3432 2873 ,
3470 2817 3526 2861 et
3569 2824 3683 2862 non

2099 2904 2290 2972 coegit,
2309 2917 2406 2956 nec
2426 2904 2530 2956 vim
2553 2901 2744 2956 attulit.
2771 2902 2905 2969 Quin
2932 2909 2985 2956 et
3011 2901 3122 2970 ipsa
3144 2916 3352 2970 quoque
3378 2901 3683 2970 apologiam

2100 2994 2424 3047 eoncinnans
2451 3009 2553 3046 non
2581 2993 2712 3046 dixit
2737 3012 2749 3046 :
2771 2991 3003 3062 Serpens
3030 2993 3202 3062 coegit
3227 3007 3331 3054 me,
3354 3000 3407 3046 et
3431 2993 3643 3046 comedi
3667 3011 3681 3046 :

2101 3084 2195 3137 sed
2224 3083 2387 3153 quid?
2416 3083 2635 3153 Serpens
2659 3083 2852 3148 decepit
2876 3100 2956 3138 me
2978 3099 2998 3137 .'
3024 3092 3079 3137 ut
3107 3094 3281 3138 autem
3306 3083 3652 3154 deciperetur
3668 3125 3686 3151 ,

2101 3185 2192 3228 aut
2214 3191 2317 3227 non
2345 3174 2699 3243 deciperetur,
2724 3177 2773 3227 in
2799 3174 2962 3242 ipsius
2982 3182 3096 3228 erat
3123 3183 3400 3242 potestate.
3430 3173 3684 3244 Serpens,

2104 3267 2304 3337 inquit,
2356 3267 2548 3338 decepit
2593 3283 2688 3319 me.
2740 3265 3024 3320 lnimicus‘
3066 3265 3206 3320 enim
3251 3275 3446 3320 nostrae
3489 3267 3690 3320 salutis

2103 3375 2264 3428 opera
2294 3358 2448 3428 hujus
2478 3358 2629 3412 mala:
2662 3358 2842 3410 bestia:
2869 3371 3020 3422 usus,
3044 3355 3321 3410 consilium
3347 3355 3493 3410 dedit
3520 3365 3576 3410 et
3597 3357 3690 3411 de-

2103 3451 2242 3521 cepit
2274 3465 2416 3505 :non
2459 3452 2563 3502 vim
2605 3449 2760 3515 fecit,
2803 3463 2974 3518 neque
3006 3448 3208 3517 coegit,
3249 3447 3342 3502 sed
3383 3450 3693 3518 pernicioso

2103 3543 2326 3596 consilio
2355 3541 2566 3596 fraudes
2594 3557 2718 3595 suas
2745 3555 2905 3610 opere
2929 3540 3213 3608 complevit
3245 3559 3258 3595 :
3288 3542 3534 3610 quoniam
3567 3560 3695 3595 mn-

2106 3633 2288 3687 lierem
2331 3632 2590 3698 offendit,
2635 3641 2750 3701 qua:
2797 3631 3159 3699 deceptionem
3199 3631 3348 3686 facile
3385 3631 3696 3690 admissura

2105 3734 2239 3790 erat,
2269 3723 2410 3776 nulla
2442 3724 2593 3777 venia
2623 3723 2852 3792 dignam.
2888 3722 3112 3793 Serpens
3136 3723 3328 3793 decepit
3349 3741 3444 3791 me,
3471 3734 3516 3778 et
3545 3742 3698 3778 com-

2106 3816 2204 3868 edi.
2253 3813 2384 3870 Vide
2421 3816 2614 3869 bonum
2661 3811 2962 3879 Dominum,
2994 3814 3200 3867 illorum
3240 3813 3414 3869 verbis
3457 3827 3695 3870 conten-

2108 3919 2238 3973 tum,
2272 3915 2326 3962 et
2354 3905 2421 3960 ad
2453 3907 2598 3976 plura
2629 3905 2850 3960 dicenda
2882 3921 2986 3959 non
3015 3917 3308 3975 cogentem.
3339 3908 3696 3978 Quandoqui-

2107 4000 2227 4055 dem
2253 4001 2393 4054 enim
2420 4000 2531 4054 haec
2553 4015 2657 4053 non
2680 3999 2927 4069 ignorans
2948 3999 3322 4068 interrogabat,
3350 4000 3442 4054 sed
3461 4016 3692 4070 gnarus,

2108 4103 2160 4145 ιιι
2185 4091 2467 4145 admodum
2493 4105 2706 4161 gnarus,
2735 4100 2790 4144 ut
2817 4105 2966 4144 suam
2988 4089 3220 4144 declaret
3244 4091 3691 4157 misericordiam,

2107 4183 2172 4236 ad
2205 4183 2413 4236 illorum
2442 4197 2499 4237 se
2520 4181 2876 4235 infirmitatem
2903 4180 3148 4246 demittit,
3177 4193 3230 4235 et
3255 4181 3320 4235 ad
3348 4192 3693 4250 peccatorum

2108 4275 2494 4330 confessionem
2517 4277 2660 4344 ipsos
2688 4283 2955 4343 provocat.
2980 4274 3088 4328 Hac
3112 4274 3269 4344 igitur
3287 4273 3355 4329 de
3369 4289 3526 4329 causa
3556 4277 3696 4332 nihil

2110 4366 2330 4421 ulterius
2365 4381 2428 4420 ex
2464 4366 2542 4420 eis
2579 4366 2784 4435 quaerit.
2830 4365 3079 4420 Ediscere
3110 4365 3242 4419 forte
3270 4381 3362 4434 par
3387 4376 3503 4419 erat
3526 4368 3696 4421 decc-

2111 4457 2304 4526 ptionis
2329 4471 2528 4524 genus;
2573 4472 2755 4510 verum
2779 4465 2834 4509 ut
2863 4455 3015 4509 nobis
3043 4455 3288 4509 ostendat
3314 4470 3372 4510 se
3399 4473 3504 4510 non
3537 4459 3698 4526 igno-

2112 4557 2315 4602 rantem
2359 4549 2731 4618 interrogasse,
2761 4547 2858 4601 fuit
2897 4557 3174 4602 contentus
3216 4548 3388 4602 dictis.
3433 4547 3564 4602 Nam
3602 4551 3697 4605 illa

2111 4639 2337 4694 dicendo
2367 4657 2379 4693 :
2415 4642 2634 4710 Serpens
2654 4642 2845 4710 decepit
2874 4658 2970 4704 me,
2998 4651 3045 4694 et
3078 4642 3270 4694 comedi
3293 4683 3308 4705 ,
3337 4641 3704 4700 subindicavil

2113 4731 2462 4799 perniciosum
2487 4733 2787 4795 consilium,
2808 4731 2947 4801 quod
2972 4747 2999 4784 a
3031 4732 3240 4786 diabolo
3269 4747 3363 4802 per
3385 4748 3701 4804 serpentem

2115 4825 2352 4891 accepit,
2393 4823 2539 4892 quasi
2573 4833 2690 4891 post
2717 4837 2864 4875 esum
2894 4821 3055 4876 futuri
3083 4832 3262 4877 essent
3297 4832 3564 4892 tamquam
3594 4827 3699 4880 dii.

2117 4911 2333 4965 Vidistis
2353 4922 2546 4981 quanta
2567 4912 2833 4982 diligentia
2858 4913 3024 4966 Adam
3049 4914 3400 4983 interrogatus
3425 4914 3540 4968 est?
3569 4931 3700 4970 cum

2115 5013 2308 5073 quanta
2359 5004 2681 5074 indulgentia
2725 5005 2774 5058 in
2815 5003 3071 5072 judicium
3102 5005 3322 5059 adducta
3353 5015 3434 5060 est
3463 5008 3704 5062 mulier?

2115 5094 2382 5164 quomodo
2412 5104 2630 5164 uterque
2655 5110 2713 5149 se
2738 5095 3002 5149 defendit?
3032 5095 3220 5150 Videte
3247 5096 3458 5151 demum
3490 5098 3578 5152 hic
3609 5100 3701 5154 in-

2116 5186 2379 5241 effabilem
2433 5186 2811 5240 misericordia:
2857 5185 3054 5240 Judicis
3099 5186 3483 5241 excellentiam.
3536 5188 3701 5243 Post-

2117 5293 2273 5348 quam
2313 5278 2502 5332 mulier
2541 5278 2669 5332 dixit
2704 5296 2717 5332 :
2749 5277 2968 5346 Serpens
3014 5278 3202 5348 decepit
3241 5295 3336 5342 me,
3369 5289 3414 5332 et
3453 5283 3655 5334 comedi
3685 5299 3703 5336 τ

2119 5385 2224 5424 non
2250 5369 2359 5439 jam
2386 5378 2688 5439 serpentem
2717 5368 2965 5439 dignatur
2991 5369 3365 5438 responsione,
3398 5386 3572 5440 neque
3613 5375 3698 5427 lo-

2118 5479 2240 5518 cum
2267 5463 2314 5518 ei
2341 5462 2432 5517 dat
2457 5477 2574 5518 sese
2600 5461 2858 5533 purgandi
2887 5479 2900 5515 :
2929 5477 3100 5532 neque
3128 5461 3418 5533 interrogat
3454 5465 3590 5519 sicut
3617 5467 3703 5519 vi-

2185 5597 2216 5657 !
2231 5594 2410 5657 ttorel.,
2445 5595 2562 5645 Vide
2582 5594 2723 5653 enim,
2747 5592 2985 5646 iniudcus.
3011 5599 3116 5648 Mss.
3131 5607 3262 5657 pene
3281 5608 3452 5647 omnes
3475 5598 3703 5649 etsavtl.:

2125 5656 2302 5710 Odium
2322 5656 2449 5709 enim
2463 5657 2630 5708 salutis
2647 5663 2838 5707 nostrw.
