3754 6252
285 261 379 311 141

269 374 421 444 αὐτῷ
454 375 704 446 παρέχει,
736 377 855 431 οὐδέ
889 377 1065 449 ἐρωτᾷ
1096 378 1344 447 καθάπερ
1387 378 1478 430 16v
1516 377 1685 448 ἀνδρα
1724 379 1816 430 καὶ
1841 377 1940 448 τὴν

269 465 530 529 γυναῖκαο
568 464 702 517 ἀλλὰ
742 466 844 527 τάς
877 465 1005 535 παρ’
1040 465 1264 518 ἐκείνων
1302 463 1598 532 ἀπολογίας
1627 464 1940 534 δεξάμενος,

271 550 366 604 ἐπὶ
388 551 575 603 τοῦτον
597 552 672 614 ώς
691 552 863 605 αἴτιον
886 553 994 606 τῶν
1017 552 1153 606 ὅλων
1179 552 1366 606 κακῶν
1389 553 1757 624 γεγενημένον
1774 555 1940 625 ὀρμᾷ.

272 635 383 689 Καὶ
413 637 600 708 ἐπειδὴ
626 639 703 702 ώς
727 640 860 703 Θεὸς
890 641 986 694 καὶ
1011 639 1080 693 τά
1106 640 1394 712 ἀπόρρητα
1423 641 1784 710 ἐπιστάμενος
1804 641 1940 712 ᾔδει,

269 726 353 780 δτι
373 726 536 791 αὐτὸς
566 723 636 798 ἦν
670 731 699 782 6
728 729 1212 800 ὑπηρετησάμενος
1234 732 1302 800 τῇ
1337 728 1433 784 τοῦ
1461 729 1706 784 διαϐόλου
1731 730 1944 784 ἐπιϐου·

268 814 334 884 λῇ
354 827 403 877 ι,
438 815 531 868 καὶ
560 818 625 888 τῇ
660 816 949 889 βασκανίᾳ,
978 818 1046 889 ἢν
1069 818 1200 890 περὶ
1227 817 1319 872 τὸν
1340 817 1628 890 ἄνθρωπον
1661 817 1942 883 ἐπεδείξαο

265 916 347 972 το,
387 901 476 955 ἵνα
506 902 684 975 μάθῃς
717 902 882 958 αὐτοῦ
932 903 1032 974 τὴν
1075 903 1408 974 ἀγαθότητα,
1447 905 1564 968 πῶς
1605 905 1690 959 ἐπ’
1717 905 1942 959 ἐκείνων

268 988 382 1057 μὲν,
418 989 514 1042 καὶ
554 988 712 1054 εἰδὼς
743 989 821 1061 τῷ
853 991 953 1062 μὲν
1001 991 1173 1060 ἐλεγε,
1213 992 1338 1046 Ποῦ
1365 988 1451 1056 sl;
1502 993 1592 1056 Τίς
1618 991 1944 1061 ἀνήγγειλέ

265 1089 364 1128 σοι
393 1075 483 1128 ὅτι
514 1077 742 1146 γυμνὸς
771 1074 862 1145 εἷς
896 1081 962 1149 τῇ
996 1077 1052 1132 δὲ
1089 1078 1262 1147 ἐλεγε,
1304 1079 1372 1133 Τί
1402 1079 1578 1134 τοῦτο
1613 1079 1942 1146 ἐποίησας;

265 1163 358 1214 ἐπὶ
405 1163 498 1217 τοῦ
541 1163 780 1234 πονηροῦ
834 1163 1024 1218 τούτου
1070 1165 1261 1236 θηρίου
1300 1166 1453 1219 οὐδὲν
1490 1165 1730 1220 τοιοῦτον
1775 1169 1938 1233 ποιεῖ,

263 1249 396 1302 άλλά
420 1249 498 1312 τίς
537 1251 644 1304 Καὶ
666 1247 798 1304 εἶπε
828 1253 1042 1320 Κύριος
1075 1255 1109 1306 ὁ
1141 1252 1285 1319 Θεὸς
1312 1248 1390 1320 τῷ
1413 1253 1561 1321 ὄφει,
1583 1254 1703 1306 Ὅτι
1733 1253 1939 1320 ἐποίη-

261 1351 380 1402 σας
408 1335 605 1390 τοῦτο.
641 1334 794 1402 Εἶδες
820 1339 1120 1408 διαφοράν;
1168 1341 1245 1411 Τῇ
1299 1341 1397 1410 μὲν
1422 1342 1641 1410 γυναικὶ
1667 1341 1840 1409 ἐλεγε,
1880 1341 1942 1396 Τί

261 1423 436 1477 τοῦτο
473 1425 809 1492 ἐποίησας;
852 1426 932 1497 τῷ
969 1426 1026 1480 δὲ
1059 1427 1200 1496 δφει,
1244 1428 1362 1482 Ὅτι
1406 1429 1700 1497 ἐποίησας
1736 1428 1934 1482 τοῦτο.

263 1515 385 1567 Ὀτι
427 1513 489 1567 16
521 1515 709 1579 κακὸν,
748 1517 932 1586 φησιν,
973 1515 1132 1570 τοῦτο
1165 1518 1426 1588 εἰργάσω,
1457 1519 1538 1572 ὅτι
1575 1518 1675 1590 τὴν
1697 1516 1938 1589 ὀλέθριον

263 1600 572 1672 συμϐουλὴν
619 1601 825 1674 ταύτην
873 1605 1190 1674 εἰσήγαγες,
1241 1606 1324 1658 ὅτι
1376 1605 1612 1676 τοσαύτῃ
1668 1605 1936 1676 βασκανία

260 1689 610 1758 ὑπηρετήσω,
661 1690 743 1742 ὅτι
788 1689 932 1743 οὑτω
979 1691 1070 1743 τὸν
1123 1691 1316 1760 φθόνον
1348 1694 1622 1763 ήκόνησας
1654 1692 1797 1746 κατά
1839 1690 1934 1745 τοῦ

255 1775 751 1846 ὃημιουργηθέντος
810 1777 900 1830 ὑπ’
944 1777 1101 1848 ἐμοῦ,
1147 1780 1612 1848 Ἐπικατάρατος
1668 1779 1932 1835 σὺτάπὸ

257 1860 501 1916 πάντων
533 1861 651 1917 τῶν
671 1863 931 1932 κτηνῶν,
984 1866 1080 1918 καί
1120 1866 1239 1920 ἀπὸ
1281 1867 1524 1920 πάντων
1565 1865 1684 1920 τῶν
1716 1869 1936 1937 θηρίων

254 1947 366 2017 τῆς
390 1948 524 2019 τῆς.
565 1951 690 2004 Ἐπὶ
713 1949 793 2016 τῷ
817 1951 1024 2018 στήθει
1049 1953 1148 2007 καὶ
1178 1953 1252 2022 τῇ
1283 1955 1479 2022 κοιλίᾳ
1505 1955 1800 2022 πορεύσῃ,
1832 1954 1931 2008 καί

254 2035 373 2104 γῆν
422 2037 586 2107 φάγῃ
635 2037 841 2105 πάσας
899 2039 1006 2106 τὰς
1059 2041 1284 2110 ήμέρας
1324 2041 1436 2110 τῆς
1465 2041 1614 2110 ζωῆς
1653 2059 1791 2097 σου.
1820 2043 1930 2097 Kal

251 2123 476 2192 ἔχθραν
508 2124 675 2190 θήσω
705 2126 824 2180 ἀνὰ
867 2126 1064 2196 μέσον
1117 2128 1235 2182 σοῦ
1293 2129 1391 2182 καί
1446 2128 1563 2184 ἀνὰ
1591 2129 1786 2200 μέσον
1819 2130 1930 2200 τῆς

253 2211 559 2280 γυναικὸς,
600 2212 698 2266 καὶ
748 2213 866 2267 ἀνὰ
917 2214 1115 2283 μέσον
1151 2216 1258 2270 τοῦ
1303 2217 1646 2285 σπέρματός
1683 2233 1801 2272 σου
1831 2219 1931 2273 καί

251 2295 368 2350 ἀνὰ
388 2297 587 2365 μέσον
617 2298 725 2352 τοῦ
757 2299 1100 2368 σπέρματος
1130 2301 1343 2370 αὐτῆς.
1375 2305 1567 2371 Αὐτός
1602 2320 1719 2360 σου
1748 2305 1927 2374 τηρή-

250 2399 348 2439 σει
382 2385 680 2454 κεφαλὴν,
716 2386 814 2440 και
840 2386 924 2440 σὺ
963 2389 1246 2455 τηρήσεις
1277 2390 1464 2445 αὐτοῦ
1491 2393 1772 2460 πτέρναν.

260 2511 266 2515 .
324 2479 400 2536 ς’.
429 2472 627 2526 Σκόπει
646 2491 736 2542 μοι
753 2473 988 2529 ἐνταῦθα
1006 2475 1159 2541 τάξιν
1183 2479 1275 2530 καὶ
1295 2478 1615 2534 ἀκολουθίαν
1632 2481 1929 2554 φιλανθρω-

249 2560 381 2624 πίας
408 2561 866 2632 πεπληρωμένην.
903 2563 1014 2633 Τὴν
1051 2564 1150 2635 μὲν
1178 2568 1288 2637 γάρ
1317 2565 1584 2638 ἐρώτησιν
1605 2568 1926 2640 ποιούμενος

247 2647 358 2702 ἀπὸ
385 2647 481 2702 τοῦ
509 2649 700 2720 ἀνδρὸς
726 2647 946 2720 ήρξατο,
975 2648 1090 2705 εἶτα
1126 2654 1390 2724 μετῆλθεν
1424 2657 1516 2709 ἐπὶ
1543 2656 1642 2728 τὴν
1665 2660 1920 2727 γυναῖκα.

248 2736 357 2788 Καὶ
376 2735 562 2808 ἐπειδὴ
599 2731 752 2790 εἶπεν
781 2737 920 2809 αὐτὴ
943 2738 1034 2792 τὸν
1061 2740 1234 2795 αῖτιον
1262 2742 1399 2813 αὐτῇ
1425 2745 1811 2816 γεγενημένον,
1837 2746 1924 2800 ἐλο

247 2818 355 2874 θὼν
378 2821 471 2874 ἐπὶ
500 2822 590 2875 τὸν
613 2821 757 2892 ὅφιν,
780 2823 873 2876 καὶ
898 2824 1081 2878 οὐκέτι
1109 2825 1272 2878 αὐτὸν
1292 2827 1636 2900 ἀποκρίσεως
1663 2831 1919 2897 ἀξιώσας,

243 2907 343 2976 τὴν
381 2909 648 2979 τιμωρίαν
681 2910 895 2978 ἐπάγει,
924 2913 1018 2965 καὶ
1047 2912 1306 2985 τοιαύτην
1339 2914 1415 2978 ὡς
1446 2918 1610 2970 παντὶ
1642 2917 1721 2988 τῷ
1746 2920 1923 2991 χρόνῳ

243 2995 718 3066 παρεκτείνεσθαι,
766 2999 861 3051 καὶ
892 2999 978 3052 διὰ
1021 3003 1121 3071 τῆς
1147 3001 1322 3070 ὅψεως
1350 3003 1570 3076 διηνεκῆ
1605 3005 1921 3061 διδάσκαλον

243 3083 486 3149 γίνεσθαι
519 3088 631 3148 τοῖς
667 3085 790 3157 ἑξῆς
821 3087 1015 3151 ἅπασι,
1051 3090 1246 3160 μηκέτι
1271 3091 1518 3162 δέχεσθαι
1548 3095 1644 3166 τὴν
1674 3095 1921 3168 ὀλεθρίαν

244 3172 461 3244 ἐκείνην
496 3173 822 3246 συμϐουλὴν,
869 3175 1002 3246 μηδὲ
1051 3179 1361 3232 ἀπατᾶσθαι
1399 3183 1514 3244 τοῖς
1547 3185 1676 3253 παρ’
1711 3169 1922 3238 ἐκείνου·

246 3262 653 3331 μηχανήμασιν.
705 3261 844 3316 Ἀλλ’
875 3263 1004 3328 ίσως
1029 3265 1171 3320 εἴποι
1203 3285 1288 3330 τις
1311 3268 1396 3320 ἀν·
1425 3270 1517 3322 καὶ
1550 3272 1597 3322 εί
1617 3272 1645 3324 6
1675 3272 1920 3344 διάϐολος

243 3349 544 3418 ἐνεργήσας
568 3347 657 3402 διὰ
685 3349 779 3402 τοῦ
809 3350 984 3418 ὄφεως
1003 3352 1102 3423 τὴν
1131 3354 1438 3426 συμϐουλὴν
1465 3359 1746 3428 εἰσήγαγε,
1777 3361 1919 3426 τίνος

242 3435 427 3488 ἐνεκεν
451 3437 511 3488 16
531 3437 717 3508 θηρίον
735 3437 1001 3511 τοσαύτην
1030 3441 1288 3512 ὑπέμεινε
1316 3446 1584 3515 τιμωρίαν
1604 3464 1618 3508 ;
1641 3445 1744 3500 Καὶ
1763 3448 1921 3503 τοῦτο

239 3523 341 3593 τῆς
363 3524 568 3592 ἀφάτου
605 3524 1011 3596 φιλανθρωπίας
1043 3528 1136 3580 τοῦ
1162 3529 1296 3584 Θεοῦ
1319 3531 1478 3601 ἔργον
1508 3534 1716 3602 γέγονε.
1743 3519 1921 3590 Καθάλ

243 3627 350 3682 περ
382 3609 490 3681 γάρ
529 3611 710 3683 πατὴρ
743 3613 1092 3686 φιλόστοργος
1138 3618 1227 3670 τὸν
1281 3619 1629 3676 ἀπεκτακότα
1679 3624 1770 3678 τὸν
1805 3627 1919 3680 υἱὸν

239 3694 330 3746 τὸν
365 3696 558 3750 ἐαυτοῦ
587 3699 1022 3770 τιμωρούμενος,
1054 3701 1146 3754 καὶ
1183 3701 1280 3773 τήν
1315 3705 1591 3776 μάχαιραν
1627 3708 1803 3762 καὶτὸ
1837 3709 1916 3774 ξίο

241 3798 359 3850 φος,
393 3783 459 3836 δι’
483 3777 545 3838 οὐ
580 3785 669 3838 τὸν
712 3785 870 3854 φόνον
897 3789 1208 3858 εἰργάσατο,
1242 3789 1463 3863 διασπᾷ,
1503 3795 1596 3847 καὶ
1640 3798 1719 3858 εἰς
1749 3798 1918 3852 πολλά

239 3871 567 3942 κατατέμνει
628 3873 790 3944 μέρη·
850 3874 942 3927 τὸν
985 3877 1146 3929 αὐτὸν
1193 3877 1256 3949 δὴ
1289 3879 1489 3950 τρόπον
1534 3883 1627 3935 καὶ
1659 3886 1687 3936 6
1715 3884 1916 3953 ἀγαθὸς

239 3957 392 4024 Θεὸς,
422 3959 610 4030 ἐπειδὴ
639 3959 826 4031 ὥσπερ
852 3963 1094 4034 μάχαιρά
1121 3983 1204 4028 τις
1232 3966 1612 4039 ὑπηρετήσατο
1637 3970 1696 4022 16
1730 3971 1915 4044 θηρίον

237 4044 397 4098 τοῦτο
426 4049 492 4117 τῇ
528 4047 620 4100 τοῦ
654 4048 897 4102 διαϐόλου
933 4053 1255 4124 πανουργία,
1295 4055 1488 4124 ἐπάγει
1516 4058 1664 4129 αὑτῷ
1691 4059 1913 4134 διηνεκῆ

237 4134 336 4205 τὴν
358 4136 650 4206 τιμωρίαν,
677 4136 762 4188 ἵνα
789 4137 876 4190 διὰ
902 4137 996 4191 τοῦ
1027 4140 1284 4210 αἰσθητοῦ
1307 4143 1492 4196 τούτου
1526 4149 1616 4198 καὶ
1636 4150 1912 4218 ὁρωμένου

237 4219 578 4292 λογιζώμεθα
632 4224 689 4275 ἐν
733 4223 833 4295 ὅσῃ
879 4225 1072 4297 ἀτιμίᾳ
1104 4227 1353 4292 κάκεῖνος
1385 4231 1661 4300 τυγχάνει.
1701 4235 1760 4288 Εἰ
1804 4237 1912 4304 γάρ

234 4300 390 4372 οὗτος
439 4311 468 4362 6
525 4309 775 4382 καθάπερ
830 4311 1062 4382 ὄργανον
1107 4314 1590 4388 ὐτηρετησάμενος
1646 4321 1910 4393 τοσαύτης

234 4395 500 4468 ἐπειράθη
548 4398 996 4468 ἀγανακτήσεως,
1044 4401 1204 4454 ποίαν
1244 4403 1386 4466 εἰκὸς
1419 4407 1624 4459 ἐκεῖνον
1657 4407 1908 4473 δέξασθαι

231 4484 537 4553 τιμωρίαν;
579 4484 793 4537 Μᾶλλον
845 4486 900 4538 δ¹ε
947 4487 1041 4540 καὶ
1077 4489 1233 4542 τοῦτο
1279 4491 1378 4562 ήδη
1417 4495 1562 4564 ἡμᾶς
1607 4495 1844 4560 ἐδίδαξεν
1879 4501 1909 4552 6

233 4569 466 4637 Χριστὸς
489 4570 577 4624 διὰ
611 4571 718 4624 τῶν
748 4571 905 4625 θείων
928 4574 1272 4644 Εὐαγγελίων
1302 4581 1527 4646 φάσκων
1551 4581 1682 4651 πρὸς
1701 4584 1828 4647 τούς
1849 4585 1908 4650 ἐξ

229 4658 526 4729 εὐωνύμων
557 4661 815 4724 ἑστῶτας,
848 4665 1180 4731 Πορεύεσθε
1215 4667 1316 4720 ἀπ’
1351 4669 1518 4737 ἐμοῦ,
1559 4673 1614 4724 oi
1652 4688 1903 4742 xampa-

225 4745 419 4814 μένοι,
457 4749 544 4810 εὶς
577 4747 643 4799 τὸ
680 4745 830 4818 [1421
861 4749 981 4818 πῦρ
1005 4750 1070 4804 τὸ
1090 4751 1348 4815 αἰώνιον,
1372 4755 1437 4808 τὸ
1462 4757 1907 4828 ἡτοιμασμένον

227 4831 310 4897 τῷ
333 4833 590 4900 διαϐόλῳ
619 4836 716 4888 καί
741 4834 866 4903 τοῖς
886 4837 1162 4906 ἀγγέλοις
1189 4842 1393 4897 αὑτοῦ.
1431 4844 1654 4917 Ἐκείνῳ
1675 4849 1782 4920 γάρ
1803 4849 1906 4903 πά-

227 4921 315 4974 λαι
347 4921 519 4976 τοῦτο.
536 4922 880 4993 ἡτοίμασται,
913 4927 1003 4977 καὶ
1028 4927 1204 4980 ἐκεῖνο
1235 4928 1296 4981 16
1322 4930 1584 4984 ἄσϐεστον
1609 4933 1719 5006 πῦρ
1745 4937 1904 4991 αὑτὸν

225 5004 526 5075 ἐκδέχεται.
569 5004 634 5057 Τί
676 5001 768 5058 οὖν
805 5007 870 5060 ἂν
912 5007 997 5079 εἴη
1047 5009 1374 5084 ἀθλιώτερον
1407 5015 1515 5067 τῶν
1545 5015 1611 5068 δι’
1646 5001 1904 5087 ἀμέλειαν

224 5088 324 5156 τῆς
353 5089 558 5151 οἰκείας
589 5089 863 5161 σωτηρίας
899 5093 1125 5157 ἑαυτοὺς
1156 5095 1340 5169 ἐκείνῃ
1381 5100 1447 5168 τῇ
1492 5100 1734 5173 τιμωρίᾳ
1774 5104 1904 5157 καθ-

229 5169 499 5223 ιστώντων
530 5173 863 5239 ὑπευθύνους
890 5179 956 5247 τῇ
987 5178 1179 5249 ἐκείνῳ
1212 5182 1620 5255 ήτοιμασμένης
1644 5169 1768 5240 ”’ύτι
1794 5189 1902 5260 γάρ

227 5253 378 5338 ἡμῖν,
418 5255 466 5306 εἰ
499 5255 902 5338 βουληθείημεν
944 5263 1145 5334 ἀρετὴν
1194 5253 1584 5334 ἐπιδείξασθαι,
1636 5271 1730 5324 καὶ
1789 5253 1902 5338 τοῖς

225 5337 380 5424 παρά
425 5337 521 5391 τοῦ
561 5339 798 5424 Χριστοῦ
847 5345 1051 5399 τεθεῖσι
1087 5349 1273 5418 νόμοις
1309 5351 1560 5415 ἕπεσθαι,
1589 5355 1622 5424 ή
1655 5337 1902 5424 βασιλεία

221 5419 574 5489 ἡτοίμασται,
611 5423 776 5476 αὑτοῦ
816 5426 977 5480 πάλιν
1023 5430 1256 5484 ἄκουσον
1298 5433 1568 5502 λέγοντος·
1610 5419 1804 5491 ⁷Δεῦτε
1845 5442 1900 5492 οί

222 5503 616 5589 εὐλογημένοι
663 5505 770 5559 τοῦ
811 5511 1042 5578 Πατρός
1087 5531 1227 5581 μου·
1257 5519 1754 5587 κληρονομήσατε
1783 5522 1902 5589 τὴν

225 5585 683 5672 ἡτοιμασμένην
716 5590 878 5672 ,ὑμῖν
908 5595 1240 5656 ,βασιλείαν
1283 5599 1403 5653 ἀπὸ
1437 5585 1780 5672 καταϐολῆς

224 5663 584 5758 σμρυᾷΕῐδες
609 5671 802 5758 ἐκείνῳ
832 5675 930 5744 μὲν
959 5677 1019 5729 τὸ
1050 5679 1311 5734 ἄσϐεστον
1337 5682 1448 5754 πῦρ
1475 5663 1896 5758 ἡτοιμασμένον,

225 5751 359 5820 ⁴ἡμῖν
378 5751 458 5818 δέ,
489 5755 539 5806 εί
565 5754 639 5825 μὴ
667 5757 1108 5830 ρᾳθυμήσαιμεν,
1135 5763 1232 5833 τὴν
1257 5751 1566 5834 βασιλεία-νς
1593 5751 1775 5825 Ταῦτα
1792 5751 1902 5826 106-

225 5849 321 5886 νυν
366 5835 672 5902 ἐννοοῦντες
716 5843 810 5893 καὶ
854 5842 967 5910 βίου
999 5846 1404 5920 ἐπιμελώμεθα,
1447 5852 1540 5906 καὶ
1574 5853 1671 5925 τὴν
1704 5856 1902 5912 κακίαν

293 5930 319 5960 ⁸
345 5930 468 5997 Reg.
494 5947 623 5986 unus
648 5939 913 6002 συμϐουλῇ.

1557 6019 1587 6033 ,ιν

1100 264 1155 316 s.
1197 261 1478 317 JOANMS
1515 244 2002 318 ειιιιγεοετοιιι
2042 256 2360 316 ARCHIEP.
2397 257 2943 315 CONSTANTINOP.

3633 253 3732 310 ιιε

2052 374 2363 445 φεύγωμεν,
2395 374 2488 428 καὶ
2518 374 2788 446 μηδέποτε
2815 371 3152 444 ἀπατώμεθα
3183 372 3305 436 ταῖς
3343 371 3435 426 τοῦ
3477 372 3734 424 διαῦὁλω

2052 465 2340 534 μηχαναῖς.
2386 462 2547 526 Ἀλλ’,
2573 464 2623 516 εἰ
2651 461 2903 533 βούλεσθε
2947 462 3041 515 καὶ
3082 461 3158 532 μὴ
3188 461 3526 528 ἀπεκάμετε,
3569 459 3732 512 πάλιν

2048 551 2130 612 εἰς
2171 550 2336 614 μέσον
2367 549 2662 620 ἀγάγωμεν
2690 549 2790 620 τὴν
2825 548 3100 620 τιμωρίαν
3129 546 3232 618 τὴν
3259 546 3338 616 τῷ
3367 547 3491 615 δφει
3522 548 3731 611 ἐπαγοο

2052 637 2241 707 μένην,
2266 637 2332 691 ἶν’
2364 636 2509 692 οὕτω
2535 637 2677 692 κατά
2701 637 2893 708 μικρὸν
2914 637 2994 700 είς
3021 635 3084 690 16
3105 635 3259 698 τέλος
3284 635 3386 705 τῆς
3411 635 3568 704 δίκης
3594 633 3733 701 φθά-

2050 739 2244 788 σαντες
2271 723 2469 794 ῐδωμεν
2497 723 2600 795 τῆς
2629 722 3039 795 φιλανθρωπίας
3083 719 3177 775 τοῦ
3216 720 3352 774 Θεοῦ
3385 719 3446 774 16
3474 720 3725 790 μέγεθος.

2047 810 2112 864 El
2159 811 2266 881 γάρ
2302 810 2578 882 ἀνθρωττοι
2615 811 2876 884 δικαστὴν
2917 809 3151 882 δρῶντες
3189 809 3449 873 πολλάκις
3487 807 3732 881 δημοσία

2049 898 2376 969 καθήμενον,
2406 899 2500 953 καὶ
2528 899 2628 971 τήν
2647 897 2790 952 κατά
2812 899 2922 952 τῶν
2943 898 3248 953 καταδίιανν
3273 897 3450 968 ψῆφον
3474 898 3730 968 ἐκφέρονυ

2047 1001 2136 1049 τα,
2158 985 2245 1039 διά
2274 986 2456 1056 πάσης
2483 986 2696 1057 ἡμέρας
2727 987 3127 1057 παραμένουσι,
3153 987 3248 1040 καὶ
3266 987 3366 1039 οὐκ
3394 985 3726 1054 ἀφίστανται

2051 1072 2245 1143 μέχρις
2286 1073 2355 1127 ἂν
2383 1073 2566 1126 ῐδωσιν
2591 1074 2898 1128 ἀναστάντα
2921 1074 3015 1128 τὸν
3048 1072 3330 1144 δικαστήν
3364 1072 3548 1143 πολλῷ
3582 1073 3723 1143 pil-

2047 1157 2138 1211 λον
2177 1161 2325 1230 ἡμᾶς
2371 1159 2468 1212 νῦν
2501 1164 2768 1230 προσήκει
2815 1160 2954 1231 μετὰ
2995 1159 3238 1224 πλείονος
3267 1161 3366 1230 τῆς
3412 1159 3724 1232 προθυμίας

2050 1246 2177 1300 ἰδεῖν
2195 1249 2286 1303 16v
2317 1249 2521 1318 ἀγαθὸν
2545 1249 2698 1313 Θεὸν,
2724 1250 2844 1313 πῶς
2868 1251 2966 1320 μὲν
2996 1249 3077 1321 τῷ
3103 1249 3224 1318 ϐφει
3257 1249 3491 1320 σφοδράν
3517 1248 3618 1319 τὴν
3642 1265 3726 1301 τι-

2049 1337 2260 1406 μωρίαν
2290 1339 2616 1410 ἐπιτίθησιν,
2644 1339 2730 1392 ἵνα
2755 1339 2843 1392 διὰ
2866 1339 2960 1392 τοῦ
2995 1337 3257 1408 αἰσθητοῦ
3288 1337 3479 1392 τούτου
3504 1337 3720 1408 θηρίου,

2044 1417 2090 1492 ᾧ
2115 1425 2303 1498 ὥσπερ
2333 1427 2550 1498 ὀργάνῳ
2589 1428 2860 1498 ἐχρήσατο
2901 1429 2930 1480 6
2963 1426 3196 1497 πονηρὸς
3231 1425 3440 1496 δαίμων
3487 1425 3720 1486 ἐκεῖνος,

2043 1513 2294 1584 αἴσθησιν
2324 1515 2454 1584 ήμῖν
2478 1515 2736 1588 παράσχῃ
2757 1517 2855 1585 τῆς
2884 1513 3184 1585 μελλούσης
3216 1514 3423 1566 ἐκεῖνον
3447 1512 3721 1583 τιμωρίας

2043 1600 2377 1670 ἐκδέχεσθαι·
2406 1601 2523 1666 πῶς
2559 1602 2616 1655 δὲ
2656 1603 2791 1672 μετά
2821 1601 3034 1671 φειδοῦς
3065 1599 3376 1672 σύμμετρον
3403 1601 3597 1667 ἐπάγει
3625 1600 3720 1652 καὶ

2041 1692 2107 1760 τῇ
2137 1691 2354 1758 γυναικὶ
2381 1692 2476 1744 καὶ
2501 1691 2578 1761 τῷ
2604 1691 2755 1762 ἀνδρὶ
2783 1692 2880 1762 τὴν
2911 1691 3246 1762 ἐπιτίμησιν,
3278 1689 3556 1742 νουθεσίαν
3583 1688 3718 1758 μάλα

2041 1776 2130 1846 λον
2155 1777 2402 1848 ἔχουσαν,
2430 1779 2461 1848 ἢ
2489 1779 2724 1832 κόλασιν·
2755 1779 2840 1833 ἵνα
2867 1778 3035 1832 ταῦτα
3059 1779 3237 1832 πάντα
3267 1777 3404 1847 μετά
3428 1776 3717 1848 ἀκριϐείας

2041 1866 2414 1935 σκοπήσαντες
2464 1865 2834 1937 θαυμάσωμεν
2877 1866 2978 1938 τὴν
3017 1865 3110 1920 τοῦ
3166 1864 3544 1934 φιλανθρώπου
3578 1864 3715 1917 Θεοῦ

2039 1953 2384 2023 κηδεμονίαν,
2418 1954 2486 2024 ἢν
2520 1954 2646 2026 περὶ
2675 1953 2774 2025 τὴν
2805 1954 2964 2023 φύσιν
2995 1953 3360 2010 ἐπιδείκνυται
3393 1951 3490 2023 τήν
3518 1953 3718 2022 ἡμετέ-

2041 2056 2159 2110 ραν.
2189 2040 2254 2093 Τί
2294 2035 2388 2093 οὖν
2425 2041 2726 2110 φησιςΚαί
2761 2037 2892 2095 εἶπε
2919 2043 3133 2110 Κύριος
3175 2043 3209 2096 ό
3255 2040 3400 2106 Θεὸς
3438 2038 3517 2106 τῷ
3560 2039 3713 2109 ὄρει,

2039 2128 2156 2180 Ὅτι
2181 2128 2473 2195 ἐποίησας
2501 2127 2696 2194 τοῦτο,
2729 2129 3152 2198 ἑπικατάρατος
3207 2129 3289 2182 σὺ
3319 2129 3437 2183 ἀπὸ
3468 2129 3717 2182 πάντων

2036 2212 2156 2266 τῶν
2193 2212 2450 2282 κτηνῶν.
2484 2216 2580 2269 καί
2623 2215 2740 2270 ἀπὸ
2765 2217 3007 2270 πάντων
3047 2214 3167 2270 τῶν
3185 2217 3402 2284 θηρίων
3431 2214 3542 2284 τῆς
3575 2213 3710 2285 τῆς.

2049 2301 2170 2354 Ἐ’πί
2210 2300 2290 2366 τῷ
2309 2301 2517 2368 στήθει
2547 2304 2645 2357 καί
2677 2302 2751 2372 τῇ
2777 2305 2978 2371 κοιλίᾳ
3003 2321 3130 2358 σου·
3144 2305 3436 2372 πορεύσῃ,
3471 2305 3571 2357 καὶ
3592 2302 3716 2373 γῆν

2031 2388 2192 2459 φάγῃ
2230 2388 2434 2456 πάσας
2465 2391 2570 2457 τὰς
2599 2391 2822 2461 ἡμέρας
2849 2393 2959 2460 τῆς
2985 2392 3134 2460 ζωῆς
3173 2411 3306 2446 σου.
3349 2393 3457 2447 Καὶ
3486 2393 3715 2462 ἔχθραν

2032 2477 2200 2544 θήσω
2235 2479 2352 2531 ἀνὰ
2377 2477 2574 2547 μέσον
2605 2479 2722 2534 σοῦ
2753 2480 2853 2533 κιιί
2888 2481 3005 2534 ἀνὰ
3021 2480 3216 2549 μέσον
3254 2479 3363 2546 τῆς
3401 2481 3713 2549 γυναικὸς,

2032 2564 2130 2616 καὶ
2162 2566 2277 2619 ἀνὰ
2302 2564 2496 2634 μέσον
2529 2567 2636 2621 τοῦ
2671 2568 3016 2636 σπέρματός
3055 2585 3172 2620 σου
3221 2568 3318 2620 καὶ
3355 2568 3474 2621 ἀνὰ
3513 2567 3715 2636 μέσον

2030 2651 2138 2705 τοῦ
2164 2651 2506 2721 σπέρματος
2537 2653 2749 2722 αὐτῆς.
2777 2644 2968 2721 Αὐτός
2990 2673 3106 2710 σου
3136 2655 3378 2725 τηρήσει
3407 2656 3710 2725 κεφαλὴν,

2030 2740 2124 2792 καὶ
2161 2740 2243 2793 σὺ
2271 2741 2552 2809 τηρήσεις
2579 2742 2766 2796 αὐτοῦ
2797 2743 3076 2810 πτέρναν.

2034 2844 2042 2850 ·
2100 2829 2163 2892 ζ’.
2192 2829 2417 2900 Μεγάλη
2442 2832 2535 2883 καὶ
2559 2829 2814 2901 σφοδράή
2845 2831 3238 2901 ἀγανάκτησις,
3269 2831 3455 2902 ἐπειδὴ
3481 2831 3578 2884 καὶ
3606 2848 3712 2901 με·

2028 2916 2165 2988 γάλη
2193 2919 2292 2988 τῆς
2324 2919 2538 2989 ἀπάτης
2567 2920 2598 2990 ἡ
2630 2917 2924 2989 ὑπερϐολὴ,
2957 2919 3026 2988 ἦν
3053 2919 3121 2972 δι’
3145 2919 3311 2973 αὑτοῦ
3350 2920 3713 2991 προσήγαγεν

2027 3006 2055 3056 6
2087 3005 2321 3075 πονηρὸς
2352 3005 2616 3068 διάϐολος.
2649 3007 2759 3058 Καὶ
2789 3007 2918 3059 εἷπε
2947 3007 3160 3074 Κύριος
3188 3010 3222 3060 ό
3260 2995 3408 3072 Θεὸς
3432 3006 3515 3072 τῷ
3549 3006 3707 3076 ὕει-ει,

2031 3093 2148 3145 Ὅτι
2182 3093 2475 3160 ἐποίησας
2513 3093 2710 3148 τοῦτο.
2730 3094 2970 3166 Ἐπειδὴ,
3001 3081 3154 3165 φησί,
3179 3095 3403 3167 τοιαύτῃ
3429 3095 3711 3166 ὑπηρετήο

2029 3195 2107 3232 σω
2143 3181 2466 3250 πανουργίᾳ,
2501 3182 2592 3234 καὶ
2637 3180 2780 3234 οὕτω
2809 3181 2908 3253 τὴν
2931 3182 3149 3252 ἀπάτην
3182 3183 3261 3244 εἰς
3283 3182 3444 3251 ἔργον
3471 3183 3707 3252 ήγαγες,

2027 3267 2276 3337 ὀλεθρίαν
2312 3269 2622 3338 συμϐουλὴν
2657 3269 2991 3338 εἰσαγαγὼν,
3021 3271 3114 3323 καὶ
3139 3270 3200 3322 τὸ
3239 3270 3566 3341 δηλητήριον
3602 3272 3708 3324 αὐο

2027 3358 2137 3416 τοῖς
2176 3355 2465 3425 φάρμακον
2493 3357 2752 3428 κεράσας·
2781 3357 2965 3428 ἐπειδὴ
2997 3357 3156 3411 τοῦτο
3184 3359 3442 3430 εἰργάσω,
3480 3360 3577 3411 καὶ
3610 3360 3712 3428 τῆς

2027 3443 2167 3516 ἐμῆς
2194 3443 2404 3505 εὐνοίας
2428 3445 2678 3498 ἐκϐαλεῖν
2707 3445 3010 3516 ἠϐουλήθης
3033 3447 3158 3510 τούς
3179 3446 3268 3499 ὑπ’
3288 3445 3424 3516 ἐμοῦ
3447 3445 3514 3518 δη
3524 3465 3710 3519 μιουρ-

2026 3532 2314 3598 γηθέντας,
2367 3533 2850 3603 ὑπηρετησάμενος
2905 3537 2971 3604 τῇ
3024 3533 3117 3588 τοῦ
3161 3533 3400 3606 πονηροῦ
3447 3535 3713 3606 δαίμονος

2025 3617 2238 3690 γνώμῃ,
2281 3619 2373 3672 τοῦ
2407 3619 2494 3672 διά
2533 3621 2633 3693 τὴν
2679 3621 2975 3692 βασκανίαν
3005 3624 3099 3675 καὶ
3128 3621 3228 3692 τὴν
3257 3622 3711 3693 ὑπερϐάλλουσαν

2025 3709 2404 3780 ὑπερηφανίαν
2426 3711 2490 3762 ἐκ
2513 3710 2622 3762 τῶν
2642 3710 2888 3782 οὐρανῶν
2917 3713 2996 3774 είς
3018 3710 3115 3782 τὴν
3138 3713 3242 3783 γῆν
3263 3713 3708 3783 κατενεχθέντος·

2023 3794 2111 3847 διά
2157 3795 2334 3856 τοῦτο,
2396 3796 2584 3868 ἐπειδὴ
2639 3799 2696 3850 ἐν
2744 3798 2954 3861 τούτοις
2997 3799 3213 3870 ὀργάνῳ
3267 3799 3352 3852 σοὶ
3404 3801 3710 3872 ἐχρήσατο.

2022 3881 2242 3953 διηνεκῆ
2275 3899 2356 3935 σοι
2385 3883 2484 3954 τὴν
2516 3885 2785 3955 τιμωρίαν
2817 3885 3120 3956 ἐπιτίθημι,
3160 3887 3246 3940 ἵνα
3274 3886 3360 3940 διὰ
3385 3887 3498 3938 τῶν
3532 3889 3618 3949 είς
3651 3897 3710 3940 σε

2021 3969 2331 4038 γενομένων
2379 3971 2406 4010 ιι
2449 3970 2700 4034 κάκεῖνος
2755 3973 2955 4026 εἰδέναι
2988 3973 3088 4046 ἐχῃ
3124 3973 3210 4026 οἵα
3249 3974 3498 4044 τιμωρία
3534 3975 3712 4028 αὑτὸν

2021 4058 2322 4127 ἐκδέχεται,
2373 4057 2526 4131 [14⁸5]
2575 4061 2671 4114 καὶ
2719 4062 2768 4113 οἰ
2815 4061 2939 4132 ἐξῆς
2991 4061 3267 4134 ἄνθρωποι
3309 4062 3706 4125 παιδεύωνται,

2023 4143 2223 4213 μηκέτι
2271 4143 2575 4212 ὑπάγεσθαι
2632 4149 2756 4210 ταῖς
2801 4147 2992 4200 τούτου
3035 4147 3385 4218 συμϐουλαῖς,
3417 4149 3559 4219 μηδὲ
3610 4150 3710 4221 τήν

2018 4232 2236 4300 ἀπάτην
2268 4231 2610 4300 προσίεσθαι,
2645 4234 2730 4286 ἵνα
2763 4234 2836 4304 μὴ
2866 4237 2979 4298 τοῖς
3009 4236 3191 4298 αὐτοῖς
3214 4236 3584 4306 περιπέσωσι.
3609 4238 3707 4290 Διά

2017 4318 2174 4370 τοῦτο
2203 4320 2604 4388 ἐπικατάρατος
2641 4322 2704 4374 σὺ
2737 4322 2846 4374 ἀπὸ
2871 4325 3085 4376 πάντων
3114 4323 3222 4376 τῶν
3246 4323 3451 4394 θηρίων
3476 4335 3525 4387 ε,
3553 4327 3708 4378 ἐπει·

2016 4403 2080 4475 δὴ
2128 4405 2227 4458 οὐκ
2264 4408 2343 4466 εἰς
2380 4405 2497 4458 δέον
2531 4408 2749 4478 ἐχρήσω
2809 4411 2876 4478 τῇ
2931 4411 3216 4480 φρονήσει,
3273 4408 3406 4462 ἀλλά
3463 4411 3528 4462 16
3565 4429 3710 4483 στρο-

2015 4493 2254 4564 τέρημα,
2293 4495 2430 4565 ὅπερ
2473 4490 2616 4564 εἶχες
2669 4496 2809 4566 ὑπὲρ
2841 4495 3057 4550 ἅπαντα
3113 4497 3180 4550 τά
3207 4496 3388 4568 θηρία,
3414 4497 3587 4552 τοῦτό
3627 4517 3713 4556 σοι·

2015 4582 2202 4651 γέγονε
2250 4582 2356 4635 τῶν
2415 4583 2600 4636 κακῶν
2644 4585 2900 4638 ἁπάντων
2933 4585 3123 4639 αἴτιον.
3165 4587 3217 4638 '0
3259 4586 3368 4656 γὰρ
3403 4586 3566 4655 ὄφις,
3605 4606 3708 4660 φη-

2015 4673 2120 4731 σὶν,
2149 4665 2228 4737 ἦν
2266 4670 2709 4739 φρονιμώτατος
2745 4671 2990 4726 πάντων
3013 4673 3134 4727 τῶν
3171 4673 3407 4742 κτηνῶν
3437 4677 3541 4728 καὶ
3565 4676 3709 4744 ,τῶν

2013 4757 2234 4822 θηρίων
2262 4753 2375 4822 τῆς
2403 4753 2533 4824 τῆς.
2577 4755 2675 4808 Διά
2700 4755 2859 4808 τοῦτο
2890 4756 3292 4827 ἐπικατάρατος
3332 4757 3395 4810 σῖ·
3425 4759 3539 4812 ἀπὺ
3570 4763 3706 4815 πάν-

2012 4854 2120 4890 των
2181 4836 2290 4890 τῶν
2343 4837 2556 4908 κτηνῶν
2609 4837 2704 4890 καὶ
2759 4838 2869 4891 τῶν
2934 4839 3141 4911 θηρίων
3181 4839 3282 4911 τῆς
3314 4844 3416 4912 γῆς
3465 4846 3705 4917 γενήσῃ.-

2025 4919 2164 4972 nux
2205 4919 2392 4991 ἐπειδὴ
2445 4921 2506 4974 16
2555 4924 2653 4990 τῆς
2710 4921 2954 4992 κατάρας
3001 4922 3102 4975 οὐκ
3138 4917 3207 4992 ἦν
3258 4922 3544 4994 αἰσθητὸν,

2011 5002 2307 5072 ὀφθαλμοῖς
2352 5003 2713 5074 φαινόμενον,
2759 5005 2847 5059 διά
2891 5004 3048 5060 τοῦτο
3103 5008 3197 5060 καὶ
3238 5006 3503 5078 αἰσθητὴν
3551 5007 3702 5082 αὐτᾷ

2009 5089 2280 5158 τιμωρίαν
2337 5087 2561 5155 ἐπάγει,
2619 5089 2706 5142 ἵνα
2761 5089 3026 5160 διηνεκῶς
3085 5090 3190 5161 πρὸ
3237 5090 3346 5143 τῶν
3403 5089 3700 5168 ὀφθαλμῶν

2011 5170 2222 5240 ἔχωμεν
2255 5171 2386 5241 ὀρᾷν
2414 5171 2513 5240 τῆς
2535 5171 2804 5242 τιμωρίας
2829 5171 2994 5225 αὐτοῦ
3027 5172 3095 5225 τά
3125 5174 3519 5244 ὑπομνήματα.
3570 5175 3698 5238 Ἐπί

2011 5253 2091 5318 τῷ
2141 5253 2349 5319 στήθει
2394 5254 2493 5307 καί
2531 5253 2604 5322 τῇ
2644 5255 2843 5321 κοιλίᾳ
2881 5257 3171 5325 πορεύσῃ,
3211 5257 3310 5311 καὶ
3359 5255 3482 5326 γῆν
3536 5260 3626 5327 μά

2010 5335 2214 5401 πάσας
2243 5335 2349 5401 τὰς
2383 5335 2606 5405 ἡμέρας
2653 5335 2763 5404 τῆς
2809 5335 2958 5405 (toﬁ;
3000 5352 3139 5391 σου·
3188 5338 3394 5410 ἐπειδὴ,
3447 5344 3612 5410 φησὶ,

2008 5419 2296 5472 διαπλάσει
2328 5419 2386 5472 οὐ
2413 5419 2642 5484 δεόντως
2664 5421 2904 5492 ἐχρήσω,
2933 5419 3068 5473 ἀλλά
3103 5420 3194 5472 καὶ
3238 5424 3319 5484 εἰς
3355 5422 3582 5493 ὁμιλίαν
3613 5419 3692 5477 ἐλεί

2009 5497 2122 5551 θεῖν
2160 5500 2465 5570 ἐτόλμησας
2512 5501 2589 5572 τῷ
2638 5502 2730 5554 ὑπ’
2783 5500 2917 5572 ἐμοῦ
2971 5502 3434 5575 δημιουργηθέντι
3485 5493 3690 5580 λογικῆ

2010 5581 2155 5652 ζώῳ.
2209 5585 2478 5656 Καθάπερ
2502 5586 2682 5640 τοίνυν
2713 5586 2742 5638 6
2770 5584 3013 5652 διάϐολος
3056 5588 3084 5656 6
3112 5589 3417 5658 ἐνεργήσας
3454 5589 3550 5642 διὰ
3583 5590 3688 5656 σοῦ,

2009 5667 2106 5720 καὶ
2141 5669 2358 5740 ὀργάνῳ
2409 5671 2492 5722 σοὶ
2529 5671 2895 5740 χρησάμενος,
2940 5671 3127 5742 ἐπειδὴ
3165 5672 3307 5742 ὑπέρ
3340 5673 3439 5744 τὴν
3479 5676 3686 5735 οίκείαι

2011 5746 2169 5810 ἀξίαν
2195 5748 2491 5820 ἐφρόνησεν
2509 5749 2559 5813 ἀ,
2588 5752 2650 5802 ἐκ
2673 5751 2781 5804 τῶν
2802 5750 3046 5822 οὐρανῶν
3064 5753 3393 5825 κατηνέχθηο
3414 5752 3506 5807 τὸν
3527 5755 3684 5821 αὐτὸ(

2125 5833 2274 5907 Safil.
2303 5843 2357 5884 et
2377 5837 2593 5909 qpidagy
2617 5851 2743 5909 Imss;
2776 5839 3116 5909 γεχενημξνωγ.
3185 5841 3210 5870 ⁸
3234 5841 3334 5909 Alii
3355 5843 3454 5888 τῶν
3495 5843 3682 5909 θηρίωη

2015 5895 2648 5977 ξιίξυτῶνκκτηγῶνκνιὺίάζ
2710 5895 3167 5977 (ξοὶξίἶιιζζέχρῇσω
3328 5895 3680 5965 προσφωῧήσιιξ

2017 5954 2046 5996 «ι
2077 5956 2270 6018 Ἐπειδή
2293 5954 2452 6010 τά
2475 5962 2545 6016 ae.
2573 5962 2673 6012 ἐφο.
2696 5964 2781 6013 τὴν
2804 5954 3102 6013 ιουτοῖιίέίὸ
3127 5954 3324 6023 (ιυίᾱᾶω
3361 5954 3478 6016 ius;

2363 6097 2384 6154 ι
