3754 6250
131 263 219 320 ιιι
1223 290 1288 345 ΙΝ
1327 293 1474 348 CAP.
1508 293 1593 350 lIl.
1637 296 1876 356 GENES.
1922 302 2144 368 IIOMIL.
2189 310 2347 375 XVII.

127 396 241 432 rum
271 390 324 436 ct
355 383 630 443 mulierem
665 407 678 446 :
710 393 802 449 sed
831 407 1044 468 accepta
1077 401 1143 457 ab
1171 403 1270 458 illis
1290 406 1620 477 defensione,
1655 413 1705 466 in

123 470 292 538 illum,
317 479 464 546 quasi
489 482 746 540 malorum
771 499 1066 561 auctorem,
1084 510 1142 550 se
1165 501 1442 554 convertit.
1475 502 1541 556 Et
1562 506 1706 575 quia,

123 573 302 633 utpote
333 569 494 637 Deus,
522 574 607 628 cui
637 577 793 633 etiam
824 596 1013 637 arcana
1047 595 1168 641 nota
1199 602 1341 658 sunt,
1369 593 1570 650 sciebat
1596 611 1710 653 scr-

120 666 335 723 pentem
368 662 746 723 ministravisse
766 669 958 728 diaboli
987 674 1190 733 insidiis
1217 689 1270 735 et
1290 682 1522 750 invidite,
1548 702 1704 758 quam

117 761 241 814 erga
276 749 544 809 hominem
577 758 907 832 exhibuerat,
928 775 982 821 ttt
1002 767 1176 826 discas
1202 773 1366 843 ipsius
1390 775 1702 846 bonitatem,

116 840 411 910 quomodo,
438 859 632 912 gnarus
675 858 870 921 tamen,
901 855 968 912 ad
1017 859 1184 916 Adam
1223 840 1437 935 quidem
1481 869 1575 937 ait,
1609 840 1707 925 Ubi

115 928 209 980 es?
252 929 381 995 Quis
418 941 730 996 annuntiavit
757 945 845 998 tibi
867 949 1006 1017 quod
1029 954 1192 1008 nudus
1216 957 1286 1009 sis
1305 956 1332 1010 2
1375 957 1500 1015 Eva:
1527 971 1702 1020 autem

116 1015 255 1074 dixit
289 1037 304 1074 :
339 1023 444 1077 Cur
467 1028 562 1082 hoc
588 1033 800 1099 fecisti?
842 1015 964 1095 huic
1010 1044 1163 1099 malae
1202 1046 1389 1105 bestia:
1429 1051 1560 1107 nihil
1601 1055 1705 1111 tale

115 1109 244 1166 dicit
272 1130 290 1178 ;
318 1117 412 1170 sed
438 1121 606 1190 quid?
633 1126 718 1180 14.
754 1127 818 1183 Et
844 1132 974 1187 dixit
1003 1134 1252 1195 Dominus
1277 1141 1416 1199 Deus
1437 1151 1655 1217 serpenti

116 1201 248 1265 Quia
287 1208 452 1276 fecisti
487 1211 598 1268 Ιιοε.
631 1216 819 1275 Vidisti
857 1223 1245 1286 differentiam?
1288 1234 1492 1292 Mulieri
1519 1201 1653 1296 dixit

112 1294 213 1349 Cur
259 1298 358 1354 hoc
406 1304 602 1374 fecisti?
647 1307 892 1382 Serpenti
944 1329 1118 1376 autem
1153 1341 1166 1378 :
1202 1325 1335 1393 Quia
1379 1331 1544 1400 fecisti
1581 1335 1696 1390 hoc.

109 1389 244 1454 Quia
274 1389 378 1448 hoc
404 1398 620 1466 malum,
651 1402 851 1475 inquit,
883 1423 1132 1478 operatus
1156 1432 1216 1472 es
1235 1459 1251 1485 ,
1283 1421 1402 1491 quia
1432 1426 1700 1492 pernicio-

106 1492 224 1531 sum
252 1480 357 1538 hoc
381 1489 658 1546 consilium
696 1495 968 1568 induxisti,
998 1505 1119 1574 quia
1149 1506 1271 1564 huic
1293 1510 1502 1568 invidia?
1534 1518 1694 1572 mini-

104 1572 328 1637 strasti,
373 1577 495 1645 quia
550 1581 800 1641 invidiam
854 1592 1040 1648 acnisti
1094 1597 1350 1656 adversus
1396 1615 1693 1664 creaturam

108 1675 306 1727 meam,
343 1664 647 1727 Maledictus
687 1686 739 1729 tu
781 1697 890 1749 pra:
927 1685 1156 1740 omnibus
1193 1692 1473 1761 pecoribus,
1509 1707 1555 1750 et
1590 1716 1696 1766 pra:

102 1754 337 1808 omnibus
383 1757 550 1814 bestiis
592 1773 757 1821 terraz.
799 1769 968 1843 Super
995 1787 1167 1846 pectus
1193 1754 1341 1836 tuum
1385 1795 1430 1839 et
1476 1798 1694 1845 ventrem

102 1853 243 1898 tuum
263 1850 534 1919 gradieris,
568 1866 617 1909 et
651 1868 835 1915 terram
871 1871 1098 1924 comedes
1131 1873 1358 1930 onmibus
1386 1878 1557 1935 diebus
1580 1884 1694 1938 vita:

101 1945 218 1990 tute.
253 1941 340 1996 15.
366 1941 435 1997 Et
457 1946 748 2007 inimicitias
769 1971 954 2023 ponam
975 1959 1106 2015 inter
1127 1973 1173 2017 te
1191 1975 1239 2019 et
1257 1967 1388 2021 inter
1408 1972 1688 2040 mulierem,

100 2039 146 2080 et
173 2031 310 2085 inter
336 2052 505 2090 semen
537 2050 676 2096 tuum
702 2055 746 2098 et
773 2047 902 2102 inter
929 2067 1095 2108 semen
1119 2056 1277 2111 illius.
1315 2058 1343 2112 Ι
1350 2078 1439 2132 pse
1459 2062 1687 2120 observa-

101 2119 167 2169 bit
189 2135 345 2190 caput
373 2133 532 2195 tuum,
563 2141 610 2185 et
638 2144 692 2187 tu
711 2139 994 2196 observabis
1021 2145 1132 2213 ejus
1157 2119 1470 2209 caleaneum.

165 2210 218 2263 6.
253 2213 517 2284 Serpentis
537 2221 814 2283 damnatio.
835 2261 907 2271 -—
923 2233 1171 2303 Attende,
1197 2256 1314 2307 oro,
1338 2243 1424 2300 hic
1443 2247 1684 2307 ordinem

96 2312 382 2360 contextus
411 2309 665 2368 refertum
706 2317 802 2373 Dei
840 2335 960 2394 erga
1002 2325 1250 2386 homines
1290 2333 1683 2397 benevolentia.

96 2393 226 2450 Nam
259 2398 592 2474 interrogans
619 2424 649 2462 a
678 2411 793 2468 viro
838 2413 1056 2488 incepit,
1087 2423 1280 2482 deinde
1299 2428 1365 2483 ad
1407 2432 1682 2490 mulierem

98 2490 309 2544 transiit
359 2493 421 2548 Et
443 2509 721 2570 postquam
751 2505 860 2576 ipsa
891 2511 1042 2578 dixit,
1071 2517 1189 2584 quis
1214 2520 1312 2574 sibi
1344 2535 1529 2582 auctor
1554 2527 1689 2584 fuis-

93 2590 172 2634 set
203 2600 218 2635 :
254 2594 308 2638 ttt
339 2598 555 2645 ventum
585 2603 667 2648 est
695 2598 760 2651 ad
791 2613 1122 2675 serpentem,
1152 2625 1256 2666 non
1278 2613 1390 2682 jam
1422 2617 1570 2674 illum
1596 2621 1682 2676 di-

89 2685 301 2743 gnatur,
332 2689 392 2732 ut
419 2697 733 2753 responsum
759 2708 823 2747 ex
847 2710 913 2749 eo
937 2700 1135 2766 audiat,
1156 2704 1248 2759 sed
1277 2722 1486 2776 ptenam
1510 2713 1682 2770 inten-

93 2775 184 2831 tat,
212 2777 269 2823 et
300 2772 461 2828 talem
491 2791 606 2846 qua:
633 2779 686 2835 in
714 2797 874 2841 omne
910 2798 1116 2862 tempus
1145 2799 1483 2872 extendatur,
1514 2813 1569 2859 et
1595 2808 1679 2862 sui

86 2864 396 2927 spectaculo
434 2871 680 2929 omnibus
725 2879 944 2945 posthac
983 2882 1174 2944 futuris
1215 2891 1453 2951 doctrina
1490 2899 1578 2965 sit,
1610 2917 1678 2958 ne

87 2950 220 3004 ultra
254 2957 510 3022 pestilens
548 2962 677 3020 illud
717 2969 962 3028 audiatur
985 2980 1287 3048 consilium,
1320 3002 1492 3058 neque
1528 2992 1676 3050 locus

86 3047 412 3102 concedatur
443 3051 642 3112 dolosis
675 3057 841 3130 ipsius
879 3065 1104 3126 insidiis.
1152 3047 1439 3135 Sedil'orte
1480 3083 1676 3142 dixerit

84 3133 321 3240 aliquis:
351 3141 482 3197 Cum
513 3146 755 3208 diabolus
781 3163 1044 3228 serpentis
1079 3179 1240 3235 opera
1279 3133 1435 3240 usus,

83 3228 325 3285 attulerit
352 3237 635 3295 consilium
660 3282 675 3308 ,
714 3259 811 3301 cur
845 3249 1032 3309 bestia:
1070 3228 1149 3312 illi
1189 3275 1346 3329 poma
1378 3228 1674 3338 infligitur?

81 3318 173 3375 Est
197 3333 254 3379 et
280 3325 388 3382 hoc
411 3329 693 3392 ineuabitis
715 3338 1051 3413 benignitatis
1077 3350 1168 3405 Dei
1189 3318 1347 3422 opus.
1375 3318 1519 3413 Nan:
1535 3363 1674 3417 sicut

78 3418 483 3477 amantissimus
508 3436 660 3494 pater
687 3434 912 3500 puniens
940 3453 1062 3496 eum
1092 3445 1180 3513 qui
1212 3445 1373 3502 lilium
1401 3467 1552 3507 suum
1576 3468 1670 3509 oc-

77 3504 286 3573 ciderit,
316 3520 373 3565 et
393 3512 622 3583 gladium
649 3529 702 3576 et
726 3539 929 3593 ensem,
956 3545 1052 3599 per
1072 3549 1229 3602 quem
1259 3537 1396 3594 [ilius
1419 3555 1548 3598 suus
1578 3560 1671 3600 occ

76 3595 236 3664 cisus,
262 3599 512 3673 destruit,
536 3619 590 3664 et
613 3610 664 3666 in
688 3615 884 3672 multas
901 3595 1080 3689 partes
1102 3629 1451 3686 comminuit:
1476 3635 1666 3691 eodem

75 3693 235 3745 modo
283 3695 424 3751 Deus
455 3701 594 3770 egit;
641 3706 761 3776 quia
778 3708 1009 3781 'serpens
1033 3718 1182 3786 quasi
1217 3719 1423 3789 gladius
1451 3725 1663 3794 quidam

75 3782 274 3840 diaboli
302 3792 523 3845 servivit
548 3796 782 3864 malitia},
814 3782 1120 3874 perpetuam
1152 3782 1247 3878 ipsi
1283 3782 1491 3881 pinnam
1521 3817 1662 3872 inlli-

75 3875 161 3940 git,
193 3886 254 3930 ut
285 3893 386 3948 per
408 3881 508 3938 hoc
531 3888 671 3956 quod
698 3892 798 3947 sub
822 3910 1035 3952 sensum
1062 3909 1116 3955 et
1142 3875 1240 3958 sub
1265 3875 1540 3977 aspectum
1568 3927 1660 3966 ca-

73 3964 165 4031 dit,
212 3969 578 4043 intelligamus
619 3980 670 4034 in
710 3995 903 4054 quanta
951 3989 1074 4060 igno
1098 3993 1238 4049 ninia
1285 3998 1353 4052 sit
1393 4000 1656 4060 diabolus.

72 4054 198 4111 Nam
243 4060 287 4113 si
335 4062 380 4116 is
425 4067 512 4135 qui
556 4078 610 4124 ut
647 4071 1054 4136 instrumentum
1096 4085 1433 4159 ministravit,
1464 4103 1659 4151 tantam

71 4161 324 4217 expertus
351 4167 430 4210 est
458 4157 872 4233 indignationem
894 4212 908 4235 ,
939 4175 1097 4242 quale
1129 4180 1443 4249 supplicium
1471 4187 1658 4242 verisi-

73 4241 192 4295 mile
235 4253 320 4298 est
360 4261 726 4322 suscepturum
763 4241 1069 4320 diabolum?
1114 4267 1224 4326 Iino
1267 4273 1369 4330 hoc
1408 4292 1505 4333 nos
1545 4279 1655 4348 jam

1319 4327 1366 4330 η
1409 4327 1502 4333 η--

70 4327 245 4386 docuit
267 4335 322 4389 in
347 4337 539 4398 divinis
567 4351 855 4420 evangeliis
881 4353 1124 4416 Chrisuts
1147 4362 1329 4420 dicens
1356 4368 1421 4424 ad
1450 4385 1544 4426 eos
1567 4372 1657 4442 qui

69 4439 92 4473 a
120 4427 341 4484 sinistra
372 4446 496 4491 sunt
524 4444 793 4500 constituti
825 4465 839 4501 :
865 4447 1124 4508 Discedite
1155 4473 1187 4510 a
1221 4475 1300 4512 me
1325 4463 1577 4518 maledicti
1603 4466 1657 4520 in

68 4517 232 4584 ignem
268 4533 540 4598 internum,
571 4535 658 4602 qui
689 4553 1006 4609 prwparatus
1039 4556 1111 4601 est
1147 4549 1347 4607 diabolo
1380 4565 1427 4609 et
1464 4558 1656 4628 angelis

67 4613 170 4677 epis
203 4613 417 4682 (Matth.
445 4618 535 4677 25.
555 4625 666 4695 41).
697 4627 773 4684 Illi
796 4633 937 4688 enim
960 4637 1084 4692 olim
1109 4655 1435 4711 praeparatus
1463 4613 1558 4704 es;
1573 4613 1654 4707 in;

65 4705 455 4814 exstinguihilis
483 4714 572 4771 ille
597 4717 754 4789 ignis.
793 4723 929 4790 Quid
958 4744 1085 4801 ergo
1109 4705 1359 4792 miserius
1389 4740 1492 4795 illis
1513 4783 1528 4808 ,
1559 4705 1650 4814 qui

61 4795 380 4867 negligendo
427 4805 648 4865 salutem
688 4827 838 4870 suam
882 4819 1087 4890 seipsos
1130 4829 1390 4898 supplicio
1433 4833 1506 4886 illi
1551 4836 1650 4891 ob-

60 4889 250 4943 noxios
279 4893 532 4966 reddunt,
560 4903 701 4971 quod
739 4905 949 4965 diabolo
974 4889 1324 4986 praeparatum
1356 4925 1479 4979 est?
1513 4889 1647 4984 Nam

59 4983 198 5042 quod
223 4985 376 5041 nobis
399 5029 415 5053 ,
443 4991 488 5045 si
519 4995 842 5055 voluerimus
871 5002 1118 5063 virtutem
1145 5012 1456 5084 amplexari,
1487 5027 1542 5073 et
1565 5019 1645 5076 le-

58 5089 144 5141 ges
162 5093 193 5132 a
214 5077 430 5138 Christo
449 5094 672 5147 statutas
687 5096 856 5164 sequi,
877 5111 1115 5168 paratum
1131 5106 1454 5179 sitjregnum,
1475 5114 1642 5183 ipsum

54 5172 173 5226 andi
201 5173 504 5246 loquentem
537 5206 550 5240 :
589 5185 775 5256 Venite,
806 5193 1048 5252 benedicti
1069 5197 1242 5257 Patris
1265 5206 1380 5272 mei,
1405 5207 1456 5262 in
1479 5209 1643 5266 luere-

50 5267 262 5323 ditatem
301 5276 514 5345 aceipite
540 5296 750 5351 regnum
774 5328 789 5352 ,
819 5292 954 5357 quod
985 5295 1121 5350 vobis
1145 5311 1485 5366 prteparatum
1509 5313 1582 5359 est
1609 5323 1641 5360 a

55 5361 408 5442 ronstitutione
436 5373 613 5445 mundi
653 5373 812 5444 (Ibid.
837 5395 886 5434 υ.
916 5383 1027 5452 st).
1062 5361 1348 5447 Vidisti'illi
1377 5393 1636 5452 inexstin-

53 5452 302 5515 guibilem
329 5458 504 5529 ignem
535 5477 886 5538 praeparatum
905 5513 924 5541 ,
953 5476 1106 5533 nobis
1135 5491 1310 5538 autem
1331 5524 1347 5550 ,
1375 5487 1474 5543 nisi
1499 5489 1641 5545 desi-

55 5546 147 5599 des
190 5550 467 5623 fuerimus,
499 5563 764 5630 regnum?
806 5565 931 5622 llazc
970 5569 1130 5640 igitur
1172 5546 1488 5650 cogitantes,
1516 5580 1637 5638 vitze

54 5654 246 5699 nostra
274 5660 458 5704 curam
488 5665 740 5724 agamus,
779 5668 834 5713 et
868 5661 1121 5720 malitiam
1160 5663 1442 5739 fugientes,
1476 5689 1634 5731 num-

53 5746 205 5802 quam
236 5739 516 5799 diabolicis
549 5749 755 5805 artibus
782 5750 1128 5825 decipiamur.
1167 5759 1233 5814 At
1262 5761 1306 5815 si
1333 5770 1508 5836 et_vos
1535 5781 1630 5824 νου

3305 340 3408 396 In.

1819 417 2044 492 lueritis,
2076 439 2128 481 et
2159 432 2392 489 nondum
2420 434 2544 494 fessi
2575 443 2722 510 estis,
2754 447 2943 504 iterum
2975 451 3026 506 in
3059 453 3292 512 medium
3318 460 3403 514 at-

1817 512 2045 616 feramus
2072 534 2280 588 poenam
2310 541 2428 597 quae
2453 535 2684 602 serpenti
2716 536 2912 595 inflicta
2937 553 3040 610 est,
3065 554 3122 600 ut
3148 550 3401 616 paulatim

1813 595 1880 659 ad
1922 606 2078 666 tinem
2121 613 2305 684 judicii
2329 595 2714 693 properantes,
2749 631 3026 691 videamus
3060 595 3254 695 divina:
3292 643 3401 698 cle-

1811 696 2026 770 mentiae
2053 708 2490 776 magnitudinem.
2531 714 2662 772 Nam
2707 721 2750 774 si
2793 721 3035 784 homines
3059 728 3398 799 judicetnvi-

1811 790 1998 848 dentes
2029 797 2238 864 publice
2264 802 2560 873 sedentem,
2589 819 2638 864 et
2687 822 2870 870 contra
2914 834 3036 876 reos
3078 824 3395 879 sententiam

1810 889 2277 959 pronuntiantem,
2319 909 2462 965 saepe
2493 907 2604 955 telo
2631 902 2716 958 die
2756 906 2826 960 ibi
2867 921 3104 979 manent,
3136 930 3232 970 nec
3271 917 3397 974 inde

1807 974 2122 1047 abscedunt,
2148 981 2319 1040 donec
2342 990 2640 1048 surrexisse
2667 994 2897 1054 viderint
2919 1000 3153 1068 judicent
3185 1024 3198 1058 :
3229 1010 3397 1063 multo

1807 1069 1978 1139 magis
2000 1087 2142 1128 nt'nc
2169 1089 2267 1130 nos
2295 1076 2504 1135 decebit
2519 1082 2752 1152 judicem
2777 1091 2963 1158 majori
2985 1109 3106 1149 cum
3124 1098 3398 1156 alacritate

1809 1159 1993 1216 videre
2019 1163 2215 1222 bonum
2244 1168 2442 1237 Deum,
2475 1180 2740 1246 quomodo
2767 1188 2997 1254 serpenti
3025 1204 3241 1259 gravem
3285 1210 3399 1264 ρω-

1806 1265 1927 1305 nam
1956 1253 2286 1329 imposuerit,
2311 1273 2368 1340 ut
2390 1281 2486 1334 per
2505 1271 2773 1329 sensibilis
2795 1253 2951 1345 hujus
2977 1253 3159 1338 bestiae
3183 1253 3389 1354 ptenas,

1804 1359 1906 1414 qua
1937 1349 2080 1403 velut
2105 1365 2305 1422 organo
2349 1372 2475 1415 usus
2512 1371 2597 1416 est
2630 1365 2894 1437 malignus
2919 1371 3008 1427 ille
3029 1349 3238 1432 daemon
3261 1419 3274 1440 ,
3310 1349 3394 1437 in;

1804 1439 2135 1512 telligamus,
2164 1463 2296 1518 quas
2322 1450 2394 1506 illi
2423 1469 2608 1522 paruas
2634 1458 2686 1512 in
2713 1457 2894 1517 futuro
2932 1469 3128 1522 smculo
3159 1439 3396 1526 inﬂictu-

1801 1544 1896 1586 rus
1921 1533 1992 1586 sit
2017 1552 2032 1588 :
2056 1539 2324 1604 quomodo
2352 1542 2477 1598 item
2501 1547 2831 1606 misericordi
2858 1558 3198 1626 correptione
3223 1563 3392 1619 virum

1801 1630 1856 1675 et
1883 1624 2159 1708 mulierem
2192 1636 2435 1702 castiget,
2459 1652 2577 1706 qua:
2603 1641 2899 1699 admonitio
2928 1624 3106 1716 potius
3135 1652 3200 1706 sit
3233 1669 3391 1724 quam

1801 1715 2008 1782 punitio
2039 1733 2052 1771 :
2084 1705 2147 1774 ut.
2177 1719 2262 1776 his
2289 1705 2536 1784 omnibus
2564 1730 2845 1802 diligenter
2865 1705 3271 1810 animadversis:
3299 1748 3395 1801 ad-

1797 1806 2055 1864 miremur
2082 1813 2361 1872 clementis
2388 1818 2480 1875 Dei
2508 1824 2894 1892 providentiam
2915 1871 2931 1898 ,
2961 1848 3118 1902 quam
3145 1836 3236 1892 ille
3264 1853 3389 1909 erga

1796 1908 2033 1955 nostram
2079 1914 2321 1962 naturam
2362 1911 2596 1968 exhibet.
2625 1915 2760 1982 Quid
2791 1934 2919 1990 ergo
2944 1922 3018 1978 illi
3050 1924 3291 1982 dictum?
3325 1908 3390 1984 fit

1797 1989 1926 2046 dixit
1951 1991 2198 2051 Dominus
2222 1997 2358 2055 Deus
2382 2006 2600 2072 serpenti
2627 2023 2647 2060 :
2685 2008 2819 2074 Quia
2842 1989 3007 2084 fecisti
3034 2015 3146 2082 ltoc,
3175 2020 3392 2073 maledi-

1795 2092 1906 2137 ctus
1941 2094 1995 2138 tu
2033 2102 2142 2154 pra:
2166 2091 2397 2146 omnibus
2426 2098 2708 2166 pecoribus,
2734 2109 2780 2155 et
2820 2119 2929 2172 prte
2957 2107 3187 2162 omnibus
3220 2111 3388 2166 bestiis

1793 2191 1906 2245 qua:
1932 2188 2048 2234 sunt
2074 2197 2227 2253 super
2251 2195 2458 2242 terram.
2489 2188 2658 2262 Super
2690 2202 2863 2264 pectus
2898 2206 3042 2252 tuum
3080 2211 3126 2254 et
3161 2213 3381 2256 ventrem

1793 2279 1934 2324 tuum
1957 2272 2226 2342 gradieris,
2257 2287 2304 2332 et
2344 2288 2531 2335 terram
2566 2286 2796 2341 comedes
2823 2290 3054 2346 omnibus
3074 2292 3248 2348 diebus
3271 2296 3383 2350 vita:

1778 2368 1910 2416 ‘tute.
1953 2362 2022 2418 Et
2059 2365 2349 2425 inimicitias
2380 2388 2569 2442 ponam
2596 2375 2727 2430 inter
2750 2386 2798 2432 te
2816 2389 2865 2432 et
2885 2381 3014 2436 inter
3031 2384 3312 2448 mulierem.
3335 2397 3383 2441 et

1789 2453 1922 2509 inter
1957 2472 2126 2512 semen
2161 2468 2304 2515 tuum
2338 2472 2384 2517 et
2421 2480 2591 2520 semen
2629 2468 2760 2538 ejus.
2793 2468 2914 2538 Ipse
2937 2481 3080 2528 tuum
3104 2475 3384 2532 observabit

1787 2554 1960 2616 caput,
1983 2557 2029 2601 es
2050 2558 2102 2602 tu
2128 2549 2413 2608 observabis
2431 2556 2543 2627 ejus
2566 2558 2881 2616 calcaneum.
2991 2615 2994 2618 ,

1858 2638 1911 2692 7.
1961 2639 2148 2697 Gravis
2193 2653 2246 2698 et
2289 2646 2580 2705 vehemens
2628 2651 2921 2723 indignatio
2968 2672 2981 2709 :
3019 2657 3142 2727 quia
3186 2675 3377 2731 magna

1786 2729 1944 2784 etiam
1977 2742 2030 2788 et
2075 2733 2262 2803 ingens
2303 2737 2568 2810 deccptio,
2618 2758 2776 2813 quam
2807 2761 2904 2815 per
2932 2747 3080 2804 illum
3108 2729 3374 2822 malignus

1783 2821 1994 2879 dmmon
2040 2824 2237 2882 intulit.
2270 2829 2336 2883 Et
2362 2831 2492 2886 dixit
2516 2831 2765 2891 Dominus
2789 2837 2928 2893 Deus
2953 2845 3173 2912 serpenti
3197 2859 3216 2898 :
3243 2821 3379 2911 Quia

1785 2913 1946 2982 fecisti
1972 2915 2088 2970 hoc.
2130 2917 2262 2985 Quia
2303 2921 2416 2988 tali,
2464 2923 2654 2995 inquit,
2701 2929 2924 2986 malitia:
2950 2933 3286 3005 ministrasti,
3315 2949 3376 2994 ut

1781 3003 1930 3060 fraus
1973 3006 2062 3061 illa
2111 3023 2274 3078 apere
2293 3014 2670 3084 compleretur,
2713 3019 2910 3076 malum
2936 3025 3215 3081 consilium
3241 3027 3375 3084 atie-

1781 3095 1970 3163 rendo,
2013 3107 2069 3153 et
2113 3099 2271 3156 letale
2299 3104 2546 3172 poculum
2579 3111 2956 3179 temperando;
2984 3116 3105 3185 quia
3135 3116 3212 3172 sic
3239 3116 3374 3175 feci-

1779 3192 1869 3257 sti,
1893 3200 1947 3246 et
1969 3208 2000 3246 a
2030 3208 2148 3250 mea
2175 3195 2543 3256 benevolentia
2565 3203 2850 3261 excludere
2869 3207 3076 3264 voluisti
3100 3220 3373 3269 creaturas

1779 3299 1946 3351 meas,
1994 3287 2292 3346 ministerio
2339 3293 2556 3364 maligni
2604 3295 2864 3354 daemonis
2909 3304 3189 3363 sententia:
3213 3306 3363 3363 exhi-

1777 3375 1912 3444 bito,
1943 3378 2031 3448 qui
2061 3379 2130 3435 ob
2158 3381 2406 3438 invidiam
2434 3395 2489 3440 et
2518 3387 2788 3457 ingentem
2815 3393 3118 3462 superbiam
3156 3410 3306 3452 suam
3337 3413 3371 3454 e

1777 3467 1922 3522 cadis
1949 3469 2000 3522 in
2031 3477 2228 3526 terram
2251 3473 2490 3545 dejectus
2518 3487 2601 3533 est
2629 3497 2642 3533 ε
2667 3489 2948 3550 propterea
2975 3485 3096 3554 quia
3128 3493 3179 3542 te
3204 3487 3255 3542 in
3283 3486 3367 3543 his

1776 3567 1833 3613 ut
1857 3559 2211 3618 instrumento
2258 3575 2340 3621 est
2383 3582 2532 3636 usus,
2559 3579 2868 3640 perpetuam
2897 3573 2989 3629 tibi
3019 3591 3229 3645 poenam
3259 3578 3365 3634 im-

1776 3667 1936 3728 pono,
1987 3662 2046 3710 ut
2081 3671 2179 3726 per
2222 3673 2307 3728 ea,
2352 3677 2470 3731 qua:
2516 3662 2607 3716 tibi
2652 3663 2970 3735 inferuntur,
3013 3677 3068 3724 et
3106 3671 3198 3727 ille
3224 3674 3366 3730 scire

1774 3744 1960 3812 possit,
1990 3746 2257 3816 quodnam
2300 3749 2470 3820 ipsum
2512 3763 2726 3808 maneat
2749 3757 3092 3827 supplicium,
3125 3771 3176 3816 et
3199 3761 3364 3820 futuri

1775 3837 2016 3894 homines
2043 3839 2372 3910 erudiuntur,
2413 3859 2482 3899 ne
2505 3845 2830 3902 seducantur
2866 3849 3064 3906 diaboli
3100 3853 3358 3922 consiliis,

1771 3947 1944 4003 neque
1975 3933 2117 3988 illius
2155 3933 2370 3993 fraudes
2401 3938 2702 4008 admittant,
2732 3949 2789 3996 ut
2814 3958 2882 3997 ne
2909 3943 2960 3998 in
2987 3945 3201 4002 easdem
3231 3949 3363 4005 inci-

1768 4025 1898 4081 dant
1935 4041 2140 4098 poenas.
2189 4030 2475 4103 Propterea
2503 4035 2815 4093 maledictus
2834 4039 2894 4093 e's
2924 4047 2981 4094 tu
3007 4041 3144 4096 inter
3171 4057 3359 4100 omnes

1767 4117 1986 4188 bestias,
2034 4123 2154 4193 quia
2181 4124 2657 4184 calliditate‘male
2682 4137 2736 4185 et
2768 4145 2873 4186 non
2905 4139 2963 4187 ut
2991 4133 3272 4204 oportebat
3299 4151 3358 4192 es

1767 4225 1917 4280 usus,
1948 4213 2040 4268 sed
2071 4215 2402 4287 privilegium
2449 4219 2590 4289 quod
2635 4235 2796 4292 super
2839 4225 3015 4279 omnia
3065 4227 3355 4283 animantia

1767 4304 2098 4373 possidebas,
2128 4306 2230 4364 hoc
2258 4308 2350 4364 tibi
2381 4312 2434 4364 in
2464 4312 2700 4367 omnium
2728 4315 2988 4371 malorum
3010 4321 3173 4374 cessit
3195 4335 3354 4376 occa-

1764 4398 1992 4455 sionem.
2039 4400 2212 4471 Inquit
2259 4404 2403 4458 enim
2453 4423 2467 4459 :
2529 4406 2752 4476 Serpens
2803 4419 2910 4463 erat
2959 4412 3354 4481 prudentissima

1762 4491 1985 4554 omnium
2011 4491 2299 4560 bestiarum,
2326 4511 2440 4558 qua:
2461 4508 2602 4552 erant
2639 4516 2792 4570 super
2829 4511 3034 4558 terram.
3066 4504 3351 4575 Propterea

1670 4629 1672 4632 .
1763 4583 2076 4640 maledictus
2105 4593 2159 4640 tu
2208 4587 2346 4642 inter
2370 4590 2547 4645 omnia
2592 4591 2831 4661 jumenta
2856 4602 2911 4650 et
2935 4609 3123 4652 omnes
3149 4597 3350 4654 bestias

1762 4685 1919 4732 terrae
1965 4675 2176 4732 futurus
2205 4694 2284 4734 es.
2315 4679 2381 4734 Et
2407 4679 2528 4751 quia
2558 4683 2860 4739 maledictio
2891 4701 2994 4740 non
3033 4697 3148 4742 erat
3171 4690 3349 4744 sensi-

1758 4769 1898 4835 bilis,
1932 4785 2105 4840 neque
2144 4772 2312 4827 oculis
2340 4772 2502 4830 videri
2523 4787 2761 4846 poterat,
2794 4788 3010 4849 propter
3044 4779 3146 4836 hoc
3170 4783 3348 4836 sensi-

1756 4861 1916 4918 bilem
1959 4863 2030 4917 illi
2070 4879 2280 4933 pinnam
2311 4866 2491 4934 infert,
2528 4878 2584 4922 ut
2614 4870 2868 4926 continuo
2894 4881 3018 4927 ante
3048 4873 3234 4929 oculos
3262 4876 3343 4928 νίς

1755 4954 1883 5010 dere
1913 4955 2176 5025 possimus
2201 4959 2441 5029 supplicii
2466 4960 2583 5030 ejus
2613 4963 2956 5023 monimenta.
2983 4963 3152 5036 Super
3171 4977 3346 5036 pertus

1754 5055 1805 5100 et
1845 5063 1995 5117 super
2023 5057 2242 5103 uentrem
2269 5050 2534 5122 gradieris,
2579 5063 2632 5107 et
2649 5065 2832 5108 terram
2857 5057 3082 5111 comedes
3111 5057 3343 5113 omnibus

1753 5138 1925 5194 diebus
1953 5140 2067 5195 vitta
2086 5151 2186 5196 tua:
2207 5158 2226 5197 .°
2254 5143 2376 5213 quia
2398 5143 2566 5200 forma
2591 5154 2675 5202 tua
2703 5147 2898 5203 abusus
2921 5164 3000 5218 es,
3026 5151 3156 5206 etin
3185 5151 3340 5208 fami-

1752 5231 2033 5300 liaritatem
2079 5235 2355 5292 rationalis
2398 5240 2643 5296 animalis
2687 5257 2716 5294 a
2765 5257 2850 5299 me
2905 5245 3106 5300 conditi
3147 5246 3336 5304 venire

1750 5341 1856 5382 non
1881 5324 2198 5384 formidasti.
2225 5329 2373 5386 Sicut
2399 5329 2561 5401 igitur
2583 5332 2846 5402 diabolus,
2887 5336 2975 5407 qui
3000 5352 3096 5407 per
3121 5345 3172 5394 te
3199 5354 3336 5410 ope-

1748 5430 1914 5486 ratus,
1959 5430 2016 5477 et
2057 5431 2110 5476 te
2153 5422 2506 5480 instrumento
2549 5441 2678 5482 usus
2706 5438 2808 5494 est,
2855 5443 2886 5484 e
2910 5430 3055 5485 caelis
3079 5429 3330 5488 deorsum

1746 5511 1999 5586 depulsus
2043 5520 2143 5578 est,
2196 5513 2316 5583 quia
2367 5515 2489 5586 plus
2533 5531 2692 5587 quam
2731 5518 3001 5591 dignitatis
3049 5539 3160 5580 suae
3192 5532 3328 5585 erat,

1744 5617 1930 5674 Sapere
1963 5605 2217 5662 volebat:
2249 5606 2322 5662 ita
2359 5607 2606 5666 similiter
2647 5612 2870 5684 impero,
2908 5623 2968 5677 ut
3004 5623 3057 5672 et
3079 5624 3138 5672 tu
3173 5619 3329 5674 aliain

1811 5777 1830 5814 ⁸
1858 5771 2218 5846 (Σοὶεὶίιιῖηωεε,
2245 5796 2348 5848 pro,
2374 5786 2673 5854 calliditate;
2696 5803 2789 5842 non
2825 5791 2970 5842 male.
