3754 6258
386 250 487 305 1L3

383 364 712 418 formationis
757 363 974 434 liguram
1023 364 1251 425 habeas;
1291 373 1345 417 et
1368 379 1527 431 super
1557 372 1750 417 terram
1784 380 1959 432 renus,

383 472 552 523 capte
578 456 768 519 alaris;
798 465 957 525 atque
985 455 1119 509 adeo
1149 470 1213 509 ne
1242 456 1391 508 liccat
1424 455 1514 507 tibi
1545 454 1763 523 posthac
1790 456 1963 524 suspi-

383 562 527 610 ocre,
569 546 662 600 sed
703 561 915 615 semper
961 545 1013 599 in
1063 545 1163 600 hoc
1204 560 1418 599 maneas
1461 555 1620 611 statu,
1653 556 1706 599 et
1731 545 1874 601 solus
1900 562 1964 601 ex

382 637 702 691 animalibus
725 646 865 692 terra
897 637 1165 707 pascaris;
1191 646 1244 691 et
1267 653 1439 707 neque
1474 638 1575 691 hoc
1600 637 1809 692 solum:
1841 653 1966 692 nam

388 728 457 781 Et
473 730 759 782 inimicitias
786 745 970 797 ponam
1002 727 1132 782 inter
1159 740 1205 783 te
1224 738 1270 782 et
1298 730 1428 781 inter
1440 727 1717 794 mulierem,
1744 729 1964 784 interse-

380 837 493 873 mcn
515 828 654 872 tuum
675 828 720 873 et
740 835 905 874 semen
926 820 1055 889 ejus.
1078 819 1256 889 Neque
1276 818 1375 873 hoc
1389 828 1664 873 contentus
1686 834 1797 883 ero,
1825 819 1966 889 quod

378 924 537 979 super
588 919 783 965 terram
832 920 1043 980 reptes,
1096 911 1189 966 sed
1235 920 1289 965 et
1336 910 1603 965 inimicam
1650 910 1966 981 foederisque

377 1001 611 1056 nesciam
657 1001 843 1057 laciam
895 1004 985 1057 tibi
1034 1002 1312 1057 mulierem
1352 1018 1569 1073 :neque
1611 1017 1727 1057 eam
1775 1002 1965 1070 solam,

378 1095 469 1150 sed
510 1105 563 1151 et
605 1112 791 1151 semen
819 1097 935 1166 ejus
979 1097 1168 1153 semini
1202 1107 1291 1153 tuo
1318 1099 1524 1153 hostem
1553 1108 1862 1168 perpetuum
1892 1098 1967 1151 fa-

377 1187 532 1239 ciam.
570 1185 690 1257 Ipse
718 1196 858 1241 tuum
882 1188 1159 1242 observabit
1179 1199 1353 1260 caput,
1397 1199 1445 1242 et
1470 1198 1524 1243 tu
1550 1190 1659 1259 ejus
1688 1189 1966 1244 obseruabis

379 1277 688 1331 calcaneum.
741 1279 968 1333 Tantum
1015 1280 1158 1334 enim
1209 1280 1283 1334 illi
1331 1280 1493 1335 robur
1536 1280 1856 1346 concedam,
1907 1290 1965 1335 ut

374 1368 630 1423 continuo
678 1370 949 1426 incumbat
992 1370 1152 1441 capiti
1198 1381 1307 1439 tuo,
1342 1383 1394 1427 te
1440 1383 1616 1427 autem
1654 1373 1839 1427 faciam
1866 1373 1965 1428 sub

376 1460 597 1529 pedibus
640 1461 756 1530 ejus
799 1462 1000 1531 jacere.
1046 1463 1175 1518 Vide
1198 1464 1303 1527 hic,
1350 1464 1560 1527 dilecte,
1612 1479 1707 1533 per
1751 1480 1963 1533 pmnam

376 1552 499 1608 huic
527 1554 712 1609 bestia:
739 1555 1067 1625 deputatam,
1097 1566 1348 1626 quantam
1376 1557 1591 1611 humani
1634 1558 1847 1627 generis
1874 1573 1964 1611 cu-

376 1660 489 1697 ram
520 1645 670 1699 nobis
695 1645 1044 1701 demonstret.
1070 1646 1137 1700 Et
1167 1646 1267 1702 hoc
1297 1647 1510 1717 quidem
1541 1648 1609 1702 de
1638 1648 1827 1702 visibili
1851 1662 1966 1703 ser-

379 1745 536 1805 pente
565 1753 578 1791 :
612 1736 734 1791 licet
781 1748 958 1793 autem
988 1738 1185 1794 volenti
1232 1750 1416 1809 postea
1464 1740 1803 1795 considerare
1828 1741 1961 1795 scri-

378 1836 589 1895 ptorum
620 1828 836 1897 seriem,
859 1837 913 1884 et
937 1844 1262 1899 cognoscere
1288 1830 1330 1883 si
1355 1830 1422 1885 de
1450 1830 1687 1885 sensibili
1716 1840 1963 1899 serpente

375 1917 492 1973 haec
535 1918 673 1973 dicta
705 1931 847 1985 sunt,
891 1921 1058 1975 multo
1088 1923 1255 1993 magis
1283 1922 1587 1992 accipienda
1618 1938 1739 1979 esse
1766 1922 1833 1978 de
1858 1924 1963 1995 spi-

375 2013 551 2067 rituali
604 2024 875 2085 serpente.
923 2013 1132 2070 Etenim
1180 2023 1234 2070 et
1287 2016 1437 2070 illum
1496 2017 1717 2086 pedibus
1767 2017 1964 2072 nostris

375 2103 603 2173 subjecit
635 2105 990 2171 humiliatum,
1017 2115 1072 2161 et
1101 2106 1153 2161 id
1196 2109 1439 2177 pra-stitit
1464 2117 1521 2163 ut
1545 2124 1641 2163 nos
1663 2110 1779 2179 ejus
1804 2109 1963 2179 capiti

376 2196 766 2252 incumbamus.
808 2198 999 2254 Annon
1050 2199 1151 2254 hoc
1198 2200 1463 2270 significat
1510 2201 1714 2269 dicens,
1765 2202 1967 2258 Calcate

377 2302 530 2355 super
557 2297 831 2357 serpentes,
880 2298 928 2343 et
969 2289 1259 2359 scorpiones
1292 2290 1440 2360 (Luc.
1471 2292 1558 2346 10.
1600 2292 1726 2363 19)?
1763 2292 1966 2349 Deinde

378 2392 446 2431 ne
476 2387 721 2446 putemus
750 2378 816 2433 de
841 2379 1181 2435 sensibilibus
1213 2379 1339 2436 feris
1364 2396 1482 2436 esse
1508 2382 1727 2448 dictum,
1751 2381 1963 2438 subdit:

382 2468 449 2521 Et
476 2485 627 2537 super
650 2485 847 2523 omnem
875 2472 1105 2524 virtutem
1144 2471 1355 2525 inimici.
1391 2471 1609 2527 Vidistis
1646 2487 1709 2528 ex
1740 2472 1821 2527 his
1847 2488 1966 2544 qua!

377 2560 516 2615 dicta
562 2570 684 2614 sunt
728 2562 796 2616 de
841 2578 997 2631 paena
1047 2564 1401 2618 instrumento
1445 2564 1708 2619 diabolica
1746 2565 1963 2633 inﬂicta,

380 2652 650 2721 ingentem
692 2651 783 2706 Dei
838 2653 1262 2708 humanitatem?
1314 2653 1599 2710 Veniamus
1644 2659 1867 2723 iterum,
1920 2657 1965 2711 si

375 2743 570 2812 placet,
620 2744 685 2798 ad
733 2745 1029 2801 mulierem.
1060 2747 1291 2817 Serpens
1319 2749 1438 2818 quia
1468 2749 1725 2804 fallaciam
1769 2750 1964 2816 intulit,

376 2844 658 2902 propterea
706 2844 759 2891 et
805 2851 1015 2906 pcenam
1060 2839 1173 2909 ipse
1212 2840 1416 2909 primus
1452 2842 1699 2911 accepit:
1743 2850 1797 2897 et
1842 2841 1965 2912 quia

376 2926 551 2993 primo
590 2926 867 2983 mulierem
896 2929 1123 2999 decepit,
1159 2940 1209 2984 et
1243 2930 1332 2985 illa
1361 2940 1540 3000 postea
1582 2933 1751 2986 virum
1783 2946 1965 2987 secum

377 3019 559 3082 traxit,
593 3018 712 3075 ideo
741 3030 793 3074 et
822 3020 935 3091 ipsa
970 3023 1114 3089 prior
1140 3023 1389 3091 plectitur
1416 3038 1569 3091 paena
1599 3040 1844 3094 magnam
1873 3024 1967 3079 ad-

384 3110 729 3164 monitionem
770 3110 1020 3167 habente.
1070 3112 1156 3167 16.
1188 3112 1253 3165 Et
1280 3114 1478 3167 mulieri
1507 3115 1677 3168 dixit:
1704 3113 1965 3183 Multipli—

380 3216 500 3254 caus
540 3202 879 3269 multiplicabo
922 3220 1173 3257 (erumnas
1201 3214 1331 3271 tuas,
1362 3215 1405 3258 et
1432 3207 1670 3276 gemitum
1711 3213 1847 3260 tuum
1878 3223 1896 3260 :
1916 3208 1968 3261 in

378 3295 637 3349 doloribus
658 3299 825 3366 paries
852 3297 1020 3365 ﬁlios;
1056 3288 1199 3352 et'ad
1223 3301 1385 3352 virum
1413 3310 1549 3353 tuum
1578 3302 1833 3354 conversio
1859 3312 1965 3368 tua,

378 3390 424 3439 et
449 3389 555 3458 ipse
572 3391 642 3443 tui
663 3391 1021 3445 dominabitur.
1048 3391 1180 3447 Vide
1202 3392 1492 3450 bonitatem
1518 3393 1748 3460 Domini,
1773 3400 1967 3463 quanta

379 3491 499 3549 ,δοκι
548 3490 747 3536 tantam
800 3485 1287 3553 prmvaricationem
1329 3488 1737 3541 mansuetudine
1781 3489 1963 3543 utitur.

382 3573 732 3642 Multiplicans
772 3577 1112 3647 multiplicabo
1156 3594 1409 3633 (erumnas
1449 3588 1581 3632 tuas.
1616 3579 1728 3649 Ego
1755 3580 1965 3650 quidem

379 3666 647 3735 volebam,
681 3667 867 3738 inquit,
888 3678 939 3724 te
959 3670 1089 3725 citra
1111 3670 1348 3726 dolorem
1376 3680 1429 3725 et
1448 3686 1739 3726 mmmnam
1763 3672 1962 3739 vivere,

376 3761 703 3831 liberamque
731 3761 798 3816 ab
826 3762 968 3817 omni
996 3778 1229 3819 mterore
1254 3771 1308 3818 et
1346 3765 1574 3828 tristitia,
1617 3774 1671 3819 et
1701 3764 1844 3819 omni
1874 3779 1966 3817 vo-

374 3850 573 3919 luptate
606 3851 821 3922 repleri,
849 3863 902 3909 et
932 3854 1055 3909 licet
1074 3870 1303 3924 corpore
1329 3855 1732 3921 circumdatam,
1765 3870 1963 3926 corpo-

375 3942 633 4010 poralium
688 3958 849 3999 sensu
896 3962 1001 4000 non
1047 3946 1186 4002 afﬁci
1220 3966 1233 4001 :
1264 3957 1317 4002 at
1361 3948 1483 4016 quia
1530 3964 1634 4002 non
1685 3964 1777 4003 usa
1822 3964 1881 4005 es
1909 3959 1967 4006 ut

373 4040 586 4099 oportet
634 4041 779 4088 tanta
824 4037 1197 4106 prosperitate,
1245 4037 1339 4093 sed
1390 4038 1659 4093 aflluentia
1701 4040 1961 4095 bonorum

377 4133 490 4178 tam
518 4124 780 4194 ingratum
826 4126 921 4181 tibi
971 4128 1206 4183 animum
1264 4130 1485 4194 invexit,
1543 4141 1819 4199 propterea
1868 4133 1963 4187 tibi

374 4217 581 4271 frenum
634 4217 870 4289 impono.
930 4227 991 4275 ut
1034 4236 1103 4276 ne
1158 4222 1384 4291 amplius
1436 4222 1699 4287 lascivias,
1745 4224 1811 4277 ad
1865 4226 1962 4278 tri-

375 4307 549 4362 stitias
610 4319 663 4363 et
730 4311 959 4381 gemitus
1032 4321 1086 4367 te
1147 4311 1530 4368 condemnans.
1608 4313 1961 4385 Multiplicans

373 4402 716 4466 multiplicabo
774 4420 1028 4460 terumnas
1083 4416 1224 4472 tuas,
1284 4412 1331 4459 et
1384 4409 1622 4477 gemitum
1689 4418 1827 4462 tuum
1857 4426 1875 4463 :
1908 4410 1964 4463 in

374 4494 632 4548 doloribus
678 4496 841 4565 paries
881 4498 1036 4562 ﬁlios.
1080 4499 1236 4565 Rem,
1284 4500 1471 4569 inquit,
1522 4515 1726 4570 magna:
1770 4502 1963 4556 la'titite

375 4597 429 4640 ct
460 4587 685 4640 filiorum
710 4590 1139 4660 propagatiouem
1163 4607 1192 4645 a
1222 4590 1407 4646 dolore
1430 4602 1484 4646 nt
1509 4592 1730 4662 incipias
1747 4592 1959 4660 faciam,

375 4688 432 4733 ut
460 4688 512 4732 et
541 4680 649 4747 ipsa
683 4695 779 4749 per
823 4681 1080 4753 cujusque
1110 4693 1289 4752 partus
1323 4683 1533 4739 dolores
1579 4694 1633 4739 et
1661 4702 1957 4756 aerumnas,

375 4779 634 4839 perpetuo
659 4773 927 4826 mouearis
952 4785 1145 4843 quanta
1175 4775 1245 4827 sit
1270 4775 1470 4842 peccati
1494 4784 1553 4831 et
1585 4776 1961 4832 inobedientia:

376 4862 706 4931 magnitudo,
754 4874 807 4920 et
850 4881 917 4920 ne
940 4880 1191 4935 processu
1222 4869 1475 4936 temporis
1498 4868 1749 4924 oblivioni
1782 4871 1959 4927 tradas

372 4955 513 5024 quod
547 4953 739 5010 factum
771 4965 873 5023 est,
902 4957 997 5013 sed
1025 4973 1212 5013 noscas
1242 4958 1543 5029 bujusmodi
1571 4960 1833 5018 fallaciam
1862 4964 1959 5019 bo-

371 5062 489 5101 rum
519 5049 610 5103 tibi
640 5064 853 5105 causam
881 5049 1062 5105 fuisse.
1094 5050 1379 5120 Propterea
1407 5052 1758 5125 Multiplicans
1783 5059 1959 5111 multi-

372 5140 566 5207 plicabo
605 5157 855 5196 cerumnas
895 5153 1027 5210 tuas,
1068 5153 1115 5197 ct
1140 5145 1378 5215 gemitum
1423 5155 1598 5201 tuum:
1624 5148 1677 5203 in
1702 5148 1959 5205 doloribus

374 5233 538 5297 paries
574 5234 751 5300 ﬁlios.
797 5235 893 5289 llic
940 5235 1203 5303 signiﬁcat
1253 5238 1657 5306 parturientium
1718 5238 1954 5307 dolores,

375 5323 824 5396 multiplicemque
866 5328 1009 5382 illum
1060 5330 1317 5397 laborem,
1364 5347 1521 5401 quem
1551 5331 1692 5388 ferre
1736 5347 1957 5390 necesse

374 5423 459 5468 est
490 5432 502 5467 :
533 5431 723 5486 nempe
764 5425 843 5471 tot
890 5421 1183 5483 mensibus,
1223 5424 1369 5478 velut
1406 5425 1671 5480 sarcinam
1701 5426 1954 5481 infantem

373 5516 609 5575 gestare,
660 5517 714 5563 et
749 5509 951 5565 sentire
994 5512 1305 5581 singulares,
1359 5531 1479 5584 quae
1526 5516 1649 5571 inde
1688 5519 1952 5582 oriuntur,

377 5612 664 5665 aerumnas,
691 5600 1052 5656 membrorum
1084 5604 1481 5671 distorsionem,
1514 5617 1568 5663 et
1596 5608 1956 5665 intolerabiles

378 5686 495 5741 illos
523 5688 729 5745 dolores
753 5704 888 5760 quos
918 5692 1043 5749 solae
1079 5693 1181 5751 illze
1202 5696 1531 5767 sciunt,quce
1559 5710 1790 5779 experta:
1808 5708 1951 5756 sunt.

1125 251 1180 306 S.
1217 248 1492 306 JOANNIS
1529 248 1997 310 CllRYSOSTOXI
2037 252 2350 316 ΑΒΩΙΠῈΡ.
2391 254 2925 313 CONSTANTINOP.

3558 259 3666 315 ια

2147 368 2199 422 8.
2233 370 2365 437 Spes
2390 370 2507 423 boni
2526 371 2683 440 futuri
2713 372 2848 423 mala
2875 372 3005 424 levat
3030 372 3319 438 pra’scntin.
3344 399 3412 410 —
3436 369 3637 424 Verum

2074 463 2252 509 tamen
2283 457 2551 512 doloribus
2592 468 2734 511 tanta
2764 459 2954 513 solatia
2999 459 3157 513 simul
3195 459 3475 513 admiscuit
3504 461 3660 513 beni-

2072 564 2207 618 gnus
2236 549 2397 615 Deus,
2429 563 2484 604 ut
2515 549 2683 605 ferme
2714 551 3096 606 conferendum
3123 552 3193 604 sit
3216 551 3486 621 gaudium,
3518 552 3659 620 quod

2073 656 2139 695 ex
2171 651 2295 695 nato
2338 656 2505 711 puero
2541 643 2798 709 habetur,
2830 659 2953 697 cum
2992 644 3263 697 doloribus
3309 643 3414 697 illis
3449 643 3539 713 qui
3585 652 3661 697 tot

2075 732 2350 788 mensibus
2376 744 2613 789 ventrem
2654 734 2937 789 dissecant.
2970 734 3103 789 Nam
3128 750 3246 805 qua:
3276 744 3479 787 tantum
3513 734 3661 787 labo—

2074 840 2189 881 rem
2221 824 2419 891 l‘erunt,
2452 836 2635 896 totque
2656 826 2898 881 dolorum
2920 825 3240 881 cruciatibus
3264 824 3656 894 discerpuntur,

2073 927 2130 970 ut
2159 931 2295 986 pene
2320 917 2386 971 de
2415 917 2526 986 ipsa
2547 919 2652 971 vita
2674 917 2991 987 desperent;
3024 926 3303 987 postquam
3332 918 3655 986 pepercrint,

2072 1013 2125 1059 et
2155 1006 2429 1061 doloribus
2457 1006 2652 1061 fuerint
2676 1008 2863 1061 solutae
2882 1050 2897 1074 ,
2924 1007 3212 1078 laetitiaque
3244 1006 3344 1061 frui
3372 1008 3655 1077 cmperint,

2074 1097 2265 1151 iterum
2292 1099 2442 1168 quasi
2470 1098 2647 1155 oblita:
2678 1099 2916 1153 laborum
2943 1099 3205 1162 omnium,
3239 1099 3465 1152 liliorum
3499 1113 3659 1167 gene-

2072 1188 2263 1243 rationi
2309 1204 2527 1260 Operam
2573 1190 2701 1244 dant
2734 1207 2746 1242 :
2779 1190 2856 1244 sic
2885 1190 3227 1259 dispensante
3266 1187 3497 1257 benigno
3526 1187 3656 1252 Deo,

2072 1286 2128 1332 ut
2154 1279 2427 1333 hominum
2458 1288 2699 1334 servetur
2722 1295 2909 1349 genus.
2939 1280 3163 1349 Semper
3188 1278 3329 1333 enim
3360 1276 3659 1332 futurorum

2070 1371 2331 1426 bonorum
2380 1388 2502 1443 spes
2547 1372 2597 1427 id
2649 1372 2849 1438 efticit,
2894 1383 2951 1427 ut
2996 1372 3273 1442 praesentia
3326 1370 3660 1425 incommoda

2069 1464 2237 1518 levius
2267 1463 2518 1518 ferantur.
2552 1464 2606 1518 ld
2636 1464 2775 1534 quod
2809 1465 2861 1518 in
2895 1463 3316 1533 negotiatoribus
3368 1462 3489 1532 quis
3515 1462 3661 1515 vide-

2071 1554 2171 1619 rit,
2205 1555 2292 1625 qui
2338 1556 2567 1626 iugentia
2616 1556 2779 1609 maria
2815 1563 3124 1621 transeunt,
3154 1554 3427 1624 naufragia
3460 1557 3659 1619 ferunt,

2070 1653 2125 1699 et
2160 1646 2357 1715 piratas
2381 1687 2394 1709 ,
2441 1662 2504 1701 ac
2546 1656 2663 1715 post
2708 1647 2944 1718 pericula
2976 1646 3139 1699 multa
3165 1688 3179 1712 ,
3211 1647 3404 1715 quibus
3450 1646 3660 1701 illorum

2069 1750 2193 1805 spes
2217 1736 2521 1800 frustratur,
2548 1752 2719 1807 neque
2747 1737 2822 1791 sic
2846 1747 3018 1791 tamen
3041 1736 3321 1801 desistunt,
3347 1738 3438 1791 sed
3468 1738 3660 1792 iterum

2068 1826 2256 1881 eadem
2302 1836 2585 1882 attentant.
2636 1827 2745 1882 lloc
2784 1828 2942 1883 etiam
2986 1828 3053 1881 de
3084 1828 3331 1899 agricolis
3380 1843 3662 1897 possemus

2068 1921 2248 1976 dicere
2272 1922 2288 1953 ¹
2320 1938 2333 1974 :
2366 1923 2562 1976 etenim
2594 1931 2649 1976 et
2679 1921 2749 1976 illi
2786 1937 2907 1976 cum
2950 1921 3211 1991 profunde
3238 1922 3506 1977 secuerint
3548 1930 3661 1976 ter-

2068 2029 2205 2077 ram,
2240 2022 2293 2067 et
2331 2012 2617 2083 diligenter
2644 2012 2976 2069 exeoluerint
2995 2053 3009 2076 ,
3037 2028 3100 2067 ac
3138 2012 3336 2083 largam
3363 2022 3659 2067 sementem

2065 2105 2327 2174 jeecrint,
2368 2119 2511 2173 saepe
2557 2104 2803 2160 ariditate
2842 2104 2926 2159 vel
2957 2104 3257 2159 immodicis
3308 2104 3537 2172 pluviis,
3574 2105 3660 2159 vel

2071 2195 2287 2250 tandem
2320 2196 2536 2267 quando
2568 2196 2819 2267 manipuli
2848 2196 3133 2267 colligendi
3153 2238 3168 2259 ,
3201 2196 3444 2266 rubigine
3469 2212 3661 2266 super-

2070 2289 2316 2343 veniente
2336 2330 2350 2353 ,
2384 2304 2477 2357 spe
2502 2304 2597 2344 sua
2626 2288 2881 2343 excidunt
2911 2306 2925 2342 :
2974 2297 3337 2343 verumtamen
3382 2304 3555 2357 neque
3586 2290 3660 2342 illi

2070 2379 2146 2433 sic
2173 2378 2474 2445 desistunt;
2518 2381 2609 2434 sed
2639 2381 2829 2435 iterum
2858 2390 2915 2434 ut
2945 2390 3153 2451 tempus
3176 2379 3483 2450 appetierit,
3514 2381 3659 2448 agri-

2070 2471 2337 2523 culturam
2378 2479 2653 2524 cxercent.
2688 2472 2861 2539 Atque
2909 2470 2962 2525 in
3006 2470 3425 2541 quibuscumque
3469 2470 3664 2524 studiis

2070 2572 2125 2617 et
2151 2562 2353 2616 artibus
2384 2563 2486 2617 hoc
2516 2562 2727 2618 obvium
2761 2572 2861 2616 est.
2891 2562 2981 2617 Sic
3008 2563 3201 2617 mulier
3228 2578 3438 2633 quoque
3465 2574 3519 2617 et
3548 2563 3662 2632 ipsa

2071 2669 2216 2724 smpe
2241 2666 2362 2724 post
2386 2664 2461 2709 tot
2487 2669 2704 2709 menses
2729 2654 2867 2718 illos,
2893 2662 3013 2723 post
3039 2653 3397 2708 intolerabiles
3424 2654 3661 2717 dolores,

2072 2757 2191 2817 post
2220 2756 2401 2802 noctes
2426 2747 2719 2811 insomnes,
2744 2756 2864 2815 post
2894 2746 3255 2801 membrorum
3277 2745 3662 2811 distensiones,

2073 2854 2236 2908 parvo
2277 2838 2511 2910 quodam
2558 2853 2683 2892 casu
2732 2838 3037 2904 incidente,
3084 2837 3206 2893 licet
3250 2848 3374 2893 ante
3405 2848 3664 2893 statutum

2073 2939 2286 2999 tempus
2335 2940 2542 2999 partum
2592 2930 2904 2985 abortiverit
2955 2930 3271 2994 informem,
3322 2941 3375 2985 et
3424 2932 3667 2986 nondum

2075 3023 2413 3078 lineamentis
2461 3023 2780 3094 figuratum;
2814 3022 2898 3076 vel
2946 3021 3227 3076 formatum
3258 3022 3511 3092 quidem,
3555 3040 3664 3077 non

2076 3116 2339 3185 integrum
2372 3124 2567 3179 autem,
2605 3129 2777 3184 neque
2804 3129 3015 3180 sanum,
3046 3114 3129 3168 vel
3160 3115 3318 3168 etiam
3350 3130 3492 3182 saepe
3518 3132 3670 3169 mor-

2074 3216 2222 3260 tuum
2249 3247 2262 3269 ,
2293 3207 2379 3260 vix
2424 3221 2453 3259 e
2482 3206 2731 3275 periculis
2760 3206 2939 3274 elapsa
2968 3222 2980 3258 :
3014 3214 3246 3258 attamen
3294 3206 3446 3274 quasi
3494 3205 3664 3259 oblita

2074 3299 2567 3365 horumomnium,
2616 3298 2802 3353 eadem
2843 3313 2962 3367 quae
3007 3306 3161 3351 antea
3207 3298 3307 3351 fert
3350 3307 3404 3351 et
3446 3298 3664 3351 tolerat.

2074 3390 2142 3444 Et
2170 3390 2294 3460 quid
2324 3390 2442 3443 dico
2471 3389 2703 3445 eadem?
2748 3388 2904 3458 Sa'pe
2931 3402 3049 3442 cum
3092 3387 3199 3442 fetu
3244 3397 3369 3442 nato
3398 3391 3666 3443 commori

2072 3498 2165 3537 eas
2210 3483 2508 3553 contingit,
2556 3491 2610 3536 et
2640 3498 2813 3552 neque
2855 3482 2954 3536 hoc
2992 3490 3213 3536 ca'teras
3242 3490 3443 3545 terret,
3488 3499 3667 3551 neque

2073 3574 2358 3644 persuadet
2386 3585 2441 3629 ut
2470 3590 2582 3630 rem
2612 3574 2811 3645 fugiant
2841 3593 2854 3629 :
2890 3584 3086 3629 tantam
3117 3575 3257 3629 Deus
3285 3576 3525 3629 tristibus
3555 3576 3667 3632 illis

2074 3667 2267 3721 insevit
2305 3666 2627 3737 voluptatem
2674 3665 2832 3721 simul
2875 3675 2929 3721 et
2975 3666 3235 3722 lmtitiam.
3281 3666 3509 3736 Propter
3558 3669 3667 3722 hoc

2070 3758 2281 3813 dicebat
2322 3776 2335 3811 :
2388 3758 2734 3829 Multiplicans
2790 3758 3133 3829 multiplicabo
3174 3775 3427 3813 (erumnas
3472 3769 3587 3813 luas
3616 3772 3667 3815 et

2068 3850 2308 3918 gemitum
2338 3859 2520 3913 tuum;
2562 3850 2613 3902 in
2657 3848 2916 3902 doloribus
2961 3850 3125 3919 paries
3166 3848 3321 3917 ﬁlios.
3356 3849 3466 3904 Hoc
3497 3852 3664 3905 etiam

2071 3941 2318 3996 Christus
2344 3942 2553 3997 dicebat
2581 3942 2854 4011 discipulis
2881 3943 3012 4008 suis,
3039 3950 3345 3997 monstrans
3375 3955 3478 3998 tam
3510 3944 3668 3999 dolo—

2071 4033 2147 4087 ris
2172 4032 2613 4103 magnitudinem,
2635 4048 2793 4102 quam
2819 4032 3015 4087 ltl‘lllltc
3040 4033 3407 4088 excellentiam
3434 4054 3445 4088 :
3471 4033 3667 4087 Mulier

2069 4127 2273 4197 quando
2301 4128 2456 4196 parit,
2490 4127 2742 4179 tristitiam
2774 4126 2945 4191 habet,
2975 4127 3211 4198 quoniam
3240 4128 3369 4179 venit
3400 4129 3524 4179 liora
3550 4130 3668 4199 ejus

2072 4216 2261 4287 (Joan.
2291 4217 2375 4272 16.
2400 4218 2461 4272 9.1
2496 4218 2513 4285 )
2546 4233 2559 4272 :
2593 4216 2786 4272 deinde
2810 4216 2997 4272 volens
3024 4217 3175 4271 nobis
3204 4217 3478 4272 declarare
3521 4236 3665 4286 quo-

2070 4309 2230 4365 modo
2252 4310 2421 4363 tristia
2451 4310 2605 4364 simul
2637 4324 2667 4363 e
2693 4308 2870 4364 medio
2899 4309 3173 4371 tollantur,
3196 4308 3445 4378 gaudium
3479 4320 3665 4365 autem

2068 4411 2122 4458 et
2145 4402 2324 4457 lwtitia
2356 4401 2645 4457 succedant
2666 4442 2680 4466 ,
2712 4401 2881 4471 inquit
2914 4417 2929 4455 :
2967 4401 3186 4468 Quando
3216 4410 3379 4454 autem
3409 4404 3666 4471 pepererit

2069 4512 2299 4566 puerum,
2343 4511 2443 4548 non
2479 4498 2592 4565 jam
2621 4511 2808 4547 memor
2841 4504 2913 4547 est
2941 4494 3224 4565 aﬂlictionis
3246 4534 3259 4557 ,
3291 4505 3497 4564 prapter
3521 4513 3663 4564 gau-

2067 4590 2207 4642 dium
2226 4631 2241 4654 ,
2273 4589 2391 4659 quia
2422 4599 2571 4641 natus
2599 4598 2672 4641 est
2703 4588 2851 4640 homo
2896 4587 2947 4639 in
2974 4586 3239 4639 mundum.
3276 4586 3497 4638 Vidistis
3527 4602 3665 4654 pro-

2066 4680 2352 4735 videntiam
2381 4688 2434 4734 ct
2460 4695 2639 4734 curam
2679 4678 2842 4732 nostri
2883 4676 3178 4731 eximiam?
3209 4676 3410 4731 vidistis
3442 4692 3663 4745 pinnam
3700 4738 3701 4747 χ

2067 4772 2443 4827 admonitionis
2485 4769 2735 4840 plenam?
2766 4768 2831 4822 In
2864 4769 3120 4822 doloribus
3152 4769 3315 4837 paries
3348 4768 3500 4835 ﬁlios.
3552 4768 3661 4822 De-
3698 4822 3699 4841 η

2068 4864 2212 4928 inde,
2239 4865 2318 4918 Ad
2340 4866 2500 4917 virum
2528 4874 2669 4916 tuum
2696 4864 2951 4917 conversio
2973 4872 3082 4925 tua,
3111 4872 3155 4914 et
3182 4861 3287 4929 ipse
3313 4861 3663 4913 dominabitur
3696 4926 3697 4935 γ

2066 4959 2156 5012 tui.
2206 4958 2364 5026 Quasi
2410 4973 2468 5011 se
2509 4955 2804 5011 defendens
2850 4954 2989 5023 apud
3042 4954 3317 5008 mulierem
3365 4953 3480 5007 lucc
3526 4954 3664 5008 dicit

2065 5050 2324 5121 benignus
2356 5050 2517 5104 Deus.
2550 5048 2688 5118 Ego,
2724 5048 2923 5117 inquit,
2958 5045 3024 5099 ab
3055 5045 3205 5099 initio
3233 5045 3439 5099 honore
3471 5061 3661 5114 parem

2064 5152 2120 5200 te
2147 5144 2400 5207 formavi,
2435 5152 2489 5197 et
2512 5143 2749 5211 ejusdem
2782 5139 3053 5210 dignitatis
3081 5140 3131 5193 in
3161 5138 3411 5193 omnibus
3440 5140 3661 5206 partici-
3690 5166 3691 5211 ᾖ

2064 5250 2184 5307 pem
2209 5278 2225 5302 ,
2268 5244 2324 5290 et
2353 5236 2489 5290 sicut
2528 5234 2675 5296 viro,
2708 5233 2777 5287 ita
2819 5240 2873 5288 et
2905 5232 2996 5287 tibi
3036 5232 3271 5286 omnium
3298 5232 3679 5300 principatum.

2062 5325 2367 5382 concredidi
2399 5343 2411 5379 :
2434 5336 2686 5379 cancrum
2715 5322 2835 5394 quia
2858 5322 3021 5377 abusa
3046 5336 3105 5375 es
3130 5320 3351 5375 honoris
3368 5320 3656 5391 dignitate,

2062 5419 2287 5490 subjicio
2334 5427 2385 5473 te
2410 5418 2545 5481 viro,
2594 5416 2658 5470 Et
2682 5417 2750 5469 ad
2778 5417 2939 5469 virum
2977 5423 3119 5468 tuum
3161 5414 3419 5468 conversio
3450 5425 3539 5469 tua
3563 5456 3581 5480 ,
3615 5425 3681 5475 ct;

2062 5512 2171 5580 ipse
2195 5510 2265 5562 tui
2286 5508 2643 5562 dominabitur.
2672 5506 2805 5574 Quia
2836 5504 3022 5560 relicto
3042 5518 3107 5559 eo
3136 5504 3225 5574 qui
3253 5502 3510 5574 dignitate
3534 5521 3654 5573 par,
3678 5538 3683 5595 ei

2128 5649 2143 5677 ¹
2180 5648 2251 5696 Sic
2274 5646 2409 5695 Savil.
2458 5644 2587 5703 Apud
2632 5643 2796 5693 Morel.
2844 5652 2893 5692 et
2939 5639 3127 5693 Montef.
3165 5650 3306 5692 :uoc
3346 5640 3489 5694 etiam
3521 5639 3681 5703 apud}

2062 5708 2300 5771 agricolas
2314 5705 2631 5759 animadverti
2647 5714 2815 5769 potest.

3692 5090 3693 5123 l

3690 5180 3691 5217 ι

3686 5266 3689 5311 ⁴

3678 5442 3685 5499 l

3678 5606 3681 5657 l

3678 5700 3679 5737 ι
