3796 6248
254 232 281 289 ι
292 231 360 289 15

251 346 546 410 νωνοῦντα,
570 346 664 399 καὶ
685 345 752 399 δι’
770 343 827 397 ὃν
850 343 1307 416 ἐδημιουργήθης,
1323 342 1400 414 τῷ
1417 339 1638 412 πονηρῷ
1658 337 1830 410 θηρίῳ
1848 335 1924 408 τῷ

251 436 371 502 ὕφει
398 435 476 498 εἰς
503 433 720 504 ὁμιλίαν
756 432 931 485 ἐλθεῖν
965 431 1291 502 ἠϐουλήθης,
1323 430 1415 484 καὶ
1443 429 1540 501 τὴν
1571 428 1698 499 παρ’
1717 426 1924 480 ἐκείνου

253 524 508 591 δέξασθαι
532 522 857 593 συμϐουλήνο
888 521 974 575 διὰ
1000 520 1156 573 τοῦτό
1185 537 1244 572 σε
1280 519 1463 572 λοιπὸν
1494 518 1668 588 τούτῳ
1696 515 1927 570 ὑποτάτ-

252 630 352 677 τω,
380 613 473 666 καὶ
502 610 688 664 τοῦτόν
717 626 809 662 σου
829 608 1016 679 κύριον
1043 620 1069 647 ιι
1103 608 1408 676 ἀποφαίνω,
1440 606 1580 660 ὥστε
1607 606 1703 677 τὴν
1732 604 1923 658 τούτου

253 698 565 752 δεσποτείαν
599 694 998 764 ἐπιγινώσκειν,
1030 696 1124 747 καὶ
1152 695 1340 767 ἐπειδὴ
1378 696 1477 748 ούκ
1515 694 1686 762 ἔγνως
1715 693 1923 764 ἄρχειν,

258 785 397 856 μάθε
422 784 601 846 καλῶς
648 782 933 853 ἄρχεσθαι.
962 782 1119 851 Πρὸς
1162 782 1272 836 τόν
1328 781 1518 851 ἄνδρα
1550 797 1664 836 σου
1712 781 1750 847 ἡ
1778 781 1926 835 ἀπο-

253 871 488 943 στροφή
542 868 980 937 σου,καίαὐτός
994 886 1110 925 σου
1129 871 1450 939 κυριεύσει.
1491 869 1704 923 Βέλτιόν
1729 886 1788 922 σε
1822 867 1926 922 ὑπὸ

252 959 441 1012 τοῦτον
470 953 631 1021 εἶναι,
654 959 749 1010 καὶ
778 957 882 1011 ὑπὸ
905 957 1003 1029 τὴν
1037 957 1227 1011 τούτου
1263 958 1580 1013 δεσποτείαν
1616 957 1923 1027 τυγχάνειν,

253 1046 287 1116 ἧ
314 1046 497 1109 ἀδείας
520 1045 896 1100 ἀπολαύουσαν
922 1047 1015 1099 καί¹
1035 1045 1280 1110 ἐξουσίας
1310 1044 1448 1099 κατά
1469 1043 1729 1117 κρημνῶν
1766 1043 1927 1114 φέρε-

255 1134 399 1186 σθαι.
439 1134 593 1187 Ἐπεὶ⁵
616 1135 709 1187 καὶ
738 1134 889 1203 ἵππῳ
914 1133 1183 1197 λυσιτελὲς
1207 1132 1273 1186 ἀν
1293 1133 1501 1201 γένοιτο
1524 1132 1737 1202 χαλινὸν
1760 1131 1923 1201 ἔχειν,

253 1223 347 1274 καὶ
374 1220 522 1293 [146]
550 1222 786 1274 εύτακτα
813 1220 1070 1291 βαδίζειν,
1092 1220 1126 1290 ἢ
1156 1222 1283 1275 ἄνευ
1304 1220 1493 1273 τούτου
1512 1219 1651 1272 κατά
1666 1216 1927 1290 κρημνῶν

254 1310 535 1380 φέρεσθαι.
561 1310 633 1362 Τὸ
667 1309 941 1380 συμφέρον
968 1308 1144 1361 τοίνυν
1173 1308 1389 1360 σκοπῶν
1424 1308 1485 1361 τὸ
1516 1307 1626 1370 σὸν,
1650 1307 1787 1379 πρὸς
1808 1305 1929 1361 τοῦο

253 1398 344 1449 τόν
391 1413 450 1449 σε
489 1396 634 1467 ἔχειν
674 1397 772 1467 τὴν
816 1394 1165 1467 ἀποστροφὴν
1209 1394 1487 1465 βούλομαι,
1535 1395 1628 1447 καὶ
1673 1394 1925 1465 καθάπερ

256 1482 417 1554 σῶμα
462 1482 671 1554 κεφαλῇ
690 1481 940 1545 ἕπεσθαι,
984 1481 1079 1535 καὶ
1106 1481 1202 1553 τὴν
1222 1481 1538 1535 δεσποτείαν
1583 1481 1703 1552 μεθ’
1733 1480 1926 1552 ἡδονῆς

254 1568 657 1639 ἐπιγινώσκειν.
690 1565 820 1622 Οἶδα
852 1570 933 1623 ὅτι
966 1569 1282 1640 ἀπεκάμετε
1334 1568 1469 1640 πρὸς
1517 1569 1577 1622 τὸ
1617 1568 1789 1639 μῆκος
1817 1566 1926 1620 τῶν

255 1658 583 1729 εἰρημένων·
638 1656 774 1711 ἀλλά
826 1656 1139 1729 διεγέρθητε
1204 1657 1420 1728 μικρὸν,
1479 1656 1801 1726 παρακαλῶ,
1851 1654 1926 1728 μὴ

254 1745 539 1799 ἀτέλεστον
561 1744 658 1815 τὴν
686 1744 839 1813 δίκην
862 1743 1267 1814 καταλίπωμεν,
1309 1743 1442 1814 μηδέ
1477 1746 1705 1812 ἀφέντες
1727 1743 1805 1797 ἔτι
1835 1744 1926 1797 τὸν

254 1833 515 1905 δικαστὴν
544 1834 849 1905 καθήμενον
873 1833 1336 1905 ἀναχωρήσωμεν·
1379 1833 1471 1885 καὶ
1500 1832 1608 1904 γάρ
1636 1832 1773 1906 πρὸς
1797 1832 1927 1887 αὐτὸ

254 1923 316 1976 τὸ
342 1921 491 1987 τέλος
520 1922 706 1978 λοιπὸν
736 1922 1150 1994 ἀπηντήκαμεν.

328 2027 396 2082 θ’.
428 2028 659 2099 Ἵδωμεν
686 2027 866 2081 τοίνυν
901 2027 954 2079 τί
993 2025 1133 2097 μετά
1161 2026 1259 2098 τὴν
1289 2029 1520 2095 γυναῖκα
1557 2025 1693 2097 πρὸς
1715 2025 1805 2079 τὸν
1831 2025 1928 2081 ἀν-

256 2116 359 2187 δρα
397 2118 550 2188 φησὶ,
586 2117 680 2172 καὶ
701 2116 858 2169 ποίαν
892 2117 984 2170 καὶ
1005 2115 1181 2187 τούτῳ
1206 2116 1474 2187 τιμωρίαν
1499 2115 1716 2183 ἐπάγει.
1750 2112 1837 2179 Τῷ
1861 2113 1931 2167 δὲ

270 2204 445 2275 Ἀδὰμ
480 2200 669 2268 εἶπεν,
702 2204 833 2258 Ὅτι
870 2203 1142 2272 ἤκουσας
1180 2202 1289 2272 τῆς
1328 2201 1532 2272 φωνῆς
1578 2202 1689 2271 τῆς
1726 2220 1931 2273 γυναι-

257 2294 366 2359 κός
392 2308 531 2356 σου,
556 2292 652 2345 καί
681 2292 900 2361 ἔφαγες
922 2290 1041 2346 ἀπὸ
1066 2291 1173 2345 τοῦ
1202 2291 1415 2355 ξύλου,
1442 2287 1512 2346 οὗ
1540 2289 1931 2360 ἐνετειλάμην

258 2395 361 2432 σοι
401 2380 618 2433 τούτου
671 2380 864 2449 μόνου
912 2378 997 2449 μὴ
1042 2378 1275 2448 φαγεῖν,
1316 2379 1416 2432 ἀπ’
1454 2379 1642 2433 αὐτοῦ
1690 2378 1927 2448 ἔφαγεςο

259 2466 691 2536 ἑπικατάρατος
721 2468 759 2535 ἠ
798 2466 874 2536 γῆ
918 2466 988 2520 ἐν
1028 2466 1153 2533 τοῖς
1185 2465 1382 2536 ἔργοις
1411 2479 1549 2521 σου.
1586 2467 1681 2521 Ἐν
1705 2468 1931 2534 λύπαις

258 2555 419 2627 φάγῃ
449 2555 642 2625 αὐτὴν
663 2554 865 2620 πάσας
886 2554 993 2620 τὰς
1013 2553 1236 2624 ἡμέρας
1260 2553 1371 2622 τῆς
1394 2553 1543 2623 ζωῆς
1560 2569 1697 2609 σου.
1740 2555 1932 2609 Ἀκάν-

259 2644 369 2707 (iac
401 2640 499 2695 καὶ
530 2642 840 2708 τριϐόλους
875 2636 1156 2692 άνατελεῖ
1177 2654 1297 2700 σοι,
1328 2638 1427 2692 καὶ
1462 2638 1621 2708 φάγῃ
1658 2638 1767 2692 τὸν
1790 2640 1929 2709 χόρ-

257 2746 366 2783 τον
392 2727 498 2782 τοῦ
538 2727 744 2797 ἀγροῦ.
789 2728 886 2780 Ἑν
910 2725 1105 2794 ἱδρῶτι
1136 2726 1240 2781 τοῦ
1275 2725 1600 2793 προσώπου
1626 2743 1742 2780 σου
1768 2725 1929 2797 φάγῃ

255 2816 365 2869 τὸν
385 2814 566 2884 ἄρτον
593 2831 731 2879 σου,
762 2812 872 2880 ἕως
894 2811 1002 2867 τοῦ
1030 2811 1409 2882 ἀποστρέψαι
1435 2829 1508 2867 σε
1537 2815 1624 2880 εἰς
1655 2812 1769 2882 τὴν
1790 2813 1927 2883 γῆν,

254 2903 326 2969 ἐξ
358 2898 434 2973 ἧς
462 2902 752 2971 ἐλήφθης·
809 2901 897 2955 ὅτι
944 2899 1020 2971 γῆ
1065 2900 1121 2954 εἷ
1159 2900 1258 2955 καὶ
1294 2904 1377 2967 εἰς
1423 2899 1543 2971 γῆν
1592 2900 1926 2971 άπελεύσῃ.

255 2992 483 3062 Μεγάλη
528 2990 622 3043 καὶ
662 2990 867 3058 ἀφατος
903 2988 997 3041 καὶ⁵
1027 2988 1275 3042 ἐντεῦθεν
1302 2989 1574 3046 δείκνυται
1606 2990 1639 3061 ή
1678 2991 1805 3065 περὶ
1836 2990 1929 3044 τὸν

255 3081 541 3151 ἄνθρωπον
596 3078 690 3131 τοῦ
748 3077 1019 3131 Δεσπὸτου
1080 3076 1391 3149 κηδεμονία·
1438 3077 1552 3134 ἀλλ’
1606 3077 1928 3149 ἀκούσωμεν

254 3166 500 3239 ἀκριϐῶς
534 3165 763 3219 ἕκαστον
798 3164 906 3219 τῶν
932 3166 1255 3236 εἰρημένων·
1296 3162 1380 3229 Τῷ
1418 3164 1487 3217 δὲ
1519 3164 1700 3235 Ἀδὰμ
1735 3162 1926 3233 εἶπεν,

256 3249 381 3306 Ὅτι
433 3248 707 3318 ἤκουσας
750 3247 860 3316 τῆς
910 3248 1115 3318 φωνῆς
1164 3247 1274 3316 τῆς
1326 3250 1609 3317 γυναικός
1655 3265 1792 3314 σου,
1829 3251 1927 3306 καί

254 3338 472 3407 ἔφαγες
508 3336 628 3391 άπὸ
658 3336 765 3390 τοῦ
800 3336 1014 3400 ξύλου,
1053 3331 1126 3391 οὗ
1149 3335 1542 3405 ἐνετειλάμην
1579 3351 1678 3391 σοι
1713 3340 1928 3394 τούτου

251 3426 445 3497 μόνου
474 3425 561 3494 μὴ
588 3424 820 3494 φαγεῖν,
864 3424 965 3478 ἀπ’
1004 3424 1189 3478 αὑτοῦ
1234 3423 1470 3493 ἔφαγες.
1511 3425 1723 3498 Ἐπειδὴ
1758 3427 1927 3496 ῆκου-

258 3531 378 3580 σας,
415 3515 568 3585 φησὶ,
604 3514 701 3585 τῆς
719 3512 976 3583 γυναικός
1013 3530 1107 3565 σου
1146 3512 1241 3566 καὶ
1270 3512 1470 3581 ἔφαγες
1491 3513 1600 3566 ἀπὸ
1622 3514 1715 3567 τοῦ
1747 3514 1924 3583 ξύλου,

255 3604 351 3656 καὶ
398 3603 496 3673 τῆς
549 3602 689 3673 ἐμῆς
736 3601 955 3673 ἐντολῆς
998 3600 1371 3672 προετίμησας
1414 3601 1513 3672 τὴν
1550 3602 1679 3673 παρ’
1713 3604 1929 3675 ἐκείνης

258 3688 585 3761 συμϐουλὴν,
613 3689 703 3742 καὶ
722 3688 820 3742 οὐκ
849 3686 1157 3759 ἠϐουλήθης
1178 3686 1272 3740 τοῦ
1303 3687 1460 3753 ξύλου
1481 3687 1576 3741 τοῦ
1601 3688 1717 3754 ἐνὸς
1740 3689 1928 3743 τούτου

259 3779 421 3849 μόνου
446 3777 801 3849 ἀποσχέσθαι,
819 3771 880 3830 οὗ
907 3776 1255 3848 ἐνετειλάμην
1274 3793 1353 3829 σοι
1385 3775 1459 3848 μὴ
1485 3780 1675 3846 φαγεῖν
1698 3778 1797 3851 (μή
1821 3778 1930 3851 γὰρ

256 3868 465 3922 πολλῶν
504 3885 562 3920 σε
598 3866 897 3937 ἀπέχεσθαι
933 3866 1225 3931 ἐκέλευσα;
1262 3865 1409 3929 Ἐνὸς
1459 3865 1643 3936 μόνου,
1678 3866 1773 3920 καὶ
1810 3866 1929 3920 οὐδὲ

255 3956 444 4010 τούτου
483 3955 733 4025 ἠνέσχου,
772 3954 886 4008 ἀλλ’
929 3954 1317 4025 ἐπιλαθόμενος
1360 3952 1469 4006 τῶν
1509 3954 1656 4025 ἐμῶν
1700 3954 1929 4009 ἐντολῶν

256 4043 514 4114 ἐπείσθης
551 4046 618 4115 τῇ
650 4043 912 4113 γυναικί)⁶
935 4042 1023 4095 διά
1060 4043 1219 4097 τοῦτο
1257 4042 1474 4115 μαθήσῃ
1502 4042 1569 4096 δι’
1597 4042 1777 4099 αὐτῶν
1818 4043 1930 4099 τῶν

256 4132 457 4207 ἔργων,
491 4133 613 4186 ὅσον
644 4132 885 4203 εἰργάσω
916 4131 1105 4184 κακόν.

340 4238 709 4297 ’Δκουέτωσαν
736 4238 955 4309 ἄνδρεςσ
994 4237 1338 4291 ἀκουέτωσαν
1382 4241 1671 4308 γυναῖκες·
1711 4242 1759 4293 οἱ
1808 4238 1929 4312 μέν,

257 4330 346 4383 ινα
375 4329 449 4398 μὴ
483 4328 782 4397 ἀνέχωνται
818 4325 927 4377 τῶν
966 4325 1178 4396 πονηρά
1209 4326 1687 4397 συμϐουλευουσῶν
1708 4344 1722 4359 ⁸
1753 4330 1810 4381 αἰ
1849 4330 1929 4396 δὲ,

256 4419 345 4472 ἵνα
377 4417 452 4489 μὴ
502 4415 729 4469 τοιαῦτα
764 4412 1223 4487 συμϐουλεύωσιν.
1265 4416 1329 4467 Εἰ
1362 4415 1472 4488 γάρ
1497 4409 1653 4480 οὗτος
1692 4419 1786 4471 ἐπὶ
1830 4418 1930 4490 τὴν

256 4509 490 4577 γυναῖκα
512 4505 609 4576 τὴν
636 4502 813 4556 αἰτίαν
856 4501 1198 4573 μεταγαγὼν,
1254 4503 1511 4575 ούδεμιάς
1539 4504 1744 4575 ήξιώθη
1800 4523 1929 4575 συγ·-

257 4596 483 4665 γνώμης
505 4638 518 4660 ,
565 4592 721 4647 ποίαν
760 4594 824 4647 ἀν
865 4610 949 4656 τις
980 4592 1275 4662 ἀπολογίαν
1309 4595 1461 4665 σχοίη
1494 4594 1686 4663 λέγων,
1731 4596 1809 4648 ὅτι
1842 4596 1931 4649 διά

255 4686 353 4755 τὴν
381 4686 612 4753 γυναῖκα
644 4682 705 4734 τὸ
739 4682 831 4740 καὶ
859 4682 919 4734 τὸ
947 4682 1214 4753 ἥμαρτον,
1250 4684 1344 4737 καὶ
1372 4683 1433 4736 τὸ
1458 4684 1550 4736 καὶ
1580 4684 1640 4736 τὸ
1666 4682 1878 4754 ἔπραξα
1913 4702 1927 4749 ;

256 4773 356 4826 Διά
394 4771 551 4825 τοῦτο
584 4771 691 4842 γὰρ
724 4770 816 4822 καὶ
853 4771 956 4824 ὑπὸ
992 4770 1088 4842 τὴν
1118 4771 1438 4825 δεσποτείαν
1465 4772 1653 4839 γέγονε
1684 4772 1780 4843 τὴν
1808 4772 1929 4843 σὴν,

255 4863 346 4916 καὶ
366 4861 551 4932 κύριος
568 4861 736 4930 αὐτῆς
756 4859 1094 4930 ἀπεφάνθης,
1121 4860 1207 4911 ἵνα
1232 4860 1412 4929 ἐκείνη
1433 4860 1516 4912 σοὶ
1532 4859 1924 4931 κατακολουθῇ,

254 4950 347 5001 καὶ
394 4947 469 5020 μὴ
502 4948 537 5019 ή
571 4946 779 5016 κεφαλὴ
832 4948 945 5006 τοῖς
998 4945 1155 4996 ποσὶν
1189 4945 1407 5013 ἕπηται.
1451 4944 1587 4997 Ἀλλ’
1638 4942 1730 4998 οὖν
1779 4944 1929 4997 ἔστιν

254 5037 383 5090 ίδεῖν
407 5037 666 5099 πολλάκις
711 5034 772 5088 τὸ
820 5032 1059 5087 ἐναντίον
1090 5033 1410 5102 συμϐαῖνον,
1445 5034 1538 5086 καὶ
1565 5034 1654 5086 τὸν
1684 5033 1742 5086 ἐν
1776 5034 1928 5100 τάξει

253 5123 493 5192 κεφαλῆς
535 5119 674 5175 εἰναι
724 5122 1041 5191 ὀφείλοντα,
1090 5120 1211 5173 οὐδὲ
1251 5120 1359 5173 τῶν
1411 5119 1590 5173 ποδῶν
1628 5120 1727 5191 τῆν
1775 5121 1929 5187 τάξιν

254 5211 515 5280 ἐπέχοντα
531 5226 543 5239 ·
564 5211 771 5280 καὶτὴν
797 5212 854 5263 ἐν
875 5208 1028 5274 τάξει
1058 5209 1232 5262 ποδῶν
1252 5204 1437 5271 οὖσαν,
1463 5209 1665 5279 ταύτην
1694 5212 1751 5262 ἐν
1777 5210 1928 5276 τάξει

254 5300 493 5369 κεφαλῆς
526 5298 948 5368 καθισταμένην.
985 5301 1061 5352 Δι’
1087 5298 1115 5351 ὃ
1144 5300 1237 5352 καὶ
1264 5300 1291 5351 ὁ
1316 5299 1583 5370 μακάριος
1617 5297 1829 5363 Παῦλος
1849 5343 1863 5364 ,
1900 5303 1929 5353 ό

249 5386 349 5457 τῆς
370 5384 694 5455 οἰκουμένης
727 5385 1061 5451 διδάσκαλος,
1079 5386 1252 5439 ταῦτα
1280 5387 1457 5441 πάντα
1489 5387 1736 5459 προορῶν
1763 5388 1891 5441 ἐϐόα
1910 5404 1924 5419 ’

257 5474 323 5529 τι
376 5476 485 5545 γὰρ
519 5470 708 5540 οἶδας,
744 5476 940 5547 γύναι,
995 5478 1047 5527 εἱ
1097 5476 1203 5530 τὸν
1255 5477 1445 5544 ἄνδρα
1492 5462 1748 5543 casam,-
1796 5476 1832 5546 ἦ
1873 5478 1930 5532 τι

255 5562 439 5629 οἶδας,
470 5564 632 5632 ἄνερ,
665 5567 717 5617 εί
746 5564 860 5631 τὴν
895 5564 1149 5633 γυναῖκα
1191 5564 1447 5630 (hbeam;
1488 5565 1626 5618 Ἀλλ’
1660 5566 1808 5636 ὅμως
1837 5568 1928 5620 καὶ

255 5655 281 5707 ὁ
336 5652 473 5723 ἀνὴρ
521 5651 718 5724 πολλὴν
770 5651 865 5721 τὴν
922 5652 1167 5725 φυλακὴν
1224 5653 1643 5718 ἐπιδεικνύσθω,
1680 5654 1817 5707 ὥστε
1860 5654 1927 5707 τά

256 5740 475 5805 ἐλέθρια
500 5740 967 5803 συμϐουλεύουσαν
991 5740 1360 5806 ἀποσείεσθαι,
1390 5742 1478 5794 καὶ
1499 5743 1528 5812 ἡ
1553 5743 1686 5813 γυνὴ
1707 5742 1921 5796 ἔναυλον

250 5940 273 5961 Ξ,
324 5894 348 5929 ⁸
374 5896 573 5961 Quidam
598 5911 708 5948 mas.
736 5917 811 5947 co;
845 5900 1023 5965 κίρκον.

1079 225 1137 285 S.
1172 224 1459 283 JOANNIS
1494 218 1985 280 CIIRYSOSTOMI
2022 216 2342 277 ARCHIEP.
2381 214 2927 276 CONSTANTINUP.

3603 204 3724 261 H6

2028 336 2227 406 ἔχουσα
2252 336 2351 408 τὴν
2385 334 2653 407 τιμωρίαν
2697 333 2767 405 ῆν
2801 331 3020 397 ἐδέξατο
3049 329 3083 399 ή
3131 326 3247 382 Εὕα
3302 326 3399 397 τῆν
3449 324 3729 393 ὀλεθρίαν

2026 420 2242 491 ἐκείνην
2274 418 2580 489 συμϐουλὴν
2608 414 2973 485 εἰσαγαγοῦσα
2998 411 3074 483 τῷ
3109 411 3293 483 ἀνδρὶ,
3341 410 3414 480 μὴ
3442 409 3730 479 τολμάτω

2023 500 2247 556 τοιαῦτα
2267 500 2673 572 συμϐουλεύειν,
2703 498 2835 570 μηδέ
2860 495 3130 567 μιμείσθω
3154 494 3252 563 τὴν
3269 492 3432 555 Εὕαν,
3455 491 3597 545 ἀλλά
3632 491 3730 561 τῷ

2028 584 2385 655 ὑποδείγματι
2407 581 2560 655 [147]
2583 580 2995 652 σωφρονιζέσθω
3016 579 3241 633 κάκεῖνα
3260 575 3725 647 συμϐουλευέτω,

2028 670 2064 721 ἀ
2090 667 2183 721 καὶ
2216 666 2382 737 αὐτὴν
2416 667 2509 720 καὶ
2549 665 2638 718 τὸν
2677 664 2843 735 ἀνδρα
2876 662 3057 732 πάσης
3097 659 3391 725 ἀπαλλάξει
3422 658 3731 720 κολάσεως

2026 752 2119 805 καλ⁵
2165 750 2455 821 τιμωρίας.
2498 749 2637 802 Ἀλλ’
2677 748 2769 802 ἐπὶ
2796 747 2857 801 τὸ
2899 744 3257 818 προκείμενον
3288 742 3724 812 ἐπανέλθωμεν.

2030 833 2116 900 Τῷ
2145 832 2214 887 δὲ
2245 834 2444 903 Ἀδὰμ,
2477 834 2659 904 φησιν,
2684 828 2853 886 εἶπεν
2883 834 2915 885 ό
2952 830 3116 896 Θεόςσ
3135 830 3253 881 Ὅτι
3286 827 3561 895 ἥκοι-σας
3594 821 3728 891 τῆς

2026 916 2230 987 φωνῆς
2254 916 2365 986 τῆς
2384 917 2667 988 γυναικός
2683 933 2818 981 σου,
2841 916 2936 969 καί
2955 916 3173 984 ἔφαγες
3200 911 3318 967 ἀπὸ
3349 912 3454 965 τοῦ
3476 911 3722 975 ξύλου.

2023 997 2097 1057 οὗ
2127 999 2518 1069 ἐνετειλάμην
2562 1014 2661 1054 σοι
2697 1000 2905 1053 τούτου
2951 998 3144 1067 μόνου
3190 996 3276 1066 μὴ
3315 994 3547 1064 φαγεῖν,
3601 994 3725 1047 ἀπ’

2024 1083 2210 1138 αὑτοῦ
2238 1082 2475 1152 ἔφαγες.
2521 1082 2757 1153 Ἐπειδὴ,
2779 1081 3182 1153 φησὶ,τοσαύτῃ
3208 1080 3447 1151 ῥᾳθυμίᾳ
3475 1079 3727 1150 ἐχρήσω

2026 1168 2155 1237 περὶ
2185 1166 2284 1237 τὴν
2311 1165 2558 1237 φυλακὴν
2586 1166 2686 1236 τῆς
2716 1167 2846 1236 παρ’
2877 1165 3012 1235 ἐμοῦ
3039 1165 3284 1235 δοθείσης
3308 1164 3550 1233 ἐντολῆς,
3609 1164 3726 1215 καὶ

2025 1249 2151 1302 οὔτε
2183 1250 2212 1302 ὁ
2242 1248 2427 1318 φόϐος,
2459 1248 2584 1301 οὔτε
2610 1249 2673 1302 τὸ
2702 1248 3039 1322 προλαϐόντα
3083 1265 3149 1319 με
3189 1246 3602 1301 διαστείλασθαι
3642 1247 3728 1299 τὰ

2027 1334 2288 1405 μέλλοντα
2316 1333 2690 1405 συμϐήσεσθαι
2725 1334 2852 1403 ύμῖν
2876 1332 2983 1386 ἀπὸ
3014 1332 3110 1402 τῆς
3146 1331 3418 1402 βρώσεως,
3445 1330 3643 1402 ὠφέλη
3655 1332 3725 1384 σὲ

2024 1434 2078 1471 τι
2113 1417 2165 1483 ι),
2196 1416 2309 1470 ἀλλ’
2335 1417 2415 1480 εἰς
2444 1415 2713 1487 τοσαύτην
2744 1414 2939 1469 κακίαν
2980 1413 3292 1479 ἐξώκειλας,
3318 1413 3393 1476 ὼς
3434 1416 3510 1484 μὴ
3538 1414 3727 1483 δυνη-

2027 1500 2190 1571 θῆναι
2215 1499 2350 1571 μηδὲ
2384 1498 2480 1553 τοῦ
2516 1500 2634 1564 ἐνὸς
2667 1499 3000 1575 ἀποσχέσθαι
3022 1498 3180 1566 ξύλου
3218 1498 3358 1569 μετὰ
3385 1499 3485 1570 τὴν
3507 1500 3731 1552 τοσαύο

2024 1601 2125 1655 την
2144 1583 2473 1637 ἀπόλαυσινο
2510 1582 2599 1636 διά
2622 1581 2781 1636 τοῦτο
2830 1581 3292 1649 Ἐπικατάρατος
3335 1580 3508 1635 ἔσται
3543 1583 3585 1650 ἡ
3630 1581 3724 1651 γῆ

2026 1665 2095 1719 ἐν
2122 1662 2245 1729 τοῖς
2270 1662 2466 1732 ἔργοις
2489 1678 2627 1717 σου.
2654 1663 2794 1733 Ὅρα
2820 1660 3228 1734 φιλανθρωπίαν
3258 1660 3552 1724 Δεσπότου,
3584 1664 3725 1725 πῶς

2031 1743 2129 1816 μὲν
2156 1744 2247 1798 τὸν
2273 1743 2398 1810 ὅφιν
2452 1745 2813 1815 τιμωρεῖται,
2852 1743 2971 1807 πῶς
3039 1742 3096 1796 δέ
3161 1742 3222 1795 τὸ
3266 1742 3480 1810 λογικὸν
3539 1741 3726 1797 τοῦτο

2027 1821 2186 1887 ζῶον.
2227 1822 2452 1893 Ἐκείνῳ
2489 1823 2597 1895 γάρ
2621 1839 2807 1893 φησιν,
2847 1821 3311 1890 Ἐπικατάρατος
3331 1822 3412 1876 σὺ
3435 1823 3553 1876 άπὸ
3593 1823 3728 1892 τῆς

2026 1903 2174 1975 γῆς;
2205 1903 2436 1958 ἐνταῦθα
2479 1904 2536 1957 δὲ
2564 1905 2662 1975 οὐχ
2694 1902 2886 1968 οὕτως.
2922 1903 3083 1956 Ἀλλά
3108 1904 3200 1969 τί;
3245 1902 3729 1973 Ἐπικατάρατος

2028 1986 2068 2052 ἡ
2108 1981 2183 2055 γῆ
2212 1983 2281 2037 ἐν
2325 1982 2447 2050 τοῖς
2482 1985 2679 2053 ἔργοις
2730 1999 2868 2037 σου.
2905 1984 3013 2037 Καὶ
3040 1982 3285 2047 εἰκότως.
3332 1983 3552 2053 Ἐπειδὴ
3595 1985 3727 2055 γὰρ

2027 2062 2117 2117 διά
2143 2063 2234 2116 τὸν
2262 2063 2547 2134 ἄνθρωπον
2561 2063 2833 2135 παρήχθη,
2850 2064 2936 2117 ἵνα
2964 2062 3137 2127 ούτως
3155 2062 3446 2117 ἀπολαύειν
3472 2063 3727 2135 δύνηται

2029 2143 2136 2197 τῶν
2162 2143 2221 2210 ἐξ
2259 2145 2426 2215 αὐτῆς
2474 2143 2890 2214 ἀναδιδομένων,
2940 2143 3027 2198 διὰ
3074 2143 3233 2197 τοῦτο
3283 2144 3444 2198 πάλιν
3485 2144 3578 2196 διὰ
3619 2145 3728 2197 τὸν

2029 2224 2315 2295 ἄνθρωπον
2354 2225 2667 2294 ἁμαρτόντα
2696 2224 2871 2296 ταύτῃ
2907 2226 3005 2295 τήν
3044 2225 3287 2295 κατάραν
3336 2223 3663 2294 ἐπιτίθησιν
3706 2242 3724 2257 ο

2032 2303 2219 2374 ἐπειδὴ
2243 2306 2275 2374 ή
2300 2306 2379 2367 εἰς
2411 2304 2580 2375 αὐτὴν
2613 2305 2828 2376 κατάρα
2853 2304 3015 2359 πάλιν
3042 2304 3137 2358 τοῦ
3161 2303 3447 2377 ἀνθρώπου
3469 2305 3725 2375 ἐλυμαί-

2029 2400 2151 2437 νετο
2187 2385 2252 2454 τῇ
2287 2383 2468 2437 ἀνέσει
2499 2384 2594 2437 καὶ
2628 2386 2694 2454 τῇ
2718 2384 2892 2455 ἀδείᾳ,
2928 2384 3399 2453 Ἐπικατάρατος,
3425 2387 3625 2455 φησὶν,
3683 2388 3728 2453 ὴ

2029 2461 2107 2531 γῆ
2137 2463 2206 2517 ἐν
2230 2463 2353 2529 τοῖς
2379 2463 2573 2534 ἔργοις
2600 2476 2738 2518 σου.
2768 2460 2904 2518 Εἶτα
2932 2465 3018 2518 ἴνα
3051 2464 3228 2535 μάθῃς
3252 2465 3308 2517 τί
3333 2468 3505 2528 ἐστιν,
3547 2466 3731 2519 Ἐπι-

2030 2544 2379 2611 κατάρατος,
2395 2546 2695 2614 ἐπήγαγεν,
2732 2546 2834 2599 Ἐν
2853 2546 3075 2612 λύπαις
3105 2545 3262 2614 φάγῃ
3280 2546 3475 2614 αὐτὴν
3497 2547 3729 2612 πάσας

2030 2627 2137 2688 τὰς
2163 2623 2385 2693 ἡμέρας
2415 2622 2524 2692 τῆς
2557 2623 2705 2692 ζωῆς
2729 2641 2865 2678 σου.
2902 2625 3045 2696 Ὅρα
3075 2625 3309 2697 ἑκάστην
3331 2626 3613 2696 τιμωρίαν
3641 2628 3728 2698 τῷ

2030 2706 2185 2758 αἰῶνι
2221 2706 2736 2777 παρεκτεινομένην,
2769 2708 2855 2761 ἴνα
2887 2706 2961 2778 μῆ
2986 2707 3144 2779 μόνον
3173 2708 3323 2760 αὐτοὶ
3344 2708 3727 2775 κερδάνωσιν.

2028 2784 2163 2840 ἀλλά
2191 2786 2283 2838 καὶ
2310 2788 2357 2839 οἰ
2383 2788 2460 2850 εἰς
2489 2785 2548 2839 τὸ
2577 2786 2705 2856 ἑξῆς
2732 2786 3013 2857 μέλλοντες
3034 2786 3273 2855 γίνεσθαι
3299 2788 3365 2841 δι’
3392 2787 3576 2841 αὐτῶν
3604 2793 3730 2842 τῶν

2029 2867 2371 2937 πραγμάτων
2395 2866 2772 2930 διδάσκωνται,
2806 2866 2968 2920 πόθεν
2990 2868 3173 2931 αὐτοῖς
3196 2867 3263 2919 τὰ
3301 2868 3397 2939 τῆς
3427 2870 3731 2939 τιμωρίας

2029 2944 2231 3015 ταύτης
2263 2946 2477 3016 ἐπήχθη
2496 2962 2509 2975 ·
2542 2947 2644 2999 Ἐν
2663 2948 2903 3013 λύπαις,
2927 2947 3079 3018 φησὶ,
3098 2946 3256 3016 φάγῃ
3285 2947 3479 3015 αὐτὴν
3494 2948 3730 3016 πάσας

2027 3024 2134 3091 τὰς
2152 3025 2375 3094 ἡμέρας
2397 3024 2501 3094 τῆς
2530 3025 2677 3095 ζωῆς
2705 3042 2841 3081 σου.
2868 3024 2999 3080 Εἰτα
3018 3026 3402 3099 ἀκριϐέστερον
3428 3026 3729 3082 διδάσκων

2028 3104 2125 3174 τῆς
2158 3106 2400 3175 κατάρας
2439 3108 2499 3160 τὸ
2522 3103 2680 3171 εἶδος,
2717 3108 2811 3160 καὶ
2861 3108 2961 3178 τῆς
2999 3106 3179 3178 λύπης
3214 3108 3313 3179 τὴν
3358 3107 3559 3170 αἰτίαν,
3613 3111 3730 3162 ἐπ-

2028 3185 2255 3254 ήγαγεν’
2299 3185 2589 3252 Ἀκάνθας
2622 3188 2717 3241 καί
2745 3188 3059 3254 τριϐόλους
3087 3187 3365 3241 άνατελεῖ
3389 3203 3510 3240 σοι.
3568 3188 3728 3243 Ἰδοὺ

2026 3265 2125 3333 τῆς
2157 3263 2401 3336 κατάρας
2422 3264 2489 3318 τὰ
2515 3266 2900 3335 ὑπομνήματα.
2944 3265 3230 3328 Ἀκάνθας,
3258 3267 3443 3337 φησὶν,
3468 3266 3728 3321 ἐκδώσει

2028 3343 2122 3395 καὶ
2158 3343 2433 3413 τριϐόλους
2454 3362 2466 3374 ·
2499 3342 2637 3397 ὥστε
2673 3344 2837 3398 πολὺν
2864 3346 2952 3398 τὸν
2982 3346 3140 3399 πόνον
3170 3346 3261 3399 καὶ
3292 3345 3387 3417 τὴν
3417 3346 3727 3402 ταλαιπω-

2032 3422 2151 3492 ρίαν
2203 3424 2565 3496 ἐργάσασθαι,
2617 3426 2710 3479 καὶ
2764 3424 2901 3495 μετά
2949 3425 3125 3497 λύπης
3160 3425 3338 3479 πάντα
3363 3426 3452 3478 τὸν
3508 3428 3727 3498 χρόνον

2026 3503 2231 3571 διάγειν
2259 3521 2319 3556 σε
2351 3506 2582 3575 ποιήσω,
2613 3506 2699 3557 ἵνα
2720 3504 2876 3557 τοῦτο
2902 3504 3113 3574 χαλινός
3144 3522 3222 3558 σοι
3248 3504 3468 3574 γένηται
3501 3506 3605 3558 τοῦ
3639 3510 3726 3580 μὴ

2030 3582 2169 3654 ὑπὲρ
2199 3594 2220 3621 ο
2254 3583 2410 3650 ἀξίαν
2438 3584 2836 3652 φαντάζεσθαι,
2873 3584 3010 3638 ἀλλά
3048 3584 3312 3654 διηνεκῶς
3343 3586 3470 3658 ἔχῃς
3496 3587 3726 3640 ἐννοεῖν

2027 3664 2125 3737 τὴν
2146 3666 2343 3720 σαυτοῦ
2368 3666 2574 3731 ούσίαν,
2602 3667 2695 3719 καὶ
2726 3666 2992 3737 μηδέποτε
3015 3667 3224 3738 ἀνάσχῃ
3245 3667 3463 3719 τοιαῦτα
3486 3666 3729 3739 ἀπατη-

2029 3746 2208 3816 θῆναι.
2237 3746 2344 3800 Καί
2379 3745 2539 3815 φάγῃ
2572 3745 2678 3798 τὸν
2716 3747 2932 3815 χόρτον
2959 3747 3066 3800 τοῦ
3104 3745 3308 3814 ἀγροῦ.
3367 3746 3467 3801 Ἐν
3499 3744 3729 3813 ἱδρῶτι

2029 3827 2135 3881 τοῦ
2173 3825 2497 3895 προσώπου
2523 3840 2639 3879 σου
2664 3826 2824 3895 φάγῃ
2862 3826 2967 3879 τὸν
2998 3824 3179 3893 ᾶρτον
3209 3840 3348 3879 σου.
3391 3825 3532 3895 Ὅρα
3588 3828 3728 3891 πῶς

2029 3906 2356 3970 ἀπεναντίας
2376 3906 2473 3975 τῆς
2509 3908 2783 3978 προτέρας
2812 3906 3085 3976 διαγωγῆς
3138 3906 3204 3958 τά
3237 3906 3371 3976 μετά
3395 3906 3493 3977 τὴν
3523 3924 3728 3978 παραο

2036 3988 2168 4059 κοῆν
2204 3988 2419 4041 ἅπαντα
2447 3986 2593 4057 αὐτῷ
2632 3987 2865 4059 ἐπήχθη.
2916 3987 3057 4056 Ἐγὼ
3109 3988 3207 4058 μέν
3234 3987 3363 4058 γὰρ,
3397 3989 3550 4056 φησὶ,
3596 4006 3727 4042 πα-

2034 4066 2288 4137 ραγαγών
2323 4084 2381 4121 σε
2408 4068 2486 4130 εἰς
2515 4066 2665 4120 τόνδε
2690 4068 2778 4121 τὸν
2805 4069 3005 4137 κόσμον
3039 4067 3343 4138 ἠϐουλήθην
3366 4066 3492 4119 ἀνευ
3524 4066 3727 4138 λύπης

2030 4147 2124 4199 καὶ
2160 4146 2371 4217 μόχθων
2406 4147 2500 4199 καὶ
2524 4147 2897 4219 ταλαιπωρίας
2940 4149 3033 4201 καὶ
3059 4148 3186 4202 ἄνευ
3224 4147 3457 4219 ἱδρώτων
3490 4147 3726 4216 διάγειν

2032 4243 2113 4293 σε,
2136 4228 2229 4280 καλ⁵
2257 4229 2313 4280 ἐν
2336 4226 2632 4285 ἀπολαύσει
2670 4223 2806 4280 εἶναι
2836 4227 2928 4280 καὶ
2958 4227 3247 4298 εὐημερίᾳ,
3280 4226 3370 4287 καὶ
3412 4226 3547 4297 μηδὲ
3581 4232 3725 4293 ταῖς

2029 4304 2124 4359 τοῦ
2161 4303 2411 4376 σώματος
2437 4305 2703 4376 ἀνάγκαις
2726 4305 3064 4369 ὑποκεῖσθαι,
3090 4306 3225 4358 ἀλλά
3246 4306 3457 4358 πάντων
3491 4306 3726 4360 τούτων

2030 4384 2396 4455 ἀπηλλάχθαι,
2424 4385 2516 4438 καὶ
2534 4386 2591 4437 ἐν
2621 4385 2903 4457 ἐλευθερίᾳ
2925 4384 3112 4457 πάσῃά
3132 4387 3436 4455 τυγχάνειν.
3477 4386 3724 4459 Ἐπειδὴ

2029 4464 2085 4517 δέ
2115 4464 2212 4517 οὐκ
2241 4464 2416 4533 ῶνησέ
2442 4481 2499 4516 σε
2530 4466 2562 4534 ή
2592 4463 2826 4533 τοσαύτη
2852 4464 3023 4529 ἀδεια,
3048 4464 3136 4519 διὰ
3170 4466 3325 4518 τοῦτο
3354 4464 3443 4516 καὶ
3466 4466 3575 4536 τῆν
3605 4469 3725 4536 γῆν

2030 4546 2432 4616 καταράσομαι,
2468 4543 2607 4598 ῶστε
2640 4545 2713 4615 μὴ
2743 4546 2998 4614 ἅσπαρτά
3032 4562 3110 4597 σοι
3140 4546 3233 4598 καὶ
3269 4544 3507 4615 ἀνήροτα
3533 4587 3546 4606 ,
3606 4565 3722 4599 καη

2031 4623 2207 4695 θάπερ
2240 4625 2537 4693 πρότερον,
2587 4624 2657 4675 τά
2686 4624 2745 4687 ἐξ
2798 4624 2967 4695 αὐτῆς
3016 4626 3368 4694 ἀναδιδόμενα
3414 4626 3721 4695 παρέχειν,

2030 4703 2166 4756 ἀλλά
2202 4705 2291 4755 καὶ
2321 4704 2456 4773 μετά
2483 4704 2677 4757 πολλοῦ
2708 4704 2801 4756 τοῦ
2832 4705 3011 4768 πόνου,
3036 4706 3131 4757 καὶ
3156 4706 3249 4757 τοῦ
3283 4704 3481 4775 μόχθου
3516 4706 3719 4778 [148],

2031 4784 2125 4835 κοιλ⁸
2162 4784 2258 4853 τῆς
2288 4784 2679 4854 ταλαιπωρίας.
2710 4785 2803 4837 καὶ
2824 4784 3020 4847 λύπαις
3051 4801 3110 4837 σε
3138 4784 3406 4853 διηνεκέσι
3442 4786 3538 4836 καὶ
3572 4789 3723 4839 ἀθυο

2034 4862 2183 4932 μίαις
2217 4874 2238 4900 ο
2289 4864 2585 4934 περιϐαλῶ,
2634 4866 2726 4917 καὶ
2761 4865 2896 4935 μετὰ
2929 4864 3166 4935 ἱδρώτων
3200 4866 3374 4918 πάντα
3411 4881 3469 4915 σε
3507 4882 3725 4937 κατορ-

2031 4940 2158 4993 θοῦν
2184 4944 2587 5013 παρασκευάσω
2620 4945 2707 4998 ἵνα
2743 4943 2950 5007 τούτοις
3006 4943 3324 5012 πιεζόμενος
3375 4944 3505 5013 ἔχῃς
3554 4945 3719 4999 διδα-

2032 5020 2257 5073 σκαλίαν
2299 5020 2522 5092 διηνεκῆ
2558 5022 2650 5074 τοῦ
2697 5023 3029 5095 μετριάζειν,
3062 5025 3154 5076 καὶ
3183 5023 3281 5092 τὴν
3310 5024 3505 5075 ἑαυτοῦ
3538 5026 3721 5093 φύσιν

2029 5100 2428 5169 ἐπιγινώσκειν.
2445 5103 2553 5156 Καὶ
2578 5103 2735 5156 τοῦτο
2755 5104 2814 5155 ού
2836 5104 2967 5174 πρὸς
2985 5104 3161 5171 ὀλίγον
3178 5104 3296 5156 οὐδὲ
3326 5104 3463 5174 πρὸς
3492 5103 3723 5175 βραχὺν

2032 5184 2218 5255 χρόνον
2252 5181 2425 5245 ἔσται,
2454 5182 2589 5236 ἀλλά
2620 5183 2781 5235 παντὶ
2810 5182 2886 5251 τῷ
2912 5184 3009 5251 τῆς
3034 5182 3178 5252 ζωῆς
3208 5182 3379 5253 χρόνῳ
3420 5200 3721 5253 παρεκτα-

2031 5263 2271 5330 θήσεται.
2324 5262 2418 5315 Ἑν
2456 5260 2650 5328 ἱδρῶτι
2698 5260 2807 5331 γὰρ
2855 5260 2961 5313 τοῦ
3010 5262 3333 5329 προσώπου
3367 5278 3483 5315 σου
3537 5266 3721 5333 φάγῃ

2027 5343 2135 5395 τὸν
2160 5343 2342 5411 ἄρτον
2369 5358 2505 5405 σου,
2534 5342 2643 5407 ἕως
2660 5342 2762 5395 τοῦ
2796 5342 3171 5410 ἀποστρέψαι
3210 5359 3283 5395 σε
3316 5344 3402 5401 εὶς
3424 5344 3541 5407 τὴν
3566 5347 3717 5410 γῆν,

2029 5423 2097 5485 ἐξ
2131 5419 2205 5493 ἧς
2254 5422 2525 5491 ἐλήφθης
2548 5440 2561 5455 ·
2602 5422 2690 5476 ὅτι
2723 5421 2799 5490 γῆ
2831 5418 2903 5487 εἷ,
2961 5423 3057 5476 καί
3096 5426 3181 5486 εἰς
3226 5421 3338 5491 γῆν
3356 5426 3719 5498 άπελεύσῃ.

2089 5580 2119 5620 b
2150 5581 2380 5643 Ὠφέλησέ
2405 5596 2449 5629 τι
2468 5582 2611 5632 deest
2634 5582 2682 5632 in
2706 5584 2897 5642 Morel.,
2915 5584 3000 5632 sed
3024 5585 3073 5632 in
3098 5583 3209 5630 aliis
3230 5582 3423 5645 legitur.
3452 5581 3566 5629 Max
3599 5600 3720 5645 qm-

2027 5642 2135 5691 dztm
2167 5642 2281 5691 mss.
2311 5651 2361 5690 el
2386 5646 2535 5693 Savil.
2562 5648 2624 5707 μή
2656 5646 2877 5694 δύνασθαι
2905 5646 2968 5702 εἰς
2989 5645 3223 5701 τοσαύτην
3248 5644 3434 5707 κακίαν.
3462 5642 3632 5693 Sam:
3654 5663 3715 5695 ex

2028 5708 2305 5769 qonjeclura
2331 5704 2571 5767 βλακείαν,
2601 5712 2676 5755 cui
2708 5710 2903 5756 lectioni
2934 5720 3207 5769 congruere
3240 5704 3429 5752 videtur
3452 5707 3718 5768 ίιιιιττρπεν,

2034 5765 2239 5828 Latinus
2284 5765 2443 5824 νέως,
2488 5770 2571 5828 qui
2617 5774 2763 5818 venit
2798 5765 3061 5819 mollitieni.
3132 5774 3153 5798 υ
3184 5769 3304 5828 Heg.
3332 5780 3458 5813 unus
3481 5772 3541 5814 τὰ
3571 5765 3713 5819 ὕπερ,

2035 5824 2059 5863 ὁ
2251 5832 2390 5899 (1995!
2494 5824 2757 5899 Reg.lz.[‘0.
2833 5846 2851 5871 ι
3010 5832 3218 5894 ἆίτυιιῗεις
3241 5824 3377 5880 abest
3402 5843 3423 5876 (ἱ
3617 5847 3715 5882 ωας

2520 5892 2531 5904 Ι

2038 5897 2119 5945 ξεν
2135 5894 2185 5941 Η.
2214 5894 2337 5941 male
2367 5894 2622 5958 ρξθιςλῗτιις.
