3796 6246
211 216 311 273 H5

205 341 255 386 et
282 331 441 397 cujus
481 338 685 387 naturae
714 331 980 402 particeps
999 374 1014 399 ,
1056 341 1111 388 et
1138 342 1355 404 propter
1381 350 1540 406 quem
1568 334 1797 391 formata

204 439 295 489 es,
328 422 751 478 familiaritatem
781 440 901 479 cum
930 436 1180 495 serpente
1225 427 1363 481 mala
1392 428 1478 482 illa
1504 428 1672 483 bestia
1703 428 1800 483 ha—

206 515 333 569 bere
359 556 377 580 ,
427 523 485 570 et
510 515 627 585 ejus
654 516 898 585 accipere
925 517 1204 572 consilium
1231 519 1443 575 voluisti
1473 536 1487 573 :
1520 529 1801 590 propterea

204 606 434 673 posthac
458 605 536 660 illi
564 613 615 660 te
640 606 886 675 subjicio,
915 615 970 663 et
1000 608 1148 662 illum
1175 608 1448 663 dominum
1479 619 1629 665 tuum
1654 625 1805 666 asse-

203 712 296 759 ro.
348 705 413 751 ut
455 696 600 752 illius
642 697 848 753 scilicet
888 698 1184 753 dominium
1229 715 1487 772 agnoscas
1529 719 1544 755 :
1585 712 1639 757 et
1680 703 1802 775 quia

203 788 485 843 nescivisti
534 789 835 859 imperare,
883 790 1030 845 disce
1078 790 1216 847 bene
1264 808 1474 863 parere.
1516 793 1599 849 Ad
1640 795 1802 850 virum

202 881 351 933 enim
386 890 529 933 tuum
553 920 569 946 ,
603 881 793 951 inquit,
822 884 1079 936 conversio
1106 893 1193 936 tua
1213 925 1229 950 ,
1261 894 1309 938 et
1332 885 1439 956 ipse
1465 886 1804 941 dominabitur

204 972 297 1023 tui.
331 970 524 1026 Melius
552 981 634 1026 est
664 981 719 1027 ut
752 981 808 1027 tu
845 974 946 1029 sub
974 975 1066 1029 illo
1093 975 1202 1040 sis,
1251 986 1305 1031 et
1345 977 1492 1031 illum
1527 978 1800 1033 dominum

206 1061 432 1127 habeas,
480 1078 639 1133 quam
686 1064 854 1120 libere
897 1074 953 1121 et
992 1081 1113 1122 cum
1162 1076 1426 1137 potestate
1473 1070 1657 1126 vivens
1705 1088 1803 1142 per

202 1154 504 1224 pracipitia
531 1154 739 1210 feraris.
765 1155 898 1211 Nam
927 1166 984 1213 et
1012 1173 1150 1229 equo
1174 1161 1353 1216 utilius
1378 1171 1460 1216 est
1487 1164 1637 1217 freno
1664 1164 1797 1234 regi,

198 1255 255 1299 et
281 1248 590 1316 composite
615 1250 900 1319 progredi,
934 1266 1092 1321 quam
1122 1254 1238 1308 sine
1267 1254 1361 1309 illo
1390 1269 1485 1325 per
1509 1256 1801 1326 praecipitia

200 1336 352 1391 ferri.
394 1338 577 1410 Itaque
604 1340 952 1396 considerans
979 1342 1103 1411 quid
1142 1343 1233 1398 tibi
1264 1345 1333 1399 sit
1359 1345 1488 1401 utile
1508 1389 1521 1412 ,
1550 1346 1615 1401 ad
1647 1347 1799 1403 illum

202 1443 256 1487 te
275 1432 484 1488 habere
504 1434 628 1487 volo
652 1435 1057 1490 conversionem
1085 1454 1096 1489 :
1126 1436 1262 1491 sicut
1282 1440 1521 1508 corporis
1542 1449 1623 1495 est
1643 1450 1802 1510 caput

198 1525 381 1595 sequi,
412 1534 468 1581 et
496 1525 792 1581 dominium
821 1526 939 1597 ejus
963 1520 1198 1585 suaviter
1220 1546 1528 1600 agnoscere.
1557 1533 1680 1589 Scio
1703 1550 1801 1591 vos

197 1616 476 1672 dictorum
498 1618 654 1689 copia
683 1618 888 1690 fatigari
915 1636 929 1685 ;
958 1620 1051 1675 sed
1074 1621 1380 1677 excitemini
1408 1624 1799 1694 aliquantulum

197 1726 332 1774 oro,
364 1726 436 1767 ne
466 1711 841 1782 imperfectum
885 1713 1143 1783 judicium
1188 1716 1555 1788 relinquamus
1576 1758 1593 1786 ,
1627 1736 1799 1791 neque

196 1803 393 1858 relicto
435 1804 612 1859 adhuc
653 1803 834 1874 judice
872 1807 1098 1863 sedente
1124 1808 1459 1868 discedamus
1488 1830 1502 1868 :
1534 1813 1797 1885 siquidem

196 1893 374 1947 ferme
404 1894 473 1948 ad
503 1894 662 1950 linem
696 1898 1056 1965 pervenimus.

266 1985 325 2039 9.
366 1984 660 2043 Videamus
703 1988 884 2060 itaque
925 1991 1053 2061 quid
1093 2002 1214 2062 post
1254 2007 1557 2051 sermonem
1584 1996 1795 2054 mulieri

193 2076 441 2143 factum,
492 2080 611 2135 viro
655 2081 836 2150 dicat,
887 2094 940 2138 et
984 2101 1142 2156 quam
1191 2087 1267 2143 illi
1314 2104 1528 2159 ptenam
1572 2091 1793 2162 infligat.

199 2170 288 2224 1ι7.
326 2170 459 2226 Ada:
485 2182 654 2227 autem
680 2174 810 2229 dixit
836 2192 855 2230 :
880 2177 1011 2244 Quia
1052 2179 1241 2233 audisti
1268 2196 1433 2236 vocem
1471 2184 1644 2239 uxoris
1679 2196 1798 2249 tum,

191 2272 238 2316 et
265 2265 539 2319 comedisti
575 2266 638 2320 de
666 2266 803 2337 ligno
824 2311 837 2332 ,
885 2271 949 2323 de
991 2287 1091 2342 quo
1127 2274 1364 2328 mandavi
1394 2276 1521 2343 tibi,
1568 2288 1622 2331 ut
1647 2293 1710 2332 ex
1736 2293 1796 2333 eo

190 2362 303 2413 solo
333 2376 439 2414 non
482 2363 736 2428 comedas,
783 2364 846 2418 de
888 2364 978 2418 illo
1023 2367 1135 2435 ipso
1179 2369 1484 2435 comedtsti';
1526 2372 1795 2428 maledicta

190 2461 332 2503 terra
360 2451 413 2504 in
441 2452 678 2521 aperibus
703 2455 821 2509 tuis.
854 2453 918 2508 In
941 2458 1181 2511 (erumnis
1205 2461 1435 2515 comedes
1461 2461 1605 2517 illaut
1630 2466 1794 2519 enmi-

191 2541 286 2596 bus
308 2542 490 2597 diebus
510 2544 625 2598 vitae
644 2553 764 2599 tuae.
792 2544 878 2600 l8.
905 2545 1100 2617 Spinas
1124 2558 1169 2605 et
1193 2550 1401 2605 tribulos
1423 2552 1511 2606 tibi
1529 2546 1793 2623 producet,

187 2644 239 2688 et
263 2635 502 2689 comedes
528 2636 719 2706 frenum
746 2639 877 2709 agri.
911 2638 998 2693 l9.
1024 2638 1092 2694 In
1118 2641 1303 2697 sudore
1326 2645 1475 2715 faciei
1505 2656 1604 2701 tua:
1628 2663 1792 2702 vesce-

186 2726 259 2779 ris
291 2743 431 2797 pane
464 2736 548 2781 tuo
572 2769 587 2795 ,
635 2728 795 2783 donec
837 2732 1101 2787 revertaris
1146 2740 1200 2787 tu
1243 2734 1296 2788 in
1325 2744 1542 2805 terram,
1588 2738 1650 2793 de
1690 2756 1790 2809 qua

185 2830 427 2889 sumptus
451 2836 504 2874 es
528 2836 549 2875 :
576 2822 696 2892 quia
727 2832 859 2877 terra
877 2841 950 2891 es,
982 2834 1027 2879 et
1054 2825 1106 2880 in
1133 2836 1319 2882 terram
1343 2828 1521 2886 abibis.
1553 2830 1788 2889 Plurima

183 2920 241 2965 et
270 2911 568 2968 ineﬂ'abilis
598 2914 760 2970 etiam
791 2915 893 2969 hoc
919 2916 1037 2971 loco
1066 2920 1363 2975 ostenditur
1387 2922 1597 2978 Domini
1624 2925 1638 2955 ί
1662 2941 1787 2995 erga

185 3006 470 3060 hominem
501 3007 834 3077 providentia
864 3018 918 3065 et
942 3025 1067 3066 cura
1097 3028 1113 3065 :
1141 3011 1235 3068 sed
1262 3014 1539 3071 audiamus
1562 3016 1788 3088 diligen-

183 3109 271 3155 ter
317 3099 741 3171 unumquodque
784 3100 1071 3158 dictorum.
1102 3105 1229 3159 Δάαι
1255 3118 1421 3161 autem
1450 3108 1579 3162 dixit
1606 3125 1625 3163 :
1654 3108 1788 3175 Quia

179 3192 381 3246 audisti
407 3209 577 3247 vocent
603 3194 776 3248 uxoris
800 3204 919 3260 tum,
946 3204 992 3249 et
1016 3198 1277 3253 comedisti
1304 3200 1367 3253 de
1391 3201 1528 3271 ligno
1547 3242 1563 3268 ,
1595 3202 1658 3256 de
1684 3220 1785 3275 quo

182 3306 534 3359 prcceperam
576 3289 688 3356 tibi,
733 3299 788 3343 ut
816 3307 880 3346 ea:
905 3307 964 3345 eo
990 3292 1100 3346 solo
1144 3309 1246 3346 non
1286 3294 1552 3361 comedas,
1593 3297 1657 3350 de
1693 3298 1784 3352 illo

176 3382 299 3449 ipso
336 3381 621 3436 comedisti.
655 3380 954 3450 Quoniam,
1001 3384 1209 3456 inquit,
1255 3385 1453 3442 audisti
1501 3390 1781 3446 mulierem

178 3483 359 3541 tuam,
389 3483 447 3530 et
468 3475 748 3531 comedisti
777 3475 846 3532 de
875 3476 1019 3547 ligno
1039 3518 1056 3547 ,
1100 3486 1156 3535 et
1180 3479 1461 3535 consilium
1488 3481 1632 3538 illius
1658 3498 1782 3540 meo

175 3568 446 3623 mandato
470 3569 639 3639 pluris
669 3569 876 3636 fecisti,
906 3581 961 3626 et
986 3571 1202 3627 noluisti
1231 3573 1300 3629 ab
1325 3575 1485 3631 unico
1512 3576 1615 3633 hoc
1639 3578 1780 3649 ligno

172 3660 480 3727 abstinere,
526 3662 593 3716 de
634 3676 742 3731 quo
771 3662 888 3717 solo
916 3664 1147 3734 praecepi
1191 3665 1284 3720 tibi
1330 3681 1396 3721 ne
1424 3667 1735 3724 comederes
1764 3688 1777 3724 :

172 3767 313 3806 num
359 3751 454 3806 tibi
504 3753 731 3822 praecepi
770 3763 829 3809 ut
868 3769 898 3808 a
945 3755 1127 3811 multis
1166 3755 1507 3813 abstineres?
1545 3760 1627 3815 Ab
1669 3775 1779 3816 uno

171 3844 323 3909 solo,
352 3851 407 3898 et
434 3859 607 3914 neque
635 3845 703 3900 ab
734 3844 825 3900 illo
854 3845 1185 3912 abstinuisti,
1214 3847 1308 3903 sed
1334 3848 1531 3905 oblitus
1558 3851 1776 3905 manda-

174 3946 365 3991 torum
411 3952 652 3992 meorum
678 3980 695 4005 ,
744 3938 955 3994 mulieri
1003 3938 1429 4011 obtemperasti:
1475 3940 1674 3999 idcirco
1717 3959 1777 4000 re

174 4030 293 4100 ipsa
324 4028 537 4095 disces,
565 4041 819 4101 quantum
851 4032 1050 4088 malum
1076 4033 1152 4089 sis
1184 4043 1453 4105 operatus.

253 4122 459 4178 Uxores
483 4123 603 4177 viris
629 4140 806 4193 parere
833 4124 1031 4178 debent.
1059 4155 1131 4165 —
1155 4126 1386 4182 Audiant
1409 4128 1528 4193 viri,
1556 4128 1774 4186 audiant

168 4215 474 4283 mulieres,
507 4225 562 4271 et
590 4216 665 4269 illi
694 4216 909 4287 quidem
932 4259 946 4285 ,
980 4226 1035 4272 ut
1060 4234 1129 4274 ne
1158 4218 1329 4274 ferant
1354 4236 1445 4275 cas
1473 4222 1610 4276 mala
1639 4238 1772 4278 con-

166 4309 460 4373 sulentes;
502 4307 587 4363 ha:
630 4317 828 4375 autem,
877 4318 934 4363 ut
972 4325 1040 4365 ne
1070 4310 1192 4365 talia
1238 4313 1536 4367 consulant.
1565 4313 1697 4369 Nam
1725 4315 1771 4370 si

168 4401 265 4455 hic
294 4399 455 4469 culpa
488 4400 539 4454 in
569 4400 844 4455 mulierem
890 4401 1085 4472 rejecta
1106 4443 1122 4469 ,
1156 4402 1353 4458 nullam
1382 4406 1590 4461 veniam
1622 4421 1770 4464 asse-

164 4503 378 4563 quutus
417 4501 536 4557 est,
582 4493 793 4563 qualem
838 4492 958 4564 quis
998 4492 1218 4550 haberet
1244 4495 1452 4551 veniam
1478 4539 1493 4563 ,
1540 4496 1768 4554 dicens:

166 4586 410 4655 Propter
438 4599 656 4640 uxorem
687 4584 790 4641 hoc
815 4595 870 4640 et
899 4584 1001 4641 hoc
1047 4586 1258 4656 peccavi
1280 4628 1296 4653 ,
1341 4596 1397 4642 et
1438 4587 1540 4644 hoc
1577 4600 1632 4646 et
1670 4590 1771 4647 hoc

163 4678 324 4734 feci?
368 4676 447 4732 Ea
491 4677 635 4733 enim
663 4676 730 4733 de
773 4692 931 4733 causa
963 4677 1061 4734 sub
1091 4687 1178 4732 tua
1210 4689 1472 4750 potestate
1501 4679 1641 4745 facta
1665 4692 1766 4751 est,

163 4778 227 4827 et
256 4768 514 4825 dominus
541 4770 660 4840 ejus
702 4771 1076 4839 pronuntiatus
1113 4786 1173 4827 es
1193 4812 1208 4836 ,
1243 4780 1300 4827 ut
1324 4772 1412 4833 illa
1441 4773 1534 4829 tibi
1560 4783 1763 4851 pareat,

160 4872 223 4919 et
257 4878 369 4917 non
409 4870 570 4932 caput
600 4861 761 4931 pedes
801 4870 1071 4933 sequatur.
1104 4862 1297 4919 Verum
1328 4879 1433 4919 non
1472 4881 1593 4920 raro
1616 4866 1768 4923 vide-

165 4969 294 5010 mus
341 4954 668 5008 contrarium
713 4969 810 5009 usu
856 4955 1112 5023 evenire,
1158 4966 1211 5013 ut
1261 4958 1307 5013 is
1335 4957 1425 5039 qui
1456 4972 1557 5019 suo
1580 4960 1768 5019 ordine

162 5055 337 5119 caput
362 5063 483 5102 esse
509 5047 750 5113 deberet,
780 5063 951 5119 neque
979 5047 1170 5118 pedum
1196 5050 1438 5108 ordinem
1464 5062 1641 5108 servet
1669 5072 1681 5108 :
1713 5064 1767 5110 et

153 5154 224 5195 ea
279 5155 405 5208 qua:
435 5140 490 5193 in
537 5139 731 5209 pedum
780 5140 899 5195 loco
942 5149 1045 5209 est,
1088 5142 1141 5196 in
1187 5152 1345 5222 caput
1386 5145 1775 5208 constituatur.

154 5234 370 5291 Idcirco
409 5238 466 5284 et
504 5231 693 5285 beatus
722 5230 922 5286 Paulus
965 5233 1221 5304 magister
1257 5235 1402 5292 orbis
1447 5236 1560 5291 huic
1585 5238 1762 5295 omnia

152 5324 466 5398 pnevidens
494 5365 511 5389 ,
546 5322 813 5377 clamabat
838 5341 850 5376 :
883 5322 1029 5378 Unde
1057 5341 1273 5395 namque
1300 5327 1397 5381 scis
1441 5328 1623 5382 mulier
1649 5371 1663 5395 ,
1696 5346 1764 5384 an

155 5410 333 5461 virum
354 5411 442 5463 'sis
480 5415 738 5468 salvatura
761 5415 787 5468 .’
830 5425 919 5467 aut
947 5416 1031 5479 qui
1075 5418 1173 5471 scis
1201 5419 1276 5471 vir
1298 5459 1313 5485 ,
1358 5436 1424 5472 an
1454 5436 1660 5474 uxorem
1694 5422 1763 5476 sis

153 5504 468 5561 salt-aturus
502 5508 582 5573 (Ι.
609 5508 729 5562 Cor.
760 5508 812 5561 7.
847 5506 912 5563 16
934 5506 998 5578 )?
1028 5508 1407 5565 Verumtamen
1434 5511 1529 5566 viri
1556 5521 1672 5580 est,
1706 5522 1763 5569 ut

229 5701 243 5730 ⁸
267 5696 325 5747 ιιι
348 5694 640 5753 quibusdam
663 5695 777 5747 Mss.
799 5708 909 5759 vos,
924 5691 1116 5745 Domini
1142 5691 1247 5755 (τοῦ
1280 5696 1569 5761 Δεσπότου),
1584 5696 1743 5749 deest.

1314 217 1379 272 IN
1417 219 1567 275 CAP.
1611 219 1697 274 ιη.
1738 220 1980 278 GENES.
2024 221 2250 280 HOMIL.
2294 222 2455 280 XVII;

3394 235 3417 290 l
3427 235 3494 291 46

1912 337 2150 408 diligenti
2197 354 2361 409 opera
2412 341 2551 396 male
2594 343 2964 401 consulentem
3007 348 3272 418 repellat.
3303 352 3495 406 mulier

1912 443 2041 484 vero
2069 444 2282 501 semper
2325 432 2375 486 in
2411 434 2669 489 memoria
2696 436 2924 491 retineat
2951 439 3266 508 supplicium
3291 482 3307 505 ,
3350 444 3495 511 quod

1912 518 2039 574 Eva:
2076 520 2363 593 irrogatam
2395 534 2508 589 est,
2555 541 2674 596 quae
2718 526 3023 596 pestiferum
3055 530 3184 585 illud
3212 532 3492 591 consiliqu

1910 610 2027 665 viro
2055 623 2389 682 suggesserat
2422 633 2436 669 :
2469 630 2536 670 ne
2578 617 2774 673 audeat
2805 620 2925 674 talia
2955 622 3238 678 consulere
3261 664 3276 689 ,
3323 638 3506 694 neque.

1910 700 2147 757 imitetur
2185 701 2351 759 Evam
2381 723 2395 760 :
2426 706 2531 761 sed
2565 708 2705 764 illius
2751 713 2997 782 exemplo
3027 713 3339 781 prudentior
3378 717 3492 780 flat.-

1910 802 1966 849 et
1994 793 2119 849 talia
2145 796 2407 861 consulat,
2434 814 2551 868 quae
2578 799 2753 870 ipsam
2776 811 2830 857 et
2855 804 3026 859 virum
3058 806 3200 861 omni
3231 807 3493 877 supplicio

1909 884 2195 941 liberatura
2241 888 2367 943 sint.
2402 888 2567 944 Porro
2594 892 2661 946 ad
2694 893 2989 950 institutum
3036 897 3335 952 redeamus.
3370 900 3497 953 Adae

1909 985 2077 1031 autem
2101 978 2230 1032 dixit
2258 978 2398 1034 Deus
2432 997 2452 1035 :
2482 981 2616 1049 Quia
2658 983 2847 1039 audisti
2874 1002 3041 1039 vocem
3082 989 3254 1043 uxoris
3283 999 3413 1054 tute,
3455 1003 3502 1045 et

1909 1068 2169 1123 comedisti
2195 1071 2258 1125 de
2304 1071 2442 1141 ligno
2463 1112 2477 1138 ,
2523 1073 2586 1127 de
2612 1090 2711 1144 quo
2738 1078 2955 1146 prrecepi
2999 1078 3086 1132 tibi
3122 1079 3185 1133 de
3212 1097 3268 1134 eo
3296 1082 3404 1135 solo
3442 1099 3503 1136 ne

1908 1159 2227 1227 comederes,
2272 1163 2337 1217 de
2380 1164 2470 1218 illo
2512 1166 2624 1235 ipso
2653 1168 2930 1221 comedisti.
2975 1169 3255 1236 Quoniam,
3302 1171 3493 1242 inquit,

1910 1261 2015 1307 tam
2041 1255 2317 1325 negligens
2343 1256 2485 1311 fuisti
2517 1258 2568 1314 in
2594 1258 2926 1316 observando
2954 1261 3202 1317 mandato
3228 1278 3369 1331 meo,
3401 1281 3494 1320 ne-

1907 1360 2010 1414 que
2041 1346 2201 1401 timor
2230 1356 2281 1401 te
2307 1350 2564 1417 coercuit,
2594 1346 2766 1422 neque
2795 1352 3105 1421 praecedens
3132 1354 3499 1410 interminatto

1907 1436 2227 1495 calamitatis
2255 1455 2403 1496 esum
2452 1454 2863 1512 consequuturte
2895 1446 2987 1501 tibi
3032 1446 3318 1518 quidquam
3365 1463 3492 1517 pro-

1905 1527 2026 1597 fuit,
2053 1531 2149 1588 sed
2174 1532 2226 1587 in
2258 1542 2458 1591 tantam
2487 1536 2774 1607 nequitiam
2802 1539 3115 1609 pervenisti,
3147 1549 3205 1594 ut
3229 1556 3401 1611 nequc
3426 1542 3520 1597 ab.

1907 1620 2066 1679 unico
2091 1623 2194 1681 hoc
2220 1625 2365 1697 ligno
2391 1628 2482 1683 tibi
2512 1633 2914 1701 temperaveris,
2947 1634 3157 1690 tametsi
3184 1642 3261 1690 tot
3289 1646 3343 1691 et
3372 1644 3493 1691 tan-

1906 1713 1976 1769 tis
2006 1714 2101 1770 tibi
2129 1714 2233 1771 frui
2260 1717 2445 1775 liceret
2474 1738 2488 1775 :
2521 1721 2643 1778 ideo
2668 1723 2943 1779 Maledicta
2969 1727 3061 1781 erit
3089 1738 3222 1781 terra
3248 1727 3300 1782 iu
3328 1730 3495 1797 operi—

1906 1806 1998 1860 bus
2036 1808 2157 1862 tuis.
2196 1809 2326 1867 Vide
2369 1811 2747 1885 benignitatem
2779 1817 2985 1873 Domini
3009 1859 3024 1882 ,
3070 1820 3339 1890 quomodo
3378 1836 3493 1877 ser-

1904 1907 2118 1967 pentem
2149 1904 2339 1972 punit,
2387 1906 2654 1975 quomodo
2700 1908 2829 1964 item
2874 1920 2930 1966 et
2978 1912 3236 1967 rationale
3272 1912 3494 1967 animal;

1904 1990 1983 2046 illi
2030 1993 2175 2048 enim
2215 1994 2350 2051 dixit
2382 2014 2395 2051 :
2427 1996 2731 2054 Haledictus
2773 2009 2828 2054 tu
2868 2002 2932 2056 de
2969 2010 3103 2057 terra
3138 2019 3159 2057 :
3187 2003 3274 2059 hic
3311 2012 3523 2060 autem.

1902 2098 2010 2138 non
2037 2086 2153 2151 sic;
2201 2086 2295 2142 sed
2324 2088 2493 2157 quid?
2521 2089 2798 2146 Maledicta
2837 2102 2971 2147 terra
3008 2095 3062 2148 in
3090 2095 3321 2166 aperibus
3366 2098 3486 2151 tuis.

1903 2174 1970 2230 Et
1998 2177 2211 2232 merito.
2242 2177 2374 2233 Nam
2405 2180 2528 2250 quia
2558 2190 2776 2253 propter
2798 2182 3067 2240 hominem
3096 2186 3349 2256 producta
3382 2197 3493 2251 cst,

1900 2277 1960 2323 ut
1989 2268 2079 2325 ille
2127 2281 2307 2341 posset
2353 2271 2456 2327 frui
2508 2273 2572 2329 iis
2605 2290 2725 2346 qua:
2772 2291 2842 2331 ex
2891 2291 2953 2332 ea
2998 2287 3334 2333 nascuntur:
3368 2279 3494 2335 ideo

1900 2359 2093 2415 iterum
2140 2371 2358 2432 propter
2400 2364 2671 2421 hominem
2722 2377 3028 2437 peccantem
3073 2370 3409 2425 maledictum
3439 2372 3490 2426 ei
3526 2414 3527 2417 η

1900 2450 2099 2507 inditur
2132 2454 2298 2524 :quia
2342 2455 2683 2512 maledictum
2724 2467 2882 2514 terra:
2919 2460 3206 2527 evenieus,
3255 2462 3488 2516 hominis

1897 2544 2171 2601 securitati
2201 2556 2255 2601 et
2282 2548 2454 2617 quieti
2476 2550 2649 2617 obest,
2685 2550 2961 2605 Maledicta
2981 2594 2996 2616 ,
3028 2552 3235 2622 inquit,
3273 2564 3405 2607 terra
3433 2555 3493 2607 in

1896 2636 2130 2707 operibus
2158 2638 2276 2693 tuis.
2310 2638 2446 2693 Exin
2477 2650 2534 2695 ut
2572 2640 2841 2697 discamus
2885 2642 3011 2713 quid
3041 2643 3147 2709 sit,
3188 2643 3482 2703 Maledicta.

1895 2726 2073 2782 subdit
2102 2744 2115 2780 :
2141 2726 2208 2782 In
2237 2728 2493 2785 doloribus
2519 2732 2750 2787 comedas
2778 2749 2890 2787 eam
2915 2735 3143 2787 omnibus
3173 2735 3344 2790 diebus
3370 2736 3484 2789 vitta

1894 2826 2015 2874 tute.
2041 2819 2171 2875 Vide
2192 2835 2619 2893 unamquamque
2639 2838 2851 2893 poenam
2876 2825 2931 2878 in
2960 2824 3153 2880 sucula
3177 2826 3478 2892 durantem,

1894 2919 1952 2965 ut
1980 2926 2085 2967 non
2117 2913 2287 2968 solum
2330 2914 2435 2969 illis
2464 2914 2514 2969 id
2544 2915 2673 2970 utile
2701 2916 2802 2981 sit,
2846 2915 2940 2972 sed
2969 2926 3024 2972 et
3050 2918 3248 2986 posteri
3290 2918 3505 2976 iisdem.

1893 3003 2052 3059 rebus
2078 3004 2403 3072 doceantur,
2437 3006 2578 3062 unde
2620 3006 2726 3062 illis
2772 3006 2888 3062 haec
2924 3008 3182 3079 supplicia
3227 3019 3351 3064 sunt
3396 3008 3480 3064 in-

1891 3106 2041 3152 vecta
2078 3116 2091 3153 :
2128 3097 2196 3152 In
2238 3098 2532 3171 doloribus,
2580 3099 2781 3171 inquit,
2825 3100 3054 3156 comedes
3095 3117 3207 3155 eam
3250 3101 3508 3158 omnibus.

1890 3190 2065 3246 diebus
2090 3191 2204 3246 vita:
2232 3203 2350 3247 ture.
2397 3192 2589 3248 Postea
2632 3191 2939 3264 diligentius
2966 3193 3165 3249 docens
3207 3193 3503 3249 maledicti

1888 3283 2122 3355 speciem
2148 3292 2204 3340 et
2229 3284 2434 3341 doloris
2460 3300 2699 3353 causam,
2730 3285 2909 3341 subdit
2936 3303 2950 3341 :
2979 3286 3170 3358 Spinas
3196 3296 3241 3341 et
3268 3287 3505 3341 tribulos.

1889 3375 1979 3430 tibi
2007 3376 2269 3447 producet.
2300 3376 2441 3434 Ecc'e
2466 3378 2732 3434 maledicti
2773 3380 3117 3434 monimenta.
3152 3379 3360 3449 Spinas,
3391 3380 3475 3434 in-

1885 3467 2041 3538 quit,
2070 3476 2127 3524 et
2154 3467 2379 3524 tribulos
2418 3468 2654 3539 proferet
2692 3478 2831 3525 terra
2861 3487 2876 3525 :
2908 3471 3085 3541 itaque
3114 3471 3294 3526 multis
3323 3471 3491 3535 labo;

1885 3559 2031 3615 ribus
2060 3568 2114 3616 et
2140 3561 2395 3617 (erumnis
2431 3562 2759 3632 operandum
2803 3563 2938 3629 tibi,
2968 3573 3022 3619 et
3048 3563 3192 3617 onmi
3236 3573 3479 3634 tempore

1884 3666 2004 3705 cum
2036 3651 2246 3707 tristitia
2282 3654 2461 3709 vivere
2504 3660 2556 3709 te
2597 3652 2827 3720 curabo,
2873 3662 2931 3708 ut
2976 3653 3080 3708 hoc
3123 3653 3477 3710 tibi'frenum
3512 3708 3519 3714 .

1884 3742 1974 3807 sit,
2003 3756 2070 3797 ne
2095 3742 2222 3813 quid
2247 3757 2407 3814 supra
2430 3742 2743 3814 dignitatem
2771 3744 2837 3799 de
2869 3752 2920 3798 te
2944 3745 3142 3799 sentias
3173 3763 3186 3799 :
3218 3744 3312 3800 sed
3342 3760 3480 3801 Cum.

1885 3836 2033 3890 tinuo
2060 3835 2264 3907 cogites
2293 3846 2437 3892 tuam
2488 3837 2654 3907 ipsius
2693 3835 3043 3897 substantiam
3070 3877 3084 3901 ,
3133 3852 3309 3905 neque
3332 3836 3471 3891 feras
3507 3887 3513 3892 ,

1883 3936 1945 3984 ut
1968 3927 2192 3999 posthac
2222 3929 2302 3983 sic
2325 3927 2627 3998 decipiaris.
2661 3928 2728 3983 Et
2756 3929 2983 3983 comedes
3009 3932 3196 3999 [mnum
3224 3929 3354 3999 agri.
3401 3929 3477 3983 1η

1882 4021 2071 4076 sudore
2107 4020 2255 4093 [aciei
2280 4030 2384 4075 tua;
2410 4022 2618 4077 vesceris
2657 4038 2786 4092 pane
2814 4030 2920 4075 tuo.
2957 4018 3334 4075 Animadverte
3360 4036 3490 4089 quo.

1880 4122 2036 4182 pacto
2064 4122 2186 4182 post
2226 4111 2639 4169 inobedientiam
2667 4112 2844 4168 omnia
2889 4112 3211 4183 contigerint
3254 4122 3467 4165 contra-
3500 4145 3538 4152 --

1816 4196 1827 4205 ’
1877 4205 1953 4261 ria
1986 4204 2150 4274 priori
2179 4206 2301 4261 vitae
2329 4205 2643 4262 conditioni.
2676 4205 2787 4275 Ego
2812 4204 3024 4271 quidem
3047 4245 3062 4271 ,
3103 4203 3311 4274 inquit,
3344 4219 3466 4259 cum

1880 4296 1932 4351 in
1963 4297 2108 4353 hunc
2135 4306 2187 4353 te
2216 4297 2472 4353 mundum
2505 4296 2753 4366 produxi,
2776 4294 3021 4350 volebam
3050 4304 3102 4350 te
3122 4294 3312 4365 degere
3342 4295 3468 4351 abs-

1877 4402 1981 4457 que
2006 4387 2301 4455 doloribus,
2331 4387 2633 4452 laboribus,
2662 4386 2983 4450 sudoribus,
3011 4386 3342 4441 et-acrumuis
3364 4427 3380 4453 ,
3413 4395 3468 4441 et
3492 4416 3499 4427 ε

1877 4480 2024 4535 omni
2063 4480 2318 4535 felicitate
2354 4479 2480 4547 frui,
2522 4493 2696 4549 neque
2738 4478 3105 4548 corporalibus
3134 4479 3472 4533 necessitatis

1876 4570 1976 4626 bus
2002 4570 2291 4626 obnoxium
2332 4584 2486 4637 esse,
2519 4568 2612 4625 sed
2640 4568 2710 4623 ab
2733 4568 2983 4624 omnibus
3011 4568 3119 4624 illis
3151 4582 3375 4623 vacuum
3411 4569 3479 4622 in.

1875 4662 2021 4718 omni
2070 4662 2315 4717 libertate
2355 4661 2577 4716 versari.
2624 4660 2756 4727 Quia
2795 4674 2925 4715 vero
2970 4675 3076 4714 non
3122 4658 3321 4728 profuit
3369 4659 3462 4714 tibi

1877 4762 2023 4809 tanta
2052 4756 2332 4818 securitas,
2360 4762 2649 4824 eapropteu
2672 4761 2726 4807 et
2750 4760 2908 4808 terra:
2936 4749 3270 4817 maledicam,
3305 4750 3465 4804 itaut

1873 4847 2390 4918 absquesationeet
2416 4846 2657 4901 aratione
2682 4860 2789 4901 non
2826 4844 3053 4915 proferat
3082 4858 3209 4899 suos
3238 4843 3460 4907 fruetus,

1873 4939 2015 4995 sicut
2036 4946 2193 4994 antea
2226 4954 2240 4991 :
2272 4937 2367 4994 sed
2397 4947 2450 4993 et
2478 4952 2599 4992 cum
2630 4937 2801 4992 multo
2841 4935 3023 4990 labore
3042 4976 3058 5000 ,
3086 4932 3345 4988 molestiis
3364 4971 3380 4998 ,
3406 4939 3462 4986 et

1874 5032 2151 5099 aerumnis,
2173 5030 2402 5087 afﬁciam
2428 5040 2480 5086 te
2503 5030 2798 5097 doloribus,
2825 5038 2881 5084 ct
2904 5025 3172 5083 continuis
3195 5024 3460 5095 fatigatio.

1873 5127 2030 5182 nibus
2058 5144 2072 5180 :
2103 5124 2331 5181 efficiam
2364 5125 2490 5179 item
2519 5132 2577 5178 ut
2603 5122 2735 5177 nihil
2772 5132 3090 5200 promoveat;
3124 5118 3329 5188 absque
3364 5134 3459 5173 su-

1870 5220 2125 5286 doribus;
2174 5228 2233 5273 ut
2280 5217 2365 5273 bis
2407 5216 2758 5279 exercitatus,
2805 5221 3117 5285 perpetuam
3159 5212 3458 5267 doctrinam

1787 5318 1791 5323 '
1870 5313 2068 5370 habeas
2087 5310 2551 5381 modesteagendi,
2573 5319 2820 5376 tuamque
2854 5307 3016 5377 ipsius
3038 5315 3281 5360 naturam
3300 5320 3458 5376 agno-

1869 5405 2073 5461 scendi.
2105 5404 2291 5475 Neque
2314 5403 2415 5458 hoc
2441 5401 2504 5457 ad
2529 5400 2795 5456 modicum
2818 5409 2873 5457 et
2902 5399 3061 5454 breve
3094 5409 3302 5470 tempus
3331 5398 3454 5459 erit,

1867 5498 1961 5555 sed
1987 5497 2132 5553 omni
2166 5507 2402 5568 tempore
2422 5495 2546 5550 vitae
2567 5494 2779 5550 durabit
2804 5512 2817 5549 :
2847 5492 2907 5547 In
2932 5492 3116 5547 sudore
3139 5492 3279 5547 enim
3307 5490 3485 5560 faciei-

1869 5605 1969 5649 tuw
1992 5592 2203 5648 vesceris
2244 5607 2375 5662 pane
2403 5600 2489 5645 tuo
2510 5632 2524 5659 ,
2556 5590 2713 5644 donec
2754 5587 3019 5643 revertaris
3064 5596 3118 5639 tu
3148 5586 3201 5638 in
3242 5593 3481 5651 terram,

1868 5692 1933 5749 de
1966 5707 2064 5765 qua
2089 5702 2319 5767 sumptus
2355 5707 2408 5748 es
2435 5704 2452 5745 :
2478 5690 2594 5765 quia
2624 5698 2757 5744 terra
2783 5701 2834 5747 es
2855 5726 2875 5757 ,
2909 5693 2956 5740 ct
2979 5682 3243 5745 interram
3268 5678 3467 5741 abibis;
