3754 6252
298 200 403 260 H7

296 316 422 373 llas:
450 317 738 374 sustinebis
766 333 935 391 usque
962 320 1030 377 ad
1059 321 1219 378 linem
1248 322 1371 378 vitae
1399 332 1524 387 tute,
1548 333 1605 378 et
1628 321 1801 378 donec
1826 321 1879 376 in

296 408 444 465 illam
476 410 758 468 resolvaris
783 453 797 478 ,
830 428 895 467 ex
924 428 1027 483 qua
1071 413 1327 469 formatus
1351 428 1431 470 es.
1472 412 1603 468 Nam
1639 413 1881 484 quamvis

302 500 394 555 tibi
425 503 668 572 corporis
691 502 930 558 dederim
970 515 1212 559 naturam
1252 506 1321 561 ob
1347 520 1521 560 meam
1566 506 1878 569 bonitatem,

299 593 474 661 ipsum
503 602 679 649 tamen
716 595 820 651 hoc
859 610 1055 666 corpus
1083 611 1148 652 ex
1179 605 1319 652 terra
1347 597 1641 662 exsistens,
1688 597 1881 653 iterum

299 686 403 739 erit
427 694 585 740 terra.
614 685 773 740 Terra
811 687 954 742 enim
982 705 1063 756 es,
1104 689 1231 744 etin
1257 699 1444 744 terram
1479 690 1657 745 abibis.
1696 688 1882 743 Enim-

297 792 426 832 vero
456 787 512 832 ut
551 794 617 833 ne
663 779 777 835 haec
819 780 1049 850 fierent,
1087 781 1232 849 dixi,
1276 782 1360 837 Nc
1399 782 1671 837 comedetis
1696 782 1758 838 de
1786 783 1882 837 hoc

296 867 436 937 ligno
464 884 483 922 :
506 884 820 941 quocumque
847 873 980 927 enim
1020 874 1103 927 die
1142 874 1485 939 comederitis,
1518 884 1678 929 morte
1700 874 1882 930 morie-

294 960 440 1013 mini.
471 960 586 1017 Non
628 962 773 1018 enim
800 962 904 1019 hoc
930 965 1172 1020 volebam
1205 983 1218 1021 :
1247 966 1341 1021 sed
1374 966 1497 1036 quia
1535 980 1719 1022 eorum
1759 980 1880 1035 qum

296 1049 362 1106 ad
394 1066 482 1107 me
506 1052 821 1119 attinebant,
848 1055 979 1110 nihil
1004 1056 1363 1112 intermissum
1387 1066 1471 1112 est
1495 1075 1509 1110 :
1539 1067 1595 1112 tu
1623 1065 1798 1111 autem
1828 1066 1880 1112 te

295 1139 469 1209 ipsum
504 1142 555 1197 in
588 1143 701 1201 hzrc
726 1146 1001 1215 eonjecisti
1021 1188 1038 1214 ,
1082 1164 1149 1205 ne
1174 1148 1227 1203 in
1256 1149 1415 1204 alium
1442 1162 1654 1205 causam
1684 1148 1880 1205 retule-

290 1232 367 1287 τίς
392 1274 407 1297 ,
459 1235 553 1289 sed
600 1245 701 1291 tum
740 1238 907 1306 ipsius
936 1238 1154 1295 desidiae
1199 1250 1365 1295 totum
1408 1241 1714 1297 abscribito.
1758 1241 1878 1297 Jam

292 1323 471 1379 denuo
499 1327 601 1381 alia
629 1330 782 1384 nobis
806 1332 1029 1399 quatstio
1058 1332 1184 1389 hinc
1214 1334 1481 1400 nascitur,
1509 1349 1611 1404 qua
1630 1374 1647 1399 ,
1689 1334 1734 1389 si
1762 1334 1877 1403 pla-

293 1417 498 1483 cucrit,
536 1418 768 1475 breviter
795 1421 1033 1477 absoluta
1059 1464 1075 1489 ,
1122 1425 1280 1480 linem
1308 1426 1572 1481 sermonis
1599 1424 1685 1481 hic
1712 1424 1877 1481 facie-

290 1523 430 1563 mus.
463 1509 633 1577 Dixit,
667 1512 868 1582 inquit,
911 1514 1050 1570 Deus
1075 1533 1089 1569 :
1117 1515 1439 1586 Quocumque
1463 1517 1544 1571 die
1566 1517 1879 1573 comederitis

294 1616 357 1653 ex
380 1617 459 1665 eo,
488 1616 647 1657 morte
665 1605 945 1659 moriemini
971 1605 1123 1677 (Gen.
1146 1607 1200 1660 2.
1230 1609 1320 1673 17)
1347 1626 1361 1663 :
1385 1608 1671 1663 multorum
1699 1617 1875 1664 autem

290 1704 551 1747 annorum
580 1710 805 1751 numero
842 1697 1139 1752 ostenditur
1165 1699 1359 1755 vixisse
1389 1699 1507 1753 illos
1536 1708 1654 1769 post
1691 1699 1877 1756 inobe-

289 1782 541 1838 dicntiam
562 1826 577 1850 ,
611 1796 666 1841 et
690 1787 792 1842 cibi
820 1789 964 1844 vetiti
995 1804 1167 1845 esum.
1196 1790 1261 1845 Et
1292 1794 1516 1861 quaestio
1539 1792 1752 1862 quidem
1780 1792 1877 1847 ali-

287 1891 391 1947 qua
421 1893 540 1934 esse
566 1879 774 1936 videtur
801 1883 867 1937 iis
887 1883 977 1953 qui
1006 1899 1036 1939 a
1076 1886 1361 1954 superficie
1388 1886 1629 1941 salutant
1665 1886 1877 1943 divinas

289 1966 498 2023 Literas
528 1987 540 2023 :
573 1982 627 2025 at
664 1972 709 2027 si
740 1975 858 2043 quis
887 1990 1040 2044 aequo
1065 1976 1245 2031 animo
1272 1991 1428 2030 aures
1454 1976 1731 2041 adhibeat,
1765 1993 1878 2034 ma-

293 2058 542 2115 nifestum
565 2073 649 2118 est
669 2064 810 2133 quod
840 2065 1054 2132 dicitur,
1082 2082 1251 2136 neque
1274 2068 1498 2137 quaestio
1519 2068 1678 2123 fuerit
1705 2079 1879 2125 atten-

289 2149 457 2207 denti.
499 2152 633 2209 Nam
678 2154 803 2211 licet
847 2158 1042 2213 nmltos
1069 2174 1237 2214 aitnos
1281 2161 1545 2228 vixerint,
1578 2171 1810 2218 attamen
1844 2178 1876 2219 a

291 2257 398 2311 quo
425 2252 663 2314 tempore
691 2247 971 2303 audierunt
1001 2266 1014 2302 :
1041 2249 1194 2304 Terra
1223 2267 1296 2319 es,
1335 2261 1381 2306 et
1405 2252 1457 2305 in
1482 2260 1668 2307 terram
1696 2253 1875 2321 abibis,

291 2342 346 2387 et
372 2337 688 2391 sententiam
718 2351 1039 2409 acceperunt
1066 2342 1255 2396 mortis
1278 2384 1293 2409 ,
1338 2346 1591 2400 mortales
1619 2344 1829 2403 fuerunt
1858 2364 1874 2403 :

289 2431 345 2478 et
368 2438 433 2478 ex
461 2425 553 2480 illo
591 2435 829 2498 tempore
856 2429 1073 2485 fuerunt
1119 2433 1376 2502 perinde,
1422 2449 1484 2490 ac
1526 2437 1571 2492 si
1610 2438 1730 2508 quis
1757 2438 1878 2495 illos

291 2514 434 2573 dicat
459 2529 698 2576 mortuos
740 2522 925 2579 fuisse.
956 2523 1069 2579 Hoc
1099 2524 1255 2595 igitur
1290 2537 1345 2583 et
1373 2529 1647 2599 Scriptura
1675 2532 1878 2602 signiﬁ-

289 2620 441 2671 cans.
467 2609 634 2675 dixit,
668 2612 993 2685 Quocumque
1022 2617 1104 2671 die
1125 2618 1458 2687 comederitis,
1492 2631 1651 2677 morte
1685 2625 1874 2680 morie-

288 2698 413 2752 mini
441 2716 462 2753 :
492 2698 593 2755 hoc
618 2711 721 2766 est,
759 2706 1078 2763 sententiam
1104 2709 1377 2779 accipietis
1399 2753 1416 2775 ,
1447 2714 1698 2770 mortales
1724 2725 1876 2785 post-

287 2787 389 2845 hac
433 2806 529 2847 vos
573 2792 796 2851 futuros.
856 2796 1007 2853 Sicut
1048 2802 1192 2857 enim
1243 2804 1293 2857 in
1341 2802 1588 2862 humanis
1634 2806 1872 2878 iudiciis,

284 2882 500 2949 quando
523 2884 641 2953 quis
663 2889 926 2945 sententia
952 2890 1053 2946 lata
1077 2903 1133 2948 ut
1158 2894 1330 2964 capite
1354 2896 1660 2967 mulctetur,
1683 2901 1875 2959 iterum

289 2970 638 3065 incarcerem
663 2980 977 3050 conjicitur,
1010 2984 1134 3040 licet
1170 2985 1242 3041 ibi
1269 2988 1437 3044 multo
1468 2999 1707 3061 tempore
1730 3004 1871 3065 agat,

290 3062 423 3163 nihil
452 3066 642 3123 melius
668 3077 844 3126 tamen
869 3073 1027 3128 habet
1045 3074 1309 3136 defunctis
1334 3089 1389 3136 et
1416 3083 1662 3152 mortuis,
1690 3062 1878 3156 utpote

281 3161 393 3221 jam
423 3170 517 3224 per
544 3161 859 3216 sententiam
885 3176 1127 3222 mortuus
1154 3184 1167 3219 :
1199 3169 1387 3226 eodem
1412 3174 1571 3230 modo
1598 3184 1655 3231 et
1686 3176 1740 3232 hi
1760 3218 1775 3243 ,
1806 3177 1877 3235 ab

289 3258 356 3300 eo
384 3244 470 3300 die
493 3262 522 3300 a
544 3264 650 3319 quo
675 3254 1013 3310 mortalitatis
1037 3261 1355 3316 sententiam
1381 3276 1723 3336 acceperunt,
1748 3278 1876 3327 tam-

288 3336 391 3390 etsi
422 3337 581 3411 longo
611 3350 851 3414 tempore
877 3346 1204 3419 duraverint,
1235 3354 1582 3415 nihilominus
1610 3365 1875 3421 sententia

288 3430 483 3525 mortui
510 3442 681 3489 erant.
708 3434 831 3491 Scio
858 3454 944 3494 me
967 3443 1265 3511 copiosiore
1290 3461 1540 3506 sermone
1559 3461 1615 3508 et
1634 3452 1875 3525 longiore

288 3520 530 3580 doctrina
561 3542 713 3583 usum
747 3547 761 3584 :
796 3530 918 3587 ideo
942 3535 1064 3604 quia
1110 3552 1205 3606 per
1230 3540 1454 3608 gratiam
1483 3542 1615 3607 Dei,
1649 3520 1749 3615 pro
1772 3560 1873 3602 no-

285 3614 413 3669 stris
442 3617 643 3676 viribus
681 3623 858 3679 omnia
889 3624 942 3680 in
974 3628 1207 3684 medium
1252 3632 1457 3700 prolata
1496 3614 1659 3703 sunt,
1694 3647 1748 3693 et
1789 3637 1873 3695 his

285 3720 403 3775 quae
433 3708 568 3765 lecta
596 3722 722 3770 sunt
744 3714 905 3773 linem
948 3719 1300 3791 imposuimus
1322 3766 1339 3790 ,
1382 3742 1521 3782 nunc
1562 3743 1870 3789 sermonem

282 3800 533 3856 Conlraha
542 3818 680 3860 mus.

354 3891 441 3945 10.
474 3892 719 3969 Epilogus
740 3901 1279 3963 hominm—Possem
1298 3910 1512 3979 quidem
1538 3922 1593 3967 et
1612 3912 1712 3968 alia
1741 3929 1870 3984 pro-

281 3981 409 4038 ferri
434 4025 449 4051 ,
476 3996 524 4040 et
559 3988 749 4044 iterum
780 3998 1066 4051 monstrari
1095 3998 1351 4055 iullictam
1384 4002 1507 4059 hinc
1530 3981 1781 4073 patriam,
1814 4019 1871 4064 et

282 4077 659 4134 mortalitatem
692 4082 744 4135 in
770 4099 872 4138 nos
896 4086 1166 4143 inductam
1195 4130 1211 4156 ,
1241 4092 1460 4147 multam
1489 4094 1739 4166 abyssum
1768 4097 1868 4154 ha-

282 4166 413 4223 bere
442 4169 632 4228 divina:
662 4174 1042 4235 misericordia;
1066 4198 1079 4234 :
1111 4183 1206 4238 sed
1235 4200 1305 4241 ne
1333 4186 1671 4247 multitudine
1699 4190 1870 4249 dicto-

280 4273 398 4313 rum
422 4272 653 4319 mentem
672 4277 903 4327 vestram
924 4271 1233 4340 obruamus,
1247 4292 1365 4347 age,
1379 4279 1727 4339 Obsecremus
1746 4299 1864 4354 vos,

278 4359 341 4405 nt
363 4366 483 4406 cum
511 4354 635 4412 hinc
662 4358 922 4429 abieritis,
952 4379 1021 4420 ne
1041 4366 1093 4420 in
1111 4371 1479 4429 conventicula
1504 4374 1864 4445 insipientium

276 4458 374 4540 vos
393 4446 705 4519 conferatis,
725 4468 898 4525 neque
922 4457 1305 4530 intempestiva:
1327 4469 1613 4535 nugacitati
1638 4473 1861 4540 vacetis,

277 4537 374 4634 sed
400 4540 538 4608 apud
585 4558 679 4599 vos
732 4545 1010 4620 intelligite
1057 4562 1111 4607 et
1151 4567 1272 4608 cum
1316 4556 1434 4611 aliis
1473 4559 1705 4631 colligite
1742 4537 1863 4634 qum

278 4628 418 4685 dicta
442 4642 567 4689 sunt
593 4674 609 4700 ,
632 4644 688 4691 et
716 4638 770 4693 in
802 4642 1112 4697 memoriam
1149 4644 1345 4701 referte
1366 4688 1383 4713 ,
1414 4628 1668 4717 quidnam
1697 4628 1859 4722 iudex

274 4726 656 4793 responderit,
683 4730 810 4801 quid
854 4732 931 4787 rei
969 4750 1065 4802 pro
1111 4751 1170 4791 se
1206 4736 1479 4805 dixerint,
1508 4750 1563 4796 et
1593 4746 1862 4812 quomodo

274 4814 448 4871 Adam
472 4819 685 4888 culpam
716 4822 770 4877 in
795 4838 1015 4879 uxorem
1042 4828 1407 4895 transtulerit,
1436 4831 1526 4886 illa
1549 4832 1600 4888 in
1635 4849 1863 4906 serpen-

275 4919 404 4973 tem.
432 4915 701 4981 quomodo
724 4917 849 4972 item
876 4918 1014 4974 Deus
1031 4921 1189 4976 etiam
1219 4922 1361 4979 hunc
1391 4925 1640 4994 punierit,
1668 4938 1723 4984 et
1744 4944 1861 4999 pa:-

273 5018 397 5058 nam
428 5005 503 5061 illi
531 5015 645 5065 toto
671 5012 869 5067 saeculo
888 5012 1195 5069 duraturam
1219 5017 1505 5086 indixerit,
1536 5034 1859 5093 gravemque

274 5093 326 5147 in
369 5097 515 5152 illum
560 5099 980 5171 indignationem
1018 5106 1407 5176 declaraverit,
1453 5120 1614 5183 atque
1645 5128 1714 5170 ex
1756 5112 1860 5171 hoc

272 5188 567 5244 ostenderit
611 5208 761 5251 suam
807 5212 930 5266 erga
961 5197 1216 5269 deceptos
1256 5216 1460 5256 curam.
1503 5202 1581 5257 Ex
1609 5218 1674 5258 eo
1712 5205 1858 5261 enim

272 5278 411 5345 quo-l
439 5280 788 5350 decipientem
816 5287 893 5342 sic
924 5289 1062 5346 ultus
1094 5300 1179 5346 est
1200 5333 1214 5357 ,
1241 5291 1553 5363 intelligitur
1576 5294 1645 5349 ab
1665 5310 1732 5351 eo
1756 5295 1854 5352 de-

272 5380 454 5438 ceptos
479 5386 572 5425 eos
594 5373 775 5442 fuisse,
793 5380 881 5446 qui
906 5379 1015 5436 Deo
1028 5382 1178 5437 valde
1193 5385 1327 5452 grati
1345 5394 1514 5449 erant,
1530 5397 1583 5441 et
1606 5402 1701 5456 pro
1733 5388 1854 5457 qui-

272 5459 373 5515 bus
415 5462 634 5518 multum
675 5468 931 5525 sollicitus
962 5471 1149 5529 fuerat.
1203 5474 1331 5531 Dein
1376 5488 1700 5534 mementote
1728 5493 1855 5550 sup-

271 5552 411 5621 plicii
446 5558 701 5623 mulieris,
726 5570 777 5616 et
796 5576 967 5630 paenae
987 5580 1102 5634 qua:
1121 5565 1195 5621 illi
1217 5565 1411 5622 inflicta
1433 5578 1533 5631 est,
1553 5569 1660 5624 imo
1678 5570 1854 5640 potius

269 5647 647 5707 admonitionis
675 5692 690 5718 ,
731 5662 781 5709 et
824 5654 901 5710 sic
938 5670 1147 5729 quoque
1184 5656 1539 5715 rccordemini
1582 5674 1701 5731 qua:
1746 5660 1850 5719 sint

1005 207 1061 263 S.
1101 207 1379 264 JOANNIS
1415 202 1893 263 CIIRYSOS'I‘OMI
1934 203 2254 263 ARCIIIEP.
2281 204 2820 264 CONSTANTINOP.

3468 205 3577 266 “8

1999 318 2130 379 Adae
2179 318 2318 375 dicta
2347 361 2363 386 ,
2402 321 2826 390 sententiamque
2882 319 3020 375 hanc
3075 318 3256 375 animo
3301 321 3529 390 repetite
3557 362 3575 389 ,

1996 409 2153 465 Terra
2181 428 2234 466 es
2257 453 2273 479 ,
2310 423 2358 467 et
2384 414 2439 466 in
2468 424 2653 469 terram
2679 413 2857 468 abibis.
2889 413 3023 469 Ilinc
3047 413 3409 483 obstupescite
3433 415 3577 469 inef-

1992 499 2204 559 labilem
2245 503 2339 557 Dei
2380 504 2800 560 misericordiam
2825 544 2840 569 ,
2878 504 3019 574 quod
3058 507 3300 576 nos,qui
3326 522 3392 561 ex
3433 516 3559 562 terr:

1989 604 2207 659 sumus,
2234 604 2289 649 et
2318 595 2370 649 in
2397 604 2598 651 terram
2620 596 3005 661 dissolvemur,
3037 596 3081 652 si
3120 598 3441 652 voluerimus
3465 598 3567 650 vir-

1990 692 2154 743 tutem
2184 685 2481 755 amplexari
2511 727 2527 752 ,
2558 696 2612 740 et
2636 686 2759 741 vitia
2786 686 2966 757 fugere
2994 727 3009 751 ,
3041 687 3249 756 assequi
3280 687 3579 755 poterimus

1990 773 2274 831 inelfabilia
2301 778 2391 832 illa
2429 778 2567 834 bona
2592 819 2607 843 ,
2630 794 2747 849 quae
2777 778 2985 848 paravit
3000 786 3057 835 et
3080 779 3323 848 promisit
3345 779 3579 849 diligen-

1987 867 2128 923 tibus
2143 884 2220 931 se,
2233 885 2352 939 qua:
2366 871 2553 925 oculos
2570 886 2673 926 non
2685 871 2817 927 vidit
2834 873 2871 936 ί,
2895 887 2994 927 nec
3004 872 3148 929 auris
3161 872 3383 939 audivit,
3402 889 3501 929 nec
3521 878 3579 929 in

1987 973 2081 1013 cor
2098 958 2695 1016 hominisascenderunt
2715 963 2793 1033 (ι.
2817 961 2936 1016 Cor.
2974 963 3029 1017 2.
3058 960 3135 1034 9).
3174 962 3382 1018 Gratias
3406 965 3573 1031 igitur

1986 1050 2180 1105 multas
2202 1051 2427 1107 Domino
2455 1063 2637 1108 nostro
2660 1053 2918 1109 debemus
2941 1068 3038 1123 pro
3066 1062 3142 1109 tot
3167 1054 3463 1123 talibusque
3485 1056 3580 1110 beo

1985 1142 2189 1197 neficiis
2209 1153 2292 1198 :et
2307 1160 2367 1199 ea
2385 1161 2717 1215 nequaquam
2740 1162 2804 1200 ex
2825 1146 3083 1202 memoria
3098 1146 3409 1202 dimittendo
3425 1189 3439 1211 ,
3476 1162 3575 1216 per

1984 1229 2121 1286 bona
2147 1246 2345 1302 opera,
2374 1244 2428 1289 et
2450 1234 2689 1305 diligenti
2724 1236 2985 1290 malorum
3021 1234 3140 1306 fuga
3162 1236 3331 1305 ipsum
3356 1237 3577 1307 mitige—

1984 1335 2123 1385 mus,
2138 1337 2202 1376 ae
2217 1324 2498 1393 propitium
2517 1324 2669 1379 nobis
2686 1325 2989 1380 reddamus.
3016 1326 3291 1394 Quomodo
3302 1328 3442 1381 enim
3454 1343 3575 1384 non

1985 1412 2175 1483 ingrati
2210 1428 2427 1483 prorsus
2454 1415 2615 1469 animi
2644 1416 2853 1486 signum
2886 1418 3042 1471 fuerit
3065 1459 3079 1480 ,
3105 1417 3150 1471 si
3179 1419 3290 1488 ipse
3312 1419 3533 1488 quidem
3552 1462 3570 1485 ,

1984 1518 2103 1559 cum
2149 1504 2290 1560 Deus
2332 1505 2404 1560 sit
2447 1515 2502 1561 et
2554 1506 2868 1562 immortalis
2913 1517 3113 1562 natura!
3145 1548 3160 1573 ,
3189 1524 3295 1563 non
3344 1508 3577 1580 refugiat

1983 1611 2256 1653 assumere
2295 1601 2573 1654 mortalem
2618 1608 2672 1654 et
2718 1610 3023 1655 terrestrem
3050 1610 3289 1656 ηοειηηι
3317 1602 3576 1656 substan-

1984 1692 2133 1757 tiam,
2164 1701 2221 1747 ut
2246 1701 2299 1747 et
2318 1691 2386 1746 ab
2409 1691 2622 1763 antiqua
2653 1700 2823 1748 morte
2853 1707 2952 1746 nos
2976 1692 3183 1759 liberet,
3215 1707 3373 1762 supra
3400 1694 3573 1749 cwlos

1983 1783 2194 1849 evehat,
2229 1793 2449 1854 paterno
2475 1798 2731 1839 consessu
2754 1783 3001 1850 honoret,
3031 1792 3086 1839 et
3109 1783 3176 1838 ab
3196 1784 3339 1839 omni
3364 1784 3575 1840 caalesti

1981 1876 2220 1931 exercitu
2261 1874 2471 1929 adorari
2502 1885 2688 1931 curet:
2715 1888 2809 1929 nos
2839 1884 3017 1929 autem
3052 1874 3320 1930 contraria
3362 1874 3437 1929 illi
3484 1891 3578 1929 re-

1982 1966 2217 2023 tribuere
2257 1981 2363 2023 non
2402 1966 2781 2022 erubescamus
2807 2008 2823 2034 ,
2857 1965 2950 2021 sed
2986 1974 3040 2022 et
3073 1966 3425 2022 immortalem
3453 1968 3575 2021 ani-

1982 2072 2147 2123 mam,
2171 2057 2321 2127 quasi
2341 2057 2533 2112 dixerit
2550 2057 2689 2127 quis,
2712 2056 2857 2111 carni
2880 2055 3280 2127 agglutinatam,
3302 2067 3573 2112 terrenam

1981 2158 2036 2204 et
2064 2158 2330 2204 mortuam
2360 2191 2377 2217 ,
2400 2159 2455 2204 et
2480 2148 2609 2204 nihil
2640 2149 2849 2218 cperari
2873 2148 3139 2204 valentem
3172 2189 3186 2213 ,
3220 2148 3446 2203 evadere
3475 2163 3574 2202 eu-

1981 2242 2200 2297 remus?
2224 2241 2482 2306 Obsecro,
2520 2257 2589 2297 ne
2629 2242 2707 2296 sic
2754 2241 2844 2295 liat
2873 2282 2889 2307 ,
2935 2238 3023 2296 ne'
3045 2240 3122 2296 sic
3160 2240 3347 2310 ingrati
3398 2240 3572 2295 simus

1982 2350 2106 2406 erga
2137 2326 2342 2391 tantam
2391 2335 2785 2392 benefactorem
2829 2345 3071 2391 nostrum
3102 2353 3117 2390 :
3143 2336 3235 2391 sed
3260 2336 3399 2392 illius
3428 2352 3573 2407 pra:-

1980 2427 2148 2497 ceptis
2175 2425 2488 2483 obedientes
2511 2469 2527 2493 ,
2559 2442 2676 2497 quae
2712 2426 2811 2497 ipsi
2843 2436 2992 2497 grata
3014 2436 3135 2482 sunt
3161 2436 3211 2482 et
3240 2427 3569 2497 probantur,

1981 2533 2268 2590 operemur
2304 2536 2317 2571 :
2351 2529 2409 2573 ut
2446 2528 2500 2574 et
2531 2534 2629 2573 nos
2655 2518 2870 2573 aeternis
2907 2517 3062 2573 bonis
3098 2517 3286 2588 dignos
3334 2517 3570 2576 efﬁciat:

1981 2624 2100 2680 quae
2130 2623 2228 2665 nos
2252 2624 2442 2666 omnes
2462 2596 2684 2679 bsscqui
2712 2609 3020 2678 contingat,
3048 2609 3214 2678 gratia
3242 2618 3297 2664 et
3321 2608 3574 2679 benigni-

1982 2708 2090 2754 tate
2133 2699 2341 2754 Domini
2371 2700 2539 2753 nostri
2580 2698 2707 2753 Jesu
2751 2696 2986 2763 Christi,
3018 2699 3103 2752 cui
3145 2713 3266 2753 cum
3312 2698 3470 2753 Patre
3512 2709 3574 2754 et

1980 2788 2179 2861 Spiritu
2202 2800 2388 2847 sancto
2412 2791 2480 2845 sit
2508 2790 2673 2861 gloria
2692 2830 2708 2856 ,
2739 2789 2909 2844 honor
2934 2831 2949 2855 ,
2979 2790 3259 2859 imperium
3287 2832 3305 2858 ,
3340 2805 3480 2845 nunc
3509 2802 3573 2846 et

1981 2896 2213 2954 semper,
2243 2892 2296 2936 et
2324 2882 2376 2937 in
2404 2883 2597 2938 szccula
2619 2882 2958 2936 steculorum.
2989 2880 3185 2937 Amen.

2516 3017 2795 3076 liOMILIA
2842 3016 3030 3073 XVIII.

1980 3127 2050 3183 Et
2076 3130 2266 3184 vocavit
2291 3130 2455 3184 Adam
2484 3146 2665 3184 nomen
2706 3131 2880 3185 uxoris
2916 3146 3022 3185 suae
3070 3128 3237 3184 Vitam
3262 3171 3277 3197 ,
3307 3130 3425 3200 quia
3452 3130 3573 3199 ipsa

2050 3230 2123 3275 est
2153 3228 2311 3275 mater
2341 3221 2565 3273 omnium
2602 3220 2887 3275 virentium.
2918 3220 2985 3274 Et
3010 3220 3128 3290 fecit
3153 3220 3402 3275 Dominus
3425 3220 3573 3276 Dm

2050 3313 2178 3367 Ade:
2200 3323 2245 3366 et
2275 3313 2423 3367 uxori
2447 3314 2556 3383 ejus
2571 3313 2765 3367 tunicas
2790 3314 3042 3384 pellicem,
3075 3322 3123 3367 et
3150 3314 3315 3367 induit
3337 3312 3476 3367 illos.
3496 3311 3573 3367 Et

2050 3408 2122 3461 ait
2147 3404 2323 3461 Deus:
2353 3405 2484 3460 Ecce
2507 3405 2673 3460 Adam
2700 3398 2871 3479 factus
2905 3416 2976 3462 est
3011 3407 3141 3462 sicut
3162 3422 3294 3461 unus
3320 3422 3383 3461 ea:
3415 3406 3591 3460 nobis

2052 3498 2208 3570 (Gen.
2240 3499 2296 3553 5.
2317 3497 2531 3565 sese).

2050 3632 2102 3687 1.
2133 3631 2210 3685 De
2237 3641 2439 3702 peccato
2481 3631 2662 3686 Adami
2702 3632 2931 3702 superius
2955 3630 3089 3685 dicta
3116 3632 3402 3686 summatim
3432 3632 3571 3686 reie-

1977 3729 2067 3797 git.
2098 3724 2313 3779 Gravior
2342 3742 2490 3795 plena
2528 3734 2695 3778 manet
2723 3741 2808 3779 eos
2841 3765 2855 3789 ,
2888 3724 2974 3793 qui
2998 3734 3108 3794 post
3136 3724 3294 3795 legem
3328 3736 3567 3795 peccant.

1974 3818 2267 3873 -—\’idistis
2294 3818 2408 3872 heri
2434 3815 2634 3871 Judicis
2656 3814 3073 3886 benignitatem?
3095 3815 3301 3869 vidistis
3328 3830 3565 3871 examen

1976 3908 2211 3964 bonitate
2228 3907 2480 3963 refertum
2496 3907 2519 3962 ?
2535 3907 2741 3963 vidistis
2756 3920 2815 3961 so
2823 3907 3134 3976 ppliciorum
3157 3905 3519 3962 diversitatem
3541 3908 3571 3962 ?

1975 4000 2245 4072 quomodo
2272 3999 2486 4069 punitus
2513 3999 2581 4054 sit
2608 3998 2826 4053 dolosus
2854 3998 2942 4053 ille
2968 3999 3336 4069 supplantator
3366 4039 3384 4065 ,
3415 4013 3563 4068 quo-

1980 4094 2140 4150 modo
2166 4094 2324 4149 etiam
2346 4092 2581 4162 deceptis
2605 4108 2761 4162 poena
2791 4091 2859 4146 sit
2889 4090 3106 4158 inﬂicta,
3140 4106 3260 4162 quae
3307 4106 3564 4162 magnam

1975 4188 2070 4244 Dei
2113 4204 2222 4260 pra:
2265 4203 2325 4243 se
2366 4187 2531 4242 ferret
2575 4185 2992 4256 benignitatem?
3043 4183 3249 4240 vidistis
3290 4186 3569 4255 quomodo

1975 4280 2128 4335 nobis
2152 4279 2557 4336 commodorum
2588 4278 2798 4333 occasio
2824 4276 2922 4331 fuit
2946 4316 2963 4343 ,
2993 4277 3247 4332 assistere
3276 4277 3564 4344 tribunali,

1973 4383 2026 4430 et
2052 4373 2234 4429 videre
2259 4373 2526 4443 quomodo
2554 4371 2874 4442 processerit
2904 4371 3164 4426 examen?
3193 4369 3568 4440 Cognovimus

1971 4467 2114 4521 cnim
2139 4506 2153 4530 ,
2177 4465 2389 4535 quantis
2412 4465 2621 4535 seipsos
2658 4463 2813 4519 bonis
2856 4462 3090 4518 mandati
3133 4464 3569 4533 transgressione

1971 4561 2230 4630 privarint
2255 4559 2425 4614 Adam
2474 4567 2531 4614 et
2560 4558 2671 4613 Eva
2694 4599 2711 4623 ,
2740 4556 2924 4612 nudati
2954 4556 3119 4625 gloria
3147 4556 3230 4610 illa
3260 4554 3512 4610 ineffabili
3543 4598 3562 4619 ,

1970 4662 2024 4707 et
2052 4652 2153 4705 vita
2184 4666 2288 4705 non
2318 4648 2567 4704 inferiore
2596 4664 2754 4719 quam
2796 4648 3056 4717 angelica.
3086 4646 3329 4701 Vidimus
3360 4648 3567 4715 patien.

1972 4744 2094 4797 tiam
2124 4739 2658 4807 Domini,didieimus
2679 4750 2933 4809 quantum
2966 4739 3161 4792 malum
3202 4739 3270 4791 sit
3307 4736 3511 4791 desidia
3542 4779 3565 4806 ,

1966 4820 2234 4905 quomodo
2263 4843 2314 4888 et
2342 4833 2690 4901 prmsentibus
2720 4833 2930 4901 spoliet,
2963 4839 3018 4885 et
3044 4846 3231 4901 magna
3263 4832 3564 4900 ignominia

1967 4923 2181 4980 alliciat.
2207 4924 2427 4990 Idcirco,
2456 4924 2700 4988 obsecro,
2728 4921 2893 4977 sobrii
2920 4922 3107 4986 Simus,
3135 4920 3368 4990 fiantque
3394 4921 3567 4977 nobis

1968 5017 2173 5071 illorum
2203 5015 2384 5085 lapsus
2405 5012 2663 5079 remedia,
2691 5023 2745 5067 et
2777 5012 2986 5066 illormn
3018 5011 3219 5066 desidia
3246 5014 3562 5069 securitatis

1967 5123 2155 5165 causa:
2190 5105 2615 5177 quandoquidem
2636 5105 2805 5173 major
2827 5120 2980 5173 pmna
3000 5113 3081 5158 est
3101 5118 3283 5158 eorum
3307 5105 3397 5174 qui
3429 5118 3560 5175 post

1966 5200 2083 5255 illos
2110 5209 2345 5270 peccant,
2372 5208 2423 5254 et
2448 5214 2513 5253 eo
2541 5199 2708 5267 major
2729 5197 2867 5267 quod
2898 5195 3155 5264 exemplis
3182 5197 3469 5251 emendare
3493 5216 3562 5254 se

1964 5293 2151 5348 nolint.
2181 5291 2295 5347 Non
2321 5292 2459 5346 enim
2492 5290 2579 5361 qui
2607 5302 2790 5362 postea
2814 5290 2997 5345 eadem
3027 5299 3250 5360 peccant
3284 5306 3403 5361 quae
3438 5294 3557 5360 pri-

1962 5387 2033 5441 mi
2060 5428 2075 5452 ,
2101 5386 2153 5439 in
2179 5384 2421 5440 eamdem
2445 5398 2654 5452 poenam
2683 5383 2936 5437 incident.
2969 5380 3024 5435 id
3054 5382 3194 5452 quod
3223 5381 3461 5437 breviter
3483 5385 3561 5439 ab

2025 5474 2038 5500 ‘
2072 5477 2121 5520 ln
2146 5479 2257 5519 octo
2278 5472 2389 5520 Mss.
2414 5478 2467 5520 et
2489 5487 2584 5520 uno
2618 5473 2807 5531 Savnlii,
2833 5475 2963 5523 bene
2999 5481 3171 5531 multa,
3205 5477 3263 5525 ab
3299 5479 3375 5526 his
3410 5481 3553 5530 voci-

1956 5530 2062 5601 bus,
2094 5545 2204 5601 qua:
2225 5546 2391 5583 ornus
2413 5546 2506 5601 non
2526 5532 2650 5601 vidit
2674 5535 2724 5595 (ἃ
2749 5537 2983 5597 ὀφθῶμὸς
3010 5538 3095 5584 οὐκ
3134 5530 3268 5597 εἶδε),
3294 5554 3457 5601 usque
3485 5546 3555 5591 ad

1957 5596 2080 5662 hinc,
2107 5596 2264 5662 tribus
2286 5603 2399 5644 ante
2427 5599 2575 5662 linem
2596 5596 2812 5662 humilia:
2834 5596 3075 5660 versibus,
3098 5612 3205 5662 qua:
3246 5596 3333 5652 nos
3373 5596 3553 5655 unum;

1958 5658 2043 5724 («Iw
2066 5660 2247 5723 γένοιτο
2268 5663 2444 5719 πάντας
2463 5660 2607 5721 ἡμας)
2642 5659 3002 5713 desiderantur.
