3754 6302
63 255 143 314 N7
1124 252 1195 310 IN
1229 251 1384 313 CAP.
1425 252 1491 309 111
1531 251 1775 310 GENES.
1815 252 2052 316 HOMIL.
2083 257 2271 315 XVIII.

60 374 236 440 Μέχρις
263 369 474 424 ἐκείνου
510 368 686 425 ταῦτα
735 370 1043 442 ὑπομενεῖς,
1077 369 1184 435 ἕως
1213 371 1280 425 ἂν
1311 372 1371 425 τὸ
1413 373 1565 436 τέλος
1590 372 1689 441 τῆς

59 460 179 528 ζωῆς
205 474 287 511 σοι
317 470 346 499 ι
368 448 756 531 ἐπαχθήσεται,
784 459 878 513 καὶ
898 460 980 523 εἰς
1004 459 1219 531 ἐκείνην
1236 459 1514 533 διαλυθῇς,
1544 459 1602 525 ἐξ
1623 454 1692 532 ἦς

60 550 131 602 καὶ
155 548 454 619 ἐπλάσθης.
474 549 549 603 Εἰ
577 548 687 620 γὰρ
736 548 831 602 καὶ
857 547 1109 619 σώματός
1137 565 1218 601 σοι
1248 547 1408 617 φύσιν
1433 538 1692 621 ἐχαρὶσάο

60 655 144 707 μην
170 636 257 689 διὰ
282 637 383 707 τὴν
408 636 648 707 ἐμαυτοῦ
676 635 1107 707 φιλανθρωπίαν,
1135 636 1250 689 ἀλλ’
1278 636 1408 690 αὐτὸ
1437 637 1496 689 τὸ
1533 636 1693 707 σῶμα

58 725 139 777 ἀπὸ
185 723 291 792 γῆς
338 723 419 785 ὂν,
466 724 539 793 γῆ
574 723 734 777 πάλιν
756 722 927 776 ἔσται.
957 722 1050 790 Γῆ
1073 722 1185 794 γὰρ
1211 719 1284 786 εἷ,
1314 722 1411 777 καὶ
1435 725 1523 789 εἰς
1574 722 1693 794 γῆν

57 811 485 877 ἀτελεύσῃ.’ἰνα
503 810 612 880 γάρ
643 810 716 880 μὴ
748 808 917 863 ταῦτα
940 809 1185 879 γένηται,
1220 808 1306 863 διά
1324 809 1480 863 τοῦτο
1516 805 1689 876 εἷπον,

55 896 127 961 Μὴ
156 897 398 966 ᾶψησθε
424 897 531 951 τοῦ
587 897 777 961 ξύλου
803 937 819 963 ,
871 895 1073 962 εἰπὼν,
1113 897 1198 951 ὅτι
1248 893 1333 969 ¹ᾙ
1378 898 1457 951 ἂν
1502 895 1692 966 ἡμέρᾳ

54 984 255 1053 φάγητε
298 984 402 1039 ἀπ’
450 984 657 1050 αὑτοῦ,
695 983 929 1048 θανάτῳ
981 984 1399 1039 ἀποθανεῖσθε.
1458 985 1532 1038 οὐ
1580 984 1692 1056 γὰρ

54 1072 325 1142 ἐϐουλόμην
356 1072 513 1126 τοῦτο
530 1087 545 1103 ’
573 1072 688 1126 ἀλλ’
717 1072 905 1143 ἐπειδὴ
930 1072 1000 1126 τὰ
1024 1071 1123 1142 μὲν
1153 1072 1282 1142 παρ’
1313 1071 1447 1143 ἐμοῦ
1479 1072 1691 1126 ἅπαντα

52 1160 334 1230 γεγένηται,
362 1160 425 1213 σὺ
460 1159 516 1213 δὲ
540 1158 722 1230 σαυτῷ
746 1159 918 1215 ταῦτα
940 1158 1330 1231 προεξένησας,
1362 1159 1457 1213 ἐπὶ
1481 1159 1687 1231 μηδένα

50 1250 207 1317 ἕτερον
243 1248 343 1319 τὴν
377 1246 556 1302 αἰτίαν
599 1246 821 1314 ἕπαγεδ
847 1286 861 1309 ,
910 1247 1046 1300 ἀλλά
1083 1249 1150 1318 τῇ
1197 1247 1394 1300 σαυτοῦ
1446 1246 1690 1321 ῥᾳθυμίᾳ

50 1338 133 1388 πᾶν
158 1335 453 1404 ἐπίγραιρε.
492 1333 649 1388 Ἀλλά
668 1334 828 1388 πάλιν
850 1335 978 1405 ἡμῖν
997 1333 1183 1406 ἕτερον
1200 1333 1418 1405 ζήτημα
1445 1335 1693 1390 ἐντεῦθεν

50 1422 285 1484 τίκτεται,
316 1421 475 1492 ὅπερ,
505 1423 552 1473 εἰ
582 1420 836 1491 βούλεσθε
857 1460 872 1486 ,
909 1421 1188 1492 συντόμως
1233 1422 1583 1487 διαλύσαντες
1628 1423 1692 1476 τὸ

51 1509 320 1581 τηνικαῦτα
358 1509 779 1580 καταπαύσομεν
831 1509 922 1562 τὸν
971 1506 1146 1579 λόγον.
1200 1506 1367 1574 Εῐπε,
1419 1511 1619 1582 φησὶν,
1662 1513 1691 1565 ό

50 1597 178 1659 θεόςσ
203 1590 289 1667 ⁷ῌ
307 1596 587 1664 ἃνήμέρᾳ
612 1595 839 1666 φάγητε
852 1598 954 1652 ἀπ’
982 1597 1191 1662 αὐτοῦ,
1214 1598 1445 1663 θανάτῳ
1471 1597 1690 1653 ἀποθα-

48 1685 241 1737 νεῖσθε
263 1683 567 1738 δείκνυνται
593 1684 649 1737 δὲ
668 1683 930 1756 ζήσαντες
960 1685 1098 1755 μετὰ
1133 1685 1233 1756 τὴν
1263 1688 1572 1757 παρακοήν,
1596 1686 1690 1739 καὶ

48 1774 203 1843 τὸτῆς
230 1774 489 1844 βρώσεως
516 1777 825 1844 μετασχεῖν,
857 1773 1064 1827 πολλῶν
1094 1773 1230 1826 ἐτῶν
1253 1773 1691 1845 ἀριθμόν.Τοῦτο

46 1864 163 1914 δοκεί
217 1862 321 1919 μὲν
371 1861 557 1925 ἁπλῶς
605 1865 717 1925 τοῖς
764 1861 1096 1927 ἐπιπολαίως
1147 1864 1532 1932 ἐντυγχάνουσι
1577 1865 1690 1927 τοῖς

46 1950 367 2020 ἑγκειμένοις
412 1949 557 2019 ἔχειν
588 1949 811 2022 ζήτησίν
860 1965 1018 2004 τιναο
1064 1952 1114 2004 εἰ
1154 1950 1313 2014 δέτις
1335 1950 1690 2021 εὐγνωμόνως

43 2042 120 2109 τὴν
158 2037 331 2109 ἀκοὴν
362 2038 669 2108 ὑπόσχοιτο,
697 2038 868 2107 σαφές
901 2039 1016 2091 ἐστι
1051 2038 1115 2091 τὸ
1155 2037 1442 2110 εἰρημένον
1471 2039 1563 2091 καὶ
1599 2038 1690 2092 οὐ·

43 2125 204 2193 δεμίαν
243 2124 322 2195 τῷ
356 2123 676 2195 προσέχοντι
702 2124 926 2195 ζήτησιν
968 2124 1107 2194 ἔχον.
1154 2124 1218 2179 Εἰ
1247 2124 1355 2197 γάρ
1390 2124 1484 2179 καὶ
1524 2124 1690 2178 πολὺν

41 2211 152 2263 ἐτῶν
178 2212 376 2281 χρόνον
397 2211 617 2282 ἔζησαν,
643 2211 756 2267 ἀλλ’
772 2213 922 2283 ὅμως
940 2213 1033 2283 ἀφ’
1062 2209 1131 2285 ἦς
1151 2213 1393 2284 ἥκουσαν
1404 2214 1489 2277 τὸ,
1509 2210 1597 2281 Γῆ
1613 2208 1685 2277 εἴ,

42 2301 118 2352 καὶ
147 2303 233 2366 εἰς
254 2300 375 2371 γῆν
399 2302 728 2369 άπελεύσῃ,
763 2301 854 2354 καὶ
879 2300 977 2373 τὴν
1002 2302 1275 2371 ἀπόφασιν
1322 2301 1569 2370 ἐδέξαντο
1594 2301 1687 2373 τοῦ

43 2388 269 2455 Θανάτου,
309 2390 405 2443 καὶ
460 2389 641 2459 θνητοὶ
690 2390 967 2459 γεγόνασι,
1020 2393 1115 2443 καὶ
1145 2391 1206 2455 ἐξ
1236 2390 1446 2444 ἐκείνου
1492 2388 1561 2445 ἀν
1603 2408 1689 2456 τις

40 2472 165 2530 εἶπεν
190 2477 396 2539 αὐτοὺς
424 2476 761 2547 τεθνηκέναι.
794 2477 964 2531 Τοῦτο
990 2473 1087 2531 οὖν
1115 2479 1208 2530 καὶ
1230 2479 1262 2549 ἡ
1301 2476 1491 2551 Γραφὴ
1518 2478 1688 2532 αἰνιτ-

40 2566 214 2635 τομένη
242 2561 424 2627 εἶπεν,
458 2564 539 2618 ὅτι
586 2558 670 2636 τῌ
722 2564 775 2618 δ’
803 2566 881 2619 ἂν
934 2565 1125 2635 ἡμέρᾳ
1168 2565 1416 2636 φάγητε,
1456 2566 1688 2633 θανάτῳ

37 2652 445 2706 ἀποθανεῖσθε·
465 2653 585 2705 ἀντὶ
610 2650 842 2724 τοῦ,Τὴν
864 2653 1136 2723 ἀπόφασιν
1154 2654 1370 2721 δέξεσθε
1393 2653 1487 2708 τοῦ
1505 2655 1688 2727 θνητοὶ

40 2741 197 2793 λοιπὸν
261 2738 426 2794 εἶναι.
484 2739 749 2812 Καθάπερ
786 2740 894 2813 γὰρ
927 2743 1019 2795 ἐπὶ
1044 2742 1152 2795 τῶν
1180 2742 1548 2815 δικαστηρίων
1576 2744 1686 2798 τῶν

38 2827 399 2897 ἀνθρωπίνων,
443 2827 659 2880 ἐπειδὰν
689 2828 963 2898 ἀπόφασίν
992 2846 1074 2892 τις
1103 2829 1395 2901 δεξάμενος
1425 2830 1518 2884 τοῦ
1548 2828 1685 2887 πάν·

34 2930 121 2976 τως
150 2915 247 2986 τὴν
273 2914 521 2985 κεφαλὴν
540 2915 947 2987 ἀποτμηθῆναι,
974 2912 1092 2973 εἷτα
1123 2918 1204 2980 εἰς
1228 2917 1288 2970 τὸ
1315 2918 1686 2991 δεσμωτήριον

33 3002 281 3074 ἐμϐληθῇ,
336 3002 440 3056 κᾶν
471 3004 563 3056 ἐπὶ
588 3003 756 3057 πολὺν
781 3003 971 3075 χρόνον
996 3004 1249 3077 διαμένῃ,
1284 3006 1435 3059 οὐδὲν
1464 3007 1685 3077 ἄμεινον

34 3091 122 3143 τῶν
146 3091 363 3162 νεκρῶν
391 3092 485 3144 καί
510 3090 846 3161 τεθνηκότων
872 3092 1065 3157 διάξει,
1093 3095 1158 3164 τῇ
1187 3093 1461 3162 ἀποφάσει
1494 3094 1687 3166 τεθνη-

34 3179 156 3240 κώς·
206 3182 305 3234 τὸν
360 3178 524 3232 αὐτὸν
558 3180 622 3250 δὴ
652 3179 851 3251 τρόπον
879 3181 973 3234 καὶ
1014 3176 1180 3246 οὗτοι,
1238 3181 1296 3248 ἐξ
1336 3181 1551 3252 ἐκείνης
1587 3184 1687 3255 τῆς

34 3269 243 3337 ἡμέρας,
269 3268 337 3332 ἐξ
357 3262 425 3339 ἦς
450 3268 549 3338 τὴν
566 3267 841 3336 ἀπόφασιν
872 3269 1122 3332 ἐδέξαντο
1144 3270 1240 3339 τῆς
1268 3270 1609 3341 θνητότητος,
1640 3273 1688 3324 εἰ

31 3358 107 3409 καὶ
134 3357 307 3410 πολὺν
352 3356 644 3427 διήρκεσαν
672 3357 880 3427 χρόνον,
907 3355 1045 3410 ἀλλά
1093 3360 1159 3429 τῇ
1193 3358 1462 3427 ἀποφάσει
1494 3360 1687 3430 τεθνή-

30 3461 190 3499 κασιν.
223 3440 366 3499 Οἶδα
378 3444 471 3498 ηὸτι
496 3444 668 3497 πολλὰ
698 3445 766 3497 τά
804 3445 1072 3516 εἰρημένα
1123 3445 1217 3500 καὶ
1240 3447 1321 3509 εἰς
1352 3447 1486 3500 πολὺ
1517 3448 1689 3519 μῆκος

29 3535 143 3603 ἡμῖν
201 3532 443 3603 ἐξετάθη
481 3533 550 3586 τά
595 3533 696 3601 τῆς
742 3533 1122 3598 διδασκαλίαςσ
1152 3534 1233 3588 διὸ
1267 3534 1452 3606 ἐπειδὴ
1497 3538 1564 3608 τῇ
1592 3536 1688 3589 τοῦ

31 3622 143 3673 Θεοῦ
173 3624 369 3693 χάριτι
398 3620 537 3674 κατά
566 3620 794 3690 δύναμιν
822 3621 1095 3694 ἡμετέραν
1140 3623 1355 3677 ἃπαντα
1395 3623 1474 3686 εἰς
1526 3622 1689 3693 μέσον

30 3709 137 3779 ὑμῖν
175 3709 481 3779 προθέντες
510 3708 661 3772 τέλος
694 3708 1047 3779 ἐπεθήκαμεν
1091 3712 1204 3774 τοῖς
1255 3711 1686 3778 ἀναγνωσθεῖσι,

31 3799 393 3867 σνστείλωμεν
426 3795 661 3851 ἐνταῦθα
689 3795 781 3851 τὸν
817 3796 997 3865 λόγον.

88 3894 137 3943 ι’.
174 3887 347 3955 Ἐνῆν
390 3885 489 3955 μὲν
517 3884 627 3954 γὰρ
655 3884 749 3937 καὶ
775 3884 935 3956 ἐτερα
966 3886 1299 3956 προσθέντας
1328 3887 1499 3955 δείξαι
1528 3889 1689 3944 πάλιν

30 3977 109 4028 καὶ
133 3976 347 4043 ταύτην
376 3974 549 4044 αὐτὴν
579 3974 679 4044 τὴν
701 3973 971 4045 τιμωρίαν
996 3974 1095 4046 τὴν
1125 3975 1475 4047 ἐπαχθεῖσαν,
1502 3978 1597 4031 καὶ
1629 3978 1690 4031 τὸ

32 4063 240 4132 θνητοὺς
256 4061 517 4132 γενέσθαι
535 4059 735 4129 πολλὴν
756 4060 984 4131 ἔχουσαν
1002 4062 1237 4120 ἄϐυσσον
1259 4064 1447 4134 φιλανθ
1457 4064 1685 4136 ρωπίαςο

29 4151 143 4206 άλλά
171 4154 264 4206 ἶνα
302 4152 383 4222 μὴ
406 4150 486 4221 τῷ
520 4148 697 4220 πολλῷ
729 4149 924 4222 πλήθει
950 4150 1354 4224 καταχώσωμεν
1410 4153 1564 4223 ὑμῶν
1592 4154 1690 4227 τὴν

29 4239 274 4305 διάνοιαν,
338 4240 488 4309 ῳέρε,
541 4238 1013 4309 παρακαλέσωμεν
1060 4241 1205 4309 ὑμᾶς
1239 4240 1390 4314 [149]
1438 4244 1690 4299 ἐντεῦθεν

29 4326 335 4391 ἐξελθόντας
372 4326 447 4397 μὴ
479 4327 560 4389 εἰς
608 4327 899 4397 ἀνονήτους
926 4337 949 4367 ο
984 4327 1275 4397 συλλόγους
1313 4330 1540 4394 ἑαυτοὺς
1593 4334 1686 4385 ἐκ-

29 4415 232 4481 διδόναι,
279 4415 420 4486 μηδὲ
443 4415 523 4477 εἰς
550 4413 819 4487 φλυαρίας
844 4416 1126 4487 ἀκαίρους,
1154 4415 1289 4471 ἀλλά
1315 4417 1438 4472 καθ’
1462 4420 1690 4483 ἑαυτοὺς

30 4501 299 4564 συνιέντας
330 4498 447 4570 μετ’
474 4498 715 4570 ἀλλήλων
742 4499 1021 4569 συλλέγειν
1048 4500 1119 4553 τά
1150 4502 1417 4572 εἰρημένα
1435 4543 1450 4567 ,
1494 4506 1587 4558 καὶ
1610 4507 1691 4570 εἰς

28 4590 327 4658 ὑπόμνησιν
354 4588 580 4650 ἑαυτοὺς
602 4585 778 4655 ἀγειν,
808 4586 863 4639 τί
888 4586 987 4658 μὲν
1006 4588 1035 4641 ὁ
1055 4587 1316 4660 δικαστὴς
1335 4592 1688 4661 ἀπεκρίνατο,

28 4678 139 4730 τίδὲ
164 4679 218 4731 οἰ
246 4675 547 4731 ὑπεύθυνοι
574 4674 982 4747 ἀπελογήσαντο
1009 4714 1025 4742 ,
1076 4676 1169 4729 καὶ
1217 4677 1335 4740 πῶς
1361 4678 1391 4730 ό
1446 4678 1545 4748 μὲν
1601 4681 1687 4733 ἐπ’

27 4766 225 4836 ἱκείνην
250 4765 361 4835 τὴν
392 4763 571 4817 αἰτίαν
601 4764 931 4835 μετήγαγεν,
957 4762 1139 4834 ἐκείνη
1177 4762 1234 4815 δὲ
1279 4763 1372 4817 ἐπὶ
1398 4764 1489 4819 τὸν
1524 4765 1647 4836 ὅφιν
1671 4806 1686 4830 ,

27 4852 250 4917 καὶπῶς
292 4852 393 4906 καὶ
425 4850 612 4905 τοῦτον
649 4851 1033 4923 ἐτιμωρήσατο
1057 4891 1072 4914 ,
1112 4852 1206 4905 καὶ
1233 4852 1314 4906 ὅτι
1347 4852 1566 4924 διηνεκῆ
1596 4856 1690 4909 καὶ

27 4942 88 5011 τῷ
111 4942 288 4995 παντὶ
311 4939 471 4993 αἰῶνι
506 4937 1116 5010 συμπαρεκτεινομένην
1141 4938 1398 5011 αὐτῷτὴν
1418 4942 1690 5013 τιμωρίαν

27 5031 287 5103 ἐπήγαγε,
354 5028 450 5082 καὶ
512 5026 746 5098 σφοδρὰν
799 5026 897 5098 τὴν
945 5026 1066 5080 κατ’
1099 5025 1263 5081 αὐτοῦ
1314 5029 1689 5101 ἀγανάκτησιν

27 5120 335 5190 ἐποιήσατο,
375 5117 471 5172 καὶ
490 5116 579 5169 διὰ
621 5114 812 5169 τούτου
838 5115 1051 5179 δεικνὺς
1075 5114 1175 5187 τήν
1213 5116 1351 5189 πρὸς
1389 5120 1514 5182 τούς
1547 5121 1691 5175 ἀπα-

27 5209 276 5275 τηθέντας
311 5205 658 5276 κηδεμονίαν.
682 5204 759 5257 Δι’
792 5196 867 5258 ὧν
886 5203 995 5275 γὰρ
1016 5204 1109 5257 τὸν
1135 5204 1492 5276 ἀπατήσαντα
1520 5206 1693 5273 οὓτως

27 5290 279 5359 ᾓμὺνατο,
310 5289 468 5360 δῆλον
483 5289 567 5342 ὃτι
598 5288 678 5351 εἰς
697 5287 823 5351 τούς
858 5286 999 5341 πάνυ
1024 5285 1172 5357 αὐτῷ
1194 5289 1692 5360 περισπουδάστους

27 5378 101 5447 τὴν
134 5378 363 5446 ἀπάτην
385 5375 701 5445 εἰργάσατο.
727 5369 861 5426 Εἶτα
883 5372 1130 5427 ἐντεῦθεν
1162 5391 1266 5444 μνη
1276 5374 1571 5444 μονεύσατε
1593 5377 1688 5431 τοῦ

27 5465 295 5536 ἐπιτιμίου
338 5464 441 5534 τῆς
478 5461 757 5532 γυναικὸς,
812 5461 908 5515 καὶ
957 5461 1056 5531 τῆς
1113 5461 1387 5526 κολάσεως
1436 5464 1536 5534 τῆς
1588 5467 1689 5519 tu-

27 5554 275 5625 ιχθείσης
307 5553 467 5622 αὐτῇ,
511 5549 713 5621 μᾶλλον
759 5548 817 5602 δὲ
848 5548 945 5620 τῆς
977 5547 1277 5613 νουθεσίας,
1320 5552 1412 5604 καὶ
1444 5552 1588 5607 οὕτω
1621 5556 1689 5610 τά

27 5641 142 5711 πρὸς
196 5640 303 5693 τὸν
342 5638 516 5709 Ἀδὰμ
557 5636 822 5709 εἰρημένα
869 5636 1339 5708 μνημονεύσαντες
1367 5681 1382 5706 ,
1441 5641 1537 5696 καὶ
1589 5643 1691 5715 τῆς

70 5774 95 5802 ⁸
138 5772 356 5836 Quidam
397 5778 591 5836 msstel
609 5770 765 5836 Savi]:
784 5774 904 5828 ζωῆς
929 5787 1033 5836 σου.
1064 5769 1186 5820 Infra
1210 5772 1307 5820 duo
1326 5786 1439 5823 man.
1466 5781 1524 5836 γῆ
1550 5778 1690 5826 πάλιν

27 5835 199 5909 rm?“
273 5834 304 5874 ιι
328 5834 676 5909 δεικνίιιᾷπαγε.
723 5832 895 5909 Ἀρι-ει.
912 5908 919 5909 7
938 5834 1158 5909 ἐπάγαγε.
1185 5836 1326 5883 Alius
1347 5832 1535 5905 μέταγε.
1560 5837 1687 5891 Infra

28 5899 198 5959 pujdam
228 5913 348 5951 mss.
377 5895 575 5950 ἐνταῦθα
600 5912 703 5943 κατ.
772 5897 792 5926 ε’
821 5894 992 5949 Morel.
1033 5894 1271 5955 ἆσιοήτους.

3354 260 3462 316 148

1796 372 2125 442 ἀποφάσεως
2158 377 2240 439 είς
2283 374 2489 430 έννοιαν
2539 373 2805 440 ἐλθόντες,
2830 375 2959 429 Ὅτι
2995 373 3073 445 γῆ
3107 368 3180 440 εἴ,
3227 374 3323 427 καί
3371 383 3461 442 εις

1793 457 1909 528 γῆν
1920 462 2255 531 ἀπελεύσῃ,
2282 462 2529 517 ἐντεῦθεν
2547 463 2856 533 ἐκπλάγητε
2870 463 2967 534 τὴν
2982 462 3186 531 ἄφατον
3212 461 3307 514 τοῦ
3329 462 3464 517 Θεοῦ

1794 547 2223 619 φιλανθρωπίαν,
2252 551 2333 603 ὅτι
2360 552 2508 622 ἡμᾶς
2528 553 2653 614 τοὺς
2687 553 2751 603 ἐκ
2782 552 2882 621 τῆς
2908 550 3012 621 γῆς
3042 550 3220 614 ὄντας,
3258 551 3350 602 καὶ
3385 551 3463 613 εἰς

1791 633 1897 705 γῆν
1948 636 2345 707 διαλυομένους,
2385 640 2434 691 εἰ
2478 637 2867 709 βουληθείημεν
2916 636 3118 709 ἀρετὴν
3149 638 3462 706 μετελθεῖν,

1790 722 1888 774 καὶ
1938 722 2137 776 κακίαν
2186 727 2398 792 φυγεῖν,
2454 724 2565 778 τῶν
2606 726 2934 795 ἀπορρήτων
2975 724 3199 777 ἐκείνων
3245 723 3464 793 ἀγαθῶν

1791 808 1975 875 ἀξιοῦν
1997 810 2357 881 ἐπηγγείλατο
2387 814 2495 865 τῶν
2529 813 2942 883 ἡτοιμασμένων
2967 814 3078 876 τοῖς
3121 813 3463 883 ἠγαπηκόσιν

1792 894 1973 965 αὐτὸν,
2014 899 2074 951 Ἃ
2104 898 2409 968 ὀφθαλμὸς
2440 902 2551 952 οὐκ
2580 897 2722 963 εἶδε,
2762 900 2861 953 καὶ
2909 896 3018 965 οὖς
3056 902 3168 953 οὐκ
3208 900 3459 968 ἤκουσε,

1792 982 1893 1036 καί
1929 982 2026 1036 ἐπὶ
2057 983 2308 1053 καρδίαν
2348 984 2663 1053 ἀνθρώπου
2701 987 2812 1040 οὐκ
2836 985 3041 1052 άνέϐη.
3077 987 3250 1056 Χάριν
3283 987 3462 1057 τοίνυν

1791 1070 1991 1142 πολλὴν
2026 1070 2314 1141 ὀφείλομεν
2356 1071 2513 1142 ἡμῶν
2566 1071 2845 1142 ὁμολογεῖν
2899 1071 2975 1142 τῷ
3026 1073 3269 1144 Δεσπότῃ
3324 1074 3460 1143 ὑπὲρ

1770 1157 1899 1210 -τῶν
1920 1158 2253 1228 τηλικούτων
2276 1158 2624 1230 εὐεργεσιῶν,
2659 1159 2755 1213 καὶ
2787 1158 3069 1230 μηδέποπε
3096 1158 3236 1231 λήθῃ
3278 1158 3459 1213 ταῦτα

1768 1245 2208 1316 ·παραπέμπειν,
2269 1245 2404 1299 ἀλλά
2449 1245 2538 1299 διά
2588 1245 2698 1299 τῶν
2745 1245 2967 1314 ἀγαθῶν
3004 1245 3182 1316 ἔργων
3219 1247 3311 1299 καὶ
3359 1247 3459 1315 τῆς

1791 1333 1989 1409 πολλῆς
2014 1332 2120 1387 τῶν
2142 1333 2360 1403 φαύλων
2382 1334 2691 1403 dm:pUY71;.
2714 1333 2902 1386 τοῦτον
2931 1333 3341 1405 ἐξιλεωσώμεθα
3366 1334 3462 1388 καὶ

1790 1421 1990 1492 εὐμενῆ
2039 1422 2169 1492 ἡμῖν
2220 1423 2670 1492 καταστήσωμεν.
2708 1420 2830 1485 [Ιῶς
2861 1420 2969 1492 γὰρ
2996 1422 3055 1473 οὐ
3100 1422 3278 1492 πάσης
3303 1420 3461 1474 τοῦτο

1770 1506 2179 1579 ἀγνωμοσύνης
2215 1506 2433 1579 δεῖγμα,
2464 1509 2512 1562 εἰ
2539 1508 2699 1572 αὐτὸς
2733 1507 2852 1578 μὲν,
2888 1507 3019 1569 Θεὸς
3045 1506 3119 1560 ὣν
3153 1510 3246 1561 καὶ
3267 1508 3461 1562 ἀθάνα-

1766 1612 1901 1659 οτος,
1934 1594 2031 1667 τὴν
2055 1595 2214 1660 φύσιν
2240 1595 2601 1650 ἀναλαϐέσθαι
2632 1595 2731 1667 τὴν
2754 1595 2955 1666 θνητὴν
2979 1595 3137 1666 ἡμῶν
3159 1597 3253 1649 καλ⁵
3275 1596 3459 1665 γήϊνον

1788 1683 1977 1739 οὐσίαν
2014 1685 2073 1737 οὐ
2108 1686 2502 1758 παρῃτήσατο,
2555 1686 2648 1738 καὶ
2699 1685 2802 1755 τῆς
2850 1686 3084 1756 ἀρχαίας
3140 1685 3461 1757 νεκρώσεως

1787 1772 2112 1838 ἀπαλλάξαι,
2147 1775 2242 1828 καὶ
2286 1773 2423 1843 ὺπέρ
2451 1773 2543 1827 τὸν
2572 1773 2799 1846 οὐρανὸν
2830 1773 3035 1844 ταύτην
3091 1773 3420 1826 ἀναϐιϐάσαι
3441 1813 3457 1839 ,

1764 1861 1886 1915 ’καὶ
1915 1864 1982 1934 τῇ
2015 1863 2256 1934 πατρικῇ
2306 1861 2559 1934 συνεδρίῳ
2585 1861 2836 1933 τιμῆσαι,
2885 1862 2979 1915 καὶ
3009 1861 3114 1914 ὐπὸ
3141 1863 3322 1933 πάσης
3361 1861 3461 1933 τῆς

1788 1951 2045 2023 οὐρανίας
2066 1954 2325 2022 στρατιᾶς
2352 1950 2772 2025 προσκυνεῖσθαι
2802 1951 3157 2017 καταξιῶσαι,
3210 1954 3372 2022 ἡμεῖς
3400 1952 3459 2007 δὲ

1768 2039 1856 2092 ³τά
1872 2040 2086 2092 ἐναντία
2112 2038 2286 2110 τούτῳ
2306 2039 2635 2110 ἀνταμεῖψαι
2658 2039 2719 2093 οὐ
2744 2038 3047 2111 κατῃδέσθη
3058 2057 3177 2109 μεν,
3201 2039 3341 2092 ἀλλά
3364 2041 3459 2093 καὶ

1785 2126 1888 2200 τὴν
1909 2126 2173 2181 ἀθάνατον
2199 2126 2396 2198 ψυχήν,
2430 2127 2505 2188 ὡς
2527 2128 2695 2191 ἀν’τις
2717 2126 2881 2191 εἴποι,
2912 2128 2978 2197 τῇ
3005 2128 3166 2199 σαρκὶ
3189 2126 3457 2198 προσκολ-

1788 2214 2074 2286 λήσαντες,
2106 2215 2297 2287 γήϊνον
2344 2215 2512 2287 αὐτὴν
2566 2214 2663 2269 καὶ
2719 2215 2919 2286 νεκρὰν
2964 2218 3057 2269 καὶ
3101 2216 3459 2288 ἀνενέργητον

1764 2299 2040 2370 γενέσθαι
2079 2304 2597 2374 κατεσκευάσαμενς
2649 2302 2761 2373 Μή,
2805 2302 3129 2373 παρακαλῶ,
3172 2302 3245 2374 μὴ
3289 2302 3460 2366 οὕτως

1787 2389 2099 2461 ἀγνώμονες
2119 2385 2269 2462 ὦμεν
2297 2391 2425 2463 περὶ
2448 2390 2540 2444 τὸν
2587 2389 2822 2444 τοσαῦτα
2848 2392 2993 2461 ἡμᾶς
3027 2391 3457 2462 εὐηργετηκότα,

1789 2477 1923 2532 ἀλλά
1955 2480 2067 2542 τοῖς
2084 2477 2249 2533 αὐτοῦ
2274 2479 2457 2549 νόμοις
2489 2476 2764 2548 ἑπόμενοι,
2798 2477 2866 2530 τὰ
2905 2477 3054 2548 αὐτῴ
3079 2477 3339 2532 δοκοῦντα
3365 2480 3460 2531 καὶ

1788 2566 2061 2638 εὐάρεστα
2111 2567 2240 2620 δντα
2288 2564 2769 2639 διαπραττώμεθα,
2824 2566 2911 2618 ἴνα
2946 2567 3040 2619 καὶ
3083 2565 3193 2617 τῶν
3226 2566 3462 2618 αἰωνίων

1788 2653 2009 2722 ἀγαθῶν
2038 2654 2220 2721 ἀξίους
2247 2656 2395 2726 ἡμᾶς
2418 2652 2671 2726 ἀναδείξῃ
2689 2670 2704 2684 ο
2736 2646 2811 2707 ὧν
2836 2654 3046 2721 γένοιτο
3076 2654 3284 2716 πάντας
3313 2655 3460 2723 ἡμᾶς

1762 2741 2107 2813 ἀξιωθῆναι,
2166 2742 2350 2815 χάριτι
2384 2743 2477 2796 καὶ
2508 2741 2886 2812 φιλανθρωπίᾳ
2938 2740 3031 2794 τοῦ
3064 2741 3270 2812 Κυρίου
3302 2741 3462 2811 ἡμῶν

1764 2852 1767 2857 ·
1802 2829 1977 2900 Ἰησοῦ
2002 2829 2258 2901 Χριστοῦ,
2296 2830 2416 2899 μεθ’
2454 2822 2514 2882 οὐ
2546 2829 2623 2899 τῷ
2661 2829 2858 2900 Ιῐατρὶ,
2883 2828 3000 2899 ἅμα
3021 2827 3097 2899 τῷ
3132 2829 3270 2898 ἁγίῳ
3294 2829 3462 2881 Πνεύ-

1792 2934 1926 2988 ματι
1971 2917 2119 2983 δόξα,
2155 2919 2391 2987 κράτος,
2434 2918 2590 2988 τιμὴ,
2642 2917 2738 2972 νῦν
2785 2918 2880 2972 καὶ
2919 2917 3041 2984 ἀεὶ,
3083 2917 3178 2971 καλ⁸
3216 2919 3297 2981 εἰς
3337 2920 3463 2983 τοὺς

1789 3005 1991 3071 αίῶνας
2019 3005 2126 3060 τῶν
2150 3004 2386 3061 αίώνων.
2434 3008 2625 3077 Ἀμήν.

2351 3168 2500 3244 [150]
2525 3170 2767 3224 OMIAIA
2799 3170 2908 3224 ιιιι.

1790 3302 1903 3357 Καὶ
1937 3302 2236 3358 ἐκάλεσεν
2274 3300 2443 3370 Ἀδὰμ
2476 3300 2542 3354 τὸ
2573 3301 2759 3369 ὄνομα
2790 3299 2902 3370 τῆς
2938 3301 3222 3370 γυναικὸς
3251 3301 3460 3365 αὐτοῦ,

1861 3372 2058 3439 Ζωὴά,
2088 3373 2177 3425 ὅτι
2203 3372 2353 3437 αὕτη
2380 3371 2583 3440 μήτηρ
2610 3370 2851 3424 πάντων
2901 3372 3018 3425 τῶν
3057 3370 3305 3433 ζώντων.
3352 3373 3463 3429 Καὶ

1862 3444 2117 3521 ἐποίησε
2169 3443 2385 3521 ιςύριος
2409 3444 2441 3494 ό
2476 3442 2621 3521 Θεὸς
2652 3440 2735 3506 τῷ
2780 3440 2955 3521 Ἀδὰμ
2984 3444 3086 3521 καὶ
3115 3441 3188 3510 τῇ
3224 3443 3462 3521 γυναικὶ

1859 3513 2048 3567 αὐτοῦ
2072 3511 2329 3581 χιτῶνας
2349 3511 2760 3580 δερματίνους,
2783 3514 2877 3565 καὶ
2900 3512 3192 3566 ἐνέδυσεν
3218 3511 3458 3579 αὐτούς.

1859 3584 1974 3653 Καί
1998 3579 2169 3637 εἶπεν
2194 3586 2227 3637 ό
2256 3583 2400 3649 Θεός
2420 3599 2433 3612 ·
2478 3582 2636 3637 Ἰδοὺ
2682 3582 2863 3652 Ἀδὰμ
2891 3583 3137 3653 γέγονεν
3163 3584 3243 3652 ὡς
3278 3579 3366 3650 εἷς
3394 3584 3463 3649 ἐξ

1862 3651 2048 3724 ἡμῶν.

1862 3796 1930 3843 α’.
1949 3790 2131 3844 Εἰδετε
2152 3789 2272 3860 χθὲς
2292 3788 2556 3843 Δικαστοῦ
2576 3772 2983 3861 φιλανθρωπίαν
3000 3806 3014 3855 ;
3033 3789 3199 3843 εἴδετε
3218 3790 3463 3856 ἐξέτασιν

1790 3878 2127 3949 ἀγαθότητος
2155 3878 2436 3958 γέμουσαν
2464 3896 2477 3945 ;
2504 3879 2673 3931 εἰδετε
2709 3880 2989 3950 τιμωριῶν
3023 3880 3317 3951 διαφοράν;
3345 3880 3464 3943 πῶς

1794 3967 1895 4039 μὲν
1922 3969 1951 4021 ὁ
1983 3966 2071 4020 διὰ
2109 3967 2209 4037 τῆς
2236 3967 2454 4037 ἀπάτης
2490 3966 2857 4029 ὑποσκελίσας
2887 3967 3226 4038 ἐτιμωρήθη,
3256 3968 3373 4031 πῶς
3406 3966 3463 4021 δὲ

1789 4057 1825 4127 ἡ
1849 4057 1960 4119 τοῖς
1984 4054 2452 4108 ὐποσκελισθεῖσιν
2484 4054 2785 4123 ἐπαχθεῖσα
2829 4054 3072 4124 τιμωρία
3104 4055 3304 4126 πολλὴν
3354 4056 3463 4110 δεί-

1764 4160 1950 4198 ⁵κνυσι
1977 4144 2078 4215 τὴν
2112 4141 2210 4196 τοῦ
2240 4142 2375 4195 Θεοῦ
2418 4132 2863 4212 φιλανθρωπίάνς
2899 4142 3069 4194 εἰδετε
3117 4143 3294 4215 πόσης
3330 4144 3463 4214 ἡμῖν

1788 4229 2056 4301 ὠφελείας
2088 4232 2310 4299 γέγονεν
2341 4229 2599 4293 ὑπόθεσις
2628 4229 2689 4282 τὸ
2730 4230 3075 4300 παραστῆναι
3110 4230 3187 4301 τῷ
3205 4231 3464 4303 δικαστη⁴

1792 4320 1914 4391 ρίῳ,
1947 4319 2042 4373 καὶ
2068 4319 2196 4373 ἰδεῖν
2214 4318 2364 4381 ὅπως
2383 4316 2826 4389 προεχώρησενὴ
2854 4318 3138 4384 ἐξέτασιςς
3176 4321 3463 4391 Ἐγνωμεν

1789 4406 1920 4479 γὰρ,
1958 4407 2099 4460 ὅσων
2126 4423 2185 4459 τε
2209 4406 2304 4459 καὶ
2337 4405 2543 4476 ἡλίκων
2570 4405 2793 4474 ἀγαθῶν
2823 4408 3050 4470 ἑαυτοὺς
3078 4409 3462 4480 ἀπεστέρησαν

1789 4497 1818 4550 δ
1842 4512 1903 4549 τε
1939 4494 2129 4566 Ἀδὰμ,
2159 4495 2193 4566 ἦ
2223 4512 2282 4548 τε
2312 4494 2447 4559 Εὐα,
2473 4494 2561 4548 διὰ
2579 4495 2679 4564 τῆς
2703 4495 3068 4565 παραϐάσεως
3097 4496 3199 4567 τῆς
3218 4497 3463 4570 δοθείσης

1789 4584 2012 4654 ἐντολῆς
2033 4624 2047 4648 ,
2095 4584 2472 4655 γυμνωθέντες
2502 4584 2601 4654 τῆς
2642 4583 2801 4654 δόξης
2836 4584 3053 4655 ἐκείνης
3080 4587 3180 4656 τῆς
3209 4587 3421 4655 ἀφάτου
3444 4631 3459 4654 ,

1790 4674 1886 4727 καὶ
1914 4673 2013 4741 τῆς
2044 4672 2191 4742 ζωῆς
2212 4671 2312 4742 τῆς
2360 4672 2511 4725 οὐδὲν
2557 4672 2779 4726 ἔλαττον
2829 4673 3016 4743 σχεδὸν
3040 4684 3064 4713 ο
3100 4674 3331 4745 ἐχούσης
3355 4676 3462 4729 τῶν

1791 4759 2057 4828 ἀγγέλων.
2080 4759 2308 4831 Εἰδομεν
2340 4759 2440 4829 τὴν
2462 4758 2820 4825 ἀνεξικακίαν
2845 4760 2940 4814 τοῦ
2971 4762 3264 4824 Δεσπότου,
3306 4764 3463 4815 ἐπαι-

1791 4849 2061 4919 δεύθημεν
2090 4851 2215 4904 ὅσον
2251 4850 2421 4904 κακόν
2451 4851 2567 4905 ἐστι
2614 4850 2876 4921 ῥᾳθυμία,
2912 4852 3009 4903 καὶ
3040 4852 3188 4914 ὅπως
3221 4853 3316 4904 καὶ
3355 4854 3462 4905 τῶν

1790 4939 1894 5009 ἤδη
1934 4938 2302 5009 ὑπηργμένων
2339 4938 2561 5007 ἀγαθῶν
2587 4940 2831 5009 γυμνοὺς
2877 4940 2973 4992 καί
3024 4942 3266 5013 ἐρήμους
3313 4942 3462 5011 ἡμᾶς

1791 5024 2105 5097 ἐργάζεται,
2138 5026 2231 5079 καὶ
2277 5026 2336 5078 ἐν
2383 5026 2552 5096 πολλῇ
2600 5026 2891 5096 καθίστησι
2930 5029 2997 5097 τῇ
3045 5026 3296 5099 αἰσχύνῃ.
3348 5030 3458 5094 Διὸ,

1793 5113 2113 5185 παρακαλῶ,
2150 5115 2431 5184 νήφωμεν,
2479 5113 2575 5168 καὶ
2626 5112 2697 5166 τὰ
2750 5114 2975 5167 ἐκείνων
3017 5114 3285 5186 πτώματα
3332 5117 3463 5189 ἡμῖν

1792 5202 2034 5271 γενέσθω
2049 5203 2337 5274 φάρμακα,
2367 5202 2461 5255 καὶ
2489 5204 2524 5272 ἡ
2552 5200 2776 5256 ἐκείνων
2802 5200 3044 5273 ῥᾳθυμία
3070 5204 3200 5275 ἡμῖν
3226 5206 3466 5273 γενέσθω

1794 5290 2094 5360 ἀσφαλείας
2124 5290 2380 5353 ὑπόθεσις
2401 5305 2414 5322 ο
2444 5288 2632 5360 ἐπειδὴ
2664 5290 2756 5342 καὶ
2789 5288 2991 5359 μείζων
3021 5293 3055 5363 ἡ
3090 5293 3330 5363 τιμωρία
3356 5297 3466 5358 τοῖς

1793 5380 1875 5443 εἰς
1902 5380 1962 5432 τὸ
1990 5379 2116 5449 ἑξῆς
2142 5378 2211 5431 τὰ
2231 5377 2373 5431 αὐτὰ
2407 5376 2839 5448 πλημμελοῦσιν.
2880 5378 2989 5448 ὅσῳ
3026 5380 3159 5450 μηδέ
3190 5383 3300 5444 τοῖς
3334 5384 3466 5436 ὐπο-

1791 5466 2047 5537 δείγμασι
2064 5465 2493 5538 σωφρονέστεροι
2508 5463 3175 5538 γενέσθαιήϐουλήθησαν.
3202 5470 3336 5522 Οὐδὲ
3358 5471 3465 5542 γὰρ

1793 5554 1842 5606 οἰ
1867 5554 2004 5623 μετά
2036 5553 2206 5605 ταῦτα
2234 5551 2302 5605 τὰ
2326 5552 2464 5605 αὐτά
2496 5555 2608 5616 τοῖς
2636 5553 2920 5624 προτέροις
2943 5554 3348 5626 ἁμαρτάνοντες
3369 5558 3466 5628 τὴν

1793 5640 1962 5712 αὐτὴν
1999 5640 2417 5711 εἰσπράττονται
2447 5638 2622 5710 δίκην.
2648 5640 2757 5692 Καὶ
2776 5640 2933 5694 τοῦτο
2962 5644 3243 5714 συντόμως
3276 5647 3466 5716 μαθεῖν

1795 5728 2005 5794 ἔξεστιν
2030 5728 2138 5783 ἀπὸ
2169 5726 2264 5781 τοῦ
2291 5727 2456 5799 σοφοῦ
2491 5729 2812 5784 διδασκάλου
2842 5731 2940 5803 τῆς
2982 5734 3330 5805 οἰκουμένης,
3371 5736 3464 5789 τοῦ

1862 5906 1887 5946 ά
1911 5906 2060 5959 Ξεινίὶ.
2084 5907 2201 5967 Εὕα,
2230 5910 2342 5973 ὅπερ
2368 5911 2465 5959 ἐστὶ
2492 5912 2605 5969 ζωή-
2656 5926 2677 5954 ε
2725 5912 2894 5973 Σχεδὸν
2916 5911 3051 5961 dces!
3081 5914 3129 5962 in
3154 5912 3318 5963 MO'ei.
