3754 6254
314 193 419 251 H9

316 306 587 380 μακαρίου
615 305 826 360 Παύλου
857 304 1023 376 φημὶ,
1072 305 1322 373 λέγοντος
1341 319 1356 336 °
1390 305 1562 357 Ὅσοι
1590 302 1702 372 τὰρ
1746 300 1980 370 ἀνόμως

316 397 602 465 ἥμαρτον,
619 395 853 464 ἀνόμως
883 395 980 448 καὶ
1005 393 1398 448 ἀπολοῦνται’
1417 392 1513 445 καὶ
1533 390 1667 445 ὅσοι
1689 390 1985 458 ἑννόμωςι

315 484 600 554 ἥμαρτον,
634 483 731 537 διὰ
751 484 936 552 νόμου
978 481 1385 549 κριθήσονται.
1426 481 1491 533 '0
1512 479 1569 532 δὲ
1589 478 1735 547 λέγει
1751 475 1989 531 τοιοῦτόν

315 574 494 626 ἐστιν·
528 572 600 625 Οὐ
636 573 734 641 τὴν
781 568 950 640 αὐτὴν
978 567 1209 621 δώσουσι
1247 567 1403 643 δίκην
1434 566 1483 619 οί
1528 566 1636 638 πρὸ
1673 563 1767 619 τοῦ
1799 564 1986 634 νόμου,

315 659 411 713 καὶ
442 661 490 712 οί
521 658 660 729 μετά
706 658 797 710 τὸν
827 657 990 726 νόμον
1016 695 1032 719 ,
1082 654 1219 709 ἀλλά
1252 654 1559 725 βαρυτέρας
1590 652 1989 722 ὑποστήσονται

313 749 581 820 τιμωρίας
619 748 667 799 οἱ
696 746 837 816 μετά
883 746 983 816 τὴν
1034 743 1126 797 τοῦ
1176 744 1343 815 νόμου
1376 744 1521 797 δόσιν
1561 742 1988 815 ἁμαρτάνοντες.

318 836 480 889 Ὅσοι
504 835 613 903 γὰρ
644 834 876 902 ἀνόμως
909 832 1195 900 ἥμαρτον,
1219 832 1455 899 ἀνόμως
1476 829 1574 884 καί
1596 827 1989 882 ἀπολοῦνται⁶

312 922 626 984 τουτέστιν,
676 920 1035 990 ὴμερωτέραν
1079 920 1262 983 αὐτοῖς
1299 918 1572 989 ποιεῖτὴν
1607 916 1879 987 τιμωρίαν
1929 916 1993 968 τὸ

319 1012 393 1082 μὴ
416 1010 560 1081 ἔχειν
580 1012 679 1080 τὴν
703 1007 917 1061 ἀπὸτοῦ
939 1008 1105 1077 νόμου
1136 1005 1483 1059 διδασκαλίαν
1511 1022 1569 1058 τε
1598 1004 1691 1057 καὶ
1714 1002 1987 1073 βοήθειαν.

313 1100 426 1153 Καὶ
480 1098 608 1152 ὅσοι
639 1097 709 1149 ὲν
735 1096 894 1164 νόμῳ
925 1094 1211 1162 ἥμαρτον,
1252 1092 1351 1147 διὰ
1370 1092 1557 1162 νόμου
1585 1091 1988 1159 κριθήσονται.

316 1180 476 1242 Οὗτοι
501 1186 579 1247 δὲ,
604 1185 789 1257 φησὶν,
817 1182 1005 1253 ἐπειδὴ
1032 1182 1125 1236 καὶ
1150 1181 1243 1234 τὸν
1272 1180 1437 1250 νόμον
1462 1180 1619 1252 ἔσχον
1649 1179 1990 1239 διδάσκαλον,

317 1276 412 1329 καὶ
440 1274 560 1327 οὐδὲ
594 1273 767 1334 οὕτως
796 1268 1302 1341 ἐσωφρονίσθησαν,
1339 1266 1476 1320 ἀλλά
1495 1266 1564 1320 τά
1593 1266 1734 1320 αὐτά
1766 1265 1994 1329 ἐκείνοις

316 1365 583 1435 ἥμαρτον,
619 1360 841 1430 μείζονα
874 1361 968 1411 καὶ
992 1358 1089 1427 τὴν
1134 1356 1295 1426 δίκην
1324 1355 1533 1408 τίσουσι
1564 1356 1611 1407 ι’.
1662 1354 1801 1408 Ἀλλ’
1829 1354 1996 1408 ἀκού-

320 1465 504 1521 σωμεν
534 1450 628 1502 καὶ
655 1445 763 1499 τῶν
785 1446 1029 1516 σήμερον
1060 1442 1540 1513 ἀναγνωσθέντων.
1580 1442 1687 1496 Kal
1711 1440 1991 1506 ἐκάλεσε,

320 1539 507 1610 φησὶν,
560 1536 743 1605 Ἀδὰμ
780 1534 844 1589 τὸ
897 1534 1086 1602 ὄνομα
1114 1532 1226 1602 τῆς
1262 1531 1548 1602 γυναικὸς
1593 1530 1802 1593 αὑτοῦ,
1832 1531 1992 1597 Εὔα,

320 1625 467 1694 ὅπερ
495 1626 623 1678 ἐστὶ
650 1624 784 1692 ζωὴ,
816 1622 905 1677 ὅτι
935 1622 1088 1690 αὕτη
1099 1621 1298 1691 μήτηρ
1326 1620 1571 1674 πάντων
1602 1620 1722 1673 τῶν
1743 1616 1989 1679 ζώντων.

323 1716 468 1783 Ὅρα
488 1713 589 1783 τῆς
616 1712 765 1774 θείας
792 1712 1017 1781 Γραφῆς
1054 1710 1153 1781 τὴν
1194 1709 1500 1780 ἀκρίϐειαν,
1541 1707 1659 1770 πῶς
1687 1707 1809 1760 οὐδὲ
1837 1707 1997 1760 τοῦτο

322 1802 593 1873 παρῆκεν,
640 1800 755 1853 ἀλλ’
784 1798 1018 1861 ἐδίδαξεν
1051 1798 1220 1867 ἡμᾶς,
1248 1798 1331 1848 ὅτι
1360 1797 1454 1849 καὶ
1482 1798 1546 1866 τῇ
1576 1794 1798 1864 γυναικὶ
1828 1810 1997 1866 προσ-

320 1890 551 1961 ηγορίαν
603 1889 632 1939 ὀ
679 1888 851 1957 ’Λδάμ
890 1885 1178 1955 ἐπέθηκεν.
1220 1882 1521 1949 Ἐκάλεσε,
1552 1883 1697 1954 γάρ,
1740 1882 1897 1954 φησὶ,
1931 1881 1998 1935 τὸ

324 1978 510 2047 ὄνομα
542 1975 651 2044 τῆς
676 1974 961 2046 γυναικὸς
998 1973 1209 2037 αὐτοῦ,
1237 1973 1384 2037 Εὔα,
1431 1972 1569 2043 ὅπερ
1599 1971 1715 2024 ἐστὶ
1745 1970 1880 2041 ζωὴ,
1909 1970 1999 2026 ὅτι

322 2066 472 2134 αὕτη
498 2063 694 2135 μήτηρ
720 2062 961 2116 πάντων
992 2060 1113 2115 τῶν
1156 2058 1386 2121 ζώντων
1416 2075 1431 2091 ο
1488 2059 1789 2124 τουτέστιν,
1858 2059 1997 2130 αὐτη

216 2190 219 2193 ‹
324 2154 467 2225 ἀρχή
497 2155 614 2205 ἐστι
665 2151 884 2204 πάντων
932 2148 1040 2203 τῶν
1075 2148 1135 2213 ἐξ
1180 2148 1353 2218 αὐτῆς
1401 2148 1698 2219 ἐσομένων,
1722 2149 1817 2202 καὶ
1847 2146 1996 2220 [151]

327 2240 454 2312 ῥίζα
484 2241 578 2293 καὶ
609 2238 856 2308 θεμέλιος
885 2237 983 2307 τῆς
1016 2236 1356 2307 μετάλταῦτα
1407 2237 1621 2305 γενεᾶς.
1677 2231 1810 2289 Εἶτα
1861 2236 2002 2317 μετά

325 2329 387 2383 τὸ
408 2328 613 2395 διδάξαι
657 2328 803 2398 ἡμᾶς
842 2325 939 2396 τὴν
971 2324 1313 2378 ἐπιτεθεῖσαν
1348 2327 1413 2395 τῇ
1462 2325 1682 2392 γυναικὶ
1732 2340 2002 2395 προσηγο-

330 2418 474 2489 ρίαν,
524 2416 686 2469 πάλιν
730 2415 1002 2468 δείκνυσιν
1030 2415 1163 2484 ημῖν
1214 2413 1307 2466 τοῦ
1357 2412 1491 2466 Θεοῦ
1519 2412 1619 2483 τὴν
1666 2411 2001 2484 ἀγαθότητα,

328 2507 476 2568 ὅπως
517 2504 578 2557 οὐ
627 2504 857 2574 περιορᾷ
904 2504 961 2556 ἐν
998 2501 1235 2572 τοσαύτῃ
1282 2500 1512 2573 αἰσχύνῃ
1551 2501 1646 2555 καὶ
1703 2501 2005 2573 γυμνότητι

328 2593 455 2655 τούς
496 2591 587 2643 ὐπ’
614 2588 780 2643 αὐτοῦ
813 2588 1337 2660 δημιουργηθέντας.
1369 2589 1481 2644 Kal
1530 2589 1805 2657 ἐποίησε,
1846 2590 2004 2660 φησὶ,

330 2679 549 2747 Κύριος
583 2681 616 2732 ό
648 2677 792 2744 Θεὸς
822 2676 901 2741 τῷ
938 2676 1119 2745 Ἀδὰμ
1143 2677 1239 2730 καὶ
1266 2675 1341 2745 τῇ
1364 2676 1602 2746 γυναικί
1631 2676 1818 2731 αὐτοῦ
1837 2676 2007 2745 χιτῶ-

330 2783 443 2832 νας
487 2765 915 2833 δερματίνους,
970 2764 1069 2817 καὶ
1117 2763 1411 2818 ἐνέδυσεν
1462 2765 1704 2831 αὐτούς.
1741 2764 2008 2836 Καθάπερ

330 2854 440 2926 γὰρ
481 2853 660 2925 πατὴρ
695 2851 1066 2923 εὐσπλαγχνος
1100 2852 1267 2906 παῖδα
1288 2850 1430 2921 ἔχων
1452 2852 1650 2923 εὐγενῆ
1669 2864 1717 2916 ο,
1742 2854 1836 2907 καὶ
1868 2854 2009 2923 μετά

335 2942 516 3012 πάσης
546 2940 862 3011 ἐπιμελείας
892 2941 1349 3015 ἀνατρεφόμενον,
1386 2940 1480 2994 καὶ
1526 2940 1739 3011 τρυφῆς
1790 2940 2009 3012 ἀπάσης

333 3028 699 3091 ἀπολαύοντα,
726 3029 819 3081 καὶ
846 3028 1001 3098 ἑστίᾳ
1032 3028 1261 3099 λαμπρᾷ
1291 3028 1650 3099 κεχρημένον,
1682 3029 1778 3082 καὶ
1808 3030 2011 3100 σηρικά

338 3115 532 3187 ίμάτια
561 3114 1050 3185 περιϐεϐλημένον,
1078 3115 1173 3168 καὶ
1205 3114 1343 3184 μετά
1395 3114 1579 3179 ἀδείας
1618 3118 1684 3186 τῇ
1720 3116 2011 3187 περιουσίᾳ

336 3205 432 3257 καὶ
460 3203 538 3274 τῷ
560 3204 774 3274 πλούτῳ
806 3202 1146 3275 κεχρημένον
1170 3202 1248 3274 τῷ
1278 3202 1551 3273 πατρικῷ,
1599 3203 1742 3275 ὁρῶν
1782 3204 2010 3275 ὕστερον

335 3291 446 3347 ἀπὸ
470 3292 571 3361 τῆς
596 3292 832 3355 ἀνέσεως
858 3295 1063 3363 ταύτης
1085 3292 1185 3363 τῆς
1220 3292 1417 3363 πολλῆς
1448 3291 1527 3354 είς
1546 3293 1790 3364 κρημνὸν
1814 3295 2012 3358 κακίας

338 3380 703 3446 ἐξοκείλαντα,
730 3381 944 3434 πάντων
966 3380 1186 3434 ἐκείνων
1208 3381 1589 3451 ἀποστερήσας
1614 3381 1709 3433 καὶ
1724 3384 1792 3453 τῇ
1814 3381 2011 3434 ἐαυτοῦ

337 3470 557 3540 ἐξουσίᾳ
580 3470 872 3535 ὑποτάξας,
905 3469 999 3521 καὶ
1027 3469 1127 3537 τῆς
1156 3467 1382 3539 ἐσθῆτος
1433 3467 1751 3539 γυμνώσας,
1799 3469 2013 3539 ἱμάτιον

338 3557 554 3621 εὐτελὲς
586 3556 734 3628 αὐτῷ
768 3555 1026 3620 πολλάκις
1074 3557 1169 3610 καὶ
1198 3555 1444 3610 δουλικὸν
1476 3556 1840 3628 περιτίθησιν,
1873 3556 2014 3611 ὥστε

343 3646 417 3719 μὴ
445 3648 621 3717 πάντη
661 3647 866 3718 γυμνὸν
898 3642 1039 3701 εἶναι
1092 3646 1186 3701 καί⁵
1235 3647 1567 3718 ἀσχημονεῖν
1591 3664 1605 3678 ο
1636 3646 1778 3701 οὕτω
1821 3647 1884 3720 δὴ
1920 3649 2015 3704 καὶ

338 3738 367 3789 ὁ
388 3735 769 3806 φιλάνθρωπος
802 3736 956 3802 Θεὸς,
980 3735 1190 3808 ἐπειδὴ
1223 3736 1477 3803 ἀναξίους
1500 3735 1729 3800 ἐαυτούς
1752 3736 2017 3809 κατέστη-

341 3841 442 3879 σαν
484 3824 576 3877 τοῦ
612 3824 867 3897 λαμπροῦ
918 3826 1128 3879 ἐκείνου
1159 3825 1255 3880 καὶ
1303 3825 1535 3896 φαιδροῦ
1565 3824 1885 3896 ἐνδύματος,
1916 3826 2012 3881 τοῦ

341 3913 782 3983 περιστέλλοντος
811 3913 1007 3977 αὐτοὺς
1026 3955 1042 3979 ,
1072 3914 1166 3967 καὶ
1214 3913 1730 3986 παρασκευάζοντος
1753 3914 1783 3954 ιι
1812 3915 2015 3969 ἀνωτέ-

343 4016 470 4073 ρους
502 3995 644 4054 εἶναι
673 4001 781 4053 τῶν
805 4001 1133 4070 σωματικῶν
1159 4002 1436 4070 ἀναγκῶν,
1493 4000 1792 4073 γυμνώσας
1817 4002 2015 4068 αὐτοὺς

340 4087 442 4157 τῆς
455 4086 613 4154 δόξης
650 4087 862 4159 ἐκείνης
892 4089 1130 4159 ἀπάσης,
1150 4090 1243 4143 καὶ
1272 4090 1370 4161 τῆς
1391 4089 1766 4156 ἀπολαύσεως,
1794 4085 1864 4161 ἦς
1881 4092 2017 4163 πρό-

339 4191 498 4242 τερον
534 4179 802 4246 μετεῖχον,
844 4179 973 4247 πρὶν
1018 4177 1052 4249 ἢ
1079 4180 1265 4230 πεσεῖν
1296 4178 1359 4231 τὸ
1393 4178 1598 4249 πτῶμα
1629 4179 1791 4233 τοῦτο
1822 4180 1885 4234 τὸ
1923 4199 2018 4252 χα-

340 4262 525 4329 λεπὸν,
573 4264 740 4318 πολὺν
788 4265 917 4338 περὶ
943 4266 1139 4329 αὐτοὺς
1183 4266 1274 4319 τὸν
1319 4262 1498 4320 οἶκτον
1543 4268 2013 4339 ἐπιδεικνύμενος,

342 4351 440 4406 καὶ
464 4350 632 4405 ἐλεῶν
657 4352 855 4416 αὐτοὺς
885 4352 985 4423 τῆς
1018 4352 1373 4418 ἐκπτώσεως,
1398 4355 1493 4409 καὶ
1520 4355 1663 4427 ὀρῶν
1691 4356 1892 4430 πολλὴν
1917 4359 2016 4429 τὴν

341 4439 731 4511 ἀσχημοσύνην
754 4440 1271 4513 περιϐεϐλημένους,
1293 4443 1387 4496 καὶ
1404 4442 1504 4497 οὐκ
1527 4444 1760 4509 είδότας,
1784 4445 1813 4500 ὅ
1836 4463 1891 4499 τι
1921 4445 2017 4500 καὶ

343 4531 630 4601 πράξουσι,
664 4531 802 4603 πρὸς
824 4532 884 4587 τὸ
920 4531 995 4606 μὴ
1025 4535 1267 4603 γυμνοὺς
1300 4527 1441 4589 εἶναι
1468 4535 1565 4589 καὶ
1598 4538 2014 4608 ἐνασχημονεῖν,

342 4620 574 4689 χιτῶνας
627 4619 809 4683 αὐτοῖς
879 4621 1169 4691 ἐργάζεται
1232 4622 1592 4694 δερματίνους
1644 4624 1739 4679 καὶ
1787 4626 2017 4696 ἀμφιέν-

342 4724 483 4762 νυσι.
516 4706 753 4760 Τοιαῦτα
778 4707 885 4779 γὰρ
904 4708 970 4761 τά
994 4709 1142 4779 παρά
1169 4708 1263 4762 τοῦ
1290 4722 1313 4749 ο
1334 4710 1582 4764 διαϐόλου
1616 4715 2011 4785 μηχανήματα·

342 4796 561 4852 ἐπειδὰν
572 4798 681 4869 γὰρ
697 4797 829 4869 εὐρῃ
843 4800 968 4862 τούς
982 4799 1129 4874 αὐτῷ
1144 4800 1520 4871 πειθομένους,
1536 4801 1625 4855 διὰ
1634 4803 1733 4873 τῆς
1752 4802 2009 4875 βραχείας

342 4885 534 4956 ἡδονῆς
562 4886 948 4950 ὑποσκελίσας,
972 4888 1067 4948 καὶ
1089 4890 1168 4950 εἰς
1192 4889 1355 4941 αὐτὸν
1385 4889 1486 4959 τῆς
1510 4890 1707 4961 κακίας
1736 4892 1827 4945 τὸν
1855 4893 2015 4963 βυθὸν

342 4974 671 5042 καταγαγὼν
705 4971 751 5039 ί,
780 4975 873 5027 καὶ
906 4975 1085 5044 πάσης
1126 4975 1388 5046 αἰσχύνης
1418 4979 1510 5033 καὶ
1535 4978 1759 5049 ἀτιμίας
1792 4982 2015 5053 πληρώ-

346 5079 463 5127 σας,
499 5062 691 5132 άφίησι
730 5061 943 5116 κεῖσθαι
975 5061 1147 5127 κάτω,
1179 5062 1410 5121 ἐλεεινὸν
1441 5064 1621 5134 θέαμα
1648 5070 1756 5131 τοῖς
1790 5068 2011 5140 ὁρῶσιν.

358 5149 494 5202 Ἀλλ’
529 5152 557 5202 ὁ
585 5152 692 5203 τῶν
733 5152 1015 5221 ἡμετέρων
1037 5149 1225 5220 ψυχῶν
1254 5151 1526 5222 κηδεμὼν,
1558 5154 1700 5224 ὀρῶν
1731 5156 1928 5219 αὐτοὺς
1956 5160 2015 5221 ἐν

345 5237 627 5306 ἀμηχανίᾳ
670 5238 859 5308 πολλῇ,
904 5237 1028 5290 οὐδέ
1072 5237 1215 5290 οῦτω
1262 5239 1520 5309 περιιδεῖν
1570 5241 1843 5311 ἀνέχεται,
1878 5245 2016 5299 ἀλλά

349 5324 555 5392 σκέπην
584 5324 764 5386 αὐτοῖς
800 5327 1021 5387 ἐπινοεῖ,
1051 5325 1138 5378 διὰ
1163 5326 1262 5395 τῆς
1289 5327 1563 5391 εὐτελείας
1588 5328 1682 5380 τοῦ
1717 5329 2015 5401 ἐνδύματος

345 5411 559 5475 δεικνὺς
602 5412 781 5476 αὐτοῖς
824 5413 951 5466 οἴων
986 5415 1209 5477 ἑαυτοὺς
1256 5416 1597 5485 κατέστησαν
1637 5416 1821 5480 ἀξίους
1864 5420 2014 5473 ἐνδυ-

350 5516 553 5569 ματων.

411 5670 557 5736 'Sex
598 5675 789 5718 mmet
808 5671 956 5721 Savil.
1005 5673 1052 5720 ἐν
1090 5674 1260 5736 νόμῳη
1304 5672 1332 5713 b
1375 5676 1577 5736 Quidam
1620 5691 1732 5726 mss.
1781 5680 2002 5732 etSaviL

348 5735 713 5796 ὐποστήσονται.
782 5736 803 5761 (“
842 5736 1057 5796 Quatuor
1076 5734 1405 5796 ωδὲζεῦειδῆί
1459 5734 1485 5774 (ι
1513 5739 1605 5785 Alii
1635 5744 2008 5796 κατασκευάζον-

349 5811 442 5861 τος.
514 5811 535 5836 e
562 5794 709 5840 Sani.
741 5802 791 5842 cl
812 5794 893 5843 alii
994 5812 1034 5842 τι
1056 5795 1419 5867 xai_1t_9i!oum.
1456 5796 1666 5846 Τοιαῦτα
1697 5802 1783 5859 γὰρ
1808 5804 1859 5847 τὰ
1888 5794 2011 5867 ποῖὰ

350 5854 454 5921 τοῦ,
481 5859 671 5906 omissis
699 5856 1017 5906 inlr‘rmudus.
1092 5856 1109 5897 ί
1139 5854 1339 5919 ΑΙῘειυοῑ
1367 5870 1476 5909 mss.
1521 5854 1815 5910 καταβαλών.

1090 188 1148 245 S.
1192 187 1478 246 JOANNIS
1514 181 2008 245 CHRYSOSTOMI
2041 180 2364 240 ARCHIEP.
2405 182 2956 242 CONSTANTINOP.

3648 182 3740 239 150

2159 299 2270 353 Kal
2301 300 2554 367 ἐποίησε
2591 302 2806 368 Κύριος
2835 303 2869 355 ό
2908 298 3165 365 Θεὸςντῷ
3210 296 3391 368 Ἀδὰμ
3421 296 3524 352 καί
3554 296 3631 366 τῇ
3656 316 3741 367 τυ·

2086 387 2246 440 ναικί
2277 387 2464 442 αὐτοῦ
2490 386 2748 457 χιτῶνας
2770 386 3184 457 δερματίνους,
3216 387 3315 440 καί
3344 384 3645 440 ἐνέδυσεν
3656 388 3744 441 αὑ-

2087 474 2250 539 τούς.
2297 474 2440 549 Ὀρα
2468 474 2609 545 πόση
2638 474 2739 544 τῆς
2779 474 2930 538 θείας
2981 474 3203 544 Γραφῆς
3246 474 3279 544 η
3326 472 3744 543 συγωτάϐασις.

2104 561 2239 614 Ἀλλ’
2268 561 2405 633 ὅπερ
2456 561 2715 625 πολλάκις
2757 557 2932 625 εἷπον,
2966 563 3061 615 καὶ⁸
3097 561 3192 615 νῦν
3235 562 3407 629 λέγων
3441 562 3744 631 θεοπρεπῶς

2092 649 2309 703 ἅπαντα
2342 648 2569 719 νοῶμεν,
2611 651 2703 703 καὶ
2740 651 2822 712 τὸ,
2877 649 3219 717 Ἐποίησεν,
3253 650 3375 704 ἀντὶ
3418 648 3542 711 τοῦ,
3587 650 3744 719 Προσ-

2092 734 2298 801 έταξεν,
2324 737 2553 807 νοῶμεν,
2598 736 2884 790 Ἐκέλευσε
2914 738 3147 807 χιτῶνας
3183 726 3545 809 δερματίνους
3573 738 3744 799 αὐτοὺς

2091 822 2479 894 περιϐαλέσθαι
2506 826 2531 864 δ
2565 824 2866 894 ὑπόμνημα
2901 824 3145 895 διηνεκὲς
3174 826 3270 896 τῆς
3302 824 3614 895 παρακοῆς.

2165 913 2230 983 β’.
2262 914 2636 969 Ἀκουέτωσαν
2672 917 2722 969 οί
2756 916 3136 981 πλουτοῦντες,
3166 918 3215 971 οἱ
3249 917 3635 986 ἐντρυφῶντες
3655 920 3744 981 τοῖς

2091 1000 2199 1055 τῶν
2227 1001 2524 1072 σκωλήκων
2559 1004 2783 1073 νήμασι,
2821 1005 2916 1058 καὶ
2948 1003 3019 1057 τά
3048 1005 3253 1075 σηρικά
3284 1004 3743 1075 περιϐαλλόμενοι

2093 1090 2188 1142 καὶ
2223 1088 2646 1158 μανθανέτωσαν
2665 1090 2784 1154 πῶς
2802 1091 2865 1154 ἐξ
2887 1093 3061 1162 ἀρχῆς
3088 1092 3182 1145 καὶ
3209 1093 3274 1145 ὲκ
3304 1092 3617 1163 προοιμίων
3642 1112 3743 1161 οιτιιι⁴

2070 1174 2262 1229 ,δεύων
2289 1175 2389 1247 τὴν
2416 1176 2765 1249 ἀνθρωπίνην
2793 1179 2954 1249 φύσιν
2986 1181 3015 1233 ὁ
3046 1179 3429 1252 φιλάνθρωπος
3460 1182 3739 1250 Δεσπότης

2094 1263 2283 1334 ἐπειδὴ
2331 1263 2419 1317 διά
2464 1264 2561 1335 τὴν
2608 1258 2924 1336 παράϐασιν
2958 1267 3037 1337 τῷ
3088 1268 3354 1339 ἐπιτιμίῳ
3384 1271 3480 1323 τοῦ
3539 1270 3746 1324 θανάτοι

2094 1352 2317 1420 γέγονεν
2356 1354 2655 1430 ὑπεύθυνος
2690 1357 2718 1408 ό
2755 1355 3200 1426 πρωτόπλαστος,
3239 1359 3406 1429 ἐχρῆν
3445 1360 3507 1412 δὲ
3560 1360 3745 1429 ίμάτιοη

2095 1438 2246 1510 αὐτῷ
2280 1440 2632 1511 περιτεθῆναι
2664 1442 2723 1495 τὸ
2741 1443 2841 1512 τὴν
2872 1442 3136 1515 αἰσχύνην
3166 1444 3461 1509 καλύπτον,
3508 1447 3746 1518 δερματί⁴

2072 1544 2219 1591 ,νους
2245 1528 2427 1591 αὐτοῖς
2445 1529 2671 1599 ἐποίησε
2699 1530 2952 1600 χιτῶνας,
2970 1532 3238 1585 διδάσκων
3262 1536 3407 1604 ἡμᾶς
3430 1534 3663 1603 φεύγειν
3683 1536 3745 1588 τδη

2098 1616 2263 1687 ὑγρὸν
2293 1616 2387 1670 καὶ
2415 1615 2794 1688 διαλελυμένον
2817 1618 2950 1689 βίον,
2992 1620 3086 1673 καὶ
3124 1620 3199 1691 μὴ
3227 1622 3320 1675 τὸν
3350 1623 3646 1691 ἀνειμένον
3677 1626 3746 1676 κα’

2099 1702 2358 1774 βλακείας
2390 1704 2629 1775 γέμοντα
2652 1706 3031 1776 μεταδιώκειν,
3056 1707 3193 1762 ἀλλά
3212 1709 3302 1763 τὸν
3330 1710 3613 1782 αὐστηρὸν
3642 1713 3741 1780 μᾶλ

2097 1791 2189 1844 λον
2228 1789 2387 1863 [152]
2411 1793 2775 1858 ἀσπάζεσθαι.
2824 1795 2963 1849 Ἀλλ’
3018 1798 3150 1859 ἴσως
3190 1798 3483 1869 ἀχθόμενοι
3526 1801 3665 1870 πρὸς
3708 1804 3746 1853 τὶ

2099 1877 2370 1951 λεγόμενα
2408 1882 2461 1933 οί
2496 1881 2857 1949 πλουτοῦντες
2895 1885 3082 1957 ἐροῦσι
3102 1902 3116 1914 ·
3147 1886 3212 1940 Τί
3258 1883 3385 1951 οὗν;
3412 1887 3746 1959 δερματίνουι

2101 1967 2250 2037 ἡμᾶς
2287 1969 2521 2039 χιτῶνας
2549 1970 2794 2035 κελεύεις
2828 1972 3251 2044 περιϐαλέσθαις
3288 1976 3363 2029 Οὐ
3394 1974 3563 2029 τοῦτο
3604 1976 3740 2045 λέγω

2102 2054 2223 2109 οὐδὲ
2251 2056 2360 2128 γὰρ
2409 2058 2608 2112 ἐκεῖνοι
2646 2060 2727 2123 είς
2758 2060 2819 2113 τὸ
2847 2061 3093 2133 διηνεκὲς
3134 2062 3362 2127 ἐκείνοις
3400 2067 3520 2127 τοῖς
3554 2064 3745 2135 χιτῶσι

2103 2143 2400 2216 ἐκέχρηντο
2424 2161 2437 2175 ·
2474 2148 2503 2200 ὁ
2533 2146 2643 2218 γὰρ
2668 2147 3051 2221 φιλάνθρωπος
3083 2152 3361 2223 Δεσπότης
3392 2152 3482 2206 ἀεὶ
3507 2156 3636 2216 ταῖς
3660 2171 3745 2223 πρε

2103 2230 2392 2297 λαϐούσαις
2425 2233 2767 2303 εὐεργεσίαις
2785 2236 2981 2309 ἐτέρας
3009 2238 3382 2309 προστίθησιν.
3422 2241 3651 2311 Ἐπειδὴ
3676 2243 3747 2311 γΞιι

2080 2366 2081 2369 η
2103 2318 2289 2375 λοιπὸν
2310 2320 2645 2387 ὑπευθύνους
2670 2325 2896 2389 ἐαυτούς
2925 2327 3270 2398 κατέστησαν
3295 2332 3415 2393 ταῖς
3433 2334 3747 2399 σωματικαῐ

2105 2405 2393 2475 ἀνάγκαις,
2426 2409 2526 2479 τῆς
2564 2410 2832 2476 ἀπαθείας
2864 2413 3077 2484 ἐκείνης
3112 2416 3207 2468 καὶ
3241 2418 3340 2485 τῆς
3376 2416 3683 2485 ἀγγελικῆς
3710 2417 3748 2469 δι

2104 2494 2327 2565 αγωγῆς
2369 2497 2856 2569 ἀποστερηθέντες,
2897 2501 3038 2569 μετά
3068 2501 3239 2557 ταῦτα
3266 2503 3651 2575 ᾤκονόμησεν,
3680 2508 3748 2558 ἀπ

2104 2581 2214 2635 τῶν
2255 2582 2419 2655 ἐρίων
2452 2586 2559 2638 τῶν
2588 2586 2876 2658 προϐάτων
2914 2590 2983 2645 τά
3011 2590 3287 2661 ἐνδύματα
3325 2594 3437 2655 τοῖς
3470 2592 3748 2663 ἅνθρωποι

2108 2672 2641 2740 κατασκευάζεσθαι,
2669 2675 2882 2739 οὐδενὸς
2898 2678 3085 2749 ἐτέρου
3109 2679 3317 2743 ἕνεκεν,
3342 2681 3375 2751 ἢ
3396 2680 3541 2735 ὥστε
3574 2682 3747 2751 σκέπη

2086 2758 2384 2828 γενέσθαι,
2420 2762 2516 2815 καὶ
2552 2762 2627 2834 μὴ
2666 2763 2728 2817 τὸ
2751 2763 2969 2834 λογικὸν
3001 2766 3161 2821 τοῦτο
3188 2769 3325 2831 ζῶον
3363 2770 3509 2823 κατὰ
3552 2770 3623 2823 τὸ
3660 2772 3748 2823 αὐτ

2108 2853 2223 2914 τοῖς
2252 2851 2470 2920 ἀλόγοις
2509 2854 2567 2906 ἐν
2599 2856 2901 2927 γυμνότητι
2933 2859 3029 2912 καὶ¹
3056 2860 3411 2934 ἀσχημοσύνῃ
3441 2861 3683 2932 διάγειν.
3727 2864 3747 2913 '1

2108 2939 2289 2994 τοίνυν
2328 2939 2438 2993 τῶν
2482 2942 2711 3012 ἱματίων
2744 2946 3005 3017 περιϐολὴ
3049 2948 3354 3021 ὑπόμνησις
3379 2952 3513 3021 ἡμῖν
3542 2952 3747 3021 γενέσθ

2110 3025 2363 3098 διηνεκὴς
2385 3027 2485 3100 τῆς
2509 3030 2617 3083 τῶν
2646 3031 2869 3101 ἀγαθῶν
2890 3034 3236 3103 ἐκπτώσεως,
3264 3039 3479 3109 καὶτῆς
3508 3040 3748 3111 τιμωρία

2111 3112 2451 3181 διδασκαλία,
2485 3119 2551 3189 ἣν
2576 3118 2665 3173 διά
2696 3120 2796 3192 τὴν
2828 3124 3115 3195 παρακοὴι
3144 3125 3205 3177 τὸ
3228 3125 3338 3179 τῶν
3363 3126 3682 3197 ἀνθρώπων
3704 3145 3750 3196 γι

2111 3219 2201 3266 νος
2242 3204 2483 3269 ἐδέξατο.
2514 3207 2840 3277 Λεγέτωσαν
2874 3212 3053 3267 τοίνυν
3077 3215 3210 3285 ἡμῖν
3234 3216 3285 3269 οί
3315 3216 3555 3289 τοσαύτῃ
3583 3236 3750 3287 κεχρι

2117 3292 2267 3362 μένοι
2298 3297 2365 3365 τῇ
2399 3298 2693 3370 φαντασίᾳ,
2723 3300 2799 3364 ῶς
2830 3302 2965 3371 μηδὲ
2996 3303 3196 3357 εἰδέναι
3224 3305 3408 3359 λοιπὸν
3448 3306 3523 3359 τά
3551 3308 3673 3360 ἀπὸ
3704 3324 3750 3361 τι

2114 3380 2263 3467 ἐρίου
2296 3381 2404 3435 τῶν
2440 3386 2727 3456 προϐάτων
2772 3389 3065 3461 ἐνδύματα,
3100 3392 3235 3447 ἀλλά
3272 3393 3341 3447 τά
3378 3395 3588 3467 σηρικά
3643 3415 3749 3466 περ

2114 3466 2434 3539 ϐαλλόμενοι
2458 3472 2555 3526 καὶ
2577 3474 2657 3539 είς
2681 3476 2937 3531 τοσοῦτον
2960 3478 3329 3545 ἐξοκείλαντες
3359 3466 3583 3552 μανίας,
3601 3484 3684 3547 ὡς
3706 3504 3750 3536 κε

2088 3602 2091 3605 .
2114 3557 2339 3626 χρυσίον
2360 3560 2706 3629 συνυφαίνειν
2728 3566 2841 3629 τοῖς
2866 3566 3163 3638 ἐνδύμασι·
3192 3567 3424 3639 μάλιστα
3456 3570 3574 3641 γὰρ
3604 3573 3671 3625 τὸ
3693 3573 3750 3624 τι]

2092 3710 2095 3715 ί
2115 3645 2389 3712 γυναικῶν
2409 3648 2566 3715 γένος
2588 3650 2793 3722 ταύτην
2816 3654 2947 3724 ἡμῖν
2969 3655 3338 3711 ἐπιδείκνυται
3362 3658 3463 3731 τὴν
3494 3660 3749 3730 parum

2113 3733 2260 3797 τίνος
2296 3735 2407 3808 γὰρ
2439 3736 2646 3803 ἕνεκεν,
2681 3740 2803 3795 είπέ
2836 3759 2948 3813 μοι,
2979 3744 3190 3809 τούτοις
3230 3746 3291 3799 τὸ
3323 3746 3485 3818 σῶμα
3516 3749 3750 3802 mum

2088 3864 2091 3867 .
2115 3821 2251 3887 ζεις,
2288 3824 2385 3878 καὶ
2415 3827 2626 3898 χαίρεις
2650 3832 2718 3901 τῇ
2745 3830 2995 3885 ἐντεῦθεν
3024 3833 3305 3907 περιϐολῇ,
3335 3836 3428 3889 καὶ
3462 3837 3567 3890 οὐκ
3590 3839 3749 3891 ἐννοε

2088 3966 2091 3969 ς
2114 3910 2198 3964 ὅτι
2233 3912 2352 3965 ἀντὶ
2384 3914 2650 3985 μεγίστης
2677 3919 2950 3991 τιμωρίας
2979 3920 3068 3974 διὰ
3089 3922 3187 3993 τὴν
3209 3922 3522 3993 παράϐασιν
3546 3927 3584 3996 ἡ
3612 3928 3750 3979 σκὲτ

2116 3999 2257 4071 αὐτη
2290 4002 2558 4075 ἐπενοήθη
2578 4020 2592 4070 ;
2611 4004 2711 4059 Διὰ
2732 4006 2785 4060 τί
2811 4007 2920 4080 γάρ
2946 4009 3020 4081 μὴ
3045 4009 3260 4075 ἀκούεις
3275 4010 3490 4065 Παύλου
3510 4012 3749 4082 λέγοντο

2122 4089 2402 4158 Ἔχοντες
2424 4091 2746 4163 διατροφὰς
2774 4095 2876 4149 καὶ
2910 4097 3329 4168 σκεπάσματα,
3353 4100 3593 4167 τούτοις
3622 4103 3749 4171 ἀρκ

2116 4180 2501 4249 σθησόμεθα;
2540 4182 2703 4253 Ὁρᾷς
2730 4184 2813 4237 ὅτι
2860 4185 2979 4248 ἐνὸς
3015 4187 3177 4256 μόνου
3217 4187 3299 4240 δεῖ
3328 4189 3670 4259 φροντίζειν,
3710 4210 3749 4244 τ

2121 4266 2196 4337 μὴ
2224 4267 2431 4337 γυμνὸν
2456 4266 2596 4324 εἶναι
2626 4270 2687 4324 τὸ
2716 4270 2894 4343 σῶμα,
2927 4272 3021 4328 τοῦ
3053 4274 3352 4328 σκέπεσθαι
3381 4276 3549 4345 μόνον
3582 4278 3636 4339 ιι,
3701 4298 3749 4349 μ·

2118 4354 2237 4407 κέτι
2269 4355 2327 4407 δὲ
2369 4357 2464 4410 καὶ
2492 4358 2621 4429 περὶ
2650 4358 2912 4431 διαφορᾶς
2939 4360 3166 4433 ἐσθῆτος
3191 4363 3445 4433 φροντίδα
3470 4367 3749 4419 ποιεῖσθαι

2130 4442 2271 4496 Ἀλλ’
2300 4444 2393 4499 ἐπὶ
2426 4446 2523 4517 τὴν
2550 4447 2872 4503 ἀκολουθίαν
2897 4449 3160 4520 ἔλθωμεν·
3197 4453 3303 4506 Καὶ
3335 4449 3509 4507 εἷπεν
3548 4457 3583 4508 ὁ
3616 4459 3749 4510 Θεόι

2131 4527 2285 4583 Ἰδοὺ
2330 4530 2502 4599 Ἀδὰμ
2537 4530 2782 4601 γέγονεν
2809 4534 2891 4599 ώς
2914 4528 3002 4599 εἷς
3024 4534 3093 4599 ἐξ
3113 4533 3301 4604 ἡμῶν,
3331 4536 3436 4591 τοῦ
3466 4539 3749 4607 τινώσχε

2116 4616 2310 4669 καλὸν
2352 4617 2449 4671 καὶ
2484 4620 2772 4686 πονηρόν.
2818 4620 2930 4675 Kal
2959 4621 3078 4676 νῦν
3117 4622 3350 4692 μήποτε
3384 4624 3633 4695 ἐπιτείνῃ
3690 4628 3749 4680 τί

2117 4703 2287 4773 χεῖρα
2311 4704 2520 4769 αὐτοῦ,
2554 4707 2653 4760 καί
2682 4707 2837 4777 λάϐῃ
2866 4708 2983 4762 ἀπὸ
3012 4710 3120 4764 τοῦ
3143 4710 3335 4775 ξύλου
3364 4713 3477 4780 τῆς
3495 4712 3677 4782 ζωῆς,
3710 4734 3747 4767 κ

2116 4792 2278 4862 φάγῃ
2312 4794 2412 4847 καί
2442 4792 2682 4864 ζήσεται
2713 4798 2801 4862 εις
2828 4796 2949 4863 τὸν⁵
2974 4796 3181 4852 αἰῶνα.
3216 4800 3325 4854 Kal
3354 4800 3749 4865 ἐξαπέστειὼ

2116 4881 2304 4935 αὑτὸν
2327 4884 2541 4957 Κύριος
2567 4889 2600 4937 ό
2628 4884 2775 4951 Θεὸς
2792 4886 2861 4939 ἐκ
2882 4886 2997 4940 τοῦ
3017 4887 3387 4956 παραδείσου
3403 4890 3515 4958 τῆς
3535 4892 3749 4961 τρυρηῆ

2116 4969 2460 5040 ἐργάζεσθαι
2489 4971 2602 5039 τὴν
2639 4971 2758 5041 γῆν
2794 4973 2863 5037 ἐξ
2892 4969 2969 5043 ἧς
2999 4974 3252 5045 ἐλήφθη.
3287 4978 3429 5049 Ὅρα
3459 4979 3629 5032 πάλιν
3662 4982 3743 5034 Θε

2121 5058 2550 5125 συγκατάϐασιν.
2580 5060 2692 5114 Kal
2717 5061 2868 5123 εἷπε,
2901 5062 3057 5133 φησὶ,
3100 5065 3316 5132 Κύριος
3342 5069 3375 5120 ὀ
3410 5068 3561 5134 Θεός
3582 5086 3596 5100 ο
3640 5069 3749 5122 Ἰδι

2130 5147 2301 5215 Ἀδὰμ
2330 5148 2577 5216 γέγονεν
2594 5148 2675 5213 ὡς
2707 5145 2795 5216 εἷς
2820 5149 2889 5214 ἐξ
2910 5151 3098 5219 ἡμῶν,
3127 5152 3234 5207 τοῦ
3256 5154 3581 5223 γινώσκειν
3604 5164 3749 5213 καλε

2118 5234 2217 5291 καί
2263 5238 2552 5303 πονηρόν.
2589 5233 2740 5301 Εἶδες
2782 5240 2922 5308 πόση
2966 5240 3064 5309 τῆς
3111 5240 3307 5307 λέξεως
3353 5244 3385 5299 ἠ
3426 5246 3749 5300 ταπείνωσι

2118 5321 2304 5378 Ταῦτα
2333 5323 2389 5376 δὲ
2419 5323 2633 5378 ἅπαντα
2663 5326 2983 5392 θεοπρεπῶς
3017 5328 3248 5398 νοῶμεν,
3283 5330 3546 5386 Βούλεται
3577 5335 3695 5407 γὰρ
3730 5340 3749 5389 ἐ

2117 5410 2287 5465 ταῦθα
2311 5411 2399 5465 διὰ
2430 5413 2537 5466 τῶν
2573 5416 2833 5483 ῥημάτων
2858 5416 3063 5471 τούτων
3090 5419 3192 5488 τῆς
3228 5420 3447 5489 ἀπάτης
3484 5425 3643 5493 ἡμᾶς
3670 5426 3750 5477 ὕει

2121 5498 2344 5567 μνῆσαι,
2377 5499 2442 5569 ἢν
2463 5502 2824 5572 ἠπατήθησαν
2844 5503 2949 5557 ὐπὸ
2977 5503 3069 5556 τοῦ
3099 5504 3346 5559 διαϐόλου
3368 5506 3455 5560 διὰ
3474 5509 3573 5562 τοῦ
3599 5511 3749 5577 ὅςειι

2132 5590 2347 5660 Ἐπειδὴ
2380 5591 2487 5661 γὰρ
2520 5593 2702 5660 ἔλεγεν
2734 5597 2961 5658 ἐκεῖνος,
2999 5597 3080 5649 ὅτι
3120 5596 3260 5651 Ἐὰν
3289 5597 3545 5667 φάγητε,
3580 5601 3749 5656 ἕσεσ

2191 5871 2213 5908 8
2238 5867 2334 5917 Alli
2358 5870 2738 5929 πιμριειόλὴοθαι.
2807 5870 2833 5909 δ
2858 5872 3007 5923 Su'il.
3037 5880 3087 5923 et
3112 5874 3194 5927 alii
3213 5876 3330 5925 αὐτὸ
3364 5876 3522 5937 μόνον.
