3796 6246
108 211 219 266 ηε)

107 324 262 376 orbis
296 320 526 378 doctore.
562 322 957 393 sapientissimo
979 365 995 390 ,
1040 322 1199 379 beato
1247 320 1414 377 Paulo
1457 322 1670 392 inquam
1692 364 1711 390 ,

106 417 329 471 discere
362 432 651 486 possumus
674 459 688 485 ,
732 419 820 489 qui
859 419 991 474 dicit
1029 437 1044 473 :
1090 418 1401 491 Quicumque
1435 419 1569 473 enim
1607 419 1718 473 sine

107 509 224 578 lege
251 519 598 578 peccaverunt
616 551 633 576 ,
675 511 783 565 sine
809 512 918 582 lege
944 511 1095 565 etiam
1120 511 1349 580 peribunt
1371 526 1390 565 :
1416 521 1463 565 et
1489 512 1716 580 quicum-

100 618 201 669 que
234 602 291 655 in
321 602 433 673 lege
459 612 787 671 peccaverunt
810 644 824 665 ,
858 620 947 671 per
967 603 1124 674 legem
1139 602 1509 673 judicabantur
1534 602 1711 664 (Rom.

100 693 155 744 ‘2.
190 693 311 763 η).
349 693 444 747 llis
485 694 659 748 verbis
700 694 961 763 significat
987 733 1003 759 ,
1049 708 1155 748 non
1197 693 1441 749 eamdem
1491 694 1713 748 luituros

106 799 335 849 romam
388 800 484 839 eos
527 786 615 853 qui
655 794 780 839 ante
824 785 992 855 legem
1025 827 1040 851 ,
1072 796 1124 840 et
1153 800 1247 841 eos
1272 785 1362 854 qui
1391 796 1511 854 post
1539 785 1711 855 legem

104 884 496 941 peccaverunt.
530 874 758 930 Gravius
780 876 921 930 enim
958 876 1243 945 punientur
1270 876 1359 945 qui
1388 882 1510 945 post
1538 874 1710 945 legem

102 965 290 1018 datam
320 968 682 1035 peccaverint.
713 967 843 1021 Nam
871 967 1179 1037 Quicumque
1198 970 1305 1022 sine
1332 968 1438 1038 lege
1466 984 1708 1038 peccave-

102 1065 250 1121 runt,
286 1058 443 1110 etiam
471 1059 580 1111 sine
605 1058 714 1128 lege
750 1058 978 1128 peribunt
1009 1074 1027 1112 :
1056 1058 1292 1127 proficiet
1316 1060 1419 1113 illis
1444 1060 1511 1113 ad
1541 1060 1709 1114 levio-

102 1162 225 1200 rem
267 1163 488 1216 paenam
512 1190 527 1214 ,
556 1148 697 1218 quod
732 1150 862 1219 legis
901 1150 1141 1204 doctrina
1171 1160 1225 1205 et
1252 1150 1577 1205 adminicqu
1614 1166 1707 1205 ca-

104 1240 348 1292 ruerint.
380 1239 448 1292 Et
469 1240 769 1309 quicumque
804 1242 893 1294 sub
920 1242 1026 1311 lege
1050 1252 1399 1311 peccaverunt,
1434 1259 1522 1311 per
1545 1244 1707 1312 legem

101 1339 147 1381 et
165 1330 573 1399 judicabumur.
602 1331 688 1386 lsti
719 1373 736 1399 ,
767 1333 955 1402 inquit.
985 1335 1105 1401 quia
1133 1343 1187 1387 et
1208 1333 1378 1402 legem
1407 1332 1707 1388 habuerunt

100 1421 426 1491 magistram
455 1463 469 1488 ,
504 1430 556 1477 et
584 1438 756 1492 neque
782 1424 859 1477 sic
897 1422 1165 1477 emendati
1205 1432 1330 1477 sunt
1355 1464 1371 1487 ,
1394 1422 1487 1477 sed
1517 1423 1703 1477 eadem

97 1529 225 1580 qua:
257 1512 337 1565 illi
372 1524 725 1582 peccavi-runt
757 1555 772 1581 ,
804 1515 1104 1584 graviorem
1130 1528 1342 1584 quoque
1368 1528 1580 1582 ptenam
1604 1512 1703 1567 da-

98 1604 257 1679 bunt.
299 1603 412 1659 Sed
456 1605 734 1659 audiamus
782 1621 900 1676 qua:
942 1605 1098 1661 hodie
1140 1616 1264 1660 sunt
1296 1606 1452 1661 lecta.
1498 1606 1588 1661 20.
1636 1605 1703 1659 Et

96 1700 323 1765 vocavit,
358 1698 551 1769 inquit,
584 1699 747 1752 Adam
775 1716 954 1752 nomen
973 1699 1145 1753 uxoris
1170 1714 1297 1765 sucu,
1328 1698 1453 1761 Eva,
1486 1698 1540 1751 id
1567 1698 1703 1767 quod

96 1802 169 1844 est
199 1792 330 1857 vita,
364 1792 485 1863 quia
505 1793 617 1864 ipsa
642 1802 802 1846 mater
828 1793 1053 1846 omnium
1078 1792 1367 1846 viventium.
1398 1790 1532 1846 Vide
1561 1790 1700 1846 divi-

98 1900 185 1938 na:
229 1884 532 1955 Scriptura:
561 1885 911 1956 diligentiam,
936 1884 1205 1956 quomodo
1235 1901 1409 1956 neque
1438 1884 1540 1941 hoc
1561 1901 1700 1955 prae.

98 1978 250 2042 terit,
282 1978 384 2032 sed
412 1976 570 2033 docet
594 1992 714 2041 nos,
741 1977 1004 2033 Adamum
1047 1979 1209 2034 etiam
1247 1978 1459 2035 mulieri
1503 1996 1699 2035 nomen

97 2068 454 2138 imposuisse.
536 2069 739 2124 Vocaoit
768 2112 784 2135 ,
843 2071 1050 2142 inquit,
1097 2089 1277 2127 nomen
1350 2075 1525 2128 uxoris
1596 2090 1703 2129 sum

98 2160 213 2213 Hea
238 2202 253 2223 ,
304 2161 362 2213 id
417 2172 493 2215 est
542 2164 641 2215 vita
672 2178 689 2215 .'
721 2163 840 2231 quia
873 2164 983 2232 ipsa
1036 2174 1196 2217 mater
1246 2174 1318 2219 est
1360 2167 1583 2220 omnium
1620 2168 1699 2220 vi-

96 2253 332 2305 rentium
357 2266 385 2305 ε·
413 2255 513 2308 hoc
551 2263 632 2307 est
654 2293 670 2319 ,
716 2253 829 2323 ipsa
864 2264 947 2308 est
970 2256 1120 2325 origo
1145 2270 1328 2310 eorum
1376 2256 1467 2327 qui
1503 2274 1567 2312 ex
1610 2258 1699 2313 illa

96 2354 225 2396 sunt
270 2343 475 2409 futuri,
504 2343 759 2415 radixque
794 2355 848 2401 ct
874 2346 1273 2401 fundamentum
1304 2349 1577 2417 sequentis
1601 2365 1697 2419 ge-

98 2435 425 2490 nerationis.
464 2435 591 2490 Dein
626 2446 902 2506 postquam
938 2436 1118 2493 docuit
1159 2455 1256 2493 nos
1283 2438 1553 2508 quomodo
1583 2456 1700 2494 mu-

96 2525 217 2580 heri
235 2526 548 2595 impositum
563 2522 755 2583 nomen
773 2526 953 2593 fuerit,
970 2529 1160 2583 iterum
1172 2530 1405 2585 ostendit
1429 2509 1697 2586 nobis'Dei

98 2618 431 2685 bonitatem,
456 2635 576 2688 qum
600 2635 704 2674 non
722 2620 965 2690 despexit
983 2636 1076 2675 eos
1092 2622 1182 2691 qui
1206 2638 1235 2675 a
1258 2638 1320 2679 se
1338 2624 1500 2677 creati
1522 2633 1693 2689 erant,

94 2709 152 2762 in
180 2719 334 2762 tanta
364 2710 604 2765 nuditate
632 2720 685 2764 et
711 2712 998 2781 ignominia
1020 2723 1314 2768 versantes.
1342 2715 1434 2770 21.
1460 2715 1527 2769 Ει
1556 2716 1695 2787 fecit,

93 2801 278 2871 inquit
304 2843 322 2866 ,
354 2801 607 2856 Dominus
634 2800 773 2857 Deus
810 2804 935 2858 Adae
959 2815 1003 2858 et
1024 2807 1171 2859 uxori
1195 2807 1333 2860 illius
1362 2819 1516 2863 vestes
1546 2808 1699 2878 pelli-

91 2907 215 2945 ρεαδ
246 2932 264 2957 ,
301 2902 351 2946 et
376 2894 541 2946 induit
565 2894 701 2948 illos.
734 2894 883 2950 Sicut
908 2895 1211 2952 misericors
1241 2908 1389 2968 pater
1410 2898 1573 2953 lilium
1603 2899 1698 2954 ha-

92 2984 237 3038 bens
264 2984 407 3039 bona
431 2985 607 3040 indole
627 2988 641 3018 ¹
665 2987 965 3056 praeditum,
994 2997 1051 3044 et
1072 2991 1216 3045 omni
1237 3006 1363 3045 cura
1390 2992 1694 3058 educatum,

93 3083 151 3127 et
183 3074 459 3130 fruentem
485 3078 733 3132 omnibus
762 3078 966 3135 deliciis
990 3121 1005 3146 ,
1057 3091 1206 3137 veste
1235 3082 1396 3137 nitida
1423 3099 1485 3140 ac
1508 3086 1696 3141 sericis

92 3166 362 3220 amictum
388 3208 403 3232 ,
440 3172 781 3241 paternisque
819 3172 1008 3242 opibus
1035 3188 1223 3230 secure
1262 3184 1499 3231 utentem
1530 3219 1544 3243 ,
1572 3194 1693 3233 cum

94 3261 299 3315 viderit
327 3276 450 3315 cum
478 3263 637 3317 nimia
662 3267 1014 3335 prOSpcritate
1036 3267 1087 3322 in
1112 3269 1324 3324 malitia:
1342 3272 1691 3340 praecipitium

92 3356 437 3426 prolapsum,
460 3358 634 3427 privat
658 3359 761 3413 illis
786 3362 1051 3426 omnibus,
1072 3372 1125 3416 et
1152 3378 1261 3417 sua:
1288 3364 1535 3432 potestati
1564 3366 1694 3421 sub-

95 3448 236 3517 iicit,
270 3455 426 3503 veste
446 3448 671 3519 spoliat,
700 3465 761 3504 ac
781 3451 871 3506 vili
900 3452 1186 3523 servilique
1205 3456 1399 3510 amictu
1427 3456 1576 3510 illum
1606 3456 1689 3511 in-

91 3541 235 3605 duit,
267 3555 341 3593 ne
366 3541 584 3596 omnino
614 3542 785 3597 nudus
816 3544 885 3598 sit
924 3553 980 3600 et
1012 3547 1180 3615 turpis
1212 3564 1225 3600 :
1258 3546 1329 3601 ita
1359 3555 1412 3601 et
1436 3546 1693 3617 benignus

92 3634 278 3699 Deus,
309 3634 560 3703 quoniam
592 3634 763 3690 Adam
791 3645 845 3691 et
876 3637 981 3690 Eva
1010 3636 1257 3708 indignos
1284 3654 1404 3695 sese
1432 3640 1695 3696 exhibue-

90 3734 223 3779 runt
246 3725 567 3779 indumento
592 3728 823 3796 glorioso
848 3728 938 3782 illo
954 3738 1007 3783 et
1030 3729 1216 3796 nitido,
1240 3746 1347 3801 quo
1370 3733 1695 3789 amicicban-

93 3828 183 3868 tur
215 3857 229 3880 ,
282 3825 344 3871 et
391 3817 533 3886 quod
565 3818 724 3873 nullis
764 3821 1134 3889 corporalibus
1160 3837 1255 3877 eos
1282 3823 1693 3880 necessitatibus

93 3910 365 3965 obnoxios
411 3923 532 3965 esse
559 3911 767 3966 sinebat
797 3953 812 3976 ,
848 3913 1064 3969 nudavit
1095 3914 1214 3970 illos
1233 3917 1378 3970 omni
1409 3916 1497 3971 illa
1523 3917 1692 3987 gloria

94 4015 148 4057 et
168 4002 454 4071 fruiuoue,
477 4019 581 4074 qua
601 4014 725 4061 ante
742 4020 956 4075 gravem
985 4005 1123 4062 hanc
1144 4008 1349 4063 ruinam
1368 4009 1690 4079 gaudebant:

94 4100 435 4165 multamque
455 4112 578 4167 erga
607 4097 726 4153 illos
753 4098 803 4153 in
835 4106 1034 4153 tantam
1068 4099 1355 4169 perniciem
1394 4101 1571 4171 lapsos
1598 4118 1693 4157 ex-

97 4188 291 4245 hibens
336 4189 735 4244 miserationem
765 4231 782 4256 ,
826 4190 1117 4261 vidensque
1146 4207 1337 4262 magno
1367 4192 1567 4263 pudore
1590 4194 1694 4249 cir-

97 4282 378 4337 cumfusos
412 4320 429 4348 ,
459 4281 778 4352 consiliique
823 4283 1013 4352 inopes
1042 4325 1057 4351 ,
1091 4299 1158 4339 ne
1207 4285 1334 4339 nudi
1389 4296 1568 4342 essent
1594 4327 1609 4352 ,
1639 4294 1694 4342 et

100 4371 361 4427 indecore
388 4386 449 4426 se
472 4384 744 4441 gererent,
771 4384 949 4428 vestes
974 4374 1104 4442 ipsis
1133 4376 1383 4444 pelliceas
1403 4376 1550 4443 facit,
1580 4391 1693 4433 eos-

94 4478 199 4534 que
222 4462 487 4533 contegit.
512 4463 670 4518 Tales
689 4464 832 4519 enim
854 4469 998 4519 sunt“
1015 4466 1213 4521 diaboli
1234 4467 1688 4527 machinationes:

94 4560 138 4611 si
168 4556 393 4627 quando
412 4556 556 4612 enim
578 4556 785 4627 aliquos
809 4558 1069 4613 invenerit
1092 4558 1181 4629 qui
1204 4558 1304 4613 sibi
1330 4570 1569 4629 pareant,
1598 4576 1692 4618 eos

94 4649 375 4718 voluptate
392 4648 621 4717 quadam
645 4647 849 4703 modica
880 4650 1271 4718 supplantatos,
1302 4660 1358 4706 ct
1386 4652 1437 4706 in
1470 4652 1689 4722 profun-

88 4740 221 4795 dum
248 4740 475 4794 malitia:
506 4740 772 4809 projectos
796 4780 810 4804 ,
845 4742 1094 4811 omnique
1122 4741 1437 4800 confusione
1465 4754 1519 4800 et
1544 4746 1692 4815 igno-

93 4834 261 4886 miuia
294 4832 506 4900 plenos,
531 4833 711 4900 jacere
752 4832 1040 4903 relinquit,
1092 4834 1395 4891 miserabile
1442 4837 1689 4892 omnibus

92 4924 185 4993 qui
216 4924 371 4977 illum
404 4922 590 4977 vident
636 4924 1020 4993 spectaculum.
1053 4927 1119 4978 At
1146 4926 1443 4981 animarum
1476 4939 1688 4983 nostra-

92 5032 212 5069 rum
234 5016 473 5070 Curator
510 5057 524 5081 ,
554 5015 741 5070 videns
768 5017 887 5071 illos
913 5018 965 5070 in
994 5017 1154 5071 tantis
1176 5017 1600 5085 difficultatibus,
1635 5021 1688 5075 in

95 5110 200 5164 hoc
225 5118 371 5164 statu
405 5110 607 5179 positos
632 5125 733 5163 non
765 5109 989 5179 despicit
1022 5152 1036 5175 ,
1070 5110 1163 5164 sed
1202 5112 1556 5167 velamentum
1587 5113 1690 5167 illis

92 5202 367 5270 excogitat
401 5242 415 5266 ,
449 5217 547 5271 per
572 5211 772 5254 vestem
816 5201 975 5255 vilem
1023 5203 1313 5258 ostendens
1343 5206 1588 5275 qualibus
1630 5221 1688 5261 se

95 5292 435 5347 veStimentis
464 5292 654 5362 dignos
680 5293 920 5347 fecerint.

161 5498 173 5527 ι
210 5502 429 5556 Quatuor
452 5500 581 5556 διεδ..
610 5495 801 5552 decore,
828 5507 931 5556 pro,
955 5493 1076 5544 bona
1100 5494 1276 5546 indole.

154 5560 178 5589 ’
210 5554 381 5613 ςενίιη
406 5554 697 5618 multamque
720 5554 839 5618 erga
858 5556 964 5607 illos
986 5556 1200 5608 exhibuit
1224 5559 1590 5618 miserationem,
1627 5559 1689 5609 vi-

94 5622 213 5670 dens
238 5630 417 5682 "mgna
454 5616 640 5688 pudore
661 5616 886 5688 sulfusos,
906 5619 1184 5684 consiliique
1207 5619 1386 5685 inopes.
1411 5621 1541 5673 Tales
1561 5616 1687 5675 enim

94 5689 219 5736 mm,
250 5688 373 5740 etc,
398 5685 591 5735 omissis
614 5682 932 5746 interpositis.

1198 210 1261 265 IN
1299 207 1449 265 CAP.
1484 207 1569 262 Ill.
1597 208 1839 266 GENES.
1877 210 2101 268 IIOMIL.
2146 212 2332 270 XVIII.

3305 223 3405 279 150

1897 325 2162 392 Quomodo
2187 338 2341 383 vestes
2360 329 2593 399 pelliceas
2623 332 2787 399 primo
2834 333 3029 402 parenti
3053 342 3100 388 et
3116 334 3262 388 uxori
3287 337 3407 406 fecit

1825 412 1986 471 Deus.
2040 417 2217 475 Luxus
2259 421 2312 474 in
2337 422 2551 476 vestibus
2591 432 2811 493 tempore
2849 422 3215 495 Chrysostomi.
3243 456 3313 467 -—
3339 426 3404 481 Et

1823 508 1945 572 fecit
1970 510 2220 564 Dominus
2247 510 2384 565 Deus
2405 512 2529 567 Ade:
2561 522 2606 566 et
2636 516 2783 568 uxori
2801 515 2938 569 illius
2957 526 3115 571 vestes
3140 517 3397 587 pelliceas,

1821 606 1869 651 et
1908 598 2074 653 induit
2120 600 2257 655 illos.
2311 603 2462 671 Vide,
2484 620 2687 674 quaso,
2727 615 2977 677 quantam
3008 611 3273 663 sermonis
3303 612 3404 664 hu-

1820 690 2097 746 militatem
2161 694 2315 749 nobis
2364 705 2682 766 attemperat
2729 699 2905 755 divina
2961 700 3255 771 Scriptura.
3297 702 3401 760 Sed

1816 778 1959 849 quod
1981 797 2126 851 saepe
2154 785 2285 851 dixi,
2320 786 2371 841 id
2401 796 2455 841 et
2481 804 2623 842 nunc
2642 790 2763 845 dico
2791 810 2803 844 :
2827 796 3006 848 omnia
3035 796 3104 848 ita
3134 796 3399 866 intelliga-

1818 887 1938 928 mus
1968 914 1983 937 ,
2013 875 2150 930 sicut
2189 892 2285 944 par
2327 879 2504 934 estde
2549 880 2659 935 Deo
2695 882 2936 953 intelligi.
2982 885 3214 943 Verbum
3254 887 3400 943 Fecit

1812 964 1999 1033 Accipe
2041 981 2139 1034 pro
2184 982 2250 1021 eo
2274 968 2415 1034 quod
2443 981 2528 1024 est
2560 1010 2576 1036 ,
2619 971 2900 1041 imperavit
2928 984 2986 1028 ut
3010 986 3209 1031 essent.
3233 978 3398 1032 Jussit

1810 1056 1953 1109 enim
1997 1058 2187 1113 tunicis
2227 1059 2465 1128 pelliceis
2507 1062 2689 1117 vestiri
2729 1064 2782 1118 in
2831 1074 3139 1137 perpetuam
3181 1069 3395 1124 iuohse-

1810 1151 2043 1215 quentia:
2070 1151 2402 1204 memoriam.

1878 1238 1930 1293 2.
1946 1241 2441 1311 Audiautopulenti,
2458 1254 2512 1299 et
2528 1245 2616 1314 qui
2637 1246 2901 1302 luxuriant
2927 1248 2977 1303 in
2995 1251 3254 1305 vermium
3280 1262 3366 1307 te:
3393 1282 3411 1295 ο

1810 1329 2008 1398 tilibus,
2030 1346 2093 1385 ac
2120 1334 2417 1389 vestiuntur
2443 1336 2627 1390 sericis
2651 1379 2667 1403 ,
2690 1338 3004 1409 discantque
3033 1342 3299 1411 quomodo
3324 1344 3391 1397 ah

1809 1424 1962 1479 initio
1994 1425 2277 1480 humanam
2303 1426 2503 1482 docens
2523 1436 2767 1484 naturam
2794 1431 3053 1502 benignus
3096 1434 3353 1489 Dominus
3379 1476 3393 1499 ,

1809 1516 1929 1585 quia
1966 1525 2183 1587 propter
2204 1519 2684 1590 transgressionem
2713 1536 2885 1591 plena:
2912 1523 3099 1577 mortis
3127 1539 3248 1577 reus
3278 1533 3392 1579 erat

1810 1609 2010 1679 primus
2040 1609 2201 1664 homo
2224 1652 2238 1675 ,
2265 1626 2507 1681 opusque
2534 1612 2763 1667 habebat
2790 1622 2941 1669 veste
2966 1631 3084 1684 qua:
3126 1616 3387 1685 pudorem

1808 1707 2043 1769 tegeret,
2074 1701 2321 1770 pelliceas
2364 1703 2463 1771 ipsi
2487 1702 2611 1758 fecit
2639 1714 2813 1759 vestes
2844 1721 2857 1756 :
2891 1721 2998 1774 quo
3034 1705 3217 1760 docuit
3242 1724 3340 1761 nos
3362 1749 3380 1773 ,

1805 1802 1865 1845 ut
1894 1793 2110 1847 mollem
2133 1803 2187 1847 et
2214 1793 2522 1849 dissolutam
2542 1795 2703 1851 vitam
2732 1795 3019 1867 fugiamus,
3044 1813 3215 1868 neque
3243 1800 3388 1853 iner-

1808 1891 1913 1936 tem
1940 1890 1995 1937 et
2019 1883 2296 1938 remissam
2328 1894 2595 1940 sectemur
2613 1927 2629 1950 ,
2661 1886 2755 1941 sed
2783 1888 2951 1957 magis
2980 1897 3248 1942 austeram
3274 1903 3393 1942 am-

1807 1973 2098 2044 plexeniur.
2130 1974 2235 2030 Sed
2259 1974 2393 2030 forte
2416 1977 2674 2046 gravatim
2707 1975 2938 2033 ferentes
2956 1978 3069 2033 haec
3086 1979 3294 2043 divites,
3312 1979 3393 2033 di-
3486 1974 3489 1977 ’

1803 2076 1924 2122 cent
1954 2084 1967 2120 :
1997 2066 2133 2134 Quid
2159 2067 2349 2137 igitur?
2373 2084 2441 2122 an
2470 2069 2691 2138 pellibus
2716 2070 2899 2124 vestiri
2927 2084 3024 2123 nos
3045 2069 3199 2139 jubcs
3219 2069 3241 2123 τ
3262 2070 3380 2124 Non

1804 2158 1908 2214 hoc
1931 2158 2051 2214 dico
2084 2177 2099 2214 :
2132 2175 2254 2213 nam
2286 2176 2458 2230 neque
2503 2160 2576 2214 illi
2624 2171 2884 2230 perpetuo
2926 2160 3008 2215 usi
3053 2161 3265 2215 fuerunt
3306 2160 3388 2215 his

1803 2252 2074 2317 vestibus;
2102 2253 2364 2324 benignus
2396 2254 2538 2309 enim
2587 2254 2843 2310 Dominus
2885 2256 3151 2325 prioribus
3176 2270 3392 2325 semper

1804 2345 2078 2401 beneficiis
2106 2350 2405 2401 recentiora
2427 2347 2671 2417 qumdam
2705 2349 3032 2418 superaddit.
3065 2348 3196 2402 Nam
3238 2357 3388 2418 post-

1803 2452 1959 2507 quam
1977 2451 2097 2494 sese
2112 2439 2481 2508 corporalibus
2495 2440 2897 2494 necessitatibus
2912 2440 3171 2494 obnoxios
3189 2438 3385 2505 fecere,

1803 2538 1858 2582 et
1884 2542 1913 2581 a
1939 2529 2123 2585 dolore
2153 2544 2313 2584 vacua
2345 2540 2399 2584 et
2416 2531 2651 2598 angelica
2677 2531 2784 2584 vita
2805 2530 3137 2596 exciderunt,
3164 2530 3385 2599 dispen-

1803 2622 1940 2675 savit
1990 2622 2131 2677 Deus
2156 2664 2169 2684 ,
2204 2631 2261 2676 ut
2290 2638 2355 2677 ex
2403 2623 2578 2676 ovium
2623 2622 2910 2677 velleribus
2950 2622 3193 2678 homines
3241 2623 3389 2677 indu—

1804 2722 1980 2767 menta
2008 2712 2110 2767 sibi
2143 2722 2409 2781 pararent,
2442 2729 2547 2767 non
2574 2714 2677 2766 alia
2718 2713 2785 2768 de
2814 2729 2971 2767 causa
2993 2754 3008 2780 ,
3036 2729 3192 2784 quam
3226 2724 3281 2768 ut
3306 2724 3382 2769 te-

1802 2814 2109 2876 gumentum
2142 2806 2410 2869 habeant,
2441 2815 2495 2861 et
2523 2822 2590 2861 ne
2621 2807 2878 2861 rationale
2906 2808 3103 2861 animal
3145 2807 3245 2861 hoc
3275 2824 3382 2865 non

1802 2912 1957 2952 secus
1984 2914 2049 2953 ac
2074 2898 2226 2953 bruta
2268 2899 2319 2953 in
2350 2898 2589 2954 nuditate
2616 2907 2671 2952 ct
2707 2898 2974 2955 dedecore
3011 2900 3172 2954 vitam
3204 2900 3381 2969 degat.

1803 2989 1983 3059 Itaque
2019 2990 2247 3044 vestium
2290 2988 2514 3043 amictus
2542 2989 2852 3043 continuum
2902 2991 3055 3044 nobis
3102 2992 3171 3044 sit
3214 2991 3378 3044 ιιιοηί-

1801 3090 2039 3136 mentum
2063 3122 2078 3147 ,
2107 3096 2212 3151 quo
2242 3095 2508 3135 memores
2552 3081 2719 3135 simus
2743 3122 2758 3147 ,
2789 3081 3002 3151 quantis
3050 3081 3203 3136 bouis
3228 3082 3385 3137 exci-

1801 3172 2060 3238 derimus,
2083 3184 2136 3228 et
2166 3173 2435 3228 discamus
2460 3182 2658 3241 quanto
2683 3174 2946 3244 supplicio
2975 3172 3260 3228 humanum
3286 3189 3384 3243 ge-

1800 3279 1899 3318 nus
1917 3263 1986 3319 ob
2011 3263 2424 3318 inobedientiam
2452 3264 2521 3317 sit
2544 3261 2816 3317 affectum.
2838 3264 3021 3318 Dicant
3042 3263 3199 3334 igitur
3226 3263 3380 3319 nobis

1798 3354 1887 3424 qui
1923 3364 2067 3409 tanto
2093 3363 2311 3409 utuntur
2327 3364 2602 3424 apparatu,
2622 3363 2680 3409 ut
2696 3354 2807 3424 jam
2832 3371 2983 3409 usum
3001 3354 3135 3409 lana:
3165 3370 3383 3425 prorsus

1798 3462 1958 3502 nosse
1989 3447 2198 3513 nolint,
2232 3446 2325 3501 sed
2379 3448 2553 3503 serico
2596 3448 2911 3512 vestiantur,
2942 3462 3115 3517 eoque
3162 3447 3381 3503 insania:

1798 3554 2126 3609 pervenere,
2160 3548 2217 3593 ut
2267 3554 2454 3593 aurum
2500 3538 2736 3592 vestibus
2782 3538 3023 3592 intexant
3051 3554 3064 3590 :
3096 3539 3148 3591 in
3197 3538 3382 3607 primis

1797 3633 1938 3687 enim
1986 3633 2237 3687 mulieres
2282 3632 2405 3686 huic
2442 3632 2681 3686 mollitiei
2731 3632 2925 3686 dedita:
2970 3632 3374 3700 suntzQuare,

1797 3724 1905 3789 die,
1933 3724 2157 3779 obsecro
2176 3764 2190 3789 ,
2224 3739 2418 3793 corpus
2439 3724 2510 3777 ita
2538 3738 2716 3784 ornas,
2746 3732 2802 3777 et
2824 3722 3022 3791 gaudes
3050 3723 3374 3791 ejusccmodi

1798 3817 2042 3873 amictu?
2071 3831 2177 3871 non
2211 3815 2413 3885 cogitas
2460 3829 2556 3883 pro
2600 3829 2789 3883 magno
2828 3814 3120 3882 supplicio,
3164 3822 3382 3883 propter

1800 3907 2275 3979 transgressionem
2297 3947 2312 3971 ,
2348 3916 2555 3977 tegmen
2604 3905 2705 3959 hoc
2750 3906 3105 3975 excogitatum
3126 3905 3288 3959 esse?
3317 3905 3381 3959 Et

1797 4017 1964 4072 quare
1990 4017 2093 4055 non
2132 4000 2285 4057 audis
2312 4000 2528 4054 Paulqu
2560 3998 2864 4053 dicentem:
2901 3997 3155 4053 Habentes
3193 3998 3379 4051 victum

1798 4107 1845 4152 et
1869 4096 2109 4150 amictum
2133 4134 2149 4160 ,
2172 4092 2276 4148 illis
2304 4092 2523 4147 contenti
2548 4092 2734 4146 erimus
2761 4092 2838 4161 (I.
2867 4090 3002 4144 Tim.
3027 4090 3079 4145 6.
3108 4090 3185 4161 8).
3220 4090 3383 4146 Vides

1798 4189 1955 4243 unius
1982 4186 2261 4242 dumtaxat
2298 4185 2375 4239 rei
2428 4181 2730 4239 habendam
2773 4197 2896 4237 esse
2919 4196 3102 4236 curam
3141 4198 3154 4235 :
3186 4181 3381 4236 videli-

1799 4292 1905 4348 cet,
1927 4297 1995 4337 ne
2016 4295 2214 4349 corpus
2236 4277 2435 4333 nudum
2462 4278 2551 4341 sit,
2580 4275 2673 4331 sed
2698 4284 2754 4329 ut
2784 4283 3009 4346 tegatur,
3030 4289 3128 4329 nec
3152 4274 3383 4344 amplius

1797 4376 1867 4430 de
1894 4374 2149 4429 varietate
2172 4372 2403 4427 vestium
2444 4385 2565 4426 esse
2594 4384 2693 4425 nos
2720 4367 2981 4423 sollicitos
3005 4375 3237 4437 Oportet.
3266 4365 3378 4421 Cae-

1797 4476 1968 4524 terum
1994 4465 2060 4520 ad
2096 4463 2370 4534 sequentia
2401 4463 2696 4517 veniamus.
2737 4459 2829 4513 2'2.
2869 4458 2935 4511 Et
2970 4458 3098 4512 dixit
3128 4457 3381 4512 Dominus

1796 4560 1936 4615 Deus
1966 4575 1985 4613 :
2011 4556 2143 4612 Ecce
2170 4556 2336 4610 Adam
2363 4556 2528 4624 factus
2568 4562 2638 4608 est
2676 4553 2803 4606 sicut
2842 4568 2971 4605 unus
3010 4567 3072 4605 ea:
3110 4550 3285 4611 nobis,
3314 4566 3381 4602 na

1794 4650 2052 4711 sciendum
2079 4649 2263 4703 bonum
2309 4658 2354 4702 et
2382 4645 2591 4699 malum.
2624 4643 2692 4697 Et
2722 4659 2853 4697 nunc
2894 4658 2957 4696 ne
2988 4644 3116 4712 forte
3152 4642 3382 4694 extendat

1795 4759 2002 4798 manum
2028 4757 2172 4796 suam
2190 4781 2205 4805 ,
2230 4748 2275 4792 et
2296 4737 2512 4805 accipiat
2546 4735 2607 4790 de
2633 4734 2769 4805 ligno
2790 4734 2904 4787 vine
2924 4773 2939 4797 ,
2967 4741 3015 4786 et
3043 4739 3305 4794 comedat,
3335 4742 3383 4815 et

1794 4836 1927 4890 vivat
1952 4836 2003 4887 in
2031 4833 2290 4886 smculum.
2316 4830 2408 4884 25.
2438 4828 2504 4882 Et
2526 4827 2692 4882 emisit
2713 4826 2860 4881 illum
2889 4824 3139 4879 Dominus
3161 4824 3297 4878 Deus
3319 4841 3382 4878 ea:

1796 4924 2035 4997 paradiso
2059 4923 2329 4992 voluptatis
2346 4963 2362 4987 ,
2390 4929 2444 4974 ut
2464 4927 2762 4989 operaretur
2786 4927 3003 4978 terram,
3027 4916 3090 4967 de
3112 4932 3211 4985 qua
3238 4930 3378 4967 sum-

1794 5027 1911 5087 ptus
1950 5025 2079 5071 erat.
2109 5014 2205 5069 Hic
2228 5026 2439 5083 quoque
2468 5011 2590 5065 vide
2634 5024 2792 5079 quam
2841 5007 3043 5061 idoneis
3082 5004 3371 5059 infirmitati

1792 5119 1991 5165 nostrae
2021 5108 2203 5163 verbis
2225 5116 2404 5160 utatur
2424 5105 2585 5158 Deus.
2619 5102 2687 5154 Et
2717 5100 2880 5163 dixit,
2912 5098 3100 5166 inquit,
3129 5096 3377 5151 Dominus

1795 5202 1936 5258 Deus
1967 5216 1986 5255 :
2014 5200 2147 5254 Ecce
2171 5198 2337 5252 Adam
2367 5197 2533 5265 {actus
2582 5202 2655 5247 est
2690 5190 2835 5259 quasi
2870 5205 3001 5243 unus
3027 5206 3088 5243 ea:
3113 5188 3252 5242 nobis
3272 5228 3287 5253 ,
3311 5187 3376 5241 ad

1793 5294 2053 5351 sciendum
2095 5295 2277 5346 bonum
2327 5301 2371 5343 et
2410 5289 2621 5341 malum.
2655 5284 2841 5339 Vidisti
2883 5291 3079 5351 quanta
3125 5282 3374 5337 dictionis

1794 5386 2107 5445 lmmilitas?
2136 5385 2259 5440 llaec
2285 5392 2482 5448 autem,
2517 5390 2574 5435 ut
2599 5378 2772 5444 decet,
2799 5379 2955 5448 digne
2974 5376 3041 5432 de
3071 5376 3184 5431 Deo
3212 5376 3373 5431 intel-

1794 5486 2039 5556 ligamus.
2076 5479 2198 5534 Vult
2223 5478 2364 5532 enim
2391 5491 2485 5545 per
2514 5476 2627 5529 haec
2651 5473 2808 5528 verba
2832 5473 2882 5527 in
2925 5469 3239 5525 memoriam
3283 5483 3372 5524 re-

1794 5578 1954 5641 ferre,
1979 5569 2247 5644 quomodo
2281 5566 2490 5637 decepti
2519 5566 2715 5621 fuerint
2738 5582 2765 5619 a
2796 5563 3009 5619 diabolo
3035 5578 3129 5633 per
3150 5575 3374 5631 serpen-

1795 5678 1919 5729 tem.
1944 5664 2381 5739 Quandoquidem
2409 5657 2495 5719 illc
2519 5659 2731 5717 dicebat
2753 5702 2766 5729 ,
2794 5658 2854 5715 Si
2873 5655 3213 5723 comederitis,
3230 5654 3375 5716 eritis
