3754 6256
359 190 461 250 εει

364 318 418 362 ut
454 307 547 374 dit,
579 315 636 362 et
664 321 759 377 spe
804 304 1071 379 potienda:
1100 312 1418 381 aequalitatis
1465 327 1588 367 cum
1634 314 1746 369 Deo
1774 315 1951 370 cibum

372 398 512 453 hunc
541 414 758 455 sumere
785 400 901 454 ausi
927 410 1070 455 sunt.
1102 402 1275 471 Atque
1297 401 1396 455 hac
1423 402 1493 458 de
1518 418 1675 458 causa
1706 405 1847 459 Deus
1867 406 1960 459 ite.

367 505 487 544 rum
520 491 636 543 illos
667 505 888 546 monere
908 492 1128 556 volens,
1160 501 1216 546 ιιι
1245 494 1508 548 sentirent
1540 510 1699 564 quam
1725 498 1959 566 graviter

369 592 550 637 essent
597 583 731 651 lapsi
762 600 863 653 per
902 584 1321 640 inohedientiam
1363 594 1419 640 et
1442 586 1813 657 deceptionem
1833 630 1848 655 ,
1878 589 1960 644 in-

367 673 484 742 quit
517 691 531 723 :
564 672 694 727 Ecce
729 674 895 727 Adam
923 679 1087 745 factus
1134 685 1205 730 est
1233 678 1380 746 quasi
1426 693 1559 731 unus
1584 694 1649 732 ea:
1685 680 1847 733 nobis.
1903 679 1958 733 ln

370 775 577 820 tantum
607 766 856 821 ruborem
887 767 991 822 hoc
1030 768 1248 823 verbum
1283 770 1484 838 injicit,
1517 779 1576 825 ut
1603 781 1964 842 transgresso-

369 869 483 909 rem
530 858 765 925 graviter
792 867 1012 928 tangere
1057 860 1255 915 valeat.
1302 860 1459 928 Ideo,
1492 862 1695 932 inquit,
1724 872 1965 917 contem-

371 946 525 1014 psisti
568 946 874 1001 mandatum
926 966 1102 1004 meum
1129 950 1273 1021 qttod
1312 951 1568 1021 aequalem
1614 961 1667 1007 te
1696 952 1807 1007 Deo
1851 953 1964 1009 fore

377 1047 594 1107 putares
626 1041 682 1095 “2
712 1039 851 1095 Ecce
877 1040 1049 1097 factus
1075 1059 1135 1097 es
1160 1044 1300 1111 quod
1326 1046 1647 1114 exspectasti
1674 1064 1687 1099 :
1718 1047 1825 1099 imo
1854 1062 1961 1101 non

376 1129 517 1197 quod
544 1131 901 1198 exspectasti,
932 1133 1027 1187 sed
1070 1133 1279 1202 qualem
1322 1142 1374 1188 te
1425 1133 1540 1189 fieri
1567 1135 1787 1206 dignum
1824 1146 1961 1192 erat.

377 1217 531 1283 Ecce,
565 1220 754 1289 inquit,
788 1221 951 1274 Adam
988 1222 1148 1290 {actus
1171 1234 1241 1277 est
1277 1225 1421 1292 quasi
1442 1241 1574 1279 unus
1603 1243 1669 1280 ex
1691 1227 1835 1281 nobis
1854 1268 1868 1291 ,
1894 1228 1965 1280 ad

373 1311 633 1364 sciendum
655 1312 841 1366 bonum
867 1323 912 1367 et
935 1315 1142 1371 malum.
1175 1315 1287 1370 Hoc
1323 1316 1469 1371 enim
1518 1317 1676 1372 fallax
1721 1319 1965 1376 diabolus

376 1402 586 1458 dicebat
612 1419 705 1473 per
732 1414 1053 1475 serpentem,
1083 1406 1388 1475 Aperientur
1420 1411 1555 1463 oculi
1598 1413 1780 1479 vestri,
1805 1414 1969 1469 eritis-

375 1510 474 1562 que
508 1494 636 1549 sicut
662 1485 769 1562 dii,
817 1496 1029 1551 scientes
1064 1496 1251 1552 bonum
1282 1509 1327 1552 et
1371 1500 1583 1555 malum.
1627 1500 1696 1555 Et
1729 1519 1861 1559 nunc
1904 1519 1969 1559 ne

385 1588 513 1654 forte
535 1587 771 1641 extendat
825 1605 1035 1643 manum
1078 1598 1126 1643 et
1154 1597 1327 1659 tangat
1354 1591 1546 1662 lignum
1578 1593 1726 1660 vitta,
1759 1605 1806 1648 et
1831 1610 1971 1649 com-

378 1675 515 1741 edat,
541 1686 587 1731 et
616 1678 745 1731 vivat
760 1677 812 1730 in
831 1688 1099 1735 internum.
1114 1676 1267 1743 Vide,
1286 1694 1405 1748 oro,
1433 1680 1522 1736 hic
1541 1682 1968 1740 misericordiam

379 1768 609 1823 Domini.
664 1767 886 1838 Oportet
932 1773 1075 1830 enim
1117 1771 1260 1841 quod
1304 1773 1506 1829 dictum
1553 1784 1637 1831 est
1684 1776 1969 1847 diligenter

376 1860 603 1915 scrutari
624 1903 640 1928 ,
674 1870 732 1916 ut
765 1862 898 1917 nihil
924 1877 1109 1918 eorum
1138 1880 1259 1934 quae
1303 1865 1359 1919 in
1397 1866 1560 1921 tundo
1592 1877 1717 1923 sunt
1741 1869 1971 1926 abscon-

376 1949 509 2017 dita,
534 1952 702 2008 latere
728 1969 828 2009 nos
864 1963 1045 2025 queat.
1070 1956 1207 2012 Cum
1254 1958 1397 2015 Deus
1426 1960 1634 2015 Adamo
1659 1963 1968 2019 mandatum

377 2043 531 2100 daret
554 2086 569 2112 ,
596 2061 627 2100 a
654 2047 799 2102 nullo
821 2048 927 2103 alio
946 2049 1217 2106 abstinere
1239 2053 1512 2124 praecepit,
1540 2069 1700 2125 quam
1721 2055 1789 2111 ab
1810 2057 1970 2112 unico

378 2135 546 2206 ligno,
574 2137 642 2193 de
671 2154 779 2208 quo
810 2141 931 2210 quia
952 2140 1114 2199 edere
1141 2141 1241 2197 fuit
1264 2158 1448 2212 ausus,
1473 2160 1629 2215 poena
1652 2147 1842 2202 mortis
1872 2148 1971 2219 ipsi

377 2225 611 2299 irrogata
655 2240 739 2285 est
768 2231 948 2302 :quod
977 2247 1099 2288 cum
1149 2235 1466 2304 praeciperet
1508 2236 1581 2291 illi
1613 2237 1853 2292 delinivit
1875 2282 1889 2303 ,
1922 2238 1968 2294 si

379 2321 859 2390 praevaricaretur,
924 2322 993 2379 de
1049 2324 1193 2395 ligno
1251 2327 1375 2381 vitae
1445 2328 1577 2382 nihil
1632 2330 1966 2401 praecipiens.

378 2412 822 2483 Quandoquidem
850 2416 994 2470 enim
1015 2458 1031 2482 ,
1056 2425 1115 2470 ut
1133 2418 1385 2474 existimo
1408 2460 1424 2484 ,
1447 2428 1504 2474 et
1532 2420 1827 2491 intelligere
1852 2431 1966 2488 est,

380 2502 737 2560 immortalem
764 2506 918 2561 illum
946 2508 1182 2574 creavit,
1216 2510 1478 2579 potuisset
1523 2511 1664 2582 ipse,
1693 2514 1738 2567 si
1766 2513 1968 2570 voluis-

378 2603 480 2661 set,
504 2610 626 2650 cum
652 2597 772 2653 aliis
800 2599 960 2654 etiam
988 2598 1057 2654 de
1085 2599 1187 2655 hoc
1211 2602 1355 2657 vesci
1376 2602 1515 2673 quod
1547 2613 1858 2675 perpetuam
1888 2605 1966 2661 illi

377 2687 692 2744 contulisset
729 2692 891 2745 vitam
924 2706 1128 2761 :quare
1168 2693 1373 2749 nullum
1419 2695 1728 2751 mandatum
1759 2695 1827 2753 de
1874 2698 1968 2753 illo

380 2781 605 2849 accepit.

455 2872 509 2927 5.
537 2874 593 2929 Si
629 2883 808 2930 autem
838 2875 1085 2933 curiosus
1116 2877 1309 2949 aliquis
1335 2889 1526 2951 rogat,
1554 2896 1719 2952 quare
1770 2881 1969 2952 lignum

379 2964 504 3018 vitae
552 2965 623 3018 sit
673 2966 1231 3034 appellatumzsciat,
1288 2985 1393 3024 non
1450 2986 1609 3041 posse
1659 2972 1969 3040 hominem,

380 3055 493 3109 suis
522 3055 762 3110 innixum
793 3060 1086 3114 ratiociniis
1107 3102 1122 3126 ,
1152 3061 1334 3116 omnia
1364 3062 1457 3118 Dei
1497 3078 1661 3134 opera
1703 3067 1969 3123 contueri.

382 3145 565 3200 Visum
592 3147 734 3202 enim
760 3148 858 3202 fuit
880 3150 1125 3219 Domino,
1143 3161 1202 3206 ut
1225 3154 1658 3210 exercitationem
1680 3158 1968 3228 quamdam

380 3238 701 3293 ohedientiae
730 3250 787 3294 et
809 3241 1183 3299 inobedientia:
1199 3244 1422 3302 haberet
1451 3248 1611 3304 homo
1638 3266 1668 3303 a
1697 3267 1756 3307 se
1778 3253 1968 3321 factus,

381 3340 438 3387 et
470 3331 521 3385 in
573 3332 821 3402 paradiso
849 3334 1084 3406 degens,
1115 3345 1174 3392 ut
1211 3337 1318 3393 duo
1348 3340 1445 3394 iSta
1486 3341 1621 3410 ligna
1654 3343 1723 3398 ibi
1769 3348 1971 3401 consti-

380 3432 555 3478 tueret
579 3466 593 3491 ,
622 3426 851 3480 alterum
895 3427 1111 3496 quidem
1139 3430 1263 3485 vita
1283 3472 1298 3496 ,
1335 3431 1562 3487 alterum
1592 3450 1719 3488 vero
1738 3476 1755 3495 .
1808 3447 1866 3491 ut
1894 3437 1972 3492 sic

379 3514 585 3584 loquar,
613 3518 820 3572 mortis.
846 3517 976 3574 Nam
998 3520 1115 3590 ejus
1146 3536 1271 3578 esus
1292 3532 1345 3578 et
1364 3527 1712 3595 transgressio
1739 3529 1970 3586 mandati

383 3619 613 3663 mortem
646 3608 719 3663 illi
779 3612 975 3666 attulit.
1009 3613 1232 3681 Quando
1254 3616 1432 3686 igitur,
1465 3616 1552 3672 ubi
1599 3617 1667 3674 de
1692 3618 1794 3675 hoc
1820 3636 1973 3676 com-

380 3700 514 3761 edit,
545 3700 785 3756 mortalis
809 3700 977 3759 factus
1020 3714 1135 3770 est,
1172 3708 1518 3778 corporisque
1563 3712 1971 3769 necessitatibus

378 3791 639 3845 obnoxius
656 3830 677 3860 ,
704 3800 757 3847 et
782 3793 954 3863 primo
978 3806 1253 3864 peccatum
1284 3799 1577 3868 ingressum
1603 3812 1685 3857 est
1709 3843 1725 3870 ,
1756 3816 1973 3875 pr0pter

383 3885 525 3955 quod
564 3894 619 3940 et
645 3901 794 3940 mors
822 3902 852 3941 a
894 3888 1124 3944 Domino
1146 3892 1349 3947 utiliter
1382 3893 1687 3964 dispensata
1717 3906 1802 3951 est
1822 3937 1839 3963 ,
1863 3912 1970 3953 non

380 3977 606 4045 posthac
632 3979 684 4032 in
716 3980 963 4047 paradiso
1006 3983 1259 4052 relinquit
1304 3985 1508 4052 Adam,
1539 3987 1632 4042 sed
1660 3989 1808 4044 exire
1850 3990 1972 4048 inde

374 4068 551 4137 jubet,
584 4079 889 4125 monstrans
935 4088 995 4128 se
1023 4084 1242 4144 propter
1275 4077 1403 4131 nihil
1431 4079 1574 4134 aliud
1621 4080 1723 4137 hoc
1752 4082 1929 4139 facere
1952 4125 1968 4151 ,

382 4175 543 4229 quam
570 4171 788 4231 propter
816 4162 1195 4235 benignitatem
1216 4182 1321 4238 qua
1351 4169 1499 4225 illum
1529 4175 1968 4244 prosequebatur.

381 4251 452 4307 Et
504 4264 562 4307 ιιι
609 4254 711 4309 hoc
733 4267 981 4313 accurate
1005 4258 1310 4327 discamus,
1353 4262 1530 4332 operte
1556 4265 1782 4333 pretium
1814 4266 1971 4324 luerit

385 4344 541 4398 verba
560 4344 753 4401 divina:
773 4347 1063 4418 Scriptura:
1087 4350 1264 4407 denuo
1288 4353 1483 4425 legere.
1509 4353 1576 4410 Et
1593 4374 1745 4426 nunc,
1776 4360 1966 4430 inquit,

380 4452 444 4490 ne
486 4438 687 4506 quando
714 4441 946 4495 extendat
976 4459 1183 4497 manum
1202 4485 1218 4512 ,
1251 4454 1300 4499 et
1318 4447 1535 4517 accipiat
1559 4450 1623 4503 de
1648 4448 1785 4521 ligno
1813 4454 1929 4507 vita:
1950 4494 1968 4521 ,

385 4538 438 4586 et
468 4531 717 4595 comedat,
743 4541 790 4586 et
811 4533 941 4587 vivat
978 4536 1033 4588 in
1075 4546 1336 4591 aternmu.
1366 4539 1498 4595 Nam
1523 4542 1647 4612 quia
1671 4558 1861 4615 magna
1886 4545 1971 4600 in-

381 4624 770 4694 temperantia»,
804 4624 992 4695 inquit,
1028 4628 1219 4682 indicia
1240 4631 1513 4700 exhibuit,
1539 4638 1969 4703 praevaricando—

379 4728 482 4783 quc
504 4715 810 4768 mandatum
838 4718 1078 4772 mortalis
1098 4717 1269 4775 factus
1286 4731 1391 4788 est,
1415 4738 1481 4778 ne
1499 4740 1639 4779 nunc
1659 4736 1713 4780 et
1744 4727 1966 4797 lignum,

376 4805 516 4874 quod
544 4805 706 4860 vitam
748 4807 949 4876 przehct
967 4810 1293 4878 continuam,
1322 4814 1585 4883 attingere
1606 4817 1819 4885 audeat,
1850 4836 1972 4890 pec-

375 4907 595 4951 eaturus
624 4908 888 4969 perpetuo
908 4940 923 4966 ,
953 4901 1121 4956 satius
1167 4901 1327 4959 fuerit
1366 4904 1490 4961 hinc
1512 4908 1682 4977 ipsum
1711 4911 1866 4980 ejici;
1896 4914 1965 4970 ita

374 5000 433 5045 ut
460 4990 630 5062 magis
657 4992 1033 5061 providentire,
1062 5010 1221 5066 quam
1253 4996 1630 5068 indignationis
1674 5002 1833 5061 fuerit
1876 5006 1967 5061 illa

373 5084 584 5151 ejectio.
620 5083 717 5139 llic
739 5086 882 5140 enim
930 5102 1050 5143 mos
1076 5096 1159 5144 est
1185 5088 1392 5145 Domini
1425 5092 1622 5156 nostri,
1654 5104 1712 5152 ut
1740 5098 1967 5166 puniens

372 5192 479 5230 non
504 5178 678 5233 minus
705 5193 862 5249 quam
891 5179 1235 5238 benefaciens
1273 5197 1424 5239 suam
1452 5201 1577 5257 erga
1605 5202 1701 5245 nos
1726 5189 1968 5247 declaret

378 5271 767 5337 providentiam
789 5314 805 5340 ,
833 5276 1031 5345 quippe
1065 5286 1121 5332 et
1152 5277 1289 5333 hanc
1340 5294 1554 5350 paruam
1584 5280 1964 5340 admonitionis

375 5361 541 5427 gratia
568 5363 722 5417 nobis
748 5364 1017 5434 irrogavit.
1048 5368 1182 5436 Quia
1210 5370 1390 5440 utique
1424 5371 1471 5425 si
1497 5372 1686 5429 scisset
1728 5390 1825 5429 nos
1853 5392 1958 5430 non

374 5450 589 5523 pejores
618 5453 733 5509 ﬁeri
777 5456 993 5528 impune
1023 5460 1290 5528 peccando
1309 5500 1324 5527 ,
1354 5463 1663 5535 neutiquam
1690 5466 1829 5520 ultra
1862 5483 1962 5535 pu-

450 5550 464 5576 ‘
536 5559 758 5622 revoces,
781 5549 1161 5622 qupd‘ccqttttlem
1185 5557 1231 5622 te
1253 5553 1350 5622 _De_o
1371 5560 1568 5622 putares
1590 5557 1821 5622 (locustam
1848 5578 1964 5622 φαν-

384 5611 614 5721 τασῑίεξ),
637 5611 820 5663 desunt
840 5613 888 5661 in
912 5611 1112 5673 Μαι-ει..
1136 5613 1227 5664 sed
1252 5611 1499 5666 habentur
1520 5619 1571 5667 in
1596 5611 1753 5670 'Savil.
1790 5611 1960 5673 et'ali-

387 5685 488 5734 quo
534 5700 547 5720 .
582 5685 649 5721 ss.

1091 195 1150 251 S.
1190 195 1469 253 JOANNIS
1504 196 1984 258 CHRYSOSTOMI
2016 201 2329 261 ARCHIEP.
2370 206 2904 269 CONSTANTINOP.

3552 221 3657 278 15?.

2064 320 2250 375 niisset
2281 338 2296 376 :
2324 322 2417 377 sed
2449 334 2505 378 ut
2555 327 2810 395 reprimat
2851 338 3092 385 nostrum
3121 330 3187 386 ad
3232 330 3497 389 deteriora
3525 351 3655 406 pro.

2059 422 2302 480 gressum
2328 453 2343 477 ,
2390 424 2446 469 et
2503 417 2653 471 tollat
2693 419 2949 474 malitiam
3003 422 3226 477 ulterius
3266 435 3601 493 grassantem
3635 467 3652 493 ,

2063 517 2213 558 suam
2263 507 2528 561 servando
2574 510 2995 566 misericordiam
3023 553 3038 578 ,
3083 515 3278 583 punit:
3311 515 3362 569 id
3407 516 3548 587 quod
3601 526 3659 571 et

2064 612 2207 652 nunc
2246 598 2391 654 fecit.
2421 598 2616 656 Curam
2660 604 2803 657 enim
2848 620 3010 675 agens
3054 607 3352 676 primigenii
3384 609 3656 670 hominis,

2065 688 2185 757 ejici
2217 690 2387 759 ipsum
2434 708 2466 748 e
2492 693 2738 763 paradiso
2768 700 3037 767 praecepit.
3084 700 3174 754 23.
3204 699 3273 754 Et
3299 703 3459 756 emisit
3508 704 3661 756 illum

2066 779 2317 837 Dominus
2361 783 2499 839 Deus
2542 803 2605 840 ea:
2642 790 2881 856 paradiso
2916 791 3213 862 voluptatis,
3262 803 3316 847 ut
3361 807 3666 865 aperarctur

2067 878 2253 925 terram
2278 873 2342 927 de
2364 890 2465 944 qua
2507 886 2738 947 sumptus
2767 886 2857 933 est.
2890 879 3082 935 lterum
3113 898 3229 948 oro,
3262 894 3320 939 ut
3348 885 3433 941 hic
3458 886 3667 942 divina:

2067 958 2355 1031 Scriptura:
2378 964 2703 1034 diligentiam
2722 967 2922 1024 videas.
2948 970 3129 1025 Emisit
3150 973 3314 1040 illum,
3342 974 3535 1046 inquit,
3562 976 3669 1030 Do-

2069 1054 2238 1109 minus
2264 1054 2402 1111 Deus
2432 1074 2496 1111 ea:
2536 1060 2779 1128 paradiso
2821 1062 3095 1133 voluptatis
3115 1106 3130 1129 ,
3154 1076 3208 1118 ut
3235 1078 3531 1131 operaretur
3556 1081 3666 1121 ter-

2069 1161 2179 1198 ram
2205 1145 2267 1199 de
2282 1162 2383 1216 qua
2421 1160 2653 1220 sumptus
2673 1164 2765 1206 est.
2798 1152 2936 1208 Ecce
2966 1156 3283 1210 sententiam
3306 1170 3455 1212 suam
3484 1161 3668 1227 reipsa

2070 1238 2415 1307 exsequitur;
2464 1250 2519 1296 et
2561 1258 2631 1297 ex
2663 1245 2911 1313 paradiso
2935 1249 3223 1318 voluptatis
3262 1249 3512 1320 ejectum,
3549 1263 3670 1307 ter-

2070 1342 2186 1381 ram
2213 1328 2279 1383 de
2303 1346 2406 1400 qua
2446 1342 2689 1403 sumptus
2710 1344 2829 1389 erat
2854 1339 3064 1406 operari
3107 1339 3278 1409 jubet.
3306 1340 3414 1395 Nec
3455 1351 3669 1397 temere

2071 1420 2237 1487 dixit,
2266 1423 2338 1477 De
2376 1440 2475 1495 qua
2496 1436 2725 1497 sumptus
2752 1438 2826 1482 est
2853 1444 2872 1483 :
2901 1430 2995 1485 sed
3039 1442 3098 1484 ut
3130 1442 3384 1502 perpetuo
3412 1448 3663 1488 commo-

2072 1514 2297 1571 nelleret
2337 1516 2654 1573 humilitatis
2696 1518 2837 1574 inter
2862 1521 3226 1591 operandum,
3252 1523 3501 1595 scireque
3543 1540 3675 1594 pos-

2073 1612 2156 1660 set
2176 1620 2237 1661 se
2263 1605 2386 1662 inde
2409 1622 2530 1663 esse
2556 1612 2928 1678 constitutum,
2958 1622 3013 1667 et
3036 1612 3387 1668 subStantiam
3417 1617 3673 1685 corporis

2072 1713 2140 1754 ex
2186 1708 2327 1754 terra
2378 1700 2577 1757 habere
2618 1702 2687 1758 ab
2716 1704 2867 1759 initio
2898 1723 2911 1760 :
2944 1713 3003 1758 ut
3040 1705 3185 1758 illam
3227 1706 3425 1776 ipsam,
3454 1708 3671 1777 inquit,

2072 1802 2326 1865 operetur
2354 1803 2575 1859 terram,
2604 1811 2670 1851 ex
2694 1812 2797 1867 qua
2824 1807 2879 1852 et
2898 1798 3013 1867 ipse
3046 1800 3366 1855 constitutus
3395 1810 3501 1855 est.
3532 1801 3675 1855 Nam

2073 1885 2177 1941 hoc
2201 1886 2341 1957 quod
2372 1888 2425 1942 in
2458 1889 2720 1944 sententia
2768 1889 2981 1945 dicebat
3003 1930 3019 1956 ,
3069 1889 3135 1945 In
3171 1893 3356 1947 sudore
3384 1894 3536 1963 faciei
3569 1906 3676 1947 tua

2072 1981 2281 2034 vesceris
2330 1996 2461 2049 pane
2496 1990 2582 2036 tuo
2624 1996 2643 2035 :
2674 1980 2902 2051 idipsum
2957 1990 3013 2037 ct
3058 1997 3197 2038 nunc
3241 1984 3401 2048 dicit,
3451 1985 3678 2054 quando

2074 2070 2263 2141 inquit,
2293 2070 2362 2127 Ut
2386 2082 2680 2143 aperaretur
2713 2082 2900 2127 terram
2926 2074 2989 2128 de
3006 2090 3107 2144 qua
3130 2086 3357 2144 sumptus
3386 2086 3481 2129 est.
3517 2075 3677 2130 Post-

2075 2162 2192 2230 hac,
2228 2174 2284 2218 ut
2304 2164 2573 2220 discamus
2602 2176 2800 2236 quanto
2819 2166 2993 2236 spatio
3012 2167 3182 2236 ipsum
3210 2181 3239 2220 a
3268 2167 3519 2235 paradiso
3549 2167 3675 2222 cul-

2074 2254 2306 2321 locavit,
2349 2256 2509 2309 etiam
2550 2255 2679 2311 illud
2706 2257 2878 2326 ipsum
2904 2254 3180 2326 Scriptura
3224 2252 3409 2311 divina
3437 2273 3541 2311 nos
3568 2257 3675 2312 do-

2072 2354 2194 2401 cet:
2219 2345 2310 2400 24.
2342 2346 2601 2418 Ejecitque
2642 2347 2889 2402 Dominus
2928 2346 3068 2402 Deus
3094 2348 3289 2417 Adam,
3314 2358 3362 2403 et
3399 2350 3680 2403 collocavit

2072 2453 2187 2493 eum
2213 2455 2240 2493 e
2258 2439 2460 2509 regione
2485 2440 2710 2510 paradisi
2735 2440 3027 2511 voluptatis.

2147 2527 2251 2583 Cur
2266 2545 2329 2583 ea;
2342 2530 2550 2583 adverso
2567 2531 2793 2601 paradisi
2816 2534 3011 2602 positus
3025 2532 3682 2588 Adam—Animadverte

2072 2633 2412 2674 communem
2433 2621 2711 2675 Dominum
2730 2630 2969 2676 nostrum
2989 2623 3042 2676 in
3063 2623 3286 2694 singulis
3300 2625 3561 2693 operibus
3585 2625 3681 2679 be-

2074 2711 2344 2781 nignitatis
2362 2725 2730 2785 argumentum
2752 2714 3027 2781 exhibere,
3049 2724 3105 2771 et
3132 2716 3364 2786 singulas
3384 2732 3682 2787 pmnarum

2072 2806 2281 2874 species
2313 2804 2547 2861 bonitate
2573 2808 2755 2876 plenas
2780 2822 2921 2863 esse.
2948 2806 3063 2862 Non
3092 2809 3234 2862 enim
3256 2808 3358 2863 hoc
3374 2810 3553 2863 solum
3577 2811 3684 2862 mi-

2026 2958 2029 2959 ν
2074 2898 2381 2954 scricordia:
2394 2908 2449 2955 et
2467 2898 2808 2970 benignitatis
2819 2910 3191 2969 argumentum
3210 2908 3344 2967 erat,
3362 2900 3507 2971 quod
3524 2903 3688 2955 emit-

2075 2998 2209 3044 teret
2234 3000 2286 3044 et
2313 2989 2563 3060 ejiceret;
2586 2991 2680 3045 sed
2703 3001 2756 3045 et
2794 2991 2935 3062 quod
2962 2991 3108 3045 illum
3150 3002 3331 3045 contra
3359 2992 3685 3061 paradisum

2073 3083 2378 3147 collocaret,
2400 3093 2456 3137 ut
2479 3082 2659 3154 jugem
2677 3082 2914 3140 dolorem
2935 3083 3150 3138 haberet
3169 3083 3404 3155 quotidie
3424 3086 3689 3154 cogitans

2076 3174 2219 3230 unde
2241 3174 2547 3244 exciderat,
2579 3185 2633 3232 et
2677 3176 2729 3230 in
2750 3191 2907 3247 quem
2938 3185 3136 3231 statum
3163 3193 3222 3232 se
3243 3177 3581 3247 coniecerat.
3618 3180 3689 3233 Et

2075 3266 2317 3336 quamvis
2362 3267 2660 3335 gravissimi
2705 3267 2910 3323 doloris
2962 3269 3324 3338 Spectaculum
3371 3280 3563 3335 esset,
3600 3281 3687 3324 ta-

2075 3375 2196 3415 men
2223 3373 2429 3431 magna:
2451 3361 2691 3416 utilitatis
2713 3371 2830 3417 erat
2854 3362 3086 3429 occasio,
3111 3372 3167 3416 ut
3196 3362 3389 3418 dolens
3410 3365 3690 3419 continuo

2074 3460 2314 3523 aspectu,
2348 3453 2606 3509 munitior
2631 3462 2685 3509 et
2711 3455 2919 3511 cautior
2941 3464 3086 3511 esset
3116 3456 3166 3509 in
3195 3455 3313 3509 aliis
3333 3497 3349 3522 ,
3374 3472 3443 3510 ne
3475 3456 3693 3511 iterum

2076 3544 2128 3598 in
2154 3543 2340 3599 eadem
2365 3556 2575 3615 peccata
2607 3545 2889 3601 incideret.
2926 3545 3058 3600 Nam
3085 3547 3336 3616 quoniam
3374 3546 3464 3601 hic
3492 3546 3691 3602 homi-

2075 3637 2160 3693 nis
2186 3647 2242 3693 ut
2266 3639 2554 3710 plurimum
2580 3654 2696 3695 mos
2715 3648 2818 3707 est,
2851 3648 2908 3695 ut
2936 3641 3061 3695 dum
3082 3640 3237 3696 bouis
3265 3641 3517 3707 fruimur,
3548 3642 3695 3712 ips’s

2074 3737 2133 3784 ut
2169 3739 2379 3800 oportet
2415 3732 2490 3786 uti
2517 3732 2820 3787 nesciamus
2844 3774 2858 3797 ,
2888 3731 3101 3786 illorum
3141 3732 3437 3802 privatione
3481 3749 3693 3789 cmen-

2074 3820 2285 3886 damur,
2316 3832 2370 3877 et
2409 3830 2535 3878 tunc
2559 3824 2886 3894 experientia
2911 3824 3055 3879 docti
3079 3823 3281 3878 sentire
3308 3834 3558 3878 nostram
3589 3827 3693 3880 de-

2073 3915 2263 3969 sidiam
2292 3915 2609 3985 iucipimus,
2640 3926 2800 3987 atque
2846 3917 2920 3972 ita
2969 3927 3113 3971 tanta
3164 3932 3345 3971 rerum
3371 3919 3692 3974 mutatione

2074 4006 2350 4073 docemur,
2376 4018 2431 4063 et
2455 4023 2485 4062 a
2511 4009 2704 4079 quibus
2725 4009 3053 4077 excidimus,
3077 4020 3131 4065 et
3159 4009 3353 4081 quibus
3394 4025 3497 4064 nos
3528 4011 3692 4081 ipsos

2075 4100 2231 4155 malis
2250 4101 2718 4157 circumdedimus.
2744 4102 2925 4173 Itaque
2951 4103 3094 4173 quod
3125 4119 3289 4173 prope
3314 4111 3369 4158 et
3391 4119 3426 4159 e
3447 4106 3693 4173 regione

2076 4192 2305 4263 paradisi
2345 4208 2467 4247 eum
2514 4194 2605 4263 qui
2649 4194 2794 4249 illinc
2847 4194 3120 4250 exciderat
3165 4194 3404 4251 habitare
3472 4197 3687 4267 jussit,

2076 4286 2321 4340 maxima:
2364 4286 2712 4356 providentia:
2737 4296 2793 4342 et
2829 4301 2973 4343 cura:
3016 4288 3226 4358 signum
3270 4288 3370 4342 fuit
3396 4329 3413 4352 ,
3441 4298 3502 4344 ut
3550 4306 3693 4361 spe-

2076 4378 2273 4433 ctando
2300 4393 2506 4434 memor
2526 4390 2671 4435 esset
2700 4389 2755 4435 et
2778 4378 2901 4435 inde
2928 4380 3131 4435 lucrum
3154 4378 3373 4449 laceret,
3400 4395 3469 4436 ac
3495 4396 3695 4453 neque

2076 4471 2359 4527 immodica
2379 4472 2592 4527 vivendi
2615 4473 3069 4543 concupiscentia,
3100 4473 3185 4528 vel
3213 4472 3344 4528 loris
3372 4473 3691 4542 exsistens,

2074 4560 2143 4617 de
2171 4563 2313 4633 ligno
2332 4563 2614 4619 comedere
2634 4573 3002 4634 przesumeret.
3025 4564 3207 4618 Divina
3228 4564 3370 4619 enim
3393 4564 3694 4636 Scriptura

2075 4657 2252 4712 omnia
2281 4658 2455 4723 nobis,
2475 4667 2631 4727 prout
2658 4668 2856 4714 nostra:
2882 4659 3175 4713 inﬁrmitati
3197 4668 3525 4727 congruunt,
3556 4676 3697 4715 nar-

2076 4761 2179 4804 rat.
2208 4749 2277 4803 Et
2302 4750 2562 4805 collocavit
2606 4750 2872 4805 Cherubim
2901 4762 2946 4805 et
2974 4753 3263 4821 ﬂammeum
3289 4752 3531 4823 gladium
3566 4770 3695 4808 ver-

2074 4842 2270 4897 sutilcm
2297 4844 2363 4896 ad
2401 4843 2782 4898 custodiendam
2815 4845 2948 4898 viam
2981 4846 3105 4916 ligni
3138 4845 3267 4900 vitat.
3299 4845 3655 4918 Negligentia
3676 4892 3693 4916 ,

2074 4951 2233 5007 quam
2269 4936 2379 5007 jam
2422 4936 2565 4992 circa
2608 4936 2861 4994 traditum
2909 4948 3229 5008 prmeeptum
3271 4938 3692 5007 exhibuerant,

2075 5030 2129 5086 in
2159 5045 2316 5085 causa
2347 5030 2523 5087 fuitut
2567 5040 2710 5086 tanta
2754 5033 3003 5089 cautione
3045 5033 3219 5088 aditus
3246 5034 3378 5104 ipsis
3408 5036 3692 5093 interclu-

2074 5124 2310 5182 deretur.
2328 5126 2709 5183 Animadverte
2722 5126 2809 5181 hic
2824 5128 3113 5198 benignum
3132 5128 3295 5183 Deum
3316 5144 3423 5183 non
3444 5142 3692 5187 conten-

2082 5226 2192 5271 tum
2224 5217 2388 5274 fuisse
2414 5217 2685 5273 hominem
2714 5233 2745 5273 c
2774 5218 2991 5289 regione
3020 5220 3251 5289 paradisi
3276 5219 3553 5286 habitare,
3584 5226 3693 5279 sed

2075 5312 2393 5381 przecepisse
2420 5313 2576 5365 etiam
2600 5353 2613 5377 ,
2644 5320 2701 5365 nt
2728 5312 2948 5367 virtutes
2977 5312 3080 5365 illa:
3110 5310 3397 5367 Cherubim
3430 5321 3486 5367 et
3514 5312 3692 5368 ﬂam-

2075 5418 2226 5457 meus
2254 5404 2461 5475 gladius
2493 5404 2584 5458 ille
2611 5404 2878 5458 versatilis
2906 5404 3239 5459 custodirent
3258 5405 3428 5468 viam,
3462 5422 3593 5474 qua:
3623 5408 3693 5461 ilv

2075 5495 2162 5549 lue
2193 5496 2492 5551 inducebat.
2528 5495 2635 5551 Nec
2663 5496 2866 5566 absque
2887 5511 3047 5551 causa
3079 5497 3300 5565 addidit,
3336 5496 3705 5563 Vcrsatilem,

2073 5586 2165 5642 sed
2196 5587 2453 5641 utdoeeat
2498 5602 2629 5650 nos,
2662 5603 2878 5642 mnnem
2907 5589 3044 5642 viam
3077 5587 3167 5642 illo
3209 5587 3499 5652 ducentem
3534 5606 3691 5656 pra--

2075 5677 2279 5733 clusam
2324 5678 2485 5734 fuisse
2510 5719 2527 5745 ,
2556 5695 2621 5735 eo
2641 5678 2785 5748 quod
2816 5678 3022 5750 gladius
3062 5679 3150 5735 ille
3175 5679 3303 5736 dum
3336 5692 3691 5749 versaretur,
