3796 6242
98 258 192 313 153

95 373 358 426 ohturaret
403 376 457 422 et
499 366 844 437 prmmuniret
881 378 1071 417 omnes
1104 364 1217 417 vias
1245 376 1364 430 quas
1395 362 1485 415 illo
1514 358 1673 413 ἀηθε-

97 474 245 528 rent,
277 472 330 515 ct
361 462 765 516 nt‘continuam
795 458 1108 514 memoriam
1148 465 1201 510 et
1228 456 1477 510 timorem
1527 453 1676 508 incu-

95 566 201 609 tere
226 553 301 607 illi
330 559 513 621 posset
545 552 586 603 ι.

157 645 209 698 4.
252 642 420 696 Adam
445 651 615 694 autem
639 638 869 709 cognorit
896 636 1059 691 Evam
1084 651 1294 691 uxorem
1310 650 1457 689 suam
1497 632 1517 707 (
1543 632 1675 703 Cap.

98 738 141 789 t.
174 752 218 787 υ.
254 735 333 801 1).
362 731 655 787 Considera
674 744 679 773 έ
700 729 916 801 quando
954 730 1056 784 hoc
1085 727 1279 783 factum
1321 728 1411 781 sit.
1439 726 1565 780 Post
1594 726 1679 779 in-

97 825 470 887 ohedientiam,
492 830 611 891 post
638 818 871 891 paradisi
896 817 1263 881 amissionem,
1286 826 1414 871 tunc
1449 815 1703 885 primum

98 930 217 968 usus
245 914 324 968 rei
356 926 604 968 venerere
657 910 840 980 coepit.
885 910 1028 963 Ante
1071 906 1487 963 inobedientiam
1535 905 1680 961 enim

98 1004 390 1075 angelicam
420 1005 584 1059 vitam
615 1002 981 1067 imitabantur,
1011 1010 1066 1056 et
1086 1000 1264 1055 nullus
1287 998 1355 1055 de
1371 1013 1431 1054 re
1451 980 1679 1052 venerea

98 1112 267 1152 sermo
295 1104 430 1151 erat.
462 1095 566 1161 Qui
585 1093 727 1149 enim
751 1094 939 1163 potuit,
962 1106 1084 1145 cum
1113 1106 1289 1161 neque
1314 1087 1701 1157 corporalibus

100 1185 499 1241 necessitatibus
518 1182 988 1241 obnoxiifuerint?
1016 1181 1199 1252 Itaque
1223 1180 1291 1234 ab
1320 1180 1473 1234 initio
1519 1177 1701 1247 virgi-.

102 1281 228 1333 nitas
251 1280 489 1347 palmam
513 1278 838 1348 principatus
867 1276 1073 1345 accepit
1105 1292 1119 1330 :
1147 1274 1240 1329 sed
1264 1282 1543 1344 postquam
1591 1286 1685 1341 per

104 1372 353 1427 desidiam
381 1370 597 1425 intravit
621 1369 998 1431 inobedientia,
1052 1376 1108 1422 et
1157 1365 1333 1421 aditus
1390 1364 1687 1436 patefactus

102 1477 174 1521 est
204 1475 450 1535 peccato,
482 1464 570 1518 illa
598 1463 811 1534 quidem
833 1461 1086 1526 avolavit,
1135 1470 1323 1530 utpote
1378 1460 1447 1513 ab
1492 1458 1557 1512 iis
1597 1457 1689 1526 qui

106 1559 294 1627 indigni
328 1567 491 1611 tanta:
518 1555 731 1610 virtutis
758 1553 1127 1624 magnitudine
1163 1551 1286 1606 facti
1335 1560 1488 1605 erant
1515 1564 1531 1603 :
1559 1548 1705 1603 sub-v

106 1651 318 1705 intravit
339 1658 521 1703 autem
569 1648 654 1701 lex
695 1659 1032 1714 congressus.
1063 1643 1243 1714 Cogita
1271 1642 1446 1711 igitur,
1474 1639 1707 1707 dilecte,

105 1752 292 1812 quanta
315 1740 647 1811 virginitatis
668 1739 917 1808 dignitas,
951 1752 1111 1807 quam
1143 1733 1385 1790 sublimis
1415 1741 1470 1787 et
1498 1734 1693 1801 magna

106 1833 394 1902 possessio,
422 1847 541 1901 qua:
564 1832 634 1885 sit
661 1844 821 1900 supra
844 1829 1128 1885 Immanam
1160 1836 1405 1881 naturam
1428 1864 1446 1890 ,
1493 1832 1548 1880 et
1575 1838 1695 1894 qua:

106 1940 233 1995 opus
263 1924 469 1979 habeat
496 1938 657 1977 manu
677 1924 698 1954 '
728 1936 979 1992 superna.
1006 1919 1159 1988 Quod
1180 1918 1326 1974 enim
1348 1918 1385 1972 ii
1411 1915 1503 1988 qui
1526 1915 1691 1985 virgi-

109 2018 323 2070 nitatem
355 2015 604 2070 alacriter
628 2013 912 2082 arripiunt,
941 2013 993 2066 in
1019 2024 1245 2079 corpore
1272 2024 1337 2065 ea
1378 2016 1539 2078 agant
1575 2021 1693 2078 quas

111 2107 548 2175 incorporearum
572 2114 699 2159 sunt
725 2103 1003 2170 virtutum,
1034 2102 1157 2157 audi
1182 2100 1456 2156 Christum
1484 2096 1697 2155 Saddu-

108 2204 228 2253 cacis
257 2198 574 2251 dicentem:
608 2210 729 2250 nam
783 2194 852 2251 de
900 2192 1297 2249 resurrectione
1347 2189 1699 2263 quastionent

111 2298 416 2355 moventes,
440 2288 771 2342 sciscitantes
790 2285 1075 2341 dicebant:
1099 2283 1363 2353 Magister,
1395 2291 1536 2337 eram
1554 2281 1696 2353 apud

110 2397 196 2441 nos
218 2390 417 2449 septem
436 2383 641 2451 fratres,
669 2389 715 2433 et
742 2380 937 2449 primus
958 2393 1116 2434 uxore
1138 2378 1291 2431 ducta
1310 2376 1578 2445 defunctus
1604 2383 1697 2441 est,

113 2492 205 2527 non
234 2474 428 2526 habens
459 2473 661 2538 liberos,
690 2482 737 2525 et
763 2472 953 2525 dimisit
990 2485 1199 2524 uxorem
1239 2485 1386 2523 suam
1411 2468 1560 2538 fratri
1587 2483 1700 2521 suo.

116 2563 364 2619 Similiter
383 2573 433 2617 et
458 2564 732 2629 secundus,
766 2572 813 2617 et
837 2563 1030 2626 tertius,
1065 2570 1111 2615 et
1137 2570 1365 2631 quartus,
1396 2569 1443 2612 et
1467 2560 1698 2630 quintus,

116 2666 157 2707 et
180 2665 381 2721 sextus,
403 2664 451 2709 et
478 2656 737 2724 septimus.
770 2653 836 2709 In
864 2654 1231 2708 resurrectione
1275 2668 1393 2722 ergo
1412 2653 1557 2723 cujus
1580 2668 1607 2705 e
1627 2667 1707 2705 se-

119 2758 243 2815 ptem
268 2747 380 2800 illis
407 2747 502 2799 erit
522 2762 651 2799 uxor
669 2745 695 2798 .9
724 2744 909 2799 Omnes
933 2744 1064 2798 enim
1079 2743 1357 2797 habuerunt
1375 2741 1535 2795 illam.
1568 2741 1705 2808 Quid

119 2838 270 2907 igitur
311 2838 449 2893 dicit
475 2838 578 2892 illis
598 2836 883 2893 Christus?
911 2836 1134 2899 Erratis,
1162 2836 1439 2889 nescientes
1468 2832 1709 2900 Scriptuo

119 2946 215 2991 ras,
240 2946 411 2998 neque
429 2930 662 2983 virtutem
691 2928 806 3003 Dei.
852 2929 919 2981 In
964 2926 1326 2981 resurrectione
1366 2927 1499 2979 enim
1551 2940 1710 2993 neque

123 3037 296 3076 nores
316 3022 537 3086 ducunt,
592 3037 751 3089 neque
794 3020 1011 3086 nubunt,
1063 3018 1153 3072 sed
1198 3026 1314 3071 sunt
1374 3017 1503 3070 sicut
1546 3017 1713 3085 angeli

124 3116 353 3181 (Hatria.
412 3115 501 3169 22.
559 3115 752 3171 25—50.
823 3114 951 3169 Luc.
1014 3114 1105 3170 ΞΟ.
1156 3113 1363 3169 -28·56.
1436 3121 1482 3167 et
1542 3110 1710 3165 Marc.

126 3210 204 3263 l2.
237 3209 461 3279 19—25).
491 3208 679 3263 Vidisti
707 3207 977 3279 quomodo
1024 3208 1080 3262 in
1103 3216 1245 3262 terra
1273 3205 1630 3270 ambulantes,
1657 3212 1714 3258 et

124 3316 346 3373 corpore
388 3302 701 3357 circumdati
731 3303 1023 3371 angelicam
1084 3302 1247 3355 vitam
1299 3298 1573 3354 imitantur
1624 3296 1713 3367 qui

123 3393 318 3447 Christi
362 3406 550 3447 amore
577 3391 896 3463 virginitatis
950 3401 1150 3446 sortem
1196 3390 1556 3459 acceperunt?
1582 3388 1715 3442 Nam

125 3496 321 3555 quanto
346 3485 465 3539 bace
488 3486 663 3555 major
702 3493 787 3540 est
838 3492 893 3539 ct
939 3483 1255 3551 sublimior,
1290 3490 1438 3537 tanto
1485 3482 1719 3550 majores

125 3590 241 3635 sunt
283 3590 341 3636 et
373 3594 608 3645 coronae,
638 3590 693 3634 et
722 3580 1119 3645 retributiones,
1168 3587 1224 3634 et
1253 3577 1575 3647 repromissa
1617 3577 1718 3633 bo-

127 3686 187 3725 na
211 3687 412 3727 eorum
429 3672 518 3741 qui
538 3687 659 3725 cum
691 3671 791 3725 hac
816 3671 869 3725 in
898 3670 1018 3724 aliis
1048 3670 1199 3725 bonis
1220 3669 1544 3738 operibusse
1564 3682 1721 3722 exer-

125 3778 263 3820 cent.
292 3765 464 3819 Adam
481 3775 668 3832 autent,
698 3765 883 3835 inquit,
908 3761 1311 3835 cognovitEvam
1333 3776 1719 3828 mremsuam,

125 3871 170 3912 et
183 3860 423 3926 concepit
442 3900 458 3924 ,
490 3867 537 3911 et
568 3859 758 3927 peperit
785 3855 933 3911 Cain.
970 3856 1251 3924 Postquam
1282 3867 1377 3923 per
1403 3851 1719 3907 inobedien-

130 3955 252 4007 tiam
285 3950 515 4007 intravit
538 3961 834 4020 peccatum,
867 3958 921 4003 et
941 3946 1203 4003 sententia
1234 3945 1489 3999 mortales
1509 3942 1627 3998 illos
1650 3944 1723 3998 fe-

128 4046 216 4109 cit,
247 4050 653 4111 consequenter
681 4040 1019 4108 omnipotens
1061 4038 1200 4091 Deus
1228 4034 1520 4090 secundum
1571 4050 1724 4092 suam

133 4134 459 4203 sapientiam
483 4131 700 4186 humani
742 4130 956 4201 generis
984 4126 1348 4199 propagationi
1388 4126 1672 4180 consulens
1705 4164 1722 4189 ,

130 4227 402 4281 concessit
448 4240 547 4294 per
572 4224 767 4278 coitum
796 4232 1009 4275 auctum
1040 4221 1104 4274 iri
1134 4227 1373 4273 nostrum
1418 4232 1605 4289 genus.
1655 4215 1726 4269 Et

132 4319 277 4381 dixit,
312 4315 534 4369 Possedi
565 4314 813 4368 hominem
841 4328 929 4383 per
957 4310 1142 4365 Deum.
1171 4309 1303 4364 Vide
1322 4309 1593 4379 quomodo
1609 4322 1728 4379 pa:-

134 4427 193 4465 na
225 4411 434 4466 inﬂicta
467 4410 746 4471 mulierem
770 4404 1155 4471 emendaverit,
1189 4404 1572 4473 melioremque
1602 4403 1731 4457 red-

132 4508 358 4562 diderit.
387 4505 519 4559 Nam
542 4502 781 4573 puellum
827 4508 1008 4554 natum
1055 4515 1159 4552 non
1205 4505 1445 4557 naturae,
1473 4495 1566 4551 sed
1618 4494 1729 4549 Deo

132 4610 414 4669 acceptum
440 4596 627 4661 refert,
658 4602 971 4664 gratumque
999 4592 1235 4645 animum
1261 4588 1516 4642 declarat.
1539 4585 1728 4641 Vidisti

133 4690 413 4761 quomodo
437 4703 595 4759 paena
623 4686 1002 4741 admonitionis
1026 4684 1145 4737 loco
1167 4681 1271 4735 illis
1298 4678 1493 4733 fuerit?
1522 4677 1731 4733 Possedi

133 4785 300 4846 enim,
324 4781 524 4852 inquit,
548 4780 801 4833 hominem
830 4794 919 4847 per
944 4775 1128 4829 Deum.
1156 4773 1268 4828 Non
1301 4782 1513 4834 natura,
1538 4771 1728 4840 inquit,

136 4876 423 4944 puerulum
454 4871 585 4926 mihi
605 4869 778 4935 dedit,
810 4869 903 4924 sed
932 4868 1109 4922 divina
1132 4866 1320 4935 gratia.
1346 4862 1401 4916 2.
1438 4861 1501 4916 Et
1546 4863 1733 4932 adjecit

136 4980 186 5020 ut
214 4974 423 5036 pareret
445 4968 653 5035 fratrem
681 4961 819 5015 illius
848 4958 989 5013 Abel.
1020 4958 1150 5024 Quia
1182 4970 1281 5026 pro
1308 4964 1431 5009 nato
1460 4954 1569 5008 lilio
1582 4964 1730 5023 grata

137 5062 253 5127 luit,
286 5070 349 5115 et
376 5055 528 5128 prius
557 5054 875 5109 beneficium
914 5051 1150 5122 agnovit,
1206 5057 1496 5118 asseqqua
1539 5055 1622 5101 est
1680 5055 1735 5100 et

197 5197 213 5226 ¹
254 5200 371 5243 Post
393 5191 486 5240 bas
512 5201 673 5247 voces,
698 5187 911 5249 incutere
933 5179 1012 5236 illi
1027 5190 1197 5249 posset,
1239 5181 1559 5249 sic_claudunt
1581 5178 1735 5249 homi-

139 5241 373 5306 liamid'uo
397 5262 503 5301 MSS.
532 5261 545 5301 :
578 5241 728 5321 Igitur
744 5248 1015 5321 gratiarum
1027 5241 1243 5321 actiones
1264 5246 1519 5316 offeramus
1549 5241 1737 5321 christq

140 5302 246 5369 ἦῆ
274 5302 379 5368 ἆῤ
401 5302 729 5375 ηοδινοξὶιιήα
744 5302 910 5374 ipsum
931 5310 1066 5360 decet
1102 5308 1275 5372 gloria,
1292 5302 1570 5375 imperium,
1587 5302 1736 5375 (igtur

137 5366 179 5428 ei
208 5366 457 5436 adorata),
482 5366 608 5426 nunc
630 5366 675 5425 et
699 5366 906 5437 semper,
932 5376 1026 5421 etc.
1054 5366 1296 5434 Et'postea
1320 5366 1562 5418 humilium
1591 5366 1645 5416 19
1666 5366 1737 5415 sic

139 5444 399 5492 ordiuntur
436 5454 449 5489 :
1100 5450 1105 5453 ·

588 5496 797 5549 Homilia
828 5496 905 5545 19.

203 5566 541 5615 Αάαηιιηιιεηι
572 5561 785 5623 cognovit
813 5568 977 5623 Evam
994 5569 1200 5623 uxorem
1224 5566 1445 5623 suam...
1471 5560 1523 5601 et
1544 5558 1737 5623 textum

143 5612 528 5693 μόιᾶηυιὶᾎᾴιαν,
556 5612 883 5687 άδῖιαιειιιψκ
902 5624 949 5671 in
966 5619 1071 5668 haec
1095 5619 1325 5679 verba,“
1358 5613 1479 5668 Cain
1501 5612 1735 5677 agricola.

203 5693 224 5723 ⁸
260 5690 468 5751 Quidam
492 5696 619 5747 Mss,
638 5686 949 5751 gratim-pro,
974 5694 1137 5735 manu.

389 5701 468 5738 am
492 5696 619 5747 Mss,
638 5694 949 5751 gratza,_pr0,
974 5694 1137 5735 manu.

1273 247 1334 303 IN
1373 245 1526 303 CAP.
1568 243 1654 300 IV.
1697 242 1939 300 GI‘INES.
1984 246 2210 303 IIOSIIL.
2253 245 2439 302 XVIII.

3257 245 3359 303 155

1780 363 1946 416 aliud.
1976 364 2117 418 Talis
2141 364 2283 419 enim
2312 374 2395 420 est
2416 365 2671 419 Dominus
2698 379 2881 421 noster
2905 384 2917 419 :
2946 363 3157 436 quando
3179 366 3231 419 in
3254 368 3362 435 pri-

1783 453 1885 508 mis
1926 464 2132 523 gratum
2172 456 2407 509 animum
2456 455 2822 519 declaramus,
2867 465 2924 509 et
2963 453 3360 510 benefactorem

1678 582 1685 590 -
1782 547 2140 615 agnoscimus,
2185 548 2381 618 largius
2410 561 2505 602 sua
2534 548 2673 602 dona
2722 548 2874 602 nobis
2917 556 3123 617 erogat.
3183 547 3365 616 Itaque

1782 640 1904 709 quia
1925 649 1978 694 et
2006 639 2101 693 ista
2130 640 2238 695 Deo
2268 650 2472 709 partum
2502 640 2801 710 adscripsit,
2834 649 3113 711 propterea
3133 648 3187 695 et
3201 639 3363 694 alium

1782 730 1973 799 accipit
1990 731 2290 801 puerulum.
2322 732 2539 787 Summa
2566 731 2730 795 enim,
2784 740 3133 801 posteaquam
3176 729 3366 786 subin-

1789 822 1949 877 travit
1987 824 2303 887 mortalitas,
2331 822 2627 878 consolatio
2666 832 2780 878 erat
2818 823 3045 877 filiorum
3071 820 3365 876 successio.

1787 916 1855 970 Et
1884 914 2083 970 idcirco
2108 915 2367 985 benignus
2402 914 2542 969 Deus
2569 914 2748 968 statim
2795 913 2863 968 ab
2916 913 3067 967 initio
3112 908 3368 980 puniendi

1786 1008 2127 1062 severitatem
2152 1006 2493 1070 imminuens,
2522 1014 2577 1060 et
2602 1005 2893 1061 terribilem
2926 1006 2944 1036 ¹
2972 1004 3161 1058 mortis
3180 1016 3370 1072 persoo

1786 1112 1909 1153 nam
1931 1098 2200 1165 auferens,
2244 1098 2534 1153 liberorum
2561 1098 2953 1153 successionem
2985 1094 3208 1165 largitus
3234 1101 3317 1149 est
3339 1131 3356 1160 ,

1788 1189 2185 1259 quodammodo
2211 1190 2496 1260 imaginem
2527 1188 2934 1244 resurrectionis
2961 1201 3059 1258 per
3099 1185 3201 1240 hoc
3244 1184 3375 1240 sub-

1789 1281 2047 1347 indicans,
2080 1289 2134 1335 et
2154 1281 2489 1351 dispensans,
2518 1288 2576 1334 ut
2600 1278 3030 1350 procadentibus
3072 1277 3162 1332 alii
3188 1289 3373 1332 resur-

1791 1373 2036 1445 gant.rl£t
2065 1376 2230 1443 factus
2249 1382 2343 1439 est,
2377 1372 2570 1442 inquit,
2602 1372 2725 1425 Abel
2752 1379 2923 1439 pastor
2943 1371 3109 1425 ovium
3132 1384 3151 1433 ;
3173 1377 3219 1422 et
3242 1364 3370 1421 Cain

1791 1466 2095 1535 operabatur
2114 1474 2317 1519 terram.
2341 1466 2525 1519 Docuit
2544 1480 2641 1519 nos
2666 1464 2841 1518 divina
2870 1462 3167 1533 Scriptura,
3215 1475 3375 1531 quam

1802 1562 2024 1628 uterque
2052 1567 2297 1612 natorum
2321 1567 2487 1611 artem
2510 1556 2829 1621 exercuerit,
2868 1564 2926 1610 et
2967 1563 3025 1608 ut
3048 1554 3183 1608 alter
3211 1553 3373 1606 vitam

1794 1651 2136 1720 pastoralem,
2164 1650 2301 1705 alter
2328 1648 2705 1719 agriculturam
2731 1646 2947 1717 delegit.
2979 1645 3038 1704 5,
3068 1644 3135 1698 Et
3186 1644 3379 1713 factum

1796 1753 1868 1796 est
1889 1752 1999 1812 post
2029 1742 2155 1806 dies,
2179 1741 2356 1795 obtulit
2384 1738 2511 1796 Cain
2536 1740 2599 1793 de
2625 1738 2869 1810 fructibus
2894 1748 3041 1791 terra:
3076 1734 3381 1804 sacriﬁcium

1798 1833 2037 1889 Domino.
2067 1832 2358 1888 Considera
2388 1832 2656 1902 quomodo
2682 1841 2886 1885 natura:
2925 1828 3183 1884 Conditor
3209 1828 3383 1881 scien-

1802 1926 1926 1981 tiam
1952 1925 2297 1980 conscientize
2325 1923 2537 1978 indidit.
2562 1921 2692 1990 Quis
2712 1923 2854 1976 enim
2880 1922 3051 1986 illum,
3084 1919 3169 1973 die
3197 1959 3212 1984 ,
3239 1930 3338 1971 oro
3364 1956 3382 1980 ,

1800 2018 1866 2073 ad
1894 2017 2031 2071 hanc
2059 2016 2419 2086 cognitionem
2451 2012 2825 2084 perduxisset?
2856 2011 3042 2067 Nullus
3069 2009 3205 2064 alius
3223 2022 3385 2079 quam

1800 2129 1918 2183 quae
1944 2113 1997 2166 in
2026 2113 2206 2167 animo
2234 2110 2451 2166 conscio
2474 2110 2719 2165 scientia.
2754 2098 2949 2163 Obtulit
2974 2109 3019 2175 ³,
3057 2107 3226 2178 inquit
3249 2148 3264 2173 ,
3320 2104 3385 2157 de

1804 2204 2048 2278 [motibus
2070 2215 2217 2257 terra:
2240 2203 2547 2272 sacri/icium
2593 2201 2833 2255 Domino.
2886 2198 3102 2255 Sciebat
3144 2197 3288 2252 enim
3334 2202 3391 2249 et

1803 2295 2157 2366 cognoscebat
2172 2308 2463 2365 congruum
2491 2308 2609 2348 esse
2624 2308 2693 2347 ex
2714 2291 2823 2346 suis
2842 2290 3269 2361 possessionibus
3289 2287 3390 2341 ali-

1805 2389 1931 2459 quid
1964 2388 2229 2443 fructuum
2258 2388 2366 2442 Deo
2393 2385 2589 2441 offerre
2620 2404 2632 2438 :
2667 2399 2772 2439 non
2800 2383 2942 2453 quod
2979 2381 3044 2438 iis
3073 2382 3212 2436 Deus
3256 2378 3393 2433 iudi-

1806 2491 1947 2552 gcat,
1979 2480 2071 2535 sed
2101 2488 2156 2535 ut
2181 2489 2387 2550 gratum
2411 2479 2652 2532 animum
2684 2490 2839 2530 suum
2885 2474 3125 2529 declaret
3170 2473 3259 2542 qui
3302 2472 3396 2526 tali

1809 2573 2070 2629 bcnclicio
2092 2571 2306 2627 fruitur.
2331 2570 2486 2625 Nulla
2508 2570 2650 2625 enim
2680 2556 2964 2637 re‘indigct
2988 2566 3151 2632 Deus,
3203 2564 3397 2619 nullis-

1810 2680 1915 2734 que
1944 2664 2142 2717 nostris
2162 2678 2296 2732 Opus
2328 2661 2524 2726 habet;
2557 2668 2811 2714 cancrum
2840 2657 2908 2711 ob
2935 2655 3255 2711 inell'abilem
3302 2654 3401 2708 bc-

1811 2756 2126 2826 nignitatem
2159 2754 2231 2808 ita
2277 2764 2474 2807 nosurze
2520 2749 2815 2805 infirmitati
2859 2763 2917 2802 se
2961 2754 3298 2816 attemperat,
3345 2754 3401 2799 et

1810 2856 2032 2920 pr0ptcr
2058 2846 2286 2901 salutem
2307 2852 2546 2897 nostram
2580 2842 2695 2895 lucc
2729 2838 2845 2894 ﬁeri
2876 2830 3024 2903 sinit,
3050 2845 3108 2891 ut
3132 2836 3224 2891 Dei
3253 2835 3403 2906 agni-

1819 2938 1893 2993 tio
1920 2939 2167 2991 humanae
2191 2944 2394 2989 natura:
2411 2933 2621 2988 virtutis
2642 2931 2713 2985 sit
2734 2928 2936 2985 schola.
2957 2929 3011 2983 4.
3029 2926 3096 2981 Et
3118 2927 3239 2981 Abel
3252 2927 3402 2980 etiam

1815 3031 1923 3102 ipse
1940 3030 2116 3083 obtulit
2140 3028 2202 3081 de
2226 3025 2574 3098 primogenitis
2603 3038 2813 3078 suarum
2842 3021 3029 3075 ovium.
3059 3019 3174 3074 Non
3201 3019 3405 3089 absque

1816 3139 1975 3179 causa
2004 3123 2087 3178 vel
2116 3120 2308 3176 frustra
2338 3119 2388 3174 in
2410 3118 2575 3189 priori
2606 3129 2855 3171 sermone
2880 3121 3113 3168 vestram
3141 3111 3298 3167 docui
3316 3125 3407 3165 ca-

1816 3219 2049 3279 ritatem,
2084 3213 2367 3270 Dominum
2415 3220 2653 3265 nostrum
2710 3207 3021 3261 varietatem
3060 3218 3407 3275 personarum

1821 3310 2100 3380 ignorare:
2127 3305 2224 3362 sed
2251 3305 2577 3359 voluntatem
2601 3300 2850 3373 scrutari,
2880 3313 2943 3352 ac
2970 3306 3203 3351 mentem
3229 3296 3407 3349 inten-

1821 3407 2130 3473 tionemque
2158 3414 2441 3456 coronare.
2472 3397 2538 3452 Et
2582 3409 2725 3450 nunc
2753 3407 2967 3465 quoque
3020 3391 3163 3446 idem
3212 3382 3409 3444 factum

1821 3497 2208 3553 animadverte.

1896 3590 2164 3661 Scriptura
2187 3602 2334 3641 sacra
2354 3584 2481 3638 nihil
2510 3582 2698 3652 frustra
2720 3577 2859 3633 dicit.
2876 3577 3116 3632 ——Dictis
3130 3575 3412 3647 diligenter

1823 3682 2215 3743 auscultemus,
2248 3688 2303 3733 et
2329 3675 2601 3729 videamus
2624 3670 2750 3742 quid
2776 3669 2843 3724 de
2877 3669 3007 3723 Cain
3056 3678 3237 3722 narret
3262 3667 3411 3724 Scri-

1827 3786 1977 3846 ptura
1999 3813 2013 3838 ,
2045 3769 2245 3838 etquid
2281 3767 2347 3822 de
2368 3765 2533 3828 Abel,
2565 3772 2620 3817 et
2650 3778 2717 3816 ne
2745 3759 3204 3815 inconsideranter
3234 3768 3411 3811 trans-

1826 3881 2029 3922 eamus.
2064 3862 2202 3917 Nihil
2232 3860 2373 3915 euim
2406 3867 2606 3911 temere
2632 3855 2711 3909 vel
2742 3853 2958 3906 fortuito
2985 3852 3216 3920 loquitur
3236 3852 3412 3905 divina

1828 3958 2128 4027 Scriptura,
2162 3951 2256 4007 sed
2290 3960 2344 4005 et
2369 3947 2603 4021 syllaba,
2634 3954 2687 4000 et
2727 3944 2967 4014 apicnlus
2997 3938 3184 3996 unicus
3220 3958 3413 3997 recon-

1828 4052 1998 4107 ditum
2047 4048 2208 4101 habet
2250 4044 2599 4098 thesaurum:
2647 4054 2771 4092 nam
2816 4038 2866 4091 in
2918 4036 3057 4090 hunc
3098 4032 3313 4089 modum
3358 4051 3417 4091 se

1831 4145 2028 4201 habent
2053 4138 2343 4211 spiritualia
2362 4134 2559 4188 omnia.
2575 4132 2711 4199 Quid
2738 4129 2896 4201 igitur
2913 4127 3107 4197 inquit?
3129 4125 3193 4179 Et
3220 4131 3412 4198 faction

1831 4248 1902 4292 est
1933 4244 2043 4307 post
2064 4234 2201 4297 dies,
2225 4228 2401 4283 obtulit
2422 4224 2549 4280 Cain
2572 4225 2633 4277 de
2668 4221 2910 4293 fructibus
2941 4230 3089 4273 teme
3114 4219 3419 4289 sacriﬁcium

1834 4330 2051 4383 Domino
2068 4369 2084 4393 ,
2117 4335 2163 4378 et
2181 4322 2302 4376 Abel
2322 4319 2496 4374 obtulit
2518 4318 2666 4371 etiam
2686 4317 2793 4383 ipse
2813 4314 2874 4367 de
2890 4314 3235 4385 primogenitis
3255 4314 3420 4368 ovium

1835 4434 2061 4484 suarum,
2080 4428 2124 4469 et
2147 4415 2208 4468 de
2227 4413 2462 4482 adipibus
2479 4410 2703 4463 illarum.

1907 4516 1961 4569 5.
2005 4512 2071 4566 Iis
2097 4510 2185 4578 qui
2229 4506 2435 4561 acutius
2483 4502 2661 4555 valent
2708 4498 2937 4563 intueri,
2964 4496 3074 4568 jam
3104 4511 3168 4550 ex
3196 4492 3425 4550 lectione

1837 4609 1949 4678 ipsa
1981 4602 2238 4674 liquidum
2268 4608 2349 4652 est
2373 4595 2497 4667 quid
2526 4594 2729 4647 dicatur
2760 4610 2771 4644 :
2807 4606 2989 4644 verum
3034 4589 3156 4658 quia
3186 4587 3423 4642 omnium

1836 4699 1989 4754 simul
2020 4691 2257 4748 habenda
2288 4698 2371 4745 est
2399 4701 2522 4743 cura
2544 4728 2557 4752 ,
2582 4694 2635 4739 et
2676 4682 3030 4738 dill‘crcntiam
3077 4694 3425 4751 personarum

1837 4793 2005 4850 nescit
2024 4784 2312 4860 spiritualis
2337 4781 2577 4836 doctrina
2609 4797 2623 4832 :
2649 4792 2744 4847 age
2765 4773 3093 4829 manifestius
3112 4770 3258 4825 vobis
3277 4769 3426 4824 delc.

1837 4900 2021 4959 gamus
2036 4898 2153 4951 quzc
2166 4878 2304 4933 dicta
2321 4872 2660 4939 suut,iterum
2674 4885 2735 4923 ea
2751 4860 3424 4937 repetentes.Cain,inquit,

1838 4951 2016 5033 obtulit
2037 4976 2099 5028 de
2133 4968 2376 5043 fructibus
2414 4977 2559 5019 terra:
2583 4960 2889 5030 sacrificium
2928 4956 3147 5010 Domino
3176 4971 3195 5007 :
3232 4951 3429 5009 deinde

1838 5074 2023 5129 volens
2047 5079 2099 5125 et
2130 5067 2197 5121 de
2240 5061 2374 5120 Abel
2400 5059 2594 5115 docere
2616 5068 2713 5110 nos
2747 5052 3017 5121 Scriptura
3049 5046 3225 5102 divina
3262 5044 3427 5110 dicit,

1904 5232 1920 5262 ¹
1949 5228 2069 5283 Vox,
2091 5219 2358 5273 terribilem
2383 5215 2647 5283 (φοϐερὸν).
2666 5209 2714 5257 in
2738 5205 3025 5283 quibusdam
3050 5204 3251 5283 deest}

1903 5295 1924 5324 ²
1958 5264 2495 5343 (iisiiss-tia
2524 5264 2801 5343 vocibus}
2826 5264 3289 5343 φὺςιιιὶιρχιυιιηίῃ,
3323 5280 3345 5307 ι
3368 5264 3431 5312 rte

1838 5325 2494 5419 frmiz'bisié'r'riril'jgdhé
2507 5338 2565 5387 ad
2584 5325 2745 5419 voces,
2769 5337 2848 5381 «et
2874 5325 3388 5419 deladipibus'illorrm
3403 5341 3424 5369 ι

1876 5418 1883 5419 ,
2220 5408 2257 5419 ιν
2426 5404 2574 5419 Heg-“
2592 5412 2616 5419 ,ι
2654 5412 2705 5419 ,ηε
2730 5398 2790 5419 -.ει
2812 5411 2823 5419 .
2843 5408 2928 5419 ενι-ιη
2965 5405 3036 5419 ιΛΛ
3072 5402 3264 5419 ants-inm
3323 5402 3412 5419 1n‘n

1858 5386 2823 5478 iliisqiia‘nivnieili'amﬁpaéinamtabsolvit;
2843 5393 3052 5478 pro
3072 5393 3283 5478 inquarn‘i,
3294 5386 3429 5478 .Iﬁqo,

2574 5450 2889 5534 Conslinialitis
3193 5450 3426 5534 ,οίξίίίιτέὶ

1840 5509 2153 5604 37332,"???
2172 5509 2598 5604 ﬁliiﬁlii—time
2635 5509 2933 5604 sacri/icium
2967 5515 3175 5604 Paulino
3188 5528 3225 5604 ί,

2028 5575 2731 5659 matutinae-deiprimogenitis
2762 5575 2917 5635 ovium
2946 5592 3158 5631 Jlttti‘lltll.
3182 5584 3225 5626 et
3250 5575 3309 5625 de
3327 5575 3436 5625 adt-

1843 5666 1982 5732 pibus
2004 5662 2218 5715 illarum.
