3754 6244
381 201 485 259 155

376 318 517 385 quod
545 328 602 375 et
643 320 756 393 ipse
796 321 863 380 de
912 338 1006 380 sua
1033 336 1177 394 arte,
1224 342 1418 398 nempe
1455 328 1767 400 pastoritia,
1807 343 1963 383 suum

378 413 615 469 attulerit
647 417 985 472 sacriﬁcium.
1019 418 1211 474 Obtulit
1234 420 1375 475 enim
1397 461 1413 486 ,
1458 420 1655 491 inquit,
1684 430 1733 474 et
1766 421 1873 491 ipse
1906 421 1970 475 de

380 505 726 576 primogenitis
768 509 934 563 ovium
973 526 1183 563 suarum
1219 550 1234 577 ,
1287 521 1334 565 et
1376 512 1438 568 de
1480 511 1714 584 adipibus
1740 513 1966 566 illarum.

379 594 614 655 Observa
646 600 913 667 quomodo
934 602 1086 657 nobis
1114 604 1439 672 pientissima
1470 605 1608 661 illius
1630 620 1780 660 mens
1808 605 1972 676 signi-

382 677 597 751 ﬁcetur,
629 697 683 740 et
712 704 816 742 non
864 699 1067 747 tantum
1101 692 1169 749 de
1206 694 1391 748 ovibus
1421 695 1707 767 obtulerit,
1737 694 1861 759 sed,
1892 693 1972 749 De

385 776 766 847 primogenitis,
810 779 912 836 hoc
936 790 1053 849 est,
1084 783 1152 838 de
1194 784 1589 854 pretiosissimis
1611 825 1626 849 ,
1660 794 1711 839 et
1741 785 1971 841 maxime

378 865 590 921 eximiis
623 887 636 921 :
664 868 857 927 deinde
884 882 939 927 et
966 889 1033 929 ex
1063 875 1168 929 illis
1208 876 1336 945 ipsis
1363 877 1728 947 primogenitis
1768 878 1971 947 pretio-

380 957 589 1012 sissima
634 978 892 1033 qumque:
941 964 1005 1019 Et
1056 967 1118 1020 de
1167 969 1439 1039 adipibus,
1487 969 1687 1040 inquit,
1728 970 1969 1036 illarum,

383 1048 486 1104 hoc
513 1061 615 1117 est,
634 1053 700 1108 de
724 1057 1086 1125 pinguissimis
1107 1070 1160 1114 et
1186 1061 1420 1129 Optimis.
1453 1061 1527 1116 De
1555 1062 1683 1117 Cain
1710 1063 1839 1117 nihil
1868 1065 1971 1119 tale

382 1134 691 1199 adnotatum
713 1155 792 1201 est
823 1164 836 1205 :
865 1149 959 1203 sed
986 1150 1240 1207 obtulisse
1264 1153 1277 1183 ¹
1298 1151 1379 1207 De
1403 1153 1633 1224 frugibus
1658 1164 1805 1208 terra:
1822 1154 1975 1209 sacri-

386 1233 602 1299 ficium:
644 1239 796 1307 quasi
859 1240 1092 1307 diceret,
1143 1245 1549 1316 qualiacumque
1573 1246 1970 1313 obveniebant,

386 1323 528 1379 nulla
576 1325 641 1380 ad
671 1327 938 1384 delectum
980 1333 1215 1389 adhibita
1244 1351 1406 1406 opera
1434 1337 1518 1391 vel
1545 1337 1839 1409 diligentia.
1870 1339 1971 1395 lte-

386 1429 506 1469 rum
529 1416 665 1483 dico,
691 1428 745 1473 et
765 1420 943 1477 dicere
965 1439 1068 1479 non
1096 1428 1354 1482 cessabo:
1379 1442 1483 1483 non
1509 1430 1631 1500 quia
1656 1430 1794 1486 Deus
1815 1431 1976 1488 rebus

385 1508 583 1562 nostris
611 1509 837 1579 indiget,
883 1514 1055 1569 oblata
1086 1517 1339 1585 suscipit,
1390 1520 1483 1573 sed
1520 1521 1630 1575 vult
1654 1529 1709 1576 et
1730 1538 1823 1592 per
1861 1522 1977 1580 haec

385 1596 591 1651 ostendi
622 1608 829 1668 gratum
859 1612 1100 1660 nostrum
1132 1606 1389 1663 animum.
1420 1607 1549 1663 Nam
1592 1625 1713 1666 eum
1738 1613 1826 1682 qui
1864 1612 1976 1668 Deo
2033 1606 2037 1610 ”

386 1688 671 1757 offerebat,
704 1701 757 1747 et
782 1694 1040 1750 offerebat
1074 1699 1230 1752 exiis
1264 1716 1382 1769 qum
1415 1700 1505 1756 Dei
1553 1711 1709 1769 sunt,
1742 1718 1860 1758 cum
1892 1704 1976 1759 in-

390 1780 651 1852 lelligerct
697 1799 950 1854 quantum
978 1788 1215 1845 differret
1255 1801 1443 1847 natura
1466 1834 1483 1859 ,
1514 1802 1569 1849 et
1594 1810 1653 1850 se
1696 1796 1970 1852 hominem

391 1880 593 1926 tantum
644 1873 863 1932 honoris
904 1880 1149 1953 sortitum
1196 1896 1350 1947 esse,
1382 1885 1691 1953 oportebat,
1721 1898 1974 1957 quantmn

389 1960 502 2015 ﬁeri
535 1974 768 2034 poterat,
801 1984 953 2024 suum
985 1972 1171 2027 testari
1200 1974 1432 2029 ofﬁcium
1454 2018 1469 2041 ,
1500 1987 1554 2031 et
1594 1979 1976 2047 pretiosissima

384 2054 599 2111 oil‘erre.
629 2057 734 2113 Sed
766 2061 886 2117 vide
905 2105 920 2129 ,
950 2063 1177 2121 obsecro
1201 2108 1217 2134 ,
1245 2068 1455 2124 dilecte.
1491 2070 1667 2126 Habes
1697 2071 1782 2128 hic
1822 2087 1978 2128 occa-

390 2146 568 2201 siones
594 2158 652 2202 ut
690 2151 831 2220 quod
863 2163 1074 2222 oportet
1113 2159 1521 2229 contempleris,
1566 2162 1759 2217 merito
1789 2177 1978 2231 pmnas

389 2234 536 2299 luem
581 2253 703 2292 eum
757 2242 846 2310 qui
892 2258 1041 2297 suam
1088 2245 1160 2300 ob
1200 2246 1462 2317 ignaviam
1512 2250 1689 2319 prodit
1730 2253 1975 2308 salutem.

386 2326 568 2398 Neque
596 2330 738 2385 enim
771 2332 856 2389 ille
884 2333 1159 2392 doctorem
1189 2339 1414 2411 aliquem
1442 2341 1655 2411 habuit,
1696 2361 1867 2416 neque
1894 2347 1978 2403 hic

387 2431 759 2489 suggerentem
789 2432 844 2479 et
881 2427 1276 2511 consiliarium,
1323 2432 1416 2487 sed
1448 2443 1666 2504 uterque
1695 2439 1977 2493 conscien-

389 2510 476 2565 tia:
505 2527 616 2568 sua:
647 2517 981 2587 magisterio,
1025 2530 1080 2576 et
1131 2510 1388 2593 sapientia
1437 2527 1694 2585 divinitus
1739 2532 1974 2589 humano

388 2604 570 2670 generi
611 2608 975 2678 suppeditata,
1023 2612 1088 2666 ad
1135 2613 1273 2669 hanc
1317 2616 1640 2675 oblationem
1686 2623 1974 2680 incitatur:

388 2697 481 2750 sed
512 2700 824 2755 excellentia
844 2704 1099 2773 propositi
1125 2714 1181 2761 et
1206 2708 1495 2767 voluntatis
1536 2712 1788 2784 segnities
1834 2713 1975 2771 illius

386 2786 600 2857 quidem
629 2793 1054 2862 acceptissimam
1086 2797 1211 2853 fecit
1230 2799 1556 2858 oblationem
1576 2845 1592 2870 ,
1623 2803 1778 2875 hujus
1798 2816 1979 2862 autem

391 2880 741 2947 repudiatam.
772 2883 839 2937 Et
866 2888 1061 2955 aspexit
1078 2886 1212 2944 Deus
1225 2890 1294 2944 ad
1304 2890 1446 2958 Abel,
1468 2903 1513 2946 et
1537 2894 1605 2948 ad
1628 2894 1763 2950 dona
1792 2898 1975 2968 ipsius.

396 2970 529 3027 Vide
569 2976 837 3043 quomodo
876 2978 1127 3047 impletur
1169 2979 1257 3037 hic
1295 2983 1436 3053 quod
1482 2984 1534 3039 in
1578 2987 1854 3057 evangelio
1896 3002 1980 3047 est

387 3060 584 3116 dictum
612 3082 623 3117 :
659 3064 819 3120 Primi
848 3078 1004 3123 erunt
1033 3070 1235 3137 ultimi,
1264 3082 1318 3128 et
1362 3074 1531 3129 ultimi
1579 3078 1732 3147 primi
1760 3078 1975 3151 (Matth.

389 3154 475 3207 19.
509 3155 597 3209 50.
629 3154 789 3210 Μαι-ε.
827 3157 912 3213 10.
945 3160 1033 3214 3i.
1061 3160 1189 3215 Luc.
1227 3164 1312 3219 l5.
1347 3165 1477 3239 50).
1524 3167 1660 3224 Ecce
1705 3170 1846 3224 enim
1885 3173 1979 3242 qui

388 3245 456 3298 ob
502 3247 969 3316 primogenituram
1010 3252 1341 3324 privilegium
1390 3255 1647 3326 habebat,
1676 3268 1731 3314 et
1754 3262 1977 3330 proinde

388 3335 535 3405 prior
579 3338 867 3405 oll‘ercbat,
899 3339 1077 3397 minor
1123 3344 1270 3399 visus
1303 3354 1385 3401 est
1410 3345 1592 3413 fratre,
1625 3358 1682 3403 ut
1706 3351 1794 3421 qui
1821 3367 1977 3409 secus

388 3428 603 3484 oll'erret
622 3448 777 3500 quam
801 3435 1097 3502 oportebat.
1120 3434 1251 3490 Nam
1268 3452 1389 3493 cum
1415 3448 1638 3510 uterque
1660 3442 1969 3512 obtulisset,

388 3520 519 3574 dicit
544 3520 721 3577 divina
740 3523 1010 3593 Scriptura
1039 3543 1051 3578 :
1084 3525 1150 3579 Et
1179 3530 1374 3597 aspexit
1404 3528 1541 3583 Deus
1561 3531 1629 3584 ad
1652 3532 1805 3600 Abel,
1836 3546 1881 3588 et
1907 3535 1975 3589 ad

385 3612 520 3666 dona
555 3616 686 3683 ejus.
729 3614 864 3683 Quid
896 3624 1014 3682 est,
1045 3617 1112 3672 Et
1134 3621 1375 3689 aspexit?
1403 3620 1456 3675 ld
1483 3631 1597 3687 est,
1624 3627 1970 3695 approbavit,

386 3706 620 3760 laudavit
662 3720 930 3775 mentem,
982 3715 1257 3768 coronavit
1314 3714 1672 3784 voluntatem,
1719 3728 1774 3774 et
1824 3724 1974 3792 quasi

384 3798 502 3864 quis
543 3797 717 3867 dicat,
760 3802 899 3855 facto
937 3814 1223 3859 contentus
1264 3804 1381 3861 fuit.
1425 3806 1555 3862 Nam
1586 3819 1641 3864 et
1684 3812 1729 3865 si
1768 3810 1837 3867 de
1866 3813 1974 3869 Deo

387 3886 681 3956 loquimur,
727 3899 781 3944 et
824 3891 891 3945 de
919 3891 1202 3949 immortali
1234 3905 1422 3952 natura
1452 3900 1661 3969 aperire
1705 3916 1767 3957 os
1808 3904 1974 3960 aude-

388 3994 539 4043 mus,
573 3981 697 4046 scd,
726 3998 845 4037 eum
890 3984 1135 4041 homines
1163 3988 1359 4051 simus,
1393 4005 1499 4044 nor.-
1543 4006 1822 4061 possumus
1858 3994 1973 4052 hmc

384 4069 536 4124 aliter
546 4087 702 4141 quam
722 4088 815 4142 per
829 4075 1056 4145 linguam
1073 4078 1366 4147 percipere.
1383 4081 1612 4137 Attende
1630 4099 1740 4138 rem
1760 4087 1967 4141 miram.

385 4159 624 4229 Aspexit,
645 4163 832 4234 inquit,
857 4164 995 4221 Deus
1020 4168 1089 4220 ad
1112 4168 1257 4235 Abel,
1275 4171 1399 4225 etad
1418 4172 1551 4226 dona
1577 4174 1753 4243 ipsius.
1784 4175 1970 4232 Ovium

384 4253 708 4310 oblationem
735 4256 870 4312 dona
904 4260 1148 4315 vocavit:
1190 4263 1311 4332 quia
1353 4265 1615 4333 pretiosa,
1660 4267 1885 4333 eximia,
1918 4279 1972 4324 et

389 4346 726 4404 immaculata
754 4350 1041 4408 obtulerat.
1087 4355 1311 4424 Aspexit
1338 4355 1494 4427 igitur
1522 4358 1586 4412 ad
1613 4357 1817 4429 ipsum,
1849 4362 1971 4432 quia

387 4454 520 4497 sano
548 4452 602 4497 et
627 4442 835 4499 sincero
860 4448 1041 4502 animo
1070 4449 1371 4517 obtulerat;
1412 4462 1467 4507 et
1494 4454 1559 4507 ad
1588 4454 1728 4509 dona
1757 4457 1932 4513 oblata
1953 4499 1968 4523 ,

385 4549 490 4589 non
525 4535 666 4605 quod
694 4538 854 4594 nullis
894 4541 1116 4595 maculis
1161 4558 1377 4614 aspersa
1423 4553 1664 4614 tantum,
1708 4547 1803 4603 sed
1828 4549 1971 4619 quod

386 4628 531 4684 omni
562 4644 630 4685 ex
674 4638 823 4700 parte
866 4633 1097 4701 pretiosa
1129 4644 1313 4699 erant,
1348 4644 1457 4690 tum
1500 4640 1569 4693 ob
1601 4648 1832 4694 mentem
1856 4640 1972 4710 ejus

384 4723 472 4792 qui
520 4723 815 4791 obtulerat,
860 4734 969 4780 tum
1009 4727 1149 4796 quod
1197 4728 1546 4799 primogenita
1597 4739 1782 4798 erant,
1810 4742 1863 4787 et
1905 4747 1971 4786 ex

388 4812 492 4867 illis
531 4813 886 4879 electissima,
935 4825 989 4870 et
1016 4832 1083 4871 ex
1129 4817 1373 4887 adipibus
1417 4821 1580 4890 ipsis,
1613 4820 1714 4876 hoc
1760 4832 1875 4889 est,
1904 4837 1972 4877 ex

387 4907 599 4976 optimis
627 4908 847 4977 optima.
875 4907 943 4962 Et
985 4912 1179 4979 aspexit
1204 4908 1342 4964 Deus
1384 4913 1451 4965 ad
1479 4912 1638 4979 Abel,
1678 4924 1724 4967 et
1748 4915 1814 4967 ad
1838 4915 1974 4969 dona

388 4997 544 5065 ipsius
564 5014 583 5053 :
612 5000 667 5056 5.
693 4999 762 5055 ad
803 5000 929 5055 Cain
964 5012 1131 5056 autem
1159 5043 1175 5068 ,
1214 5012 1261 5056 et
1289 5006 1359 5057 ad
1382 5006 1636 5074 sacriﬁcia
1673 5007 1831 5075 ipsius
1872 5026 1972 5062 non

387 5086 616 5145 attendit.
641 5092 777 5159 Quid
804 5103 945 5148 recta
969 5093 1293 5160 intentione,
1320 5106 1372 5149 et
1402 5096 1606 5150 sincera
1632 5108 1806 5153 mente
1826 5100 1971 5155 obtu-

389 5183 523 5237 lerat
570 5186 736 5251 Abel,
768 5188 1008 5259 Aspexit,
1053 5189 1253 5258 inquit,
1280 5187 1455 5254 Deus,
1513 5190 1614 5245 hoc
1655 5201 1774 5257 est,
1815 5207 1971 5247 awa-

388 5275 498 5345 pit,
530 5285 736 5345 gratum
761 5277 975 5344 habuit,
1007 5278 1281 5345 laudavit;
1308 5290 1564 5335 cmterum
1605 5282 1781 5337 oblata
1810 5297 1970 5337 voca-

392 5368 466 5420 vit
514 5368 688 5433 dona,
757 5379 815 5423 ut
867 5386 961 5439 per
1007 5371 1113 5427 hoc
1169 5371 1444 5429 oiferentis
1486 5375 1667 5430 animo
1714 5390 1970 5430 matmem

388 5459 651 5512 honorem
692 5458 971 5527 pra-heret.
1014 5462 1096 5514 Ad
1133 5462 1259 5517 Cain
1304 5476 1503 5529 autem,
1549 5476 1595 5519 et
1632 5466 1699 5519 ad
1722 5476 1974 5534 sacri/7cm

387 5550 525 5603 illius
575 5566 673 5603 non
712 5551 943 5603 attendit.
993 5553 1367 5610 Animadverte
1412 5556 1699 5627 Scriptura:
1750 5557 1971 5629 diligen-

454 5687 467 5717 '
505 5685 641 5735 savii.
671 5695 715 5737 et
742 5688 958 5749 quinque
979 5695 1106 5749 Mss,
1142 5692 1227 5740 sed
1259 5688 1374 5753 quid
1400 5692 1424 5741 ."

1094 210 1149 265 S.
1193 211 1473 270 JOANNIS
1502 209 1976 269 CllRYSOSTOMI
2014 211 2335 271 ARCHIEP.
2374 217 2915 280 CONSTANTINOP.

3549 229 3639 287 156

2080 333 2209 388 tiam
2237 336 2276 389 ‘.
2302 334 2435 390 Cum
2463 336 2616 399 dixit.
2648 337 2700 392 Ν
2705 354 2770 393 an
2790 337 3023 403 attendit,
3058 339 3375 395 monstravit
3409 344 3639 410 reproba-

2076 426 2274 481 tionem
2302 426 2637 483 oblatarum:
2668 438 2864 484 etcum
2887 429 3186 485 oblationes
3217 430 3477 486 fructuum
3499 443 3642 489 terra:

2075 518 2332 574 sacriﬁcia
2382 530 2572 587 vocat,
2621 521 2764 576 aliud
2821 538 2918 577 nos
2971 521 3146 577 docet.
3201 522 3337 578 Vide
3391 526 3645 594 quomodo

2078 625 2173 680 per
2213 608 2354 667 facta
2390 621 2446 667 et
2494 612 2657 668 verba
2687 613 2801 683 ipsa
2852 613 3045 669 doceat
3099 613 3353 668 Dominus
3379 653 3395 677 ,
3440 631 3499 670 se
3541 616 3643 673 luce

2083 702 2260 757 omnia
2305 716 2337 756 a
2384 702 2539 759 nobis
2571 704 2707 759 velle
2737 704 2974 774 prazstari
3000 745 3017 767 ,
3065 712 3123 759 ut
3163 704 3327 760 animi
3356 708 3518 762 nostri
3561 725 3646 777 per

2076 807 2138 848 ea
2181 808 2300 864 quas
2336 808 2365 847 a
2412 793 2566 849 nobis
2608 793 2781 859 ﬁunt,
2829 794 3099 850 manifesti
3141 795 3468 863 reddantur,
3512 807 3563 853 et
3598 812 3649 855 ut

2077 885 2310 940 sciamus
2346 897 2444 941 nos
2490 886 2767 941 Dominum
2824 886 3024 943 habere
3053 895 3111 943 et
3152 886 3491 943 Conditorem
3536 906 3646 947 eum

2078 975 2168 1044 qui
2197 990 2261 1031 ex
2312 976 2479 1031 nihilo
2510 986 2693 1032 nos~ut
2733 992 2977 1033 essemus
3024 978 3291 1047 produxit.
3338 978 3478 1035 Oves
3518 983 3646 1037 enim

2080 1081 2302 1122 munera
2349 1068 2673 1123 nominando
2719 1068 2898 1123 divina
2941 1067 3232 1139 Scripura,
3283 1079 3436 1125 terra:
3488 1081 3648 1127 autem

2080 1155 2283 1213 fructus
2316 1157 2573 1214 sacriﬁcia
2628 1159 2988 1230 appellando,
3041 1161 3319 1217 doeetnos
3381 1162 3649 1218 Dominum

2081 1264 2255 1319 neque
2282 1256 2339 1305 ut
2379 1248 2533 1305 bruta
2559 1249 2919 1316 adducantur,
2962 1266 3136 1322 neque
3178 1261 3237 1307 ut
3263 1261 3422 1308 terra:
3468 1254 3653 1310 fructus

2080 1341 2411 1410 oderantur,
2444 1343 2537 1399 sed
2568 1352 2772 1399 tantum
2816 1344 3011 1399 mentis
3045 1344 3380 1399 aﬁ'ectionem
3407 1362 3652 1415 querere.

2081 1432 2236 1491 Unde
2263 1444 2317 1489 et
2345 1448 2487 1490 nunc
2515 1444 2732 1505 propter
2759 1435 2955 1491 mentis
2975 1434 3311 1492 affectionem
3337 1436 3428 1492 ille
3452 1439 3665 1507 quidem.

2082 1541 2203 1581 cum
2231 1526 2388 1582 donis
2432 1528 2755 1597 approbatus
2784 1537 2903 1595 est,
2930 1538 2984 1583 et
3023 1538 3209 1599 gratus
3239 1528 3335 1583 fuit
3362 1546 3380 1583 :
3414 1531 3515 1586 iste
3542 1547 3657 1587 vero

2080 1634 2202 1675 cum
2227 1619 2492 1675 sacriﬁcio
2511 1635 2610 1675 suo
2629 1621 2861 1689 reiectus
2876 1630 2977 1676 est.
2998 1620 3128 1676 illud
3148 1630 3326 1676 autem
3344 1664 3360 1689 ,
3381 1624 3578 1691 Aspexit
3598 1625 3659 1677 ad

2082 1711 2236 1777 Abel,
2264 1723 2309 1766 et
2331 1712 2399 1765 ad
2419 1727 2629 1765 munera
2651 1712 2807 1780 ipsius
2831 1753 2847 1779 ,
2871 1712 2939 1766 ad
2964 1710 3093 1766 Cain
3112 1722 3313 1777 autem,
3335 1724 3378 1767 et
3400 1714 3473 1766 ad
3522 1715 3657 1767 sacri-

2083 1806 2202 1874 ﬁcia
2245 1805 2383 1859 illius
2425 1820 2529 1859 non
2576 1805 2822 1872 attendit,
2873 1806 2945 1859 ita
2994 1805 3356 1876 intelligamus
3404 1815 3465 1859 ut
3510 1807 3656 1861 Deum

2082 1896 2258 1953 decet.
2289 1895 2421 1951 Vult
2446 1896 2590 1951 enim
2635 1896 2851 1963 dicere,
2884 1896 3052 1952 Deum
3084 1897 3187 1952 illis
3216 1909 3400 1953 notum
3452 1899 3657 1963 iecisse,

2081 2003 2143 2045 se
2162 1991 2305 2047 illius
2319 1992 2616 2063 approbare
2636 1991 2984 2058 voluntatem,
3015 1991 3171 2061 hujus
3205 2000 3382 2047 autem
3414 1994 3661 2062 repellere

2084 2081 2348 2153 ingratum
2377 2082 2633 2138 animant.
2663 2082 2977 2153 Hujusmodi
2996 2093 3122 2137 sunt
3144 2097 3207 2137 ea
3222 2097 3343 2152 quae
3370 2099 3399 2136 a
3422 2084 3656 2140 Deoacta

2084 2173 2267 2229 luere:
2296 2174 2575 2231 videamus
2598 2186 2777 2231 autem
2818 2176 3114 2245 sequentia.
3139 2176 3206 2229 Et
3251 2177 3460 2230 tristitia
3502 2176 3661 2243 affecit

2083 2267 2209 2322 Cain
2231 2267 2379 2322 valde
2405 2266 2478 2338 (α)
2497 2309 2513 2334 ,
2542 2277 2588 2322 et
2617 2268 2837 2322 concidit
2851 2269 3015 2321 vultus
3037 2268 3167 2337 ejus.
3198 2266 3334 2335 Quid
3367 2278 3471 2333 ρει,
3501 2266 3559 2321 Et
3584 2270 3661 2321 tri-

2082 2361 2221 2416 stitia
2262 2361 2433 2428 a/i'ecit
2477 2361 2603 2416 Cain
2647 2362 2834 2416 valde?
2860 2361 3067 2431 Duplex
3092 2360 3168 2415 illi
3204 2360 3416 2415 tristitia
3457 2360 3657 2426 accidit,

2083 2467 2188 2505 non
2217 2462 2423 2506 tantum
2469 2453 2611 2522 quod
2656 2452 2802 2507 Solus
2847 2454 2959 2523 ipse
3006 2452 3353 2522 repudiatus,
3381 2452 3479 2507 sed
3534 2453 3663 2521 quod

2087 2542 2267 2597 fratris
2320 2542 2521 2597 donum
2583 2551 2860 2613 acceptum
2913 2541 3093 2597 fuerit.
3144 2540 3213 2595 Et
3260 2543 3467 2596 tristitia
3510 2542 3664 2609 affecit

2083 2636 2209 2690 (-ain
2237 2636 2401 2701 valde,
2430 2646 2477 2689 et
2503 2636 2721 2690 concidit
2747 2635 2912 2690 vultus
2952 2635 3112 2689 illius.
3143 2634 3278 2702 Quid
3322 2635 3502 2691 affecit
3528 2636 3662 2689 illum

2084 2727 2331 2783 tristitia?
2375 2727 2608 2799 Utraque
2649 2727 2764 2783 luce
2786 2727 2942 2783 valde
2993 2727 3206 2783 tristitia
3250 2728 3573 2794 affecerunt,
3618 2737 3666 2785 et

2081 2818 2223 2890 quod
2266 2818 2521 2874 Dominus
2562 2833 2668 2874 non
2714 2819 3000 2874 attenderit
3044 2818 3360 2875 sacriﬁcium
3408 2820 3592 2891 ipsius,
3616 2829 3665 2875 et

2080 2908 2221 2980 quod
2265 2908 2462 2963 donum
2508 2908 2687 2964 fratris
2725 2917 3005 2978 acceptum
3046 2909 3095 2963 ei
3137 2909 3315 2964 fuerit.
3346 2909 3480 2964 Cum
3520 2911 3665 2980 igitur

2081 3015 2215 3072 Opus
2242 3010 2386 3057 esset
2413 3010 2472 3056 ut
2499 3001 2564 3067 is,
2594 3002 2682 3072 qui
2729 3001 2984 3057 delictum
3013 3002 3319 3067 admiserat,
3352 3002 3481 3058 illud
3509 3006 3663 3058 corri-

2082 3104 2267 3164 geret:
2304 3093 2559 3148 Dominus
2602 3093 2744 3148 enim
2774 3092 3011 3147 clemens
3039 3107 3161 3147 cum
3185 3094 3275 3158 sit,
3307 3108 3415 3147 non
3445 3102 3550 3147 tam
3576 3108 3663 3149 nos

2080 3195 2356 3241 aversatur
2384 3186 2429 3239 si
2459 3184 2852 3254 delinquemus,
2885 3198 3045 3253 quam
3080 3183 3128 3238 si
3155 3183 3210 3237 in
3236 3182 3434 3238 delicto
3462 3200 3662 3254 perma-

2080 3292 2303 3334 neamus
2334 3294 2349 3329 :
2381 3277 2473 3332 ille
2498 3286 2682 3332 contra
2708 3275 2907 3329 nullam
2930 3274 3044 3345 ejus
3060 3271 3329 3330 rationem
3346 3274 3558 3330 habuit.

2152 3371 2207 3425 6.
2235 3369 2446 3424 Bonitas
2472 3366 2569 3423 Dei
2629 3384 2751 3438 erga
2791 3366 3025 3421 Caluum.
3073 3366 3140 3420 In
3184 3365 3523 3421 oblationibus
3553 3368 3664 3435 quid

2078 3464 2461 3520 observandum.
2489 3491 2561 3501 —
2599 3462 2667 3517 Et
2692 3470 2750 3515 ut
2775 3460 2876 3515 hoc
2915 3459 3189 3515 evidenter
3223 3457 3382 3523 scias,
3414 3468 3472 3515 et
3521 3459 3664 3515 beni-

2079 3557 2301 3626 gnitatis
2356 3554 2523 3623 ipsius
2581 3552 2995 3623 magnitudinem
3056 3550 3377 3608 iuell‘abilem
3445 3552 3663 3616 videas,

2082 3647 2201 3702 vide
2263 3660 2333 3701 ex
2389 3644 2474 3700 his
2528 3659 2648 3714 quae
2705 3657 2848 3698 nunc
2896 3642 3030 3697 ﬁunt
3078 3643 3329 3698 bonitatis
3380 3643 3525 3699 illius
3576 3659 3665 3697 es-

2077 3739 2413 3803 cellentiam,
2457 3744 2513 3792 et
2549 3736 2816 3806 patientiae
2859 3735 3298 3804 magnitudinem.
3346 3735 3485 3791 Nam
3532 3747 3666 3807 post-

2077 3845 2235 3901 quam
2287 3829 2419 3885 vidit
2459 3829 2606 3884 illum
2660 3843 2820 3897 supra
2873 3828 3086 3884 modum
3143 3837 3423 3893 incestum,
3468 3838 3553 3891 et,
3615 3834 3665 3880 ut

2078 3924 2150 3979 ita
2175 3923 2370 3989 dicam,
2396 3937 2426 3976 a
2454 3920 2681 3977 tristitite
2704 3920 2952 3976 fluctibus
2980 3920 3313 3976 submersum
3346 3921 3436 3987 iri,
3457 3934 3562 3975 non
3579 3920 3665 3974 dc~

2077 4016 2271 4085 spexit,
2291 4014 2388 4070 sed
2413 4030 2571 4085 quam
2600 4029 2722 4085 erga
2747 4022 2950 4083 patrem
2974 4013 3139 4083 ipsius
3161 4012 3549 4078 benignitatem
3572 4012 3663 4067 de-

2076 4108 2374 4164 claraverat
2391 4147 2406 4170 ,
2424 4106 2559 4160 dans
2581 4104 2657 4159 illi
2676 4103 3038 4161 satisfaciendi
3056 4104 3368 4160 occasiones
3397 4113 3522 4175 post
3546 4118 3662 4175 gra-

2076 4214 2197 4255 vem
2235 4199 2384 4255 illum
2423 4201 2664 4269 lapsum,
2704 4213 2768 4254 ac
2810 4197 3017 4253 ﬁducia:
3056 4197 3272 4266 januam
3301 4199 3585 4268 aperiens,
3612 4204 3663 4251 et

2074 4295 2296 4351 dicens:
2327 4293 2423 4350 Ubi
2449 4294 2536 4348 es?
2555 4292 2798 4349 eamdem
2826 4304 2878 4348 et
2907 4307 3052 4348 nunc
3072 4307 3197 4363 erga
3224 4292 3494 4362 ingratum
3522 4292 3662 4346 illum

2077 4387 2347 4452 declarat,
2394 4400 2611 4441 manum
2657 4385 2731 4439 illi
2770 4384 2921 4456 quasi
2958 4385 3011 4439 in
3050 4398 3290 4455 praeceps
3316 4384 3466 4438 eunti
3496 4383 3663 4453 porri-

2081 4492 2253 4548 gens;
2299 4488 2356 4534 et
2391 4479 2727 4532 occasionem
2769 4476 3008 4546 praebere
3050 4475 3270 4543 volens,
3313 4486 3371 4529 ut
3413 4474 3664 4530 delietmn

2078 4570 2345 4641 corrigat,
2394 4570 2468 4624 illi
2516 4569 2645 4624 dicit
2691 4585 2705 4620 :
2755 4568 2810 4623 6.
2858 4568 3027 4633 Quare
3065 4578 3266 4621 mtrstus
3304 4575 3475 4638 [actias
3504 4567 3666 4621 estet

2074 4678 2232 4731 quare
2263 4662 2476 4717 concidit
2512 4662 2676 4716 vultus
2716 4669 2829 4716 tuus
2850 4660 2877 4713 ?
2915 4661 2965 4713 7.
3009 4659 3224 4724 Nonne,
3248 4660 3291 4712 si
3314 4669 3447 4712 recte
3472 4659 3665 4714 obtule-

2076 4755 2168 4819 ris,
2193 4764 2329 4809 recte
2358 4764 2525 4809 autem
2554 4771 2654 4808 non
2684 4754 2934 4815 diviseris,
2967 4753 3225 4822 peccasti?
3248 4752 3481 4820 Quiesce.
3515 4754 3597 4807 Ad
3623 4765 3665 4806 te

2076 4847 2327 4902 conversio
2348 4846 2487 4899 illius
2506 4887 2520 4911 ,
2548 4854 2594 4898 et
2615 4854 2671 4898 tu
2694 4845 2833 4899 illius
2856 4844 3213 4898 dominaberis.
3246 4843 3663 4908 Animadverte,

2076 4937 2291 4997 dilecte.
2318 4934 2637 4989 ineffabilem
2670 4934 3041 5004 providentiae
3080 4933 3487 5004 indulgentiam.
3527 4933 3663 5001 Quia

2077 5028 2219 5082 enim
2248 5024 2381 5079 vidit
2414 5025 2564 5080 illum
2590 5026 2658 5079 ab
2685 5025 2988 5082 invidentia:
3018 5025 3239 5091 morbo,
3269 5033 3328 5079 ut
3352 5025 3425 5079 ita
3454 5024 3627 5079 dicam
3648 5063 3662 5081 .

2069 5108 2399 5178 oppugnari,
2428 5106 2550 5162 vide
2578 5107 2849 5177 quomodo
2874 5124 2971 5178 pro
2989 5124 3081 5162 sua
3103 5109 3336 5166 bonitate
3364 5127 3664 5184 congruen-

2070 5209 2139 5255 tta
2167 5214 2269 5268 ipsr
2294 5200 2527 5254 remedia
2550 5199 2769 5271 apponit
2792 5241 2808 5266 ,
2842 5210 2902 5255 ut
2925 5203 3105 5257 statim
3136 5204 3412 5273 educatur,
3435 5217 3494 5262 et
3512 5210 3663 5279 aquis

2067 5307 2173 5347 non
2205 5293 2479 5350 obruatur.
2513 5294 2685 5361 Quare
2704 5303 2908 5349 mtestus
2934 5295 3097 5364 factus
3121 5298 3217 5351 es?
3242 5307 3288 5352 et
3307 5315 3466 5368 quare
3491 5304 3660 5356 conci-

2066 5385 2141 5439 dit
2164 5386 2325 5439 vultus
2370 5388 2528 5441 tuus?
2551 5385 2726 5453 Quare
2755 5396 2896 5443 tanta
2919 5388 3176 5447 detineris
3198 5391 3433 5458 tristitia,
3451 5404 3511 5449 ut
3534 5402 3588 5449 et
3608 5394 3658 5451 iu

2067 5480 2197 5534 facie
2224 5481 2472 5534 utmroris
2490 5481 2903 5549 magnitudinem
2922 5483 3214 5540 ostendas?
3242 5486 3412 5554 Quare
3435 5487 3657 5541 concidit

2149 5632 2161 5659 ι
2198 5622 2388 5675 Ccisliu.
2405 5658 2417 5679 ,
2447 5622 2702 5676 veritatem.

2148 5688 2221 5752 (α)
2262 5688 2369 5735 \ide
2395 5677 2530 5733 t’rwi’.
2556 5682 2695 5747 hujus
2714 5681 2850 5743 torui,
2870 5677 2897 5742 ᾗ
2918 5678 2999 5731 ιγ.
