3754 6276
121 258 227 313 1-37

113 371 284 427 vultu)
320 379 438 426 tm
455 371 484 428 ,ν
512 385 610 429 cur
635 387 704 430 ex
736 374 836 433 hac
862 390 921 434 re
950 381 1321 439 conturbaris?
1346 399 1512 455 quare
1537 402 1643 443 non
1667 402 1699 444 a

114 470 167 514 te
190 458 309 530 ipso
337 462 481 532 quod
503 465 783 534 oportebat
811 466 928 524 fieri
947 508 965 536 ,
1003 472 1395 531 considerasti?
1420 475 1558 533 Num
1597 478 1698 533 ho-

112 550 246 605 mini
288 553 612 610 sacriﬁcium
654 556 909 625 obtulisti,
936 562 1027 632 qui
1060 562 1173 619 falli
1218 566 1428 635 possit?
1460 568 1693 638 ignoras,

106 642 239 698 mihi
278 659 389 701 non
429 661 553 703 esse
587 664 723 719 opus
750 659 809 707 ut
832 652 1033 725 aliquid
1058 655 1345 727 offeratur,
1376 662 1471 717 sed
1501 678 1588 720 me
1609 678 1700 719 sa-

104 749 227 788 nam
270 735 611 794 oﬁ‘erentium
640 751 871 798 mentem
901 745 1080 801 velle?
1108 747 1278 814 Quare
1300 762 1503 807 maestus
1531 756 1696 823 {artus

100 842 150 878 es
172 826 202 877 7
226 834 280 880 et
302 842 462 895 quare
484 830 703 885 concidit
731 832 896 888 cultus
924 839 1082 892 tuus?
1108 838 1293 896 Nonne
1319 844 1364 898 si
1387 855 1519 900 recte
1545 847 1695 902 obtu-

100 911 251 980 tm‘s,
292 931 397 969 mm
428 926 596 972 autem
622 930 754 975 recte
777 924 1007 991 dividas,
1033 932 1289 997 peccasti?
1310 933 1462 1000 Quod
1489 934 1544 990 in
1574 938 1694 991 ani-

102 1019 248 1059 mum
285 1007 542 1065 ittduxisti
561 1044 578 1077 ,
603 1025 726 1068 esse
754 1013 1080 1073 offerendum
1099 1059 1116 1082 ,
1148 1019 1302 1078 laude
1325 1024 1539 1094 dignum
1569 1041 1690 1098 est;

96 1098 238 1167 quod
270 1115 405 1156 vero
426 1117 531 1157 non
570 1114 719 1162 recte
744 1106 985 1177 dividas,
1015 1111 1066 1166 id
1096 1122 1155 1169 ut
1176 1113 1410 1173 oblatum
1441 1121 1689 1189 repudia-

97 1200 249 1245 retur
271 1192 470 1248 effecit.
510 1193 803 1265 Oportebat
822 1202 964 1256 enim
994 1203 1306 1263 offerentem
1333 1210 1472 1278 Deo,
1504 1214 1554 1267 in
1582 1214 1690 1270 dis-

94 1284 368 1338 cernendo
396 1300 639 1356 magnam
680 1290 932 1348 adhibere
970 1293 1293 1365 diligentiam
1323 1310 1413 1357 :et
1435 1317 1687 1373 quantum

98 1373 359 1429 differunt
388 1378 475 1447 qui
503 1377 659 1434 offert
695 1390 749 1436 et
782 1383 869 1452 qui
894 1386 1125 1455 accipit,
1159 1397 1300 1444 tanta
1325 1402 1379 1446 et
1410 1393 1460 1449 in
1487 1395 1688 1451 discre-

92 1466 235 1519 tione
258 1465 500 1521 facienda
537 1468 837 1527 diversitas.
866 1473 935 1527 At
962 1475 1149 1531 horum
1178 1478 1307 1534 nihil
1335 1490 1389 1535 tu
1412 1485 1683 1553 cogitasti,

90 1554 181 1609 sed
232 1564 296 1610 ut
352 1558 566 1612 fortuito
591 1563 845 1631 contigit,
868 1566 1126 1621 obtulisti.
1157 1571 1330 1640 Atque
1356 1572 1553 1631 idcirco
1578 1593 1682 1633 non

93 1655 387 1713 potuerunt
424 1665 544 1705 esse
569 1663 805 1722 accepta.
835 1654 969 1711 Nam
998 1660 1135 1713 sicut
1159 1662 1369 1720 animus
1398 1675 1551 1735 tuus,
1577 1684 1683 1741 quo

90 1737 425 1793 oblationem
468 1739 660 1806 fecisti,
691 1744 821 1799 nihil
848 1746 1148 1805 intermedii
1190 1767 1312 1809 esse
1337 1737 1678 1829 existimans,

85 1830 264 1885 effecit
315 1840 375 1886 ut
416 1832 762 1902 rejicerentur
802 1852 864 1892 ea
900 1855 1019 1908 qua}
1061 1856 1091 1896 a
1133 1852 1184 1899 te
1209 1856 1332 1900 sunt
1356 1848 1530 1904 oblata
1561 1870 1574 1906 :
1601 1854 1680 1909 sic

87 1922 272 1977 fratris
304 1923 379 1977 tui
410 1925 650 1990 animus,
684 1927 772 1996 qui
799 1940 975 1985 rectus
1001 1930 1128 1997 fuit,
1159 1945 1211 1988 et
1241 1938 1462 1994 tnultum
1494 1943 1545 1996 in
1572 1943 1680 1999 dis-

82 2012 360 2067 cernendo
402 2015 632 2071 studium
673 2018 887 2085 habuit,
926 2035 1140 2094 accepta
1186 2026 1327 2082 illius
1364 2029 1500 2086 dona
1533 2033 1675 2093 fecit.

85 2106 466 2163 Verumtamen
515 2123 687 2180 neque
730 2113 808 2167 sic
854 2129 1062 2183 poenam
1104 2118 1280 2175 delicti
1332 2136 1547 2194 repeto,
1578 2128 1670 2184 sed

79 2202 317 2254 ostendo
374 2202 647 2258 dumtaxat
696 2204 991 2289 delictum;
1037 2220 1092 2265 et
1141 2215 1417 2270 consilium
1463 2219 1669 2291 affero,

77 2292 219 2359 quod
263 2294 313 2347 si
356 2293 597 2364 accipere
637 2297 897 2365 volueris,
932 2308 988 2354 et
1016 2315 1290 2370 peccatum
1321 2311 1630 2367 emendabis
1654 2355 1666 2377 ,

76 2393 127 2437 et
165 2387 403 2455 teipsum
439 2389 771 2458 gravioribus
799 2393 954 2448 malis
984 2411 1087 2449 non
1121 2396 1377 2456 involves.
1406 2402 1539 2471 Quid
1570 2408 1667 2476 igi-

78 2478 198 2530 tur?
226 2477 491 2546 Peccasti,
519 2490 573 2535 et
591 2484 823 2551 graviter
842 2488 1090 2554 peccasti,
1117 2491 1209 2544 sed
1233 2509 1337 2546 non
1362 2498 1517 2561 punio
1543 2514 1666 2567 pro-

77 2577 189 2634 pter
217 2569 473 2626 delictum
504 2590 517 2625 :
549 2572 804 2642 benignus
833 2578 974 2631 enim
1006 2593 1123 2633 sunt
1145 2620 1160 2646 ,
1194 2593 1247 2638 et
1279 2583 1416 2640 Nolo
1461 2601 1666 2646 mortem

76 2662 355 2722 peccatoris
373 2703 387 2727 ,
426 2663 515 2717 sed
538 2674 591 2717 ut
618 2677 932 2722 cont-ertatur
959 2680 1003 2723 et
1032 2672 1161 2725 vivat
1188 2673 1397 2743 (It‘seclt.
1431 2680 1517 2734 l8.
1544 2680 1658 2753 ‘25).

72 2751 232 2819 igitur
249 2754 375 2823 quia
405 2758 653 2824 peccasti,
685 2758 913 2825 Quiesce,
944 2764 1378 2834 tranquillitatem
1409 2785 1535 2840 pira
1567 2751 1662 2826 eo-

68 2844 415 2912 gitationibus
446 2849 583 2912 tuis,
625 2861 681 2905 et
718 2850 881 2906 libera
922 2864 1156 2910 tuentem
1196 2872 1227 2911 a
1273 2863 1520 2928 procellis
1556 2864 1659 2919 flu-

67 2946 246 2991 ctuum
296 2938 701 3006 inundantium,
746 2942 937 2999 cohibe
986 2947 1438 3015 perturbationem
1481 2954 1653 3023 illam,

67 3045 131 3083 ne
178 3030 349 3085 addas
395 3033 557 3101 priori
589 3045 808 3104 peccato
831 3039 1044 3107 gravius
1073 3039 1244 3105 aliud.
1284 3060 1456 3114 neque
1483 3050 1657 3101 Consi-

66 3120 191 3175 lium
216 3123 436 3193 aliquod
464 3125 852 3183 immedicabile
878 3130 1121 3200 arripias.
1146 3132 1223 3189 Ne
1252 3136 1475 3204 teipsmn
1504 3141 1655 3194 mali-

62 3228 165 3281 gno
191 3214 423 3268 dam-oni
451 3217 716 3285 captivum
746 3220 943 3276 tradas.
976 3221 1222 3291 Peccasti,
1253 3229 1467 3298 quiesce.
1502 3231 1651 3288 Scie-

65 3305 150 3359 bat
188 3307 256 3360 ab
300 3307 452 3363 initio
490 3309 631 3379 quod
675 3309 893 3367 fratrem
939 3312 1025 3370 hic
1061 3314 1364 3374 adoriturus
1393 3332 1571 3387 esset,
1598 3333 1652 3379 et

60 3398 179 3452 ideo
202 3408 360 3454 antea
391 3400 571 3455 verbis
600 3404 857 3472 reprimit.
887 3404 1019 3460 Nam
1042 3407 1163 3477 quia
1194 3417 1459 3481 tamquam
1486 3414 1646 3481 Deus,

59 3489 136 3541 cui
178 3490 341 3544 etiam
383 3505 579 3547 arcana
617 3502 743 3547 sunt
787 3496 1028 3565 cognita,
1068 3497 1271 3555 sciebat
1303 3502 1479 3558 cordis
1506 3504 1648 3563 illius

57 3588 264 3647 motus,
312 3582 536 3636 multum
579 3584 945 3653 admonendo,
983 3595 1038 3642 et
1067 3590 1225 3645 verba
1252 3591 1391 3647 illius
1419 3595 1646 3652 infirmi-

57 3671 144 3724 tati
185 3675 529 3730 accommoda
552 3674 870 3746 proferendo
895 3691 1274 3751 congruentem
1302 3684 1401 3755 ipsi
1422 3688 1643 3745 medici-

57 3779 173 3817 nam
216 3765 470 3833 protulit,
503 3783 622 3836 quae
665 3767 717 3822 in
757 3784 816 3824 se
844 3778 1000 3825 erant
1027 3773 1204 3827 omnia
1232 3773 1429 3831 faciens
1453 3819 1468 3843 ,
1503 3787 1640 3834 tam-

54 3857 147 3909 etsi
194 3856 285 3911 ille
329 3858 543 3927 repulso
584 3859 1002 3930 medicamento,
1041 3863 1093 3919 in
1119 3862 1394 3923 fratricidii
1424 3872 1641 3940 profun-

54 3947 174 4001 dum
215 3964 275 4004 se
308 3949 668 4019 prmcipitarit.
696 3950 925 4007 Peccain
947 3991 962 4018 ,
988 3955 1202 4024 quiesce.
1230 3955 1307 4012 Ne
1338 3968 1488 4027 putes
1512 4001 1527 4025 ,
1559 3963 1638 4015 in-

55 4042 194 4107 quit,
224 4041 348 4096 licet
382 4052 529 4096 tuum
556 4054 835 4098 aversatus
857 4045 957 4099 sim
978 4046 1297 4103 sacriﬁcium
1318 4049 1388 4105 ob
1415 4066 1631 4121 pravam

53 4142 312 4197 mentem,
359 4132 642 4205 fratrisque
679 4137 999 4193 oblationem
1045 4150 1315 4210 acceptam
1356 4142 1629 4200 habuerim

52 4225 116 4279 ob
141 4241 325 4280 sanam
353 4228 725 4295 intentionem,
751 4245 837 4284 me
858 4229 978 4287 ideo
1000 4232 1226 4301 primatu
1249 4242 1298 4288 te
1317 4233 1626 4305 destituere,

52 4326 101 4369 et
141 4318 575 4387 primogenitum
615 4320 926 4391 dignitatem
965 4337 995 4376 a
1028 4333 1080 4379 te
1118 4323 1349 4380 auferre.
1378 4325 1626 4392 Quiesce;

51 4422 167 4461 nam
212 4409 334 4463 licet
362 4409 564 4466 honore
588 4426 688 4482 ego
716 4412 864 4468 illum
895 4425 1247 4485 proseqnutus
1273 4417 1497 4485 fuerim,
1530 4438 1626 4475 ac-

50 4509 299 4569 ceptaque
325 4500 519 4557 fuerint
546 4502 687 4558 illius
709 4504 847 4560 dona
881 4523 893 4561 :
926 4518 1291 4564 verumtamen
1319 4512 1398 4563 Ad
1428 4522 1475 4566 te
1501 4529 1623 4568 con-

45 4595 198 4646 Iasio
217 4593 375 4660 illius,
417 4606 462 4649 et
492 4606 545 4649 tu
575 4596 734 4665 ipsius
763 4598 1121 4654 dominaberis.
1148 4601 1325 4671 itaque
1354 4615 1470 4673 post
1500 4622 1622 4677 pec-

46 4694 216 4739 catum
261 4686 364 4741 hoc
408 4688 656 4756 permitto
683 4730 699 4757 ,
745 4698 805 4743 ut
852 4690 1285 4762 primogenitum:
1332 4696 1618 4767 privilegiis

34 4778 265 4845 gaudtvas
285 4820 303 4843 ,
335 4780 588 4851 illumque
613 4782 713 4837 sub
743 4792 828 4838 tua
863 4794 1124 4853 potestate
1152 4797 1205 4843 et
1233 4788 1470 4843 dominio
1498 4806 1618 4847 esse

33 4870 208 4936 jubeo.
240 4872 372 4927 Vide
413 4873 792 4944 benignitatem
822 4878 1065 4947 Domini,
1091 4882 1358 4951 quomodo
1383 4882 1615 4941 furorem

34 4974 89 5017 et
128 4966 382 5020 itmniam
428 4967 564 5023 illius
601 4968 941 5038 demulcere,
969 4982 1023 5028 et
1052 4974 1225 5029 verbis
1255 4975 1337 5031 his
1359 4978 1611 5048 impetum

34 5053 237 5109 auferre
277 5057 485 5112 nititur.
516 5058 723 5130 Quippe
752 5072 928 5117 motus
953 5065 1146 5119 mentis
1170 5065 1309 5122 illius
1334 5068 1536 5136 videns,
1559 5081 1612 5124 et

33 5146 293 5203 cmdrlem
328 5162 395 5203 ac
429 5150 822 5218 sanguinariam
868 5152 1008 5209 illius
1034 5155 1355 5213 voluntatem
1397 5161 1611 5233 sciens,

37 5250 163 5291 nunc
208 5239 567 5311 praemitigare
604 5241 720 5312 ejus
762 5245 1018 5300 rationem
1047 5247 1157 5301 vult
1185 5258 1238 5302 et
1262 5251 1604 5308 serenitatem

34 5331 184 5384 menti
208 5331 464 5386 inducere
488 5374 505 5399 ,
534 5333 864 5402 subjicienda
890 5337 990 5406 ipsi
1018 5339 1233 5394 fratrem
1258 5380 1273 5405 ,
1300 5353 1355 5396 et
1383 5353 1603 5410 po:esta-

34 5429 127 5474 tem
170 5423 335 5493 ipsius
362 5424 495 5479 nihil
520 5425 827 5481 minuendo.
858 5426 1230 5484 Verumtamen
1263 5441 1383 5499 p0st
1405 5441 1602 5489 tant..m

28 5525 193 5570 curam
233 5526 289 5571 et
315 5526 455 5571 tanta
485 5518 723 5573 remedia
750 5520 882 5575 nihil
907 5523 1173 5578 commodi
1202 5522 1328 5579 Cain
1360 5527 1482 5582 inde
1511 5543 1598 5582 re-

33 5604 149 5658 tulit.
191 5608 422 5664 Tantum
470 5610 611 5666 valet
654 5610 849 5667 mentis
873 5611 1154 5670 diversitas
1179 5624 1232 5672 et
1258 5618 1471 5674 malitia:
1505 5633 1599 5675 es-

33 5714 208 5754 (περς.

1146 267 1213 326 IN
1247 264 1400 329 cur.
1441 268 1532 330 tv.
1570 262 1811 333 cultus.
1850 275 2076 338 nomn.
2119 284 2261 343 XIX.

3292 308 3388 365 l58

1883 393 1934 449 7.
1981 396 2196 457 litoralis
2235 402 2482 475 epilogus.
2510 436 2579 446 -—
2618 407 2723 465 Sed
2768 425 2836 467 ne
2874 412 3079 485 longius
3127 427 3388 485 protracta

1802 487 1978 542 oratio
2017 501 2198 546 nostra
2241 494 2449 552 caritati
2484 508 2678 556 vestra
2705 503 3003 561 molestiam
3031 504 3287 568 exhibere
3312 515 3388 569 vi-

1800 572 1990 633 deatur
2010 618 2026 645 ,
2072 596 2207 639 neve
2254 586 2468 643 taedium
2497 589 2648 646 vobis
2666 591 2858 651 afferre
2884 596 2969 651 hic
2997 614 3176 656 sermo
3202 612 3386 659 noster

1799 678 2115 738 censeatur,
2163 684 2218 730 et
2252 680 2412 734 aures
2456 692 2662 740 vestras
2690 686 2967 753 obtundat,
3005 692 3089 747 hic
3116 692 3275 749 finem
3306 696 3385 751 di-

1799 760 1954 814 cendi
1982 761 2237 822 facientes
2262 808 2276 831 .
2308 780 2541 827 vestrum
2583 776 2831 833 audiendi
2869 782 3100 837 studium
3132 784 3382 842 cohorte-

1800 868 1958 920 ntur,
2009 866 2063 912 nt
2103 863 2334 918 caveatis
2376 881 2444 920 ne
2490 867 2649 923 istum
2695 872 3004 936 imitemini,
3037 886 3172 933 etut
3200 880 3380 936 relicta

1797 946 1942 999 omni
1989 950 2185 1005 malitia
2206 994 2222 1020 ,
2270 956 2516 1012 mandata
2551 961 2757 1016 Domini
2786 974 2985 1021 attente
3010 984 3072 1023 ac
3096 969 3380 1041 diligenter

1797 1037 2120 1108 perficiatis,
2152 1048 2446 1112 praesertim
2490 1060 2610 1119 post
2653 1061 2793 1108 tanta
2844 1058 3072 1128 taliaque
3112 1037 3378 1133 exempla.

1794 1125 1976 1199 Neque
2016 1133 2158 1187 enim
2201 1134 2270 1190 ad
2312 1136 2659 1207 ignorantiam
2691 1143 2943 1215 deinceps
2973 1125 3251 1220 quisquam
3272 1125 3379 1208 ἰιο-

1793 1229 1962 1275 suum
2002 1225 2290 1297 confugere
2328 1233 2538 1300 poterit.
2581 1233 2713 1289 Nam
2753 1236 2798 1291 si
2828 1238 2944 1305 hic,
2969 1239 3097 1296 Cain
3124 1243 3374 1316 inquam,

1794 1314 1995 1371 nullum
2011 1328 2134 1374 ante
2153 1335 2213 1376 se
2230 1322 2448 1388 invenit,
2469 1327 2554 1394 qui
2580 1328 2682 1383 tale
2698 1329 2947 1399 quiddam
2969 1336 3158 1403 egerit,
3183 1314 3377 1393 nihilo-

1792 1404 1968 1462 minus
2017 1418 2192 1467 tamen
2234 1414 2617 1473 intolerabilem
2655 1429 2710 1474 et
2746 1437 2958 1492 gravem
3014 1427 3154 1482 illam
3210 1432 3375 1484 susti-

1791 1497 1905 1551 nuit
1932 1514 2168 1569 pmnam,
2196 1520 2353 1575 quam
2383 1517 2436 1562 et
2458 1524 2549 1564 vos
2575 1521 2757 1579 pOstea
2784 1516 2962 1570 scietis
2985 1558 2999 1583 ,
3028 1519 3154 1588 quid
3183 1523 3373 1576 verisi-

1791 1592 1914 1646 tnile
1936 1602 2017 1647 est
2047 1608 2144 1648 nos
2168 1610 2418 1665 passuros
2437 1642 2451 1666 ,
2480 1602 2567 1671 qui
2589 1602 2774 1659 eadem
2794 1647 2809 1671 ,
2834 1609 2914 1662 vel
2944 1610 3105 1663 etiam
3131 1614 3369 1681 graviora

1788 1699 2091 1754 peccamus,
2111 1686 2268 1759 idque
2288 1702 2408 1760 post
2425 1702 2619 1749 tantam
2643 1700 2825 1768 gratim
2846 1701 3175 1772 largitatem?
3196 1721 3373 1761 nonne

1787 1777 1961 1847 ignem
1989 1788 2271 1851 aeternum,
2296 1798 2527 1841 verment
2550 1789 2639 1859 qui
2668 1805 2772 1846 non
2806 1793 3060 1859 interibit,
3085 1797 3367 1853 stridorem

1783 1872 2043 1940 dentium,
2067 1876 2313 1933 tenebras
2333 1882 2645 1947 exteriores,
2670 1886 2967 1953 gehennam
2986 1888 3139 1959 ignis,
3162 1900 3211 1946 et
3234 1893 3368 1946 alias

1784 1963 2114 2022 inevitabiles
2155 1982 2339 2036 manus
2376 1986 2495 2041 qua:
2534 1989 2630 2028 nos
2670 1988 2973 2047 exceptura:
3009 1984 3172 2037 sunt?
3210 1984 3363 2039 Nulla

1781 2058 1922 2113 enim
1970 2058 2210 2115 defensio
2248 2062 2401 2118 nobis
2429 2065 2611 2121 relicta
2643 2079 2757 2133 est,
2789 2070 2833 2125 si
2863 2072 2932 2125 ita
2958 2074 3288 2144 negligentes
3314 2088 3366 2132 et

1780 2149 1952 2220 ignavi
1994 2153 2266 2209 fuerimus.
2314 2155 2501 2213 Nonne
2545 2161 2747 2216 scimus
2788 2177 2975 2220 omnes
3004 2181 3123 2236 quae
3148 2168 3255 2222 sint
3286 2170 3363 2222 fa-

1776 2242 1964 2297 cienda
1985 2285 1999 2309 ,
2034 2262 2152 2315 qum
2182 2262 2284 2302 non
2314 2248 2550 2307 facienda
2573 2253 2667 2307 “tet
2692 2268 2784 2308 eos
2806 2257 2892 2325 qui
2927 2258 3101 2326 priora
3126 2260 3323 2316 faciunt
3346 2305 3361 2328 ,

1775 2334 2097 2406 principales
2144 2353 2370 2395 coronas
2417 2355 2795 2413 asseqnuturns
2838 2363 2991 2415 esse,
3039 2365 3133 2405 eos
3184 2363 3358 2408 autem

1774 2427 1862 2496 qui
1902 2428 1953 2481 in
1986 2438 2227 2485 extrema
2255 2433 2514 2498 incidunt,
2544 2440 2799 2491 extremis
2827 2442 3099 2509 suppliciis
3121 2459 3241 2499 esse
3268 2462 3361 2515 pu-

1773 2520 2031 2575 niendos?
2058 2524 2180 2578 Ideo
2212 2541 2399 2594 premir
2416 2538 2574 2598 atque
2594 2531 2836 2596 obsecro,
2864 2551 2929 2589 ne
2945 2549 3238 2594 conventus
3262 2545 3360 2597 istc

1774 2626 1954 2666 nosser
1998 2614 2194 2669 inutilis
2232 2618 2337 2681 sit,
2368 2619 2460 2673 sed
2504 2630 2559 2674 ut
2588 2638 2706 2690 qua:
2732 2625 2945 2680 auribus
2975 2627 3158 2683 hausta
3191 2642 3353 2698 sunt,

1768 2704 1953 2758 eadem
2000 2716 2053 2759 et
2089 2706 2239 2760 factis
2263 2721 2676 2777 expromantnr,
2712 2725 2764 2767 nt
2796 2716 2947 2770 nobis
2973 2717 3108 2774 bene
3133 2724 3351 2787 conscii,

1768 2806 1927 2865 atque
1962 2796 2173 2851 interim
2218 2800 2351 2854 bona
2391 2817 2486 2873 spe
2525 2804 2680 2870 freti,
2714 2807 2927 2863 difficile
2955 2810 3055 2865 hoc
3078 2817 3353 2882 praesentis

1768 2887 1890 2940 vitae
1922 2889 2137 2959 pelagus
2170 2890 2325 2947 facile
2356 2896 2701 2963 trajicientes,
2732 2899 2782 2953 in
2817 2910 3023 2969 portum
3054 2905 3353 2977 benignita-

1767 2978 1834 3032 tis
1864 2979 1951 3033 Dei
1984 2983 2284 3050 pervenire,
2316 2994 2370 3038 et
2397 2985 2678 3042 ineffabilia
2704 2990 2836 3044 bona
2870 2993 2955 3047 illa
2985 3000 3238 3068 consequi
3269 3014 3351 3051 va-

1764 3072 1984 3140 leamus,
2019 3091 2137 3145 quae
2164 3078 2405 3146 protttisit
2438 3080 2690 3137 Dominus
2712 3084 3053 3156 diligentibus
3077 3106 3155 3155 se,
3182 3095 3348 3162 gratia

1762 3174 1813 3217 et
1834 3166 2197 3223 misericordia
2226 3171 2478 3240 unigeniti
2510 3174 2623 3243 ejus
2648 3175 2785 3243 Filii,
2819 3194 2940 3234 cum
2963 3197 3069 3251 quo
3090 3196 3275 3239 sancto
3296 3198 3349 3242 et

1759 3255 2030 3312 adoranda
2072 3262 2189 3333 ejus
2223 3258 2441 3334 Spiritui
2468 3265 2631 3333 gloria
2658 3308 2671 3330 ,
2699 3266 2909 3336 honor,
2940 3280 2994 3326 et
3022 3273 3302 3344 imperium
3328 3319 3342 3341 ,

1758 3363 1898 3403 nunc
1922 3358 1977 3404 et
2002 3366 2234 3423 semper,
2259 3365 2311 3409 et
2339 3355 2391 3410 in
2414 3360 2603 3413 smeula
2629 3362 2965 3418 sa-cnlornm.
2993 3367 3182 3421 Amen.

2326 3492 2597 3550 llOllllLlA
2632 3497 2771 3551 XIX.

1752 3597 1818 3652 Et
1851 3601 1977 3655 dixit
2023 3602 2147 3655 Cain
2182 3604 2250 3656 ad
2291 3605 2413 3659 Abel
2454 3610 2661 3677 fratrem
2697 3628 2842 3666 suam
2880 3630 2898 3667 :
2929 3614 3260 3686 Egrediamur
3285 3623 3335 3673 in

2252 3713 2483 3765 cantpum
2506 3699 2655 3771 (Gen.
2680 3704 2731 3756 4.
2758 3702 2836 3774 8).

1823 3808 1875 3860 l.
1914 3806 2101 3861 Misera
2151 3812 2337 3881 peccati
2380 3814 2610 3868 servitus.
2661 3816 2828 3872 flama
2870 3820 3095 3878 libertate
3138 3827 3335 3882 arbitrii

1745 3898 1978 3953 donatus.
2024 3899 2162 3955 Deus
2212 3905 2551 3960 necessitatem
2588 3923 2688 3961 non
2727 3912 2958 3981 imponit.
3011 3944 3080 3955 —
3128 3915 3330 3985 Quem-

1744 3991 2029 4046 admodum
2087 3994 2397 4051 incurahilia
2444 4000 2661 4054 vulnera
2720 4018 2892 4071 neque
2939 3997 3165 4063 austéris
3218 4026 3336 4066 tne-

1741 4082 2055 4139 dicatnentis
2082 4088 2314 4155 cedunt,
2358 4106 2528 4161 neque
2556 4093 2877 4150 lenientibus
2906 4114 2924 4149 ς
2959 4098 3026 4151 ita
3057 4108 3112 4154 et
3149 4103 3325 4157 anima

1740 4177 1905 4231 semel
1930 4180 2157 4247 captiva,
2185 4181 2227 4235 si
2253 4197 2310 4237 se
2350 4195 2570 4253 peccato
2609 4187 2837 4256 cuipiam
2871 4189 3155 4247 obnoxiam
3185 4193 3324 4250 fece-

1739 4270 1839 4334 rit,
1886 4280 1940 4323 et
1981 4271 2320 4328 considerare
2380 4276 2607 4330 noluerit
2649 4293 2768 4347 quae
2810 4280 2908 4334 sibi
2954 4290 3080 4336 sunt
3124 4285 3271 4339 utilia
3302 4328 3318 4350 ,

1735 4365 1894 4417 etiam
1933 4364 1976 4417 si
2014 4365 2133 4435 quis
2172 4371 2447 4421 innumera
2484 4369 2708 4424 inculcet
2745 4370 2884 4424 illius
2917 4374 3153 4441 auribus,
3188 4378 3320 4434 nihil

1734 4456 2003 4525 proficiet:
2023 4456 2115 4512 sed
2130 4460 2278 4528 quasi
2292 4469 2514 4514 mortua:
2530 4472 2707 4516 essent
2725 4477 2903 4527 aures,
2926 4465 3121 4520 nullam
3144 4483 3211 4522 ex
3231 4469 3297 4522 ad
3310 4502 3322 4514 -

1732 4548 2024 4602 monitione
2045 4549 2265 4618 suscipit
2288 4550 2569 4607 utilitatem
2594 4569 2607 4604 :
2634 4568 2739 4606 non
2762 4556 2879 4624 quia
2901 4571 3002 4610 non
3017 4562 3316 4628 potest,sed

1729 4641 1848 4710 quia
1878 4654 1981 4695 non
2004 4643 2115 4696 vult
2142 4642 2180 4696 ί.
2206 4641 2320 4698 Non
2350 4644 2493 4698 enim
2515 4644 2645 4698 sicut
2664 4646 2783 4700 etin
2800 4649 3168 4717 corporalibus
3195 4652 3314 4707 vul—

1729 4731 1946 4787 neribus
1979 4733 2147 4788 videri
2187 4734 2357 4801 Solet,
2407 4735 2473 4788 ita
2504 4745 2556 4790 et
2587 4736 2637 4790 itt
2668 4737 2940 4794 voluntate
2969 4750 3070 4794 est.
3101 4741 3231 4796 Natn
3262 4744 3314 4797 itt

1726 4825 2097 4895 corporalibus
2121 4834 2323 4880 naturae
2349 4826 2654 4884 affectiones
2680 4844 2821 4899 sa-pe
2843 4831 3139 4887 immobiles
3160 4846 3306 4899 sunt,

1724 4917 1777 4971 in
1805 4916 2071 4972 voluntate
2100 4927 2277 4973 autem
2309 4932 2414 4972 non
2456 4919 2525 4973 ita
2554 4933 2613 4973 se
2642 4934 2730 4974 res
2759 4920 2919 4976 habet
2948 4940 2962 4977 :
2991 4938 3135 4993 saepe
3163 4927 3305 4980 enim

1722 5009 1767 5064 si
1797 5008 2022 5065 voluerit
2048 5010 2206 5067 etiam
2232 5011 2319 5080 qui
2349 5011 2518 5064 malus
2541 5019 2643 5075 est,
2669 5021 2921 5079 mutatur,
2945 5024 2994 5067 et
3018 5015 3075 5067 fit
3095 5015 3265 5070 bonus
3289 5035 3302 5070 :

1721 5112 1776 5159 et
1803 5103 1892 5174 qui
1920 5102 2112 5167 bonus,
2142 5118 2238 5174 per
2260 5104 2519 5174 ignaviam
2546 5104 2760 5165 excidit,
2788 5114 2841 5159 et
2870 5106 2927 5158 ﬁt
2948 5107 3135 5160 malus.
3171 5107 3303 5173 Quia

1718 5211 1846 5266 ergo
1868 5195 2020 5251 liberi
2041 5194 2241 5249 arbitrii
2264 5209 2384 5250 esse
2403 5202 2635 5249 nostram
2655 5201 2896 5248 naturam
2919 5196 3040 5249 fecit
3059 5197 3298 5251 omnium

1716 5287 1972 5342 Dominus
1992 5287 2049 5358 ‘,_
2073 5286 2188 5355 ipse
2215 5285 2427 5356 quidem
2459 5301 2578 5355 qua:
2603 5301 2696 5339 sua
2727 5298 2852 5339 sunt
2877 5290 3053 5341 omnia
3083 5304 3179 5358 pro
3204 5305 3298 5345 sua

1718 5378 2076 5436 misericordia
2103 5392 2315 5448 semper
2342 5377 2558 5433 exhibet
2587 5393 2601 5433 :
2629 5386 2685 5433 et
2708 5378 2881 5433 sciens
2908 5379 3213 5436 abscondita
3243 5382 3295 5438 in

1774 5539 1790 5569 ι
1829 5545 1946 5599 Reg.
1981 5549 2126 5597 unus,
2171 5547 2265 5585 non
2302 5532 2432 5598 quod
2464 5533 2702 5585 evidentia
2738 5534 2882 5596 absit,
2911 5535 2999 5587 sed
3022 5537 3150 5599 quod
3169 5537 3291 5590 absit

1707 5599 1932 5663 potentia.

1773 5658 1916 5714 I‘Has
1936 5676 2096 5724 voces,
2118 5659 2330 5712 omnium
2357 5657 2659 5724 Dominustti
2690 5660 2784 5707 τῶν
2816 5661 2947 5724 ὃλωνξ
2974 5663 3135 5722 Θεὸς),
3170 5674 3283 5724 qua

1711 5728 1889 5778 desunt
1909 5728 1961 5776 in
1982 5720 2154 5776 Morel.
2178 5731 2229 5773 et
2250 5724 2470 5784 Montef.,
2500 5720 2773 5771 addidimus
2792 5735 2821 5770 e
2839 5722 3038 5773 Savilio.
