3796 6238
382 280 481 335 150

382 390 645 465 profundo
675 383 866 439 mentis
894 388 946 432 et
974 387 1185 435 arcana,
1219 371 1477 423 hortatur,
1506 358 1756 417 consulit,
1791 368 1953 407 cona-

380 447 572 554 ;nsque
598 488 810 533 nostros
837 471 1003 524 malos
1034 462 1363 535 praiveniens
1389 453 1649 522 reprimit.
1680 447 1747 500 Et
1772 457 1961 499 neces-

385 542 593 630 sitaiem
624 571 802 637 utique
830 579 933 617 non
961 555 1204 628 imponit,
1232 542 1763 616 scd'eongruentibus
1784 550 1965 591 reme-

386 668 489 721 diis
537 626 792 732 apposiiis
816 698 829 719 ,
858 626 1051 706 totum
1076 648 1234 702 situm
1280 644 1331 696 in
1375 635 1681 709 aegrotantis
1710 626 1969 685 sententia

391 719 625 814 dimittit:
679 752 787 805 lloc
814 748 973 816 igitur
999 752 1050 797 et
1078 741 1129 795 in
1154 739 1283 792 Cain
1315 749 1455 788 nunc
1484 731 1677 784 factum
1708 733 1807 779 est.
1840 719 1972 775 Vide

391 852 534 907 enim
582 853 701 915 post
749 849 947 895 tantam
998 828 1384 903 providentiam
1430 832 1483 878 et
1526 820 1605 875 sui
1649 829 1829 871 curam
1857 852 1871 876 ,
1921 811 1972 862 in

395 903 646 1011 quantam
668 928 912 987 inciderit
932 922 1211 980 insaniam.
1235 914 1525 988 Oportebat
1540 910 1680 967 enim
1697 903 1973 962 conscium

400 1026 602 1085 peccati
634 1024 717 1079 sui
748 1022 800 1075 in
831 1012 1164 1073 emendando
1194 1018 1375 1080 postea
1401 1016 1599 1071 occupa

403 1123 489 1176 ille
532 1116 682 1188 quasi
739 1113 957 1173 ebrius,
1006 1103 1216 1161 effectui
1266 1108 1320 1155 et
1365 1094 1571 1152 vulneri
1627 1088 1790 1161 priori
1842 1083 1980 1139 aliud

404 1175 563 1267 ulcus
593 1208 920 1276 conjungens
944 1242 958 1266 ,
987 1208 1040 1254 et
1070 1194 1384 1251 medicinam
1418 1196 1561 1243 tanta
1588 1179 1854 1252 diligentia
1882 1175 1981 1229 ad-

408 1305 626 1359 hibitam
673 1314 778 1352 non
822 1295 1138 1353 admittens,
1182 1286 1276 1342 sed
1325 1282 1641 1336 destinatam
1688 1270 1884 1328 czcdem
1933 1267 1986 1321 in

412 1412 545 1466 opus
568 1392 859 1464 perducere
880 1385 1152 1442 festinans,
1178 1394 1205 1431 a
1226 1376 1349 1431 dolo
1370 1383 1423 1426 et
1443 1368 1671 1425 versutia
1693 1360 1985 1419 exorditur,

411 1454 466 1542 cl
505 1454 780 1540 fallacibus
806 1477 981 1533 verbis
1012 1475 1224 1528 fratrem
1252 1465 1465 1535 decipit.
1516 1461 1645 1514 'l‘am
1676 1454 1870 1511 efferus
1912 1457 1995 1504 est

418 1758 629 1831 quando
678 1756 728 1808 in
772 1748 984 1806 virtutis
1023 1745 1160 1797 viam
1206 1734 1480 1793 contendit
1522 1748 1535 1784 :
1583 1730 1593 1782 i

422 1853 617 1908 malum
666 1846 932 1906 declinat,
979 1835 1394 1893 truculentarum
1440 1823 1725 1880 bestiarum
1768 1815 2003 1871 imitatur

423 1941 811 1999 crudelitatem.
870 1931 1006 2000 Quin
1052 1938 1106 1982 et
1146 1938 1265 1980 cum
1314 1920 1517 1975 feroces
1562 1913 1769 1968 illarum
1822 1917 1999 1961 mores

428 2030 796 2102 asmnnpserit,
822 2023 1060 2095 quamvis
1086 2014 1344 2075 rationale
1368 2020 1423 2065 et
1452 2013 1784 2063 mansuetum
1813 1995 2009 2051 animal

429 2129 515 2184 sit.
539 2124 720 2179 multis
742 2131 916 2174 tamen
940 2110 1243 2168 nominibus
1269 2105 1479 2160 illarum
1504 2104 1717 2167 superat
1742 2089 2008 2146 ferociam.

434 2220 716 2275 Videamus
759 2210 914 2280 igitur
953 2216 1009 2260 et
1045 2204 1163 2258 istic
1203 2198 1326 2268 quid
1367 2190 1639 2248 acciderit.
1682 2186 1734 2240 8.
1781 2182 1844 2235 Et
1886 2178 2014 2232 dixit

436 2310 560 2364 Cain
587 2349 601 2373 ,
634 2271 836 2373 inquii,
865 2298 932 2351 ad
962 2294 1083 2349 Abel
1127 2295 1332 2362 fratrem
1370 2299 1517 2339 suum
1547 2295 1565 2335 ς
1598 2275 1936 2347 Egredianmr
1964 2271 2017 2321 in

446 2363 907 2467 runipuiii.'\lerba
933 2385 1145 2457 quidem
1175 2380 1373 2442 fratris,
1407 2388 1557 2430 mens
1587 2378 1763 2424 autem
1794 2363 2018 2419 homici-

440 2495 542 2548 das.
576 2488 709 2557 Quid
737 2485 885 2548 facis,
916 2497 948 2533 ο
972 2476 1139 2533 Cain?
1169 2472 1340 2527 nescis
1366 2468 1449 2521 cui
1479 2460 1748 2534 loqueris?
1795 2474 1899 2512 non
1927 2472 2017 2510 eoo

442 2587 578 2656 gitas
608 2556 709 2635 tibi
742 2593 861 2633 cum
906 2574 1066 2628 fratre
1095 2563 1413 2632 colloquium
1446 2556 1604 2612 esse?
1633 2568 1737 2607 non
1766 2556 1978 2619 reputas
2007 2587 2022 2609 ,

445 2677 631 2735 eodem
662 2686 769 2742 quo
796 2678 849 2723 tu
878 2678 1029 2722 utero
1061 2672 1240 2716 natum
1272 2653 1423 2711 esse?
1452 2666 1555 2705 non
1587 2647 1767 2701 animo
1793 2640 2028 2708 concipis

448 2731 830 2826 abominabiles
877 2753 1137 2813 conatus?
1184 2764 1286 2804 non
1331 2747 1485 2799 times
1518 2739 1749 2811 judicent
1790 2735 1877 2803 qui
1924 2731 2027 2785 falli

451 2859 673 2932 nequit?
706 2871 810 2911 non
837 2853 1021 2906 horret
1044 2858 1194 2901 mens
1221 2852 1303 2895 tua
1326 2834 1565 2893 facinus?
1586 2831 1691 2886 Cur
1714 2829 1763 2882 in
1787 2839 2030 2894 campum

450 2918 610 3010 vocas
642 2950 875 3011 fratrem,
899 2953 952 2999 et
982 2940 1125 2995 foras
1145 2952 1172 2989 a
1197 2931 1431 3004 paternis
1456 2925 1595 2980 ulnis
1619 2918 1874 2975 abducis?
1903 2930 2034 2985 qua-

453 3064 512 3103 re
539 3047 710 3116 ipsum
740 3050 961 3108 paterno
986 3030 1181 3087 auxilio
1207 3020 1487 3079 destituis?
1513 3014 1649 3083 Quid
1677 3013 1795 3066 novi
1823 3007 2033 3071 accidit,

454 3098 597 3209 quod
627 3098 763 3188 nunc
784 3130 997 3183 fratrem
1020 3123 1073 3175 in
1095 3130 1337 3185 campum
1362 3110 1546 3174 trahis,
1570 3114 1624 3161 et
1650 3104 1701 3159 id
1726 3100 1864 3172 qttod
1894 3098 2037 3168 prius

459 3192 564 3287 non
596 3225 783 3289 fecisti,
815 3234 952 3273 nunc
981 3216 1152 3269 facere
1176 3217 1429 3271 attentas,
1454 3211 1507 3258 et
1527 3198 1772 3253 amicitia:
1798 3192 2039 3248 Occasio-

461 3339 528 3379 ne
592 3281 877 3374 fraternam
928 3299 1351 3362 benevolentiam
1404 3282 1784 3363 praetexend'b,
1832 3281 2041 3337 hostilia

461 3423 683 3484 qumqac
710 3410 1012 3475 perpetrare
1044 3387 1347 3447 deliberas?
1372 3385 1499 3452 Qua:
1535 3375 1774 3433 insania?
1810 3388 1928 3443 quae
1956 3386 2043 3425 ra-

1454 3471 1475 3484 "
1535 3482 1542 3484 -
1753 3461 2041 3484 ρκ’--.ξΑ-ξ-

466 3461 617 3559 bies?
664 3461 832 3559 Esto,
873 3494 1167 3546 exca‘catus
1211 3485 1388 3533 mente
1450 3471 1697 3526 fraterna:
1749 3461 2045 3518 affectionis

467 3595 669 3653 nullam
714 3589 971 3645 rationem
1000 3580 1195 3635 habeas
1215 3616 1228 3637 ,
1262 3584 1435 3640 neque
1463 3573 1705 3621 naturam
1746 3571 2002 3630 agnoscas
2032 3573 2043 3608 :

468 3704 562 3744 cur
590 3684 844 3739 adversus
873 3676 1019 3731 illum
1050 3670 1113 3723 ad
1144 3666 1340 3721 bellum
1373 3671 1424 3715 te
1450 3655 1687 3717 instruis,
1715 3652 1802 3721 qui
1832 3649 1973 3703 nulla
2000 3658 2051 3702 te

471 3739 661 3850 injuria
691 3770 901 3829 affecit?
948 3763 1073 3837 quid
1105 3763 1228 3815 item
1260 3754 1424 3810 habes
1452 3747 1591 3820 quod
1623 3742 1929 3815 parentibus
1954 3739 2051 3793 ob-

468 3840 620 3946 iicias
639 3910 653 3936 ,
677 3882 811 3938 quos
840 3872 980 3917 tanta
1009 3853 1256 3912 maestitia
1278 3848 1512 3916 affligere
1540 3840 1807 3897 deliberas
1832 3877 1846 3901 ,
1875 3842 1931 3890 et
1955 3848 2053 3885 au-

474 3934 590 4026 ctor
616 3934 736 4022 esse
759 3958 1012 4017 terribilis
1042 3950 1333 4023 tragoediis,
1364 3953 1420 3999 ut
1444 3942 1646 4013 primus
1671 3939 1749 3991 eis
1770 3934 2052 3989 violentam

476 4063 614 4115 hanc
657 4064 881 4110 mortem
924 4021 1216 4103 ostendas?
1265 4039 1376 4093 Has
1418 4035 1521 4089 illis
1559 4027 1833 4085 mercedes
1878 4021 2058 4077 reddis

478 4165 585 4208 tua;
612 4140 980 4204 educationis?
1011 4138 1141 4204 Qua:
1175 4130 1368 4187 diaboli
1395 4140 1481 4181 ars
1510 4125 1562 4178 in
1594 4123 1693 4175 hoc
1724 4128 1775 4174 te
1803 4116 2057 4186 ﬂagitium

478 4240 723 4313 impulit?
750 4240 830 4292 An
858 4233 1036 4288 dicere
1062 4235 1211 4297 potes
1239 4216 1664 4278 benevolentiam
1697 4209 1907 4267 Domini
1935 4222 2059 4277 erga

480 4297 667 4397 illdm,
702 4330 871 4398 ipsum
921 4322 1200 4377 adversum
1249 4323 1302 4368 te
1343 4315 1678 4378 arrogantem
1720 4297 2061 4358 reddidisse?

484 4427 672 4482 Nonne
693 4397 995 4490 praecavens
1014 4411 1083 4466 ob
1105 4409 1239 4462 hanc
1259 4397 1644 4471 sanguinariam
1668 4404 1809 4449 tuam
1832 4399 2061 4445 mentem

484 4482 711 4586 subjecil
741 4511 887 4566 illum
915 4504 1026 4568 tibi,
1054 4512 1109 4557 et
1142 4510 1244 4553 tua:
1273 4492 1515 4566 potestati
1545 4486 1797 4548 subdidit,
1823 4494 1877 4539 et
1905 4482 2061 4543 dixit,

489 4609 624 4679 Quia
663 4604 729 4658 ad
771 4612 817 4655 te
856 4595 1109 4653 conversio
1132 4592 1269 4646 illius
1293 4628 1307 4653 ,
1337 4596 1384 4641 et
1416 4594 1467 4637 tu
1497 4582 1655 4651 ipsius
1683 4574 2016 4631 dominaberis
2043 4573 2068 4626 ?

488 4666 623 4761 ﬁam
646 4699 749 4752 hoc
766 4695 833 4749 de
855 4691 1030 4747 fratris
1053 4683 1381 4754 subjectione
1408 4672 1770 4743 accipiendum
1802 4678 1901 4723 est.
1935 4666 2071 4721 Sunt

492 4760 637 4853 enim
664 4790 822 4861 aliqui
850 4787 1107 4847 dicentes,
1135 4778 1201 4833 de
1230 4771 1490 4831 sacrificio
1519 4767 1586 4823 ab
1612 4781 1676 4822 eo
1701 4764 1879 4819 oblato
1907 4760 2069 4814 Deum

493 4850 619 4945 talia
661 4850 858 4939 dixisse
888 4896 901 4932 :
930 4875 1009 4929 Ad
1044 4883 1090 4926 te
1130 4865 1384 4923 conversio
1408 4904 1424 4930 ,
1466 4858 1671 4929 inquit,
1717 4854 1920 4910 scilicet
1945 4850 2072 4906 doni

490 4982 631 5038 illius
648 5020 668 5039 ν,
700 4986 745 5030 et
773 4984 825 5027 tu
851 4970 1010 5040 ipsius
1040 4957 1374 5019 dominaberis
1405 4952 1496 5009 :id
1524 4961 1643 5018 est,
1672 4964 1736 5005 eo
1767 4944 1975 5001 frueris.
2008 4942 2075 4996 Et

491 5075 614 5130 ideo
631 5079 912 5135 utrumque
932 5071 1146 5115 sensum
1161 5052 1292 5116 dixi,
1311 5047 1615 5117 relinquens
1634 5050 1824 5096 vestra:
1845 5035 2076 5108 pruden-

495 5129 583 5221 tia:
606 5205 621 5229 ,
652 5162 703 5217 id
734 5129 873 5230 quod
900 5153 1057 5209 dictis
1086 5147 1254 5219 magis
1279 5153 1572 5212 congruum
1600 5134 1808 5190 videtur
1832 5172 1846 5195 ,
1874 5129 2076 5198 eligen-

694 5217 818 5306 Mibi
864 5247 1008 5302 enim
1047 5217 1259 5297 videtur
1300 5234 1368 5291 de
1414 5231 1575 5287 fratre
1612 5240 1733 5283 esse
1762 5222 1979 5278 dictum.
2010 5217 2080 5272 Et

499 5352 692 5416 factum
730 5351 844 5402 est,
885 5353 1000 5391 cum
1038 5341 1195 5389 essent
1231 5327 1329 5399 ipsi
1364 5326 1418 5380 in
1454 5336 1662 5389 campo.
1700 5314 1918 5371 surrexit
1956 5308 2081 5365 Cain

499 5402 677 5490 iantra
702 5430 822 5484 Abel
852 5432 1057 5497 fratrem
1082 5437 1249 5484 suum,
1277 5426 1322 5472 et
1348 5413 1527 5470 occidit
1553 5410 1718 5463 illum.
1748 5402 2081 5460 liorrendum

503 5526 728 5587 facinus,
760 5516 1039 5591 periculosi
1068 5527 1248 5577 ausus,
1271 5502 1628 5564 abominabile
1656 5513 1817 5568 opus,
1843 5493 2082 5550 irremis-

504 5618 658 5675 sibile
683 5585 958 5685 peccatum
981 5648 997 5673 ,
1026 5604 1260 5662 ederataa
1285 5599 1479 5657 anima:
1508 5591 1860 5667 prepositum.
1898 5585 2084 5642 Surre-

501 5711 601 5775 xit,
632 5680 825 5777 inquit,
854 5711 1027 5759 contra
1057 5697 1181 5755 Abel
1205 5696 1414 5768 fratrem
1444 5704 1610 5758 suum,
1644 5697 1690 5744 et
1718 5683 1895 5742 occidit
1918 5680 2084 5736 illum.

1114 260 1167 314 S.
1212 251 1484 312 JOXNNI)
1526 229 2350 301 ειιωευετολιι.Αηειιιπι>.
2390 217 2922 280 CUNSTANTINOP.

3535 192 3671 259 tco’

2068 348 2117 402 0
2144 343 2549 399 ‘abominahilem
2583 345 2827 393 manum!
2870 349 2902 388 ο
2930 334 3200 387 dexteram
3240 326 3597 384 miserabilem
3631 334 3642 381 ἓ

2070 441 2181 493 imo
2207 453 2313 491 non
2346 449 2555 490 manum
2587 432 3007 499 oportctvvocare
3028 420 3440 479 abaritia-bilem
3462 427 3522 474 et
3547 418 3637 471 mi-

2074 533 2356 588 serabilem
2375 571 2389 595 ,
2410 528 2507 583 sed
2536 535 2767 582 mentem
2797 524 2881 577 cui
2909 520 3201 575 membrum
3231 514 3465 570 servivit.
3496 512 3652 566 Dica-

2078 638 2196 677 mus
2220 622 2380 690 igitur
2403 620 2500 679 sic,
2526 633 2562 670 ο
2583 617 2834 670 audacem
2862 621 3091 667 mentem
3123 648 3137 671 ,
3163 616 3220 662 et
3241 605 3650 661 abominabilem

2074 727 2133 771 et
2180 711 2576 768 miserabilem!
2622 718 2676 762 et
2713 702 2963 776 quidquid
3003 702 3104 755 diei
3137 706 3345 765 potest,
3376 710 3481 749 non
3525 695 3654 748 satis

2080 810 2306 864 dicetur.
2353 804 2627 874 Quomodo
2664 817 2765 855 non
2810 797 3076 867 obtorpuit
3103 795 3217 863 ejus
3245 793 3469 847 manus?
3518 808 3656 861 quo-

2084 901 2246 956 modo
2276 900 2446 969 potuit
2488 906 2669 950 tenere
2709 891 2939 963 gladium
2966 891 2982 921 ¹
3008 931 3023 956 ,
3055 896 3109 942 et
3131 885 3370 954 inﬂigere
3408 883 3663 954 plagam!

1606 1010 1713 1053 tum
1742 1007 1897 1055 esse;
1926 999 1976 1043 at
2028 1005 2039 1055 ί
2084 994 2352 1066 quomodo
2398 1005 2503 1044 non
2540 987 2766 1041 avolavit
2808 999 2839 1037 a
2882 995 3106 1050 corpore
3136 977 3353 1031 anima?
3398 974 3667 1045 quomodo

2090 1085 2253 1139 valuit
2278 1080 2487 1151 operari
2525 1088 2631 1132 tam
2660 1075 2945 1131 nefandum
2973 1070 3217 1126 facinus?
3262 1066 3532 1138 quomodo
3558 1079 3667 1119 non

2093 1175 2282 1229 inflexa
2312 1182 2415 1233 est,
2445 1182 2497 1224 et
2519 1168 2647 1223 Cain
2680 1181 2783 1220 non
2810 1164 3031 1219 mutavit
3059 1161 3370 1215 sententiam
3394 1157 3418 1209 ?
3446 1172 3674 1227 quomo-

2093 1268 2163 1320 do
2183 1282 2286 1319 non
2308 1262 2556 1331 cogitavit
2579 1256 2857 1313 naturam?
2879 1251 3145 1324 quomodo
3166 1265 3270 1304 non
3290 1248 3669 1307 consideravit,

2096 1368 2377 1425 antequam
2415 1352 2713 1407 adoriretur
2743 1346 2890 1401 nefas
2916 1386 2929 1408 ,
2964 1343 3140 1413 Operis
3166 1342 3323 1395 tinem
3342 1339 3368 1392 τ
3407 1337 3678 1409 quomodo

2100 1446 2346 1503 sustinuit
2374 1452 2494 1514 post
2524 1441 2729 1496 facinus
2754 1480 2768 1505 ,
2799 1438 2980 1492 videre
3015 1448 3207 1503 corpus
3233 1433 3405 1486 fratris
3435 1430 3680 1500 Spiritum

2101 1539 2333 1596 efﬂantis
2360 1547 2413 1592 et
2438 1533 2740 1606 palpitantis
2764 1544 2924 1599 super
2954 1525 3192 1582 terram?
3218 1523 3485 1594 quomodo
3512 1522 3683 1591 potuit

2103 1631 2285 1687 videre
2314 1637 2580 1684 mortuum
2622 1635 2674 1679 et
2705 1623 2849 1678 humi
2880 1621 3167 1691 projectum
3195 1659 3210 1684 ,
3240 1625 3291 1670 et
3326 1629 3356 1669 a
3383 1614 3686 1685 Spectacula

2108 1740 2214 1780 non
2245 1723 2420 1778 statim
2448 1719 2737 1776 dissolutus
2764 1715 2881 1771 est?
2905 1712 3038 1768 Nam
3067 1726 3187 1767 cum
3220 1722 3316 1762 nos
3346 1713 3464 1777 post
3490 1714 3567 1760 tot
3594 1720 3688 1758 an-

2111 1833 2298 1873 norum
2330 1829 2608 1870 numerum
2635 1854 2649 1877 ,
2680 1826 2801 1864 cum
2829 1806 3063 1877 quotidie
3097 1804 3386 1858 morientes
3409 1800 3650 1853 videmus
3675 1837 3689 1859 ,

2111 1911 2351 1982 quamvis
2377 1906 2601 1962 naturali
2632 1911 2799 1957 morte
2825 1942 2839 1962 ,
2877 1908 2929 1953 et
2957 1897 3210 1966 sanguine
3237 1893 3363 1946 nihil
3392 1891 3544 1945 nobis
3565 1890 3693 1959 jtm-

2100 2013 2249 2066 ctos,
2280 2000 2480 2055 viribus
2507 1997 2843 2052 destituimur
2862 2035 2874 2056 ,
2906 2000 2959 2047 et
2983 1990 3029 2044 si
3057 1988 3301 2043 inimicus
3327 1986 3395 2040 sit
3420 2029 3433 2047 ,
3461 1983 3693 2037 inimici-

2120 2098 2308 2151 tiarum
2346 2094 2502 2148 tinem
2544 2090 2763 2144 facimus
2797 2105 2810 2139 :
2840 2092 3035 2153 quanto
3074 2081 3240 2150 magis
3271 2079 3407 2132 hunc
3436 2076 3699 2145 disperire

2120 2203 2214 2257 par
2254 2193 2408 2249 erat,
2435 2193 2489 2238 et
2529 2185 2706 2235 statim
2752 2179 2994 2233 emittere
3034 2175 3263 2227 animam
3287 2213 3299 2232 .
3342 2186 3460 2225 cum
3497 2168 3702 2221 videret

2124 2277 2337 2331 fratrem
2365 2316 2378 2336 ,
2415 2273 2503 2343 qui
2546 2270 2703 2340 paulo
2740 2276 2893 2321 antea
2925 2264 3238 2334 loquebatur
3266 2302 3278 2323 ,
3311 2260 3494 2315 eadem
3529 2267 3701 2311 matre

2126 2380 2303 2423 natum
2333 2405 2344 2426 .
2374 2365 2561 2419 eodem
2606 2373 2755 2431 patre
2796 2360 3029 2430 genitum
3057 2398 3071 2423 ,
3103 2355 3341 2425 ejusdem
3384 2352 3518 2407 uteri
3551 2361 3704 2421 partu

2127 2460 2350 2525 editum,
2380 2457 2490 2510 Deo
2518 2452 2769 2523 singulari
2802 2448 3166 2505 benevolentia
3193 2454 3498 2513 acceptum,
3528 2442 3707 2495 subito

2129 2556 2326 2623 absque
2349 2550 2534 2621 spiritu
2557 2557 2605 2601 et
2630 2543 2936 2615 operatione
2953 2541 3237 2611 jacentcm,
3260 2546 3313 2593 et
3328 2552 3488 2606 super
3510 2544 3708 2589 terram

2134 2646 2471 2716 palpitantem
2495 2641 2517 2692 ?

2202 2736 2256 2789 ‘2.
2291 2736 2357 2788 At
2383 2733 2653 2786 videamus
2680 2735 2797 2797 post
2825 2725 3081 2780 nefarium
3108 2720 3234 2775 illud
3263 2719 3484 2780 facinus,
3509 2724 3562 2771 et
3590 2722 3711 2785 post

2135 2828 2392 2899 flagitium
2416 2823 2559 2878 nulla
2589 2821 2741 2874 venia
2763 2818 2978 2887 dignum
3006 2822 3201 2883 quanta
3224 2813 3414 2865 iterum
3439 2807 3716 2877 indulgeu-

2141 2924 2209 2974 tia
2257 2927 2554 2988 quantaque
2600 2911 2918 2980 benignitate
2962 2905 3197 2961 omnium
3249 2904 3386 2956 Deus
3429 2901 3616 2954 utitur.
3663 2899 3716 2952 9.

2144 3010 2209 3063 Et
2239 3009 2364 3062 dixit
2396 3006 2532 3060 Deus
2558 3004 2624 3056 ad
2650 3002 2791 3055 Cain.
2823 2999 3052 3068 ldipsum
3082 2995 3164 3049 vel
3192 2993 3361 3047 solum
3391 2999 3602 3060 quantae
3631 2989 3721 3041 bo-

2143 3101 2322 3155 nitatis
2343 3098 2517 3161 fuerit,
2539 3093 2677 3165 quod
2699 3106 2818 3147 eum
2841 3090 2929 3160 qui
2952 3098 3093 3142 tanta
3118 3086 3348 3140 facinora
3369 3082 3720 3142 commiserit,

2142 3192 2408 3260 coll0quio
2456 3187 2743 3256 dignetur?
2786 3182 2920 3237 Nam
2975 3195 3097 3234 cum
3146 3193 3244 3232 nos
3285 3190 3429 3245 smpe
3470 3184 3727 3243 cognatos

2148 3293 2359 3339 nostros
2403 3281 2769 3335 abominenmr
2793 3317 2807 3339 ,
2851 3276 2894 3330 si
2934 3273 3143 3344 quando
3170 3271 3458 3325 viderimus
3491 3283 3584 3323 eos
3626 3269 3728 3321 tale

2138 3372 2412 3445 quoddam
2450 3370 2655 3425 facinus
2699 3374 3069 3437 perpetrasse:
3105 3362 3269 3415 multo
3316 3360 3482 3428 magis
3527 3359 3727 3412 bonmn

2152 3466 2317 3520 Deum
2369 3462 2547 3516 mirari
2594 3474 2691 3530 par
2734 3466 2812 3512 est
2859 3462 3006 3509 tanta
3050 3461 3283 3508 utentem
3324 3450 3605 3504 tolerantia
3640 3460 3732 3504 :et

2149 3559 2269 3628 jure
2298 3557 2505 3611 merio.
2541 3553 2774 3608 Medicus
2798 3550 2937 3606 enim
2962 3556 3063 3614 est,
3092 3556 3148 3602 et
3173 3544 3625 3600 clementissimus
3647 3559 3732 3611 pa-

2157 3661 2236 3705 ter
2278 3666 2293 3704 :
2335 3658 2388 3702 et
2432 3648 2570 3702 sicut
2619 3644 2855 3698 medicus
2906 3640 3035 3695 nihil
3081 3654 3184 3692 non
3236 3638 3357 3691 facit
3392 3635 3559 3705 utqui
3584 3635 3735 3704 gravi

2157 3743 2345 3799 morbo
2371 3742 2609 3795 laborant
2637 3781 2651 3803 ,
2681 3738 2745 3791 ad
2784 3736 3064 3790 sanitatem
3110 3733 3429 3787 reducantur
3460 3746 3473 3782 :
3506 3738 3559 3783 et
3601 3729 3740 3782 sicut

2157 3834 2603 3891 clementissimus
2634 3840 2781 3899 pater
2812 3828 2965 3893 filios,
2996 3826 3082 3894 qui
3112 3824 3436 3878 nobilitatem
3463 3836 3617 3874 suam
3652 3835 3741 3889 pct'

2160 3926 2422 3997 ignaviam
2453 3923 2682 3975 amisere
2707 3960 2721 3985 ,
2754 3928 2973 3988 paterna
3009 3913 3326 3985 indulgentia
3358 3912 3422 3964 ad
3461 3910 3741 3980 pristinam

2162 4018 2466 4074 felicitatem
2512 4012 2794 4067 restituere
2838 4009 3001 4079 cupit.
3048 4005 3280 4062 Proinde
3303 4004 3425 4074 quia
3464 4002 3743 4055 immensa:

2167 4108 2417 4164 bonitatis
2440 4112 2541 4168 est,
2565 4105 2754 4158 iterum
2787 4099 3163 4169 benignitatem
3191 4110 3339 4149 suam
3369 4093 3441 4147 illi
3464 4135 3476 4154 .
3500 4092 3593 4162 qui
3622 4092 3745 4145 talia

2168 4202 2339 4257 fuerat
2366 4212 2545 4261 ausus,
2576 4194 2863 4250 ostendere
2889 4192 3019 4246 vult.
3056 4188 3192 4244 Dicit
3220 4187 3360 4241 enim
3392 4184 3466 4238 illi
3497 4201 3512 4237 :
3545 4182 3647 4237 Ubi
3678 4193 3747 4235 est

2171 4293 2289 4347 Abel
2316 4293 2474 4361 frater
2504 4289 2659 4342 tuus?
2686 4287 2841 4341 Multa
2871 4292 2923 4340 et
2953 4284 3208 4337 immensa
3235 4278 3329 4333 Dei
3361 4276 3614 4345 patientia
3646 4284 3746 4330 est.

2170 4385 2284 4440 Non
2309 4385 2450 4438 enim
2481 4382 2770 4449 interrogat
2795 4376 2942 4446 quasi
2970 4374 3194 4444 ignoret,
3230 4370 3320 4424 sed
3348 4370 3573 4436 idipsnm
3604 4370 3710 4435 agit
3734 4406 3747 4428 ,

2170 4475 2309 4547 quod
2341 4483 2395 4528 et
2420 4474 2554 4542 patri
2585 4470 2728 4524 illius
2756 4469 2955 4523 fecerat
2988 4480 3000 4517 :
3032 4464 3162 4517 nihil
3205 4462 3345 4516 enim
3380 4460 3558 4513 obstat
3582 4498 3595 4518 ,
3627 4457 3750 4526 quin

2174 4572 2312 4626 idem
2344 4568 2517 4622 denuo
2536 4563 2766 4618 dicatur.
2796 4560 2928 4614 Nam
2956 4553 3399 4628 quemadmodum
3424 4551 3599 4613 illum,
3632 4564 3752 4602 cum

2174 4678 2234 4718 se
2280 4676 2391 4731 prae
2436 4657 2637 4727 pudore
2680 4652 2931 4708 nuditatis
2978 4654 3212 4718 tegeret,
3261 4642 3519 4710 rogabat:
3561 4639 3659 4695 Ubi
3707 4654 3755 4691 es

2178 4752 2330 4821 (Gen.
2362 4753 2413 4806 5.
2443 4748 2542 4819 9)?
2572 4763 2675 4802 non
2701 4747 2969 4815 ignorans,
2998 4741 3090 4796 sed
3118 4737 3322 4792 fiducim
3346 4735 3662 4789 occasiones
3688 4732 3758 4785 il'.i

2181 4844 2443 4915 prrebens,
2469 4849 2526 4893 ut
2553 4854 2645 4907 per
2668 4835 3058 4892 confessionem
3082 4828 3280 4900 peccati
3303 4826 3555 4881 delictum
3578 4825 3760 4877 ablue.

2182 4945 2261 4993 ret
2298 4936 2482 5003 (hunc
2520 4932 2662 4987 enim
2712 4942 2913 4982 morem
2943 4924 3134 4986 habet,
3166 4930 3224 4975 ut
3266 4918 3334 4973 ab
3373 4917 3522 4972 initio
3548 4931 3578 4969 a
3610 4916 3763 4971 nobis

2183 5036 2517 5099 peccatorum
2539 5024 2712 5092 exigat
2732 5018 3143 5078 confessionem,
3166 5022 3220 5068 et
3236 5011 3443 5067 veniam
3463 5006 3724 5078 praebeat)
3747 5046 3758 5069 ,

2185 5097 2255 5176 ita
2280 5128 2334 5173 et
2359 5133 2499 5172 nunc
2528 5123 2677 5184 rogat
2702 5110 2831 5167 Cain
2859 5151 2873 5175 ,
2906 5118 2957 5161 et
2988 5106 3158 5176 inquit
3184 5121 3196 5157 :
3235 5100 3329 5160 Ubi
3358 5109 3428 5154 est
3458 5097 3585 5152 Abel
3611 5102 3765 5168 frater

2188 5212 2347 5266 tuus?
2398 5205 2752 5279 lgnorantiam
2799 5200 3018 5255 simulat
3052 5194 3312 5265 benignus
3341 5190 3594 5244 Dominus
3625 5230 3639 5251 ,
3676 5188 3767 5239 hac

2190 5301 2600 5372 interrogatione
2620 5310 2764 5358 eum.
2792 5292 2881 5364 qui
2905 5290 3025 5345 talia
3052 5288 3411 5347 commiserat,
3438 5293 3767 5351 pneparans,

2192 5408 2248 5453 ut
2288 5395 2352 5449 ad
2394 5391 2595 5463 peccati
2633 5384 3023 5443 confessionem
3052 5378 3403 5433 adduceretur
3426 5414 3441 5438 ,
3486 5379 3771 5439 Possetque

2192 5490 2399 5547 veniam
2445 5486 2580 5540 forte
2606 5492 2661 5537 et
2695 5472 3114 5534 misericordiam
3152 5466 3384 5538 assequi.
3427 5462 3527 5518 Ubi
3554 5470 3627 5515 est
3657 5454 3775 5517 Abel

2271 5678 2288 5708 ι
2325 5672 2499 5738 aegius
2519 5678 2660 5730 unus,
2685 5657 2920 5731 quomodo
2939 5655 3083 5721 pauit
3100 5651 3296 5720 adigere
3315 5643 3546 5714 gladium.
