3754 6252
135 362 294 429 frater
310 369 429 416 tuus
441 360 468 415 .’
481 347 616 428 Quid
635 357 792 432 igitur
801 357 1265 428 adhteeingratus,
1281 358 1542 428 stupidus,
1565 365 1734 412 teme-

134 453 316 508 rarius
335 459 392 508 et
413 451 728 524 impudens?
753 451 884 508 Cum
906 447 1244 522 cogitandum
1268 459 1410 505 esset
1436 449 1600 505 Deum
1627 464 1731 504 non

135 545 387 614 ignarum
438 543 514 598 rei
561 544 890 614 interrogare
913 581 931 608 ,
967 539 1062 597 sed
1088 541 1155 597 ab
1187 541 1302 611 ipso
1341 541 1732 597 confessionem

131 635 384 691 criminis
411 635 647 705 exigere,
672 643 728 690 et
753 649 852 688 nos
877 633 1093 698 docere,
1123 647 1412 702 numquam
1437 647 1595 687 causa
1627 649 1733 686 non

132 727 446 782 examinata
485 726 804 782 sententiam
833 733 1017 780 contra
1059 723 1248 780 fratres
1274 734 1485 779 nostros
1509 738 1628 779 esse
1653 723 1731 779 fe-

131 819 364 874 rendam
390 861 404 884 ,
432 828 488 876 et
526 820 579 875 in
610 829 841 875 mentem
879 832 1132 874 revocare
1171 817 1449 872 consilium
1479 816 1686 870 Domini
1715 858 1728 881 ,

129 913 229 981 qui
260 911 408 967 hunc
435 911 576 966 illius
601 921 848 967 conatum
873 909 1190 979 reprimens,
1220 918 1275 963 et
1300 907 1547 963 conscius
1570 907 1728 962 etiam

130 1012 427 1072 antequam
469 1018 558 1059 res
590 1003 862 1068 eveniret,
891 1000 1018 1070 quid
1048 1000 1138 1056 ille
1177 999 1398 1054 haberet
1424 998 1476 1052 in
1506 997 1686 1053 animo
1712 1038 1727 1064 ,

131 1094 394 1150 remediis
423 1093 487 1148 ad
515 1093 945 1163 praeveniendum
975 1108 1101 1147 usus
1122 1099 1206 1147 est
1228 1109 1240 1144 :
1262 1106 1382 1146 cum
1409 1092 1731 1160 oportuisset

132 1188 224 1242 his
261 1189 515 1244 omnibus
553 1187 797 1258 cogitatis
822 1229 842 1252 ,
867 1188 1024 1242 tinem
1056 1186 1232 1241 facere
1262 1185 1482 1242 insania:
1504 1227 1518 1250 ,
1549 1185 1730 1240 dicere

129 1279 269 1353 quid
293 1279 520 1343 factum,
542 1277 824 1333 ostendere
854 1277 1062 1333 medico
1091 1277 1242 1331 ulcus
1263 1317 1284 1344 ,
1311 1283 1366 1333 et
1389 1277 1634 1346 accipere
1661 1276 1728 1331 ab

130 1370 230 1425 illo
255 1369 543 1441 pharmaca
571 1387 583 1423 :
605 1369 696 1424 ille
724 1369 915 1422 iterum
941 1377 1096 1438 anget
1124 1368 1328 1434 vulnus,
1355 1375 1409 1422 et
1433 1367 1583 1424 ulcus
1610 1383 1731 1438 gra-

129 1461 252 1515 vius
299 1460 491 1515 reddit.
541 1458 607 1513 Et
633 1460 798 1525 dixit,
831 1460 999 1529 inquit
1022 1501 1036 1524 ,
1071 1458 1282 1516 Nescio.
1316 1459 1459 1514 Vide.
1485 1461 1726 1529 responsi

129 1550 542 1619 impudentiam.
568 1549 703 1604 Num
732 1549 934 1607 homini
966 1550 1226 1621 loqueris,
1243 1566 1401 1621 quem
1430 1549 1563 1606 forte
1584 1550 1727 1606 ἀερί-

128 1659 262 1712 pere
289 1642 515 1712 posses?
539 1642 743 1709 Nescis,
772 1643 950 1696 infelix
974 1652 1026 1698 et
1052 1643 1236 1708 miser,
1263 1643 1382 1713 quis
1407 1653 1486 1697 cst
1513 1643 1600 1714 qni
1630 1643 1725 1699 tibi

129 1733 412 1802 loquitur?
447 1747 550 1787 non
593 1734 796 1803 cogitas
819 1775 832 1798 ,
862 1733 1034 1804 ipsum
1062 1733 1131 1788 ob
1159 1734 1447 1790 bonitatem
1477 1750 1723 1806 magnant

128 1824 488 1893 interrogare,
528 1825 861 1879 occasionem
902 1824 1184 1896 quamdam
1225 1825 1465 1882 invenire
1500 1826 1722 1896 cupien-

130 1924 263 1979 tem,
294 1930 389 1983 per
417 1931 576 1986 quam
595 1929 748 1971 suam
776 1915 879 1971 tibi
896 1916 1132 1971 declaret
1160 1917 1564 1986 humanitatem,
1589 1927 1641 1973 et
1667 1927 1724 1973 ttt

131 2014 320 2076 postea
345 2008 562 2063 tentatis
580 2022 610 2061 a
631 2022 689 2062 se
711 2007 980 2071 omnibus,
1010 2009 1206 2063 nullam
1230 2007 1427 2065 habeas
1448 2009 1687 2070 defensio
1706 2044 1719 2053 ε

127 2108 484 2170 nem,_utpote
504 2100 593 2170 qui
614 2115 784 2171 poena:
810 2099 1037 2172 teipsum
1065 2101 1352 2156 obnoxium
1376 2104 1670 2160 constituas
1697 2105 1722 2160 ?

224 2192 496 2246 Accusatio
550 2192 866 2248 conscientiae
904 2211 1056 2264 quam
1099 2195 1282 2265 gravis.
1318 2224 1390 2236 -—-
1438 2195 1506 2250 Et
1545 2198 1716 2265 dixit,

125 2286 324 2355 inquit,
360 2284 562 2340 Nescio.
600 2285 740 2339 Num
763 2295 932 2341 custos
955 2288 1127 2358 fratris
1153 2288 1251 2342 mei
1296 2306 1410 2344 sum
1452 2293 1581 2362 ego?
1618 2290 1720 2348 Co-

122 2379 233 2446 gita
278 2376 366 2432 hic
406 2378 747 2433 conscientia:
787 2380 1182 2436 accusationem
1221 2390 1276 2436 et
1319 2383 1585 2452 quomodo
1626 2386 1716 2455 qui

123 2469 455 2524 conscientia
479 2469 852 2539 impellebatur
869 2513 885 2539 ,
912 2482 970 2526 ut
994 2473 1063 2527 ita
1086 2473 1256 2530 dicam
1279 2515 1294 2541 ,
1325 2491 1422 2530 nec
1439 2487 1716 2548 postquam

121 2562 280 2628 dixit,
313 2561 520 2628 Nescio,
554 2563 714 2620 ﬁnem
739 2563 1133 2634 dicendifecit,
1150 2567 1242 2622 sed
1269 2567 1505 2627 subdidit
1532 2585 1546 2622 :
1573 2568 1718 2624 Num

120 2664 290 2708 custos
315 2656 489 2724 fratris
513 2656 610 2710 mei
634 2673 747 2715 sum
784 2673 874 2730 ego
891 2657 917 2711 Ρ
968 2667 1168 2714 tantum
1195 2675 1300 2716 non
1327 2661 1559 2732 seipsum
1591 2663 1714 2719 red-

119 2760 374 2816 arguens.
414 2746 628 2803 Atenim
657 2748 701 2801 si
731 2764 800 2804 ex
818 2750 1165 2820 consequenti
1191 2752 1288 2808 abs
1333 2761 1384 2808 te
1423 2765 1724 2825 ageretur,

117 2837 417 2894 secundum
456 2849 662 2894 natum:
691 2840 832 2911 leges
859 2843 1135 2900 custodem
1175 2844 1425 2901 fraterna:
1449 2847 1635 2902 salutis
1663 2857 1715 2904 te

121 2946 244 2988 esse
265 2932 568 3002 oportebat.
598 2933 709 2988 Hoc
735 2935 884 2990 enim.
915 2944 1101 2991 natura
1129 2936 1397 3004 decrevit,
1425 2949 1480 2995 et
1503 2949 1714 3010 oportet

116 3038 214 3078 eos
234 3024 332 3094 qui
349 3039 415 3080 ex
434 3024 623 3080 eodem
647 3034 800 3082 utero
821 3026 932 3081 nati
951 3038 1076 3083 sunt
1096 3039 1280 3084 mutuo
1300 3045 1420 3087 esse
1439 3032 1718 3092 custodes.

116 3115 272 3183 Quod
301 3115 347 3170 si
386 3115 490 3170 hoc
513 3117 733 3172 nolebas
755 3157 770 3182 ,
799 3129 852 3173 et
880 3119 1096 3174 noluisti
1122 3130 1305 3176 custos
1334 3137 1454 3180 esse
1484 3124 1662 3181 fratris
1693 3144 1718 3183 :_

117 3221 284 3275 quare
312 3222 441 3278 ergo
471 3209 609 3264 illius
638 3210 948 3267 interfector
973 3226 1035 3268 es
1069 3212 1238 3269 factus
1262 3255 1276 3279 ,
1305 3225 1359 3270 et
1384 3232 1506 3272 eum
1537 3220 1624 3288 qui
1658 3227 1711 3274 te

116 3299 263 3355 nulla
301 3299 478 3356 affecit
518 3302 708 3372 injuria
740 3304 1019 3372 occidisti,
1048 3314 1102 3360 et
1132 3309 1323 3376 putasti
1362 3309 1561 3364 nullmn
1593 3310 1710 3368 fore

116 3393 201 3462 qui
236 3403 290 3448 te
327 3392 397 3448 de
430 3394 532 3449 hoc
561 3395 985 3464 reprehensuros
1009 3400 1188 3453 esset?
1213 3399 1317 3454 Sed
1343 3413 1589 3471 exSpecta
1611 3444 1625 3467 ,
1655 3413 1710 3459 et

116 3485 325 3540 videbis
349 3495 716 3542 accusatorem
744 3497 891 3544 tuum
920 3489 1033 3546 fore
1057 3507 1179 3547 eum
1207 3494 1295 3563 qui
1322 3493 1626 3552 interfectus
1653 3507 1709 3554 et

114 3587 414 3647 prostratus
435 3580 599 3650 jacet,
624 3590 676 3635 et
704 3590 756 3637 te
780 3583 1044 3638 viventem
1072 3593 1128 3640 et
1153 3585 1533 3653 ambulantem,
1561 3590 1704 3645 clara

115 3684 246 3726 voce
267 3681 662 3726 accusaturum.
691 3673 776 3728 10.
802 3671 870 3728 Et
895 3674 1014 3728 dicit
1037 3674 1178 3732 Deus
1199 3693 1217 3731 :
1242 3677 1377 3744 Quid
1391 3679 1555 3750 fecisti
1575 3681 1708 3736 hoc?

113 3759 300 3832 Ilagna
345 3761 505 3833 hujus
553 3765 697 3820 verbi
745 3766 1013 3822 recondita
1060 3769 1139 3822 vis
1183 3779 1296 3836 est,
1329 3781 1384 3826 et
1410 3771 1704 3843 emphasis.

111 3851 286 3919 Quare
306 3892 320 3918 ,
356 3853 561 3924 inquit,
593 3854 695 3911 hoc
722 3866 972 3928 operatus
993 3859 1091 3914 es?
1118 3876 1282 3931 quare
1307 3863 1570 3921 admisisti
1599 3882 1693 3923 ne-

112 3944 302 4000 farium
335 3945 438 4001 hoc
469 3945 674 4004 facinus
695 3990 710 4014 ,
736 3950 1092 4007 abominabile
1119 3967 1255 4022 Opus
1280 3993 1296 4020 ,
1324 3953 1521 4011 factum
1548 3957 1702 4014 inex-

111 4037 302 4104 piabile
330 4079 352 4104 ,
395 4038 656 4095 insaniam
704 4040 1090 4098 intolerabilem
1117 4084 1141 4110 ,
1175 4045 1378 4102 caedem
1415 4064 1607 4104 novam
1647 4061 1702 4108 et

110 4131 461 4202 stupendum,
488 4133 596 4203 jam
628 4134 856 4204 primum
883 4133 936 4190 in
965 4134 1238 4192 hominum
1271 4139 1431 4196 vitam
1459 4151 1544 4196 tua
1571 4142 1702 4198 dex-

112 4232 219 4278 tera
269 4225 578 4280 invectam?
620 4243 717 4282 cur
759 4226 928 4283 fecisti
973 4227 1076 4286 hoe
1119 4237 1226 4286 tam
1266 4247 1548 4303 magnum,
1591 4246 1698 4292 tam

113 4314 347 4370 terribile
367 4356 384 4381 ,
415 4333 522 4387 quo
551 4333 658 4374 non
699 4329 782 4374 est
817 4328 1094 4390 peccatum
1121 4321 1265 4378 aliud
1294 4325 1546 4395 gravius?
1590 4327 1701 4384 Vox

109 4409 368 4479 sanguinis
392 4410 567 4480 fratris
589 4411 665 4465 tui
688 4412 876 4468 clamat
903 4412 974 4468 ad
997 4430 1074 4469 me
1097 4413 1162 4469 de
1188 4424 1339 4471 terra.
1373 4417 1509 4473 Num
1537 4419 1700 4476 homo

111 4516 248 4566 sum,
278 4502 468 4573 inquit,
494 4504 584 4573 qui
608 4505 776 4560 solam
803 4505 946 4562 illam
977 4523 1162 4566 vocem
1190 4509 1425 4576 audiam,
1456 4529 1576 4583 qua:
1603 4528 1698 4584 per

112 4593 338 4664 tinguant
379 4594 688 4664 profertur?
735 4595 876 4657 Deus
912 4613 1030 4656 sum
1055 4642 1073 4668 ,
1111 4602 1202 4672 qui
1248 4618 1463 4674 possum
1504 4614 1562 4662 et
1602 4621 1698 4675 per

107 4686 416 4754 sanguinem
455 4687 643 4745 audire
677 4690 996 4748 clamantem
1019 4734 1040 4760 ,λ
1068 4701 1124 4749 et
1160 4693 1308 4750 humi
1347 4705 1694 4768 prostratum.

111 4775 247 4831 Ecce
273 4793 554 4848 quousque
591 4780 734 4836 volat
771 4797 871 4836 vos
897 4785 1181 4854 sanguinis
1213 4787 1370 4858 hujus
1391 4801 1421 4856 ,ζ
1434 4805 1602 4860 usque
1638 4791 1694 4846 in

106 4867 292 4922 caelum
316 4884 346 4923 a
371 4879 511 4925 terra
537 4872 800 4942 ascendit,
827 4882 882 4930 et
906 4885 1336 4946 przetereurrens.
1353 4880 1565 4947 cadum,
1588 4897 1692 4937 ca:-

108 4959 264 5030 loque
281 4963 590 5032 superiores
614 4964 866 5033 virtutes,
892 4969 1040 5038 regio
1063 4968 1208 5025 solio
1223 4971 1444 5039 assistit,
1466 4982 1518 5028 et
1544 4982 1691 5030 tuum

108 5053 346 5123 deplorat
367 5055 734 5126 homicidium,
761 5073 824 5114 ac
845 5060 1104 5117 nefarium
1130 5062 1232 5119 hoc
1251 5065 1428 5120 scelus
1449 5079 1688 5124 accusat.

120 5144 229 5201 Vox
251 5150 514 5221 sanguinis
543 5151 721 5221 fratris
745 5153 815 5206 tui
841 5155 1026 5211 clamat
1049 5155 1118 5210 ad
1142 5173 1224 5211 me
1247 5158 1310 5213 de
1337 5169 1490 5214 terra.
1519 5159 1652 5214 Num
1671 5202 1686 5227 ,

110 5239 290 5310 inquit,
319 5241 372 5296 in
394 5243 627 5298 alienum
649 5253 702 5299 et
719 5244 982 5316 hospitem
1006 5247 1334 5320 iniquitatem
1354 5251 1492 5307 hanc
1514 5264 1688 5323 patra-

113 5333 213 5385 sti?
243 5332 295 5388 In
322 5333 542 5391 fratrem
575 5346 721 5392 tuum
743 5379 760 5402 ,
792 5339 940 5394 illum
967 5341 1056 5411 qui
1081 5343 1222 5398 nulla
1255 5355 1305 5400 te
1335 5346 1524 5417 injuria
1553 5349 1685 5405 affe-

111 5433 278 5491 cerat,
306 5427 525 5482 saevisti.
563 5427 669 5485 Sed
700 5430 836 5485 forte
873 5431 1240 5489 benevolentia
1271 5452 1390 5492 mea
1430 5438 1568 5495 hanc
1612 5442 1683 5497 illi

111 5516 296 5571 caedem
327 5520 565 5590 peperit.
597 5529 652 5576 et
679 5537 800 5576 cum
828 5537 934 5578 non
963 5539 1150 5594 posses
1175 5542 1382 5588 mecum
1412 5545 1704 5602 pugnare,

113 5604 331 5664 inillum
362 5610 594 5668 elfudisti
635 5611 870 5669 furorem
904 5624 1053 5672 tuum
1093 5617 1427 5676 indomitum.
1476 5622 1683 5694 Eapro.~

115 5711 216 5768 pter
237 5699 398 5759 talem
422 5701 516 5761 tibi
541 5718 752 5775 paruam
777 5705 1020 5780 inferam,
1046 5718 1102 5767 ut
1125 5711 1295 5768 audax
1318 5713 1456 5770 istud
1479 5715 1683 5776 facinus

1202 243 1267 299 IN
1305 244 1459 302 CAP.
1501 242 1588 298 IV.
1632 236 1880 299 GENBS.
1914 240 2146 300 IIOMIL.
2189 243 2328 300 XIX.

3335 244 3434 303 I62

1846 354 2093 411 oblivioni
2117 357 2251 412 tradi
2282 374 2384 413 non
2415 359 2601 428 possit,
2627 369 2678 416 et
2703 378 2821 432 qua:
2846 365 2898 420 in
2931 375 2981 423 te
3008 367 3161 438 fiunt,
3183 373 3434 430 omnibus

1842 448 2064 516 posthac
2107 453 2411 520 sequuturis
2453 453 2730 525 castigatio
2765 465 2819 512 et
2861 458 3155 519 admonitio
3197 465 3324 521 sint.
3363 467 3431 523 Et

1840 553 1972 590 nunc
1991 580 2004 601 ,
2035 540 2155 609 quia
2187 541 2285 596 hoc
2315 541 2520 608 fecisti,
2547 553 2600 600 et
2628 546 2819 602 malam
2847 550 3171 609 voluntatem
3199 555 3266 610 ad
3295 555 3428 614 επε-

1838 638 1982 684 ctum
2013 631 2314 699 deduxisti,
2345 646 2398 691 et
2425 652 2517 706 per
2545 638 2794 696 invidiam
2832 645 3032 700 eaedem
3069 649 3385 707 commisisti
3412 694 3427 716 ,

1839 721 1898 776 Μ
1899 724 2140 779 aledictus
2166 737 2219 779 tu
2249 729 2312 781 de
2337 739 2489 782 terra.

1908 813 1959 867 5.
1983 814 2142 871 Vides
2172 817 2562 876 maledictionis
2586 823 2962 896 differentiam,
2983 831 3216 890 dilecte?
3238 834 3316 891 Ne
3342 837 3439 908 igi-

1837 914 1923 960 tur
1961 906 2419 964 inconsideranter
2448 909 2572 967 hinc
2613 923 2874 984 transeas,
2916 921 3010 976 sed
3048 938 3111 979 ex
3157 906 3426 984 maledicti

1834 1001 2197 1070 magnitudine
2268 1002 2451 1072 flagitii
2527 1005 2911 1066 immanitatem
2983 1017 3248 1085 expende.
3291 1019 3424 1076 Nam

1833 1103 2032 1162 quanto
2060 1093 2229 1165 majus
2259 1095 2326 1150 sit
2356 1108 2630 1166 peccatum
2670 1101 2773 1156 hoc
2802 1108 3238 1174 prtevaricatione
3269 1113 3425 1182 primi

1834 1183 2084 1250 hominis,
2107 1201 2171 1240 ex
2195 1188 2588 1245 maledictionis
2606 1193 2864 1250 varietate
2893 1197 3031 1254 scire
3058 1201 3253 1259 volenti
3277 1203 3423 1260 licet.

1833 1273 1946 1330 Illic
1997 1278 2141 1332 enim
2183 1279 2348 1349 inquit
2385 1298 2398 1335 :
2437 1280 2717 1340 Maledicta
2773 1297 2906 1344 terra
2959 1291 3011 1345 in
3049 1293 3281 1364 operibus
3329 1299 3427 1353 tuis

1833 1365 1852 1438 (
1876 1365 2002 1420 Gen.
2035 1369 2087 1423 5.
2121 1370 2208 1439 17)
2235 1388 2249 1425 :
2278 1380 2331 1426 et
2373 1372 2425 1427 in
2479 1385 2675 1431 terram
2728 1377 2892 1435 effusa
2941 1392 3022 1438 est
3077 1379 3378 1444 maledictio
3409 1433 3424 1455 .

1830 1467 2044 1514 ostensa
2086 1477 2181 1518 sua
2220 1464 2270 1518 in
2316 1464 2588 1523 hominem
2623 1485 2752 1527 cura
2785 1490 2796 1525 :
2830 1472 2918 1530 hic
2957 1492 3086 1532 vero
3125 1481 3246 1550 quia
3289 1498 3426 1554 opus

1832 1551 2185 1620 perniciosum
2213 1597 2229 1622 ,
2268 1555 2476 1614 facinus
2519 1562 2790 1633 iniquum,
2815 1577 2868 1622 et
2912 1568 3233 1641 inexpiabile
3271 1551 3426 1647 fla‘gi.

1831 1645 1981 1707 tium,
2004 1645 2116 1714 ipse
2137 1647 2474 1705 maledictum
2493 1652 2689 1723 excipit
2710 1676 2728 1714 ξ
2750 1657 2838 1712 11.
2859 1656 2928 1712 Et
2949 1677 3083 1714 nunc
3103 1645 3420 1732 maledicti“,

1830 1735 2017 1806 inquit,
2051 1747 2104 1791 tu
2129 1739 2194 1794 de
2219 1750 2373 1795 terra.
2401 1741 2531 1798 Nam
2562 1747 2684 1816 quia
2723 1747 2891 1805 ferme
2921 1752 3106 1808 eadem
3151 1757 3260 1826 egit
3301 1775 3422 1828 qua:

1827 1841 2067 1898 serpens,
2097 1839 2152 1885 et
2175 1833 2334 1900 quasi
2349 1847 2604 1904 organum
2631 1839 2848 1894 servivit
2885 1841 3081 1900 diaboli
3117 1849 3420 1916 sententiae,

1828 1926 1882 1972 ct
1913 1919 2049 1975 sicut
2101 1921 2192 1977 ille
2230 1922 2415 1981 haude
2457 1929 2834 1986 mortalitatem
2871 1932 3209 1993 introduxit:
3241 1939 3318 1996 sic
3365 1952 3427 1998 et

1826 2009 1911 2064 hic
1939 2010 2221 2083 deceptmn
2255 2013 2468 2072 fratrem
2497 2027 2551 2073 et
2581 2019 2632 2074 in
2657 2035 2903 2094 campum
2934 2027 3182 2083 eductum
3212 2042 3418 2088 armata

1827 2103 1877 2158 in
1912 2104 2056 2159 illum
2085 2095 2253 2162 manu
2283 2110 2496 2165 occidit.
2524 2111 2814 2185 Propterea
2838 2117 2975 2174 sicut
3005 2121 3078 2175 illi
3111 2122 3264 2191 dixit,
3296 2125 3418 2179 Ma-

1824 2194 2034 2250 ledictus
2077 2206 2132 2251 tu
2165 2199 2294 2253 inter
2335 2218 2506 2258 omnes
2533 2205 2711 2260 bestias
2733 2216 2880 2262 terra:
2901 2209 3061 2282 (Ibid.
3098 2229 3144 2266 υ.
3177 2215 3301 2285 M):
3335 2219 3413 2272 sie

1823 2296 1877 2342 et
1902 2287 2046 2352 huic,
2077 2290 2165 2359 qui
2193 2292 2378 2347 eadem
2408 2310 2527 2364 qua:
2564 2296 2655 2354 ille
2691 2310 2942 2370 operatus
2970 2303 3084 2358 fuit.
3115 2304 3246 2361 Nam
3281 2308 3420 2364 sicut

1823 2379 2088 2450 diabolus,
2117 2385 2240 2438 odio
2259 2395 2312 2442 et
2344 2386 2539 2443 invidia
2567 2399 2762 2458 motus,
2794 2409 2899 2448 non
2923 2394 3099 2452 ferens
3131 2411 3206 2453 tot
3229 2400 3415 2456 inclia-

1822 2474 1945 2529 bilia
1994 2476 2250 2532 beneficia
2280 2521 2294 2542 ,
2323 2497 2441 2550 quae
2491 2482 2544 2536 in
2592 2482 2864 2542 hominem
2910 2491 2978 2543 ab
3026 2491 3177 2546 initio
3222 2489 3422 2549 collata

1820 2574 1964 2630 sunt,
1999 2565 2193 2622 invidia
2222 2569 2288 2623 ad
2318 2571 2688 2638 deceptioncm
2729 2577 3102 2636 exstimulatus
3130 2593 3212 2637 est
3234 2625 3250 2645 ,
3295 2601 3414 2654 qua!

1823 2666 2046 2712 mortem
2077 2649 2346 2717 induceret
2381 2667 2496 2721 :_ita
2541 2674 2596 2720 et
2633 2666 2717 2722 hic
2750 2667 2843 2724 Dei
2871 2685 2994 2741 erga
3021 2671 3237 2729 fratrem
3260 2691 3412 2731 smnn

1819 2749 2248 2809 benevolentiam
2271 2771 2514 2826 magnam
2549 2758 2844 2826 videns,_ex
2872 2762 3066 2820 invidia
3094 2766 3162 2822 ad
3190 2768 3412 2825 homici-

1817 2840 1964 2898 dium
1996 2846 2242 2915 prosiliit.
2285 2847 2486 2904 Idcirco
2525 2850 2652 2905 dicit
2682 2853 2754 2906 illi
2787 2871 2800 2906 :
2833 2853 2902 2911 Et
2941 2873 3075 2912 mmc
3117 2859 3412 2917 maledictus

1817 2944 1878 2990 tu.
1897 2935 1960 2989 de
1988 2947 2141 2991 terra.
2170 2939 2500 3008 Maledictus,
2531 2944 2717 3015 inquit,
2741 2947 2869 3012 eris,
2893 2957 2947 3003 et
2978 2959 3138 3008 terra:
3163 2954 3263 3020 illi,
3284 2955 3412 3020 ρυω

1814 3028 2010 3096 aperuit
2033 3044 2088 3082 os
2110 3045 2284 3096 suum,
2307 3041 2362 3088 ut
2387 3035 2682 3106 sanguinem
2708 3037 2884 3106 fratris
2927 3042 3002 3096 tui
3039 3042 3102 3096 de
3131 3061 3285 3100 manu
3323 3057 3410 3102 tua

1814 3116 2084 3186 exciperet.
2116 3119 2182 3178 Et
2208 3130 2362 3177 terrm
2405 3123 2514 3188 illi,
2546 3125 2746 3196 inquit,
2779 3130 2881 3183 erit
2909 3131 3257 3202 n'taledictus,
3289 3155 3409 3209 quae.

1813 3210 2063 3266 sustinuit
2094 3212 2180 3266 tali
2211 3217 2467 3286 sanguine
2497 3217 2735 3289 irrigari,
2757 3222 2845 3295 qui
2875 3237 2996 3277 eum
3030 3233 3174 3281 tanta
3204 3229 3410 3286 abomi-

1814 3303 2027 3358 natione
2053 3320 2084 3358 a
2108 3314 2212 3359 tam
2241 3306 2399 3378 impia
2430 3325 2587 3367 manu
2612 3310 2812 3370 eﬂ'usus
2841 3325 2942 3371 est.
2974 3317 3102 3372 Dein
3135 3319 3409 3392 Scriptura

1813 3395 1988 3450 divina
2032 3397 2458 3457 maledictiouem
2510 3403 2866 3474 interpretans
2891 3413 3285 3476 ,‘manifestius
3322 3419 3406 3476 di.-

1811 3487 1884 3541 cit
1909 3505 1922 3540 :
1949 3487 2036 3547 i9...
2063 3488 2280 3556 Quando
2304 3503 2539 3561 operatus
2567 3496 2722 3566 fueris
2753 3508 2956 3565 terram,
2993 3520 3092 3557 non
3118 3506 3409 3577 adjicietut

1810 3578 1893 3633 det
1932 3581 2020 3637 tibi
2059 3581 2213 3636 robur
2236 3600 2403 3638 suum.
2435 3585 2620 3656 Magna
2655 3605 2827 3658 pmna:
2869 3595 3112 3664 species,
3144 3609 3197 3653 et
3237 3615 3405 3670 grave

1812 3669 2188 3741 indignationis
2220 3674 2442 3744 pondus.
2475 3676 2735 3734 Laborem
2759 3684 2994 3752 quidem,
3025 3688 3212 3762 inquit,
3243 3669 3404 3750 sustié

1810 3763 1981 3831 nebis,
2007 3773 2062 3820 et
2087 3782 2204 3836 qua:
2233 3777 2289 3821 tu
2310 3767 2488 3825 facere
2519 3782 2692 3840 potes,
2722 3775 2898 3828 omnia
2921 3775 3104 3845 facies,
3134 3790 3186 3836 et
3212 3797 3406 3854 opera?

1808 3853 1950 3910 beris
1986 3863 2180 3912 terram
2222 3858 2310 3912 tali
2359 3862 2616 3931 sanguine
2660 3863 2988 3940 inquinatam
3021 3887 3035 3923 :
3069 3871 3265 3928 nullum
3305 3891 3405 3934 au.-

1807 3954 1916 4002 tem
1974 3961 2140 4004 metes
2195 3949 2419 4008 fructum
2476 3963 2581 4009 tam
2635 3957 2920 4015 multorum
2973 3961 3256 4034 laborum,
3308 3972 3405 4026 sed

1807 4041 2006 4098 inutilis
2045 4045 2147 4099 erit
2173 4046 2263 4100 tibi
2292 4049 2466 4103 omnis
2498 4049 2829 4122 laborquem
2859 4053 3069 4113 feceris.
3101 4058 3286 4132 Neque
3313 4064 3399 4121 hic

1805 4132 1928 4189 finis
1952 4135 2050 4191 erit
2092 4154 2282 4208 ptenat,
2311 4141 2404 4195 sed
2449 4149 2503 4196 et
2543 4142 2757 4199 Gemens
2789 4156 2836 4200 et
2880 4156 3095 4204 tremens
3130 4153 3228 4208 eris
3254 4171 3405 4224 super

1805 4236 2010 4282 terram.
2041 4229 2243 4286 Rttrsus
2271 4233 2461 4290 ethoc
2496 4236 2783 4308 maximum
2807 4249 2887 4294 est
2923 4244 3166 4314 supplicii
3191 4263 3398 4318 genus,

1805 4331 2061 4393 perpetuo.
2081 4339 2291 4392 gemere
2319 4341 2381 4383 sc
2410 4334 2658 4386 tremere.
2687 4331 2816 4398 Quia
2846 4334 3010 4402 enim,
3043 4335 3233 4407 inquit,
3264 4340 3397 4397 abu-

1803 4425 1895 4465 sus
1921 4427 1979 4466 es
2009 4412 2199 4468 robore
2242 4417 2500 4486 corporis,
2535 4429 2587 4474 ct
2615 4421 2975 4479 membrorum
3009 4427 3238 4497 viribus,
3259 4447 3398 4502 pro-

1803 4503 2064 4570 pteﬂhoc
2103 4506 2410 4564 continuum
2461 4510 2600 4566 lnme
2641 4515 2926 4572 tremorem
2962 4527 3018 4598 μ
3060 4529 3260 4578 motum
3305 4524 3397 4578 tibi

1802 4595 1997 4660 infero,
2028 4607 2082 4652 ut
2131 4615 2235 4653 nou
2284 4600 2453 4654 solum
2498 4601 2610 4675 ipse
2651 4603 2846 4661 habeas
2868 4595 3050 4682 jugem
3078 4611 3398 4675 admonitio.

1801 4707 1924 4746 ueni
1955 4701 2009 4746 et
2055 4694 2367 4748 metatoriam
2409 4693 2568 4765 hujus
2607 4697 2796 4754 nefasti
2837 4703 3054 4759 sceleris
3087 4722 3100 4760 :
3134 4707 3228 4761 sed
3259 4717 3315 4763 ut
3343 4719 3398 4766 et

1801 4801 1990 4844 omnes
2014 4787 2103 4858 qui
2148 4794 2199 4842 te
2227 4787 2476 4856 viderint,
2510 4791 2624 4844 viso
2657 4802 2737 4859 te,
2765 4794 2917 4864 quasi
2957 4796 3099 4851 clara
3133 4799 3238 4854 illis
3261 4817 3394 4858 voce

1799 4889 2148 4952 personante,
2185 4879 2393 4935 discant
2435 4897 2505 4938 ne
2545 4884 2668 4938 talia
2694 4886 2953 4955 audeant,
2989 4899 3046 4944 ut
3083 4907 3151 4946 ne
3197 4893 3392 4948 similia

1800 4971 2069 5042 patiantur
2098 4991 2113 5029 :
2145 4982 2198 5030 et
2226 4989 2381 5044 pinna
2409 4983 2499 5031 tua
2528 4976 2661 5031 alios
2690 4977 2881 5035 doceat
2906 4996 3094 5038 omnes
3114 5025 3129 5049 ,
3158 5001 3226 5040 ne
3253 4985 3390 5042 ultra

1799 5064 1889 5120 tali
1913 5065 2168 5134 sanguine
2193 5075 2389 5122 terram
2418 5067 2678 5138 polluant.
2703 5069 2992 5143 Pr0pterea
3022 5088 3128 5133 non
3160 5075 3310 5133 brevi
3337 5088 3388 5134 te

1798 5167 1969 5213 morte
1995 5158 2223 5229 plectam
2244 5201 2258 5225 ,
2292 5169 2350 5214 ut
2386 5175 2455 5216 ne
2483 5161 2677 5216 factum
2707 5161 2959 5218 oblivioni
2985 5165 3260 5225 tradatur;
3291 5173 3409 5227 sed.

1796 5251 1957 5308 vitam
1998 5261 2169 5308 morte
2205 5253 2502 5323 graviorem
2544 5253 2808 5311 sustinere
2845 5265 2896 5312 te
2932 5258 3161 5327 curabo,
3194 5271 3252 5319 ut
3275 5280 3409 5334 per.

1798 5341 1914 5398 hazc
1937 5341 2113 5400 discas
2134 5345 2308 5415 qualia
2337 5346 2744 5415 perpetravcris.
2771 5349 2858 5408 l3.
2891 5348 2954 5403 Et
2982 5351 3110 5407 dixit
3139 5353 3264 5408 Cain
3295 5355 3405 5410 Do-.

1797 5436 1932 5488 mino
1951 5452 1971 5488 :
2002 5435 2174 5506 Major
2200 5447 2274 5491 est
2299 5453 2453 5491 causa
2482 5454 2612 5505 mea,
2635 5455 2785 5506 quam
2816 5449 2869 5495 ut
2899 5443 3127 5498 dimittar
3147 5462 3256 5518 ego.
3281 5447 3390 5502 Ma-

1794 5547 1954 5602 gnum
1981 5530 2284 5602 aliquid,,et
2311 5531 2466 5586 saluti
2497 5542 2694 5588 nostra:
2721 5534 3008 5605 plurimum
3038 5538 3168 5594 utile
3199 5538 3308 5607 hic,
3341 5541 3386 5596 si

1792 5625 1980 5681 attenti
2023 5624 2318 5693 fuerimus,
2353 5625 2534 5683 licebit
2569 5626 2866 5685 addiscere.
2921 5629 2990 5686 Et
3031 5630 3161 5686 dixit
3210 5631 3386 5689 Cuia:

1795 5721 1967 5796 Major
1997 5731 2068 5777 est
2098 5738 2252 5777 causa
2291 5740 2420 5790 mea,
2460 5739 2610 5796 quam
2645 5732 2697 5778 ut
2733 5723 2961 5780 dimittar
2977 5741 3089 5798 ego.
3126 5725 3262 5784 Ecce
3291 5727 3384 5784 ah-
