3754 6240
387 177 488 230 ltili

375 299 548 344 soluta
573 288 857 344 confessio.
885 287 1012 342 Tale
1043 296 1353 357 tantumque
1397 297 1477 342 est
1498 329 1512 353 ,
1545 288 1742 357 inquit,
1775 303 1959 358 pecca-

380 391 488 435 tum
520 381 659 451 quod
696 381 974 446 commisi,
1009 390 1064 436 ut
1096 396 1200 434 non
1228 379 1424 448 possim
1463 379 1704 447 accipere
1733 380 1960 433 veniam.

388 472 544 537 Ecce,
574 472 713 527 dicet
750 473 960 543 aliquis,
993 471 1265 525 confessus
1294 478 1396 534 est,
1429 479 1484 524 et
1511 485 1630 523 cum
1661 485 1845 539 magna
1877 486 1961 522 ae-

378 567 649 620 curatione
676 564 950 619 confessus
973 574 1053 617 cst
1078 583 1088 616 :
1125 563 1216 616 sed
1241 562 1372 616 nihil
1401 561 1521 616 inde
1553 562 1704 625 lucri,
1737 562 1957 614 dilecte:

378 657 744 726 intempestiva
799 658 938 710 enim
981 653 1249 709 Confessio
1287 665 1390 709 est.
1436 653 1547 709 Hoc
1597 656 1738 708 enim
1788 654 1964 708 facere

378 748 654 817 oportebat
699 757 936 816 tempore
965 747 1298 816 congruenti,
1323 745 1534 816 quando
1573 745 1747 798 adhuc
1792 744 1961 813 impe-

376 841 502 894 trari
549 849 755 910 poterat
797 855 826 892 a
867 839 1055 894 .ludice
1104 836 1489 912 misericordia.
1520 836 1781 891 lllcmores
1825 852 1963 890 nunc

371 939 541 984 estote
576 929 691 998 ejus
717 930 856 1000 quod
899 929 1053 998 paulo
1087 939 1208 982 ante
1242 928 1386 993 dixi,
1434 944 1623 996 nempe
1661 929 1711 980 in
1743 929 1960 982 terribili

373 1023 464 1076 illo
491 1023 576 1076 die
603 1033 656 1076 et
698 1024 747 1076 in
781 1023 1049 1085 tribunali,
1082 1021 1132 1076 in
1164 1038 1266 1092 quo
1308 1021 1450 1074 nulla
1497 1036 1840 1089 personarum
1869 1036 1960 1073 ac-

368 1112 568 1183 ceptio,
597 1114 710 1167 fore
737 1123 790 1168 ut
812 1113 1171 1184 unusquisque
1198 1122 1435 1165 nostrum
1459 1112 1527 1165 ob
1551 1121 1762 1180 peccata
1794 1112 1962 1180 pomi-

373 1205 534 1256 tentia
571 1203 812 1268 ducatur,
847 1205 1032 1258 videns
1057 1214 1107 1256 et
1147 1211 1269 1255 ante
1299 1201 1483 1256 oculos
1512 1200 1716 1255 habens
1748 1202 1958 1254 terribi-

373 1295 438 1346 lia
473 1296 557 1348 illa
589 1304 886 1355 tormenta,
918 1306 966 1348 et
1011 1293 1338 1347 inevitabiles
1377 1307 1596 1361 poenas,
1629 1292 1724 1348 sed
1765 1293 1959 1346 nullam

371 1390 492 1441 inde
522 1387 800 1443 habiturus
831 1389 1134 1451 utilitatem,
1171 1399 1410 1456 tempore
1437 1385 1744 1441 destitutus.

440 1479 743 1533 Pwnitentia
774 1490 889 1532 ante
920 1497 1118 1548 plenam
1149 1479 1304 1532 utilis.
1339 1507 1407 1517 -â€”
1438 1477 1754 1532 Plenitentia
1779 1477 1920 1531 enim
1944 1519 1957 1541 ,

370 1571 677 1640 priusquam
710 1585 862 1639 paena
896 1571 1172 1636 inferatur,
1200 1581 1408 1637 tempus
1437 1568 1616 1634 habet,
1643 1578 1696 1622 et
1718 1569 1959 1623 ineffabi-

371 1667 470 1714 lem
503 1662 627 1714 vim.
662 1661 888 1716 Proinde
919 1663 1163 1726 obsecro,
1191 1675 1310 1714 cum
1342 1660 1513 1714 adhuc
1539 1659 1726 1716 efficax
1760 1669 1840 1714 est
1871 1662 1960 1713 mi-

370 1754 574 1807 rificum
607 1752 705 1806 hoc
743 1753 1085 1822 pharmacum
1113 1796 1127 1817 ,
1157 1752 1433 1808 conunoda
1478 1763 1531 1806 et
1571 1754 1792 1807 fructum
1837 1754 1960 1807 inde

369 1844 723 1914 percipiamus
747 1886 759 1909 ,
797 1855 850 1899 et
878 1862 997 1900 cum
1033 1845 1207 1900 adhuc
1253 1860 1436 1898 sumus
1463 1846 1512 1898 in
1543 1847 1789 1915 prmsenti
1820 1847 1918 1898 vita
1941 1887 1955 1909 ,

371 1937 696 2002 pmnitentia:
749 1936 1079 1990 medicamen
1124 1935 1274 1990 nobis
1325 1950 1694 2005 apponamus,
1727 1937 1961 1992 scientes

368 2030 602 2099 liquido,
639 2030 766 2084 nihil
813 2040 936 2084 tunc
977 2030 1130 2083 nobis
1179 2030 1540 2098 palliitcntiam
1589 2027 1955 2098 profuturam,

367 2142 486 2178 cum
533 2124 767 2179 solutum
813 2125 969 2178 l'uerit
1011 2124 1362 2194 spctaculum,
1391 2134 1445 2178 et
1476 2134 1682 2192 tempus
1706 2122 1954 2176 certami-

369 2233 493 2270 num
523 2217 775 2270 ablatum.

439 2311 491 2364 4.
526 2308 720 2363 Verum
761 2307 826 2362 ad
868 2308 1162 2361 institutum
1194 2309 1489 2362 redeamus.
1519 2308 1804 2377 Oportebat
1834 2318 1957 2362 tunc

365 2417 484 2453 eum
514 2401 928 2468 interregaretur
952 2417 981 2452 a
1007 2400 1248 2461 Domino,
1270 2398 1366 2454 Ubi
1388 2409 1458 2453 est
1481 2399 1602 2451 Abel
1625 2391 1780 2469 frater
1797 2409 1912 2451 tuus
1932 2401 1958 2451 ?

367 2494 604 2546 confiteri
637 2502 909 2560 peccatum
939 2500 992 2544 et
1023 2491 1332 2560 procidere,
1363 2502 1415 2544 et
1442 2506 1597 2544 orare
1622 2533 1637 2555 ,
1669 2500 1720 2544 et
1747 2493 1954 2544 veniam

368 2596 588 2656 pctore;
630 2586 741 2655 ipse
783 2601 909 2638 vero
943 2596 1065 2638 tunc
1099 2583 1313 2653 quidem
1361 2583 1676 2638 medicinam
1727 2585 1910 2653 rejecit
1937 2627 1952 2650 ,

369 2692 507 2729 ItttllC
550 2689 756 2740 autem,
804 2685 924 2744 post
967 2679 1323 2740 sententiam,
1357 2685 1473 2744 post
1515 2677 1670 2728 finem
1711 2676 1956 2729 omnibus

367 2767 691 2835 impositum,
716 2777 994 2837 postquam
1037 2767 1176 2820 clara
1203 2781 1330 2820 voce
1357 2777 1634 2820 accusatus
1660 2776 1740 2820 est
1779 2784 1804 2817 a
1835 2783 1956 2818 san-

364 2863 522 2926 guine
552 2862 600 2913 in
636 2871 774 2914 terra
816 2861 1045 2929 jacentis
1066 2903 1080 2924 ,
1112 2860 1429 2924 confitetur,
1462 2861 1692 2930 nihilque
1725 2861 1844 2914 inde
1878 2861 1954 2913 lu-

365 2950 588 3006 crifacit.
631 2950 784 3006 Unde
822 2951 1076 3020 propheta
1103 2951 1309 3005 dicebat
1340 2970 1351 3004 :
1385 2951 1560 3004 Justus
1586 2953 1664 3003 sui
1687 2955 1844 3022 ipsius
1866 2970 1954 3003 ur-

366 3052 568 3096 rusator
610 3042 660 3095 in
713 3042 960 3111 principio
1007 3045 1247 3096 sermonis
1284 3041 1478 3113 (Prov.
1511 3045 1592 3097 18.
1628 3043 1748 3113 17).
1778 3045 1841 3097 lit
1871 3043 1954 3098 hic

367 3151 575 3205 quoque
610 3177 624 3201 ,
681 3137 722 3189 si
781 3137 1122 3204 pra-venisSet
1177 3135 1382 3189 Domini
1442 3138 1950 3206 reprehensionem,

369 3229 587 3280 omnino
635 3228 1052 3282 mireiicordiam
1097 3240 1456 3297 consequutus
1498 3229 1708 3293 fuisset,
1742 3241 1955 3298 pmpter

368 3321 680 3375 iuuneusalu
729 3320 933 3373 Domini
994 3320 1391 3389 benignitatem.
1439 3319 1647 3374 Nullum
1692 3323 1832 3375 enim
1874 3332 1953 3375 est

369 3424 665 3481 peccatum,
696 3421 1178 3482 quantumcumque
1208 3429 1369 3481 grave
1393 3413 1486 3478 sit,
1515 3413 1653 3482 quod
1686 3413 1822 3468 illius
1855 3415 1952 3467 Ini-

366 3504 709 3557 scricordiam
759 3504 931 3558 vincat
962 3521 974 3556 :
1009 3504 1167 3557 tnodo
1201 3514 1437 3573 tempore
1465 3503 1646 3558 debito
1687 3505 1951 3574 pteniten-

367 3601 490 3648 tiam
521 3611 753 3666 agamus,
773 3609 828 3650 et
851 3598 1055 3649 veniam
1076 3605 1334 3665 petamus.
1360 3595 1426 3650 Et
1447 3597 1572 3648 dixit
1594 3594 1717 3650 Cain
1743 3612 1760 3649 :
1783 3594 1954 3666 Major

363 3700 433 3743 est
465 3706 616 3742 causa
647 3706 754 3742 mea
781 3733 792 3753 ,
823 3706 971 3759 quam
1002 3699 1053 3742 ut
1083 3690 1307 3740 dimittar
1349 3705 1456 3760 ego.
1503 3688 1785 3743 Sufficiens
1817 3703 1951 3742 cou-

364 3784 560 3866 fessio,
593 3783 685 3837 scd
724 3784 1113 3852 intempestiva.
1140 3783 1203 3837 Et
1232 3783 1363 3836 dixit
1395 3801 1406 3835 Îµ
1442 3784 1522 3836 Î—.
1551 3782 1610 3836 Si
1641 3784 1844 3853 ejeceris
1876 3800 1954 3836 me

364 3868 509 3931 hodie
540 3896 569 3929 Î¹Î¹
599 3875 728 3948 {acie
755 3887 920 3944 terra',
949 3888 994 3931 et
1020 3895 1049 3929 Î±
1079 3878 1206 3948 {acie
1237 3887 1322 3929 tua
1352 3877 1658 3944 abscondor,
1683 3887 1727 3931 et
1758 3894 1840 3930 ero
1861 3895 1954 3949 gen

365 3985 501 4022 meus
540 3979 586 4021 et
614 3980 827 4022 tremens
857 3985 1006 4036 super
1032 3978 1250 4033 terram;
1277 3977 1324 4021 et
1354 3968 1477 4033 erit,
1509 3969 1668 4021 omnis
1697 3969 1780 4038 qui
1809 3969 1951 4021 inre~

363 4060 489 4112 nrrit
526 4075 603 4112 me
625 4100 639 4125 ,
668 4059 855 4112 occidet
889 4076 986 4112 me.
1019 4057 1152 4112 Vide
1195 4075 1350 4129 quam
1393 4059 1715 4114 miserabilia
1757 4060 1947 4125 verba,

364 4163 472 4202 tum
496 4152 616 4219 quia
660 4150 1048 4219 intempestiva,
1081 4158 1189 4202 tum
1217 4151 1335 4220 quia
1365 4160 1605 4221 tempore
1631 4151 1811 4220 elapso
1834 4153 1951 4205 nulâ€”

362 4246 468 4297 lum
521 4244 746 4297 fructum
775 4241 1048 4297 afferrent.
1082 4243 1146 4296 Et
1176 4243 1308 4297 dixit
1336 4260 1348 4296 :
1382 4243 1444 4298 Si
1470 4246 1671 4316 ejeceris
1700 4261 1778 4298 me
1801 4245 1950 4299 hodie

362 4355 391 4387 ÏƒÎµ
417 4336 548 4404 [itcie
569 4343 731 4400 teme,
762 4346 806 4388 et
837 4352 868 4387 Î±
897 4335 1028 4405 [acie
1052 4345 1137 4387 tuo
1173 4335 1473 4402 abscondar,
1505 4346 1551 4390 et
1579 4354 1662 4391 ero
1681 4355 1880 4408 gemens
1903 4347 1948 4392 et

359 4441 570 4482 tremens
603 4445 755 4499 super
785 4439 967 4482 terram
989 4447 1009 4494 ;
1041 4439 1085 4482 et
1115 4430 1239 4495 erit,
1265 4431 1423 4483 omnis
1451 4430 1533 4500 qui
1570 4448 1646 4485 me
1676 4432 1912 4500 iuvqurit
1930 4473 1950 4498 Î¹

359 4451 570 4482 Î·á¼Î¹Î¹Î¹ÎµÎ·Î´
603 4451 755 4499 super
785 4451 1009 4494 terram;
1041 4451 1084 4482 ÎµÎ¹
1115 4451 1204 4482 ETâ€
1225 4471 1239 4495 ,
1265 4451 1423 4483 omnis
1451 4451 1532 4500 qut
1570 4451 1646 4485 me
1676 4451 1801 4485 iuvet
1837 4451 1948 4498 'ru,

358 4521 617 4590 inter/ieiet
643 4539 738 4574 nte.
763 4522 817 4575 Si
847 4522 896 4576 in
924 4532 1081 4587 terra,
1116 4524 1303 4593 inquit,
1337 4523 1676 4579 maledictum
1709 4451 1948 4581 met-ci-

357 4616 423 4667 sti
453 4623 507 4669 et
555 4613 666 4682 ipse
711 4631 796 4668 me
841 4615 1100 4668 aversaris
1129 4656 1141 4678 ,
1173 4623 1436 4684 tantzeque
1484 4632 1654 4685 pteua:
1685 4617 1944 4672 tradidisti

361 4723 467 4771 me,
505 4709 570 4758 ita
597 4715 651 4758 ut
680 4721 885 4776 gemam
910 4714 959 4758 ct
984 4716 1225 4764 tremam,
1253 4704 1382 4758 nihil
1412 4707 1708 4775 prohibebit
1739 4717 1942 4778 postea,

357 4798 484 4867 quin
515 4798 751 4868 quisquis
785 4798 834 4850 in
882 4813 965 4850 me
998 4798 1082 4850 vel
1125 4798 1336 4849 fortuito
1368 4797 1648 4863 inciderit,
1681 4815 1765 4854 me
1794 4817 1859 4854 eo
1891 4804 1943 4854 in

354 4902 495 4947 statu
540 4891 769 4961 positum
810 4899 860 4943 ct
895 4898 977 4942 tua
1011 4903 1112 4958 ope
1157 4888 1409 4942 nudatum
1441 4890 1738 4945 interficiat.
1769 4891 1946 4947 Facile

359 4985 609 5038 invadere
649 4999 735 5037 me
767 4983 978 5052 poterit,
1009 4982 1194 5051 inquit,
1230 4981 1274 5036 si
1306 4982 1423 5052 quis
1453 4981 1752 5039 interficere
1780 4987 1940 5041 volet.

353 5079 532 5149 Neque
558 5079 700 5134 enim
723 5079 833 5148 ipse
854 5075 1109 5131 obluctari
1138 5084 1344 5144 potero,
1364 5084 1470 5130 tam
1493 5076 1746 5132 dissoluta
1777 5092 1946 5133 mem.

356 5174 443 5223 bra
477 5171 854 5225 circumferens
875 5213 889 5236 ,
919 5179 972 5223 et
1017 5168 1252 5238 undique
1277 5177 1609 5223 commotus:
1636 5169 1851 5238 insuper
1889 5181 1943 5226 et

357 5266 476 5326 hoc,
506 5262 646 5332 quod
675 5263 843 5315 sciant
885 5275 1071 5314 omnes
1099 5269 1185 5314 tua
1215 5274 1300 5314 me
1326 5273 1428 5328 ope
1456 5258 1787 5326 destitutum,
1817 5276 1938 5315 eum

354 5352 441 5420 qui
468 5353 605 5413 velit,
642 5361 695 5404 ut
721 5352 783 5404 ad
819 5352 1019 5404 eadem
1049 5366 1218 5404 meam
1240 5351 1494 5420 prosiliat,
1530 5351 1940 5420 incitabit.Quid

355 5461 479 5512 ergo
515 5445 815 5498 miScricors
861 5454 913 5496 et
964 5443 1133 5495 bonus
1163 5442 1458 5497 Dominus?
1488 5445 1569 5497 15.
1601 5442 1665 5496 Et
1693 5446 1820 5497 dixit
1865 5444 1942 5497 illi

361 5534 604 5589 Dominus
634 5533 767 5591 Deus
797 5551 814 5589 :
853 5535 972 5587 Non
1016 5535 1103 5586 sic.
1139 5532 1215 5588 Ne
1255 5544 1407 5604 putes
1431 5575 1445 5601 ,
1477 5535 1647 5605 inquit
1669 5577 1682 5598 ,
1713 5534 1826 5590 haec
1870 5536 1939 5590 ita

358 5630 486 5684 tiu-i.
518 5627 698 5698 Neque
745 5629 886 5682 enim
927 5629 1104 5684 licebit
1139 5629 1328 5701 cuique
1354 5628 1547 5683 volenti
1576 5637 1624 5684 te
1655 5629 1896 5688 occidere
1923 5673 1937 5698 ,

1095 173 1146 225 S.
1191 172 1466 228 JO.\NNIS
1504 173 1979 233 CllllYSOSTOMl
2020 175 2334 234 ARCHIEP.
2375 176 2907 236 CONSTAâ€˜NTLVOP.
3555 189 3653 244 Hii

2076 292 2167 344 sed
2195 307 2262 345 ex
2295 291 2624 348 diuturniore
2672 294 2775 347 vita
2809 305 2895 348 tua
2926 303 2979 348 et
3018 295 3186 365 major
3215 297 3336 354 inde
3376 299 3470 353 tibi
3504 301 3653 356 dolor

2075 385 2194 445 erit,
2227 393 2282 437 et
2331 382 2623 452 relinquam
2670 393 2720 444 te
2763 386 2988 455 posteris
3016 391 3442 457 generationibus
3487 395 3652 462 magi-

2072 484 2264 535 Slrnm,
2297 482 2353 526 ut
2383 474 2455 526 tui
2483 475 2841 542 spectaculum
2873 476 2980 531 illis
3000 478 3067 531 sit
3091 479 3380 534 admonitio
3409 491 3461 535 et
3491 485 3650 537 casti-

2071 565 2243 629 gatio,
2291 562 2568 633 nullusque
2598 565 2898 634 exemplum
2927 576 3073 622 tuum
3115 580 3385 640 sequatur.
3416 573 3485 626 Et
3530 576 3655 630 dixit

2073 651 2318 707 Dominus
2365 653 2498 709 Deus
2527 671 2546 709 .Â°
2578 655 2694 710 Non
2742 658 2830 711 sic.
2870 658 3049 714 Omnis
3087 664 3170 730 qui
3212 664 3452 718 occiderit
3492 664 3651 733 Cain,

2069 755 2259 813 septem
2286 747 2497 799 ultiones
2529 748 2700 801 solvet.
2729 748 2992 805 Fortassis
3028 751 3188 806 multa
3216 764 3340 810 sunt
3367 771 3489 826 quae
3513 758 3620 811 dixi
3639 801 3652 823 ,

2071 849 2121 891 et
2152 837 2375 892 multam
2400 841 2608 908 corpori
2639 843 2932 896 molestiam
2963 845 3250 900 attulimus.
3283 847 3386 902 Sed
3417 850 3541 918 quid
3576 851 3653 902 fa-

2070 931 2246 985 ciant?
2270 932 2401 1000 Quia
2430 931 2583 988 video
2611 945 2838 989 vestram
2866 936 2916 989 in
2947 937 3209 992 audiendo
3245 939 3572 1007 aviditatem,
3604 955 3654 997 et

2070 1025 2258 1093 ingens
2297 1025 2652 1092 desiderium,
2685 1027 2884 1097 reliqua
2925 1031 3081 1083 etiam
3121 1046 3429 1101 persequar.
3468 1045 3521 1088 et
3562 1053 3656 1104 pro

2069 1115 2268 1168 viribus
2297 1116 2426 1170 meis
2458 1117 2862 1186 interpretabor.
2891 1119 3024 1188 Quid
3052 1130 3134 1176 est
3158 1163 3171 1186 ,
3202 1121 3409 1193 Septem
3443 1127 3654 1180 ultiones

2067 1205 2398 1261 solvet?Sed
2445 1208 2632 1262 iterum
2686 1224 2876 1264 vereor
2917 1227 2982 1265 ne
3010 1211 3270 1268 dictorum
3317 1216 3654 1272 multitudine

2068 1299 2378 1353 memoriam
2409 1314 2592 1354 eorum
2620 1317 2738 1371 qua:
2771 1301 2909 1356 dicta
2951 1315 3074 1359 sunt
3102 1305 3324 1360 obruam
3345 1349 3359 1370 ,
3392 1319 3446 1363 et
3476 1310 3656 1366 videar

2068 1388 2217 1442 vobis
2245 1388 2510 1444 fastidium
2541 1390 2730 1448 afferre
2763 1411 2775 1445 :
2807 1393 2901 1448 sed
2932 1395 2978 1449 si
3004 1411 3109 1451 non
3141 1396 3450 1469 fatigamini,
3489 1403 3654 1455 susti-

2069 1490 2210 1542 nete.
2244 1489 2298 1535 et
2343 1480 2443 1536 hoc
2473 1482 2716 1537 absoluto
2741 1494 3012 1554 contextu,
3042 1501 3343 1545 sermonem
3387 1493 3652 1548 finiemus.

2068 1569 2133 1624 Et
2163 1571 2292 1624 dixit
2323 1572 2400 1625 illi
2420 1571 2673 1627 Dominus
2705 1574 2840 1630 Deus
2865 1592 2882 1630 .'
2909 1575 3031 1631 Non
3059 1581 3152 1634 sic.
3187 1578 3364 1635 Omnis
3392 1584 3480 1651 qui
3519 1569 3653 1637 occi-

2066 1661 2193 1714 derit
2223 1661 2382 1728 Cain,
2418 1665 2599 1734 septies
2628 1666 2842 1720 ultiones
2879 1667 3054 1722 solvet.
3084 1667 3153 1722 Et
3198 1677 3365 1740 posuit
3403 1672 3658 1728 Dominus

2068 1751 2206 1808 Deus
2227 1753 2429 1824 signum
2454 1757 2504 1810 iu
2526 1755 2670 1824 Cain,
2697 1775 2759 1812 ne
2783 1761 2944 1814 omnis
2972 1763 3060 1832 qui
3084 1763 3324 1818 inveniret
3351 1767 3496 1820 illum
3525 1774 3656 1821 orti-

2065 1847 2221 1901 deret.
2243 1847 2354 1902 lloc
2374 1848 2614 1915 timuisti,
2636 1850 2823 1920 inquit,
2849 1867 2914 1906 ne
2933 1853 3238 1912 occiderere
3255 1856 3537 1924 ?Confide,
3557 1859 3653 1914 hoc

2067 1957 2169 1994 non
2197 1940 2323 1996 erit.
2347 1940 2478 1996 Nam
2501 1942 2738 2013 quisquis
2766 1943 2866 2000 hoc
2893 1945 3065 2001 facere
3091 1951 3653 2020 attentaverit,septu-

2065 2032 2187 2100 plici
2217 2047 2390 2102 ptena:
2433 2048 2494 2088 se
2542 2032 2701 2089 faciet
2740 2035 3024 2090 obnoxium
3059 2054 3071 2091 :
3104 2048 3158 2093 et
3202 2041 3399 2096 idcirco
3447 2043 3652 2113 signum

2067 2125 2158 2180 tibi
2188 2125 2424 2196 impono,
2455 2135 2510 2181 ut
2557 2127 2730 2182 nullus
2775 2130 3023 2198 ignorans
3064 2131 3340 2188 interfecto
3369 2144 3454 2202 te,
3484 2139 3654 2205 pinnis

2066 2219 2169 2272 illis
2195 2235 2252 2274 se
2280 2219 2568 2274 obnoxium
2600 2220 2774 2275 faciat.

2133 2311 2187 2366 5.
2231 2310 2436 2381 Septem
2466 2313 2681 2366 ultiones
2707 2315 2758 2366 in
2781 2311 2938 2367 Caiuo
2963 2331 3077 2386 qua:
3096 2316 3120 2368 ?
3139 2347 3206 2354 â€”
3233 2315 3336 2371 Sed
3370 2333 3465 2386 par
3491 2329 3576 2373 est
3601 2330 3654 2373 ut

2064 2402 2396 2456 manifestius
2437 2418 2531 2457 vos
2574 2405 2833 2470 doceam,
2862 2407 3131 2474 quomodo
3166 2408 3254 2476 qui
3289 2406 3418 2463 Cain
3458 2411 3654 2466 occidit

2061 2503 2270 2561 scptem
2313 2508 2587 2563 puniat-um
2627 2509 2748 2548 reus
2801 2496 2888 2548 sit.
2944 2495 3047 2550 Vos
3097 2512 3320 2565 precor,
3369 2501 3649 2556 attendite.

2061 2582 2193 2636 Nam
2221 2584 2267 2638 si
2293 2600 2450 2647 nunc.
2479 2585 2616 2639 sicut
2636 2594 2690 2640 et
2717 2586 2767 2639 in
2799 2587 3160 2654 superioribus
3181 2587 3371 2643 diebus
3395 2605 3539 2660 sape
3566 2609 3652 2648 ca~

2061 2677 2201 2730 ritati
2230 2685 2418 2730 vestra:
2438 2677 2691 2743 diximus,
2715 2692 2834 2732 cum
2857 2677 3043 2748 jejunii
3074 2687 3281 2749 tempus
3307 2691 3406 2746 ÏÎµÎ¹,
3432 2692 3487 2736 et
3507 2692 3652 2740 tanta

2062 2770 2444 2838 tranquillitate
2471 2770 2734 2836 fruimur,
2765 2779 2815 2824 et
2855 2769 3061 2826 liberati
3093 2785 3276 2826 sumus
3309 2787 3337 2828 a
3367 2774 3651 2844 cogitatio-

2063 2862 2218 2915 nibus
2256 2878 2373 2932 quze
2411 2871 2643 2916 mentem
2691 2872 2924 2916 nostram
2955 2863 3282 2932 perturbant,
3309 2880 3415 2919 non
3442 2881 3651 2922 summa

2061 2953 2330 3024 diligentia
2360 2953 2680 3008 addiscimus
2702 2969 2822 3023 qua:
2856 2955 2907 3007 in
2935 2954 3130 3008 divinis
3154 2955 3444 3025 Scripturis
3473 2961 3652 3012 conti-

2063 3055 2270 3111 nentur,
2297 3045 2507 3114 quando
2524 3061 2583 3099 ea
2611 3045 2727 3099 aliis
2749 3045 3072 3114 temporibus
3093 3045 3302 3101 discere
3321 3049 3613 3117 poterimus
3632 3052 3656 3104 á¼µ

2065 3137 2186 3191 ideo
2216 3151 2331 3199 oro,
2365 3148 2417 3192 et
2464 3152 2650 3206 precor
2669 3179 2682 3202 ,
2712 3146 2764 3191 et
2791 3137 3029 3206 supplico
3052 3179 3065 3201 ,
3096 3147 3148 3192 et
3174 3139 3323 3207 quasi
3362 3153 3533 3209 genua
3563 3156 3654 3195 ve-

2061 3239 2168 3284 stra
2201 3230 2472 3298 contingo,
2498 3230 2698 3282 intenta
2728 3237 2903 3282 mente
2925 3226 3006 3282 his
3031 3244 3148 3298 qua:
3171 3228 3419 3284 dicuntur
3444 3233 3655 3285 auscul-

2061 3330 2268 3385 temus,
2299 3330 2355 3375 ut
2385 3318 2557 3373 fructu
2586 3319 2764 3388 aliquo
2799 3318 2962 3372 nobili
3007 3329 3061 3374 et
3094 3320 3361 3390 pra-cipue
3391 3333 3615 3392 accepto
3637 3366 3652 3390 ,

2065 3415 2280 3467 domum
2312 3421 2491 3481 postea
2523 3410 2826 3466 redeamus.
2856 3410 2988 3477 Quid
3020 3411 3175 3481 igitur
3202 3420 3303 3476 est,
3340 3411 3548 3483 Septem
3579 3417 3654 3468 ul-

2062 3508 2219 3558 tiones
2247 3503 2447 3558 solvet?
2474 3501 2707 3557 Primum
2752 3503 2965 3572 quidem
3014 3504 3346 3572 septenarius
3395 3520 3655 3559 numerus

2060 3599 2128 3653 de
2166 3597 2499 3653 multitudine.
2531 3595 2724 3651 dicitur
2764 3597 2814 3650 in
2853 3596 3028 3650 divina
3079 3597 3351 3666 Scriptura
3388 3615 3406 3648 Î¹
3437 3598 3486 3652 id
3509 3600 3654 3668 quod

2060 3707 2202 3763 sepe
2230 3693 2280 3746 iu
2311 3691 2598 3761 Scripturis
2628 3692 2876 3758 occurrit,
2903 3699 2978 3752 ut,
2999 3689 3203 3745 Stet-itis
3244 3694 3435 3761 peperit
3464 3703 3654 3761 septem

2060 3786 2138 3857 (l.
2172 3785 2297 3856 Reg.
2328 3784 2385 3840 2.
2413 3786 2502 3856 5):
2533 3795 2586 3838 et
2615 3784 2827 3838 sitnilia.
2857 3782 3168 3852 Coujectare
3193 3791 3371 3838 autem
3406 3783 3492 3839 hic
3528 3785 3654 3838 licet

2063 3878 2261 3942 peccati
2291 3875 2731 3946 magnitudinem,
2763 3884 2817 3928 et
2844 3875 3014 3944 ipsum
3046 3889 3149 3928 non
3174 3890 3336 3928 unum
3371 3884 3651 3944 peccatum

2059 3968 2411 4032 conuulsisse,
2442 3966 2535 4022 sed
2564 3975 2788 4036 septem,
2815 3980 3039 4034 quorum
3071 3965 3292 4034 quodvis
3325 3981 3418 4035 per
3447 3980 3506 4020 se
3538 3982 3654 4020 ma-

2057 4077 2157 4132 gna
2188 4075 2343 4130 poma
2389 4057 2659 4114 luendum.
2696 4057 2857 4128 lgitur
2883 4057 3152 4128 quomodo
3181 4059 3293 4112 lucc
3342 4060 3656 4114 numerabi-

2062 4156 2216 4208 mus?
2261 4155 2494 4207 lâ€˜rimum
2535 4151 2732 4205 invidet
2778 4149 2956 4214 fratri,
2989 4149 3130 4220 quod
3169 4150 3278 4204 Deo
3321 4153 3388 4205 sit
3418 4160 3650 4219 gratus:

2057 4245 2195 4316 quod
2224 4245 2267 4300 si
2309 4245 2482 4299 solum
2513 4242 2788 4310 adfuisset,
2820 4242 2885 4296 ad
2906 4242 3283 4296 accersendum
3313 4241 3388 4296 illi
3423 4243 3651 4298 exitium

2055 4337 2383 4402 suffecisset;
2415 4335 2671 4400 secundo,
2700 4333 2862 4390 frater
2891 4335 3036 4390 fratri
3063 4351 3161 4390 suo
3191 4333 3432 4400 invidet;
3463 4338 3647 4402 tertio,

2057 4429 2265 4485 fraudes
2296 4431 2540 4494 consuit;
2583 4439 2795 4499 quarto,
2823 4429 3022 4484 eadem
3052 4443 3214 4498 opere
3241 4429 3421 4498 implet
3449 4431 3652 4500 ;quin-

2056 4532 2110 4577 to
2135 4564 2147 4586 ,
2177 4522 2391 4576 fratrem
2427 4523 2652 4587 occidit;
2681 4531 2865 4587 sexto,
2899 4521 3101 4591 primus
3139 4530 3362 4575 mortem
3391 4532 3650 4591 operatus

2055 4623 2169 4678 est;
2201 4613 2428 4682 septimo
2451 4654 2467 4677 ,
2499 4613 2606 4666 Deo
2635 4612 2888 4666 mentitus
2917 4620 3016 4666 est.
3048 4611 3182 4667 Num
3212 4615 3479 4683 assequuti
3519 4616 3655 4670 estis

2054 4708 2192 4761 dicta
2219 4748 2234 4771 ,
2261 4721 2327 4759 an
2353 4719 2480 4760 vero
2508 4705 2668 4759 vultis
2699 4714 2753 4758 ut
2792 4717 2852 4758 ea
2881 4706 3068 4758 iterum
3097 4718 3468 4759 recenseamus
3491 4747 3506 4768 ,
3537 4722 3650 4775 quo

2055 4800 2233 4854 sciatis
2272 4785 2538 4868 quomodo
2569 4797 2978 4865 unumquodque
3007 4811 3100 4866 per
3125 4811 3183 4850 se
3226 4795 3556 4863 sufficiebat,
3589 4809 3649 4851 ut

2055 4891 2283 4944 maxima
2311 4890 2630 4959 plecteretur
2659 4887 2846 4957 pinna?
2868 4886 2997 4942 Nam
3025 4887 3142 4958 quis
3168 4888 3249 4943 vel
3275 4889 3427 4942 venia
3455 4887 3646 4958 digna-

2055 4991 2202 5037 retur
2227 4982 2378 5036 alteri
2411 4981 2732 5035 invidentem
2756 5023 2770 5046 ,
2801 4980 2942 5050 quod
2980 4980 3071 5035 Dei
3100 4980 3467 5036 benevolentia
3500 4981 3644 5036 frue-

2055 5074 2232 5128 retur?
2257 5073 2393 5127 Eccc
2422 5088 2581 5125 unum
2611 5071 2898 5125 maximum
2921 5081 2973 5125 et
3000 5071 3317 5140 inexpiabile
3338 5084 3642 5142 peccatum.

2053 5166 2252 5220 Deinde
2283 5168 2382 5220 hoc
2413 5166 2581 5234 majus
2608 5164 2923 5229 ostenditur,
2946 5163 3066 5233 quia
3110 5162 3272 5216 frater
3304 5168 3529 5219 eratcui
3563 5166 3644 5218 in-

2052 5257 2281 5318 videbat.
2314 5265 2367 5312 et
2388 5257 2527 5311 nulla
2560 5256 2706 5310 illum
2744 5269 2959 5324 prorsus
2985 5255 3173 5323 injuria
3205 5254 3473 5310 affecerat.
3506 5257 3644 5313 Ecce

2051 5359 2105 5407 et
2136 5353 2234 5405 hoc
2277 5365 2486 5422 quoque
2530 5365 2635 5403 non
2676 5349 2889 5419 vulgare
2921 5357 3194 5418 peccatum
3234 5356 3335 5403 est.
3363 5347 3482 5403 Jam
3530 5358 3644 5403 ter-

2053 5445 2182 5498 tium
2209 5484 2223 5508 ,
2252 5441 2392 5513 quod
2422 5441 2576 5496 dolos
2606 5439 2808 5506 nexuit,
2837 5438 3058 5509 decepto
3079 5450 3134 5495 et
3161 5440 3212 5494 in
3239 5453 3488 5510 campum
3515 5440 3641 5494 alle-

2050 5545 2137 5590 cto
2168 5535 2329 5589 fratre
2349 5575 2364 5596 ,
2396 5548 2568 5604 neque
2594 5533 2762 5604 ipsam
2795 5543 3036 5588 naturam
3067 5533 3348 5588 reveritus.
3379 5531 3642 5600 Quartum

2057 5641 2330 5701 peccatum
2363 5629 2471 5699 ipsa
2501 5637 2613 5684 erat
2659 5627 2834 5684 aedos
2854 5669 2867 5695 ,
2900 5641 3057 5699 quam
3095 5627 3439 5698 perpetravit.
3471 5625 3640 5697 Qum-
