3796 6244
325 357 387 411 δν
417 357 708 430 εἰργάσατο
737 372 781 412 ι.
816 358 1092 432 Πέμπτον,
1120 360 1202 415 δτι
1230 360 1455 430 ἀδελφὸν
1480 361 1734 431 ἐφόνευσε
1768 362 1857 415 τὸν
1894 362 1995 427 τάς

333 448 505 511 αύτάς
525 448 672 521 αύτῷ
708 447 946 504 λύσαντα
991 450 1205 514 ὠδῖνας.
1258 451 1479 515 Ἕκτον,
1505 452 1586 505 ὅτι
1635 452 1849 524 πρῶτος
1902 452 1996 506 τοῦ

331 535 492 605 φόνου
527 537 589 590 16
638 533 775 600 εἶδος
808 539 1141 609 εἰσήνεγκεν.
1172 537 1459 609 Ἕϐδομον,
1514 538 1596 592 ὅτι
1645 538 1997 610 ἐρωτώμενος

332 622 484 694 παρά
518 623 611 676 τοῦ
641 623 1117 694 Θεοῦ,ψεύσασθαι
1152 624 1471 696 ἐτόλμησεν.
1503 625 1563 679 '0
1596 625 1794 691 τοίνυν,
1810 626 1996 696 φησὶν,

332 710 542 764 ἀνελεῖν
573 728 631 763 σε
657 712 1032 784 ἐπιχειρήσας,
1058 712 1200 765 ἐπτά
1222 712 1514 783 τιμωρίαις
1542 712 1732 766 ἑαυτὸν
1766 712 2001 766 ὑπεύθυ-

332 813 423 850 νον
453 798 807 868 καταστήσει.
839 798 932 869 Μὴ
963 798 1144 851 τοίνυν
1178 798 1365 851 δείδιθι
1396 800 1572 853 τοῦτο.
1607 800 1739 854 Ἰδοὺ
1767 800 1874 872 γάρ
1906 800 2002 853 καὶ

334 885 559 954 σημεῖον
590 883 876 955 ἐπιτίθημι
900 901 1002 949 σοι,
1025 884 1166 939 ῶστε
1191 884 1392 956 μηδένα
1409 886 1518 939 τῶν
1548 886 1909 957 εὑρισκόντων
1943 902 2003 940 σε

334 970 620 1041 ἀγνοῆσαι.
658 972 723 1025 Ἦ
755 972 867 1043 γάρ
901 972 1081 1044 πάσης
1108 975 1210 1044 τῆς
1253 970 1399 1044 ζωῆς
1430 991 1524 1027 σου
1558 974 1811 1046 πάρεσις,
1847 976 2003 1029 λυσι-

334 1058 496 1129 τελὴς
538 1058 691 1113 ἔσται
741 1063 863 1123 ταῖς
894 1061 1035 1130 μετά
1069 1060 1241 1114 ταῦτα
1269 1064 1504 1130 γενεαῖς,
1552 1063 1645 1116 καὶ
1678 1064 1814 1134 ὅπερ
1846 1062 2006 1133 μόνος

340 1145 566 1215 μηδενὸς
613 1146 882 1217 παρόντος
934 1145 1198 1219 ἐπραξας,
1242 1147 1400 1201 τοῦτο
1424 1149 1754 1221 μαθήσονται
1807 1149 2005 1212 πάντες

337 1231 571 1301 ὁρῶντές
599 1250 659 1285 σε
686 1233 940 1289 στένοντα
955 1234 1050 1287 καὶ
1070 1234 1363 1306 τρέμοντα,
1382 1238 1475 1289 καὶ
1498 1237 1778 1307 μονονουχὶ
1803 1236 2007 1306 βοῶντα

339 1318 429 1371 διά
460 1319 556 1372 τοῦ
582 1319 791 1391 τρόμου
818 1320 913 1374 τοῦ
937 1322 1272 1392 σωματικοῦ,
1303 1324 1396 1378 καί¹
1426 1326 1563 1377 πᾶσι
1602 1323 2007 1394 διαλεγόμενον,

340 1405 439 1459 καὶ
458 1404 687 1475 λέγοντα
715 1407 744 1447 δ
768 1422 782 1436 ⁸
819 1407 1003 1479 μηδεὶς
1028 1408 1213 1478 ἔτερος
1235 1410 1460 1464 τοιαῦτα
1485 1411 1731 1483 τολμήσῃ
1751 1449 1765 1473 ,
1810 1407 2008 1482 οἷάπερ

348 1490 481 1561 ἐγὼ,
520 1494 610 1548 ἵνα
642 1493 717 1566 μὴ
743 1495 1001 1566 τοιαύτην
1032 1495 1249 1566 δέξηται
1272 1497 1542 1571 τιμωρίαν
1574 1508 1621 1553 ο.

417 1620 494 1678 ς’.
512 1613 699 1672 Ταῦτα
721 1615 1028 1681 ἀκούοντες,
1065 1617 1355 1691 ἀγαπητοὶ,
1374 1619 1448 1691 μὴ
1464 1619 1647 1684 ἁπλῶς
1666 1636 1846 1691 παρατ
1855 1619 2017 1691 ρέχω-

349 1717 449 1769 μεν
474 1700 543 1754 τά
589 1702 875 1775 εἰρημένα,
907 1704 1041 1775 μηδὲ
1071 1704 1227 1761 τοῦτο
1280 1705 1438 1776 μόνον
1475 1706 1783 1778 σκοπῶμεν,
1811 1708 1859 1759 εἰ
1892 1705 2013 1759 καθ’

344 1788 579 1857 ἑκάστην
620 1788 853 1842 ἐνταῦθα
904 1792 1285 1863 συνερχόμενοι
1328 1794 1705 1863 πνευματικῆς
1738 1792 2017 1864 τραπέζης

344 1872 691 1944 ἀπολαύομεν
713 1891 727 1907 ·
770 1875 922 1930 ούδέν
971 1877 1081 1948 γὰρ
1135 1878 1325 1947 ὄφελος
1352 1880 1453 1949 τῆς
1498 1880 1815 1950 ἀκροάσεως
1848 1878 2017 1949 μόνης

346 1960 477 2013 ἄνευ
505 1960 603 2031 τῆς
620 1961 707 2014 διά
732 1963 841 2016 τῶν
867 1962 1044 2034 ἔργων
1071 1965 1336 2037 ὑπακοῆς.
1377 1966 1515 2020 Ἀλλ’
1533 1966 1837 2028 ἐννοοῦντες
1854 1965 2018 2019 πόθεν

347 2049 430 2110 εἰς
455 2048 661 2118 ταύτην
678 2049 777 2122 τὴν
805 2050 1190 2120 ἀσύγγνωστον
1216 2054 1313 2106 καὶ
1340 2054 1578 2126 χαλεπὴν
1603 2054 1878 2125 ἁμαρτίαν
1902 2069 2021 2107 συνο

350 2136 571 2207 ήλασεν)
600 2139 788 2193 ἑαυτὸν
842 2142 871 2193 6
920 2140 1081 2205 Κάῖν,
1126 2143 1222 2195 καὶ
1252 2143 1333 2195 ὅτι
1368 2142 1475 2195 ἀπὸ
1502 2141 1595 2195 τοῦ
1633 2141 1901 2211 φθονῆσαι
1928 2142 2019 2195 τὸν

354 2222 475 2293 μηδ’
509 2222 643 2287 ὅλως
669 2226 834 2279 αὐτὸν
867 2227 1122 2298 ἀδικῆσαί
1153 2245 1283 2281 ποτε
1309 2230 1750 2300 ἐπιχειρήσαντα,
1785 2230 1883 2299 τὴν
1905 2245 2019 2281 τοι-

355 2309 523 2382 αύτην
579 2311 885 2383 εἴσπραξιν,
947 2313 1145 2384 μᾶλλον
1196 2314 1252 2367 δὲ
1304 2314 1583 2387 ἀναίρεσιν
1626 2317 1705 2379 εἰς
1747 2314 1839 2367 τὸν
1892 2313 2021 2367 [διον

352 2397 581 2467 ἀδελφὺν
608 2399 931 2473 τετόλμηκε,
977 2400 1053 2477 μὴ
1084 2401 1146 2454 τὸ
1178 2400 1363 2465 κακῶς
1388 2402 1698 2472 φεύγωμεν,
1725 2401 1862 2455 ἀλλά
1896 2400 2025 2471 μᾶλ-

353 2484 445 2538 λον
488 2486 549 2540 τὸ
597 2487 783 2551 κακῶς
836 2489 1042 2561 ἑτέροις
1088 2489 1416 2559 διατεθῆναι.
1456 2489 1690 2551 Ἐκεῖνος
1721 2488 1830 2561 γάρ
1874 2489 2023 2540 ἐστιν

355 2572 524 2637 ὅντως
553 2575 582 2628 ό
614 2574 798 2638 κακῶς
827 2574 1131 2642 πεπονθὼς,
1164 2576 1192 2628 6
1221 2576 1313 2629 τὸν
1346 2575 1571 2648 πλησίον
1606 2575 1799 2630 ἑαυτοῦ
1829 2592 2026 2646 κατερ-

355 2660 616 2729 γάζεσθαι
663 2661 999 2733 βουλόμενος.
1056 2664 1166 2717 Καὶ
1218 2664 1304 2716 ἴνα
1348 2663 1524 2735 μάθῃς
1559 2663 1640 2717 ὃτι
1690 2663 1846 2716 τοῦτό
1879 2665 2025 2717 ἐστιν

357 2748 575 2818 ἀληθὲς,
606 2749 707 2820 ὅρα
757 2767 845 2820 μοι
877 2750 1128 2816 ἐνταῦθα,
1161 2750 1246 2815 τίς
1279 2752 1424 2805 ἐστιν
1448 2755 1476 2805 6
1507 2750 1691 2815 κακῶς
1719 2749 2023 2815 πεπονθὼς,

356 2839 384 2889 6
415 2836 640 2900 ἀνελὼν,
682 2837 715 2908 ἢ
752 2839 779 2890 6
825 2838 1164 2909 άναιρεθείς;
1198 2839 1367 2910 Δῆλον
1396 2841 1477 2893 ὅτι
1515 2840 1543 2891 6
1566 2838 1791 2893 ἀνελών.
1817 2838 1916 2893 Διά
1934 2840 1985 2892 τί
2011 2855 2026 2905 ;

357 2922 481 2978 Ὀτι
526 2925 554 2975 6
596 2924 695 2995 μὲν
745 2925 1051 2997 ἀναιρεθεὶς
1089 2927 1184 2981 καί¹
1212 2927 1373 2999 μέχρι
1411 2928 1503 2981 τοῦ
1537 2928 1632 2981 νῦν
1661 2927 1845 2999 ᾅδεται
1876 2927 2028 2998 παρά

356 3014 468 3073 10?;
492 3013 744 3066 ἀπάντων
767 3014 1015 3083 στόμασι,
1040 3015 1132 3068 καὶ
1147 3016 1601 3087 άνακηρύττεται,
1620 3016 1715 3070 καὶ
1744 3015 2031 3084 στεφανοῦ-

357 3116 470 3162 ται,
499 3100 574 3162 ὡς
602 3099 698 3169 τῆς
749 3099 1001 3170 ἀληθείας
1034 3103 1451 3174 πρωτόμαρτυς,
1484 3102 1733 3173 καθάπερ
1767 3103 1900 3174 φησί
1936 3103 2031 3157 καί⁵

358 3186 390 3239 ό
431 3186 698 3256 μακάριος
738 3186 981 3251 Παῦλος’
1026 3189 1361 3243 Ἆποθανὼν
1401 3192 1571 3244 Ἅϐελ
1611 3190 1699 3245 ἐτι
1735 3189 1929 3245 λαλεῖ.
1970 3190 2031 3242 '0

360 3272 421 3325 δὲ
445 3272 647 3326 ἀνελὼν
678 3275 773 3327 καί⁵
805 3274 925 3328 τότε
963 3275 1061 3345 μὲν
1098 3276 1453 3348 ἐλεεινότερον
1484 3278 1699 3331 πάντων
1730 3276 2031 3350 ἀνθρώπων

364 3358 481 3430 βίον
512 3360 571 3424 ες
578 3378 628 3431 η,
661 3362 798 3432 μετά
820 3362 875 3415 δὲ
904 3362 1077 3415 ταῦτα
1109 3364 1258 3434 παρά
1284 3366 1500 3417 πάντων
1527 3367 1646 3426 ταῖς
1676 3365 2033 3436 κατηγορίαις

364 3448 640 3518 βάλλεται,
672 3450 765 3502 καί
801 3450 876 3512 ὠς
911 3449 1192 3520 βδελυκτός
1230 3450 1382 3521 παρά
1412 3450 1487 3522 τῷ
1519 3451 1637 3523 Θεῷ
1665 3453 1759 3505 καὶ
1788 3469 2032 3523 κατηρα-

368 3536 527 3606 μένος
558 3536 663 3589 ὑπὸ
704 3536 806 3606 τῆς
841 3537 991 3601 θείας
1050 3537 1272 3608 Γραφῆς
1314 3538 1906 3610 παραδειγματίζεται·
1940 3540 2035 3593 καὶ

363 3626 534 3678 ταῦτα
569 3625 668 3696 μὲν
698 3626 755 3679 ἐν
782 3624 859 3696 τῷ
910 3626 1135 3697 παρόντι
1164 3626 1257 3679 καὶ
1297 3628 1787 3699 συγκαταλυομένῳ
1812 3627 1911 3699 βίῳ
1929 3644 1943 3659 ο
1968 3629 2035 3683 τά

363 3714 421 3766 δὲ
450 3714 507 3767 ἐν
525 3712 603 3784 τῷ
627 3712 873 3785 μέλλοντι
893 3714 1047 3768 αἰῶνι
1067 3714 1371 3785 ἀπαντῆσαι
1393 3714 1720 3788 ἀμφοτέροις
1732 3715 2033 3787 ὀφείλοντα,

367 3801 837 3874 καὶκαταλλήλως
857 3799 1071 3873 ἑκάστῳ
1097 3803 1197 3873 τῆς
1229 3802 1424 3856 ἑαυτοῦ
1459 3803 1711 3874 πράξεως
1739 3803 2036 3858 ἀπολαϐεῖν

366 3857 519 3960 παβά
546 3888 641 3942 τοῦ
667 3857 876 3945 δικαίου
906 3857 1115 3958 κριτόῦ,
1142 3857 1227 3953 τίς
1256 3890 1413 3959 λόγος
1442 3857 1791 3965 πάρει’στῆέςαι
1818 3892 2039 3967 δυνήσε-

364 3993 483 4041 ται,
514 3976 549 4048 ἢ
577 3977 647 4030 τὰ
681 3977 882 4046 ἀγαθά,
916 3978 950 4051 ἢ
988 3979 1057 4032 τά
1090 3979 1341 4042 ἐναντίας
1376 3979 1491 4033 Οὐκ
1516 3980 1662 4033 ἐστιν
1684 3981 1879 4045 οὐδεὶς,
1914 3980 2037 4034 οὗτε

367 4065 438 4119 τά
463 4066 694 4135 χρηστὰ,
718 4066 842 4118 οὔτε
876 4067 945 4119 τά
969 4066 1209 4139 λυπηρά.
1238 4068 1347 4121 Καὶ
1385 4068 1493 4139 γάρ
1524 4070 1729 4124 ἐκεῖνον
1757 4071 1855 4141 μὲν
1884 4072 1918 4142 ή
1948 4070 2042 4141 βα-

372 4152 545 4205 σιλεία
595 4152 705 4205 τῶν
745 4152 1008 4224 οὐρανῶν,
1042 4154 1136 4208 καὶ
1186 4154 1395 4208 αἰιῦνιοι
1426 4154 1644 4227 σκηναὶ,
1690 4157 1785 4210 καὶ
1812 4159 1861 4211 οἰ
1891 4159 2042 4231 χοροί¹

373 4240 746 4311 πατριαρχῶν,
779 4241 1075 4312 προφητῶν
1119 4258 1180 4295 τε
1214 4243 1307 4297 καί⁴
1333 4241 1666 4309 ἀποστόλων,
1702 4244 1796 4300 καὶ
1823 4245 2041 4300 πάντων

370 4327 480 4381 τῶν
523 4328 693 4395 ἁγίων
747 4327 773 4367 ἀ
827 4328 1015 4399 ὅμιλος
1044 4326 1390 4392 ὑποδέξονται
1433 4330 1928 4399 συμϐασιλεύσοντα
1962 4334 2042 4397 εἰς

371 4414 574 4478 αἰῶνας
605 4414 991 4485 άτελευτήτους
1018 4415 1097 4487 τῷ
1137 4415 1347 4485 βασιλεῖ
1374 4417 1593 4489 Χριστῷ
1628 4418 1821 4490 Ἰησοῦ,
1849 4419 1927 4490 τῷ
1946 4419 2041 4475 τοῦ

372 4500 526 4575 [I70]
559 4502 693 4556 Θεοῦ
727 4506 1006 4573 μονογενεῖ
1040 4503 1152 4574 Υἰῴ
1188 4503 1280 4557 καὶ
1313 4504 1430 4575 Θεῷ
1456 4523 1469 4536 ο
1494 4505 1680 4561 τοῦτον
1711 4506 1767 4562 δὲ
1791 4508 1825 4578 ή
1851 4508 2042 4576 γέεννα

370 4595 467 4649 τοῦ
507 4595 675 4667 πυρὸς
709 4597 802 4650 καὶ
844 4596 913 4649 τά
950 4596 1085 4652 ἀλλα
1125 4597 1338 4651 ἅπαντα
1378 4597 1619 4653 ἀθάνατα
1650 4598 2044 4670 βασανιστήρια

372 4683 702 4749 διαδέξονται
723 4686 803 4748 εἰς
833 4683 1035 4748 αἰῶνας
1081 4684 1417 4755 ἀπεράντους
1440 4685 1873 4756 τιμωρούμενον,
1904 4685 2042 4756 μετά

374 4772 470 4825 καὶ
494 4772 711 4825 πάντων
732 4772 839 4826 τῶν
866 4771 934 4825 τά
967 4773 1324 4843 παραπλήσια
1355 4772 1501 4843 αύτῷ
1544 4772 1921 4844 πεπραχότων,
1950 4774 2045 4826 καὶ

379 4860 611 4931 μάλιστα
633 4862 756 4925 τοὺς
795 4861 931 4931 μετά
964 4860 1136 4914 ταῦτα
1159 4864 1274 4925 τοῖς
1303 4860 1597 4931 αἰσχίστοις
1629 4860 1855 4917 πάθεσιν
1891 4861 2043 4916 ἀλόν-

374 4966 493 5013 τας,
557 4950 666 5020 ὅσῳ
714 4950 809 5001 καὶ
844 4949 1046 5019 μείζων
1086 4950 1118 5018 ή
1157 4949 1397 5020 τιμωρία
1427 4948 1576 5020 παρὰ
1607 4949 1699 5001 τοῦ
1732 4947 1910 5002 κοινοῦ
1948 4950 2042 5003 Δεο

378 5038 575 5091 σπότου
636 5038 947 5109 ἐκφέρεται.
986 5038 1182 5090 Ἀκουε
1231 5037 1337 5106 γάρ
1380 5036 1473 5090 τοῦ
1529 5037 1796 5108 μακαρίου
1832 5035 2044 5090 Παύλου

375 5126 657 5193 λέγοντος·
705 5127 877 5182 Ὅσοι
899 5127 1008 5199 γὰρ
1069 5126 1304 5195 ἀνόμως
1348 5125 1633 5195 ἥμαρτον,
1683 5125 1919 5196 ἀνόμως
1947 5124 2047 5179 καί

378 5213 747 5269 ἀπολοῦνται
768 5233 782 5245 ·
805 5216 1103 5281 τουτέστιν,
1133 5214 1501 5290 ἐλαφροτέραν
1530 5215 1924 5286 ύποστήσονται
1946 5212 2045 5285 τὴν

442 5377 691 5454 {comit}.
717 5381 744 5429 δ
767 5382 1036 5454 εἰργάσατο,
1065 5385 1146 5454 καὶ
1167 5387 1198 5441 ἡ
1223 5384 1366 5454 μανία
1386 5384 1449 5454 εἰς
1473 5382 1694 5454 τὼβίδιον
1716 5380 1931 5454 ἀδελφόν.
1964 5379 2045 5428 In-

380 5440 455 5507 !!!
469 5442 598 5489 idem
616 5443 694 5507 61::
712 5440 897 5505 πρῶτος
919 5446 1001 5492 τὸν
1025 5440 1167 5503 ’φόνον
1192 5440 1369 5494 καὶτὸν
1389 5446 1538 5507 βίαιον
1561 5447 1755 5507 θάνατον
1774 5440 2040 5507 εἰσήγαγεν,

378 5502 597 5568 ἕϐδομον.
615 5501 642 5538 δ
654 5501 856 5568 Septem
869 5518 985 5568 _mss.
1000 5501 1327 5568 διαλεγομένου
1346 5501 1425 5555 καὶ
1435 5507 1666 5567 λέγοντος.
1681 5508 1705 5537 θ
1718 5501 2045 5568 (Σοὶεὶὶαίειιιιε

378 5562 535 5641 ωᾳςι
560 5564 636 5636 [να
663 5562 983 5641 μὴ’,τοιιαύτηνὶ
1007 5562 1199 5641 δέξηται
1216 5569 1479 5641 τιμωρίαν..
1498 5562 2044 5641 ’ξύχαριστήσωμενιοῦν

378 5626 461 5691 καί
481 5626 618 5691 ἡμεῖς
632 5628 701 5687 τῷ
725 5626 886 5691 ἀγαθῷ
907 5630 987 5675 καί
1009 5626 1316 5691 φιλανθρώπιρ
1333 5626 1442 5691 Θεῷ
1457 5626 1613 5691 ἡμῶν,
1634 5626 1706 5676 ὃτι
1725 5626 2041 5691 αύτῷπρέπει

379 5646 461 5674 ιιι
481 5646 615 5684 ημιις
632 5646 701 5687 τῳ
725 5646 886 5687 αγαυῳ
907 5646 987 5675 και
1009 5646 1316 5691 φιλανῠρωπῳ
1333 5646 1442 5691 (mp
1457 5646 1613 5736 ημων,
1634 5646 1706 5676 οτι
1725 5646 1855 5689 αντῳ
1874 5646 2041 5689 πρεπει

379 5686 512 5759 ἒάεαο
534 5688 850 5759 κράτοεο.τιμὴ
871 5691 950 5759 ινξιὲ
973 5689 1307 5759 προσεύγησιςς
1331 5688 1410 5759 γῐιν
1434 5707 1496 5759 ια
1532 5690 1623 5759 άιὲο
1646 5692 1727 5759 κεί
1753 5690 1945 5759 ςὲςεοὺς
1964 5692 2041 5739 αι-

382 5748 506 5804 an;
536 5748 630 5794 τῶν
662 5749 846 5797 αἰώνων
904 5748 1068 5810 Ἀμήν.
1106 5749 1401 5801 lnlermedia
1422 5751 1618 5801 desunt.
1685 5749 1713 5789 ιι
1750 5750 1886 5803 Colb.
1913 5765 2039 5806 unus

383 5810 464 5860 καὶ
493 5814 582 5869 πᾶς
612 5812 640 5858 ι
660 5812 754 5858 τῶν
784 5810 946 5870 άγίων.

1106 244 1164 303 s.
1194 243 1481 303 JOANNIS
1512 208 2008 305 cunvsosmm
2046 246 2365 305 ARCIIIEP.
2396 246 2605 308 cous1

1443 244 1481 302 ε
1512 208 2008 305 οιιιιγδοετοιιι
2046 246 2365 305 Αιιοιιιει).
2396 246 2942 309 CONSTANTINOP.

3666 243 3767 298 166

2097 365 2387 438 τιμωρίαν,
2440 367 2528 422 διά
2561 368 2623 422 16
2658 368 2734 440 μή
2775 368 2919 437 ἔχειν
2962 364 3183 436 ἔλεγχον
3214 363 3311 435 τὴν
3339 374 3363 404 ο
3389 362 3453 416 ἐκ
3479 360 3572 415 τοῦ
3598 359 3768 429 νόμου

2095 450 2322 523 ἀπειλήν
2358 471 2418 506 τε
2456 454 2550 508 καὶ
2573 454 2854 525 διόρθωσιν
2872 471 2885 483 ·
2916 452 3024 507 Καί
3051 450 3269 505 ὄσοιὲν
3293 451 3454 519 νόμῳ
3476 448 3768 518 ἥμαρτον.

2096 536 2192 591 διὰ
2216 542 2402 609 νόμου
2446 541 2851 608 κριθήσονται.
2895 532 3054 593 Οὗτοι
3097 538 3179 605 δὲ,
3207 536 3391 607 φησὶν,
3426 538 3476 589 οἰ
3505 536 3601 589 καί
3633 549 3749 605 μετ.

2095 624 2193 696 τὴν
2216 629 2278 680 ἐκ
2298 626 2390 680 τοῦ
2419 628 2581 697 νόμου
2606 628 2853 700 βοήθειαν
2877 626 2946 681 τά
2970 626 3110 680 αύτά
3138 625 3368 688 ἐκείνοις
3400 622 3747 697 πεπραχότες

2101 713 2405 786 βαρυτέρας
2435 716 2528 769 καὶ
2560 715 2965 787 ἀφορητοτέρας
2998 712 3330 782 ὑπομένουσι
3363 712 3458 764 καί
3485 710 3585 773 τάς
3612 709 3752 763 κολά

2101 817 2234 864 σεις.
2275 803 2384 855 Καὶ
2424 803 2569 872 μάλα
2606 803 2828 867 εἰκότως
2850 817 2864 831 ·
2901 804 2983 856 ὅτι
3017 800 3139 853 οὔτε
3164 801 3192 852 6
3213 798 3395 871 νόμος,
3417 795 3540 851 οὔτε
3572 797 3637 850 τὸ
3664 796 3751 849 ἐτέ

2104 905 2230 959 ρους
2262 890 2390 943 ἰδεῖν
2436 890 2711 954 τοσούτοις
2746 892 2933 953 κακοῖς
2964 887 3365 959 ὑποϐληθέντας
3399 884 3750 955 σωφρονεστέ

2104 993 2231 1047 ρους
2261 979 2456 1041 αὐτοὺς
2488 977 2522 1049 ἢ
2576 978 3013 1047 ἐπιεικεστέρους
3044 976 3435 1047 ἀπειργάσατο.
3467 972 3560 1026 Διὸ
3599 988 3769 1042 παρα.

2104 1064 2399 1124 καλῶ,κᾶν
2431 1065 2559 1134 γοῦν
2589 1066 2697 1120 ἀπὸ
2742 1064 2833 1118 τοῦ
2886 1064 2982 1117 νῦν
3039 1066 3152 1127 τοῖς
3197 1062 3396 1133 ἐτέρων
3442 1059 3775 1128 παιδεύμασι

2107 1152 2527 1222 σωφρονίσωμεν
2587 1153 2831 1217 ἑαυτοὺς,
2860 1152 2955 1206 καὶ
2982 1152 3070 1205 τὸν
3100 1151 3214 1221 βίον
3236 1150 3327 1203 τὸν
3352 1149 3561 1203 ἑαυτῶν
3588 1146 3777 1199 ἰθύνω⁴

2110 1256 2209 1309 μεν
2232 1238 2367 1311 πρὸς
2393 1240 2492 1310 τὴν
2518 1239 2611 1293 τοῦ
2643 1238 2843 1312 Κυρίου
2866 1238 3166 1309 ὑποταγὴν,
3199 1239 3310 1299 τοῖς
3336 1234 3500 1289 αὐτοῦ
3526 1234 3777 1288 ὑπείκον-

2104 1344 2199 1391 τες
2230 1328 2447 1397 νόμοις*
2485 1329 2579 1382 καὶ
2620 1330 2758 1400 μήτε
2820 1328 3035 1397 φθόνος,
3079 1328 3213 1398 μήτε
3256 1324 3542 1395 βασκανία,
3586 1323 3777 1393 μήτεό

2107 1413 2216 1468 τῶν
2268 1414 2536 1483 σωμάτων
2566 1414 2726 1486 ἔρως,
2777 1416 2915 1485 μήτε
2949 1418 2984 1485 ή
3008 1415 3101 1467 τοῦ
3132 1413 3397 1483 παρόντος
3420 1413 3534 1481 βίου
3568 1410 3700 1475 δόξα
3726 1427 3777 1461 τε

2110 1501 2205 1554 καὶ
2227 1501 2534 1568 δυναστεία,
2580 1502 2717 1573 μήτε
2773 1504 2806 1573 ή
2838 1502 2937 1572 τῆς
2984 1501 3218 1571 γαστρὸς
3253 1500 3433 1572 ἡδονὴ,
3468 1500 3611 1568 μήτε
3648 1497 3775 1565 ἀλλη

2110 1608 2194 1657 τις
2244 1590 2442 1656 ἄτοπος
2477 1592 2740 1662 ἐπιθυμία
2796 1590 3237 1662 κατακυριευέτω
3279 1587 3435 1658 ήμῶν
3472 1586 3583 1639 τῶν
3626 1587 3690 1637 ἐν
3719 1589 3777 1653 τῇ

2110 1678 2257 1749 ψυχῇ
2279 1676 2551 1748 λογισμῶν
2576 1693 2590 1707 ·
2621 1678 2735 1733 ἀλλ’
2762 1678 3166 1749 ἐκκαθάραντες
3200 1675 3423 1737 ἐαυτοὺς
3465 1673 3576 1727 ἀπὸ
3605 1674 3778 1741 πάσης

2116 1766 2260 1830 ἰλύος
2286 1766 2381 1820 καὶ
2414 1764 2620 1837 τύρϐης
2655 1765 2934 1835 βιωτικῆς,
2961 1765 3055 1819 καὶ
3099 1763 3268 1817 πολλά
3294 1763 3501 1834 χαίρειν
3535 1760 3778 1822 εἰπόντες

2112 1856 2226 1919 τοῖς
2262 1853 2561 1924 αἰσχίστοις
2588 1854 2683 1907 καὶ
2707 1852 3075 1915 ἀτοπωτάτοις
3096 1851 3292 1907 πάθεσι
3320 1850 3455 1920 πρὸς
3482 1848 3584 1919 τὴν
3610 1865 3779 1918 μακα-

2117 1941 2240 2013 ρίαν
2256 1940 2470 2012 ἐκείνην
2490 1938 2635 2011 ζωὴν
2654 1939 3016 2011 ὲπειχθῶμεν,
3041 1937 3170 1993 καὶ(
3201 1937 3268 1991 τά
3291 1937 3579 2008 ἀπόρρητα
3605 1936 3779 2005 ἀγαθᾶ

2115 2030 2152 2084 ἀ
2186 2030 2481 2102 ἡτοίμασεν
2522 2030 2553 2083 6
2610 2028 2742 2093 Θεὸς
2773 2030 2885 2094 τοῖς
2917 2027 3205 2097 ἀγαπῶσιν
3238 2025 3398 2080 αὐτόν
3422 2042 3434 2055 ·
3471 2018 3547 2080 ὧν
3576 2024 3779 2093 γένοιτο

2118 2119 2325 2184 πάντας
2359 2120 2509 2190 ἡμᾶς
2556 2116 2876 2188 ἀξιωθῆναι,
2925 2118 3107 2188 χάριτι
3161 2116 3257 2169 καὶ
3284 2112 3669 2185 φιλανθρωπία
3694 2111 3779 2165 τοῦ

2118 2207 2324 2278 Κυρίου
2369 2206 2525 2277 ἡμῶν
2568 2205 2742 2275 Ἰησοῦ
2792 2203 3052 2276 Χριστοῦ,
3092 2203 3212 2276 μεθ’
3239 2195 3301 2256 οῦ
3336 2202 3415 2273 τῷ
3439 2202 3641 2273 Πατρὶ,
3672 2202 3779 2269 ἅμα

2116 2292 2196 2365 τῷ
2221 2293 2362 2366 άγίῳ
2400 2291 2678 2364 Πνεύματι
2701 2290 2848 2358 δόξα,
2876 2291 3099 2361 κράτος,
3129 2288 3285 2361 τιμὴ,
3314 2289 3409 2343 νῦν
3445 2289 3536 2341 καὶ
3568 2287 3779 2353 ἀεὶ,καί

2121 2383 2198 2446 εἰς
2222 2383 2349 2447 τοὺς
2370 2380 2573 2445 αἰῶνας
2601 2379 2713 2434 τῶν
2740 2378 2969 2435 αἰώνων.
3005 2378 3202 2450 ’Δμήν.

2772 2487 3014 2544 OMIAIA
3050 2490 3135 2542 K’.

2135 2595 2389 2665 Ἐεῆλθε
2457 2595 2527 2649 δὲ
2588 2593 2739 2665 Κάιν
2778 2594 2917 2665 ἀπὸ
2957 2594 3287 2665 προσώπου
3324 2593 3431 2647 τοῦ
3481 2590 3659 2665 Θεοῦ,
3678 2589 3779 2665 3a!

2194 2660 2436 2735 ᾤκησεν
2460 2667 2530 2721 ὲν
2571 2664 2652 2734 γῇ
2680 2663 2831 2719 Ναῒδ
2859 2664 3172 2719 κατέναντι
3201 2664 3394 2734 Ἐδὲμ,
3415 2662 3507 2716 καὶ
3532 2662 3606 2717 τὰ
3642 2660 3763 2729 ἑξῆς

2192 2779 2262 2826 α’.
2274 2772 2411 2842 Φέρε
2427 2771 2588 2826 πάλιν
2616 2770 2715 2840 τῆς
2743 2767 3063 2833 ἀκολουθίας
3079 2768 3145 2838 σή
3155 2785 3218 2839 με
3226 2785 3317 2839 ρον
3332 2767 3439 2820 τῶν
3454 2764 3779 2833 ἀνεγνωσμέ-

2125 2882 2233 2918 νων
2273 2864 2558 2934 άψάμενοι,
2610 2858 2858 2914 ἐντεῦθεν
2888 2860 3015 2930 ὑμῖν
3045 2858 3145 2928 τὴν
3162 2855 3506 2911 διδασκαλίαν
3529 2852 3780 2925 παραθῶ-

2130 2969 2250 3023 μεν,
2300 2952 2393 3005 καὶ
2430 2952 2494 3004 ἐκ
2537 2950 2637 3021 τῆς
2686 2948 2871 3019 βίϐλου
2919 2946 3015 3000 τοῦ
3056 2945 3326 3017 μακαρίου
3375 2942 3655 3006 Μωῦσέως
3700 2943 3779 3011 rip

2128 3039 2331 3110 συνήθη
2361 3036 2591 3103 διάλεξιν
2630 3034 2767 3107 πρὸς
2812 3035 2956 3106 ὑμᾶς
2991 3032 3368 3104 ποιησώμεθα,
3409 3031 3613 3102 μᾶλλον
3642 3030 3701 3083 δὲ
3734 3030 3780 3081 ἐκ

2126 3128 2235 3182 τῶν
2263 3125 2359 3181 τοῦ
2401 3125 2717 3197 Πηνεύματος
2755 3122 2973 3192 λογίων,
3001 3120 3145 3195 άπερ
3173 3119 3262 3174 διὰ
3281 3123 3381 3191 τῆς
3411 3118 3601 3173 τούτου
3622 3119 3777 3186 γλώτ·

2128 3233 2227 3286 της
2258 3215 2403 3285 ἡμᾶς
2450 3211 2686 3277 ἐδίδαξεν
2718 3211 2751 3281 ή
2789 3209 2906 3263 θεία
2949 3208 3128 3280 χάρις.
3178 3207 3316 3261 Ἀλλ’
3340 3207 3427 3260 ἶνα
3467 3206 3778 3277 σαφέστερα

2130 3302 2258 3373 ύμῖν
2282 3301 2504 3369 γένηται
2537 3301 2565 3351 6
2592 3298 2769 3365 λόγος,
2818 3297 3111 3365 ἀναγκαῖον
3139 3293 3449 3365 ὑπομνῆσαι
3481 3293 3580 3363 τὴν
3607 3294 3778 3364 ύμετέ·

2134 3408 2231 3463 ραν
2261 3389 2485 3459 ἀγάπην
2512 3387 2622 3441 τῶν
2654 3386 2757 3458 ήδη
2800 3385 3093 3456 ῥηθέντων,
3129 3384 3226 3437 καὶ
3253 3383 3384 3437 ὅπου
3418 3381 3512 3453 τὴν
3537 3382 3778 3436 διδασκα·

2130 3478 2249 3532 λίαν
2305 3474 2700 3546 κατελύσαμεν,
2748 3474 2836 3526 ἵνα
2893 3472 3101 3526 ἐκεῖθεν
3134 3470 3302 3541 αὐτὴν
3330 3470 3567 3541 σήμερον
3600 3470 3775 3523 ἀναλαε

2133 3565 2336 3629 ϐόντες,
2359 3561 2501 3616 οὓτω
2532 3562 2631 3632 τῆς
2650 3560 2823 3632 ἀρχῆς
2854 3558 2965 3612 τῶν
2996 3557 3420 3627 ἀνεγνωσμένων
3448 3554 3721 3627 ἁψώμεθα
3752 3558 3770 3595 ⁸

2136 3651 2278 3705 ἰστε
2304 3651 2413 3723 γάρ
2438 3651 2519 3703 ὅτι
2569 3648 2668 3720 τήν
2698 3648 2840 3702 κατά
2876 3646 2967 3700 τὸν
2996 3645 3163 3699 Ι’Λϐελ
3197 3644 3448 3699 ὑπόθεσιν
3481 3645 3776 3713 κινήσαντει

2133 3741 2447 3810 ἐδείκνυμεν
2464 3734 2717 3802 ἐξαύτῶν
2736 3735 2845 3788 τῶν
2864 3733 3265 3804 γεγενημένων,
3291 3734 3384 3787 καὶ
3405 3732 3462 3799 ἐξ
3486 3725 3776 3787 ἆνέκαστει

2134 3830 2231 3893 τὰς
2254 3828 2444 3891 θυσίας
2478 3824 2661 3881 αὐτῶν
2692 3824 3037 3896 προσήνεγκε
3064 3821 3141 3892 τῷ
3177 3820 3328 3894 [ΓΗ]
3362 3820 3627 3891 Δεσπότῃ,
3658 3822 3776 3873 ὅπω

2136 3918 2377 3986 ἔγκειται
2401 3916 2468 3986 τῇ
2495 3912 2740 3985 ήμετέρᾳ
2768 3910 2925 3980 φύσει
2961 3912 2993 3980 ή
3033 3908 3236 3979 γνῶσις
3255 3908 3364 3963 τῶν
3394 3908 3685 3978 πρακτέων
3714 3924 3773 3959 κα

2134 4005 2245 4057 τῶν
2278 4003 2352 4075 μὴ
2379 4000 2684 4075 πρακτέων,
2714 4000 2809 4053 καὶ
2834 3999 2917 4053 ὅτι
2943 3996 3323 4062 αύτεξουσίους
3344 3996 3491 4067 ήμᾶς
3513 3996 3774 4067 εἰργάσαο

2134 4094 2164 4147 6
2202 4092 2313 4147 τῶν
2332 4091 2585 4146 ἀπάντων
2604 4088 2954 4161 δημιουργὸς,
2989 4086 3085 4142 καὶ
3105 4084 3380 4155 πανταχοῦ
3406 4084 3513 4140 ἀπὸ
3539 4086 3641 4155 τῆς
3670 4083 3774 4152 γνῶ

2142 4200 2248 4254 μης
2297 4182 2396 4251 τῆς
2425 4177 2701 4251 ἡμετέρας
2739 4176 2773 4246 ἢ
2813 4174 3149 4245 κατακρίνει,
3190 4174 3225 4244 ἢ
3268 4174 3519 4241 στεφανοῖ
3548 4172 3681 4242 (ἀπὸ
3699 4172 3774 4238 γά,

2136 4266 2340 4336 ταύτης
2371 4263 2466 4317 τοῦ
2519 4263 2617 4332 μὲν
2676 4259 2983 4330 ἀπόϐλητος
3004 4258 3225 4327 γέγονεν
3252 4259 3285 4329 ή
3314 4256 3497 4319 θυσία,
3522 4256 3621 4309 τοῦ
3651 4256 3710 4308 δὲ
3740 4272 3771 4307 τέ

2138 4354 2285 4425 δῶρα
2307 4348 2686 4423 προσεδέχθη),
2719 4347 2813 4400 καὶ
2832 4348 2917 4402 ὅτι
2935 4344 3183 4402 ἐντεῦθεν
3204 4344 3316 4397 ὑπὸ
3332 4344 3633 4415 βασκανίας
3660 4359 3771 4412 xm;

2138 4440 2252 4504 θεὶς
2309 4442 2338 4492 6
2386 4437 2528 4493 Κάῖν
2579 4436 2676 4491 ἐπὶ
2717 4436 2811 4489 τὸν
2835 4432 2929 4487 τοῦ
2976 4430 3205 4502 ἀδελφοῦ
3234 4432 3403 4501 φόνον.
3429 4430 3683 4501 ὥρμησε,
3715 4446 3772 4483 κα

2142 4527 2283 4599 μετά
2322 4525 2420 4597 τὴν
2462 4523 2680 4581 ἀνοσίαν
2710 4520 2915 4593 ταύτην
2946 4519 3165 4591 πρᾶξιν,
3208 4517 3527 4589 βουλομένου
3551 4517 3650 4571 τοῦ
3674 4514 3772 4570 Θεό

2142 4610 2540 4669 ἐκκαλέσασθαι
2563 4610 2723 4663 αὐτὸν
2743 4610 2822 4672 εἰς
2844 4606 3229 4678 ἐξομολόγησιν
3252 4605 3361 4659 τῶν
3380 4604 3769 4676 ἡμαρτημένως

2140 4703 2261 4756 ούδέ
2301 4699 2446 4755 οὕτω
2477 4698 2545 4752 16
2586 4697 2877 4768 φάρμακον
2905 4695 3006 4764 τῆς
3037 4693 3274 4764 ἰατρείας
3304 4692 3539 4757 ἐδέξατο,
3566 4692 3706 4747 ἀλλὰ
3732 4690 3769 4757 τί

2145 4788 2377 4863 μυσαρῷ
2428 4786 2621 4857 ἐκείνῳ
2655 4785 2801 4856 φόνῳ
2838 4784 2905 4838 16
2922 4783 3118 4853 ψεῦδος
3170 4781 3410 4852 συνάψας
3433 4781 3533 4852 τὴν
3565 4780 3769 4851 χαλεπὴ

2140 4878 2359 4947 ἐκείνην
2406 4872 2677 4946 τιμωρίαν
2725 4870 3095 4938 ἐπεσπάσατο,
3123 4872 3215 4923 καὶ
3248 4869 3453 4940 γυμνὸν
3484 4868 3579 4922 καὶ
3606 4868 3770 4939 ἔρημα

2142 4966 2333 5022 ἐαυτὸν
2360 4963 2664 5032 κατέστησε
2692 4961 2791 5031 τῆς
2816 4959 3022 5014 ἀνωθεν
3046 4958 3239 5029 ῥοπῆς,
3259 4958 3565 5029 ὑπόδειγμα
3596 4971 3767 5027 σωφρι

2142 5052 2337 5124 νισμοῦ
2374 5053 2507 5107 πᾶσι
2552 5054 2666 5113 τοῖς
2692 5049 2832 5120 μετά
2864 5046 3036 5101 ταῦτα
3060 5045 3437 5117 προκείμενος,
3465 5046 3562 5098 καὶ
3598 5046 3687 5098 διά
3713 5044 3767 5111 τῆ

2145 5140 2495 5211 ἀποφάσεως,
2517 5133 2586 5211 ἧς
2613 5136 2854 5201 ἐδέξατο,
2902 5134 3066 5189 παντί
3084 5130 3178 5205 ’τῷ
3206 5134 3314 5189 τῶν
3339 5133 3643 5205 ἀνθρώπων
3665 5132 3768 5199 γένι

2143 5229 2541 5299 διαλεγόμενος,
2591 5226 2686 5279 καὶ
2735 5224 3017 5296 μονονουχί⁵
3069 5221 3207 5292 βοῶν
3256 5223 3348 5275 καὶ
3382 5221 3555 5290 λέγων
3575 5238 3590 5252 ⁸
3623 5222 3768 5292 μηδει

2145 5318 2297 5391 ὑμῶν
2345 5315 2584 5371 τοιοῦτόν
2628 5331 2681 5367 τι
2712 5312 2958 5384 τολμήσῃ
2991 5311 3142 5375 ποτὲ,
3176 5311 3265 5365 ἵνα
3300 5309 3375 5381 μὴ
3408 5311 3520 5373 τοῖς
3549 5310 3767 5363 τοιούτοι

2144 5406 2438 5479 περιπέσῃ.
2471 5403 2651 5458 Είδετε
2673 5400 2942 5454 Δεσπότου
2974 5399 3401 5471 φιλανθρωπίαν,
3428 5399 3579 5463 ὅπως
3603 5396 3690 5451 διά
3714 5396 3766 5465 τῆ

2142 5500 2221 5556 εἰς
2245 5497 2452 5550 ἐκεῖνον
2469 5490 2739 5562 τιμωρίας
2761 5488 2861 5543 οὐκ
2886 5490 3094 5541 ἐκεῖνον
3115 5488 3275 5559 μόνον
3300 5487 3633 5558 σωφρονίσαι
3655 5485 3766 5557 ήόοι

2203 5693 2228 5754 ε
2251 5688 2348 5754 S_ex
2383 5698 2497 5742 mss.
2533 5689 2587 5733 et
2615 5681 2763 5754 ngjl.
2792 5682 2915 5754 ἔχειν
2936 5680 3234 5754 ἔλεγχρνὶτήν
3248 5678 3423 5754 μοι’θί.
3444 5678 3711 5754 ¹ἐλέγχοντα

2209 5749 2228 5787 ί
2267 5750 2390 5807 Reg.
2426 5759 2556 5797 unus
2587 5746 2669 5793 καὶ
2698 5742 3012 5807 ἀπολάϐωμεν
3034 5745 3093 5789 τὰ
3114 5742 3393 5807 ἀπόρρητα.-
3442 5743 3467 5781 ε
3519 5742 3647 5804 Heg.
3692 5749 3764 5799 ιιιι

2209 5762 2225 5787 ¹
2267 5762 2338 5798 ne
2378 5784 2390 5796 .
2426 5762 2556 5797 unus
2587 5762 2669 5793 και
2698 5762 3012 5807 απολαοωμεν
3034 5762 3093 5789 τα
3114 5762 3372 5852 «mw-ru.
3442 5762 3467 5781 υ
3519 5762 3588 5789 nt-

2143 5813 2229 5873 τήν
2254 5762 2403 5874 ἀρχξν
2429 5826 2473 5857 τ.
2496 5810 2570 5857 ἀν.
2595 5808 2890 5869 ποιήσωμεν,
2916 5812 2969 5855 cl.
2989 5817 3099 5855 mox
3129 5802 3189 5854 ’Δ
3226 5819 3245 5853 ι
3266 5838 3274 5851 .
3306 5803 3592 5866 ὑπόμνησιν.
