3796 6244
101 240 203 303 165

104 392 219 433 tum
240 377 259 409 ⁸
278 411 296 441 ,
320 370 469 443 quod
495 372 716 432 fratrem
737 375 933 432 occidit
959 375 1147 433 eodem
1191 393 1259 434 ex
1300 388 1451 435 utero
1478 392 1707 450 progna-

100 477 236 520 tum.
254 462 504 531 Sextum,
526 466 669 538 quod
694 467 898 538 primus
923 467 1086 523 ctedis
1110 469 1379 538 specimen
1401 468 1713 524 introduxit.

100 551 428 627 Septimum,
450 556 594 627 quod
620 567 836 629 rogatus
862 572 893 612 a
920 559 1051 623 Deo,
1076 559 1289 614 mentiri
1317 559 1391 614 illi
1419 574 1581 613 ausus
1606 568 1711 615 est.

102 642 242 700 Dicit
270 643 441 715 igitur
476 663 490 700 :
521 646 623 715 Qui
653 656 705 703 te
732 647 979 704 occidere
1010 650 1325 717 tentaverit,
1356 663 1564 719 septem
1595 642 1713 703 ma;

106 737 266 797 simis
292 738 474 807 panis
500 740 736 811 seipsum
766 757 919 798 reum
948 740 1128 798 faciet.
1158 741 1236 799 Ne
1265 743 1423 815 igitur
1461 743 1563 799 hoc
1594 759 1711 798 me-

102 837 249 882 tuas.
280 828 427 884 Ecce
459 830 601 885 enim
638 840 693 886 et
734 831 944 902 signum
971 832 1024 887 in
1055 841 1107 888 te
1136 848 1277 903 pono
1300 874 1316 901 ,
1350 834 1419 888 ita
1446 842 1505 889 ut
1532 835 1710 889 nullus

98 918 187 987 qui
223 925 278 973 te
308 919 581 975 invenerit
606 921 835 992 ignoret.
863 921 996 978 Nam
1035 925 1137 978 ista
1179 924 1232 978 in
1280 932 1393 980 toto
1435 925 1558 980 vita:
1586 932 1710 980 ‘tute

96 1008 332 1064 decursu
382 1026 670 1067 nervorum
717 1013 979 1069 resolutio
1040 1013 1231 1070 futuris
1276 1016 1708 1086 generationibus

97 1099 246 1154 utilis
274 1101 384 1155 erit
412 1118 426 1155 :
459 1111 513 1157 et
540 1102 591 1157 id
619 1103 761 1174 quod
800 1102 948 1159 solus
990 1104 1136 1159 nullo
1165 1114 1429 1176 praesente
1456 1115 1707 1176 Operatus

98 1206 188 1256 es,
234 1191 345 1248 hoc
392 1193 602 1250 discent
632 1210 820 1251 omnes
846 1197 936 1267 qui
969 1206 1021 1253 te
1058 1207 1358 1268 gementem
1384 1208 1438 1255 et
1468 1208 1706 1254 tremen-

99 1292 200 1338 tem
234 1285 533 1353 videbunt,
570 1295 625 1343 et
662 1288 812 1359 quasi
856 1304 952 1359 per
978 1290 1219 1360 corporis
1263 1299 1549 1347 tremorem
1593 1293 1705 1346 cla-

96 1382 337 1430 mantem
365 1416 383 1442 ,
413 1386 469 1432 et
496 1378 745 1434 omnibus
783 1378 1047 1435 dicentem
1078 1396 1093 1434 :
1124 1380 1313 1436 Nullus
1344 1383 1467 1437 talia
1511 1383 1706 1440 audeat

91 1466 270 1536 qualia
302 1482 429 1538 ego,
461 1477 516 1522 ut
547 1485 613 1524 ne
642 1469 697 1523 in
722 1470 967 1526 eamdem
996 1486 1207 1542 paruam
1235 1472 1434 1528 incidat
1454 1474 1496 1527 ³.

161 1558 219 1615 6.
250 1558 479 1615 Muralis
504 1563 751 1633 epilogus.
780 1593 853 1603 —
897 1563 1024 1619 Haec
1049 1565 1345 1631 audientes,
1369 1565 1702 1637 dilecti,quae

93 1650 235 1705 dicta
273 1660 407 1706 sunt
453 1667 557 1707 non
588 1653 1051 1733 inconsideranter
1082 1666 1573 1727 przetercurramus,
1602 1675 1701 1716 nc-

91 1757 195 1812 quc
241 1742 352 1798 hoc
397 1744 573 1799 solum
625 1754 954 1817 spectemus,
1004 1759 1061 1802 ut
1090 1750 1194 1804 huc
1218 1750 1457 1820 quotidie
1496 1767 1699 1808 conve-

93 1835 296 1891 uiendo
327 1837 596 1906 spirituali
642 1854 826 1894 mensa
852 1838 1093 1896 fruamur
1123 1858 1138 1897 :
1171 1844 1312 1898 nulla
1343 1844 1486 1899 enim
1529 1846 1698 1901 solius

89 1925 310 1981 auditus
355 1927 559 1983 utilitas
601 1927 809 1997 fuerit,
862 1931 964 1987 nisi
1013 1932 1152 1987 adsit
1200 1933 1545 2005 obsequentia
1605 1952 1700 2007 per

89 2031 279 2086 opera.
332 2016 445 2073 Sed
497 2020 792 2087 cogitantes
832 2022 973 2076 unde
1025 2023 1078 2078 in
1126 2023 1229 2079 hoc
1266 2024 1589 2097 inexpiabile
1645 2039 1697 2084 et

89 2124 254 2178 grave
284 2121 570 2180 peccatum
600 2112 730 2167 Cain
760 2114 998 2185 seipsum
1028 2116 1319 2187 impulerit,
1353 2130 1411 2174 ut
1440 2134 1535 2190 per
1558 2122 1696 2177 invi-

86 2205 231 2258 diam
261 2204 320 2260 in
357 2207 630 2276 pr0prium
658 2209 896 2273 fratrem,
928 2211 1017 2281 qui
1045 2212 1176 2267 nihil
1206 2214 1301 2283 ipsi
1343 2216 1465 2269 mali
1497 2216 1694 2272 intule-

90 2307 190 2361 rat,
226 2297 303 2352 ita
351 2300 585 2366 saeviret,
635 2301 742 2355 imo
786 2306 960 2373 ipsum
1006 2305 1294 2374 occideret,
1328 2323 1394 2362 ne
1436 2307 1696 2379 fugiamus

86 2390 318 2445 adversa
374 2401 429 2447 et
478 2393 616 2447 mala
648 2394 776 2462 pati,
818 2395 913 2451 sed
936 2397 1112 2467 potius
1156 2413 1439 2454 caveamus
1465 2415 1532 2455 ne
1575 2401 1694 2457 aliis

90 2483 227 2537 mala
250 2499 358 2557 per
385 2500 484 2538 nos
512 2485 824 2541 inferantur.
849 2488 942 2544 ille
968 2489 1109 2543 enim
1129 2505 1255 2545 vere
1279 2491 1419 2546 malo
1438 2492 1690 2559 al'licitur,

87 2577 173 2644 qui
202 2576 462 2647 proximo
488 2592 587 2632 suo
617 2593 809 2633 nocere
836 2588 1022 2636 tentat.
1060 2581 1125 2635 Et
1151 2591 1208 2636 nt
1233 2598 1417 2638 verum
1443 2582 1545 2639 hoc
1571 2599 1693 2641 esse

85 2667 251 2733 scias,
281 2667 406 2722 vide
434 2667 541 2733 hic,
566 2669 812 2733 obsecro,
836 2671 955 2743 quis
978 2681 1063 2726 cst
1088 2673 1178 2742 qui
1197 2674 1336 2729 mala
1376 2675 1597 2745 patitur,
1621 2691 1688 2731 an

86 2757 175 2826 qui
221 2758 447 2822 occidit,
474 2760 555 2813 vel
602 2759 691 2828 qui
718 2760 1023 2816 occiditur?
1067 2762 1403 2821 Manifestum
1426 2765 1570 2836 quod
1600 2767 1692 2837 qui

84 2847 311 2903 occidit.
352 2848 564 2905 Etenim
596 2852 808 2908 occisus
830 2852 917 2908 ille
947 2869 1115 2925 usque
1140 2854 1207 2910 ad
1240 2866 1421 2913 nostra
1448 2867 1689 2930 tempora

81 2956 180 2996 ore
230 2941 478 2996 omnium
526 2942 858 3009 decantatur,
894 2946 1212 3017 praedicatur
1231 2958 1285 3004 et
1314 2961 1605 3007 coronatur
1633 2962 1691 3007 ιιι

84 3032 337 3087 veritatis
358 3034 564 3103 primus
590 3036 741 3091 testis
781 3055 796 3090 :
825 3038 964 3093 sicut
1000 3039 1127 3095 dicit
1153 3050 1206 3098 et
1232 3040 1418 3103 beatus
1443 3043 1637 3100 Paulus
1665 3063 1680 3101 :

86 3122 337 3201 Mortuus
372 3125 500 3179 Abel
545 3126 714 3182 adimo
764 3128 986 3197 loquitur
1012 3130 1196 3204 (Hebr.
1226 3134 1311 3198 il.
1339 3133 1419 3204 4).
1450 3134 1553 3192 Sed
1597 3137 1687 3209 qui

83 3200 309 3284 occidit,
339 3218 503 3273 etiam
524 3229 648 3275 tunc
669 3220 829 3275 vitam
851 3200 1040 3293 agebat
1066 3225 1508 3285 miserabiliorem
1527 3244 1687 3298 quam

84 3310 233 3365 ullus
287 3310 474 3379 homo,
518 3322 573 3369 et
626 3324 809 3385 postea
849 3316 918 3372 ab
957 3317 1204 3381 omnibus
1251 3320 1395 3383 male
1432 3322 1600 3389 audit,
1632 3332 1690 3379 ιιι

81 3403 474 3460 abominabilis
498 3406 626 3473 Deo,
659 3417 709 3464 et
738 3418 796 3465 ut
820 3410 1134 3467 maledictus
1154 3428 1185 3473 a
1213 3413 1389 3469 divina
1411 3414 1685 3489 Scriptura

83 3495 393 3552 traducitur
419 3515 435 3563 ;
467 3508 521 3554 et
566 3499 669 3557 hoc
695 3501 908 3573 quidem
939 3502 993 3557 in
1035 3506 1283 3575 prmsenti
1305 3507 1432 3573 vita,
1461 3523 1578 3582 qua:
1608 3509 1686 3570 si-

80 3589 199 3643 mul
226 3590 512 3648 intercidet
545 3611 559 3647 :
587 3609 707 3669 qua:
749 3605 930 3655 autem
958 3597 1008 3652 in
1038 3597 1215 3665 futuro
1238 3600 1438 3656 saeculo
1478 3602 1688 3673 utrique

78 3698 381 3738 occurrere
407 3683 657 3753 debeant,
689 3701 810 3742 cum
838 3688 1120 3760 unicuique
1137 3706 1234 3763 pro
1255 3705 1353 3746 suo
1377 3708 1542 3763 opere
1558 3693 1684 3749 red-

78 3774 172 3829 det
212 3774 398 3844 justus
421 3775 593 3833 Judex
622 3777 799 3848 (Rom.
829 3780 903 3849 2;
934 3782 1096 3854 Apoc.
1119 3784 1236 3854 9.0),
1265 3785 1386 3856 quis
1403 3801 1581 3842 sermo
1600 3786 1685 3841 di-

77 3883 213 3924 cere
264 3878 473 3939 posset,
506 3872 589 3927 vel
617 3888 737 3944 quae
779 3874 942 3941 bona,
983 3876 1067 3931 vel
1091 3894 1210 3949 qua:
1259 3879 1397 3934 mala
1425 3879 1449 3934 ?
1476 3878 1683 3946 Nullus,

78 3959 271 4014 nullus
292 3960 471 4029 plane,
500 3977 673 4033 neque
689 3962 950 4041 jucunda,
970 3982 1145 4039 neque
1170 3969 1339 4025 tristia
1367 3971 1677 4027 narraverit.

78 4050 386 4107 Enimvero
412 4053 634 4116 Ahelem
663 4056 877 4127 quidem
902 4058 958 4121 in
984 4075 1150 4131 regno
1176 4061 1450 4131 ett-lorum,
1478 4072 1532 4118 et
1559 4078 1682 4134 per-

76 4144 262 4212 petuis
308 4144 647 4212 habitaculis,
691 4149 1153 4219 patriarcharum,
1194 4144 1572 4229 prophetarum
1597 4163 1681 4208 at-

78 4252 190 4303 que
240 4237 613 4310 apostolorum
660 4238 807 4295 chori
858 4250 913 4296 et
941 4243 1180 4307 omnium
1209 4228 1516 4305 Sanctorum
1548 4259 1680 4309 con-

73 4329 331 4398 gregatio
357 4330 650 4399 snscipient
677 4333 836 4398 simul
880 4332 932 4388 in
955 4344 1279 4405 perpetuum
1309 4347 1678 4409 regnaturum,

74 4436 207 4474 cum
241 4420 390 4490 [tege
429 4419 645 4478 Christo
668 4422 818 4493 Jesu,
850 4426 1124 4498 unigenito
1151 4428 1244 4485 Dci
1276 4427 1413 4484 Filio
1442 4439 1497 4485 et
1521 4430 1632 4485 Deo
1663 4444 1679 4482 :

75 4512 228 4565 lnmc
248 4523 452 4575 autem,
481 4512 615 4568 Cain
638 4514 879 4589 inquam,
904 4518 1149 4589 gehenna
1176 4521 1312 4592 ignis
1338 4521 1545 4593 aliaque
1576 4524 1681 4580 im—

71 4603 335 4657 mortalia
364 4605 547 4659 omnia
581 4615 841 4663 tormenta
891 4612 1180 4682 excipient,
1224 4621 1282 4667 ιιι
1330 4616 1598 4674 crucietur
1623 4622 1677 4676 in

70 4694 294 4749 inﬁnita
329 4696 526 4751 scccula
555 4706 748 4753 etcum
774 4700 865 4758 illo
891 4716 1082 4759 omnes
1106 4708 1194 4774 qui
1217 4705 1410 4769 similia
1432 4720 1679 4781 egerunt,

65 4798 124 4841 et
159 4787 404 4842 maxime
434 4788 486 4842 in
519 4804 613 4845 eos
632 4791 720 4862 qui
750 4794 985 4861 posthaec
1021 4796 1342 4866 turpissimis
1380 4801 1678 4862 all‘ectioni-

69 4878 180 4933 bus
226 4880 369 4949 capti
418 4891 565 4950 sunt,
596 4894 795 4955 quanto
842 4887 1011 4958 major
1042 4904 1197 4959 ptena
1227 4906 1259 4947 a
1290 4892 1517 4951 Domino
1556 4915 1677 4954 om-

66 4960 229 5027 nium
284 4976 680 5043 pronuntiatur.
721 4981 861 5039 Audi
903 4982 1045 5045 enim
1099 4983 1314 5043 beatum
1344 4988 1563 5055 Paulum
1590 4992 1677 5051 dri-1

63 5076 291 5120 centem
322 5084 336 5119 :
372 5066 689 5153 Quicumque
728 5074 860 5127 enim
898 5075 1010 5139 sine
1046 5077 1153 5153 lege
1192 5094 1540 5154 peccaverunt,
1565 5087 1678 5143 sine

66 5156 186 5229 lege
219 5156 453 5228 peribunt
498 5160 677 5232 (Rom.
713 5164 769 5225 2.
804 5165 897 5242 l2)
925 5184 937 5221 :
963 5167 1067 5226 hoc
1092 5181 1195 5241 est,
1223 5172 1477 5234 leviorem
1504 5177 1678 5244 ferent

65 5365 75 5373 ,
132 5316 153 5348 ί
198 5313 415 5388 mixtim,
541 5318 650 5383 ipsa
669 5329 777 5396 erat
798 5325 959 5379 aedes
981 5340 1127 5392 quam
1142 5333 1452 5399 perpetravit,
1474 5338 1675 5403 τερα-ον

58 5381 112 5415 ιιι
418 5380 643 5446 fratrm.
667 5392 906 5446 Quantam,
929 5398 1024 5440 etc.

134 5392 1024 5494 summumne
1143 5392 1363 5470 τυ.
1437 5392 1447 5396 τ
1532 5392 1545 5403 ’

134 5502 308 5528 ...μ-
346 5477 539 5528 ..;.....;.
554 5459 628 5528 Ψ.
638 5446 1188 5528 ΕῬῩῙῖἷδὲῘὲοωηίιω
1208 5456 1389 5528 οξξυάιι
1413 5471 1426 5509 :
1460 5466 1520 5512 Ut
1540 5474 1602 5515 ne
1625 5463 1675 5517 in

59 5502 309 5553 eandem
346 5516 541 5577 poenam
578 5507 781 5579 incidat.
807 5519 864 5564 ει
888 5525 974 5565 nos
989 5502 1672 5592 meg‘raafs‘agaau'bgg

536 5572 859 5645 ηυέενέεονάέν
884 5576 1109 5639 tuatim
1141 5593 1303 5645 tum
1339 5582 1478 5636 decet
1497 5584 1672 5645 gloria.

62 5598 238 5631 τιν-..υ
259 5598 443 5628 νμυηυ
461 5598 509 5620 ω
536 5598 675 5621 suum
685 5598 859 5646 lauru},
884 5598 1109 5639 quantum
1141 5598 1303 5645 τρωπι
1339 5598 1478 5636 decet
1497 5598 1673 5651 9W,

58 5625 537 5749 mcum
568 5635 877 5708 etadoratto,
900 5652 1027 5693 nunc
1046 5646 1095 5697 et
1131 5655 1343 5713 semper,
1368 5654 1465 5699 etc.
1491 5655 1676 5703 cetera

1225 259 1292 318 IN
1329 261 1484 319 CAP.
1527 260 1618 318 Ν.
1659 257 1905 319 CENES.
1948 260 2179 322 HOMIL.
2220 263 2342 324 XX.

3293 282 3395 338 liti

1820 391 2057 448 pmnam,
2087 395 2154 436 eo
2178 381 2320 452 quod
2348 398 2453 438 non
2484 382 2766 443 habuerint
2810 388 2979 462 legem
3010 407 3130 465 qua:
3173 394 3408 453 minare-

1820 477 1905 522 tttr
1930 479 1984 524 et
2029 472 2322 542 corrigeret
2349 491 2364 529 :
2393 473 2463 529 Et
2486 478 2786 550 quicumque
2826 481 2877 536 in
2907 482 3015 554 lege
3053 500 3400 558 peccaverunt,

1819 577 1909 628 per
1944 561 2105 632 legem
2126 580 2323 635 quoque
2340 566 2730 637 jttdicabuntur.
2761 571 2825 627 lli
2856 584 3057 645 autem,
3096 578 3285 651 inquit,
3312 583 3403 655 qui

1817 651 2002 707 eadem
2032 654 2228 711 faciunt
2251 672 2371 725 qua:
2394 658 2488 721 illi,
2505 668 2560 714 et
2587 661 2717 733 legis
2737 665 3116 725 adminiculum
3143 651 3399 743 habuere,

1815 747 2085 816 graviores
2110 756 2165 803 et
2193 749 2639 810 intolerabiliores
2663 758 2997 816 sustinebunt
3021 764 3308 822 cruciatus.
3333 766 3403 823 Et

1817 840 2008 894 merito
2037 856 2054 895 :
2086 841 2207 912 quia
2240 858 2413 914 neque
2465 845 2573 913 lex,
2606 864 2781 921 neque
2808 852 2949 922 quod
2977 855 3112 911 alios
3139 866 3216 913 tot
3244 862 3402 916 malis

1814 929 2054 1000 objectos
2084 933 2339 1003 viderint,
2361 936 2711 996 modestiores
2732 950 2788 997 et
2825 945 3070 1002 meliores
3093 963 3188 1004 eos
3215 951 3400 1009 reddi-

1813 1020 1972 1078 derit.
2005 1024 2262 1093 Quocirca
2289 1027 2539 1097 obsecro,
2577 1040 2636 1085 ut
2660 1033 2744 1088 vel
2769 1035 2957 1090 saltem
2990 1054 3128 1096 nunc
3169 1041 3396 1100 aliorum

1811 1116 2239 1186 correptionibus
2287 1120 2534 1190 nosipsos
2573 1125 2957 1194 cmendemus,
3000 1140 3055 1186 et
3092 1133 3252 1189 vitam
3299 1152 3400 1193 no-

1808 1212 1975 1260 stram
2004 1222 2334 1279 corrigamus
2371 1213 2437 1267 ad
2468 1214 2676 1271 Domini
2707 1217 3102 1293 obedientiam,
3132 1226 3272 1282 illius
3301 1228 3398 1282 ob-

1811 1304 2171 1367 temperantes
2217 1301 2424 1373 legibus
2454 1322 2469 1357 :
2498 1314 2554 1360 nt
2588 1323 2761 1379 neque
2792 1310 2949 1381 livor,
2974 1330 3148 1386 neque
3172 1317 3393 1388 invidia,

1808 1402 1984 1459 neque
2024 1392 2318 1461 corporalis
2342 1409 2516 1461 amor,
2553 1414 2726 1469 neque
2765 1400 2925 1473 hujus
2970 1406 3089 1461 vita:
3127 1408 3295 1480 gloria
3342 1422 3396 1467 et

1809 1482 2067 1550 potentia,
2100 1499 2270 1555 neque
2298 1487 2501 1543 ventris
2527 1492 2791 1561 voluptas,
2817 1512 2987 1566 neque
3016 1499 3118 1553 alia
3147 1502 3394 1570 quit-datu

1806 1572 2036 1629 absurda
2067 1578 2499 1649 concupiscentia
2529 1582 2840 1641 dominetur
2883 1589 3077 1645 anima:
3119 1601 3175 1647 et
3203 1594 3394 1650 rationi

1807 1674 2005 1719 nosme
2054 1683 2069 1719 :
2102 1666 2195 1722 sed
2224 1672 2501 1741 expurgati
2541 1673 2608 1729 ab
2635 1676 2779 1730 omni
2805 1692 2981 1744 coeno,
3013 1682 3395 1754 voluptaleque

1808 1756 2111 1825 temporali,
2134 1769 2184 1812 et
2204 1759 2322 1814 vale
2342 1760 2487 1817 dicto
2505 1765 2754 1821 omnibus
2784 1766 3091 1827 foedissimis
3120 1774 3394 1830 absurdis-

1804 1846 2062 1919 simisque
2108 1851 2501 1923 alTectionibus,
2554 1857 2622 1913 ad
2669 1859 2877 1916 beatam
2922 1862 3064 1917 illam
3106 1866 3289 1931 vitam,
3338 1878 3393 1924 et

1804 1938 2089 1995 ineffabilia
2141 1943 2230 1999 illa
2277 1944 2437 2015 bona,
2474 1963 2593 2019 quae
2632 1950 2774 2006 Deus
2799 1966 2859 2007 se
2887 1953 3228 2025 diligentibus
3253 1974 3392 2028 pra:-

1805 2033 2030 2101 paravit,
2078 2033 2389 2094 festinemus
2428 2055 2444 2095 :
2494 2055 2614 2112 qna:
2638 2043 2888 2101 omnibus
2911 2047 3069 2103 nobis
3099 2049 3390 2106 concedan-

1804 2133 1909 2189 tur,
1934 2126 2103 2195 gratia
2128 2136 2182 2183 et
2202 2127 2523 2201 benignitate
2552 2133 2761 2191 Domini
2799 2138 2966 2194 nostri
2991 2138 3119 2196 Jesu
3166 2139 3388 2211 Christi,

1800 2229 1922 2269 cmn
1948 2232 2054 2287 quo
2098 2218 2261 2289 Patri,
2308 2222 2468 2279 simul
2508 2234 2562 2280 et
2606 2226 2826 2298 Spiritui
2864 2240 3051 2286 sancto
3100 2232 3171 2288 sit
3198 2235 3388 2304 gloria,

1802 2306 2105 2377 imperium,
2139 2310 2327 2381 honor,
2357 2330 2498 2371 nunc
2525 2325 2581 2372 et
2605 2331 2836 2389 semper,
2867 2330 2922 2377 et
2950 2321 3002 2376 in
3039 2324 3230 2381 sucula
3267 2339 3374 2383 8.1!-

1798 2399 2063 2456 culorum.
2091 2405 2282 2459 Amen.

2308 2518 2591 2577 llOMlLlA
2639 2522 2738 2580 xx
2769 2524 2867 2598 (α).

1800 2625 2048 2699 Egressus
2068 2640 2138 2685 est
2163 2642 2334 2685 autem
2353 2633 2481 2689 Cain
2507 2651 2539 2689 a
2563 2637 2696 2707 [acie
2718 2636 2831 2706 Dei,
2861 2650 2908 2694 et
2923 2640 3162 2698 habitarit
3176 2643 3228 2700 in
3250 2655 3388 2703 terra

1904 2719 2069 2788 Nam,
2096 2736 2125 2775 e
2143 2723 2344 2792 regione
2374 2721 2535 2780 fidem
2566 2725 2718 2797 (Gen.
2748 2729 2803 2784 4.
2836 2729 2949 2801 16),
2973 2742 3026 2787 et
3046 2734 3273 2805 reliqua.

1862 2854 1911 2908 l.
1965 2854 2077 2925 Age
2127 2856 2316 2911 iterum
2350 2856 2506 2915 hodie
2546 2860 2598 2915 in
2637 2877 2827 2919 manus
2869 2877 3141 2924 sumentes
3165 2885 3284 2940 qua:
3330 2873 3385 2930 in

1795 2946 1939 3002 serie
1968 2946 2102 3003 lecta
2130 2959 2275 3015 sunt,
2309 2950 2432 3007 inde
2453 2952 2606 3009 vobis
2630 2954 2927 3013 doctrinam
2950 2974 3301 3033 appenninus,
3327 2976 3385 3024 et

1793 3040 2009 3096 solitmn
2049 3057 2115 3098 ex
2164 3042 2312 3100 libris
2341 3044 2482 3101 beati
2514 3046 2674 3103 Mosis
2702 3050 3023 3121 colloquium
3070 3052 3387 3125 habeamus,

1793 3133 1904 3190 imo
1919 3148 1982 3189 ex
2010 3134 2179 3190 sancti
2204 3134 2434 3206 Spit-itus
2463 3137 2691 3209 eloquiis
2716 3156 2835 3211 qua:
2863 3157 2959 3212 per
2979 3145 3251 3215 prophetae
3279 3147 3382 3203 lin-

1792 3243 1948 3299 guam
1978 3227 2155 3288 divina
2191 3229 2358 3300 gratia
2405 3246 2503 3287 nos
2534 3231 2736 3286 docuit.
2767 3230 2874 3289 Sed
2904 3252 3009 3305 quo
3054 3238 3383 3296 manifestior

1792 3334 1972 3376 sermo
1999 3330 2181 3376 noster
2204 3321 2294 3386 sit,
2326 3338 2503 3394 opera:
2538 3323 2765 3393 pretium
2798 3326 2977 3393 fuerit,
3009 3339 3065 3382 ιιι
3096 3330 3146 3384 in
3177 3344 3383 3385 ιιιριιιο-

1793 3412 1926 3466 riam
1956 3412 2106 3467 vobis
2149 3413 2462 3478 referamus,
2496 3413 2581 3469 ubi
2604 3415 2901 3471 doctrinam
2932 3434 3102 3489 nuper
3129 3421 3379 3478 absolve-

1792 3501 1980 3570 rimus,
2010 3515 2065 3558 ut
2085 3503 2272 3560 eadem
2303 3504 2461 3559 hodie
2488 3506 2735 3576 repetita,
2764 3506 2829 3562 de
2861 3525 3000 3564 nunc
3026 3512 3176 3567 lectis
3200 3514 3385 3571 dicere

1793 3593 2130 3669 incipiamus.
2160 3594 2321 3651 Scitis
2360 3596 2503 3651 enim
2547 3612 2649 3652 nos
2674 3612 3044 3668 argumentum
3064 3603 3132 3659 de
3170 3605 3299 3661 Cain
3325 3619 3382 3663 et

1790 3686 2253 3752 Abelnarravisse,
2268 3687 2612 3745 ostendentes
2644 3699 2751 3744 tam
2768 3706 2831 3746 ex
2864 3692 3208 3763 iisqua-facta
3229 3710 3377 3763 sunt,

1788 3792 1945 3849 quam
1959 3793 2024 3832 ex
2043 3777 2106 3835 iis
2121 3777 2189 3833 de
2199 3778 2390 3848 quibus
2401 3779 2706 3835 obtulerunt
2723 3781 2945 3837 Dotnino
2958 3785 3238 3852 sacrificia,
3252 3803 3393 3857 quo.

1789 3867 1951 3929 modo
1973 3867 2333 3926 faciendorum
2351 3880 2407 3926 et
2431 3884 2536 3926 non
2560 3870 2920 3928 faciendorum
2950 3875 3150 3946 agnitio
3172 3888 3378 3935 natura:

1789 3972 1987 4019 nostra:
2003 3962 2159 4023 insita
2180 3962 2268 4028 sit,
2286 3974 2341 4018 et
2355 3963 2592 4019 omnium
2612 3964 2867 4036 Opificem
2882 3982 2981 4023 nos
2997 3969 3146 4026 liberi
3171 3972 3380 4030 arbitrii

1788 4054 2001 4123 fecisse,
2021 4066 2181 4127 atque
2201 4055 2397 4127 ubique
2414 4056 2499 4112 vel
2516 4071 2797 4126 coronare,
2810 4059 2892 4115 vel
2913 4060 3276 4120 condenmare
3292 4079 3379 4120 se-

1788 4146 2023 4204 cundum
2041 4147 2204 4202 animi
2222 4147 2387 4203 nostri
2404 4149 2731 4219 propositum
2754 4151 2848 4220 (ob
2871 4149 2973 4209 hoc
2998 4152 3139 4207 enim
3167 4155 3374 4211 sacrili-

1786 4242 1926 4296 cium
1944 4239 2075 4297 Cain
2098 4240 2429 4310 repudiatum
2446 4240 2563 4306 fuit,
2575 4239 2714 4301 dona
2732 4258 2857 4299 vero
2869 4243 3001 4300 Abel
3017 4245 3280 4319 accepta),
3297 4256 3371 4303 at.

1786 4348 1890 4405 quc
1909 4332 2030 4388 inde
2045 4332 2294 4388 invidiam
2310 4344 2480 4388 ortam
2493 4331 2715 4389 Cainum
2733 4333 2784 4389 in
2801 4334 2999 4392 Ctedcm
3014 4335 3193 4393 fratris
3206 4338 3376 4395 exsti-

1786 4428 2042 4494 mulasse,
2091 4426 2181 4504 qui
2233 4435 2289 4483 et
2326 4436 2445 4497 post
2490 4427 2710 4500 impium
2748 4427 2972 4496 facinus,
3018 4430 3234 4489 volente
3260 4433 3373 4490 Deo

1787 4520 1959 4601 ipsum
1990 4532 2280 4590 provocare
2305 4519 2372 4573 ad
2396 4518 2789 4575 confessionem
2808 4531 3169 4591 peccatorum,
3197 4540 3374 4596 neque

1786 4611 1864 4668 sic
1892 4610 2195 4674 remedium
2226 4610 2468 4667 sanitatis
2496 4612 2722 4683 accepit,
2762 4612 2859 4668 sed
2888 4614 3117 4670 scelesto
3147 4615 3374 4674 homicio

1784 4706 1874 4762 dio
1918 4704 2257 4768 mendacium
2304 4706 2618 4777 conjunxit,
2649 4716 2705 4763 et
2740 4723 2954 4779 gravem
2982 4709 3126 4765 illam
3158 4726 3371 4782 poenam

1785 4797 1884 4861 sibi
1911 4797 2235 4863 conciliavit,
2264 4811 2596 4873 supernaque
2615 4799 2784 4871 gratia
2805 4815 2865 4857 se
2892 4801 3111 4858 nudavit
3140 4807 3373 4874 posteris

1783 4892 1838 4946 in
1876 4890 2226 4955 correctionis
2255 4891 2558 4961 exemplum
2590 4892 2914 4961 propositus,
2939 4904 3099 4964 atque
3152 4896 3222 4950 ob
3247 4910 3371 4951 sen-

1785 4983 2005 5043 tentiam
2031 4983 2083 5038 in
2112 4998 2172 5039 se
2196 4993 2495 5061 acceptam,
2523 4983 2669 5041 onmi
2695 4984 2967 5038 hominum
2991 4986 3173 5056 generi
3204 4986 3377 5056 loqui-

1783 5086 1886 5144 tur,
1919 5076 2072 5150 quasi
2099 5077 2337 5133 clamans
2357 5077 2612 5133 etdicens
2640 5094 2654 5131 :
2683 5075 2761 5132 Ne
2787 5077 2891 5132 tale
2918 5077 3044 5148 quid
3084 5079 3223 5135 nllus
3272 5095 3369 5136 ve-

1781 5180 1952 5228 strum
1984 5185 2234 5244 umquam
2278 5168 2491 5233 audeat,
2525 5184 2593 5225 ne
2621 5169 2675 5227 in
2699 5168 2902 5225 similes
2926 5169 3124 5225 incidat
3159 5186 3368 5242 poenas.

1782 5263 2005 5322 Vidistis
2032 5264 2244 5321 Domini
2273 5260 2676 5333 benignitatem,
2706 5262 2977 5333 quomodo
3003 5277 3100 5321 sua
3129 5265 3184 5322 in
3213 5266 3365 5325 illum

1780 5373 1942 5433 ptena
1967 5373 2078 5416 non
2110 5358 2283 5431 ipsum
2308 5355 2484 5416 solum
2511 5355 2794 5429 castigare,
2836 5355 2931 5414 sed
2960 5371 3058 5429 per
3084 5358 3261 5431 ipsum
3288 5357 3368 5417 ιι.

1842 5516 1916 5589 (9)
1949 5523 2061 5589 ἐξα
2074 5515 2276 5589 99’9"“
2294 5513 2572 5589 $09499“.
2599 5515 2649 5566 ίη
2662 5514 2874 5589 C9!”qu-
2899 5515 3070 5589 εοάἱοθ
3084 5530 3243 5589 llum:
3252 5516 3367 5589 ⁵68*

1780 5573 1909 5631 Ibid:
1924 5577 2113 5643 aliquot
2133 5584 2243 5630 Mss.
2265 5584 2319 5630 et
2332 5576 2523 5643 colslin.
2558 5577 2688 5629 hunc
2708 5573 2971 5643 Scriptura:
2992 5585 3185 5631 textum
3206 5583 3368 5633 Homi-

1780 5644 1860 5696 ιίε
1883 5638 2239 5713 “mum
2263 5638 2520 5713 εςοςιηοινίι
2540 5651 2702 5713 autem
2720 5638 3059 5713 σςϋιμροςενι
3077 5651 3237 5707 ουσιαι
3254 5653 3364 5707 m

1780 5696 2013 5771 concepit]
2037 5711 2083 5759 et
2100 5696 2291 5776 peperit
2314 5696 2455 5768 εἰὶσε,
2469 5696 2515 5756 et
2530 5698 2787 5769 wdiﬁcarit
2810 5696 3064 5757 cititatem.
