3754 6270
369 249 472 306 107

365 361 476 416 mul
502 365 746 431 posteros
775 365 970 414 omnes
1003 349 1227 406 omnino
1252 342 1556 417 fugiendum
1585 355 1704 398 esse
1728 347 1835 396 tam
1869 347 1948 396 te-

365 448 652 507 merarium
683 446 890 502 facinus
909 442 1105 498 docere
1128 437 1297 493 voluit
1319 437 1341 491 ?

439 542 542 596 (.‘ur
567 539 753 594 habitet
792 535 919 592 Cain
963 549 990 588 c
1013 532 1215 602 regione
1237 526 1418 582 Edent.
1448 556 1520 567 —
1549 525 1662 595 Age
1696 537 1837 578 nunc
1861 536 1952 576 se-

367 631 580 700 quentia
623 630 965 698 attingamus,
1010 631 1066 678 et
1111 620 1392 674 videamus
1430 616 1556 688 quid
1588 614 1746 670 hodie
1797 613 1952 667 nobis

375 732 545 778 uarret
588 721 774 774 beatus
804 716 894 771 ille
938 712 1218 784 propheta,
1265 710 1496 778 Spiritus
1548 705 1720 761 sancti
1771 703 1951 758 aftlatu

367 811 624 867 eruditus.
660 809 789 862 Nam
819 816 1100 876 postquam
1133 819 1162 857 a
1201 800 1428 854 Domino
1456 797 1776 854 sententiam
1823 793 1951 848 Cain

367 902 594 971 accepit,
630 899 715 954 l6.
748 896 996 970 Egressus
1044 903 1138 958 est,
1172 890 1364 961 inquit,
1409 906 1439 940 α
1494 888 1626 954 {acie
1669 885 1786 939 Dei.
1817 883 1954 952 Quid

367 1005 471 1060 cat,
504 991 641 1046 Exiit
667 1007 698 1043 a
736 989 867 1062 facie
905 985 996 1040 Dei
1026 973 1186 1038 illoc
1213 990 1315 1048 est,
1348 979 1575 1034 nudatus
1601 988 1682 1031 est
1707 975 1955 1046 prtesidio

373 1085 490 1149 Dei,
537 1090 756 1152 propter
779 1075 1139 1133 abominabile
1161 1084 1213 1129 ct
1247 1069 1603 1142 perniciosum
1635 1069 1851 1122 facinus.
1886 1062 1956 1118 Et

371 1174 609 1229 habitavit
641 1173 692 1226 in
719 1181 854 1225 terra
883 1167 1045 1232 Nuid,
1079 1181 1106 1218 e
1133 1163 1336 1234 regione
1367 1160 1542 1213 Edem.
1574 1157 1768 1211 Narrat
1798 1155 1953 1209 nobis

371 1265 548 1320 divina
576 1262 848 1330 Scriptura
880 1258 1056 1311 locum
1077 1255 1127 1308 iu
1149 1270 1254 1323 quo
1278 1260 1458 1320 postea
1486 1247 1759 1312 habitavit,
1788 1255 1841 1298 et
1861 1246 1957 1299 do-

371 1365 456 1412 cet
480 1352 748 1426 quomodo
777 1359 833 1404 et
862 1349 947 1404 hic
991 1361 1095 1405 non
1131 1343 1315 1415 procul
1344 1357 1372 1394 a
1419 1338 1664 1411 paradiso
1713 1344 1956 1390 versatus

371 1449 460 1506 sit.
482 1454 540 1500 ut
559 1461 588 1501 e
611 1445 827 1514 regione
848 1439 988 1494 illius
1008 1436 1290 1498 exsistens,
1312 1432 1566 1488 continuo
1587 1443 1794 1483 memor
1815 1434 1960 1482 esset

371 1548 484 1594 tum
529 1550 713 1591 eorum
757 1547 874 1602 quae
903 1527 1036 1600 patri
1069 1542 1166 1580 suo
1205 1525 1274 1579 ob
1305 1521 1798 1594 pra-varicationem
1829 1532 1958 1574 con-

375 1630 623 1700 tigerant,
655 1635 762 1678 tum
791 1618 1170 1690 magnitudinis
1191 1631 1375 1672 eorum
1398 1630 1516 1684 quae
1544 1613 1657 1681 ipse
1683 1619 1959 1682 perpetra-

374 1727 542 1784 verat,
595 1724 813 1787 propter
862 1728 979 1784 qua)
1011 1715 1154 1763 tanta
1201 1705 1302 1761 sibi
1356 1719 1527 1773 neque
1567 1702 1734 1772 patris
1780 1715 1972 1756 conca

381 1814 560 1882 ptione
609 1806 913 1871 emendato,
961 1818 1115 1872 ptena
1149 1801 1378 1867 irrogata
1408 1804 1510 1851 est.
1554 1795 1768 1848 Etvero
1811 1793 1961 1847 locus

377 1906 467 1959 ille
495 1904 549 1957 iu
592 1916 698 1971 quo
725 1896 1004 1962 habitavit,
1040 1901 1291 1963 perpetua
1318 1887 1572 1942 memoria
1600 1885 1717 1950 fuit,
1747 1899 1851 1938 non
1885 1883 1960 1938 illi

375 1995 495 2061 soli,
516 1992 610 2048 sed
637 2001 690 2046 et
716 1989 926 2046 sarculis
953 1982 1354 2057 posterioribus,
1379 1981 1446 2034 ob
1472 1988 1756 2034 tremorem
1783 1987 1835 2033 et
1858 1991 1965 2031 mo-

378 2087 596 2138 tionem.
647 2081 853 2136 Nomen
904 2078 1045 2131 enim
1091 2074 1224 2129 Nuid
1263 2071 1519 2126 l-lcbraica
1553 2069 1715 2124 dictio
1761 2077 1867 2135 est,
1909 2077 1964 2121 et

377 2177 596 2230 vertitur
625 2172 932 2228 commotio.
965 2168 1148 2236 Itaque
1191 2174 1247 2219 ut
1292 2163 1494 2217 crimen
1533 2161 1673 2215 illius
1707 2165 1965 2229 perpetuo

380 2280 562 2323 notum
615 2275 758 2322 esset
809 2263 968 2319 etiam
1011 2276 1041 2314 a
1086 2261 1223 2324 loco,
1262 2258 1411 2327 quasi
1443 2255 1498 2308 in
1531 2255 1778 2308 columna
1825 2254 1992 2306 :crca'

379 2360 660 2430 scriptum,
691 2356 800 2410 illic
821 2369 941 2409 eum
964 2350 1264 2407 collocavit.
1295 2345 1496 2402 Deinde
1527 2346 1698 2415 inquit
1732 2360 1743 2396 :
1780 2343 1866 2397 17.
1899 2341 1966 2396 Et

390 2451 619 2524 cognovit
645 2447 769 2502 Cain
796 2462 1006 2500 uxorem
1032 2459 1177 2498 suam
1205 2457 1224 2495 :
1257 2449 1434 2494 etcum
1461 2439 1788 2509 concepisset,
1815 2453 1967 2508 pepe-

381 2545 445 2597 rit
477 2541 674 2596 Enoch.
697 2537 948 2594 Mortales
973 2535 1224 2603 deinceps
1250 2531 1374 2586 facti
1401 2531 1662 2597 homines,
1687 2531 1878 2584 merito
1897 2529 1968 2585 de

383 2638 610 2696 tiliorum
635 2630 982 2690 successione
1005 2642 1188 2683 curam
1210 2624 1496 2680 habebant.
1523 2622 1628 2680 Sed
1659 2623 1796 2678 forte
1816 2623 1969 2676 dixe-

382 2730 450 2782 rit
470 2725 660 2795 aliquis
693 2739 707 2778 :
754 2719 1054 2788 Quomodo.
1075 2731 1200 2774 cum
1231 2715 1502 2784 Scriptura
1542 2728 1804 2782 nusquam
1830 2713 1969 2767 alte-

382 2818 493 2871 rius
541 2813 782 2869 mulieris
820 2810 1148 2872 metninerit,
1192 2807 1322 2862 dicit
1373 2804 1514 2876 quod
1553 2803 1685 2859 Cain
1726 2803 1970 2864 habuerit

382 2905 654 2962 uxorem?
695 2903 775 2960 Ne
804 2900 1032 2965 mireris,
1057 2900 1268 2954 dilecte.
1298 2897 1568 2967 Nusquam
1600 2895 1740 2950 enim
1772 2897 1971 2951 catalo-

382 3012 506 3068 gum
536 2996 818 3050 mulierum
856 2993 1136 3063 diligenter
1166 2993 1288 3045 facit
1313 3007 1327 3056 ;
1357 2990 1449 3045 scd
1479 2990 1752 3059 Scriptura
1790 2988 1969 3044 divina

383 3102 579 3144 cavens
621 3101 690 3142 ne
730 3085 857 3157 quid
902 3084 1231 3154 superﬂuum
1275 3082 1528 3152 proferat.
1561 3081 1798 3150 singulos
1827 3081 1972 3136 viros

387 3185 790 3242 commemorat,
837 3191 944 3230 non
992 3191 1181 3239 omnes
1207 3184 1407 3239 tamen,
1437 3173 1529 3227 sed
1577 3173 1790 3228 brevius
1817 3172 1973 3228 nobis

388 3280 568 3326 narrat
605 3270 810 3333 dicens,
856 3267 996 3339 quod
1039 3267 1411 3338 generaveriut
1461 3265 1602 3318 filios
1640 3275 1693 3319 et
1721 3264 1872 3330 filias,
1920 3275 1974 3320 et

390 3363 580 3420 mortui
598 3364 722 3420 sint.
747 3362 1047 3418 Verisimile
1064 3361 1221 3434 igi;ur
1238 3369 1320 3416 8.".
1345 3361 1504 3414 Evam
1525 3361 1680 3415 tiliam
1705 3361 1974 3433 peperisse

393 3465 512 3527 post
549 3454 678 3510 Cain
705 3464 761 3509 et
784 3453 936 3520 Abel,
979 3468 1136 3523 quam
1184 3453 1235 3505 in
1270 3454 1493 3506 uxorem
1526 3453 1790 3523 acceperit
1820 3453 1969 3507 Cain.

390 3547 520 3602 Nam
560 3546 679 3617 quia
711 3545 858 3599 initia
895 3553 1068 3609 erant,
1101 3543 1434 3612 debebatqne
1469 3544 1650 3613 augeri
1687 3545 1970 3598 lmmanum

389 3655 575 3711 genus,
625 3650 840 3691 sorores
883 3646 939 3689 ttt
990 3635 1266 3700 ducerent,
1301 3634 1713 3688 concedebatur.
1748 3634 1813 3688 Et
1855 3635 1974 3689 ideo

392 3734 505 3787 hanc
535 3731 686 3785 nobis
712 3727 1058 3799 conjectauda
1090 3727 1339 3797 relinquit
1358 3725 1653 3796 Scriptura,
1676 3735 1729 3780 et
1759 3727 1858 3781 hoc
1882 3741 1976 3780 so-

391 3825 495 3877 lum
528 3831 706 3876 narrat
731 3819 915 3874 dicens
949 3835 960 3871 :
998 3817 1060 3871 Et
1088 3819 1314 3886 cognovit
1339 3815 1464 3872 Cain
1494 3833 1700 3870 uxorem
1721 3833 1892 3882 suam,
1927 3827 1975 3870 et

391 3932 503 3970 cum
531 3913 856 3984 concepisset,
881 3911 1070 3982 peperit
1108 3908 1302 3965 Enoclt.
1330 3908 1394 3962 Et
1422 3918 1528 3963 erat
1559 3909 1819 3976 azdiﬁcans
1847 3909 1972 3962 civi-

393 4018 542 4061 tatem
568 4006 618 4059 in
641 4005 838 4058 nomine
866 3989 966 4072 ﬁlii
987 4005 1068 4056 sui
1095 4001 1292 4055 Enoclt.
1323 4001 1454 4055 Vide
1498 4001 1763 4070 quomodo
1798 4000 1978 4070 paula-

397 4101 489 4153 tim
514 4099 879 4152 instituuntur.
908 4095 1041 4161 Quia
1071 4095 1211 4148 enim
1260 4092 1515 4147 mortales
1543 4101 1848 4159 evaserant,
1878 4094 1981 4148 im-

397 4189 677 4246 mortalem
707 4203 856 4242 suam
885 4185 1197 4241 memoriam
1230 4183 1406 4240 facere
1430 4185 1715 4238 voluerunt
1739 4227 1754 4250 ,
1781 4185 1977 4256 partim

397 4299 463 4338 ex
491 4282 613 4335 tlliis
637 4294 772 4350 quos
814 4277 1172 4350 generabant,
1205 4277 1394 4346 partim
1426 4291 1492 4331 ex
1523 4276 1653 4330 locis
1683 4275 1876 4346 quibus
1921 4275 1983 4330 fi-

397 4375 587 4431 liorum
609 4373 824 4428 nomina
852 4370 1215 4441 imponebant.
1246 4369 1372 4424 llmc
1402 4370 1578 4424 omnia
1603 4369 1722 4440 jure
1748 4369 1868 4440 quis
1897 4369 1979 4423 di-

397 4474 544 4521 ceret
575 4475 912 4535 peccatorum
940 4465 1296 4529 monimenta,
1334 4475 1542 4516 necnon
1586 4461 1764 4530 lapsus
1806 4475 1836 4514 a
1869 4459 1980 4530 pri-

401 4569 536 4614 stina
552 4555 742 4627 gloria,
762 4555 812 4608 in
833 4571 936 4624 qua
950 4569 1068 4607 cum
1088 4562 1285 4619 essent,
1309 4551 1454 4607 nullo
1468 4551 1658 4606 horum
1679 4539 1982 4621 indigebant

400 4648 569 4704 Adam
601 4655 656 4701 et
680 4645 810 4713 Eva,
854 4655 1038 4714 utpote
1084 4643 1335 4698 omnibus
1385 4642 1710 4712 superiores,
1758 4651 1812 4698 et
1853 4643 1982 4696 nihil

400 4738 635 4792 obnoxii.
665 4736 752 4791 18.
789 4734 952 4789 Porro
982 4733 1161 4788 Enach
1199 4735 1300 4803 ipsi
1339 4743 1488 4787 natus
1511 4742 1603 4800 est,
1641 4732 1833 4804 inquit,
1856 4732 1982 4788 Gai-

401 4829 525 4894 dad,
555 4837 602 4881 ct
628 4826 828 4882 Gaidud
849 4826 1018 4896 genuit
1049 4825 1305 4891 Maleleel,
1335 4835 1386 4878 et
1411 4823 1646 4879 M‘aleleel
1672 4827 1842 4896 genuit
1869 4825 1986 4879 Ma-

401 4921 622 4988 thusala,
651 4930 697 4974 et
721 4917 1014 4974 Muthusala
1036 4921 1204 4989 genuit
1232 4917 1472 4972 Lameclt.
1500 4917 1660 4973 Vides
1684 4933 1840 4988 quant
1860 4932 1984 4972 cur-

403 5015 502 5068 sim
539 5013 726 5067 transit
747 5009 1120 5082 genealogias;
1151 5009 1386 5064 virorutn
1417 5017 1620 5064 tantum
1659 5009 1985 5066 mentionem

406 5103 532 5158 facit
559 5101 746 5157 beatus
783 5101 892 5166 ille,
945 5113 1207 5170 nusquam
1230 5113 1356 5155 vero
1393 5098 1676 5155 mulierum
1722 5100 1984 5156 meminit.

404 5192 510 5248 Sed
563 5193 1009 5263 quemadmodum
1057 5191 1127 5248 de
1169 5189 1299 5247 Cain
1353 5191 1551 5246 dictmn
1598 5201 1702 5258 est,
1745 5190 1988 5264 Cbgnavit

409 5298 616 5337 mrem
641 5300 808 5351 suam,
836 5299 956 5339 cum
982 5299 1243 5355 nusquam
1271 5297 1372 5338 nos
1421 5282 1684 5347 docuerit,
1715 5299 1887 5355 neque
1905 5283 1988 5338 di-

408 5374 546 5429 xerit
571 5375 714 5431 unde
738 5374 980 5432 habuerit
997 5389 1220 5431 uxorem
1247 5394 1263 5430 :
1285 5376 1363 5430 sic
1390 5389 1520 5430 sane
1543 5382 1598 5431 et
1623 5375 1708 5430 hic
1735 5375 1984 5446 loquitur:

411 5474 498 5534 £9.
529 5473 595 5534 Et
637 5470 829 5538 accepit
862 5468 958 5524 sibi
998 5467 1219 5524 Lamech
1265 5469 1393 5522 duas
1431 5484 1633 5535 uxores,
1678 5485 1858 5524 nomen
1899 5469 1988 5524 uni

424 5566 559 5633 Ade,
572 5579 620 5622 et
637 5585 820 5624 nomen
845 5559 1081 5614 secundat
1107 5559 1269 5616 Sella.
1297 5557 1388 5615 20.
1413 5557 1480 5613 Et
1509 5559 1703 5630 peperit
1732 5559 1867 5627 Ada,
1899 5559 1988 5615 in-

425 5655 560 5725 quit,
579 5655 874 5722 labelglu'c
889 5657 990 5731 fuit
1018 5661 1160 5723 pater
1180 5650 1512 5706 habitantium
1556 5650 1608 5705 in
1653 5650 1986 5708 tabernaculis

1093 235 1152 292 S.
1189 229 1466 291 JOANNIS
1498 221 1975 286 CHRYSOSTOMI
2011 217 2329 306 ARCIIIEP.
2367 217 2897 276 CONSTANTINOP.

3535 217 3628 275 168

2059 345 2339 406 pastorum.
2370 333 2462 390 21.
2503 333 2571 388 Et
2597 349 2776 388 nomen
2801 331 2950 403 fratri
2975 331 3111 387 illius
3143 329 3301 390 Juba!
3327 344 3343 382 :
3371 330 3455 386 hic
3480 329 3572 399 fuit
3593 334 3632 385 is

2059 425 2144 496 qui
2173 425 2525 480 demonstrauit
2553 423 2848 495 psalterium
2867 433 2913 477 et
2939 424 3207 478 citharam.

2129 514 2183 569 2.
2225 514 2362 570 Vide
2399 514 2688 583 Scriptura:
2708 513 3061 584 diligentiam.
3095 504 3282 570 Docuit
3311 527 3409 566 nos
3453 521 3507 569 et
3545 529 3634 567 no-

2060 607 2201 660 mina
2235 621 2421 662 eorum
2453 605 2539 674 qui
2573 605 2678 660 nati
2703 614 2827 660 sunt
2863 620 2928 658 ex
2970 619 3136 660 uxore
3165 603 3420 668 Lamech,
3447 613 3502 660 et
3523 620 3636 674 qua

2061 697 2236 752 studia
2266 696 2479 750 illorum
2502 695 2702 754 fuerint
2731 714 2746 750 :
2777 711 2968 765 nempe
2992 694 3134 766 quod
3163 686 3302 748 unus
3325 693 3528 750 alendis
3554 711 3638 764 pe-

2061 788 2273 842 coribus
2310 788 2469 842 fuerit
2508 788 2739 854 deditus,
2769 796 2824 843 et
2863 788 3001 842 alter
3023 787 3406 857 excogitaverit
3449 789 3637 856 psalteo

2063 879 2198 932 rium
2243 888 2297 932 et
2335 878 2616 934 citharam.
2645 879 2735 932 22.
2784 878 2927 932 Sella
2973 889 3161 946 autem,
3206 877 3395 949 inquit,
3443 890 3489 934 ct
3536 879 3640 948 ipsa

2065 971 2253 1040 peperit
2282 969 2494 1036 Tltobcl,
2516 961 2564 1023 et.
2587 979 2695 1023 erat
2722 970 3007 1032 malleator,
3030 978 3074 1022 et
3107 969 3246 1040 [uber
3279 970 3395 1024 aeris
3423 979 3471 1022 et
3503 972 3635 1039 ferri.

2064 1059 2258 1115 lterum
2295 1071 2349 1116 et
2384 1073 2552 1115 artem
2580 1058 2724 1114 illius
2750 1063 2838 1130 qui
2866 1076 2932 1118 es
2951 1059 3090 1115 Sella
3116 1070 3272 1114 natus
3291 1069 3405 1115 erat
3431 1058 3638 1124 indicat,

2062 1152 2204 1222 quod
2252 1168 2444 1222 nempe
2486 1151 2729 1206 fabrilem
2770 1151 2892 1205 turis
2945 1161 3114 1205 artem
3170 1162 3469 1205 exerceret.
3521 1151 3643 1204 \‘ide

2064 1243 2333 1314 quomodo
2361 1259 2478 1314 qua:
2503 1243 2568 1297 ad
2597 1257 2750 1297 usum
2769 1251 2824 1296 et
2841 1242 3181 1300 commodum
3205 1242 3418 1296 humani
3445 1245 3641 1312 generis

2064 1343 2307 1402 Spectant
2357 1333 2609 1405 paulatim
2659 1333 2868 1402 provisa
2921 1332 3044 1386 sint.
3099 1332 3161 1386 Et
3192 1331 3419 1400 primum
3468 1331 3642 1388 Csina

2067 1424 2178 1478 filio
2200 1440 2297 1478 suo
2315 1424 2582 1479 civitatem
2605 1423 2673 1477 ab
2693 1421 2752 1478 Se
2771 1422 3083 1477 aedificatam
3112 1424 3422 1478 nominavit.
3451 1423 3640 1479 Deinde

2066 1529 2252 1568 eorum
2283 1514 2375 1585 qui
2399 1530 2464 1570 ex
2505 1514 2760 1569 uxoribus
2797 1513 3028 1569 Lamech
3057 1515 3167 1568 nati
3204 1525 3350 1581 sunt,
3391 1530 3530 1569 unus
3562 1530 3640 1585 pa-

2066 1606 2280 1662 scendis
2318 1606 2598 1677 pecoribus
2641 1620 2701 1661 se
2728 1604 2951 1672 dedidit,
2980 1605 3115 1659 alius
3159 1607 3403 1661 aerariam
3435 1621 3644 1661 exerce-

2068 1699 2152 1753 bal
2179 1740 2195 1765 ,
2243 1699 2379 1754 alius
2433 1699 2592 1756 etiam
2641 1699 2946 1770 psalterium
2979 1709 3031 1754 ct
3061 1699 3317 1754 citharam
3362 1700 3644 1754 adinvenit.

2070 1791 2234 1846 Soror
2261 1800 2445 1856 autem,
2481 1789 2671 1861 inquit,
2709 1789 2898 1845 Thobel
2932 1789 3188 1844 Noeman.
3218 1790 3356 1858 Quid
3410 1791 3515 1846 hoc
3559 1806 3646 1845 no-

2068 1899 2190 1937 vum
2220 1893 2276 1938 et
2299 1881 2615 1937 insolitum?
2640 1881 2791 1936 Nunc
2815 1883 3044 1953 primum
3071 1883 3384 1937 nominatim
3414 1883 3650 1939 mulieris

2070 1979 2332 2033 meminit.
2381 1977 2499 2032 Non
2529 1978 2646 2034 sine
2674 1993 2857 2043 causa,
2887 1993 3056 2048 neque
3088 1987 3304 2044 temere,
3339 1979 3436 2034 sed
3468 1990 3527 2034 ut
3566 1997 3652 2034 nc—

2072 2071 2272 2126 cultum
2321 2071 2446 2140 quid
2495 2070 2647 2124 nobis
2697 2070 2782 2124 hic
2830 2069 3102 2138 declaret,
3151 2070 3254 2126 hoc
3299 2070 3429 2127 fecit
3473 2073 3654 2128 beatus

2073 2164 2365 2235 prapheta;
2412 2163 2463 2218 id
2485 2163 2626 2234 quod
2654 2164 2708 2218 in
2738 2163 2878 2217 aliud
2910 2172 3118 2234 tempus
3141 2163 3289 2218 vobis
3312 2180 3656 2235 reponemus,

2073 2275 2214 2313 nunc
2247 2259 2519 2313 historiam
2570 2273 2859 2327 sequamur
2896 2275 2910 2310 :
2954 2273 3126 2328 neque
3174 2259 3316 2312 enim
3357 2260 3504 2328 parvi
3549 2275 3656 2311 mo-

2073 2351 2239 2407 menti
2269 2350 2518 2422 quiddam
2548 2360 2631 2405 est
2659 2349 2801 2420 quod
2831 2349 3095 2417 subditur,
3121 2359 3177 2404 et
3214 2351 3445 2420 plurimo
3477 2350 3658 2405 labore

2074 2442 2234 2496 habet
2257 2456 2413 2511 opus,
2441 2456 2504 2494 ac
2529 2439 2865 2510 diligentiore
2897 2441 3260 2510 inquisitione,
3290 2449 3346 2494 ut
3367 2441 3655 2510 possimus,

2074 2533 2319 2588 omnibus
2339 2532 2865 2603 liquidoexploratis,
2883 2532 3105 2586 multum
3136 2532 3260 2588 hinc
3286 2534 3534 2587 utilitatis
3569 2551 3659 2587 no-

2074 2625 2184 2680 bis‘
2209 2624 2418 2680 afferre.
2439 2623 2526 2680 ‘25.
2546 2623 2711 2690 Dixit,
2727 2625 2912 2694 inquit,
2928 2623 3148 2678 Lamech
3167 2626 3405 2679 uxoribus
3422 2626 3530 2680 suis
3541 2626 3660 2679 Ade

2074 2731 2122 2774 et
2154 2718 2346 2774 Sellae:
2378 2718 2560 2772 Audite
2581 2735 2748 2772 vocem
2787 2734 2968 2784 meum,
2989 2734 3169 2772 uxores
3190 2717 3433 2780 Lomeclt,
3459 2718 3662 2772 auribus

2077 2811 2317 2883 percipite
2345 2827 2599 2866 sermones
2634 2827 2767 2864 meos
2799 2827 2816 2864 :
2847 2811 2968 2881 quia
3012 2811 3176 2864 virum
3203 2812 3365 2865 occidi
3401 2814 3455 2866 in
3481 2813 3667 2865 uulnus

2075 2904 2222 2969 nti/ti,
2263 2913 2307 2956 et
2334 2903 2764 2958 adolescentulum
2791 2904 2841 2956 in
2889 2905 3174 2957 cicatricem
3223 2905 3366 2958 nti/ti.
3400 2903 3494 2959 24.
3532 2905 3667 2972 Quia

2075 2996 2256 3065 septies
2281 2995 2406 3050 ultio
2451 3006 2654 3066 sumpta
2702 3003 2772 3050 est
2801 2995 2863 3050 de
2891 2994 3038 3060 Cain,
3068 2995 3131 3050 de
3158 2994 3378 3052 Lameclt
3429 3013 3549 3050 vero
3592 3013 3668 3050 sc-

2078 3086 2304 3158 ptuagies
2350 3087 2550 3158 septies.
2595 3086 2857 3152 Obsecro,
2903 3095 3082 3141 mente
3126 3086 3328 3142 intenta
3375 3094 3575 3154 estote,
3617 3096 3670 3143 et

2079 3178 2255 3232 omnia
2299 3193 2417 3248 quae
2467 3177 2533 3232 ad
2565 3177 2848 3253 simulares
2877 3193 3032 3233 curas
3075 3179 3364 3249 pertinent,
3393 3195 3667 3249 seponen-

2081 3277 2179 3330 tcs,
2207 3282 2329 3322 cum
2354 3267 2632 3338 diligentia
2677 3284 2799 3338 qua:
2841 3267 3114 3336 diettntur,
3161 3280 3586 3339 perscrutetnur,
3616 3281 3669 3323 ut

2081 3358 2212 3413 nihil
2239 3374 2424 3413 eorum
2475 3373 2573 3413 nos
2624 3359 2809 3426 lateat,
2843 3361 2938 3416 sed
2985 3371 3238 3432 quantum
3286 3377 3579 3434 possumus
3607 3363 3672 3418 ad

2081 3449 2398 3521 profundum
2431 3450 2678 3521 ingressi,
2708 3453 2974 3506 occultum
3004 3453 3310 3509 thesaurum
3339 3457 3527 3510 venari
3551 3471 3673 3526 pos-

2082 3544 2248 3598 simus
2279 3543 2329 3597 in
2358 3545 2539 3612 paucis
2566 3543 2668 3597 illis
2693 3543 2870 3599 verbis
2901 3545 3174 3599 latentem.
3207 3546 3350 3601 Dixit
3374 3559 3567 3612 autem,
3597 3549 3674 3602 in-

2082 3637 2216 3705 quit,
2247 3634 2466 3689 Lameclt
2511 3636 2751 3689 uxoribus
2778 3638 2884 3692 suis
2912 3637 3036 3691 Atla:
3062 3649 3108 3691 et
3139 3638 3336 3694 Sella:
3373 3639 3566 3694 Audite
3591 3656 3675 3695 so-

2083 3744 2189 3780 cem
2221 3744 2400 3789 meum,
2427 3743 2607 3781 uxores
2638 3727 2877 3794 Lomech,
2910 3729 3114 3784 auribus
3143 3731 3385 3800 percipite
3419 3747 3678 3786 sermones

2085 3835 2237 3872 meos.
2269 3819 2582 3881 Considera,
2622 3819 2864 3881 obsecro,
2895 3820 3073 3874 statim
3119 3822 3185 3874 ab
3213 3821 3383 3888 initio,
3413 3835 3674 3893 quantum

2087 3912 2160 3965 illi
2210 3911 2464 3980 profucrit
2512 3926 2667 3982 pmna
2700 3911 2832 3965 Cain
2861 3912 3112 3984 irrogata.
3145 3911 3260 3967 Non
3305 3913 3484 3968 solum
3532 3917 3676 3969 enim

2089 4017 2192 4055 non
2225 4009 2503 4070 exspectat
2545 4009 2602 4056 ut
2626 4002 2694 4056 ab
2722 4002 2828 4056 alio
2855 4013 3126 4074 arguatur,
3159 4004 3299 4075 quod
3329 4005 3381 4059 in
3433 4005 3579 4062 idem
3627 4017 3680 4060 et

2085 4093 2300 4162 gravius
2330 4104 2604 4162 peccatum
2635 4093 2814 4163 lapsus
2857 4095 2946 4161 sit,
2978 4094 3068 4148 sed
3099 4094 3244 4148 nullo
3273 4096 3356 4150 vel
3386 4107 3679 4153 aecus-inte

2089 4185 2171 4241 vel
2205 4185 2531 4254 increpante,
2562 4185 2676 4255 ipse
2711 4185 3052 4256 semetipsum
3079 4186 3420 4243 manifestum
3452 4188 3602 4256 facit,
3628 4202 3681 4245 et

2087 4276 2373 4331 confitetur
2414 4291 2532 4346 qua:
2575 4275 2714 4330 facta
2760 4276 2888 4340 sint,
2921 4275 3338 4347 mulieribusque
3369 4289 3555 4334 narrat
3585 4279 3683 4335 dc-

2090 4369 2198 4424 llcti
2231 4369 2669 4439 magnitudinem,
2702 4369 2852 4439 quasi
2884 4367 3014 4423 illud
3038 4368 3178 4440 qttod
3222 4384 3252 4422 a
3298 4371 3566 4442 prOphcta
3596 4372 3682 4425 di-

2089 4469 2233 4516 ctum
2272 4467 2373 4527 est,
2403 4459 2631 4529 impleas”
2660 4477 2675 4515 :
2702 4457 2882 4514 Justus
2909 4461 2990 4513 sui
3014 4461 3171 4531 ipsius
3217 4474 3485 4516 accusator
3522 4475 3604 4518 est
3633 4464 3686 4518 in

2092 4551 2338 4622 principio
2368 4553 2611 4607 sermonis
2643 4550 2822 4622 (Prov.
2856 4552 2940 4607 i8.
2977 4552 3089 4624 i7).
3121 4553 3414 4608 Plurimum
3438 4556 3588 4610 enim
3619 4558 3684 4612 ad

2090 4642 2423 4698 emendanda
2455 4653 2666 4712 peccata
2693 4643 2832 4697 valet
2856 4644 3356 4715 confessio.Utique
3386 4648 3529 4701 sicut
3555 4664 3688 4720 gra-

2093 4737 2213 4790 vius
2240 4745 2322 4791 est
2350 4738 2580 4807 peccatis
2625 4737 2772 4806 ipsis,
2806 4748 2925 4807 post
2969 4750 3182 4808 peccata
3209 4743 3524 4809 commissa,
3556 4758 3688 4814 pec-

2091 4837 2208 4883 cata
2254 4827 2477 4882 inficiari
2511 4846 2524 4882 :
2558 4827 2611 4882 id
2640 4829 2780 4899 quod
2827 4829 3094 4884 fratricida
3126 4831 3215 4886 ille
3247 4833 3462 4903 agebat,
3490 4845 3550 4890 et
3601 4853 3691 4890 ro-

2091 4931 2246 4992 gatus
2278 4937 2307 4974 a
2336 4921 2680 4976 misericorde
2721 4921 2853 4990 Deo,
2883 4939 2991 4978 non
3020 4924 3226 4979 solum'
3249 4943 3354 4980 non
3401 4927 3692 4986 confessus

2092 5022 2177 5068 est
2206 5011 2258 5067 id
2287 5012 2427 5084 quod
2453 5028 2614 5068 ausus
2653 5013 2822 5068 fuerat
2855 5023 3068 5084 patrare
3103 5016 3328 5086 facinus,
3365 5019 3464 5075 sed
3494 5031 3551 5076 et
3583 5023 3694 5078 Dee

2093 5105 2308 5160 mentiri
2335 5119 2496 5160 ausus
2522 5115 2606 5160 est
2637 5121 2652 5160 :
2681 5112 2736 5159 et
2762 5105 2882 5161 ideo
2908 5115 2966 5163 ut
2996 5107 3403 5178 prolongaretur
3426 5111 3539 5166 vita
3565 5129 3669 5167 sua
3689 5154 3702 5170 .

2094 5193 2240 5251 fecit.
2271 5195 2433 5267 Igitur
2460 5195 2691 5252 Lamech
2734 5197 2788 5252 in
2833 5197 2922 5253 illa
2967 5198 3080 5268 ipsa
3130 5209 3344 5267 peccata
3388 5201 3700 5260 inciderat:

2103 5283 2200 5360 sed
2229 5281 2413 5338 animo
2435 5287 2717 5351 reputans,
2743 5281 3092 5352 negationem
3111 5285 3335 5358 gravius
3353 5285 3436 5342 illi
3459 5302 3693 5356 parasse

2105 5371 2455 5442 supplicium,
2483 5371 2692 5426 vocatis
2716 5371 3196 5438 mulieribussuis,
3216 5375 3368 5428 nullo
3387 5377 3700 5447 reprehen-

2167 5532 2312 5581 I-Sex
2339 5531 2453 5583 Mss.
2481 5534 2533 5580 et
2553 5529 2725 5589 Savil.,
2747 5528 2896 5583 vobis.

2167 5597 2187 5627 ³
2215 5594 2339 5658 Reg.
2365 5599 2569 5658 unos-et
2597 5592 2748 5658 savii.
2778 5592 2851 5643 sic
2882 5593 3092 5655 habent,
3116 5597 3163 5646 et
3193 5600 3391 5658 rogatus
3420 5611 3452 5646 a
3489 5593 3698 5650 miseri-

2105 5658 2251 5710 corde
2276 5655 2394 5719 Deo,
2425 5671 2444 5704 ι
2469 5655 2554 5708 ubi
2570 5655 2686 5708 Abel
2701 5655 2854 5720 frater
2873 5662 2999 5720 tuus,
3031 5674 3048 5706 ι
3075 5671 3170 5709 non
3193 5655 3369 5709 solum.
