3796 6250
308 183 413 242 169

308 300 404 353 καὶ
425 297 504 361 εἰς
538 294 752 368 ἐκείνην
772 294 946 351 ἐλθὼν
966 294 1063 368 τήν
1074 295 1308 362 ἔννοιαν,
1327 298 1410 351 ὃτι
1439 297 1645 352 ἐκεῖνον
1676 294 1711 366 ή
1738 292 1966 363 ἄρνησις

309 384 695 456 χαλεπωτέραν
716 382 969 447 δέξασθαι
1014 383 1391 455 παρεσκεύασε
1417 385 1517 455 τὴν
1543 380 1835 453 τιμωρίαν,
1864 393 1969 431 κα-

310 470 472 535 λέσας
501 470 600 534 τὰς
658 470 851 523 ἑαυτοῦ
878 472 1160 539 γυναῖκας,
1198 468 1413 534 οὐδενὸς
1460 465 1973 536 καταναγκάζοντος

300 557 430 612 οὐδὲ
494 558 874 627 διελέγχοντος,
932 557 1094 622 αὐτὸς
1130 557 1220 611 διὰ
1242 559 1347 627 τῆς
1367 557 1571 620 οἰκείας
1606 554 1853 625 γλώττης
1876 552 1970 605 καὶ

302 638 410 716 ’τήν
436 645 724 714 ὁμολογίαν
760 644 871 697 τῶν
905 644 1308 714 ἡμαρτημένων
1342 647 1593 705 ποιεῖται,
1627 642 1723 695 καὶ
1743 639 1969 711 συγκρί-

311 749 417 786 νων
455 732 524 785 τά
551 731 642 784 ὑπ’
670 729 836 784 αὐτοῦ
884 731 1220 801 εἰργασμένα
1253 735 1363 795 τοῖς
1407 731 1560 802 παρά
1584 728 1679 782 τοῦ
1713 729 1851 782 Κάῖν
1873 744 1971 780 πε-

310 818 663 890 πραγμένοις,
706 817 879 888 ἐαυτῷ
905 818 1002 889 τὴν
1026 820 1295 890 τιμωρίαν
1321 818 1509 891 ὁρίζει.

379 989 530 1058 Εἶδες
576 988 907 1064 ’κηδεμονίαν
956 986 1249 1059 Δεσπότου,
1284 992 1403 1056 πῶς
1452 992 1546 1046 καὶ
1597 992 1653 1045 αί
1710 984 1970 1062 τιμωρίαι

308 1083 474 1136 αὑτοῦ
508 1073 697 1151 φιλανθ
707 1081 915 1151 ρωπίας
937 1072 1220 1143 ύποθέσεις
1240 1078 1365 1141 εἰσὶ,
1403 1079 1495 1132 καὶ
1520 1079 1602 1131 ὅτι
1621 1079 1682 1130 ού
1701 1078 1860 1147 μέχρι
1876 1078 1969 1130 τοῦ

306 1171 407 1240 τὴν
431 1165 700 1241 τιμωρίαν
736 1157 1024 1236 δεχομένου
1057 1166 1123 1220 τὰ
1160 1156 1260 1234 τῆς
1296 1164 1703 1235 φιλανθρωπίας
1736 1165 1968 1229 ἵσταται,

308 1255 441 1308 ἁλλά
470 1254 562 1307 καὶ¹
587 1254 698 1317 τοῖς
722 1253 925 1315 λοιποῖς
953 1254 1219 1323 χρήσιμον
1245 1248 1638 1314 κατασκευάζει
1667 1250 1728 1302 τὸ
1755 1249 1969 1320 φάρμα-

306 1358 422 1404 κον,
449 1341 498 1395 εἰ
534 1338 841 1410 βουληθεῖεν
862 1339 962 1407 τὴν
984 1334 1044 1401 ἐξ
1061 1330 1223 1389 αὑτοῦ
1246 1336 1511 1405 ὠφέλειαν
1538 1333 1967 1406 καρπώσασθαι;

308 1427 479 1481 Πόθεν
500 1426 630 1497 7&9.
655 1424 777 1478 εἰπέ
810 1434 921 1495 μοι,
960 1418 989 1476 ὁ
1021 1423 1212 1494 Λάμεχ
1234 1413 1499 1495 ἐτέρωθεν
1530 1423 1623 1476 ἐπὶ
1653 1422 1749 1494 τὴν
1774 1422 1971 1475 τοσαύ-

304 1532 406 1584 την
430 1512 814 1584 ἐξομολόγησιν
836 1510 1085 1583 ἐπείχθη,
1109 1513 1156 1565 εἰ
1177 1511 1250 1582 μὴ
1276 1510 1375 1581 τήν
1400 1511 1463 1564 ἐκ
1493 1509 1602 1565 τῶν
1621 1510 1813 1580 ἐκείνῳ
1834 1526 1971 1580 συμ-

308 1602 515 1657 ϐάντων
567 1600 869 1671 ὑπόμνησιν
907 1594 1021 1669 εἷχε
1077 1598 1337 1668 διηνεκῶς
1387 1598 1548 1652 αὑτοῦ
1598 1598 1695 1659 τὴν
1734 1596 1970 1651 διάνοιαν

306 1686 696 1743 κατασείουσαν
712 1703 725 1745 :
739 1682 903 1752 Εἷπε,
919 1686 1102 1756 φησίνο
1130 1686 1455 1740 Ἀκούσατέ
1469 1702 1589 1754 μσυ
1609 1674 1719 1754 τῆς
1738 1682 1965 1753 φωνῆς,

305 1777 405 1830 καί
426 1773 792 1829 ἐνωτίσασθέ
808 1790 926 1842 μου
962 1772 1104 1839 τοὺς
1124 1775 1366 1843 λόγους.
1405 1772 1546 1843 Ὅρα
1579 1771 1695 1835 πῶς
1713 1763 1970 1825 καθ’ἐαυ-

304 1864 395 1917 τὸν
417 1862 759 1932 δικαστήριον
792 1860 1043 1925 καθίσας,
1086 1859 1226 1914 οὕτω
1254 1860 1352 1931 τήν
1400 1861 1742 1933 παράκλησιν
1780 1860 1969 1925 αὑταῖς

305 1950 590 2019 προσάγει,
622 1946 761 2001 ὥστε
814 1948 888 2019 μὴ
936 1946 1228 2018 παρέργως
1273 1947 1528 2013 δέξασθαι
1570 1948 1640 2002 τά
1678 1946 1965 2019 λεγόμενα.

304 2040 380 2094 Τὸ
407 2040 513 2109 γὰρ
542 2040 736 2105 είπεῖν,
789 2036 1106 2093 Ἀκούσατέ
1127 2054 1247 2106 μου
1270 2036 1379 2107 τῆς
1397 2036 1623 2107 φωνῆς,
1648 2038 1747 2091 καὶ
1766 2036 1968 2091 ἐνωτί-

304 2126 498 2182 σασθέ
534 2145 655 2196 μου
694 2124 837 2192 τοὺς
869 2126 1112 2196 λόγους,
1149 2124 1306 2180 τοῦτο
1336 2126 1621 2197 δηλοῦντός
1650 2128 1794 2180 ἐστι’
1831 2127 1965 2178 Συν-

304 2214 513 2267 τείνατε
569 2213 742 2283 ὑμῶν,
778 2213 929 2282 φησὶ,
956 2212 1054 2283 τήν
1084 2212 1337 2276 διάνοιαν,
1374 2213 1468 2267 καὶ
1505 2212 1642 2284 μετά
1685 2212 1968 2284 ἀκριϐείας

304 2300 597 2371 προσέχετε
612 2293 693 2363 οἷς
712 2297 858 2370 [174]
877 2299 1020 2371 ἐρεῖν
1039 2299 1235 2370 μέλλω.
1253 2300 1387 2353 Ούδέ
1403 2301 1510 2371 γὰρ
1533 2318 1600 2352 πε
1608 2300 1660 2371 ρὶ
1673 2299 1779 2353 τῶν
1790 2300 1969 2370 τυχόν-

302 2404 408 2440 των
444 2384 570 2457 ὑμῖν
598 2385 928 2456 διαλέξομαι,
965 2384 1100 2438 ἀλλά
1129 2386 1429 2456 πράγματα
1462 2388 1591 2457 ὑμῖν
1626 2386 1968 2457 ἐξαγορεύσω

303 2474 647 2538 λανθάνοντα,
675 2474 767 2526 καὶ
792 2472 827 2526 ἂ
854 2470 1041 2543 μηδεὶς
1065 2472 1247 2543 ἕτερος
1272 2470 1427 2536 οἶδεν,
1450 2474 1564 2526 ἀλλ’
1592 2474 1625 2544 ἢ
1658 2474 1815 2544 μόνος
1836 2473 1965 2541 ἐγὼ,

303 2563 395 2615 καὶ
425 2564 454 2615 6
484 2562 779 2631 ἀκοίμητος
824 2562 1031 2624 ἐκεῖνος
1068 2559 1361 2631 ὀφθαλμὸς,
1388 2560 1446 2613 ὀν
1477 2561 1729 2624 δεδοικὼς
1754 2562 1967 2614 σπεύδω

302 2648 396 2701 καὶ
438 2648 728 2719 ἐπείγομαι
791 2646 998 2717 φανερά
1057 2648 1184 2718 ὑμῖν
1220 2651 1558 2720 καταστῆσαι
1595 2649 1664 2702 τὰ
1711 2650 1801 2702 ὑπ’
1832 2647 1965 2719 ἐμοῦ

302 2734 681 2805 πεπραγμένα,
728 2735 825 2788 καὶ
873 2734 1025 2797 ὅσαις
1088 2736 1376 2805 τιμωρίαις
1430 2732 1619 2790 ἑαυτὸν
1668 2735 1965 2790 ὑπεύθυνον

302 2821 607 2892 κατέστησα
640 2820 725 2874 διὰ
751 2820 858 2873 τῶν
888 2820 1116 2875 ἀνοσίων
1148 2822 1417 2894 πράξεων.
1441 2824 1569 2877 Ὀτι
1596 2821 1785 2892 ἄνδρα
1818 2824 1966 2878 ἀπέ-

300 2925 523 2973 metra,
578 2908 764 2978 φησὶν,
818 2909 906 2972 εἰς
945 2907 1174 2978 τραῦμα
1209 2909 1361 2978 ἐμοί,
1400 2911 1498 2964 καί
1534 2912 1860 2965 νεανίσκον
1880 2913 1965 2977 εἰς

299 2998 560 3065 μώλωπα
579 2996 727 3065 ἐμοί.
758 2994 888 3050 Ὀτι
914 2996 1160 3062 ἑπτάκις
1185 2996 1559 3065 ἐκδεδίκηται
1598 2998 1667 3051 ἐκ
1696 2997 1865 3061 Κάτν,
1898 2999 1967 3052 ἐκ

299 3086 370 3138 δὲ
389 3084 589 3155 Λάμεχ
635 3084 1141 3154 ἑϐδομηκοντάκις
1168 3081 1336 3139 ἑπτά.
1372 3087 1531 3155 Μέγα
1562 3084 1622 3140 τὸ
1656 3088 1964 3158 εἰρημένον,

302 3173 397 3225 καὶ
419 3172 622 3243 σφόδρα
656 3172 817 3242 μέγα,
852 3172 945 3225 καὶ
972 3172 1140 3242 πολλή
1165 3171 1256 3224 τοῦ
1277 3173 1468 3243 ἀνδρὸς
1497 3175 1530 3243 ή
1552 3175 1963 3245 εὐγνωμοσύνη.

301 3259 378 3313 Ού
416 3258 573 3329 μόνον
600 3257 708 3331 7&9
735 3259 986 3330 ὁμολογεῖ
1015 3259 1077 3312 τὸ
1104 3259 1344 3327 γεγονὸς,
1372 3261 1467 3313 καὶ
1514 3263 1638 3325 τοὺς
1672 3262 1865 3332 φόνους
1888 3267 1967 3328 εἰς

306 3344 467 3416 μέσον
495 3346 635 3414 ἀγει,
661 3345 754 3409 οὓς
786 3346 1098 3417 εἰργάσατο,
1129 3345 1264 3399 ἀλλὰ
1290 3347 1382 3399 καὶ
1395 3347 1483 3400 διὰ
1506 3348 1601 3419 τῆς
1628 3350 1966 3420 συγκρίσεως

302 3432 408 3484 τῶν
436 3432 527 3485 ὑπ’
557 3432 765 3486 ἐκείνου
820 3433 911 3486 καὶ
941 3432 1031 3485 ὑπ’
1058 3431 1221 3485 αὐτοῦ
1255 3434 1551 3501 γεγονότων
1593 3434 1651 3488 τὸ
1693 3436 1966 3507 ἐπιτίμιον

302 3518 478 3589 ἐαυτῷ
531 3519 822 3588 ἐπιτίθησι.
877 3518 1041 3584 Ποίας
1070 3520 1178 3590 γὰρ
1224 3520 1288 3574 ἂν
1310 3520 1418 3593 εἴη,
1452 3523 1607 3591 φησὶ,
1637 3523 1966 3596 συγγνώμης

302 3605 449 3671 ἄξιος
476 3609 504 3661 6
535 3606 666 3677 μηδὲ
699 3609 764 3678 τῇ
802 3608 988 3679 ἐτέρου
1018 3608 1254 3681 τιμωρία
1281 3612 1688 3681 σωφρονισθείς,
1713 3613 1847 3666 ἀλλά
1874 3614 1967 3667 καὶ

303 3693 521 3749 ἔναυλον
550 3693 688 3764 ἔχων
709 3695 805 3765 τὴν
830 3696 1067 3766 μνήμην,
1100 3696 1192 3748 καὶ
1228 3696 1362 3767 πρὸς
1394 3699 1486 3751 ἐπὶ
1520 3698 1726 3763 τούτοις
1746 3700 1967 3755 διπλοῦν

303 3781 672 3852 ἐργασάμενος
702 3782 859 3850 φόνον
879 3798 894 3846 ;
916 3781 1045 3835 Ὀτι
1070 3782 1279 3851 ἄνδρα,
1322 3787 1504 3856 φησὶν,
1537 3786 1857 3842 ἀπέκτεινα
1879 3791 1967 3853 εἰς

302 3867 531 3937 τραῦμα
559 3867 708 3937 ἐμοὶ,
761 3868 857 3922 καί
911 3871 1238 3923 νεανίσκον
1288 3874 1373 3937 εἰς
1399 3873 1663 3942 μώλωπα
1708 3874 1856 3944 ἐμοί.
1889 3875 1963 3928 Ού

301 3956 551 4009 τοσοῦτον
584 3956 839 4024 ήδίκησα,
889 3957 1074 4027 φησὶν,
1136 3957 1395 4021 ἐκείνους,
1438 3959 1529 4022 οὓς
1579 3960 1807 4021 ἀνεῖλον,
1842 3962 1965 4017 ὅσον

302 4041 557 4111 ἐμαυτόν.
592 4041 684 4103 Εἰς
735 4043 974 4108 ἄφυκτον
1015 4041 1124 4112 7&9
1148 4043 1414 4113 τιμωρίαν
1465 4044 1654 4098 ἐαυτὸν
1693 4047 1963 4112 ἐνέϐαλον,

303 4128 672 4198 ἁμαρτήματα
706 4128 1073 4197 ἐργασάμενος
1104 4129 1430 4199 συγγνώμης
1465 4131 1739 4187 ἐπέκεινα.
1767 4135 1829 4186 Εἰ
1855 4135 1965 4207 7&9

302 4216 507 4277 ἐκεῖνος
529 4213 670 4284 ὑπὲρ
696 4213 790 4266 τοῦ
845 4214 962 4276 ἐνὸς
995 4213 1155 4283 φόνου
1182 4215 1319 4268 ἑπτὰ
1353 4218 1644 4288 τιμωρίαις
1664 4220 1965 4287 ὑπεύθυνος

302 4300 542 4369 γέγονεν,
568 4300 678 4370 ἐγὼ
698 4300 904 4364 δίκαιος
931 4300 997 4354 ἂν
1019 4302 1136 4371 είην
1153 4302 1607 4374 ἑϐδομηκοντάκις
1631 4308 1770 4361 ἑπτὰ
1794 4326 1961 4381 τιμω-

305 4393 425 4459 ρίας
456 4389 731 4461 ὑποσχεῖν.
754 4389 909 4453 Τίνος
937 4389 1124 4443 ἕνεκεν
1152 4392 1245 4443 καί
1274 4391 1363 4445 διὰ
1386 4393 1473 4458 τίς
1508 4392 1572 4446 Εἰ
1609 4394 1717 4466 7&9
1743 4396 1838 4450 καὶ
1875 4398 1965 4467 φό-

302 4493 391 4529 νον
436 4476 640 4540 ἐκεῖνος
689 4476 1003 4548 εἰργάσατο,
1040 4476 1136 4530 καὶ
1159 4477 1389 4547 ἀδελφοῦ
1413 4480 1589 4550 φόνον,
1626 4482 1741 4536 ἀλλ’
1775 4483 1962 4539 ούδένα

298 4563 550 4617 οὐδέποτε
596 4564 857 4636 πρότερον
902 4565 1233 4636 θεασάμενος
1259 4567 1417 4621 τοῦτο
1461 4572 1817 4640 πεποιηκότα,
1841 4573 1961 4626 οὐδὲ

298 4649 527 4704 κατιδὼν
552 4650 637 4704 ἐτε
647 4668 737 4723 ρον
757 4651 845 4704 διὰ
885 4653 982 4722 τήν
1008 4654 1202 4722 πρᾶξιν
1226 4655 1627 4726 τιμωρηθὲντα,
1651 4660 1745 4711 καὶ
1773 4659 1965 4713 τοσαύο

296 4754 397 4807 της
422 4736 748 4808 πειραθέντα
777 4737 873 4807 τῆς
902 4739 1340 4807 ἀγανακτήσεως,
1365 4742 1506 4812 ἅπερ
1523 4742 1806 4816 ἀμφότερα
1837 4746 1962 4816 ἐμοὶ

297 4825 448 4889 αὔξει
474 4826 572 4889 τὰς
604 4826 873 4896 τιμωρίας
894 4843 907 4856 ·
933 4827 1016 4879 ὅτι
1037 4828 1130 4879 καὶ
1158 4828 1263 4899 πρὸ
1291 4829 1398 4881 τῶν
1414 4829 1705 4901 ὀφθαλμῶν
1739 4831 1877 4903 ἐχων
1902 4833 1963 4886 τὸ

296 4913 388 4967 ὑπ’
424 4914 629 4968 ἐκείνου
681 4913 969 4984 τολμηθὲν,
1015 4915 1107 4968 καὶ
1148 4914 1245 4985 τὴν
1294 4918 1564 4988 τιμωρίαν
1606 4920 1748 4991 ὀρῶν
1791 4919 1961 4983 οὕτως

294 5003 587 5073 ἀνήκεστον
635 5000 821 5066 οὖσαν,
845 5003 966 5056 ούδέ
994 5002 1165 5067 οὓτως
1193 5006 1619 5079 ἐσωφρονίσθην.
1654 5010 1753 5063 Διά
1802 5009 1960 5064 τοῦτο

295 5089 395 5141 κάν
440 5090 897 5161 ἑβδομηκοντάκις
924 5090 1063 5143 ἐπτὰ
1086 5092 1355 5161 τιμωρίας
1391 5095 1597 5149 ἐκείνου
1638 5098 1957 5171 ὑποσταίην,

294 5184 417 5236 οὐδὲ
436 5183 578 5238 οὓτω
605 5186 702 5255 τὴν
730 5184 888 5252 ἀξίαν
922 5184 1078 5240 δώσω
1108 5186 1287 5256 δίκην.

362 5364 431 5425 γ’.
450 5356 633 5429 Ὁρᾷς,
652 5357 920 5431 ἀγαπητέ,
940 5360 1056 5425 πῶς
1088 5361 1429 5427 αὐτεξούσιον
1451 5364 1483 5434 ή
1492 5363 1609 5433 μῶν
1624 5363 1718 5437 τήν
1738 5365 1958 5440 γνώμην

288 5444 320 5497 6
354 5442 486 5507 Θεὸς
520 5444 937 5516 ἐδημιούργησε,
973 5448 1068 5500 καὶ
1105 5447 1291 5520 ῶσπερ
1323 5449 1689 5521 ῥᾳθυμοῦντες
1722 5454 1955 5507 ὑποσκε-

288 5529 566 5601 λιζόμεθα,
599 5531 741 5585 οὕτω
792 5534 887 5587 καὶ
931 5534 1094 5604 νῆψαι
1139 5535 1489 5609 βουληθέντες
1537 5541 1844 5613 συνορῶμεν
1893 5544 1953 5598 τὸ

287 5618 437 5685 ὁὲον;
494 5618 591 5684 Τίς
647 5620 778 5691 γάρ,
837 5621 955 5676 εἰπέ
996 5640 1108 5694 μοι,
1160 5623 1347 5679 τοῦτον
1400 5627 1493 5681 ἐπὶ
1540 5629 1639 5700 τήν
1682 5631 1949 5703 τοσαύτην

288 5706 670 5778 ἐξομολόγησιν
702 5711 1066 5779 κατήπειγεν;
1098 5711 1285 5776 Οὐδεὶς
1310 5712 1513 5785 ἔτερος,
1541 5718 1708 5787 ἀλλ’ἢ
1740 5719 1798 5773 τὸ
1829 5739 1949 5775 συν-

1108 180 1174 240 S.
1213 174 1499 240 JOANNIS
1530 167 2021 237 εῑιιιγεοετοιι
2057 170 2380 234 ARCHIEP.
2417 173 2607 234 CONS'

1451 181 1499 239 :s
1530 167 2021 237 CHRYSOSTOII
2057 170 2380 234 ARCHIEP.
2417 169 2950 234 CONSTANTINOP.

3628 168 3730 220 I70

2078 290 2216 355 ειδδς
2251 290 2346 344 καὶ
2378 292 2409 344 ὀ
2445 291 2706 362 δικαστής
2747 289 2951 350 ἐκεῖνος
2976 286 3005 339 ὀ
3029 281 3342 347 ἀδέκαστος,
3378 278 3595 350 Ἐπειδὴ
3624 280 3728 348 γὰρ

2072 381 2152 442 εἰς
2210 379 2479 450 ρᾳθυμίαν
2523 377 2818 441 ἀποκλίνας
2862 377 2942 438 εἰς
2985 373 3144 445 ἔργον
3189 372 3366 443 ῆγαγε
3415 370 3516 440 τὴν
3554 369 3731 436 κακὴν

2071 466 2433 538 ἐπιχείρησιν,
2462 467 2663 529 εὐθέως
2688 464 3054 532 κατεξανιστη
3071 461 3137 514 οδ
3160 458 3401 521 συνειδὸς
3423 455 3729 511 καταϐοῶν.

2071 555 2165 608 καὶ
2193 554 2297 606 τῶν
2325 553 2747 625 ἁμαρτηθέντων
2774 552 2836 605 τὸ
2866 548 3113 622 μέγεθος,
3142 548 3238 600 καὶ
3267 546 3416 607 ὅσαις
3444 543 3732 614 τιμωρίαις
3764 554 3778 567 ⁴

2070 643 2260 697 ἑαυτὸν
2292 643 2588 697 ὑπεύθυνον
2620 643 2929 714 εἰργάσατο.
2964 638 3213 692 Τοιοῦτον
3237 635 3346 706 7&9
3377 626 3411 701 ἢ
3448 632 3730 704 ἁμαρτία·

2070 731 2199 801 πρὶν
2231 730 2262 801 ἢ
2296 731 2394 801 μὲν
2418 730 2526 801 7&9
2554 729 2917 800 παραχθῆναι,
2954 720 3047 779 καὶ
3084 726 3162 787 εἰς
3200 724 3358 794 ἔργον
3380 721 3573 782 ἐλθεῖν,
3602 737 3732 773 σκο-

2069 821 2154 871 τοῖ
2173 815 2263 870 τὸν
2282 817 2561 887 λογισμὸν,
2597 819 2694 871 καὶ
2734 816 2919 885 ἀπατᾷ
2954 812 3051 883 τὴν
3076 812 3312 866 διάνοιαν
3332 826 3346 840 ·
3385 808 3523 861 ἐπὰν
3558 806 3615 859 δέ
3637 823 3731 858 τε-

2070 900 2288 971 λειωθῇ,
2318 902 2438 953 τότε
2470 900 2635 970 δήλην
2660 897 2923 969 ήμῖν.τήν
2964 896 3132 965 αὐτῆς
3161 893 3389 947 ἀτοπίαν
3421 890 3731 959 καθίστησι,

2070 986 2163 1039 καὶ
2199 987 2233 1056 ἡ
2283 984 2507 1056 βραχεῖα
2550 987 2732 1055 ἐκείνη
2788 986 2882 1039 καί¹
2923 984 3119 1047 ἄτοπος
3162 979 3323 1051 ἡδονὴ
3362 976 3583 1049 διηνεκῆ
3632 984 3733 1044 τὴν

2068 1073 2260 1143 ὀδύνην
2301 1075 2431 1144 ήμῖν
2476 1072 2743 1144 ἀντίθησι,
2793 1072 2889 1125 καὶ
2934 1069 3028 1123 τοῦ
3079 1067 3375 1128 συνειδότος
3419 1064 3733 1133 ἀφαιρεῖται

2070 1158 2165 1229 τὴν
2207 1160 2538 1232 παρρησίαν,
2568 1161 2659 1213 καὶ
2694 1157 2919 1229 αἰσχύνῃ
2945 1154 3256 1226 περιϐάλλει
3297 1154 3388 1206 τὸν
3418 1151 3630 1205 ἁλόντα.
3672 1151 3732 1201 ὐ

2070 1247 2177 1318 7&9
2205 1247 2577 1319 φιλάνθρωπος
2618 1246 2892 1315 Δεσπότης
2920 1240 3160 1297 τοιοῦτον
3190 1241 3319 1311 ἡμῖν
3362 1239 3453 1292 τὸν
3498 1244 3733 1307 κατήγοο

2071 1351 2164 1406 ρον
2193 1334 2379 1397 τοῦτον
2424 1335 2741 1404 ἐπέστησεν,
2763 1330 2839 1396 ὡς
2871 1331 3135 1402 μηδέποτε
3164 1329 3410 1399 ⁴Ιγρεμεῖν,
3438 1325 3549 1380 ἀλλ’
3580 1326 3733 1378 ἀδια-

2068 1421 2301 1485 λείπτως
2364 1422 2586 1475 συνόντα
2639 1418 2942 1491 καταϐοᾷν,
2982 1417 3075 1470 καὶ
3130 1415 3284 1485 δίκην
3331 1415 3575 1467 ἀπαιτεῖν
3618 1413 3730 1464 τῶν

2069 1511 2637 1582 πεπλημμελημένων.
2689 1512 2798 1566 Καὶ⁵
2831 1510 2985 1566 τοῦτο
3040 1509 3105 1563 ἀν
3145 1524 3228 1570 τις
3284 1500 3382 1559 ίδοι
3438 1504 3621 1575 σαρῶς
3669 1504 3733 1567 ἐξ

2068 1598 2246 1652 αὐτῶν
2277 1599 2385 1653 τῶν
2409 1599 2766 1670 πραγμάτων.
2814 1599 2872 1650 ὐ
2900 1597 3008 1667 7&9
3047 1595 3262 1667 πόρνος,
3311 1592 3343 1664 ἢ
3384 1593 3413 1644 ὁ
3459 1592 3665 1663 μοιχὸς,
3693 1592 3727 1661 ἢ

2066 1688 2095 1740 6
2134 1685 2315 1758 ἐτερόν
2354 1704 2405 1740 τι
2444 1685 2680 1739 τοιοῦτον
2726 1683 3101 1756 εἰργασμένος,
3154 1680 3257 1734 κᾶν
3302 1680 3505 1742 πάντας
3544 1677 3729 1730 λαθεῖν

2066 1772 2287 1844 δυνηθῇ,
2316 1772 2434 1826 ούδέ
2465 1771 2636 1836 οὕτως
2671 1774 2729 1824 ἐν
2759 1770 2963 1843 ἠρεμίᾳ
3004 1768 3196 1837 διάγει,
3239 1767 3350 1821 ἀλλ’
3380 1766 3515 1837 ἔχων
3539 1763 3728 1817 τοῦτον

2065 1858 2156 1912 τὸν
2180 1850 2425 1931 σφοδρὸν,
2466 1859 2773 1929 κατήγορον
2798 1859 2896 1920 τὰς
2922 1854 3155 1924 ὑποψίας
3194 1853 3416 1916 δέδοικε,
3441 1851 3538 1914 τάς
3568 1852 3726 1912 σκιὰς

2064 1945 2277 2017 τρέμει,
2301 1948 2424 2009 τοὺς
2456 1946 2680 2012 εἰδότας,
2708 1946 2833 2011 τοὺς
2859 1945 2957 1998 οὐκ
2994 1943 3219 2009 εἰδότας,
3243 1942 3458 2011 διηνεκῆ
3482 1938 3728 2009 χειμῶνα

2066 2035 2203 2105 ἔχων
2237 2037 2294 2088 ἐν
2330 2036 2472 2106 ψυχῇ
2512 2035 2605 2089 καὶ
2647 2033 2863 2107 κύματα
2903 2030 3199 2102 ἐπάλληλα.
3247 2029 3357 2082 Καὶ
3396 2028 3521 2080 οὔτε
3558 2025 3726 2089 ὕπνος

2065 2124 2142 2194 τῷ
2178 2123 2400 2193 τοιούτῳ
2446 2123 2594 2193 ήδὺς,
2638 2122 2771 2175 ἀλλὰ
2807 2122 2968 2192 φόϐου
3004 2122 3099 2174 καὶ
3136 2119 3402 2189 δειμάτων
3435 2116 3727 2186 πεπληρω-

2069 2211 2253 2281 μένος·
2289 2209 2411 2263 οὗτε
2439 2210 2611 2281 τροφὴ
2636 2210 2826 2281 ἡδονὴν
2867 2210 3085 2281 ἔχουσα,
3120 2207 3243 2261 οῦτε
3281 2204 3511 2268 διάλεξις
3556 2204 3727 2273 φίλων

2063 2299 2155 2351 τὸν
2193 2297 2431 2351 τοιοῦτον
2474 2300 2800 2369 μεταγαγεῖν
2855 2298 3163 2367 δυνήσεται,
3203 2295 3237 2365 ἢ
3285 2292 3589 2357 ἀπαλλάξαι
3632 2291 3725 2344 τοῦ

2065 2386 2271 2452 ἀγῶνος
2299 2385 2391 2439 τοῦ
2441 2386 2815 2456 ἐπικειμένου·
2864 2384 2997 2439 ἀλλά
3042 2382 3289 2452 καθάπερ
3334 2381 3524 2451 δήμιον
3566 2396 3727 2447 περι-

2066 2474 2243 2544 φέρων
2289 2474 2676 2538 καταξαίνοντα
2724 2473 2885 2527 αύτδν
2932 2473 3027 2526 καὶ
3069 2470 3397 2541 μαστίξαντα
3442 2467 3725 2538 διηνεκῶς,

2063 2558 2206 2613 οὕτω
2249 2560 2387 2631 μετά
2440 2560 2537 2629 τήν
2585 2561 2783 2613 ἄτοπον
2839 2559 3037 2628 πρᾶξιν
3092 2557 3305 2626 ἐκείνην
3358 2556 3725 2627 περιέρχεται,

2065 2651 2273 2715 οὐδενὸς
2308 2650 2527 2717 εἰδότος,
2560 2650 2660 2713 τάς
2706 2650 3009 2721 ἀφορήτους
3052 2646 3263 2710 ἐκείνας
3310 2642 3575 2715 τιμωρίας
3625 2644 3729 2697 ύπ-

2066 2738 2223 2809 έχων,
2258 2740 2351 2792 καί
2377 2740 2635 2809 δικαστὴς
2662 2736 2854 2791 ἐαυτοῦ
2882 2737 3163 2807 γινόμενος
3189 2734 3282 2788 καὶ
3307 2735 3627 2806 κατήγορος.

2147 2826 2284 2880 ’Δλλ’
2336 2830 2366 2880 6
2417 2826 2587 2880 ταῦτα
2640 2825 2997 2897 εἰργασμένος
3043 2823 3138 2878 ὲάν
3192 2822 3424 2894 βουληθῇ
3478 2825 3554 2885 εἰς
3608 2822 3728 2874 δέον

2063 2914 2367 2985 χρήσασθαι
2394 2917 2459 2986 τῇ
2497 2914 2603 2969 ἀπὸ
2633 2913 2724 2967 τοῦ
2760 2912 3054 2975 συνειδότος
3088 2909 3329 2981 βοηθείᾳ,
3374 2909 3467 2962 καὶ
3500 2910 3594 2962 ἐπὶ
3629 2909 3729 2978 τὴν

2063 2999 2445 3073 ἐξομολόγησιν
2493 3002 2601 3055 τῶν
2650 3000 3047 3072 πεπραγμένων
3104 2998 3457 3069 ἐπειχθῆναι,
3503 2998 3598 3050 καὶ
3647 2997 3729 3065 τῷ

2067 3088 2232 3161 ἰατρῷ
2265 3084 2433 3157 δεῖξαι
2464 3090 2524 3144 τὸ
2549 3089 2725 3153 ἕλκος,
2758 3089 2836 3160 τῷ
2866 3086 3218 3159 θεραπεύοντι
3261 3087 3357 3139 καὶ
3407 3085 3481 3156 μὴ
3530 3083 3729 3137 ὀνειδί-

2064 3177 2230 3241 ζοντι,
2262 3178 2355 3231 καὶ
2385 3178 2453 3232 τὰ
2487 3177 2615 3249 παρ’
2641 3177 2848 3231 ἐκείνου
2883 3176 3148 3246 φάρμακα
3190 3172 3458 3238 δέξασθαι,
3496 3173 3591 3231 καὶ
3627 3173 3727 3241 μό-

2064 3281 2151 3327 νος
2175 3264 2323 3335 αύτῷ
2353 3264 2716 3337 διαλεχθῆναι,
2745 3264 2969 3335 μηδενὸς
2990 3262 3207 3327 εἰδότος,
3241 3262 3332 3315 καὶ
3356 3261 3531 3313 πάντα
3554 3260 3729 3311 εἰπεῖν

2068 3350 2205 3421 μετὰ
2248 3350 2553 3423 ἀκριϐείας,
2589 3355 2806 3421 ταχεῖαν
2855 3352 3135 3421 ποιήσεται
3178 3349 3276 3419 τὴν
3311 3347 3592 3419 διόρθωσιν
3618 3346 3727 3397 τῶν

2064 3439 2462 3510 ἐπταισμένων.
2504 3440 2567 3491 Ἥ
2607 3438 2714 3509 7&9
2734 3438 2990 3509 ὁμολογία
3029 3436 3135 3490 τῶν
3183 3434 3583 3507 ἡμαρτημένων
3619 3434 3729 3501 ἀφε-

2064 3525 2287 3597 ανισμδς
2314 3525 2521 3594 γίνεται
2543 3526 2649 3578 τῶν
2680 3524 3184 3595 πλημμελημάτων.
3202 3520 3353 3594 [HS]
3384 3522 3445 3573 Εἰ
3473 3520 3583 3591 7&9
3604 3519 3671 3590 δὴ
3700 3521 3730 3573 ὁ

2065 3612 2256 3684 Λάμεχ
2282 3607 2436 3675 οὗτος
2460 3615 2578 3676 ταῖς
2602 3611 2794 3664 ἑαυτοῦ
2822 3609 3031 3680 γυναιξὶ
3064 3612 3188 3674 τοὺς
3220 3609 3349 3680 παρ’
3377 3607 3537 3661 αύτοῦ
3569 3624 3730 3675 γενοο

2066 3700 2260 3770 μένους
2298 3702 2491 3770 φόνους
2534 3698 2887 3768 ἐξαγορεῦσαι
2930 3698 2991 3751 ού
3044 3698 3413 3770 παρῃτήσατο,
3465 3694 3625 3757 ποίας
3661 3694 3730 3746 ἂν

2064 3790 2254 3858 εἰήμεν
2289 3786 2616 3858 συγγνώμης
2660 3786 2820 3851 ἄξιοι,
2857 3785 2933 3857 τῷ
2962 3786 3138 3839 πάντα
3172 3784 3309 3855 μετά
3336 3780 3620 3853 ἀκριϐείας
3653 3783 3732 3833 εἰ-

2062 3874 2173 3928 δότι
2215 3874 2282 3928 τά
2320 3875 2560 3948 ἡμέτερα
2607 3873 3048 3945 πλημμελήματα
3090 3871 3163 3942 μὴ
3198 3870 3503 3940 βουλόμενοι
3536 3867 3733 3934 ἐξαγοο

2065 3960 2243 4031 ρεύειν
2284 3962 2351 4015 τά
2381 3960 2777 4033 ἡμαρτημένας
2818 3961 2907 4029 Μὴ
2944 3958 3048 4030 γὰρ
3079 3958 3265 4028 ἐπειδὴ
3306 3958 3506 4024 ἀγνοεῖ,
3535 3956 3731 4026 μαθεῖν

2065 4048 2307 4118 βούλεται
2334 4066 2349 4114 ;
2382 4050 2494 4102 Ούκ
2522 4048 2707 4119 ἐπειδὴ
2733 4050 2933 4116 ἀγνοεῖ,
2966 4046 3058 4116 τὴν
3102 4047 3228 4115 παρ’
3255 4044 3409 4114 ήμῶν
3436 4043 3731 4114 ὁμολογίαν

2063 4136 2308 4207 ἐπιζητεῖ
2327 4138 2355 4189 6
2382 4136 2556 4190 πάντα
2584 4134 2737 4198 εἰδὼς
2762 4134 2889 4205 πρὶν
2919 4132 3181 4202 γενέσεως
3214 4129 3411 4192 αὐτῶν,
3442 4129 3578 4182 ἀλλά
3608 4130 3731 4198 βου·-

2062 4222 2284 4293 λόμενος
2311 4224 2458 4294 ήμᾶς
2485 4222 2618 4293 ὁμοῦ
2658 4224 2753 4275 καὶ
2791 4220 3040 4291 αἴσθησιν
3073 4218 3255 4272 λαϐεῖν
3285 4217 3392 4270 τῶν
3422 4216 3729 4285 ἐπταισμέ-

2062 4327 2168 4364 νων
2194 4308 2283 4364 διὰ
2316 4312 2413 4381 τῆς
2436 4310 2741 4379 ὁμολογίας,
2772 4309 2865 4362 καὶ
2894 4309 2991 4379 τήν
3028 4304 3441 4376 εὐγνωμοσύνην
3464 4304 3565 4374 τὴν
3598 4306 3731 4372 παρ’

2064 4399 2268 4452 ἑαυτῶν
2296 4396 2679 4461 ἐπιδείξασθαι.
2713 4395 2805 4467 Μὴ
2839 4394 2946 4467 7&9
2974 4396 3227 4465 χρήματα
3250 4395 3463 4445 ἔπεστιν
3491 4391 3728 4445 ἐνταῦθα

2061 4485 2404 4554 δαπανῆσαι;
2448 4485 2522 4555 μή
2553 4484 2661 4555 γὰρ
2687 4484 2803 4536 ὁδὸν
2834 4483 3049 4553 μακράν
3098 4479 3442 4544 στείλασθαι;
3499 4479 3575 4550 μὴ
3620 4473 3729 4548 γάῤ

2059 4572 2251 4643 ὀδύνην
2296 4571 2389 4625 καὶ
2437 4571 2726 4642 ἀλγήματα
2778 4569 3005 4640 παρέχει
3044 4568 3077 4639 ή
3131 4567 3343 4638 ἰατρεία
3385 4564 3564 4636 αὖτη;
3621 4568 3732 4619 Καὶ

2060 4660 2330 4724 ἀδάπανός
2360 4660 2498 4723 ἐστι,
2535 4658 2629 4712 καὶ
2674 4656 2959 4720 ἀνώδυνος,
3008 4657 3102 4710 καὶ
3145 4657 3361 4725 ταχεῖαν
3409 4654 3732 4724 παρέχουσα

2058 4749 2157 4819 τὴν
2195 4748 2508 4818 θεραπείαν.
2539 4746 2682 4818 Πρὸς
2711 4747 2820 4817 7&9
2852 4746 2941 4799 τὸν
2982 4746 3133 4800 τόνον
3177 4745 3276 4815 τῆς
3306 4742 3600 4805 διαθέσεως
3634 4741 3730 4795 τοῦ

2060 4837 2393 4906 προσιόντος,
2426 4834 2568 4889 οὕτω
2609 4835 2701 4889 καὶ
2730 4836 2798 4889 τὰ
2822 4835 3083 4905 φάρμακα
3120 4831 3228 4886 τῶν
3268 4832 3595 4903 τραυμάτων
3628 4850 3730 4901 χα-

2061 4923 2268 4995 ρίζεται
2292 4926 2321 4977 ὀ
2343 4922 2636 4992 Δεσπότης.
2685 4923 2743 4974 '0
2784 4921 2961 4975 τοίνυν
2995 4921 3315 4991 βουλόμενος
3348 4919 3539 4973 θᾶττον
3591 4920 3729 4991 πρὸς

2059 5014 2267 5083 ὑγίειαν
2297 5014 2629 5077 ἐπανελθεῖν,
2662 5014 2755 5067 καὶ
2780 5012 2846 5066 τά
2875 5012 2975 5083 τῆς
2997 5011 3171 5082 ψυχῆς
3200 5010 3331 5081 ἕλκη
3364 5008 3729 5081 θεραπεῦσαι,

2061 5104 2197 5175 μετά
2226 5104 2438 5175 νήψεως
2468 5102 2757 5175 προσιέτω,
2788 5102 3003 5156 πάντων
3044 5100 3234 5155 ἐαυτὸν
3266 5101 3580 5171 ἀποστήσας
3621 5101 3730 5154 τῶν

2058 5192 2345 5261 βιωτικῶν,
2381 5190 2558 5263 θερμὰ
2604 5190 2812 5265 δάκρυα
2846 5190 3142 5261 προχεέτω,
3174 5188 3495 5260 προσεδρίαν
3526 5189 3727 5258 πολλὴν

2056 5278 2465 5345 ἐπιδεικνύσθω,
2494 5280 2674 5333 πίστιν
2723 5279 2923 5351 ἀκριϐῆ
2972 5278 3289 5349 εἰσφερέτω,
3320 5279 3414 5332 καί
3452 5278 3727 5350 θαρρείτω

2055 5367 2149 5421 τοῦ
2183 5365 2365 5438 ἰατροῦ
2395 5370 2462 5439 τῇ
2490 5367 2671 5437 τέχνῃ,
2703 5367 2791 5419 καὶ
2838 5366 3177 5437 παραχρῆμα
3209 5367 3306 5437 τῆς
3342 5366 3552 5433 ὑγιείας
3586 5366 3728 5418 ἀπο-

2056 5456 2328 5509 λαύσεται.
2357 5449 2509 5517 Εἶδες
2544 5453 2725 5524 ἰατροῦ
2763 5453 3067 5523 ῳιλοτιμίαν
3098 5453 3297 5516 παντὸς
3332 5454 3537 5522 πατρὸς
3575 5456 3727 5523 (90.0-

2060 5544 2314 5615 στοργίαν
2347 5541 2782 5611 ἀποκρύπτοντος
2808 5558 2821 5605 ;
2852 5540 2944 5612 Μὴ
2972 5539 3080 5612 7&9
3112 5539 3249 5611 βαρύ
3288 5558 3337 5594 τι
3368 5542 3459 5593 καὶ
3490 5542 3729 5611 ἐπαχθὲς

2059 5633 2188 5703 παρ’
2208 5633 2241 5702 ή
2250 5629 2365 5702 μῶν
2385 5629 2662 5699 ἐπιζητεῖς
2694 5627 2986 5698 Συντριϐὴν
3008 5628 3252 5698 καρδίας,
3274 5628 3537 5697 λογισμοῦ
3570 5629 3729 5681 κατά-

2057 5721 2224 5785 νυξιν,
2254 5718 2540 5790 ὁμολογίαν
2559 5715 2913 5787 πταίσματος,
2944 5715 3267 5787 προσεδρίαν
3298 5716 3725 5789 συντεταμένην·
