3754 6254
123 3 151 7 ζ
409 5 553 12 -ῄ

127 159 231 217 169

121 274 283 330 dente
308 273 389 330 vel
417 282 693 347 arguente,
723 275 836 346 ipse
864 291 959 333 sua
988 278 1166 350 lingua
1209 290 1265 340 et
1307 283 1698 340 confessionem

123 376 459 437 peccatorum
489 367 618 433 edit,
648 376 704 424 et
726 368 1008 427 conferens
1050 387 1170 441 quae
1198 387 1228 427 a
1271 387 1332 429 se
1362 372 1499 447 facta
1522 387 1698 446 erant,

120 473 241 513 cum
269 457 335 513 iis
353 474 473 529 quae
500 473 530 512 a
559 456 713 524 Cain,
741 475 951 530 paenam
984 461 1189 534 sibiipsi
1215 463 1420 519 definit.

192 544 355 603 Parua
404 544 600 603 occasio
650 548 1030 607 misericordiae.
1079 582 1152 593 —
1175 553 1363 609 Vidisti
1408 555 1699 625 providen-

117 640 243 693 tiam
292 640 535 708 Domini,
596 640 865 711 quomodo
908 659 1082 713 parum
1124 645 1266 701 illius
1311 648 1524 703 occasio
1573 657 1699 704 sunt

116 728 532 797 misericordize,
560 742 614 785 et
657 730 1023 788 misericordia
1070 750 1175 789 non
1208 735 1382 791 solum
1432 736 1501 792 ad
1548 736 1695 793 illum

114 823 364 892 pertingit
385 822 471 892 qui
508 835 661 892 pmna
697 824 962 892 plectitur,
994 826 1087 881 sed
1114 832 1168 882 et
1207 829 1388 883 multis
1417 828 1535 885 aliis
1569 829 1697 888 utile

110 910 275 965 efﬁcit
319 911 451 967 illud
506 913 823 980 remedium,
865 916 1026 971 modo
1079 918 1246 973 velint
1291 918 1416 977 inde
1465 920 1695 979 fructum

112 1002 345 1072 capere?
392 1002 547 1059 Unde
594 1004 757 1072 enim,
790 1006 897 1073 die,
943 1023 1144 1077 quaeso,
1174 1009 1403 1066 Lamech
1446 1013 1514 1069 ad
1559 1015 1697 1072 hanc

110 1094 504 1150 confessionem
554 1095 815 1151 adductus
868 1107 1029 1165 esset,
1077 1101 1179 1155 nisi
1226 1117 1408 1159 eorum
1457 1120 1574 1176 qua:
1618 1107 1694 1161 illi

110 1186 466 1255 contigerunt,
496 1187 809 1242 memoriam
855 1187 1149 1258 habuisset,
1182 1207 1303 1262 quas
1345 1193 1490 1250 illius
1515 1198 1691 1251 conti-

110 1290 210 1329 nuo
240 1286 476 1332 mentem
519 1278 893 1334 concutiebat?
930 1279 1097 1347 Dixit,
1134 1284 1307 1354 inquit
1337 1303 1351 1339 :
1397 1286 1581 1343 Audite
1609 1305 1695 1343 vo-

108 1383 207 1421 cem
252 1385 437 1431 meam,
465 1377 512 1423 et
550 1369 757 1423 auribus
801 1373 1041 1444 percipite
1077 1390 1331 1431 sermones
1371 1394 1527 1434 meos.
1560 1380 1692 1437 Vide

108 1459 375 1527 quomodo
398 1473 585 1515 contra
613 1461 848 1531 seipsum
874 1462 1133 1531 judicium
1164 1467 1446 1525 considere
1474 1468 1616 1537 facit,
1637 1482 1692 1528 et

109 1565 192 1606 eas
237 1550 344 1606 huc
374 1553 536 1607 modo
562 1554 825 1622 hortatur,
856 1571 923 1612 ne
950 1556 1092 1614 dicta
1132 1561 1460 1632 negligenter
1480 1565 1691 1636 accipe-

108 1654 239 1695 rent.
295 1644 530 1698 Dicenda
579 1645 744 1710 enim,
778 1646 962 1701 Audite
986 1665 1155 1704 uocem
1199 1668 1386 1722 meam,
1410 1663 1458 1709 et
1482 1655 1689 1711 auribus

109 1733 344 1801 percipite
364 1749 619 1789 sermones
646 1752 801 1804 meos,
830 1737 1061 1794 Mentem
1092 1748 1348 1809 vestram,
1378 1744 1567 1815 inquit,
1601 1746 1686 1801 in-

108 1834 305 1879 tentam
332 1826 585 1895 praebete,
606 1838 661 1883 et
689 1828 973 1901 diligenter
997 1835 1292 1891 auscultate
1310 1851 1428 1907 quae
1447 1837 1687 1896 dicturus

105 1932 236 1971 sum.
283 1917 401 1972 Non
444 1919 588 1974 enim
623 1920 693 1976 de
732 1922 895 1979 rebus
936 1924 1240 1995 vulgaribus
1281 1928 1433 1984 vobis
1478 1930 1683 2001 loquar,

103 2010 186 2063 sed
206 2011 445 2066 occultas
466 2013 719 2082 quasdam
746 2030 833 2069 res
856 2016 1006 2071 vobis
1031 2020 1289 2088 aperiam,
1311 2030 1366 2076 et
1390 2023 1687 2081 conﬁtebor

103 2115 157 2152 ea
178 2117 305 2170 quae
328 2102 503 2157 nullus
528 2104 664 2159 alius
693 2104 814 2174 scit,
846 2107 939 2163 sed
969 2109 1116 2164 solus
1140 2126 1260 2182 ego,
1290 2124 1344 2168 et
1369 2116 1558 2171 oculus
1594 2119 1683 2174 ille

103 2193 181 2260 qui
213 2193 384 2263 sopiri
412 2194 602 2258 nescit,
630 2213 787 2266 quem
833 2199 1026 2254 timens
1063 2200 1263 2257 festino
1294 2214 1348 2259 et
1385 2206 1599 2274 anhelo,
1624 2218 1683 2265 ut

100 2283 240 2337 vobis
272 2285 452 2354 palam
478 2285 661 2341 faciam
686 2304 746 2343 ea
770 2305 888 2360 quae
918 2307 947 2345 a
977 2309 1061 2348 me
1082 2303 1204 2349 sunt
1227 2306 1365 2365 acta,
1390 2308 1443 2352 et
1468 2302 1681 2369 quantis

101 2374 263 2441 pmuis
297 2391 397 2445 ego
443 2378 703 2447 meipsum
749 2381 964 2435 nefariis
990 2385 1239 2453 operibus
1268 2388 1555 2443 obnoxium
1599 2392 1679 2447 fe-

98 2466 271 2518 cerint.
321 2465 457 2533 Quia
492 2467 652 2521 virum
696 2470 859 2525 occidi
906 2472 958 2526 in
1006 2475 1187 2530 vulnus
1230 2478 1384 2543 milii,
1426 2490 1473 2533 et
1502 2481 1679 2536 adole-

99 2568 303 2611 scentem
356 2560 411 2612 in
462 2561 749 2616 cicatricem
801 2564 947 2619 mihi.
1014 2566 1268 2633 Quoniam
1318 2572 1499 2642 septies
1549 2575 1675 2632 ultio

96 2661 285 2719 sumpta
314 2654 481 2707 estde
505 2652 649 2716 Cain.
679 2657 743 2709 de
790 2656 1007 2714 Lamech
1055 2673 1222 2717 autem
1265 2670 1550 2740 scptuagies
1590 2689 1674 2726 se-

98 2742 230 2801 ιιιὶεε.
259 2742 507 2813 Magnum
534 2746 657 2814 quid
680 2745 878 2803 dictum
907 2760 1009 2818 est,
1039 2763 1093 2806 et
1120 2754 1275 2810 valde
1306 2773 1553 2829 magnum
1580 2780 1593 2815 :
1621 2763 1673 2817 in

96 2833 371 2903 multisque
414 2836 584 2890 bonus
631 2837 730 2893 viri
773 2839 983 2896 animus
1022 2853 1311 2912 spectatur.
1356 2849 1472 2904 Non
1500 2852 1671 2908 solum

94 2923 219 2975 enim
263 2922 465 2979 factum
512 2927 817 2995 conﬁtetur,
843 2940 897 2985 et
939 2933 1115 2988 etedes
1157 2936 1225 2991 ab
1269 2952 1328 2993 se
1358 2951 1593 3009 patratas
1617 2944 1669 2999 in

94 3016 312 3072 medium
344 3018 519 3084 affert,
549 3021 643 3076 sed
671 3031 725 3077 et
751 3038 962 3092 poenam
1003 3027 1102 3081 sibi
1143 3029 1321 3099 infert,
1353 3048 1671 3105 comparans

97 3118 360 3173 peccatum
406 3124 563 3165 suum
596 3121 818 3181 peccato
842 3115 1014 3175 Caini.
1054 3117 1169 3185 Qua
1198 3122 1339 3175 enim
1381 3127 1554 3192 venia,
1583 3127 1667 3182 in-

91 3199 205 3266 quit,
231 3199 399 3256 fuerit
419 3202 630 3274 dignus,
658 3205 746 3275 qui
772 3205 990 3262 alterius
1017 3223 1172 3279 paena
1196 3213 1533 3271 emendatior
1558 3234 1663 3273 non
1688 3214 1693 3217 ’

90 3289 154 3356 fit,
183 3294 276 3347 sed
319 3305 595 3351 recentem
639 3306 695 3352 et
724 3297 930 3354 ﬁrmant
962 3300 1164 3359 habens
1194 3305 1310 3374 ejus
1352 3312 1664 3366 memoriam

88 3384 289 3454 insuper
330 3385 533 3455 duplex
586 3388 930 3446 homicidium
986 3397 1252 3465 patravit?
1298 3398 1431 3466 Quia
1478 3403 1661 3469 virum,

88 3475 265 3545 inquit,
296 3478 463 3531 occidi
485 3479 539 3532 in
566 3482 744 3535 vulnus
771 3483 914 3548 mihi,
946 3494 993 3539 et
1021 3486 1387 3545 adolescentem
1431 3492 1483 3548 in
1528 3495 1661 3549 cica-

88 3578 239 3620 tricem
270 3569 422 3622 mihi.
455 3568 571 3625 Non
611 3579 835 3643 tantum,
863 3575 1054 3647 inquit,
1082 3581 1238 3635 nocui
1266 3582 1371 3638 illis
1404 3600 1538 3655 quos
1566 3602 1660 3642 oc-

85 3657 191 3722 cidi,
219 3668 481 3729 quantunt
524 3662 776 3733 mihiipsi.
825 3665 881 3721 ln
919 3683 1132 3737 pmnam
1160 3672 1304 3728 enim
1339 3691 1498 3745 quam
1528 3678 1660 3733 eﬁ‘u-

86 3765 189 3815 gere
215 3766 320 3805 non
352 3767 593 3821 possum,
625 3757 885 3828 meipsum
914 3762 1140 3832 conjeci,
1169 3776 1385 3834 peccata
1407 3780 1660 3841 operatus

86 3852 230 3904 tanta,
255 3859 381 3914 quae
402 3846 612 3901 veniam
636 3864 741 3903 non
770 3862 1065 3909 merentur.
1087 3855 1219 3911 Nam
1246 3860 1290 3912 si
1321 3860 1406 3915 ille
1434 3876 1530 3931 pro
1550 3879 1656 3920 una

83 3936 206 3991 czede
234 3947 447 4008 septem
484 3943 655 4009 poenis
693 3942 958 4002 obnoxius
1006 3947 1177 4006 factus
1204 3963 1306 4020 est,
1336 3969 1435 4024 ego
1464 3956 1654 4028 dignus

83 4026 249 4082 fuerim
282 4028 376 4099 qui
401 4031 703 4102 septuagies
733 4034 930 4104 septies
954 4052 1163 4108 ptenam
1195 4041 1357 4097 luam.
1384 4026 1546 4116 Cujus
1573 4050 1652 4104 rei

81 4121 248 4187 gratia,
286 4130 344 4177 et
384 4124 590 4193 quare?
632 4124 763 4181 Nam
809 4128 934 4185 licet
976 4132 1181 4188 ctedem
1227 4135 1315 4189 ille
1343 4141 1648 4210 patraverit,

81 4227 283 4285 eamque
333 4214 538 4283 fratris,
578 4227 810 4275 attamen
856 4224 1003 4279 nullo
1048 4242 1297 4298 umquam
1340 4240 1494 4288 antea
1523 4249 1650 4290 con-

79 4315 239 4368 specto
263 4306 361 4376 qui
393 4306 495 4362 hoc
534 4310 766 4379 fecisset,
802 4329 976 4385 neque
1019 4317 1125 4372 alio
1166 4320 1280 4375 viso
1305 4324 1393 4392 qui
1437 4339 1648 4396 poenam

80 4390 297 4451 dedisset
338 4396 604 4466 ejusmodi
655 4401 924 4468 facinoris,
957 4415 1013 4462 et
1058 4417 1255 4465 tantam
1286 4390 1417 4469 iram
1438 4390 1649 4475 'fuisset

78 4496 327 4554 expertus,
359 4504 481 4560 quae
507 4501 731 4563 utraque
759 4496 888 4551 mihi
912 4514 1099 4569 poenas
1118 4514 1312 4574 augent
1337 4524 1350 4560 :
1376 4508 1496 4577 quia
1523 4520 1647 4567 ante

77 4577 233 4634 oculos
279 4579 489 4639 habens
531 4584 673 4655 quod
717 4586 786 4643 ab
826 4588 920 4645 illo
967 4603 1328 4664 perpetratum
1373 4597 1566 4666 fuerat,
1593 4612 1648 4658 et

78 4687 264 4740 patiam
295 4679 488 4736 videns
520 4682 601 4736 sic
645 4683 1089 4743 immedicabilem
1117 4705 1270 4758 esse,
1311 4695 1517 4751 cautior
1561 4695 1642 4753 fa-

75 4776 170 4822 ctus
190 4785 293 4825 non
315 4787 461 4826 sum.
486 4771 771 4843 Propterea
795 4775 920 4832 licet
939 4783 1237 4852 septuagies
1260 4785 1456 4854 septies
1476 4788 1644 4858 magis

77 4874 208 4923 qnam
238 4862 327 4918 ille
362 4864 601 4933 puuirer,
625 4875 859 4923 attamen
889 4884 1062 4942 neque
1091 4872 1169 4929 sie
1192 4873 1406 4947 dignam
1436 4876 1639 4935 luerem

80 4965 284 5016 patriam.

132 5044 176 5096 5.
203 5044 441 5100 Liberum
454 5048 717 5103 arbitrium
732 5050 972 5107 hominis.
995 5085 1067 5094 —
1086 5054 1265 5124 Vides,
1280 5055 1492 5127 dilecte,
1507 5076 1640 5131 quo-

77 5136 207 5191 modo
235 5149 477 5193 nostram
504 5140 646 5195 Deus
686 5152 919 5200 mentem
950 5145 1101 5202 liberi
1128 5149 1328 5205 arbitrii
1351 5150 1557 5222 fecerit,
1585 5165 1641 5211 et

80 5225 190 5283 sicut
242 5230 287 5285 si
368 5231 586 5287 desides
654 5234 823 5290 simus
908 5238 1356 5310 supplautamur,
1432 5245 1503 5300 ita
1585 5256 1641 5302 et

78 5320 109 5369 si
130 5322 301 5389 vigiles
325 5338 447 5379 esse
481 5324 832 5395 voluerimus,
858 5340 1176 5387 contuemur
1215 5333 1267 5388 id
1318 5336 1456 5405 quod
1482 5352 1641 5409 opor-

78 5410 167 5463 tet?
189 5410 316 5481 Quis
335 5415 477 5470 enim
506 5415 685 5482 istum,
729 5417 834 5484 die,
875 5422 1118 5490 obsecro,
1148 5423 1213 5478 ad
1237 5425 1392 5481 talem
1433 5430 1637 5484 confes-

78 5500 253 5559 sionem
277 5504 490 5578 adegit?
514 5507 702 5563 Nullus
722 5510 857 5566 alius
885 5528 1043 5583 quam
1064 5515 1412 5586 conscientia,
1461 5519 1633 5574 incor-

78 5604 231 5665 ruptus
268 5596 361 5655 ille
384 5599 567 5672 judcx.
600 5601 732 5671 Quia
763 5603 903 5661 enim
934 5619 998 5661 ex
1019 5604 1222 5664 desidia
1263 5607 1314 5665 in
1358 5615 1632 5681 peccatum
1666 5614 1669 5617 ’

1221 164 1289 225 ΙΝ
1323 165 1476 224 CAP.
1508 166 1598 226 IV.
1637 168 1878 230 GENES.
1906 170 2139 229 HOIIIL.
2179 172 2297 231 XX.

3294 197 3398 253 170

1811 285 2187 354 declinaverat,
2229 296 2284 345 et
2319 288 2494 349 scelus
2527 305 2688 365 opere
2729 294 3024 368 perfecerat
3054 319 3070 359 :
3103 305 3282 362 statim
3315 308 3394 363 in.

1809 380 2041 435 surrexit
2063 382 2410 451 conscientia,
2443 384 2756 457 inclamans,
2784 398 2944 463 atque
2959 396 3246 453 ostendens
3270 414 3395 470 pce-

1808 481 2046 526 catorum
2068 474 2507 544 magnitudinem,
2537 486 2592 534 et
2615 483 2826 550 quantis
2844 484 3076 557 seipsum
3105 490 3277 558 poenis
3300 493 3396 550 ob-

1809 561 2023 615 noxium
2065 563 2413 621 reddidisset.
2434 566 2508 625 lla
2538 569 2679 625 enim
2707 587 2767 628 se
2803 572 2965 631 habet
2997 590 3294 649 peccatum,
3332 594 3394 642 ut

1804 650 2109 722 priusquam
2148 653 2259 720 ﬁat,
2290 663 2345 709 et
2390 656 2458 711 ad
2484 672 2617 729 opus
2663 665 2955 736 perveniat,
3002 669 3314 728 obtenebret
3338 684 3393 730 et

1802 739 2033 810 decipiat
2075 751 2310 799 mentem
2355 763 2367 798 :
2417 757 2693 820 postquam
2740 764 2916 812 autem
2962 771 3388 823 consummatum

1802 828 1982 895 fuerit,
2012 832 2293 890 manifeste
2343 850 2492 891 suam
2540 841 2694 897 nobis
2718 843 3100 905 absurditatem
3156 854 3389 922 proferat

1800 930 1855 976 et
1881 922 2128 979 ostendat
2156 925 2271 980 :sic
2298 925 2471 983 brevis
2498 929 2584 984 illa
2611 941 2665 986 et
2692 934 2922 991 absurda
2946 939 3191 1011 voluptas
3212 946 3385 1000 couti-

1799 1028 1961 1067 nuum
1992 1016 2157 1070 menti
2178 1015 2415 1074 dolorem
2447 1019 2650 1089 inserit,
2677 1027 3120 1103 conscientiaeque
3140 1033 3384 1091 ﬁduciam

1796 1103 1988 1169 aufert,
2021 1114 2179 1177 atque
2205 1107 2349 1163 illum
2383 1110 2473 1180 qui
2516 1114 2853 1172 succubuerit
2897 1119 3212 1179 confusione
3260 1139 3382 1194 per-

1798 1195 1986 1251 fundit.
2003 1197 2267 1269 Benignus
2283 1201 2423 1255 enim
2440 1202 2577 1259 Deus
2595 1206 2922 1275 ejuscemodi
2940 1212 3092 1269 nobis
3110 1212 3383 1271 aecusato-

1798 1300 1910 1340 rem
1960 1288 2210 1345 assistere
2235 1291 2421 1359 voluit,
2453 1294 2543 1363 qui
2572 1310 2859 1368 numquam
2885 1302 3144 1372 quiescat,
3176 1306 3270 1362 sed
3296 1307 3381 1364 in-

1794 1376 2103 1435 desinenter
2141 1381 2232 1437 ille
2258 1386 2612 1455 congrediens
2639 1389 2852 1458 clamet,
2874 1402 2929 1449 et
2952 1409 3164 1465 poenam
3208 1402 3382 1474 exigat

1793 1469 2129 1529 delictorum.
2162 1476 2229 1530 Et
2279 1477 2382 1534 hoc
2426 1481 2544 1551 quis
2570 1483 2762 1541 viderit
2804 1487 3086 1546 manifeste
3122 1509 3190 1550 ex
3226 1469 3379 1552 facitis

1793 1560 1941 1633 ipsis.
1986 1564 2263 1623 Scortator
2286 1570 2449 1638 enim,
2481 1573 2565 1628 vel
2593 1573 2826 1644 adulter,
2853 1579 2933 1633 vel
2963 1582 3054 1651 qui
3099 1584 3242 1641 aliud
3276 1587 3380 1643 tale

1792 1654 2043 1723 quiddam
2074 1657 2308 1727 admisit,
2339 1663 2498 1717 etiant
2524 1665 2568 1719 si
2599 1681 2788 1723 omnes
2813 1666 2983 1726 latere
3006 1684 3186 1743 queat,
3219 1692 3377 1733 num-

1790 1759 1947 1814 quam
1993 1755 2170 1803 tamen
2200 1750 2278 1805 sic
2320 1751 2374 1807 in
2416 1755 2797 1826 tranquillitate
2836 1760 3005 1831 vivit;
3050 1765 3145 1821 sed
3175 1767 3380 1825 habens

1789 1850 1969 1892 acrem
1998 1838 2146 1895 illum
2167 1852 2530 1900 accusatorem
2556 1887 2572 1913 ,
2606 1849 2938 1919 suspiciones
2960 1854 3130 1924 timet,
3157 1858 3378 1916 umbras

1788 1930 2068 1991 tremiscit.
2118 1941 2173 1987 et
2211 1947 2306 1988 eos
2333 1935 2420 2005 qui
2449 1938 2649 1993 conscii
2676 1949 2818 2007 sunt,
2849 1952 2905 1999 et
2944 1946 3035 2015 qui
3075 1963 3185 2004 non
3211 1961 3374 2018 sunt;

1787 2028 2148 2091 perpetuaque
2172 2022 2227 2077 in
2253 2024 2435 2079 animo
2467 2028 2583 2096 ejus
2621 2036 2909 2101 tempestas
2935 2046 3038 2103 est,
3061 2044 3117 2093 et
3142 2041 3373 2111 recipro-

1785 2119 1967 2166 cantes
1994 2127 2057 2168 ac
2094 2116 2346 2170 contrarii
2374 2115 2584 2172 ﬂuctus.
2609 2120 2829 2191 Insuper
2852 2140 3026 2196 neque
3065 2141 3285 2187 somnus
3324 2134 3372 2188 ei

1785 2200 1984 2269 suavis,
2044 2202 2139 2257 sed
2197 2214 2400 2262 terrore
2454 2218 2507 2263 et
2560 2210 2843 2269 formidine
2893 2216 3083 2285 plenus
3136 2239 3151 2275 :
3200 2238 3372 2295 neque

1782 2290 1932 2347 cibus
1956 2293 2279 2364 voluptatem
2327 2298 2546 2367 praebet,
2577 2316 2749 2373 neque
2793 2306 3085 2363 amicorum
3111 2290 3371 2384 colloquia

1786 2382 1944 2437 talem
2031 2385 2351 2453 refocillare,
2401 2389 2487 2445 vel
2535 2391 2764 2450 liberare
2807 2397 2876 2453 ab
2918 2412 3138 2470 urgente
3183 2382 3371 2461 δηξίθ-

1784 2479 1888 2529 tate
1944 2486 2206 2545 possunt:
2255 2479 2348 2533 sed
2399 2482 2549 2551 quasi
2589 2484 2891 2544 carniﬁcem
2940 2491 3368 2565 circumgestaret

1780 2579 1840 2620 se
1868 2565 2221 2624 lancinantem
2260 2579 2315 2626 et
2338 2570 2689 2643 flagellantem
2721 2580 2973 2637 continuo
2991 2625 3007 2651 ,
3035 2584 3105 2638 ita
3133 2597 3253 2656 post
3270 2589 3367 2645 ab-

1780 2656 1997 2711 surdum
2022 2659 2148 2715 illud
2181 2662 2379 2719 facinus
2400 2664 2728 2734 obambulat,
2762 2671 2910 2726 nullo
2951 2677 3190 2744 conscio,
3238 2694 3364 2735 sus-

1778 2748 1951 2804 tinens
1990 2750 2347 2811 intolerabilcs
2371 2769 2557 2827 paruas
2589 2758 2728 2829 illas,
2776 2771 2831 2817 et
2868 2762 3032 2834 judex
3076 2769 3158 2822 sui
3188 2770 3358 2841 ipsius

1777 2838 1947 2894 factus
1965 2850 2016 2895 et
2030 2853 2327 2899 accusatur.

1847 2931 2108 3005 Confessio
2138 2947 2475 3004 peccatorum.
2503 2968 2575 2980 -—
2598 2942 2847 2998 Attamen
2869 2944 2958 3012 qui
2988 2946 3105 3004 haec
3144 2949 3285 3019 fecit,
3314 2955 3358 3010 si

1772 3026 2019 3094 voluerit,
2049 3038 2106 3083 ut
2135 3029 2307 3098 decet,
2340 3032 2415 3086 uti
2442 3034 2783 3091 conscientia:
2810 3036 3137 3107 adjumento,
3192 3055 3246 3100 et
3289 3046 3356 3101 ad

1771 3118 2159 3175 confessionem
2187 3120 2483 3179 facinorum
2511 3123 2783 3193 festinare,
2814 3138 2867 3183 et
2895 3130 3042 3186 ulcus
3075 3136 3356 3193 ostendere

1770 3210 1998 3277 medico,
2032 3212 2120 3283 qui
2150 3223 2302 3270 curet
2341 3224 2396 3271 et
2447 3232 2553 3273 non
2599 3218 2901 3291 esprobret,
2945 3234 3104 3296 atque
3147 3229 3214 3285 ab
3262 3231 3354 3287 illo

1769 3304 2004 3359 remedia
2046 3310 2311 3377 accipere,
2349 3322 2412 3365 ac
2437 3311 2536 3366 soli
2554 3311 2602 3367 ei
2623 3312 2785 3384 loqui,
2816 3316 2961 3371 nullo
2987 3320 3094 3375 alio
3116 3324 3352 3387 conscio.

1768 3403 1822 3448 et
1850 3395 2031 3450 omnia
2063 3397 2244 3455 dicere
2268 3415 2391 3455 cum
2429 3401 2724 3473 diligentia,
2772 3404 2928 3464 facile
2985 3424 3203 3479 peccata
3254 3432 3349 3472 sua

1766 3485 2093 3542 emendabit.
2121 3486 2402 3546 Confessio
2420 3493 2562 3547 enim
2585 3507 2923 3563 peccatorum
2954 3501 3174 3559 abolitio
3195 3505 3352 3561 etiam

1765 3587 1848 3633 est
1869 3578 2205 3636 delictorum.
2238 3582 2390 3651 Quod
2419 3585 2461 3640 si
2494 3584 2725 3641 Lamech
2764 3588 2850 3643 ille
2888 3591 3000 3645 suis
3046 3596 3352 3654 mulieribus

1763 3668 1938 3723 caedes
1965 3687 1995 3725 a
2022 3684 2081 3727 se
2102 3675 2417 3731 commissas
2442 3675 2688 3747 detegere
2713 3688 2768 3734 et
2790 3681 3031 3736 confiteri
3063 3700 3167 3739 non
3202 3688 3347 3742 refu-

1760 3761 1855 3829 git,
1879 3761 2024 3830 quali
2048 3764 2248 3820 erimus
2280 3766 2436 3821 venia
2458 3767 2622 3839 digni,
2655 3769 2699 3824 si
2728 3772 2778 3825 ei
2807 3772 2899 3841 qui
2937 3776 3116 3829 omnia
3169 3786 3348 3832 nostra

1760 3862 2007 3909 accurate
2046 3856 2196 3911 novit
2238 3857 2451 3923 delicta,
2504 3861 2746 3917 conﬁteri
2799 3877 3015 3935 peccata
3068 3869 3350 3926 nolumus?

1761 3942 1899 3999 Num
1939 3945 2062 4016 quia
2115 3948 2340 4019 ignorat,
2394 3950 2605 4007 discere
2633 3953 2788 4009 vult?
2828 3955 3170 4029 Nequaquam
3222 3962 3345 4032 quia

1760 4036 1986 4105 ignorat,
2010 4038 2403 4098 confessionem
2429 4057 2460 4097 a
2483 4043 2639 4101 nobis
2664 4048 2903 4117 requirit,
2933 4052 3021 4120 qui
3048 4053 3225 4107 omnia
3248 4056 3348 4110 scit

1757 4140 2040 4200 antequam
2067 4130 2232 4187 ﬁant:
2261 4134 2359 4189 sed
2412 4134 2598 4192 volens
2647 4152 2744 4207 per
2796 4140 3189 4198 confessionem
3247 4161 3345 4201 nos

1757 4237 1970 4292 quoque
1998 4233 2341 4293 peccatorum
2369 4226 2567 4284 habere
2583 4244 2822 4295 sensum,
2863 4241 2918 4287 et
2961 4244 3169 4303 gratum
3217 4252 3339 4308 erga

1755 4331 1815 4371 se
1840 4318 2125 4374 ostendere
2152 4320 2410 4375 animum.
2438 4320 2575 4377 Num
2606 4338 2736 4394 opes
2764 4325 2955 4395 aliquae
2984 4327 3071 4382 hic
3090 4338 3215 4383 sunt
3248 4345 3341 4385 es-

1754 4408 2081 4477 pendendte?
2098 4426 2221 4464 num
2239 4410 2453 4483 longum
2472 4414 2574 4469 iter
2591 4415 3022 4486 suscipiendum?
3045 4434 3169 4474 num
3186 4419 3341 4475 dolo-

1754 4515 1867 4555 rem
1893 4508 1947 4555 et
1975 4503 2241 4559 cruciatus
2274 4503 2563 4561 aﬁ'ertbtcc
2605 4508 2910 4563 medicina?
2952 4510 3167 4583 Absque
3195 4527 3340 4568 sum-

1752 4598 1846 4660 ptu
1873 4590 2178 4647 etcruciatu
2206 4603 2287 4649 est
2316 4609 2552 4664 prtesens
2577 4595 2941 4666 pltarmacum,
2974 4611 3025 4655 et
3052 4616 3209 4671 quant
3248 4617 3337 4659 ce-

1752 4680 1971 4738 lerrime
1997 4692 2167 4739 curat.
2199 4684 2412 4741 Etenim
2432 4686 2722 4742 secundmu
2744 4689 2990 4745 affectum
3017 4702 3071 4746 et
3100 4693 3334 4749 animum

1750 4774 2076 4842 accedentis,
2106 4776 2185 4832 sic
2212 4786 2269 4832 et
2304 4779 2541 4834 remedia
2570 4781 2845 4836 vulnerum
2891 4782 3110 4855 largitur
3160 4785 3339 4842 Duttti-

1748 4879 1869 4919 nus.
1894 4864 2059 4937 Igitur
2078 4867 2169 4937 qui
2197 4868 2309 4923 vult
2351 4869 2528 4924 statim
2569 4871 2635 4925 ad
2671 4872 2951 4927 sanitatem
2988 4874 3187 4943 redire,
3225 4879 3339 4932 ani-

1750 4973 1959 5029 maeque
1982 4974 2170 5016 curare
2198 4960 2399 5029 ulcera,
2432 4963 2606 5019 sobria
2634 4975 2813 5020 mente
2842 4964 3108 5021 medicum
3157 4967 3337 5035 adeat,

1747 5053 1815 5109 ab
1856 5054 2105 5108 omnibus
2153 5056 2497 5110 saecularibus
2517 5057 2660 5112 curis
2698 5072 2758 5112 se
2804 5056 3079 5126 abdicans,
3136 5060 3340 5117 calidas

1747 5144 2013 5217 lacrymas
2040 5144 2350 5215 profundat,
2373 5148 2740 5203 assiduitatem
2788 5147 3069 5217 plurimam
3120 5166 3232 5223 pra:
3282 5169 3340 5211 se

1746 5235 1903 5301 ferat,
1936 5237 2096 5293 ﬁdem
2123 5237 2331 5293 ﬁrmam
2354 5238 2562 5305 afferat,
2583 5253 2648 5293 ac
2671 5238 2863 5294 medici
2882 5239 3115 5297 conﬁdat
3137 5244 3261 5310 arti,
3285 5256 3338 5299 et

1746 5330 1992 5402 protinus
2019 5332 2301 5387 sanitatem
2330 5340 2715 5402 consequetur.
2740 5331 2928 5388 Vidisti
2955 5334 3149 5391 medici
3177 5337 3334 5392 boni-

1745 5430 1930 5486 tatem,
1961 5422 2027 5477 ad
2066 5437 2222 5494 quam
2246 5423 2290 5477 si
2313 5423 2549 5477 omnium
2572 5434 2780 5493 patrum
2805 5440 2959 5480 amor
3002 5425 3329 5493 conferatur,

1743 5513 2132 5571 obscurabitur.
2164 5513 2300 5569 Num
2320 5528 2483 5586 grave
2505 5514 2703 5586 aliquid
2729 5524 2783 5572 et
2809 5516 3095 5571 molestum
3124 5532 3155 5572 a
3177 5517 3332 5585 nobis

1744 5607 1969 5679 requirit
1988 5606 2013 5661 ?
2035 5605 2420 5665 Contritionem
2447 5608 2643 5677 cordis,
2682 5609 3145 5682 compunctionem
3174 5624 3328 5667 meno
