3796 6246
347 210 442 268 t7!

320 325 427 382 :tis,
456 317 844 375 confessionem
872 313 1071 386 lapsus,
1111 311 1473 366 assiduitatem
1500 295 1802 364 continuam
1830 324 1842 360 :
1867 315 1922 360 et

336 430 448 467 non
494 411 663 467 solum
720 407 937 479 largitur
976 405 1250 459 vulnerum
1294 417 1497 466 curam,
1545 408 1650 454 cta
1700 398 1930 468 peccatis

339 493 569 559 mund-os
595 502 785 565 reddit,
813 499 903 554 sed
931 505 984 554 et
1012 511 1156 560 eum,
1187 494 1273 565 qui
1303 503 1456 548 antea
1483 491 1775 546 innumeris
1806 483 1931 560 pec-

341 603 582 650 catorum
629 589 852 647 sarcinis
879 587 1212 658 gravabatur,
1236 585 1436 655 justum
1465 583 1642 637 efﬁcit.
1701 582 1744 637 Ο
1775 577 1951 635 ιηίεθ-’

344 687 588 742 τῑεοτιιῐιιε
638 681 1051 753 magnitudinem
1086 679 1100 734 !
1133 693 1165 732 ο
1215 675 1466 731 bonitatis
1518 673 1883 730 excellentiam
1914 673 1958 756 !_

343 779 441 848 Qui
473 777 726 846 peccavit,
745 772 954 844 quando
978 770 1262 826 confitetur
1287 776 1524 839 peccata,
1549 765 1755 820 veniam
1778 765 1929 834 petit,

335 871 640 941 etposthac
670 867 1008 924 securitatem
1060 880 1169 936 pra:
1218 879 1277 918 se
1325 861 1450 930 fert,
1499 870 1718 932 repente
1763 860 1936 930 justus

347 964 585 1021 redditur
615 964 633 1019 t
661 963 725 1018 Et
762 978 868 1033 quo
919 961 1062 1016 clare
1089 959 1192 1015 hoc
1230 959 1426 1024 discas,
1449 955 1570 1011 audi
1622 954 1934 1026 praphetam

351 1055 616 1114 dicentem
647 1074 663 1112 :
694 1055 791 1110 Dic
814 1067 866 1108 tu
888 1055 1028 1125 prior
1073 1053 1514 1117 iniquitatestuas,
1559 1061 1612 1104 ut
1641 1050 1936 1120 justiﬁceris

350 1152 371 1221 (
401 1147 634 1205 1δαὶ.45.
657 1148 726 1205 26
753 1149 794 1220 ).
825 1147 939 1202 Non
980 1145 1294 1216 simpliciter
1321 1144 1510 1214 inquit,
1545 1141 1642 1196 Dic
1663 1151 1716 1194 tu
1751 1141 1939 1213 iniqui-

347 1253 474 1298 tates
501 1252 636 1307 tuas,
668 1241 761 1296 sed
781 1238 993 1310 adjecit,
1025 1237 1181 1292 Prior
1206 1251 1225 1290 :
1253 1235 1355 1292 hoc
1380 1244 1482 1300 est,
1538 1248 1605 1288 ne
1659 1244 1938 1303 ex5pectes

351 1345 404 1392 te
450 1342 782 1404 arguentem,
837 1346 907 1386 ne
980 1327 1306 1400 przestoleris
1366 1332 1778 1380 accusatorem:
1826 1324 1940 1394 ipse

348 1425 604 1493 praeveni,
637 1433 690 1478 et
719 1429 846 1492 rape
868 1421 1134 1477 sermonis
1161 1417 1498 1490 principium,
1530 1426 1588 1472 ut
1613 1416 1939 1471 accusatoris

346 1519 576 1588 linguam
607 1515 872 1572 occludas.

415 1614 469 1668 4.
497 1611 688 1666 Vidisti
708 1608 910 1666 iudicis
933 1594 1347 1678 benignitatem?
1369 1605 1426 1661 In
1455 1603 1703 1658 humanis
1723 1602 1935 1674 quidem

345 1705 560 1777 iudiciis
610 1705 655 1759 si
685 1705 805 1775 quis
831 1704 931 1757 hoc
974 1702 1203 1766 faceret,
1250 1709 1303 1753 et
1331 1707 1455 1752 ante
1485 1697 1699 1750 allatam
1747 1695 1941 1766 proba-

350 1799 548 1851 tionem
577 1795 810 1850 facinora
831 1794 1198 1854 confiteretur,
1221 1790 1464 1862 quamvis
1484 1788 1622 1858 apud
1650 1787 1939 1842 humanum

353 1888 582 1942 fortasse
602 1875 837 1956 iudicem
868 1893 1132 1939 tormenta
1161 1892 1216 1938 et
1244 1882 1345 1936 sibi
1377 1879 1728 1936 succedentes
1758 1894 1942 1948 ptenas

355 1978 654 2050 effugeret,
699 1987 874 2032 tamen
926 1976 1243 2032 sententiam
1297 1973 1576 2043 capitalem
1628 1973 1847 2024 omnino
1887 1971 1940 2025 in

350 2084 506 2123 suum
547 2078 706 2137 caput
743 2075 1084 2123 accerseret:
1123 2076 1177 2120 at
1207 2063 1568 2120 misericordis
1614 2062 1713 2117 Dei
1743 2071 1795 2116 et
1831 2063 1944 2114 ani~

355 2173 564 2214 marum
595 2169 898 2224 nostrarum
930 2157 1114 2212 Medici
1145 2166 1288 2211 tanta
1310 2164 1394 2210 est
1419 2163 1633 2224 tamque
1660 2151 1945 2208 ineﬂ‘ahilis

352 2252 564 2306 bonitas
583 2258 637 2306 et
657 2250 966 2318 clementia,
992 2258 1050 2304 ut
1075 2265 1288 2304 omnem
1315 2249 1475 2303 etiam
1507 2261 1813 2302 sermonem
1848 2263 1944 2301 ex-

350 2343 528 2399 cedat.
557 2341 700 2398 Nam.
735 2342 779 2396 si
802 2341 1166 2396 adversarium
1201 2347 1444 2395 nostrum
1486 2339 1936 2410 prteverterimus,

351 2434 622 2490 diabolum
653 2433 797 2496 dico,
831 2432 918 2502 qui
946 2433 998 2486 in
1027 2431 1117 2487 die
1138 2431 1229 2487 illo
1258 2430 1327 2486 ob
1357 2431 1542 2485 faciem
1567 2439 1802 2485 nostram
1831 2439 1943 2485 sta-

353 2526 450 2590 bit.
480 2536 534 2582 et
557 2527 666 2596 jam
700 2526 752 2580 in
777 2525 1026 2596 pra-senti
1055 2525 1184 2588 vita,
1205 2533 1489 2593 antequam
1515 2521 1582 2578 ad
1605 2521 1832 2578 tribunal
1860 2523 1944 2576 in-

352 2617 690 2688 grediantur,
739 2616 973 2671 facinora
1021 2615 1251 2671 confessi
1299 2613 1586 2680 fuerimus,
1629 2614 1946 2685 dicendique

351 2708 676 2779 principium
704 2709 1062 2779 rapuerimus,
1094 2716 1337 2762 nostrum
1363 2706 1599 2776 ipsorum
1633 2706 1756 2760 facti
1783 2720 1944 2760 accu-

354 2809 596 2865 satores,
625 2798 677 2853 in
703 2809 902 2854 tantam
934 2798 1357 2853 misericordiam
1390 2796 1794 2866 provocabimus
1837 2797 1943 2851 Do-

353 2893 581 2958 minum,
627 2901 686 2947 ut
725 2907 832 2946 non
877 2891 1050 2946 solum
1096 2890 1253 2946 nobis
1286 2903 1640 2945 concessurus
1682 2889 1771 2953 sit,
1818 2897 1876 2942 ut
1915 2904 1944 2942 a

352 2986 582 3056 peccatis
610 2985 932 3052 liberemur,
964 2984 1061 3038 sed
1099 2993 1158 3038 ut
1202 2984 1252 3038 in
1277 2983 1543 3053 jnstorum
1573 2981 1816 3052 catalogo
1847 2981 1946 3036 ad-

355 3076 674 3131 scribamut.
732 3076 1018 3132 Enimvero
1065 3075 1112 3128 si
1167 3073 1397 3129 Lamech
1450 3065 1579 3136 ille,
1636 3073 1726 3142 qui
1774 3087 1948 3141 neque

356 3168 529 3238 legem
562 3167 748 3222 habuit
785 3167 927 3222 unde
969 3165 1072 3220 hoc
1109 3166 1318 3221 discere
1364 3174 1573 3236 posset,
1607 3180 1781 3234 neque
1818 3180 1946 3234 pro-

358 3258 550 3328 phetas
580 3259 803 3326 audivit,
834 3274 1009 3329 neque
1029 3259 1186 3312 aliam
1214 3258 1377 3312 ullam
1405 3257 1847 3324 admonitionem,
1880 3273 1946 3312 ex

351 3349 558 3418 judicio
604 3348 658 3404 in
687 3359 873 3403 natura
920 3350 1079 3402 insito
1121 3350 1366 3403 conscius
1410 3363 1596 3402 eorum
1631 3363 1750 3418 quae
1789 3362 1949 3402 ausus

358 3440 551 3504 fuerat,
581 3441 633 3494 in
660 3440 894 3494 medium
923 3440 1100 3495 attulit
1129 3455 1191 3494 ea
1218 3456 1336 3509 quae
1360 3441 1609 3510 patravit,
1638 3447 1692 3494 et
1709 3440 1946 3510 seipsum

356 3530 734 3587 condemnavit
776 3550 790 3587 :
842 3530 1110 3603 quomodo
1165 3531 1394 3599 aliquam
1441 3530 1803 3586 defensionem
1851 3545 1949 3586 nos

359 3623 560 3680 habere
601 3625 916 3696 poterimus,
950 3625 1172 3680 vulnera
1199 3640 1306 3679 non
1351 3619 1494 3679 omni
1521 3623 1798 3695 diligentia
1848 3624 1951 3677 Do-

360 3715 508 3770 mino
532 3709 878 3773 ostendentes
897 3758 914 3783 ,
945 3730 1133 3772 eorum
1155 3715 1266 3785 jam
1299 3716 1617 3772 medicinam
1640 3715 1708 3771 ab
1731 3731 1799 3770 eo
1825 3729 1947 3770 sus-

356 3808 603 3878 cepturi?
645 3807 698 3863 ld
736 3809 879 3879 quod
914 3808 1018 3863 nisi
1063 3824 1205 3863 nunc
1250 3808 1557 3874 fecerimus,
1599 3823 1721 3876 cum
1759 3807 1949 3878 jejunii

360 3908 569 3968 tempus
586 3909 688 3970 est,
712 3917 831 3954 cum
858 3909 1000 3954 tanta
1018 3883 1400 3966 cogitationum
1429 3898 1799 3969 tranquillitas,
1827 3914 1950 3953 cum

360 3990 607 4062 voluptas
642 3993 818 4046 oumis
863 3993 1073 4046 sublata
1102 4007 1134 4046 e
1179 3992 1360 4047 medio
1391 4009 1406 4048 :
1438 3987 1775 4060 quandonam
1823 3988 1950 4044 faci-

362 4097 490 4134 nora
516 4091 694 4135 nostra
716 4082 1021 4153 expendere
1042 4081 1372 4158 poterimus?
1394 4079 1598 4135 Idcirco
1620 4095 1832 4150 semper
1857 4095 1951 4134 vos

362 4173 611 4235 obsecro,
635 4183 691 4226 ut
716 4173 882 4237 sobrii
908 4174 1024 4228 sitis
1053 4183 1107 4229 et
1129 4172 1334 4243 vigiles,
1362 4182 1415 4227 et
1442 4180 1759 4242 prmsentem
1788 4172 1949 4226 vitam

360 4277 577 4317 oninein
628 4263 681 4317 in
721 4264 820 4318 hoc
870 4265 1176 4331 insumatis,
1215 4273 1273 4318 ut
1313 4263 1624 4318 assiduitate
1675 4263 1763 4318 illa
1814 4263 1955 4317 into-

366 4351 585 4409 lerabile
638 4347 767 4408 illud
822 4355 1140 4425 supplicium
1191 4354 1532 4426 effugiamus,
1587 4364 1640 4409 et
1690 4353 1950 4424 gehenna:

369 4447 542 4518 ignem
572 4448 737 4503 vitare
768 4449 1052 4519 possimus.
1077 4448 1304 4504 Maxime
1329 4458 1504 4502 autem
1528 4461 1698 4512 nunc,
1732 4446 1948 4517 majori-

367 4555 472 4610 que
501 4541 675 4594 studio
698 4539 746 4594 id
787 4541 1101 4606 curandum,
1129 4540 1343 4610 quando
1367 4549 1582 4608 propter
1600 4539 1784 4609 jejunii
1813 4550 1917 4592 tem

367 4645 466 4699 pus
492 4630 756 4685 continuis
802 4632 1198 4702 majoribusque
1226 4631 1458 4685 fruimiui
1479 4629 1950 4684 admonitionibus.

366 4721 453 4775 2.1.
480 4717 720 4792 Cognovit
739 4731 928 4788 autem,
957 4721 1146 4792 inquit,
1172 4721 1334 4775 Adam
1361 4719 1521 4773 Evam
1546 4736 1750 4774 uxorem
1770 4736 1912 4772 suam
1931 4735 1951 4774 :

361 4822 412 4868 et
437 4831 552 4868 cum
580 4816 913 4883 concepisset,
947 4815 1139 4885 peperit
1183 4815 1366 4882 lilium,
1393 4825 1438 4866 et
1462 4813 1739 4883 appellavit
1769 4829 1952 4867 nomen

366 4909 512 4964 illius
542 4907 668 4964 Seth
690 4950 705 4974 ,
736 4908 948 4963 dicens:
980 4907 1232 4962 Excitavit
1282 4907 1415 4961 enim
1455 4907 1577 4960 milii
1603 4903 1740 4960 Deus
1783 4922 1950 4960 semen

366 5000 509 5056 aliud
535 5018 626 5069 pro
650 5000 794 5067 Abel,
816 5017 961 5071 quem
983 5000 1162 5054 occidit
1191 4997 1337 5054 Cain.
1365 4999 1648 5066 Postquam
1679 4997 1951 5068 Scriptura

367 5095 544 5150 divina
571 5077 932 5166 genealogiam
967 5108 1132 5164 usque
1155 5093 1223 5146 ad
1251 5090 1479 5146 Lamcch
1502 5090 1736 5151 deduxit,
1759 5090 1951 5145 iterum

368 5188 434 5240 ad
457 5187 624 5242 Adam
646 5195 702 5242 et
716 5203 933 5243 uxorem
955 5188 1096 5242 illius
1123 5187 1442 5258 regreditur,
1471 5193 1525 5239 et
1544 5184 1668 5238 dicit
1685 5181 1951 5256 :Cognovit

365 5286 534 5330 autem
559 5274 722 5334 Adon:
765 5277 924 5334 Evam
950 5294 1156 5332 uxorem
1182 5292 1363 5341 suam;
1390 5285 1435 5330 et
1458 5291 1572 5329 cum
1599 5275 1906 5346 concepisset
1931 5317 1948 5342 ,

365 5367 559 5437 peperit
581 5367 766 5435 ﬁlium.
797 5369 1166 5440 appellavitque
1192 5384 1369 5444 nomen
1399 5368 1536 5421 illius
1556 5363 1704 5430 Setlt,
1728 5365 1900 5419 dicens
1929 5382 1952 5422 :
1981 5369 1984 5372 ’

367 5453 623 5512 E.t'citavit
648 5458 778 5511 enim
807 5458 930 5512 milii
958 5457 1096 5513 Deus
1123 5475 1289 5514 semen
1317 5458 1460 5513 aliud
1492 5473 1584 5528 pro
1614 5455 1772 5520 Abel,
1803 5473 1951 5528 quem

367 5549 547 5604 occidit
577 5548 724 5606 Cain.
754 5549 994 5621 Peperit,
1029 5552 1230 5623 inquit,
1264 5552 1426 5621 ﬁlium
1468 5551 1837 5623 appellauitque
1861 5568 1952 5606 no-

367 5657 482 5696 men
531 5640 671 5696 illius
709 5639 874 5708 Setia;
923 5655 1022 5697 nec
1069 5652 1315 5698 contenta
1368 5651 1538 5697 mater
1589 5641 1732 5712 quod
1781 5643 1950 5715 impo-

1054 201 1110 256 S.
1150 195 1428 256 JOANNIS
1464 185 1937 251 CllRVSOSTO)"
1979 177 2294 241 AliClllEl’.
2335 187 2869 247 CONSTANTINOP.

3517 193 3624 248 ιτὲ

2035 303 2229 358 suisset
2253 303 2328 358 illi
2359 319 2573 367 nomen,
2601 304 2730 359 dicit
2755 323 2768 358 :
2795 303 3045 359 Excitavit
3067 305 3199 359 enim
3229 308 3350 360 milii
3380 307 3515 363 Deus
3535 335 3620 370 δε-

2034 404 2148 449 men
2177 397 2318 451 aliud
2348 415 2441 468 pro
2466 397 2611 462 Abel,
2644 415 2788 468 quem
2819 397 3001 452 occidit
3029 397 3176 452 Cain.
3212 398 3340 454 Vide
3369 400 3454 457 ltic
3483 419 3622 471 quo-

2037 488 2199 544 modo
2221 498 2274 543 et
2300 499 2468 560 mater
2491 506 2586 559 per
2606 490 3014 560 appellationem
3041 491 3148 545 nati
3182 489 3272 545 filii
3306 509 3499 547 inemo:
3516 496 3622 548 iam

2035 579 2244 634 scelesti
2287 581 2444 650 hujus
2491 581 2670 652 operis
2710 583 3014 637 continuam
3063 567 3338 639 mentibus
3377 581 3623 651 renovat,

2036 675 2198 738 atque
2243 681 2298 725 ut
2350 671 2510 726 etiam
2555 673 2754 742 posteri
2803 674 3022 737 scirent,
3072 675 3197 744 quid
3239 673 3374 730 Cain
3414 689 3627 746 patrare

2038 776 2201 816 ausus
2227 761 2430 828 fuisset,
2461 761 2624 840 dicit,
2658 761 2765 819 Pro
2787 764 2929 832 Abel,
2961 783 3106 836 quem
3126 770 3308 822 occidit
3333 767 3482 826 Cain.
3512 772 3625 827 Dn-

2039 852 2200 906 lentis
2225 854 2416 908 animze
2447 849 2608 909 verba
2633 864 2757 909 sunt
2783 866 2837 910 et
2876 856 3102 912 turbata:
3137 858 3207 913 ob
3234 857 3484 916 facinoris
3513 879 3629 917 me-

2039 945 2290 1011 moriam,‘
2307 946 2614 1016 gratiasque
2637 948 2842 1016 agentis
2868 962 2965 1016 pro
2990 958 3114 1002 nato
3143 965 3331 1020 puero,
3359 951 3628 1024 huiusque

2041 1026 2256 1092 nomine
2301 1035 2440 1092 illius
2466 1039 2687 1094 alterius
2729 1040 2904 1094 scelus
2946 1040 3099 1110 quasi
3140 1042 3192 1096 in
3237 1044 3394 1115 cippo
3438 1047 3632 1102 inscri-

2041 1126 2237 1182 bentis.
2260 1127 2391 1184 Nam
2422 1145 2545 1206 vere
2575 1130 2773 1184 luctum
2817 1147 2920 1185 non
2952 1131 3276 1188 mediocrem
3321 1140 3632 1205 parentibus

2041 1218 2322 1284 attulerat,
2351 1221 2440 1288 qui
2465 1220 2709 1274 dextram
2736 1236 2888 1276 suam
2917 1221 3172 1278 adversus
3205 1223 3423 1282 fratrem
3453 1245 3635 1283 arma-

2044 1319 2219 1375 verat,
2245 1321 2297 1364 et
2320 1318 2426 1364 tam
2448 1326 2630 1365 carum
2654 1310 2799 1366 illum
2827 1309 2883 1368 et
2900 1315 3183 1372 amabilem
3202 1317 3306 1371 illis
3321 1320 3634 1376 ostenderat

2042 1400 2190 1457 humi
2225 1401 2515 1474 jacentem,
2546 1415 2832 1470 mortuum,
2876 1415 2932 1460 et
2953 1421 3112 1462 sensu
3158 1421 3453 1468 carentem.
3495 1412 3632 1468 Nam

2045 1493 2172 1548 licet
2198 1495 2516 1550 sententiam
2547 1488 2845 1568 acclﬁiisset
2871 1497 3066 1567 Adam,
3093 1497 3253 1555 Terra
3278 1519 3350 1569 es,
3378 1517 3422 1557 et
3445 1506 3498 1559 in
3526 1516 3633 1560 ter-

2042 1602 2154 1640 ram
2196 1586 2352 1642 abibis
2382 1603 2402 1643 :
2445 1596 2539 1653 et,
2591 1587 2919 1658 Quocumque
2966 1591 3048 1644 die
3074 1596 3423 1662 comederitis,
3474 1611 3638 1655 morte

2043 1678 2326 1733 moriemini
2348 1677 2499 1749 (Gen.
2522 1681 2574 1735 5.
2607 1681 2695 1736 t9.
2739 1691 2786 1734 et
2814 1681 2869 1735 2.
2917 1677 3007 1756 Π)
3039 1701 3052 1737 :
3089 1687 3407 1741 sententiam
3454 1699 3633 1746 tamen

2046 1761 2098 1824 in
2127 1771 2300 1827 verbis
2323 1773 2581 1828 hactenus
2604 1776 3017 1845 cognoscebant,
3043 1786 3098 1832 et
3119 1780 3350 1834 nondum
3374 1795 3635 1838 noverant

2047 1862 2216 1932 qualis
2258 1872 2401 1919 esset
2430 1865 2617 1920 mortis
2643 1866 2777 1919 ratio
2807 1883 2820 1919 :
2853 1867 2948 1921 sed
2994 1867 3080 1923 hic
3122 1870 3324 1938 primus
3354 1873 3422 1927 ob
3451 1873 3636 1929 odium

2049 1955 2099 2008 in
2127 1952 2373 2021 fratrem,
2403 1966 2458 2011 et
2485 1956 2707 2012 livorem
2736 1958 2826 2027 qui
2864 1959 3183 2016 intrinsecus
3212 1963 3361 2018 illum
3389 1967 3635 2030 rodcbat,

2048 2046 2100 2099 in
2151 2043 2497 2102 fratricidium
2544 2049 2669 2115 ruit,
2708 2065 2874 2119 grave
2920 2053 3227 2119 parentibus
3269 2058 3638 2124 spectaculum

2047 2137 2330 2194 exhibens.
2353 2138 2583 2195 Proinde
2611 2150 2802 2206 mater,
2827 2158 2946 2212 qua:
2965 2145 3236 2214 paululum
3267 2152 3634 2216 caputerexit,

2047 2235 2102 2284 et
2131 2229 2213 2282 vix
2256 2230 2468 2285 tandem
2510 2231 2794 2302 aliquando
2829 2235 2958 2288 tanti
2999 2235 3170 2290 luctus
3214 2239 3638 2296 consolationem

2047 2321 2270 2383 invenit,
2317 2323 2515 2392 gratias
2543 2323 2652 2393 agit
2695 2323 2920 2378 Domino
2957 2326 3028 2380 ob
3071 2337 3250 2382 natum
3295 2347 3548 2399 puermn,
3585 2344 3640 2388 et

2047 2409 2338 2467 fratricida:
2378 2414 2554 2470 scelus
2587 2415 2842 2482 infamat,
2875 2415 2975 2471 hac
3017 2419 3246 2473 maxima
3281 2421 3426 2477 illum
3479 2438 3639 2491 ptena

2048 2497 2289 2558 afficiens
2313 2545 2327 2570 ,
2352 2512 2411 2558 ut
2437 2503 2633 2559 factum
2675 2504 2818 2560 illius
2862 2517 3132 2577 perpetuae
3171 2512 3640 2570 commendaretur

2049 2608 2345 2650 metuente.

2127 2685 2396 2741 Peccatum
2442 2687 2766 2759 opprobrium
2815 2689 2992 2746 inurit.
3021 2723 3095 2734 -—
3125 2693 3342 2750 Vidistis
3380 2707 3640 2765 quantum

2049 2778 2246 2832 malum
2285 2779 2355 2832 sit
2383 2781 2698 2849 peceatum?
2728 2791 2782 2836 et
2811 2783 3079 2852 quomodo
3116 2789 3456 2856 peccantibus
3482 2791 3640 2860 igno-

2051 2871 2267 2924 miniam
2291 2880 2342 2925 et
2363 2874 2706 2941 opprobrium
2747 2875 2959 2929 inurat?
2981 2877 3188 2932 vidistis
3223 2881 3490 2950 quomodo
3513 2898 3642 2951 pro-

2049 2971 2171 3031 pter
2209 2961 2310 3017 hoc
2339 2962 2516 3018 divina
2559 2967 2727 3035 gratia
2758 2966 3035 3036 spoliatus,
3063 2979 3116 3024 et
3142 2973 3460 3028 omnibusin
3495 2976 3642 3030 ludi-

2050 3053 2224 3107 brium
2279 3055 2447 3109 factus
2504 3057 2607 3111 sit?
2655 3057 2865 3114 vidistis
2914 3061 3184 3131 quomodo
3233 3073 3286 3117 et
3331 3068 3643 3134 parentibus

2053 3149 2238 3198 natura
2262 3145 2327 3200 ad
2349 3149 2605 3203 amandos
2628 3143 3084 3221 filios'propensis,
3113 3165 3327 3224 propter
3348 3159 3641 3227 pessimum

2054 3234 2154 3288 hoc
2184 3233 2388 3290 facinus
2414 3238 2785 3295 abominabilis
2817 3241 3010 3297 fuerit?
3042 3243 3202 3313 Igitur
3233 3246 3517 3317 fugiamus,
3543 3252 3638 3306 0b-

2057 3343 2252 3394 set-ro,
2291 3341 2564 3398 peccatum
2627 3332 2769 3404 quod
2817 3336 2977 3390 tantis
3031 3353 3130 3393 nos
3179 3339 3332 3393 malis
3378 3341 3638 3406 involvit,

2053 3429 2106 3474 et
2147 3421 2399 3476 virtutem
2443 3423 2796 3493 arripiamus,
2830 3437 2890 3482 ut
2924 3438 2978 3482 et
3016 3445 3300 3498 supernam
3345 3434 3501 3486 nobis
3547 3436 3644 3490 be—

2053 3511 2405 3566 nevolentiam
2450 3517 2817 3582 conciliemus,
2855 3529 2910 3573 et
2948 3521 3265 3590 supplicium
3305 3522 3640 3593 effugiemus.

2052 3601 2142 3656 26.
2176 3601 2242 3655 Et
2281 3603 2428 3672 Seth,
2458 3605 2648 3676 inquit,
2681 3618 2829 3662 natus
2853 3617 2925 3664 est
2954 3611 3128 3679 ﬁlius;
3156 3614 3430 3683 appellavit
3467 3629 3641 3670 autem

2053 3711 2234 3748 nomen
2264 3695 2402 3750 illius
2433 3694 2572 3752 Enos
2596 3715 2614 3752 :
2639 3700 2720 3753 hic
2740 3705 2955 3771 speravit
2978 3703 3210 3758 invocare
3234 3722 3410 3759 nomen
3433 3706 3645 3763 Domini

2055 3785 2172 3841 Dei.
2198 3787 2331 3844 Vide
2362 3787 2448 3845 hic
2479 3793 2748 3860 quomodo
2776 3806 2958 3864 postea
3000 3797 3251 3866 paulatim
3297 3799 3646 3856 instituantur

2056 3880 2323 3950 homines,
2357 3891 2416 3938 ut
2457 3883 2510 3938 in
2547 3885 2994 3956 appellationibus
3033 3891 3259 3946 filiorum
3295 3896 3431 3963 grati
3473 3898 3643 3951 animi

2056 3971 2309 4028 indicium
2343 3987 2627 4044 reponant.
2662 3976 2755 4032 l-lic
2783 3995 3013 4049 quoque.
3051 3982 3239 4051 inquit,
3272 3999 3461 4054 nempe
3487 3985 3642 4050 Seth,

2053 4063 2122 4118 ab
2147 4077 2204 4118 se
2230 4065 2467 4136 genitum
2498 4068 2663 4122 filium
2691 4071 2898 4124 vocavit
2930 4072 3088 4124 Eoos.
3134 4073 3332 4128 Deinde
3367 4075 3645 4146 Scriptura

2054 4155 2240 4209 volens
2269 4157 2424 4211 nobis
2454 4159 2684 4214 nominis
2706 4161 3115 4230 appellationem
3150 4163 3522 4234 interpretari,
3559 4169 3641 4220 in-

2054 4246 2204 4318 quit:
2235 4246 2331 4301 llic
2354 4252 2573 4320 speravit
2602 4251 2834 4305 invocare
2859 4269 3036 4305 nomen
3059 4251 3262 4307 Domini
3285 4253 3398 4310 Dei.
3431 4258 3504 4309 lix
3539 4255 3645 4312 hoc

2056 4341 2196 4395 enim
2221 4342 2440 4412 posthac
2458 4344 2642 4398 beatus
2667 4345 2920 4414 propheta
2944 4347 3305 4418 genealogiam
3334 4349 3645 4418 inet-plurus

2055 4443 2157 4498 est,
2191 4436 2385 4504 rejeeta
2429 4439 2683 4491 memoria
2727 4438 2878 4506 Cain,
2920 4450 2974 4495 et
3017 4456 3200 4494 eorum
3246 4443 3334 4512 qui
3377 4459 3547 4512 usque
3576 4447 3644 4499 ad

2057 4525 2288 4580 Lamech
2313 4528 2379 4582 ab
2407 4544 2470 4582 eo
2499 4529 2908 4584 descenderunt.
2933 4529 3062 4585 Nam
3090 4533 3208 4602 quia
3235 4537 3517 4602 primatum
3545 4555 3644 4590 na-

2057 4628 2173 4674 tura
2203 4620 2305 4675 sibi
2332 4621 2512 4676 datum
2534 4665 2549 4688 ,
2584 4623 3013 4694 primogenitum
3039 4625 3367 4695 dignitatem,
3401 4627 3643 4696 inquam,

2043 4706 2477 4770 Sine'voluntatis
2504 4716 2700 4771 malitia
2729 4717 3128 4784 dehonestaret,
3151 4727 3206 4774 et
3225 4719 3356 4790 ipse,
3385 4731 3437 4774 et
3457 4721 3547 4790 qui
3572 4739 3644 4776 ex

2058 4813 2124 4860 eo
2172 4807 2304 4873 nati,
2350 4806 2592 4878 catalogo
2637 4807 2922 4876 ejiciuntur
2961 4827 2973 4863 :
3007 4809 3137 4864 Seth
3182 4826 3310 4866 vero
3358 4811 3503 4880 quod
3543 4813 3644 4865 sibi

2059 4903 2246 4952 natura
2278 4909 2526 4969 negatum
2556 4909 2692 4966 erat,
2721 4899 2772 4954 id
2798 4916 2861 4955 ex
2891 4899 3058 4970 probo
3089 4903 3210 4957 vita:
3243 4903 3481 4957 instituto
3508 4919 3648 4959 con—

2058 4991 2318 5061 sequitur,
2343 5007 2533 5061 nempe
2561 4992 2612 5046 in
2635 5007 2693 5047 se
2718 4991 3028 5047 translatum
3059 4993 3490 5064 primogenitum:
3513 4998 3602 5066 jus
3624 5013 3645 5054 :

2059 5093 2115 5160 et
2139 5084 2383 5154 quamvis
2410 5101 2515 5140 non
2554 5094 2765 5151 natura,
2793 5096 3027 5142 attamen
3057 5088 3126 5143 ob
3158 5089 3443 5144 voluntatis
3465 5092 3645 5148 inten-

2061 5176 2281 5242 tionem,
2314 5175 2474 5231 etiam
2507 5179 2594 5247 qui
2622 5195 2688 5232 ex
2718 5193 2784 5232 eo
2811 5177 2918 5233 nati
2942 5191 3097 5244 Sunt,
3129 5181 3180 5234 in
3207 5183 3534 5254 genealogiis
3556 5202 3646 5240 re-

2058 5277 2363 5323 censentur.
2387 5269 2460 5323 Et
2485 5269 2622 5323 sicut
2651 5268 2737 5324 hic
2763 5269 2906 5326 Enos
2933 5281 3152 5325 vocatus
3173 5283 3273 5339 est,
3298 5289 3362 5328 eo
3388 5276 3530 5344 quod
3561 5279 3646 5329 in.

2058 5360 2268 5414 vocavit
2295 5375 2490 5416 nomen
2514 5359 2726 5415 Domini
2753 5361 2848 5416 Dei
2879 5379 2892 5415 :
2925 5361 3001 5416 sic
3027 5371 3084 5417 et
3101 5362 3190 5433 qui
3218 5379 3282 5417 ex
3305 5378 3369 5417 eo
3393 5364 3646 5433 deinceps

2058 5453 2258 5508 ducunt
2289 5453 2578 5523 originem,
2609 5452 2852 5509 eamdem
2887 5458 3184 5508 sortiuntur
3209 5455 3642 5524 appellationem.

2058 5543 2349 5616 Propterea
2385 5543 2567 5600 beatus
2623 5543 2708 5601 hic
2757 5544 3013 5616 propheta
3059 5547 3322 5600 narrando
3375 5545 3479 5603 hoc
3529 5548 3644 5604 loco

2060 5641 2376 5708 subsistens,
2409 5635 2552 5693 aliud
2583 5638 2774 5693 iterum
2798 5635 3118 5710 principium
3147 5635 3373 5692 orditur.
