3796 6280
299 155 394 208 1ῗῖ

361 271 422 321 c'.
459 269 594 321 Ἀλλ’
622 271 705 324 ἵνα
744 272 816 344 μὴ
852 273 1142 344 ἀρξάμενοι
1167 276 1258 328 τοῦ
1309 278 1643 350 διηγήματος
1667 295 1692 323 ι
1719 285 1798 348 είς
1823 284 1956 337 πολὺ

294 354 468 426 μῆκος
506 357 832 429 ἐκτείνωμεν
870 359 967 432 τὴν
1001 361 1366 425 διδασκαλίαν.
1400 366 1631 420 ἐνταῦθα
1673 370 1767 421 καὶ
1801 371 1962 438 ἡμεῖς

1115 160 1170 214 s.
1211 159 1498 216 JOANNIS
1531 162 2018 220 cnmsosmm
2056 167 2370 228 ARCIIIEP.
2412 171 2964 230 CONSTANTINOP.
3184 230 3210 250 ι
3619 161 3707 216 174

2062 287 2220 357 ἡμεῖς
2251 288 2306 342 δὲ
2337 291 2424 346 διὰ
2449 293 2538 346 τὸν
2568 291 2843 359 Δεσπότην
2889 288 2980 340 τὸν
3018 283 3305 356 ἡμέτερον,
3349 279 3438 333 τὸν
3476 275 3570 330 καὶ
3611 274 3712 327 τῶν

2060 370 2421 441 ὑπηργμένων
2448 374 2703 444 χορηγὸν,
2729 372 2826 425 καὶ
2867 369 3079 432 ἐκείνας
3119 367 3218 428 τὰς
3255 363 3596 434 ἀπορρήτους
3621 360 3712 410 δω-

289 443 538 517 καθάπερ
592 447 620 498 6
672 451 935 518 μακάριος
979 443 1134 512 οὗτος
1183 454 1468 523 προφήτης
1514 455 1959 525 καταπαύσωμεν
1977 488 2017 509 ιγ
2061 456 2189 524 ρεάς
2234 443 2719 530 ἐπαγγελλόμενον,
2770 459 2888 511 οὐδὲ
2915 456 2943 494 ά
2978 457 3039 509 τὸ
3075 454 3234 524 τυχὸν
3267 451 3524 511 πολλάκις
3553 464 3711 516 μετα-

287 531 379 583 τδν
406 532 577 602 λόγον,
603 535 681 598 είς
710 533 806 605 τήν
841 534 988 604 ἑξῆς,
1016 535 1108 589 ἐάν
1140 536 1168 587 6
1205 536 1334 602 Θεὸς
1373 539 1661 613 ἐπιτρέπῃ,
1695 541 1803 594 τῶν
1839 543 1962 593 ἐπο-

292 619 468 688 μένων
493 620 588 691 τὴν
618 620 909 692 ἑρμηνείαν
947 626 1394 694 ταμιευσάμενοι.
1432 626 1582 690 Τέως
1633 627 1688 680 δὲ
1735 628 1824 680 ἐπὶ
1863 627 1954 680 τοῦ

289 706 550 778 παρόντος
592 707 764 760 ἐκεῖνο
818 707 1196 777 παρακαλέσαι
1263 709 1361 781 τὴν
1421 711 1686 784 ὑμετέραν
1739 713 1957 783 ἀγάπην

291 791 568 860 βούλομαι,
593 792 730 845 ὥστε
761 794 1100 862 καρποῦσθαί
1130 813 1182 848 τι
1217 795 1378 850 πλέον
1405 798 1470 850 ἐκ
1497 798 1605 851 τῶν
1635 801 1760 870 παρ’
1800 799 1955 870 ἡμῶν

290 877 618 948 λεγομένων,
660 881 752 932 καὶ
804 879 925 933 καθ’
966 881 1200 954 ἑκάστην
1241 884 1448 954 ἡμέραν
1495 886 1722 949 ἐαυτούς
1760 887 1958 956 διερευ-

286 971 502 1034 νᾶσθαι,
531 972 583 1026 τί
616 972 714 1043 μὲν
746 975 811 1026 ἐκ
861 974 1061 1044 ταύτης
1099 977 1196 1046 τῆς
1226 976 1568 1040 διδασκαλίας
1606 977 1952 1048 ἐκερδάνατε,

285 1059 338 1112 τί
369 1059 426 1111 δὲ
463 1061 529 1112 ἐκ
549 1059 645 1130 τῆς
673 1060 882 1132 ἐτέρας,
919 1061 1014 1114 καὶ
1055 1062 1131 1133 μὴ
1165 1063 1322 1133 μόνον
1348 1063 1509 1135 μέχρι
1537 1063 1636 1134 τῆς
1672 1065 1842 1135 ἀκοῆς
1873 1064 1957 1118 δέ·

286 1145 476 1214 χεσθαι
508 1146 575 1198 τὰ
621 1148 749 1218 παρ’
781 1147 938 1218 ἡμῶν
984 1147 1269 1219 λεγόμενα,
1303 1150 1439 1205 ἀλλὰ
1466 1151 1560 1206 καὶ
1607 1153 1686 1214 είς
1717 1151 1814 1223 τὴν
1849 1152 1957 1206 διά-

289 1251 435 1288 νοιαν
469 1235 622 1306 ὑμῶν
650 1235 790 1290 αὐτά
819 1238 1252 1305 ἐναποτίθεσθαι,
1285 1241 1378 1293 καὶ
1412 1243 1478 1312 τῇ
1517 1245 1730 1312 συνεχεῖ
1757 1241 1954 1315 μελέτῃ

289 1323 496 1391 παγίαν
543 1325 724 1379 αὐτῶν
779 1325 878 1397 τὴν
923 1327 1144 1398 μνήμην
1191 1328 1482 1382 ποιεῖσθαι.
1535 1328 1801 1399 Βούλομαι
1845 1329 1954 1400 γάρ

288 1411 433 1479 ὑμᾶς
473 1412 740 1482 μὴμόνον
769 1413 978 1477 ἑαυτοῖς
1025 1414 1235 1485 ἀρκεῖν,
1262 1415 1396 1468 ἀλλά
1444 1416 1537 1470 καὶ
1582 1417 1785 1488 ἑτέροις
1817 1416 1954 1470 διδα-

289 1496 519 1558 σκάλους
545 1497 808 1566 γίνεσθαι,
837 1499 976 1552 ὥστε
1007 1499 1265 1556 δύνασθαι
1293 1502 1384 1554 καὶ
1411 1503 1630 1574 ἐτέρους
1663 1503 1949 1570 νουθετεῖν,

287 1583 383 1636 καὶ
413 1585 487 1656 μὴ
521 1584 607 1638 διὰ
638 1585 810 1654 λόγων
851 1587 1009 1656 μόνον
1037 1586 1195 1641 τοῦτο
1224 1592 1413 1652 ποιεῖν,
1438 1590 1573 1644 ἀλλὰ
1603 1591 1696 1646 καὶ
1725 1590 1814 1644 διὰ
1844 1590 1952 1644 τῶν

289 1670 462 1742 ἔργων
514 1673 784 1726 παιδεύειν
836 1674 963 1736 τοὺς
1011 1674 1232 1745 πλησίον
1287 1677 1423 1748 πρὸς
1466 1677 1564 1749 τὴν
1612 1681 1712 1750 τῆς
1753 1679 1951 1750 ἀρετῆς

285 1759 638 1831 κατόρθωσιν.
688 1761 970 1830 Ἐννόησον
1021 1763 1128 1832 γάρ
1183 1781 1292 1834 μοι,
1359 1765 1440 1817 ὅτι
1499 1767 1547 1819 εἰ
1605 1765 1950 1837 βουληθείητε

284 1845 405 1898 καθ’
434 1845 667 1916 ἐκάστην
701 1845 914 1917 ἡμέραν
948 1847 1176 1902 ἐνταῦθα
1207 1851 1638 1922 παραγενόμενοι
1669 1851 1861 1923 μικρόν
1897 1870 1950 1906 τι

285 1933 447 2003 μέρος
482 1933 845 2004 καρποῦσθαι,
899 1935 991 1988 καὶ
1032 1936 1139 1990 τῶν
1187 1937 1547 2007 ἐνοχλούντων
1588 1940 1715 2010 ὑμῖν
1763 1937 1950 1992 παθῶν

279 2019 560 2088 διόρθωσιν
601 2019 947 2090 ποιήσασθαι,
997 2019 1111 2084 πῶς
1152 2023 1272 2075 κατ’
1301 2023 1477 2092 ὀλίγον
1516 2025 1595 2088 είς
1644 2024 1810 2095 αὐτὴν
1850 2023 1951 2093 τῆς

279 2107 477 2178 ἀρετῆς
507 2106 606 2178 τὴν
633 2106 808 2177 ἄκραν
844 2109 1086 2180 κορυφὴν
1118 2110 1422 2165 ἐλεύσεσθε.
1459 2113 1591 2166 Οὐδὲ
1640 2112 1748 2182 γὰρ
1784 2112 1951 2165 πανό-

282 2193 420 2261 μεοα
450 2195 535 2263 ἐφ’
564 2193 801 2268 ἐκάστης
841 2195 1226 2266 διαλεγόμενοι,
1271 2198 1366 2251 καὶ
1421 2200 1547 2270 περὶ
1593 2199 1691 2271 τῆς
1722 2199 1950 2270 ἀρίστης

280 2278 556 2346 πολιτείας
604 2282 732 2352 ὑμῖν
795 2284 1150 2354 ἐνηχοῦντες,
1203 2284 1341 2339 ὥστε
1391 2287 1458 2340 τά
1504 2287 1724 2359 ὀλέθρια
1776 2287 1947 2342 ταῦτα

279 2370 425 2441 πάθη
453 2369 763 2435 ἐκκόπτειν,
811 2373 903 2425 τὸν
945 2371 1113 2443 θυμὸν
1160 2374 1322 2443 λέγω,
1363 2375 1460 2447 τήν
1494 2375 1811 2446 βασκανίαν,
1855 2381 1946 2434 τὸν

277 2458 491 2526 φθόνον.
524 2457 740 2512 Τούτων
780 2459 890 2532 γὰρ
928 2461 1344 2532 ἀναιρεθέντων,
1377 2465 1736 2538 εὐκολώτερον
1778 2468 1871 2522 καὶ
1913 2471 1945 2540 ή

276 2547 405 2616 περὶ
430 2546 498 2599 τὰ
525 2547 783 2616 χρήματα
818 2547 984 2618 μανία
1005 2548 1287 2620 διόρθωσιν
1314 2550 1544 2622 λήψεται
1573 2555 1666 2606 καὶ
1695 2555 1792 2626 τῆς
1821 2557 1947 2627 περὶ

274 2633 345 2686 τὰ
370 2635 625 2704 χρήματα
657 2635 851 2704 μανίας
877 2635 1035 2690 πάλιν
1064 2637 1380 2710 παυθείσης,
1417 2640 1554 2710 μετά
1580 2639 1822 2704 πλείονος
1848 2642 1947 2713 τῆς

273 2721 457 2784 ἀδείας
493 2721 542 2773 οί
586 2721 777 2775 ἄτοποι
819 2721 1067 2794 λογισμοὶ
1115 2725 1210 2778 καὶ
1246 2727 1302 2778 αἱ
1347 2728 1569 2798 αἰσχραὶ
1619 2728 1946 2801 ἐνθυμήσεις

273 2809 802 2882 κατασταλήσονται·
855 2809 1008 2875 Ῥίζα
1040 2812 1148 2883 γὰρ
1179 2812 1396 2868 πάντων
1443 2814 1552 2868 τῶν
1582 2815 1767 2870 κακῶν
1795 2819 1945 2870 ἐστιν

274 2899 307 2968 ἡ
337 2897 684 2968 φιλαργυρία.
727 2898 827 2954 "Av
854 2898 1030 2952 τοίνυν
1062 2899 1161 2971 τὴν
1193 2900 1344 2972 ῥίζαν
1386 2902 1725 2974 ἐκτέμωμεν,
1765 2907 1858 2958 καὶ
1885 2907 1946 2971 ἐξ

273 2986 436 3039 αὐτοῦ
459 2986 553 3038 τοῦ
583 2986 776 3056 βάθους
800 2989 967 3058 αὐτὴν
997 2989 1420 3060 ἀνασπάσωμεν,
1448 2992 1812 3064 εὐκολώτερον
1835 2993 1943 3048 τῶν

276 3073 488 3126 κλάδων
516 3074 903 3145 περιεσόμεθα.
943 3077 1009 3128 Ἦ
1047 3075 1156 3146 γὰρ
1177 3077 1468 3148 ἀκρόπολις
1493 3080 1600 3133 τῶν
1627 3081 1830 3145 κακῶν,
1849 3083 1944 3136 καὶ

278 3167 307 3217 6
336 3159 596 3230 κολοφὼν,
638 3161 714 3224 ὡς
747 3163 942 3225 εἰπεῖν,
965 3163 1073 3215 τῶν
1112 3165 1541 3236 ἁμαρτημάτων,
1575 3170 1607 3239 ἡ
1637 3168 1809 3224 λύσσα
1835 3170 1942 3226 τῶν

272 3247 568 3316 χρημάτων
600 3248 767 3313 ἐστὶν,
795 3243 862 3320 ἦς
897 3251 945 3301 εί
973 3248 1362 3322 βουληθείημεν
1377 3251 1522 3325 [179]
1538 3256 1939 3326 περιγενέσθαι,

270 3333 422 3387 οὐδὲν
457 3334 517 3387 τὸ
548 3334 754 3387 κωλύον
779 3335 871 3389 καὶ
913 3335 1116 3406 ταύτην
1143 3337 1242 3407 τὴν
1295 3341 1489 3408 μανίαν
1533 3343 1814 3410 ἐκφυγεῖν,
1849 3346 1942 3398 καὶ⁹

275 3421 412 3490 μετά
441 3421 644 3494 ταύτης
676 3422 1085 3476 συνανασπάσαι
1120 3425 1214 3477 καὶ
1243 3427 1495 3497 ἐκτεμεῖν
1525 3429 1702 3483 πάντα
1725 3431 1794 3484 τὰ
1818 3431 1934 3485 όλέ⁶

271 3509 396 3578 Ορια
420 3509 586 3579 πάθη.
627 3509 736 3564 Καὶ
776 3509 850 3582 μὴ
875 3510 1132 3581 νομίσητε
1159 3511 1299 3582 μέγα
1322 3530 1372 3566 τι
1399 3515 1494 3568 καὶ
1523 3516 1776 3588 φορτικὸν
1804 3515 1939 3574 εἶναι

267 3595 328 3648 τὸ
346 3596 641 3667 χρημάτων
675 3595 966 3668 ὑπεριδεῖνο
1002 3597 1168 3650 Ὅταν
1209 3599 1315 3671 γὰρ
1343 3601 1598 3672 ἐννοήσω,
1635 3605 1718 3658 ὅτι
1759 3605 1940 3659 πολλοὶ

267 3685 374 3739 τῶν
403 3683 704 3757 ἀνθρώπων
727 3683 815 3738 διά
841 3684 1004 3756 κενήν
1029 3685 1124 3739 καὶ
1153 3686 1406 3759 ἀνόνητον
1434 3689 1744 3760 φιλοτιμίαν
1771 3693 1938 3748 πολλὰ

266 3773 488 3844 χρυσίου
521 3772 757 3826 τάλαντα
804 3771 1016 3844 ἐξέχεον
1061 3775 1140 3838 είς
1190 3773 1340 3828 οὐδὲν
1372 3776 1520 3842 δέον,
1565 3778 1680 3832 ἀλλ’
1716 3779 1802 3833 ἵνα
1839 3781 1936 3853 τὴν

267 3859 418 3934 παρὰ
440 3863 548 3916 τῶν
575 3862 850 3934 ἀγοραίων
871 3862 962 3915 καὶ
991 3862 1408 3934 τριοϐολιμαίων
1435 3865 1693 3932 πολλάκις
1723 3869 1932 3940 ἀνθρώ-

265 3968 381 4003 πων
411 3943 685 4020 εὐφημίαν
717 3949 1140 4020 καρπώσωνται,
1161 3949 1259 4021 τὴν
1279 3950 1386 4021 πρὸ
1405 3951 1503 4022 τῆς
1525 3954 1762 4027 ἑσπέρας
1784 3959 1936 4022 τέλος

264 4037 664 4107 λαμϐάνουσαν,
700 4036 957 4100 πολλάκις
983 4036 1040 4089 δὲ
1084 4037 1206 4090 οὐδὲ
1235 4038 1396 4108 μέχρι
1427 4041 1527 4111 τῆς
1551 4043 1788 4114 ἑσπέρας
1818 4045 1935 4100 δια-

267 4125 549 4194 μείνασαν,
577 4123 714 4177 ἀλλά
745 4124 839 4177 καὶ
861 4124 989 4193 πρὶν
1015 4123 1048 4194 ἡ
1081 4123 1434 4196 πληρωθῆναι
1465 4127 1566 4198 τὴν
1591 4131 1802 4202 ἡμέραν
1834 4150 1934 4201 μυ-

265 4212 401 4283 ρίοις
430 4213 626 4275 αὐτοὺς
655 4211 1089 4281 περιϐάλλουσαν
1122 4214 1312 4277 κακοῖς
1333 4228 1346 4242 ·
1376 4213 1577 4286 [ἕτεροι
1603 4217 1660 4271 δὲ
1701 4220 1807 4274 τῶν
1841 4223 1934 4277 ἐπὶ

261 4301 327 4368 τῇ
351 4298 524 4368 πλάνῃ
547 4301 610 4369 τῇ
651 4299 938 4370 Ἑλληνικῇ
971 4299 1552 4371 προκατειλημμένων,
1577 4306 1739 4361 πάλιν
1765 4308 1853 4362 διά
1873 4311 1934 4364 τὸ

262 4387 400 4456 πρὸς
429 4387 526 4457 τὴν
556 4386 665 4438 τῶν
691 4385 994 4457 ἀνθρώπων
1037 4386 1336 4457 ἐπτοῆσθαι
1378 4389 1556 4456 δόξαν,
1593 4394 1688 4446 καὶ
1727 4396 1931 4470 ταύτην

262 4475 388 4541 περὶ
415 4472 608 4525 πολλοῦ
638 4473 928 4536 ποιεῖσθαι,
958 4473 1138 4528 πάντα
1159 4472 1228 4528 τά
1253 4474 1381 4528 ὄντα
1415 4476 1688 4547 ῥίψαντες,
1736 4485 1829 4538 καὶ
1873 4486 1932 4538 ἓν

263 4562 423 4630 μόνον
460 4560 744 4632 τριϐώνιον
777 4561 987 4625 ἑαυτοῖς
1008 4561 1399 4629 καταλιπόντες
1423 4564 1452 4604 b
1471 4567 1565 4618 καὶ
1593 4566 1927 4642 βακτηρίαν,

257 4647 400 4702 οὕτω
427 4649 516 4700 τὸν
552 4649 764 4702 ἅπαντα
787 4648 900 4719 βίον
926 4649 1195 4718 διάγουσι,
1219 4651 1397 4704 πάντα
1418 4653 1510 4706 τὸν
1536 4656 1698 4710 πόνον
1721 4659 1927 4717 ἐκεῖνον

257 4737 352 4790 καλ⁸
371 4736 466 4807 τὴν
497 4736 868 4808 ταλαιπωρίαν
888 4736 974 4790 διά
1009 4736 1106 4807 τὴν
1131 4738 1282 4808 παρά
1303 4739 1412 4794 τῶν
1432 4740 1733 4812 ἀνθρώπων
1757 4748 1927 4821 εὐφη-

262 4824 390 4895 μίαν
418 4824 704 4894 ὐπομένειν
727 4823 1086 4896 αἱρούμενον]
1121 4824 1248 4878 ὅταν
1279 4826 1662 4885 τοίνυνταῦτα
1695 4832 1923 4903 λογίσω-

258 4929 374 4982 μαι,
403 4911 503 4964 οὐκ
533 4907 652 4965 οἶδα.
684 4911 842 4964 ποίαν
885 4911 1078 4981 ἕξομεν
1125 4911 1424 4982 ἀπολογίαν
1472 4916 1504 4987 ἢ
1559 4923 1921 4995 συγγνώμην,

253 5001 372 5053 οὐδέ
397 4999 456 5052 τὸ
488 4997 776 5053 πολλοστὸν
813 5000 1035 5053 ἐκείνων
1065 4999 1152 5052 διὰ
1191 5001 1292 5070 τήν
1332 5003 1480 5073 παρά
1523 5006 1616 5059 τοῦ
1661 5008 1795 5063 Θεοῦ
1834 5013 1921 5065 δο-

255 5091 438 5143 θεῖσαν
468 5088 686 5161 ἐντολὴν
720 5088 982 5160 προέσθαι
1024 5088 1360 5159 ἀνεχόμενοι,
1403 5093 1497 5146 καὶ
1527 5094 1614 5148 διὰ
1641 5097 1740 5168 τὴν
1769 5099 1922 5167 δόξαν

255 5177 469 5247 ἐκείνην
510 5177 608 5249 τὴν
638 5179 902 5232 ἀθάνατον
945 5177 1040 5231 καῖ⁵
1082 5177 1256 5249 πέρας
1301 5179 1400 5232 οὐκ
1439 5179 1700 5252 ἔχουσαν,
1734 5187 1868 5241 άλλά
1897 5201 1917 5228 ε

255 5264 347 5317 καὶ
375 5265 595 5316 ἐκείνων
623 5267 835 5336 χείρους
865 5266 1160 5336 γινόμενοι,
1207 5265 1301 5318 καὶ
1332 5266 1466 5337 μηδὲ
1498 5269 1621 5324 ὅσον
1654 5273 1713 5325 τὸ
1759 5277 1921 5345 μέσον

255 5351 576 5414 ἐννοοῦντες·
607 5353 689 5406 ὅτι
715 5354 909 5405 ἐκεῖνοι
944 5353 1041 5423 μὲν
1070 5351 1159 5407 διὰ
1185 5353 1284 5424 τὴν
1310 5355 1460 5426 παρὰ
1487 5357 1595 5413 τῶν
1619 5361 1921 5434 ἀνθρώπων

253 5437 361 5490 τῶν
395 5437 668 5507 ὁμογενῶν
708 5439 960 5510 ἀνόνητον
1007 5438 1282 5509 εὐφημίαν
1325 5443 1560 5498 τοσαῦτα
1603 5451 1917 5519 προῖενταιπ

321 5631 344 5658 ³
372 5630 456 5700 Sig
471 5631 827 5714 quinqu'emfg.
856 5639 1012 5714 τροις.
1041 5635 1137 5707 Alii
1175 5634 1673 5714 toi'tlva'yvéqpatog.
1745 5647 1772 5686 ιι
1794 5649 1916 5714 Reg,

259 5695 685 5775 ἐῖηοὲνῖεςῃέ
705 5695 1662 5775 “8391-852£53291xeipwc'vwéiml
1688 5695 1922 5775 υείιιῐέἔὰ

284 5756 539 5817 Εκχέωμεν
563 5755 732 5819 τοίνυν,
757 5756 934 5806 desunt
955 5757 1003 5806 ill
1024 5755 1220 5810 Coislin'.

2056 540 2252 595 διδόναι
2272 546 2384 606 τοῖς
2412 545 2730 615 πενομένοις
2750 543 3065 615 αἱρούμεθα.
3091 543 3200 594 Kal
3224 538 3395 600 ποίοις
3423 533 3712 603 ὀφθαλμοῖς

2057 627 2297 697 ὀψόμεθα
2330 631 2421 684 τὸν
2462 631 2654 703 κριτὴν
2687 631 2788 700 τῆς
2820 629 2995 692 οὕτως
3023 628 3243 682 εὐκόλου
3291 623 3510 693 ἐντολῆς
3552 635 3715 673 κατα-

2062 714 2376 785 μελοῦντες;
2422 720 2512 790 Μὴ
2547 719 2655 789 γὰρ
2688 720 2862 773 πάντα
2906 718 2976 771 τά
3019 718 3146 770 δντα
3192 714 3344 786 ῥῖψαι
3390 708 3712 783 προτρέπωῖ

2071 802 2330 856 Ἀπόλαυε
2360 805 2538 874 πάσης
2581 805 2836 869 ἀνέσεως.
2865 805 2960 857 καὶ
2995 804 3094 872 τὴν
3139 798 3333 856 ἐαυτοῦ
3364 797 3552 870 χρείαν
3584 796 3715 865 πλη-

2059 887 2238 960 ρώσας
2277 891 2345 943 τὰ
2390 891 2620 961 περιττά
2664 892 2758 944 καὶ
2805 891 2925 959 εἰκῆ
2971 891 3195 960 κείμενα
3239 885 3414 940 ταῦτα
3445 885 3713 950 ἀναγκαῖα

2059 976 2302 1046 ποίησον,
2325 979 2417 1032 καὶ
2445 981 2560 1042 τοῖς
2587 978 2731 1050 λιμῷ
2759 977 3100 1047 πιεζομένοις
3129 975 3224 1028 καὶ
3252 974 3355 1027 ὐπὸ
3381 971 3473 1025 τοῦ
3505 967 3712 1041 κρυμοῦ

2058 1064 2424 1134 πηγνυμένοις
2475 1051 2682 1128 τούτοις
2720 1065 2990 1134 διάνειμαι
3015 1073 3061 1127 ο,
3111 1063 3205 1116 καὶ
3238 1061 3324 1115 διὰ
3363 1061 3463 1130 τῆς
3513 1058 3716 1111 τούτων

2057 1150 2237 1220 χειρὸς
2275 1152 2354 1214 εἰς
2397 1151 2493 1223 τὴν
2528 1152 2723 1206 ἐαυτοῦ
2762 1153 2994 1224 πατρίδα
3035 1151 3363 1220 διαπέμπου,
3403 1149 3470 1218 ἣν
3511 1144 3631 1231 μετῖ
3658 1143 3712 1195 οὐ

2059 1236 2191 1288 πολύ
2221 1236 2382 1308 λήψῃ.
2431 1233 2588 1294 Οὗτοι
2629 1239 2738 1308 γὰρ
2773 1239 3003 1310 μάλιστα
3047 1234 3362 1307 δυνήσονται
3398 1251 3481 1286 σοι
3522 1247 3714 1302 χρησι-

2061 1321 2254 1389 μεῦσαι
2301 1325 2439 1394 πρὸς
2476 1323 2575 1395 τὴν
2616 1326 2734 1378 ἐκεῖ
2773 1322 3166 1394 μετακομιδὴν,
3202 1322 3267 1375 ἵν’
3305 1321 3434 1374 ὅταν
3475 1317 3714 1388 ἀπέλθῃς

2056 1408 2190 1473 ἐκεῖ,
2231 1409 2445 1464 ἅπαντα
2483 1411 2649 1484 εὕρῃς
2689 1411 3122 1482 εὐτρεπισμένα,
3165 1410 3259 1462 xal
3305 1406 3545 1468 πλείονος
3589 1406 3710 1457 ﬁm-

2055 1495 2260 1567 λαύσῃς
2285 1499 2400 1551 ἐκεῖ
2423 1498 2520 1569 τῆς
2547 1498 2824 1569 εὐπορίας,
2861 1497 3002 1568 ὁρῶν
3024 1496 3196 1552 ταῦτα
3226 1495 3329 1549 ὑπὸ
3351 1493 3460 1547 τῶν
3488 1509 3717 1562 μετακο-

2058 1583 2347 1652 μισάντων,
2389 1584 2586 1656 μᾶλλον
2617 1585 2672 1638 δὲ
2708 1585 2812 1638 ὐπὸ
2855 1585 2953 1656 τῆς
3003 1583 3096 1637 τοῦ
3141 1581 3276 1636 Θεοῦ
3309 1580 3716 1652 φιλανθρωπίας

2055 1671 2610 1727 πολυπλασιασθέντα.
2649 1673 2740 1744 Μὴ
2783 1673 2890 1744 γὰρ
2935 1674 3177 1743 κάματον
3206 1671 3316 1741 ἔχει
3349 1668 3410 1722 τὸ
3441 1671 3714 1738 πρᾶγμα;

2057 1759 2132 1828 μὴ
2156 1760 2264 1830 γὰρ
2286 1761 2541 1831 φροντίδα
2562 1761 2682 1815 τινά
2709 1763 2802 1814 καὶ
2831 1761 3127 1832 μέριμναν;
3157 1760 3268 1829 Οὐχ
3296 1757 3607 1824 ὑποζυγίων
3637 1774 3714 1807 σοι

2053 1847 2206 1916 χρεία
2239 1847 2374 1918 πρὸς
2405 1848 2504 1919 τὴν
2543 1848 2926 1920 μετακομιδὴν,
2959 1847 3019 1900 οὐ
3051 1845 3144 1900 τοῦ
3193 1845 3572 1915 φυλάττοντος,
3620 1843 3716 1895 οὐκ

2052 1932 2210 1986 ἄλλου
2229 1934 2440 1997 οὐδενὸς
2472 1935 2734 1990 τοιούτου.
2765 1934 2901 1989 Οὔτε
2931 1935 3039 2005 γὰρ
3086 1932 3307 2007 λῃστὴς,
3355 1931 3480 1984 οὔτε
3519 1949 3713 1999 τοιχω-

2053 2018 2214 2090 ρύχος
2269 2021 2482 2092 ἐκείνην
2519 2021 2718 2092 βαδίζει
2770 2020 2868 2091 τὴν
2917 2021 3055 2086 ὁδὸν,
3109 2021 3198 2075 ἴνα
3240 2017 3566 2089 λυμαίνηται
3605 2018 3715 2079 τοῖς
3768 2061 3769 2068 η

2051 2106 2204 2178 παρά
2233 2108 2324 2161 σοῦ
2368 2109 2770 2180 πεμπομένοις’
2820 2108 2935 2161 ἀλλ’
2969 2109 3113 2180 άπερ
3163 2108 3231 2180 ἢν
3263 2106 3437 2177 ἀποθῇ
3488 2105 3570 2167 εἰς
3620 2105 3716 2164 τὰς

2049 2193 2156 2248 τῶν
2185 2197 2428 2267 πενήτων
2458 2199 2645 2267 χεῖρας
2667 2236 2682 2262 ,
2713 2194 2885 2249 ταῦτα
2916 2197 2996 2259 είς
3027 2195 3268 2265 ἀσφαλὲς
3304 2195 3553 2264 ταμιεῖον
3585 2193 3720 2244 ἀπο-

2051 2280 2191 2355 θήσῃ
2225 2281 2322 2353 τὴν
2346 2282 2438 2336 τοῦ
2468 2281 2601 2336 Θεοῦ
2635 2285 2814 2354 χεῖρα.
2845 2281 2994 2354 Αὕτη
3025 2283 3134 2354 γὰρ
3165 2284 3421 2353 ἀκέραιον
3473 2281 3571 2334 καὶ
3619 2281 3715 2349 τὴν

2047 2371 2252 2425 τούτων
2289 2371 2530 2444 φυλακὴν
2557 2372 2802 2446 παρέξει,
2828 2372 2922 2426 καὶ
2950 2372 3169 2427 ἐπειδὰν
3192 2370 3492 2444 ἐπανέλθῃς
3514 2375 3600 2434 εἰς
3623 2371 3717 2440 τὴν

2047 2458 2245 2512 οίκείον
2275 2460 2532 2530 πατρίδα,
2571 2461 2710 2531 μετά
2736 2462 2834 2532 τῆς
2865 2461 3091 2514 ἐκείνων
3125 2459 3430 2521 ἀποδόσεως
3461 2459 3557 2512 καὶ
3583 2460 3716 2510 ἀνα-

2048 2545 2294 2618 κηρύξει,
2325 2547 2421 2601 καὶ
2453 2546 2807 2616 στεφανώσει,
2835 2548 2929 2601 καὶ
2958 2550 3016 2602 ἐν
3046 2549 3194 2622 πάσῃ
3225 2545 3373 2618 [180]
3398 2546 3718 2617 εὐρυχωρία

2047 2633 2140 2686 καὶ
2187 2633 2366 2686 ἀνέσει
2399 2635 2753 2706 καταστήσει.
2800 2635 3108 2705 Ἐκχέωμεν
3145 2635 3340 2698 τοίνυν,
3382 2633 3716 2703 παρακαλῶ,

2047 2721 2115 2773 τὰ
2150 2721 2486 2792 ἀποκείμενα
2533 2723 2613 2785 εἰς
2663 2722 2762 2785 τὰς
2809 2722 2916 2774 τῶν
2968 2723 3212 2792 πενήτων
3257 2721 3570 2790 γαστέρας,
3623 2722 3719 2772 καὶ

2049 2809 2357 2881 σπείρωμεν
2392 2809 2468 2874 ὼς
2509 2809 2589 2863 ἐτι
2636 2810 2845 2881 καιρὸς,
2897 2811 2984 2865 ἴνα
3025 2813 3104 2874 είς
3144 2811 3236 2863 τὸν
3288 2811 3472 2863 δέοντα
3522 2809 3722 2879 καιρὸν

2047 2895 2370 2968 θερίσωμεν,
2406 2896 2425 2935 τ
2449 2898 2544 2950 καὶ
2568 2899 2642 2969 μὴ
2664 2897 2978 2968 προϊέμενοι
2997 2898 3095 2969 τὴν
3123 2897 3403 2968 παροῦσαν
3423 2897 3720 2968 εὐκαιρίαν

2047 2983 2272 3056 ὕστερον
2325 2984 2559 3056 ἀνόνητα
2614 2985 3064 3056 μεταμελώμεθα.
3122 2986 3211 3056 Μὴ
3255 2985 3362 3057 γὰρ
3412 2984 3503 3038 διὰ
3557 2984 3723 3037 τοῦτο

2047 3070 2268 3124 πλείονά
2285 3088 2365 3125 σοι
2389 3072 2706 3144 κεχάρισται
2733 3075 2761 3126 6
2788 3073 3164 3144 φιλάνθρωπος
3190 3074 3489 3143 Δεσπότης,
3522 3075 3613 3126 ἵνα
3641 3077 3721 3133 εἰς

2044 3157 2142 3229 τὴν
2172 3159 2364 3212 ἑαυτοῦ
2396 3160 2556 3229 μόνον
2589 3160 2776 3230 χρείαν
2809 3159 3195 3233 καταναλώσῃς
3229 3160 3296 3214 τά
3329 3161 3585 3224 δοθέντα,
3624 3162 3720 3214 καὶ

2042 3244 2111 3298 τά
2147 3245 2307 3298 λοιπά
2335 3246 2598 3316 ταμιείοις
2632 3248 2727 3300 καὶ
2746 3247 3018 3310 κιϐωτίοις
3049 3247 3470 3320 ἐναποκλείσῃςς
3511 3249 3590 3300 Οὐ
3630 3250 3720 3302 διὰ

2043 3330 2222 3397 τοῦτο,
2253 3331 2366 3384 ἀλλ’
2393 3333 2499 3395 ἵνα,
2537 3333 2677 3387 κατὰ
2707 3334 2806 3403 τὴν
2846 3334 3164 3403 παραίνεσιν
3199 3334 3296 3406 τὴν
3324 3336 3719 3404 ἀποστολικὴν,

2041 3419 2102 3471 τὸ
2136 3419 2223 3472 σὺν
2255 3419 2597 3491 περίσσευμα
2634 3421 2857 3494 γένηται
2909 3423 2988 3485 είς
3026 3422 3136 3475 τῶν
3179 3423 3352 3476 ἄλλων
3397 3423 3719 3494 ὑστέρημα.

2041 3506 2150 3558 Καὶ
2179 3506 2242 3560 σὺ
2285 3507 2382 3577 μὲν
2417 3506 2546 3570 ίσως
2587 3509 2682 3561 καὶ
2716 3510 2854 3579 ὑπὲρ
2885 3511 2982 3580 τὴν
3009 3509 3195 3581 χρείαν
3235 3509 3532 3574 ἀπολαύεις
3553 3552 3570 3576 ,
3622 3513 3720 3564 καὶ

2041 3595 2099 3646 ἐν
2120 3595 2186 3664 τῇ
2211 3597 2388 3665 τρυφῇ
2410 3597 2504 3648 καὶ
2532 3596 2589 3648 ἐν
2613 3599 2724 3661 τοῖς
2746 3597 3016 3668 ἐσθήμασι
3037 3597 3130 3651 καὶ
3147 3599 3204 3651 ἐν
3227 3599 3360 3670 ἄλλῃ
3382 3599 3720 3669 πολυτελείᾳ.

2040 3680 2216 3752 πολλῷ
2257 3682 2334 3752 τῷ
2365 3682 2592 3755 ἀργύρῳ
2624 3686 2983 3756 κεχρημένος,
3026 3688 3119 3740 καὶ
3150 3686 3310 3758 μέχρι
3339 3687 3448 3739 τῶν
3481 3689 3724 3740 οἰκετῶν

2039 3771 2134 3823 καὶ
2169 3770 2277 3824 τῶν
2312 3772 2521 3840 ἀλόγων
2548 3773 2736 3826 τοῦτον
2775 3775 3140 3846 κερματίζων·
3175 3779 3203 3829 6
3244 3776 3301 3829 δὲ
3349 3775 3522 3844 πένης
3560 3775 3726 3829 οὐδὲν

2038 3858 2239 3912 τούτων
2265 3858 2417 3931 ζητεῖ
2436 3860 2586 3930 παρά
2605 3861 2721 3925 σοῦ,
2755 3861 2788 3934 ἧ
2816 3862 2975 3932 μόνον
2997 3863 3155 3934 λιμὸν
3182 3861 3723 3934 παραμυθήσασθαι,

2038 3943 2131 3996 καὶ
2154 3945 2250 4015 τὴν
2289 3946 2596 4013 ἀναγκαίαν
2623 3947 2812 4022 χρείαν
2850 3949 2942 4003 καὶ
2973 3949 3070 4021 τὴν
3096 3951 3371 4020 ἐφήμερον
3403 3947 3561 4020 αὐτῷ
3589 3966 3728 4021 τρο-

2037 4031 2144 4103 φὴν
2174 4037 2491 4104 παρασχεῖν,
2525 4032 2666 4086 ὥστε
2689 4035 2948 4106 συστῆναι
2976 4039 3070 4091 καὶ
3102 4039 3176 4108 μὴ
3197 4037 3591 4108 διαφθαρῆναι·
3625 4041 3726 4091 καὶ

2035 4120 2154 4174 οὐδέ
2191 4121 2347 4175 τοῦτο
2383 4122 2553 4197 ἀνέχῃ
2597 4125 2857 4195 ποιῆσαι,
2901 4126 3024 4180 οὐδὲ
3066 4125 3283 4198 λογίζῃ,
3327 4127 3406 4179 ὅτι
3437 4127 3724 4192 πολλάκις

2034 4209 2228 4281 ἀθρόον
2255 4211 2625 4281 ἀναρπασθείς
2658 4212 2726 4265 τὰ
2761 4213 2860 4284 μὲν
2889 4213 3212 4283 συλλεγέντα
3252 4215 3469 4268 ἅπαντα
3519 4215 3722 4268 ἐντεῦ-

2034 4297 2125 4351 θεν
2159 4298 2612 4370 καταλιμπάνεις,
2665 4301 2758 4352 καὶ
2795 4301 2964 4354 ἐνίοτε
3007 4303 3089 4366 είς
3132 4301 3358 4372 ἐχθροὺς
3395 4303 3496 4355 καὶ
3549 4305 3725 4359 πολε-

2036 4384 2191 4456 μίους
2235 4385 2406 4439 ταῦτα
2448 4388 2886 4458 μεταστήσεται·
2918 4388 3079 4452 αὐτὸς
3123 4389 3180 4441 δέ
3222 4389 3288 4442 τά
3326 4389 3723 4462 ἁμαρτήματα

2034 4473 2262 4539 ἅπαντα,
2285 4476 2341 4541 ἐξ
2361 4467 2434 4529 ὧν
2449 4474 2620 4529 ταῦτα
2641 4475 2940 4544 συλλέγεις.
2960 4477 3076 4546 μεθ’
3093 4477 3285 4531 ἐαυτοῦ
3303 4477 3486 4532 λαϐὼν
3503 4480 3652 4534 ἄπει
3674 4484 3720 4535 ε.

2032 4561 2143 4614 Καὶ
2160 4562 2212 4614 τί
2237 4579 2364 4614 ποτε
2390 4563 2535 4634 ἐρεῖς
2555 4563 2698 4615 κατά
2715 4563 2813 4634 τὴν
2835 4565 3046 4637 ἡμέραν
3070 4565 3283 4635 ἐκείνην
3303 4565 3399 4635 τὴν
3419 4567 3685 4640 φοϐεράν
3707 4587 3720 4634 ;
3768 4605 3769 4608 η

2029 4650 2082 4703 τί
2109 4650 2166 4703 δέ
2188 4650 2500 4722 ἀπολογήσῃ
2530 4650 2673 4705 οὕτω
2704 4651 2962 4724 ῥᾳθύμως
2987 4653 3056 4706 τά
3081 4652 3220 4707 κατά
3241 4654 3339 4724 τὴν
3363 4655 3568 4709 ἐαυτοῦ
3609 4675 3723 4710 σω-

2027 4736 2222 4808 τηρίαν
2252 4739 2647 4809 οίκονομήσας;
2675 4739 2774 4791 Διά
2800 4739 2957 4792 τοῦτο
2985 4741 3106 4810 ἐμοὶ
3135 4741 3361 4805 πείθοιο,
3385 4744 3484 4795 καὶ
3519 4744 3606 4807 ὡς
3637 4745 3725 4798 ἔτι

2027 4825 2216 4894 καιρὸν
2251 4825 2414 4894 ἔχεις,
2449 4826 2722 4896 διάνειμαι
2755 4825 2824 4878 τά
2853 4825 3082 4897 περιττά
3106 4827 3214 4880 τῶν
3247 4829 3577 4899 χρημάτων,
3628 4833 3724 4885 ῖνα

2025 4911 2124 4982 τὴν
2159 4914 2274 4965 ἐκεῖ
2305 4912 2487 4983 σαυτῷ
2522 4913 2808 4985 προαποθῇ
2845 4914 3137 4985 σωτηρίαν,
3170 4916 3262 4967 καὶ
3305 4916 3412 4967 τῶν
3458 4918 3726 4973 αἰωνίων

2025 4999 2244 5068 ἀγαθῶν
2277 5003 2516 5074 εὐρήσῃς
2554 5002 2654 5073 τήν
2701 5002 3083 5056 ἀνταπόδοσιν·
3126 4999 3193 5075 ἦς
3238 5004 3446 5072 γένοιτο
3489 5007 3725 5072 πάντας

2025 5091 2170 5161 ἡμᾶς
2209 5091 2502 5159 ἐπιτυχεῖν,
2557 5089 2738 5159 χάριτι
2786 5091 2878 5143 καὶ
2928 5089 3307 5162 φιλανθρωπία
3352 5090 3444 5144 τοῦ
3483 5094 3723 5165 Κυρίου

2023 5176 2180 5246 ἡμῶν
2219 5175 2389 5246 Ἰησοῦ
2435 5175 2691 5246 Χριστοῦ,
2727 5175 2844 5247 μεθ’
2883 5169 2942 5230 οὗ
2966 5176 3043 5247 τῷ
3088 5177 3262 5249 Πατρὶ
3290 5177 3401 5247 ἅμα
3433 5178 3519 5249 τῷ
3557 5183 3723 5254 ἁγίῳ

2024 5263 2300 5334 Πνεύματι
2330 5263 2475 5330 δόξα,
2510 5265 2728 5334 κράτος,
2761 5263 2915 5335 τιμή,
2947 5264 3040 5320 νῦν
3070 5265 3164 5318 καὶ
3190 5267 3296 5332 ἀεὶ,
3330 5267 3423 5319 καὶ
3458 5269 3543 5331 εἰς
3573 5273 3722 5337 τοὺς

2024 5351 2228 5416 αἰῶνας
2267 5350 2375 5404 τῶν
2406 5351 2635 5407 αἰώνων.
2683 5354 2874 5423 Ἀμήν.

2086 5532 2111 5570 d
2135 5531 2283 5580 Savil.
2301 5537 2380 5602 ξς.
2406 5537 2508 5580 [res
2524 5544 2655 5602 lnss.
2692 5532 2793 5589 ταῖς
2815 5533 3094 5602 ἀπορρήτοις
3116 5535 3532 5602 ἐκείναις-δωρεαῖς
3563 5541 3725 5602 ἐφε)-

2024 5593 2390 5658 “gavia-565'.
2463 5604 2487 5632 e
2523 5593 2646 5654 Reg.
2668 5607 2793 5658 Ullus
2812 5593 3119 5657 πηγνυμένοις
3136 5594 3285 5658 ταῦτα
3310 5593 3534 5658 διανειμε.
3572 5593 3725 5654 Ihfra

2035 5655 2208 5704 MOrcl.
2237 5655 2514 5726 δυνήσονταί
2547 5655 2975 5726 σοι’συλλαϐἐσθαί
2999 5658 3128 5726 πρὸς.
3193 5657 3222 5726 ξ
3247 5655 3518 5726 Sequgnl'ia
3545 5698 3559 5717 ,
3622 5679 3726 5726 per

2029 5721 2150 5788 dpas
2174 5715 2422 5788 el'V'lginli
2449 5721 2631 5788 lineagx,
2656 5731 2811 5788 gsqug
2840 5718 2897 5788 ξιιΙ
2925 5719 2985 5765 τά
3006 5715 3129 5788 κατὰ.
3150 5715 3426 5788 τήμνέαυτοῦ
3448 5715 3726 5788 cui-mg?”

2032 5777 2366 5842 οἰκονομήσας,
2386 5781 2562 5831 desunt
2585 5781 2634 5829 in
2658 5777 2950 5829 Coisliniano
2969 5780 3150 5830 codice.
3206 5781 3342 5830 ευυυ
3366 5796 3478 5829 mss.
3506 5777 3717 5838 ἀπέισι,
