3754 6258
143 147 240 202 173

129 290 140 320 ι
205 260 259 314 5.
294 257 505 316 Horati;
526 226 809 317 eithortatio
836 267 1011 314 contra
1041 257 1324 312 avaritiam.
1358 287 1426 298 —
1454 256 1719 314 Carterum

144 368 203 407 ne
250 352 457 421 incepta
506 352 734 407 iectione
776 351 1047 422 aliquanto
1087 349 1431 421 prolixiorem
1480 357 1722 404 texamus

141 458 467 510 sermonem,
501 443 587 498 hic
615 448 776 499 etiam
824 458 923 499 nos
960 458 1083 498 cum
1126 436 1285 497 beato
1337 439 1595 511 prepheta
1643 438 1723 493 di-

140 537 293 593 cendi
334 536 492 591 finem
534 535 824 603 faciamus,
856 544 1170 607 sequentem
1206 533 1723 602 interpretationem,

138 630 179 682 si
210 630 350 683 Deus
392 628 720 699 permiserit,
762 629 815 682 in
850 629 1013 684 alium
1042 641 1343 682 sermonem
1382 634 1721 694 reponentes.

143 721 252 775 Jam
275 730 450 776 autem
471 720 797 775 admonitam
821 722 1097 777 caritatem
1125 729 1355 775 vestram
1385 720 1598 783 vellem,
1621 732 1728 788 quo

143 811 453 881 ampliorem
495 812 778 882 quemdam
808 827 875 867 ex
904 812 1062 866 dictis
1091 811 1289 865 nostris
1335 808 1567 865 fructum
1608 824 1729 878 per-

144 904 371 974 cipiatis,
400 912 460 958 ut
482 904 719 974 quotidie
745 918 839 957 vos
864 903 1205 967 cxaminctis,
1236 902 1361 971 quid
1391 917 1453 955 ex
1488 900 1589 955 hoc
1614 914 1729 954 scr-

147 1011 323 1057 mone,
353 1006 406 1050 et
449 996 574 1065 quid
619 1012 684 1049 ex
732 994 837 1048 alio
887 994 1273 1053 lucrifeceritis,
1308 1002 1364 1047 et
1404 1007 1509 1045 non
1556 990 1729 1045 solum

147 1086 363 1140 auribus
392 1085 699 1155 percipiatis
734 1094 916 1139 nostra
942 1083 1112 1151 dicta,
1141 1082 1237 1139 sed
1266 1093 1318 1137 et
1349 1082 1512 1136 menti
1543 1089 1733 1136 vestrae

149 1177 279 1230 tene
297 1174 704 1242 commendetis,
732 1183 786 1230 et
811 1173 1120 1244 quatidiana
1150 1172 1499 1229 meditatione
1524 1172 1731 1225 firmam

153 1267 221 1321 rei
254 1268 565 1321 memoriam
596 1267 840 1321 teneatis.
886 1266 1090 1322 Vellem
1122 1266 1265 1320 enim
1304 1280 1399 1320 vos
1440 1281 1545 1318 non
1576 1263 1731 1317 vobis

152 1367 350 1411 tantum
373 1357 648 1428 prolicere,
666 1357 761 1411 sed
788 1365 843 1412 et
861 1356 1088 1411 aliorum
1115 1356 1230 1412 fieri
1258 1357 1564 1426 magistros,
1594 1355 1664 1409 ita
1680 1364 1737 1409 ut

153 1452 365 1521 possitis
381 1451 538 1507 etiam
567 1450 703 1506 alios
728 1450 1038 1517 admouere,
1066 1465 1240 1520 neque
1258 1449 1360 1505 hoc
1390 1448 1567 1504 verbis
1584 1448 1737 1503 dum-

153 1552 291 1598 taxat
336 1558 527 1615 agerc,
576 1541 671 1599 sed
706 1552 763 1598 et
805 1543 1057 1614 operibus
1098 1542 1311 1597 erudire
1363 1542 1632 1612 proximos
1669 1540 1736 1595 ad

154 1635 465 1704 praclarum
490 1634 702 1690 virtutis
720 1633 978 1689 officium.
998 1634 1261 1705 Cogitate,
1285 1648 1403 1698 oro,
1425 1634 1469 1688 si
1500 1647 1614 1696 vos,
1644 1633 1733 1702 qui

155 1726 235 1781 hic
259 1725 516 1792 affuistis,
545 1726 782 1797 quotidie
826 1726 1213 1796 portiunculam
1256 1734 1459 1781 tantum
1503 1725 1738 1795 accepis-

154 1818 277 1872 setis
303 1818 373 1872 ad
399 1816 762 1874 emendandas
790 1818 1127 1874 alfectionum
1152 1819 1603 1890 perturbationes,
1627 1819 1737 1889 jam

154 1909 216 1963 ad
264 1925 530 1965 summum
576 1911 792 1981 aliquod
834 1910 1104 1983 fastigium
1150 1923 1502 1984 perventuros
1554 1913 1736 1967 fuisse.

160 2002 286 2057 Nam
318 2018 425 2057 non
457 2017 731 2059 cessamus
756 2003 1079 2074 quotidianis
1104 2005 1441 2061 sermonibus
1470 2004 1740 2060 inculcare

155 2094 371 2150 auribus
396 2096 611 2162 vestris,
642 2112 762 2166 qua:
788 2096 855 2153 ad
882 2097 1256 2154 instituendam
1287 2099 1544 2169 Optimam
1578 2098 1739 2153 vitam

158 2189 405 2255 attinent,
434 2198 491 2244 ut
518 2189 858 2245 cradiceutur
882 2190 1010 2245 mali
1036 2192 1121 2246 isti
1149 2191 1393 2264 affectus,
1420 2191 1555 2257 iram
1581 2190 1738 2256 dico;

158 2282 408 2337 invidiam
443 2292 498 2338 et
526 2284 747 2339 livorem
782 2302 796 2338 :
825 2285 1018 2356 quibus
1043 2284 1302 2350 sublatis,
1337 2284 1541 2340 facilius
1570 2292 1625 2339 et
1662 2284 1743 2339 in-

158 2372 300 2427 sania
345 2374 436 2427 illa
468 2374 520 2428 in
560 2375 874 2445 colligendis
915 2377 1153 2447 pecuniis
1182 2375 1608 2431 emendationem
1644 2375 1743 2430 ad-

159 2462 388 2518 mitteret
434 2464 556 2536 :(a)
586 2474 640 2520 et
681 2475 926 2522 cessante
975 2466 1180 2521 insania
1225 2466 1499 2534 avaritiae,
1552 2466 1744 2535 majori

161 2560 441 2615 securitate
494 2562 691 2618 illicitae
732 2562 994 2634 fmdaeque
1033 2565 1385 2635 cogitationes
1421 2564 1743 2634 comprime-

160 2660 384 2707 rentur:
434 2653 608 2708 Radix
652 2656 786 2708 enim
835 2656 1063 2710 omnium
1120 2657 1370 2711 malorum
1408 2666 1484 2711 est
1529 2656 1744 2710 avaritia

162 2745 233 2812 (l.
258 2744 389 2799 Tim.
420 2746 476 2802 6.
514 2746 623 2817 ll0).
658 2746 811 2815 Quod
851 2748 895 2803 si
940 2748 1177 2803 radicem
1225 2748 1650 2815 resecuerimus,
1690 2754 1747 2803 ct

164 2838 387 2892 funditus
415 2840 918 2908 exstirpaverimus,
954 2840 1161 2898 facilius
1191 2855 1371 2896 ramos
1407 2840 1589 2896 licebit
1627 2855 1741 2895 am-

162 2938 359 2999 putare.
391 2932 503 2985 Arx
546 2933 689 2987 enim
734 2932 1028 2998 malorum,
1059 2942 1111 2988 et
1136 2932 1401 3003 c010phon
1424 2975 1439 2999 ,
1473 2943 1532 2987 ut
1567 2932 1636 2986 ita
1663 2931 1745 2986 di-

163 3038 291 3087 cam,
321 3035 705 3094 peccatorum,
746 3034 826 3081 est
852 3026 1029 3082 rabies
1056 3027 1142 3081 illa
1171 3025 1585 3097 eolligendarum
1613 3025 1746 3081 divi-

165 3115 371 3182 tiarum,
402 3132 564 3187 quam
588 3117 633 3172 si
655 3116 873 3173 domare
896 3117 1246 3185 voluerimus,
1273 3117 1401 3173 nihil
1430 3127 1592 3182 vetat,
1616 3119 1744 3189 quin

165 3210 310 3265 simul
335 3219 390 3265 et
417 3210 519 3267 hac
545 3211 749 3267 insania
776 3211 1081 3278 liberemur,
1109 3220 1163 3267 et
1183 3226 1302 3266 eum
1325 3210 1425 3267 hac
1453 3211 1747 3267 evellamus

165 3304 574 3361 cteradiccmus
619 3320 807 3361 omnes
850 3305 1181 3375 perniciosos
1219 3304 1463 3361 affectus.
1512 3304 1629 3360 Jam
1680 3320 1747 3361 ne

164 3397 476 3453 existimetis
504 3413 753 3470 magnum
781 3397 982 3469 aliquid
1010 3407 1063 3454 et
1093 3414 1254 3469 grave
1280 3412 1404 3455 esse
1424 3412 1583 3468 opum
1614 3411 1745 3453 con-

168 3498 443 3558 templum.
487 3490 620 3558 Quia
652 3505 773 3546 cum
802 3505 1011 3547 mecum
1056 3499 1267 3561 reputo,
1298 3500 1404 3545 tam
1451 3490 1649 3545 multos
1677 3490 1748 3544 ob

167 3580 366 3637 inanem
401 3591 461 3636 et
486 3581 725 3637 inutilem
762 3582 986 3653 gloriam
1030 3582 1194 3636 multa
1232 3581 1346 3637 auri
1393 3580 1588 3636 talettta
1616 3580 1751 3636 cffu-

166 3672 300 3729 disse
325 3674 378 3729 in
407 3674 613 3729 nullam
645 3674 952 3739 utilitatem,
975 3672 1069 3729 sed
1095 3682 1208 3728 uta
1228 3671 1666 3729 circumforaneis
1693 3681 1747 3727 et

169 3764 458 3820 trivialihus
497 3765 833 3821 hontunculis
868 3776 1201 3835 aucupentur
1247 3764 1477 3819 nominis
1518 3763 1744 3820 celebri-

170 3863 341 3922 tatem,
372 3871 500 3927 qua:
522 3856 589 3912 ad
618 3871 899 3925 vesperam
920 3856 1143 3921 desinit,
1188 3866 1244 3911 et
1271 3871 1415 3926 smpc
1444 3870 1551 3911 non
1580 3870 1747 3924 usque

169 3947 227 4001 ad
258 3963 541 4018 vesperam
564 3947 742 4015 durat,
770 3948 866 4004 sed
897 3958 951 4003 et
980 3947 1289 4019 priusquam
1334 3947 1450 4001 dies
1476 3946 1747 4015 complea-

171 4047 265 4103 tur,
288 4040 588 4095 innumeris
602 4039 756 4095 malis
770 4040 1167 4105 circumdatur;
1188 4038 1262 4111 (ὸ)
1285 4038 1395 4112 [alii
1418 4050 1593 4094 autem
1618 4054 1747 4109 gen-

170 4132 323 4187 tiliunt
351 4148 542 4190 errore
584 4135 973 4205 praeoccupati,
1003 4134 1164 4189 etiam
1206 4134 1304 4203 ipsi
1344 4132 1411 4187 ad
1460 4132 1748 4187 humanam

173 4224 515 4293 respicientes
542 4225 766 4295 gloriam
788 4267 804 4291 ,
832 4240 991 4294 quam
1019 4225 1236 4280 maximi
1265 4224 1494 4291 faciunt,
1525 4224 1747 4295 abjectis

169 4316 314 4371 simul
343 4318 619 4381 onmibus,
665 4328 718 4373 et
747 4318 909 4387 pallio
953 4326 1155 4372 tantum
1206 4326 1364 4388 atque
1402 4318 1591 4373 baculo
1628 4331 1746 4372 ser-

170 4408 311 4474 vatis,
343 4424 565 4464 omnem
593 4411 755 4465 vitam
782 4412 859 4466 sic
884 4411 1136 4480 exigunt,
1169 4423 1382 4463 omnem
1411 4408 1649 4464 laborem
1680 4409 1746 4462 il-

173 4498 267 4553 lum
295 4510 349 4556 et
374 4501 653 4557 miseriam
680 4503 749 4558 ob
779 4502 901 4557 vani
928 4501 1160 4557 nominis
1198 4500 1563 4556 celebritatem
1590 4515 1747 4555 assu-

172 4591 384 4665 mentes]
412 4610 426 4647 :
457 4607 577 4647 cum
600 4594 759 4663 igitur
780 4593 895 4648 haec
918 4607 1125 4647 mecum
1146 4602 1356 4663 reputo,
1387 4593 1567 4647 nescio
1587 4607 1744 4662 quam

172 4680 385 4738 habituri
436 4685 608 4739 simus
650 4684 733 4739 vel
777 4685 1203 4751 excusationem,
1250 4684 1332 4739 vel
1378 4685 1607 4747 veniam,
1657 4685 1747 4754 qui

173 4790 330 4845 neque
354 4777 427 4832 ob
469 4777 780 4832 mandatum
811 4793 842 4833 a
870 4777 1099 4833 Domino
1134 4776 1422 4842 traditum,
1472 4790 1645 4847 neque
1679 4776 1749 4830 oh

172 4866 379 4934 gloriam
417 4870 564 4924 illam
610 4869 967 4933 immortalem
996 4879 1049 4924 et
1078 4869 1504 4935 interminatam,
1536 4869 1616 4923 vel
1650 4869 1747 4923 mi-

173 4958 353 5014 nimam
382 4976 566 5016 rerum
598 4970 900 5016 nostrarum
934 4963 1234 5031 portionem
1263 4961 1565 5029 relinquere
1589 4961 1749 5017 susti-

175 5064 365 5120 nemus,
393 5052 466 5124 (c)
492 5054 621 5125 quin
651 5063 705 5108 et
752 5053 1050 5110 deteriores
1085 5053 1189 5109 illis
1231 5052 1529 5121 reddimur,
1574 5068 1750 5125 neque

177 5154 418 5210 quantum
460 5145 532 5200 sit
564 5146 850 5211 discrimen
896 5148 1208 5217 cogitamus.
1250 5146 1384 5203 Nam
1420 5147 1495 5203 illi
1538 5148 1609 5203 ob
1654 5148 1749 5202 ho-

228 5234 422 5300 (9)003
440 5245 734 5300 sequuntur,
757 5239 915 5300 abhis
937 5239 1117 5296 verbis,
1135 5244 1181 5288 et
1205 5244 1418 5289 cessante
1431 5236 1619 5288 insania
1640 5251 1752 5288 ava-

181 5298 295 5343 πᾶσιν
313 5299 416 5363 ςκαὶ
433 5303 517 5355 τῆς
534 5300 642 5363 περὶ
665 5299 724 5344 τὰ
744 5298 964 5360 χρήματα
985 5300 1190 5361 μανίας),
1213 5300 1445 5363 usquead
1466 5300 1551 5350 illa
1569 5302 1737 5361 verba,

181 5363 279 5428 post
296 5358 470 5428 decem
499 5358 704 5428 circiter
726 5358 918 5428 versus,
937 5358 1165 5428 magnum
1184 5358 1373 5428 aliquid
1391 5367 1618 5428 ειμι-ουρ
1633 5358 1740 5428 esse

278 5430 307 5464 tt
329 5424 650 5489 ςοριιεζηριψη
677 5422 918 5483 (φορτικὸν
940 5422 1057 5470 εἷνὰι
1079 5423 1135 5469 τὸ
1161 5422 1417 5485 χρημάτων
1443 5422 1736 5489 ὐῗπεριδεῖν),

215 5486 353 5527 esunt
377 5480 429 5527 in
455 5480 660 5530 Coislin.

235 5536 304 5661 ib;
325 5546 437 5598 Qua
458 5544 647 5593 uncinis
669 5544 972 5607 clauduntur,
996 5548 1175 5597 desunt
1197 5550 1241 5598 in
1263 5548 1549 5601 Coisliniano
1564 5551 1754 5602 Codice.

258 5612 281 5647 ε
332 5609 444 5658 οη
466 5612 740 5661 sequuntur
762 5622 918 5661 usque
936 5611 1013 5661 ad.
1040 5612 1342 5661 eﬂimdmnus
1363 5625 1495 5661 erao.
1516 5617 1692 5661 desunt
1708 5615 1754 5661 in

240 5642 309 5676 γι,
338 5642 444 5658 γ--ο
466 5642 731 5668 amp-uqu-
764 5642 917 5673 “aquo
936 5642 1013 5669 au,
1040 5642 1341 5673 ("uuuuutuo
1363 5642 1462 5675 cry!

185 5659 457 5725 Cotshn.,it2
479 5676 532 5718 ut
554 5668 664 5732 plus
681 5683 824 5734 quam
849 5674 1041 5723 dimidia
1067 5677 1238 5736 tagina
1256 5674 1462 5725 deficiat.

1208 146 1275 203 IN
1310 145 1463 203 CAP.
1507 145 1595 201 IV.
1635 143 1880 203 GENES.
1923 144 2151 203 HOMIL.
2195 146 2314 204 XX.

3322 146 3422 203 Ui

1831 257 2058 322 minum,
2084 259 2177 331 qui
2203 260 2455 331 ejusdem
2473 267 2676 315 natum
2703 267 2859 327 sunt,
2888 258 3126 314 inutilem
3156 257 3380 330 gloriam
3402 300 3417 323 ,

1830 364 2066 423 eousque
2087 362 2451 423 pervenerunt
2498 362 2556 408 ut
2602 362 2708 408 tam
2754 353 2916 407 multa
2961 352 3245 422 projiciant
3275 369 3289 405 :
3322 367 3419 406 nos

1831 450 2009 497 autem
2036 452 2259 514 propter
2287 445 2569 499 Dominum
2603 453 2843 499 nostrum
2864 485 2878 509 ,
2909 445 2999 512 qui
3028 443 3332 515 suppeditat
3360 459 3421 498 ea

1831 547 1949 602 qua:
1976 534 2334 604 possidemus,
2354 544 2408 591 et
2426 535 2712 589 ineffabilia
2738 534 2825 588 illa
2844 534 2982 591 dona
3011 535 3313 604 pollicetur,
3332 550 3424 588 sae-

1834 638 1900 692 pe
1917 638 2089 694 neque
2112 640 2332 694 parvum
2354 626 2606 696 quiddam
2636 626 2882 695 inopibus
2903 640 3127 696 erogare
3152 624 3420 678 volumus.

1835 714 1903 769 Et
1946 716 2193 785 qualibus
2235 717 2402 771 oculis
2448 717 2745 772 videbimus
2787 716 3053 783 Judicem,
3096 716 3424 787 negligentes

1837 807 2147 863 mandatum
2175 808 2317 863 illius
2341 819 2445 862 tam
2475 808 2665 863 facile?
2694 808 2831 863 Num
2856 809 3135 873 adhortor,
3168 816 3224 861 ut
3245 807 3421 860 omnia

1836 906 2013 953 vestra
2041 898 2339 969 abjiciatis?
2369 900 2572 955 Fruere
2616 900 2763 955 omni
2795 900 3179 970 prosperitate,
3219 908 3271 953 et
3303 914 3425 953 cum

1837 991 1966 1045 satis
1994 991 2183 1047 feceris
2211 1002 2303 1048 tuo
2335 994 2489 1057 usui,
2516 1012 2639 1064 qua:
2666 1009 2994 1063 supervacua
3042 993 3132 1047 tibi
3164 1002 3216 1047 et
3254 994 3425 1046 otiosa

1833 1082 2034 1153 jaceat,
2078 1086 2129 1139 in
2158 1087 2516 1141 necessarium
2548 1101 2698 1140 usum
2740 1095 2992 1140 converte
3012 1125 3028 1150 ,
3072 1084 3295 1153 aliisque
3320 1083 3429 1138 dis-

1841 1176 2014 1231 trilme
2051 1177 2192 1232 fame
2242 1178 2643 1245 laborantibus,
2676 1188 2731 1233 et
2769 1178 2889 1248 gelu
2930 1177 3336 1247 rigescentibus,
3377 1186 3432 1231 et

1842 1281 1938 1335 per
1964 1267 2178 1322 illorqu
2219 1284 2408 1324 manus
2452 1270 2505 1323 in
2549 1280 2690 1323 tuam
2734 1270 2960 1339 patriam
3003 1268 3342 1336 transmitte,
3376 1268 3430 1323 in

1840 1372 2001 1432 quam
2031 1357 2342 1428 pr0pediem
2372 1359 2462 1415 tibi
2490 1360 2854 1429 pergendum,
2887 1368 2945 1413 ut
2976 1359 3045 1413 ibi
3068 1360 3318 1429 accipias.
3354 1359 3433 1413 llli

1841 1451 1986 1504 enim
2026 1451 2312 1521 plurimum
2347 1452 2439 1506 tibi
2489 1453 2744 1523 prodesse
2786 1461 3035 1521 poterunt
3080 1451 3147 1507 ad
3191 1460 3432 1506 transve-

1843 1543 2047 1599 hendas
2079 1545 2203 1601 illuc
2228 1561 2357 1616 Opes
2388 1564 2400 1599 :
2432 1556 2488 1600 ut
2514 1545 2725 1617 quando
2748 1547 2872 1601 illuc
2895 1545 3110 1611 abieris,
3142 1544 3318 1598 omnia
3346 1543 3431 1598 in-

1843 1636 2029 1690 venias
2056 1636 2196 1692 bene
2243 1637 2524 1708 disposita,
2556 1637 2850 1707 majorique
2896 1637 3002 1691 illic
3045 1634 3240 1691 fruaris
3266 1635 3435 1690 abun-

1842 1726 2044 1795 dantia,
2069 1728 2255 1783 videns
2275 1744 2337 1785 ea
2358 1744 2388 1783 a
2415 1729 2902 1796 transvehentibus,
2928 1728 3036 1783 imo
3054 1743 3083 1781 a
3106 1727 3435 1797 benignitate

1845 1820 1962 1888 Dei,
1990 1823 2060 1876 ita
2088 1822 2461 1892 multiplicata.
2494 1822 2630 1877 Num
2662 1823 2900 1877 laborem
2932 1820 3091 1876 habet
3120 1820 3172 1876 id
3200 1820 3434 1891 negotii?

1846 1929 1972 1968 num
2017 1929 2232 1981 curam,
2286 1931 2411 1969 num
2460 1913 2915 1969 sollicitudinem?
2956 1912 3038 1968 Ad
3092 1913 3207 1967 haec
3260 1921 3437 1965 trans-

1846 2008 2087 2064 vehenda
2137 2009 2286 2063 nullo
2334 2008 2426 2063 tibi
2469 2024 2602 2078 opus
2628 2018 2710 2064 est
2730 2007 2994 2077 jumento,
3041 2022 3148 2061 non
3189 2004 3433 2068 custode,

1845 2114 2018 2170 neque
2047 2099 2154 2154 ullo
2178 2099 2305 2155 alio.
2332 2100 2517 2155 Nullus
2543 2100 2685 2155 enim
2715 2100 2851 2154 latro
2877 2099 2959 2155 vel
2991 2097 3073 2152 fur
3104 2097 3202 2152 hac
3232 2097 3315 2153 via
3350 2096 3435 2150 in-

1844 2195 2006 2261 cedit,
2031 2204 2087 2248 ut
2118 2209 2310 2249 nocere
2334 2203 2494 2265 queat
2511 2194 2574 2249 iis
2601 2210 2718 2264 quae
2736 2210 2765 2247 a
2790 2204 2841 2247 te
2864 2193 2989 2247 illuc
3005 2192 3319 2247 mittuntur:
3340 2192 3437 2245 sed

1846 2300 1906 2345 ea
1939 2301 2058 2355 quae
2098 2287 2403 2355 reposueris
2448 2285 2501 2340 in
2540 2299 2831 2355 egenorum
2873 2282 3095 2349 manus,
3135 2282 3220 2337 illa
3250 2282 3304 2336 in
3350 2296 3439 2337 se-

1846 2393 2034 2434 curum
2066 2380 2489 2450 promptuarium
2510 2418 2526 2444 ,
2558 2392 2750 2447 nempe
2778 2391 2994 2431 manum
3032 2375 3127 2431 Dei
3153 2373 3392 2430 effundes
3420 2392 3436 2428 :

1847 2486 1965 2542 qua:
1998 2471 2249 2526 inviolata
2278 2480 2333 2525 et
2360 2469 2626 2524 custodita
2657 2468 2946 2540 praebebit,
2978 2478 3032 2523 et
3061 2483 3181 2521 cum
3214 2466 3439 2521 redieris

1848 2564 1902 2618 in
1926 2563 2174 2634 patriam,
2199 2563 2303 2617 illis
2329 2562 2552 2618 redditis
2574 2562 2731 2616 etiam
2756 2559 3068 2630 praedicabit
3093 2557 3276 2614 laudes
3298 2568 3434 2621 tuas,

1847 2664 1902 2710 ct
1932 2654 2233 2720 coronabit,
2264 2669 2327 2709 ac
2348 2662 2398 2709 te
2429 2653 2483 2707 in
2510 2652 2786 2707 latitudine
2811 2652 3163 2715 constituens,
3186 2664 3435 2705 securum

1848 2758 1905 2805 et
1928 2748 2137 2803 felicem
2165 2747 2373 2803 reddet.
2411 2745 2759 2800 Effundamus
2782 2758 2931 2813 ergo,
2957 2758 3169 2813 precor,
3192 2740 3437 2811 deposita

1849 2842 1902 2896 in
1944 2857 2236 2913 pauperum
2291 2850 2541 2905 ventres,
2582 2847 2635 2894 et
2672 2837 2997 2893 seminemus
3047 2836 3174 2891 dum
3229 2828 3439 2905 tempus

1848 2943 1951 3001 est,
1984 2945 2041 2989 ut
2068 2944 2370 3005 opportuno
2404 2943 2643 3003 tempore
2665 2940 2950 2997 metamus,
2979 2929 3052 2999 (a)
3082 2938 3136 2985 et
3163 2943 3231 2983 ne
3262 2937 3438 2982 trans-

1848 3027 2011 3082 missa
2059 3026 2318 3097 temporis
2362 3025 2793 3096 opportunitate,
2839 3022 3064 3093 posthac
3104 3022 3297 3077 frustra
3341 3036 3439 3076 nos

1851 3121 2129 3191 paeniteat.
2160 3119 2391 3175 Haecine
2421 3117 2488 3174 de
2513 3130 2671 3173 causa
2701 3108 2965 3187 benignus
2991 3114 3132 3169 Deus
3164 3113 3312 3183 plura
3345 3113 3439 3167 tibi

1850 3214 2070 3285 largitus
2096 3222 2199 3279 est,
2229 3222 2288 3267 ut
2333 3211 2385 3266 in
2430 3220 2575 3265 tuum
2607 3209 2776 3265 solius
2820 3222 2973 3262 usum
3013 3204 3290 3276 impendas
3320 3220 3439 3272 qua:

1849 3304 2017 3369 dedit,
2042 3314 2097 3359 et
2116 3304 2321 3374 reliqua
2351 3302 2404 3357 in
2428 3301 2625 3356 arculis
2650 3308 2701 3354 et
2733 3297 3115 3370 promptuariis
3143 3294 3441 3351 recondas?

1851 3398 1964 3453 Non
1994 3413 2056 3452 ea
2094 3396 2161 3452 de
2191 3411 2372 3463 causa,
2404 3394 2499 3452 sed
2528 3404 2583 3449 ut
2604 3436 2618 3461 ,
2650 3392 2943 3449 secundum
2971 3391 3318 3461 apostolicam
3345 3389 3441 3445 ad-

1851 3491 2223 3557 munitionem,
2249 3487 2575 3544 abundantia
2622 3495 2709 3542 tua
2754 3485 2980 3540 aliorum
3030 3482 3265 3553 inopiam
3316 3495 3442 3550 sup-

1852 3585 1995 3653 pleat
2017 3582 2093 3654 (2.
2124 3581 2242 3636 Cor.
2271 3580 2324 3635 8.
2351 3578 2463 3651 14).
2486 3578 2553 3633 Ει
2570 3586 2623 3632 tu
2646 3576 2860 3647 quidem
2892 3574 3111 3629 forsitan
3134 3570 3295 3628 etiam
3322 3572 3441 3642 plus

1850 3692 2009 3746 quam
2034 3691 2168 3746 opus
2184 3682 2269 3729 est
2288 3673 2372 3727 his
2393 3670 2587 3726 frueris
2618 3670 2669 3724 in
2692 3668 2917 3734 deliciis,
2940 3667 3199 3734 vestibus,
3227 3665 3442 3736 alioque

1851 3766 1978 3822 luxu
1999 3808 2014 3834 ,
2043 3766 2210 3821 servis
2248 3779 2461 3835 quoque
2487 3771 2542 3817 et
2587 3761 2757 3817 brutis
2795 3770 3075 3831 argentum
3103 3759 3326 3813 multum
3354 3756 3443 3811 diu

1852 3861 2075 3915 videns:
2116 3873 2317 3929 pauper
2360 3865 2537 3912 autem
2583 3855 2714 3910 nihil
2759 3854 2951 3909 horum
2992 3868 3022 3907 a
3066 3862 3116 3908 te
3156 3852 3306 3922 petit,
3346 3854 3434 3905 set‘

1853 3960 2059 4007 tantum
2083 3960 2141 4005 ut
2162 3949 2358 4006 famem
2379 3949 2621 4019 mitiges,
2652 3956 2710 4001 ut
2735 3944 3101 4018 quotidianum
3134 3944 3207 3999 illi
3236 3942 3437 4009 cibum,

1850 4060 1915 4100 ac
1930 4043 2290 4101 necessarium
2315 4057 2470 4097 usum
2494 4040 2713 4106 tribuas,
2743 4047 2804 4093 ut
2830 4038 2995 4104 vivat,
3016 4045 3070 4092 et
3092 4052 3195 4090 non
3221 4044 3403 4105 pereat
3427 4074 3441 4085 .

1853 4150 1908 4195 et
1934 4155 2109 4210 neque
2136 4138 2239 4193 hoc
2278 4136 2455 4192 facere
2485 4134 2719 4205 dignaris
2742 4175 2757 4199 ,
2789 4147 2964 4202 neque
2993 4129 3217 4201 cogitas,
3250 4138 3300 4183 te
3329 4128 3443 4198 ple-

1852 4247 2076 4304 rumque
2096 4231 2275 4288 subito
2295 4230 2597 4299 abreptum,
2626 4225 2804 4282 omnia
2827 4240 2946 4295 qum
2968 4223 3189 4278 collecta
3213 4230 3336 4275 sunt
3357 4219 3444 4274 hic

1852 4327 2191 4397 relinquere,
2223 4332 2280 4379 et
2307 4320 2574 4379 interdum
2603 4319 2655 4374 in
2689 4319 2872 4374 hostes
2896 4325 2953 4373 et
2993 4316 3238 4372 inimicos
3266 4323 3442 4369 trans-

1851 4418 2015 4484 ferri;
2051 4428 2103 4473 te
2129 4425 2308 4470 autem
2340 4411 2572 4483 peccatis
2599 4409 2846 4466 omnibus
2865 4449 2878 4470 .
2908 4423 3005 4481 per
3033 4423 3153 4477 qure
3183 4404 3298 4460 hinc
3324 4405 3443 4460 col-

1856 4509 2050 4581 legisti,
2094 4517 2270 4562 tecum
2316 4503 2547 4574 receptis
2594 4501 2717 4557 hinc
2754 4500 3004 4569 migrare.
3044 4497 3110 4551 Et
3152 4496 3275 4566 quid
3318 4505 3447 4549 tunc

1853 4604 2001 4658 dices
2030 4602 2079 4655 in
2112 4600 2198 4655 die
2228 4598 2319 4653 illo
2350 4594 2610 4652 terribili?
2637 4592 2905 4664 quomodo
2935 4601 2984 4645 te
3010 4589 3288 4645 excusibis
3309 4627 3324 4652 ,
3355 4589 3445 4657 qui

1854 4698 1927 4750 ita
1955 4694 2287 4765 negligenter
2308 4690 2496 4745 salutis
2524 4687 2793 4757 negotium
2818 4683 3126 4739 instituisti?
3156 4680 3443 4751 l’rOptei-ca

1855 4788 1985 4845 mihi
2010 4788 2353 4855 obtempera,
2385 4791 2439 4837 et
2465 4797 2585 4837 cum
2615 4779 2791 4834 adhuc
2836 4787 3045 4846 tempus
3080 4774 3245 4829 habes
3265 4814 3279 4839 ,
3311 4786 3448 4841 Oper;

1853 4891 2215 4949 supervacuas
2243 4875 2524 4937 distribue,
2558 4881 2616 4926 ut
2643 4871 2789 4942 prius
2819 4870 2927 4924 illic
2953 4868 3005 4922 in
3038 4878 3179 4920 tuam
3210 4864 3443 4934 repOsita

1855 4973 2053 5029 habeas
2090 4971 2343 5039 salutem,
2391 4977 2447 5024 et
2488 4981 2585 5037 pro
2627 4966 2735 5020 illis
2772 4973 3031 5035 perpetua
3074 4962 3211 5016 bona
3254 4973 3445 5014 conse-

1855 5068 2036 5140 quaris
2068 5084 2081 5120 :
2114 5079 2233 5137 quae
2264 5079 2361 5119 uos
2390 5078 2576 5117 omnes
2599 5060 2846 5116 obtinere
2876 5055 3167 5124 contingat,
3196 5052 3365 5124 gratia
3389 5061 3447 5105 et

1855 5160 2186 5231 benignitate
2205 5155 2418 5213 Domini
2446 5153 2611 5210 nostri
2634 5151 2761 5207 Jesu
2787 5148 3007 5215 Christi,
3031 5162 3152 5202 cum
3175 5162 3280 5215 quo
3304 5143 3446 5200 Patri

1846 5238 2018 5309 simul
2049 5261 2105 5308 et
2131 5249 2352 5321 Spiritui
2378 5256 2567 5303 sancto
2592 5245 2663 5298 sit
2694 5242 2886 5314 gloria,
2917 5238 3221 5310 imperium,
3254 5236 3446 5304 honor,

1858 5362 2000 5403 nunc
2028 5356 2083 5402 et
2103 5358 2336 5414 semper,
2368 5340 2495 5398 etin
2521 5336 2717 5395 sarcula
2737 5334 3076 5392 smeulorum.
3110 5331 3304 5388 Amen.

1907 5542 1981 5599 (a)
1998 5544 2109 5599 Quae
2133 5540 2403 5599 sequuntur
2428 5524 3001 5599 usque__ad,negffgenter‘
3016 5524 3183 5599 safutis
3201 5522 3438 5599 negatum!

466 5612 740 5675 sequuntur
762 5622 918 5675 usque
936 5586 1013 5675 a’tl,
1040 5586 1744 5675 eﬂ‘unda'ni’t‘t'sfe-rglol,‘

1882 5586 2109 5675 istiiuisti,
2134 5586 2248 5675 qua:
2265 5596 2457 5675 circiter
2480 5586 2688 5669 mediam
2714 5586 2939 5655 paginam
2960 5586 3235 5648 absolvunt,
3260 5586 3439 5637 desunt

1847 5672 1897 5720 in
1913 5657 2198 5714 Coisliniaxio
2215 5657 2405 5708 Codice.
