3796 6248
296 159 391 214 175

1183 254 1324 314 XXI.

278 402 399 477 ,lste
428 411 503 456 est
542 398 665 455 liber
694 397 1027 469 generationis
1054 394 1331 455 hominum,
1360 392 1441 446 die
1465 407 1561 461 quo
1599 388 1717 458 fecit
1743 385 1883 440 Deus

365 493 550 559 Adam,
574 489 845 546 semiudum
868 488 1137 557 imaginent
1151 484 1248 539 Dei
1270 484 1390 554 fecit
1417 482 1580 545 illam,
1604 478 1885 533 masculum

364 596 411 641 et
442 585 681 655 {culinam
710 584 827 651 fecit
851 581 985 643 illos,
1015 589 1062 632 et
1084 582 1272 631 vocavit
1293 592 1474 629 nomen
1497 590 1667 632 eorum
1694 571 1879 639 Adam,

362 694 461 746 qua
487 676 571 729 die
586 675 698 745 [icit
715 689 796 727 eos
817 670 969 744 (Gen.
991 669 1047 726 5.
1074 670 1123 724 l.
1144 668 1180 723 Ξ
1202 670 1242 739 ).

847 260 1121 317 HOMILIA

365 812 417 866 l.
451 809 667 879 Magnus
696 816 750 862 et
775 804 1054 860 ineii‘abilis
1083 802 1383 869 thesaurus,
1430 800 1645 867 dilecti,
1678 800 1729 853 in
1756 812 1881 852 ver-

293 901 373 959 bis
396 902 560 957 modo
599 900 750 955 lectis
778 897 1084 954 reconditus
1110 904 1208 951 est.
1241 894 1307 949 Et
1348 892 1461 949 scio
1486 890 1722 963 quidem,
1751 888 1885 943 mul-

292 1012 376 1054 tos
404 998 677 1054 nominum
709 997 1006 1067 eatalugum
1046 994 1394 1065 respicientes
1433 1001 1487 1047 et
1524 989 1769 1047 lectionis
1797 1004 1885 1043 su-

295 1091 529 1161 perlicici
583 1091 866 1157 merentes,
914 1096 1100 1157 putare
1151 1086 1281 1141 nihil
1332 1083 1561 1154 amplius
1614 1083 1664 1138 in
1704 1081 1881 1147 dictis,

293 1196 451 1252 quam
478 1195 622 1235 mera
663 1180 877 1233 nomina
898 1194 1016 1234 esse
1047 1197 1059 1231 :
1108 1193 1207 1248 ego
1240 1185 1416 1231 autem
1453 1189 1548 1230 vos
1578 1176 1765 1229 omnes
1793 1173 1885 1228 ob—

293 1287 466 1339 secro,
493 1287 559 1328 ne
588 1269 901 1340 simpliciter
930 1284 991 1324 ea
1019 1283 1139 1338 qua:
1168 1267 1219 1321 in
1249 1264 1540 1335 Scripturis
1560 1264 1727 1318 sacris
1752 1266 1885 1319 con-

295 1373 437 1417 tenta
491 1370 614 1416 sunt
645 1361 945 1416 transeatis.
989 1358 1126 1414 Nihil
1158 1358 1300 1415 enim
1344 1356 1433 1412 hic
1485 1356 1741 1426 scriptum
1781 1364 1881 1422 est,

295 1456 433 1525 quod
457 1470 564 1511 non
586 1454 778 1509 multas
798 1468 1053 1509 sensuum
1075 1450 1495 1507 habeatdivitias
1515 1466 1529 1505 :
1552 1447 1886 1521 quandoqui-

297 1548 415 1601 dem
447 1544 851 1617 divinoSpiritu
877 1544 1041 1598 afflati
1072 1541 1344 1614 propheta:
1367 1540 1568 1612 loquuti
1594 1550 1737 1605 sunt,
1766 1540 1887 1595 ideo

303 1649 483 1708 utpote
513 1655 542 1693 a
586 1638 785 1710 Spiritu
837 1639 1049 1707 scriptae
1093 1637 1360 1707 ingentem
1409 1635 1462 1691 in
1509 1650 1568 1690 se
1616 1634 1887 1690 continent

298 1736 624 1791 thesaurum.
658 1733 723 1789 Et
753 1749 820 1788 ne
844 1731 1055 1787 mireris
1082 1730 1222 1801 quod
1247 1730 1297 1784 in
1332 1729 1430 1787 hac
1450 1728 1725 1783 nominum
1751 1741 1886 1782 enu-

298 1828 594 1882 meratione
641 1825 1198 1895 multaslatentesque
1250 1823 1463 1879 divitias
1501 1822 1885 1879 sententiarum

298 1918 453 1973 vobis
482 1933 567 1974 me
597 1929 938 1973 ostensurum
966 1917 1237 1987 pollicear.
1268 1917 1451 1985 Neque
1493 1914 1635 1971 enim
1664 1913 1746 1969 vel
1776 1913 1887 1986 syl-

298 2010 448 2077 laba,
480 2012 562 2067 vel
588 2011 826 2082 apiculus
855 2020 938 2067 est
968 2011 1020 2066 in
1052 2010 1220 2066 sacris
1247 2009 1463 2075 Literis,
1500 2008 1553 2064 in
1583 2008 1736 2079 cujus
1757 2023 1885 2079 pro-

298 2102 465 2157 fundo
492 2116 599 2157 non
630 2102 700 2157 sit
750 2102 962 2172 grandis
988 2100 1248 2173 quispiam
1305 2099 1586 2155 thesaurus
1624 2116 1638 2153 :
1666 2097 1891 2169 proinde

300 2208 398 2264 par
422 2202 504 2249 est
539 2207 637 2248 nos
676 2193 852 2248 divina
896 2193 1065 2263 gratia
1094 2191 1302 2259 ductos,
1352 2200 1408 2247 et
1452 2189 1650 2259 Spiritu
1705 2198 1891 2245 sancto

303 2286 595 2341 iilustratos
616 2286 826 2357 eloquia
851 2285 1027 2341 divina
1052 2285 1218 2341 adire.
1243 2283 1427 2355 Neque
1456 2298 1591 2354 opus
1615 2282 1776 2338 habet
1802 2282 1890 2338 di-

305 2381 425 2434 vina
455 2381 727 2449 Scriptura
778 2379 1052 2434 hominum
1101 2377 1382 2447 sapientia,
1429 2387 1490 2432 ut
1546 2376 1888 2446 intelligatur,

310 2475 401 2527 sed
432 2473 757 2529 revelatione
804 2472 1052 2544 Spiritus,
1082 2482 1141 2527 ut
1183 2471 1372 2526 hausto
1402 2471 1525 2526 inde
1548 2485 1677 2525 vero
1706 2485 1889 2535 sensu,

306 2579 553 2635 magnum
585 2565 738 2619 nobis
779 2563 906 2620 hinc
934 2564 1139 2619 lucrum
1189 2572 1478 2619 accrescat.
1500 2562 1576 2634 (a)
1614 2561 1744 2617 Nam
1766 2562 1810 2615 si
1839 2561 1891 2616 in

310 2656 653 2711 smcularibus
682 2656 910 2727 negotiis
933 2656 1128 2726 scripta
1164 2696 1178 2719 .
1210 2671 1328 2726 qure
1348 2655 1416 2710 ab
1443 2654 1745 2710 hominibus
1765 2668 1895 2709 con-

308 2748 575 2817 ficiuntur,
628 2764 771 2819 saepe
820 2759 1060 2821 tempore
1110 2759 1380 2819 corrupta,
1408 2764 1437 2803 a
1467 2757 1705 2818 tempore
1745 2748 1895 2803 initio

309 2842 646 2897 instrumenti
676 2850 877 2909 notato,
909 2851 962 2899 et
1004 2841 1071 2897 ab
1096 2858 1199 2897 una
1247 2841 1468 2913 syllaba.
1519 2840 1743 2896 multum
1775 2854 1894 2894 mo-

311 2935 473 2989 menti
505 2934 699 2989 habent
724 2953 737 2990 :
766 2935 932 2991 multo
950 2935 1116 3004 magis
1141 2932 1242 2990 hoc
1286 2935 1338 2989 in
1366 2932 1654 3003 Scripturis
1702 2930 1895 2986 divinis

308 3042 335 3080 a
392 3027 591 3098 Spiritu
643 3036 830 3083 sancto
878 3027 1187 3098 compositis
1235 3026 1539 3096 invenitur,
1597 3024 1757 3080 modo
1810 3039 1896 3080 so-

309 3119 408 3174 brii
455 3120 645 3185 simus,
695 3127 748 3174 et
805 3134 907 3174 non
962 3128 1161 3174 temere
1206 3117 1703 3189 prmtcrgredia'mur
1754 3115 1895 3172 :s‘ed

314 3211 515 3265 intenta
579 3218 756 3266 mente
801 3210 1080 3282 diligenter
1120 3211 1299 3266 omnia
1340 3209 1742 3265 consideremus
1774 3250 1791 3277 ,
1845 3215 1900 3262 et

318 3320 422 3357 non
484 3300 896 3371 negligentiores
959 3302 1124 3356 simus
1179 3301 1296 3355 aliis
1349 3300 1440 3371 qui
1508 3298 1656 3354 tanto
1724 3298 1901 3354 studio

317 3396 369 3451 in
420 3396 710 3452 sensilibus
767 3403 1007 3449 utuntur.
1065 3393 1356 3448 Enimvero
1417 3392 1505 3462 qui
1560 3390 1772 3445 metalla
1817 3390 1902 3445 cf-

320 3489 567 3556 fodiunt.
600 3505 706 3544 non
748 3488 799 3543 in
849 3487 1135 3559 superﬁcie
1184 3492 1429 3551 ‘manent,
1469 3486 1563 3542 sed
1611 3500 1733 3542 eum
1776 3501 1901 3555 pro-

316 3586 475 3641 funde
505 3584 791 3639 admodum
818 3581 1213 3649 descenderint,
1237 3590 1289 3638 et
1317 3582 1432 3637 auri
1470 3588 1719 3637 ramenta
1764 3594 1902 3634 nan-

318 3675 443 3731 cisci
491 3674 781 3745 potuerint,
845 3689 1039 3744 magno
1086 3673 1269 3729 labore
1315 3684 1367 3729 et
1420 3672 1704 3729 sedulitate
1752 3686 1814 3727 ea
1869 3686 1899 3725 a

323 3778 458 3822 terra
510 3775 759 3838 separant
794 3809 810 3833 ,
871 3777 1094 3838 postque
1152 3768 1376 3822 multum
1416 3766 1565 3822 illum
1621 3764 1853 3820 laborem
1884 3806 1900 3831 ,

323 3861 537 3915 brevem
562 3860 793 3929 aliquam
836 3858 1079 3914 laborum
1121 3858 1401 3914 inveniunt
1439 3856 1902 3924 consolationem;

317 3963 682 4008 verumtamen
710 3952 834 4007 licet
852 3952 905 4007 hi
932 3953 1209 4015 sciant,'se
1237 3949 1517 4007 utilitatem
1550 3961 1905 4020 percepturos

319 4044 588 4099 laboribus
610 4058 712 4098 non
744 4043 1180 4114 respondentem.
1210 4056 1458 4112 smpeque
1487 4042 1646 4096 etiam
1679 4049 1799 4110 post
1829 4047 1908 4094 tot

320 4137 524 4208 vigilias
548 4144 605 4191 et
627 4134 858 4197 labores,
888 4136 1286 4205 exspectatione
1311 4148 1407 4189 sua
1438 4133 1719 4188 frustratos
1763 4132 1904 4200 esse,

324 4246 494 4301 neque
515 4229 591 4285 sic
620 4228 904 4293 desistunt,
931 4228 1024 4284 sed
1051 4242 1147 4298 spe
1173 4228 1406 4291 aluntur.
1446 4235 1500 4282 et
1528 4238 1688 4281 sensu
1712 4226 1910 4283 laboris

322 4331 525 4378 carent.
553 4322 706 4390 Quod
737 4323 779 4377 si
817 4314 891 4377 illi
929 4330 1133 4377 tantum
1163 4336 1272 4392 prte
1301 4335 1359 4375 se
1398 4319 1575 4377 ferunt
1600 4320 1832 4377 studium
1857 4321 1909 4377 in

325 4414 780 4485 corruptibilibus,
810 4414 1047 4481 incertis,
1076 4422 1128 4469 et
1152 4413 1390 4479 caducis,
1416 4415 1585 4468 multo
1631 4415 1797 4484 magis
1820 4414 1912 4469 de-

323 4514 410 4563 cet
440 4520 558 4575 nos,
603 4505 692 4561 ubi
724 4506 918 4562 divitia:
960 4506 1154 4562 auferri
1207 4516 1496 4578 nequeunt,
1547 4518 1599 4562 et
1629 4508 1912 4563 thesaurus

325 4601 529 4655 absumi
579 4615 684 4654 non
721 4607 932 4669 potest,
969 4608 1023 4655 et
1066 4615 1162 4669 spe
1189 4615 1296 4654 non
1342 4600 1640 4665 aberratur,
1688 4614 1784 4668 par
1830 4601 1913 4653 vel

328 4695 499 4765 majus
542 4693 776 4749 studium
806 4691 1079 4756 adhibere,
1111 4701 1166 4748 et
1209 4692 1333 4747 hinc
1354 4691 1532 4762 aliquo
1563 4690 1733 4746 fructu
1784 4706 1909 4762 pcr-

324 4795 505 4855 cepto,
536 4784 838 4840 desiderata
863 4785 1073 4856 assequi
1098 4786 1381 4855 possimus,
1411 4785 1694 4855 agnitaqtte
1723 4783 1912 4838 ineffa-

323 4880 411 4933 hili
447 4879 773 4951 benignitate
804 4879 897 4934 Dei
924 4921 939 4946 ,
970 4879 1167 4950 gratias
1207 4886 1424 4949 agentes
1455 4878 1677 4933 Domino
1706 4887 1912 4942 nostro,

326 4972 439 5039 ejus
468 4971 625 5027 nobis
642 4970 873 5027 favorem
902 4971 1268 5032 conciliemus.
1292 4980 1345 5028 et
1364 4966 1557 5027 diaboli
1586 4971 1787 5026 retibus
1810 4985 1914 5025 non

327 5065 696 5136 illaqueemur.
738 5066 851 5139 Age
892 5080 1020 5137 ergo
1047 5066 1267 5135 prolatis
1317 5067 1369 5120 in
1413 5065 1644 5119 medium
1693 5064 1755 5118 iis
1799 5080 1918 5133 qua:

329 5170 471 5209 nunc
490 5156 624 5212 lecta
665 5168 811 5224 sunt,
842 5157 1123 5228 diligenter
1151 5156 1356 5226 singula
1384 5166 1785 5225 perscrntemur
1814 5172 1829 5209 :
1861 5164 1917 5210 ut

330 5250 486 5301 solita
522 5249 799 5305 refocillati
826 5250 1088 5314 doctrina.
1120 5250 1200 5306 sic
1227 5250 1443 5305 domum
1474 5251 1662 5306 iterum
1695 5249 1915 5307 receda-

332 5341 418 5393 tis.
452 5341 500 5393 l.
538 5338 687 5412 (Cap.
714 5342 792 5413 5).
818 5341 922 5397 Isle
945 5354 1014 5397 est
1034 5342 1157 5397 liber
1175 5343 1513 5415 generationis
1529 5343 1809 5410 hominum,
1834 5342 1918 5397 in-

332 5434 464 5503 quit,
491 5432 572 5488 die
590 5450 687 5504 quo
716 5436 830 5505 fecit
856 5434 993 5488 Dens
1018 5436 1204 5502 Adam,
1228 5438 1503 5491 secundum
1528 5437 1798 5507 imaginem
1826 5435 1922 5490 Dei

394 5546 683 5657 (aruerint:
696 5560 760 5597 ex
781 5547 1129 5621 sequentibus,
1145 5548 1255 5613 plus
1266 5563 1411 5614 quam
1433 5549 1675 5622 dimidiam
1699 5549 1923 5613 paginam

394 5623 451 5657 so
476 5617 655 5657 ventta.
679 5609 856 5657 desunt
880 5624 928 5657 in
951 5610 1142 5657 Coislm.

335 5609 655 5672 absolvenda,
679 5609 928 5660 desunt’in
951 5610 1142 5661 Coisliu.

1018 153 1074 204 s.
1114 144 1390 202 JOANNIS
1425 124 1895 197 cnnvsom‘ow
1935 121 2251 192 abstruse.
2290 132 2824 198 CONSTANTINOP.

3474 146 3576 201 176

1989 270 2107 336 [erit
2147 264 2395 329 illum;2.
2445 273 2727 325 masculum
2768 280 2815 325 et
2865 272 3103 342 feminam
3156 274 3272 345 fecit
3318 275 3474 341 illos,
3532 288 3580 332 et

1988 358 2265 413 nominavit
2283 376 2465 415 nomen
2486 378 2658 415 eorum
2686 356 2850 415 Adam
2879 364 2954 433 (a)
2974 406 2990 430 ,
3020 362 3102 419 die
3140 382 3240 435 quo
3279 369 3395 438 fecit
3433 370 3549 425 illos
3568 412 3582 425 .

1988 449 2236 515 Attende,
2293 449 2538 518 obsecro,
2591 454 2861 522 prephetm
2897 454 3054 525 hujus
3096 456 3421 514 admirabilis
3472 477 3565 514 sa-

1990 539 2284 610 pientiam:
2330 540 2440 597 imo
2488 543 2657 598 sancti
2701 543 2929 615 Spiritus
2982 546 3300 603 doctrinam.
3356 551 3438 605 Ab
3486 551 3581 607 illo

1989 632 2151 698 enim,
2182 642 2239 688 ut
2263 648 2405 703 saepe
2439 633 2640 690 dictum
2667 645 2769 700 est,
2792 636 3026 705 afflatus,
3055 639 3211 696 nobis
3238 641 3356 697 haec
3399 645 3581 699 omnia

1989 723 2224 793 loquitur
2254 744 2267 780 :
2299 734 2353 780 et
2398 725 2630 795 linguam
2656 725 2869 797 quidem
2909 730 3168 800 pr0pheta
3198 732 3579 801 commodavit,

1988 814 2155 881 gratia
2182 821 2358 869 autem
2389 814 2614 884 Spiritus
2643 817 2812 871 sancti
2858 828 2953 888 per
2998 819 3140 874 illam
3168 822 3345 876 omnia
3390 821 3581 877 huma-

1995 918 2121 958 num
2168 916 2337 975 genus
2381 907 2663 962 manifeSIe
2691 906 2870 963 docet.
2905 908 3036 965 Vide
3060 925 3190 981 ergo
3214 914 3483 982 quomodo
3513 914 3579 971 ad

1989 995 2248 1065 originem
2280 1002 2583 1052 sermonem
2612 998 2839 1061 reducit.
2877 1009 2932 1055 et
2971 1002 3249 1070 Superiora
3278 1003 3467 1059 iterum
3496 1020 3583 1059 re-

1989 1085 2171 1140 sumit.
2223 1086 2415 1155 Quare,
2470 1097 2523 1143 et
2556 1098 2659 1158 qua
2692 1087 2775 1145 de
2803 1089 3001 1145 causa?
3027 1091 3159 1158 Quia
3207 1093 3338 1147 vidit
3366 1108 3464 1148 eos
3489 1096 3580 1165 Qui

1991 1185 2117 1231 mne
2145 1187 2320 1244 erant,
2368 1193 2555 1250 magna
2583 1195 2693 1250 pra:
2718 1194 2777 1235 se
2799 1180 2937 1236 ferre
2960 1180 3151 1252 ingrati
3196 1184 3359 1238 animi
3406 1185 3580 1256 signa,

1990 1283 2090 1323 nec
2117 1270 2367 1325 meliores
2398 1270 2511 1326 fieri
2537 1285 2604 1326 ex
2648 1272 2711 1326 iis
2736 1287 2855 1341 quae
2903 1273 3077 1344 primo
3116 1276 3320 1344 parenti
3368 1277 3582 1331 accide-

1990 1370 2130 1428 rant,
2178 1360 2275 1417 sed
2319 1362 2371 1417 in
2422 1360 2563 1418 idem
2606 1362 2831 1417 malitia:
2867 1364 3187 1435 profundum
3240 1367 3581 1437 praecipitari.

1988 1451 2122 1508 Nam
2150 1466 2268 1507 cum
2300 1452 2345 1508 is
2379 1452 2467 1523 qui
2497 1468 2562 1509 ex
2594 1450 2683 1509 illo
2711 1461 2867 1510 natus
2891 1464 3005 1511 erat
3046 1457 3227 1512 statim
3272 1460 3579 1516 concitante

1992 1542 2185 1597 invidia
2212 1542 2278 1597 ad
2307 1543 2657 1599 fratricidium
2698 1546 2921 1615 ruisset,
2952 1555 3007 1603 et
3050 1547 3171 1603 ideo
3215 1550 3585 1620 gravissimam

1992 1648 2205 1705 pmnam
2231 1634 2461 1704 tulisset,
2493 1636 2633 1692 sicut
2656 1638 2904 1707 superius
2924 1638 3207 1696 caritatem
3231 1653 3461 1698 vestram
3484 1644 3585 1699 do-

1990 1727 2199 1780 c'uimus
2240 1744 2254 1781 :
2289 1739 2354 1781 ac
2383 1729 2584 1797 posteri
2631 1728 2748 1799 ejus
2774 1729 2907 1784 nihil
2938 1745 3002 1785 ea
3026 1732 3374 1803 castigatione
3404 1734 3585 1805 profe-

1991 1818 2212 1884 cissent,
2242 1816 2337 1873 sed
2364 1818 2415 1873 in
2434 1818 2725 1889 majoribus
2748 1834 2809 1877 se
2836 1822 2991 1878 malis
3035 1824 3414 1893 involvissent,
3446 1827 3587 1883 sicut

1990 1909 2267 1966 audivistis
2291 1910 2427 1978 heri,
2458 1910 2690 1968 Lamech
2713 1927 2906 1983 nempe
2936 1924 3210 1985 peceatum
3260 1924 3413 1972 suum
3441 1935 3582 1974 uxo—

1991 2001 2141 2059 ribus
2160 2012 2521 2072 enarrantem,
2544 2008 2870 2077 patriamque
2898 2007 3155 2065 adversus
3193 2023 3253 2066 se
3281 2010 3584 2067 decernen-

1994 2102 2101 2150 tem
2134 2111 2147 2148 :
2173 2095 2295 2165 quia
2324 2096 2577 2165 paulatim
2604 2096 2739 2153 vidit
2764 2097 3066 2156 increscere
3088 2100 3344 2158 malitiam
3367 2102 3587 2159 illorum

1992 2187 2145 2257 quasi
2192 2186 2391 2243 malum
2418 2188 2694 2245 humorem
2724 2205 2820 2261 per
2837 2194 3019 2247 ‘totum
3057 2207 3253 2263 corpus
3279 2210 3339 2251 se
3386 2195 3587 2251 diﬂ‘uno

1994 2279 2232 2347 dentem,
2260 2280 2405 2336 sistit
2436 2282 2654 2338 malitia:
2673 2283 3019 2355 impetum,‘et
3039 2287 3413 2357 generationes
3436 2290 3579 2357 illas,

1996 2380 2115 2442 qua:
2144 2386 2211 2427 ex
2253 2372 2387 2429 Cain
2427 2388 2595 2445 usque
2619 2374 2686 2431 ad
2737 2375 2993 2445 Lamech,
3048 2394 3118 2435 ne
3156 2381 3411 2436 memoria
3464 2383 3588 2454 qui-

1996 2466 2118 2522 dem
2149 2465 2565 2538 dignatur:sed
2603 2469 2754 2540 quasi
2800 2471 3120 2543 principium
3173 2473 3440 2544 quoddam
3487 2475 3589 2530 du-

1995 2570 2126 2613 cens
2179 2564 2235 2613 et
2280 2558 2480 2615 luctum
2531 2558 2661 2616 Adae
2709 2570 2764 2616 et
2814 2560 2945 2617 Eva:
2991 2562 3293 2620 demulcere
3358 2565 3588 2633 volens,

1998 2648 2055 2703 in
2106 2663 2266 2718 quem
2314 2647 2436 2704 illos
2490 2648 2748 2720 injecerat
2796 2650 3101 2719 fratricida,
3149 2663 3352 2709 armata
3400 2664 3589 2711 contra

1998 2738 2134 2796 Abel
2173 2739 2438 2796 dextera:
2477 2740 2556 2796 sic
2596 2742 2953 2798 narrationem
3002 2743 3226 2813 orditur,
3274 2754 3328 2800 et
3360 2745 3587 2817 inquit:

1998 2828 2110 2885 Iste
2132 2838 2203 2885 est
2229 2829 2354 2885 liber
2377 2831 2716 2902 generationis
2738 2832 2999 2887 hominum
3022 2874 3038 2901 ,
3065 2834 3147 2889 die
3172 2850 3271 2904 quo
3299 2835 3419 2906 fecit
3447 2835 3591 2890 Deus

2000 2922 2186 2991 Adam,
2214 2923 2489 2979 secundum
2510 2923 2783 2995 imaginem
2804 2922 2902 2977 Dei
2927 2925 3048 2996 fecit
3075 2924 3220 2980 illum
3243 2941 3262 2990 ,°
3299 2926 3588 2981 masculum

2000 3023 2046 3068 et
2072 3013 2313 3085 feminam
2336 3013 2454 3083 fecit
2480 3014 2627 3069 illos:
2642 3020 2688 3067 et
2715 3014 2989 3069 nominavit
3008 3030 3189 3070 nomen
3210 3032 3379 3071 eorum
3403 3017 3589 3085 Adam,

2002 3104 2086 3158 die
2112 3120 2213 3175 quo
2241 3105 2358 3177 fecit
2382 3104 2522 3159 illos.

2071 3198 2125 3252 2.
2166 3196 2459 3254 Considera
2488 3197 2756 3269 quomodo
2796 3197 2983 3254 iisdem
3029 3199 3207 3257 verbis
3235 3214 3363 3258 usus
3398 3200 3589 3269 fuerit,

2005 3291 2205 3361 quibus
2252 3301 2308 3346 et
2338 3291 2509 3357 initio,
2541 3298 2599 3346 ut
2640 3291 2860 3349 doceret
2885 3306 2985 3347 nos
3005 3333 3021 3361 ,
3051 3294 3512 3364 se‘geuerationes
3541 3291 3599 3349 il-

2004 3381 2084 3437 las
2128 3390 2185 3436 ut
2230 3392 2410 3451 postea
2459 3380 2794 3453 reprobatas,
2834 3394 3007 3453 neque
3031 3385 3287 3439 memoria
3331 3394 3451 3454 post
3494 3384 3598 3441 hoc

2003 3472 2191 3545 dignas
2223 3474 2423 3530 habere
2473 3490 2489 3529 :
2541 3475 2635 3530 sed
2683 3491 2753 3531 ex
2799 3474 2954 3542 Setlt,
2984 3476 3075 3547 qui
3107 3486 3247 3533 nunc
3285 3477 3388 3532 illis
3439 3486 3600 3534 natus

2005 3574 2107 3631 est,
2137 3566 2501 3637 genealogiam
2528 3566 2715 3633 ordiri,
2750 3575 2807 3622 ut
2825 3576 2879 3623 et
2904 3582 2970 3624 ex
2988 3568 3091 3623 hoc
3116 3568 3311 3633 discas.
3340 3576 3596 3639 quantam

2008 3658 2152 3714 Deus
2182 3658 2400 3714 humani
2434 3660 2659 3730 generis
2684 3660 2946 3715 rationem
2979 3658 3178 3716 habeat
3198 3702 3212 3726 ,
3242 3670 3296 3717 et
3326 3661 3599 3734 quomodo

2009 3750 2131 3805 illos
2154 3759 2468 3816 aversetur,
2497 3750 2690 3822 quibus
2728 3751 3064 3821 sanguinaria
3115 3766 3267 3807 mens
3307 3760 3408 3807 est.
3464 3752 3615 3807 Nam

2010 3843 2222 3899 illorum
2250 3843 2585 3909 memoriam,
2630 3843 2779 3914 quasi
2806 3850 3091 3914 numquam
3110 3845 3390 3912 vixissent,
3421 3845 3491 3900 ita
3526 3848 3601 3901 si-

2015 3937 2179 3992 lentio
2207 3936 2443 4007 punierit
2486 3954 2501 3991 :
2538 3935 2889 3992 monstrando
2927 3936 3081 3991 nobis
3109 3950 3265 4008 quam
3294 3953 3454 4009 grave
3487 3955 3601 3992 ma-

2014 4028 2124 4083 lum
2146 4028 2216 4082 sit
2236 4035 2534 4097 peccatum,
2564 4026 2705 4098 quod
2731 4029 2820 4098 qui
2838 4029 3256 4098 amplectuntur,
3278 4042 3342 4084 se
3368 4030 3598 4098 primum

2014 4131 2070 4175 et
2103 4121 2334 4177 maxime
2377 4120 2740 4192 pessumdant.
2792 4120 2930 4178 Ecce
2971 4121 3116 4177 enim
3155 4120 3235 4176 illi
3281 4135 3313 4177 e
3355 4122 3602 4192 catalogo

2014 4224 2412 4283 espunguntur,
2435 4220 2492 4268 et
2515 4221 2736 4269 eatenus
2764 4220 2981 4269 tantum
3030 4223 3518 4269 commemorantur
3546 4226 3604 4272 ut

2018 4305 2305 4361 infametur
2344 4305 2579 4376 ipsorum
2625 4304 2844 4373 malitia,
2874 4313 2927 4361 et
2960 4305 3341 4377 posterioribus
3389 4308 3605 4362 sarculis

2018 4396 2406 4453 emendationis
2442 4396 2551 4451 sint
2576 4397 2807 4453 occasio.
2842 4399 2910 4453 At
2934 4398 3023 4468 qui
3070 4397 3265 4469 injuste
3280 4398 3519 4463 occisus,
3553 4408 3609 4455 et

2008 4487 2251 4545 fraterna
2278 4494 2437 4544 manu
2461 4489 2810 4559 interemptus
2838 4497 2940 4556 est,
2968 4505 3034 4544 ex
3062 4504 3139 4544 'eo
3167 4497 3407 4560 tempore
3433 4498 3607 4560 usque

2021 4582 2075 4637 in
2120 4583 2221 4638 hoc
2247 4591 2518 4648 nostrum,
2558 4582 2798 4638 omnium
2844 4582 3158 4637 deeantatur
3185 4597 3278 4637 ore
3301 4624 3317 4650 ,
3348 4590 3609 4652 et‘neque

2023 4684 2234 4745 tempus
2260 4674 2417 4746 hujus
2438 4675 2749 4730 memoriam
2764 4674 3037 4740 exstinxit,
3061 4689 3231 4743 neque
3247 4673 3387 4729 illius
3404 4675 3609 4730 crimen

2023 4766 2286 4822 imminuit
2317 4784 2330 4820 :
2360 4766 2453 4821 sed
2485 4774 2539 4822 et
2566 4766 2653 4821 hic
2677 4765 2917 4836 quotidie
2943 4765 3181 4821 omnium
3224 4766 3605 4836 ore-pradica-

2024 4871 2128 4925 tur.
2161 4870 2215 4916 et
2242 4861 2329 4916 ille
2358 4859 2609 4915 continue
2628 4858 2948 4913 infamatur.

2102 4952 2273 5007 Virtus
2298 4968 2361 5007 ea:
2398 4952 2639 5007 mmnis
2667 4951 2726 5021 ﬁt
2771 4950 3038 5005 illustrior.
3079 4949 3214 5015 Quid
3247 4949 3613 5005 sitseenndurn

2006 5048 2289 5119 imaginem
2337 5045 2436 5100 Dei
2482 5046 2663 5100 creari.
2715 5074 2787 5086 —
2832 5043 3053 5099 Vidistis
3095 5050 3349 5113 quantum
3393 5042 3613 5099 malitia:

2004 5141 2298 5209 damnum,
2340 5149 2395 5195 et
2437 5146 2693 5210 quantum
2741 5137 2952 5193 virtutis
2981 5135 3188 5191 robur?
3234 5143 3289 5189 et
3338 5135 3611 5204 quomodo

2004 5236 2244 5303 'malitia,
2274 5236 2434 5291 etiam
2482 5234 2526 5288 si
2570 5231 2785 5288 infestet
2808 5238 2862 5287 et
2904 5228 3230 5297 dominetur,
3257 5227 3612 5298 exstinguitur

2024 5336 2206 5383 tamen
2249 5336 2301 5381 et
2332 5324 2577 5379 aboletur
2603 5340 2618 5377 :
2647 5321 2817 5376 virtus
2846 5328 3025 5375 autem
3050 5319 3176 5374 licet
3226 5317 3531 5384 infestetur,
3562 5322 3609 5370 et

2018 5418 2306 5474 innumera
2337 5415 2515 5487 gravia
2544 5414 2918 5479 sustineat,'ea
2949 5410 3233 5466 occasione
3260 5408 3520 5465 illustrior
3551 5406 3609 5463 lit

2097 5604 2171 5668 (a)
2205 5601 2323 5652 vide
2344 5599 2480 5650 Praef.
2505 5600 2639 5649 Tomi
2660 5598 2821 5662 hujus,
2845 5595 2963 5660 51v.
