3796 6246
187 310 284 368 I75

823 429 990 482 OMIA
1002 427 1066 480 IA
1104 426 1233 482 ΚΝ.

172 517 327 584 Αὕτη
363 520 400 586 ἡ
423 519 651 582 ,βίϐλος
673 514 958 586 γενέσεως
989 513 1342 586 ἀνθρώπων,
1368 509 1411 586 ᾗ
1439 515 1630 583 ἡμέρῃ
1656 515 1853 582 ἐποίη-

242 605 364 642 σεν
390 585 428 643 ὀ
460 588 606 652 Θεὸς
637 585 746 639 τὸν
779 585 974 654 Ἀδὰμ,
1002 588 1131 638 κατ’
1153 585 1358 638 είκόνα
1377 585 1541 640 Θεοῦ
1567 586 1859 654 ἐποίησεν

240 659 468 721 αὐτὸν,
521 657 712 723 ἄρσεν
755 656 851 708 καὶ
888 653 1046 722 θῆλυ
1098 655 1701 723 ἐποίησεν-αὐτοὺς,
1730 653 1857 709 καί

237 720 602 812 ἐπωνόμιιοξε
635 727 700 780 τὸ
725 726 914 794 ὄνομα
931 720 1132 780 αὐτῶν
1164 720 1355 794 Ἀδὰμ,
1381 720 1420 798 ᾖ
1438 723 1626 795 ἡμέρᾳ
1641 720 1856 794 ἐποίη-

239 815 360 852 cer
392 815 639 862 αυτοιος.

238 890 310 938 α’.
351 881 527 945 Πολὺς
563 882 660 935 καὶ
691 881 896 949 ἀφατος
919 880 948 932 ὁ
987 879 1280 951 θησαυρὸς,
1330 881 1637 952 ἀγαπητοὶ,
1659 883 1716 934 ὲν
1746 885 1855 945 τοῖς

169 971 491 1041 πρόσφατον
516 967 930 1036 ἀναγνωσθεῖσι.
966 968 1077 1020 Καὶ
1115 964 1234 1022 οἶδα
1264 970 1362 1038 μὲν
1390 969 1470 1022 ὅτι
1505 969 1688 1023 πολλοὶ
1720 970 1856 1040 πρὸς

163 1061 256 1113 τὸν
280 1059 398 1113 τῶν
437 1058 724 1129 ὀνομάτων
761 1055 1063 1125 κατάλογον
1095 1057 1430 1128 ἀφορῶντες,
1467 1059 1563 1110 καὶ
1599 1058 1855 1124 ἐξεπιπο-

163 1147 260 1216 λῆς
309 1149 430 1210 τοῖς
475 1143 874 1215 άνεγνωμένοις
933 1144 1292 1215 προσέχοντες
1346 1145 1628 1215 νομίζουσι
1685 1146 1853 1216 μηδὲν

165 1233 329 1286 πλέον
358 1233 507 1302 ἔχειν
531 1231 600 1285 τὰ
628 1231 916 1302 είρημένα,
954 1231 1069 1284 ἀλλ’
1101 1232 1134 1301 ἦ
1181 1231 1366 1295 ἁπλῶς
1397 1233 1676 1302 ὀνομάτων
1713 1229 1850 1288 εἶναι
1933 1289 1938 1296 ,

165 1320 568 1391 προσηγορίας·
597 1317 709 1386 ἐγὼ
733 1317 789 1371 δὲ
813 1317 1120 1389 παρακαλῶ
1142 1318 1350 1381 πάντας
1382 1319 1527 1388 ὑμᾶς
1558 1318 1632 1390 μὴ
1662 1321 1852 1384 ἁπλῶς

162 1407 539 1478 παρατρέχειν
571 1405 641 1459 τὰ
671 1406 730 1458 ἐν
757 1409 878 1469 ταῖς
905 1405 1081 1468 θείαις
1119 1407 1361 1477 Γραφαῖς
1395 1407 1645 1478 κείμενα.
1683 1407 1850 1462 Οὐδὲν

160 1496 270 1566 γὰρ
298 1495 413 1547 τῶν
432 1493 668 1547 ἐνταῦθα
691 1493 1098 1566 γεγραμμένων
1118 1495 1288 1560 ἐστὶν,
1311 1494 1341 1547 ὂ
1367 1495 1441 1565 μὴ
1462 1495 1628 1549 πολὺν
1647 1498 1851 1567 νοημά-

160 1600 268 1634 των
299 1581 537 1650 πλοῦτον
576 1580 711 1652 ἔχει·
755 1581 947 1653 ἐπειδὴ
981 1582 1090 1655 γάρ
1118 1582 1397 1652 Πνεῦματι
1445 1581 1576 1653 θείῳ
1621 1584 1848 1654 ἐνηχοῦ-

163 1687 316 1740 μενοι
361 1669 609 1735 ἐξέθεντο
640 1671 691 1722 οί
738 1670 998 1741 μακάριοι
1050 1670 1356 1740 προφῆται,
1408 1670 1498 1724 διὰ
1546 1670 1703 1724 τοῦτο
1753 1672 1849 1726 ἅτε

165 1749 450 1821 Πνεύματι
492 1750 876 1821 γεγραμμέναι
923 1747 1349 1819 πολὺνέχουσιν
1397 1751 1849 1821 ἐγκεκρυμμένον

161 1838 462 1907 θησαυρόν.
503 1837 616 1889 Καὶ
648 1835 723 1907 μὴ
749 1835 1061 1907 θαυμάσῃς,
1116 1835 1166 1888 εί
1217 1836 1278 1888 ἐν
1312 1834 1390 1906 τῷ
1418 1837 1709 1910 καταλόγῳ
1736 1837 1847 1891 τῶν

158 1923 445 1993 ὀνομάτων
482 1921 578 1976 νῦν
609 1921 1019 1992 ἐπαγγέλλομαι
1051 1921 1183 1991 ὑμῖν
1219 1920 1498 1974 δεικνύναι
1544 1921 1716 1976 πολὺν
1754 1923 1847 1991 ἑγ-

160 2010 552 2080 κεκρυμμένον
599 2008 828 2063 πλοῦτον
873 2008 1185 2080 νοημάτων.
1238 2008 1375 2062 Οὐδὲ
1419 2010 1530 2080 γάρ
1565 2010 1803 2083 συλλαϐὴ
1826 2051 1842 2078 ,

157 2099 280 2154 οὐδὲ
311 2097 515 2169 κεραία
549 2097 648 2167 μία
671 2095 822 2168 [181]
843 2098 990 2150 ἐστὶν
1016 2096 1313 2168 ἐγκειμένη
1351 2097 1504 2168 παρὰ
1525 2101 1593 2169 τῇ
1623 2099 1842 2170 Γραφῇ,

158 2181 192 2258 ᾖ
228 2185 307 2257 μὴ
337 2186 508 2259 πολὺς
541 2185 888 2238 ἐναπόκειται
935 2183 1257 2257 θησαυρὸςς
1300 2187 1360 2237 ἐν
1402 2183 1479 2256 τῷ
1528 2185 1702 2255 βάθει.
1745 2188 1848 2242 Διά

156 2284 243 2320 τοι
277 2264 443 2318 τοῦτο
472 2266 738 2336 προσήκει
774 2266 924 2335 ἡμᾶς
958 2265 1062 2318 ὑπὸ
1086 2266 1185 2336 τῆς
1209 2264 1416 2318 ἀνωθεν
1460 2265 1685 2336 χάριτος
1720 2268 1847 2340 ὁδη-

158 2343 487 2414 γουμένους,
524 2344 619 2396 καλ⁸
647 2342 745 2414 τήν
777 2343 930 2414 παρά
964 2343 1057 2397 τοῦ
1088 2343 1243 2411 ἁγίου
1277 2343 1600 2414 Πνεύματος
1644 2345 1844 2418 ἐλλαμ-

157 2424 252 2487 ψιν
285 2423 636 2492 δεξαμένους,
664 2421 836 2484 οὕτως
870 2421 1080 2488 ἐπιέναι
1115 2421 1184 2476 τά
1215 2423 1333 2475 θεῖα
1361 2421 1538 2490 λόγια.
1575 2425 1708 2477 Ούδέ
1737 2427 1844 2496 γάρ

157 2503 359 2571 σοφίας
388 2501 739 2573 ἀνθρωπίνης
782 2502 953 2568 δεῖται
997 2505 1030 2574 ή
1073 2502 1192 2556 θεία
1226 2503 1418 2574 ι’ραφὴ
1456 2503 1593 2575 πρὸς
1621 2504 1720 2576 τήν
1752 2523 1847 2561 κα-

156 2584 421 2652 τανόησιν
459 2583 568 2636 τῶν
607 2583 1028 2659 γεγραμμένων,
1079 2581 1216 2644 ἀλλά
1265 2583 1368 2654 τῆς
1402 2581 1498 2648 τοῦ
1530 2584 1844 2656 Πνεύματος

155 2661 584 2731 ἀποκαλύψεως,
612 2662 700 2716 ἵνα
718 2662 808 2715 τὸν
838 2663 1012 2734 ἀληθῆ
1033 2661 1159 2715 νοῦν
1184 2661 1293 2716 τῶν
1313 2663 1650 2734 ἐγκειμένων
1675 2682 1842 2719 κατα-

158 2741 430 2814 μαθόντες
473 2739 676 2811 πολλὴν
712 2740 1238 2813 ἐκεῖθενδεξώμεθα
1288 2742 1388 2812 τὴν
1439 2742 1728 2812 ὠφέλειαν.
1780 2745 1842 2799 Et

154 2821 265 2890 γάρ
289 2824 348 2872 ἐν
388 2822 502 2886 τοῖς
528 2819 800 2890 βιωτικοῖς
827 2821 1116 2892 πράγμασι
1153 2822 1222 2876 τά
1248 2822 1354 2874 ὑπὸ
1397 2821 1507 2875 τῶν
1539 2823 1842 2894 ἀνθρώπων

155 2899 564 2970 συντελούμενα
601 2903 957 2971 γραμματεῖα
990 2901 1252 2963 πολλάκις
1283 2901 1362 2973 τῷ
1391 2901 1570 2973 χρόνῳ
1622 2901 1845 2972 διαφθα-

155 2978 358 3054 ρέντα,
405 2979 510 3032 ὑπὸ
557 2978 650 3033 τοῦ
701 2979 1020 3049 ἐγκειμένου
1065 2980 1260 3053 χρόνου
1300 2982 1378 3052 τῷ
1429 2981 1702 3052 προοιμίῳ
1746 2982 1841 3036 τοῦ

153 3057 580 3128 γραμματείου,
637 3058 732 3111 καὶ¹
764 3059 875 3111 ἀπὸ
916 3061 1046 3130 μιᾶς
1095 3060 1369 3131 συλλαϐῆς
1404 3061 1431 3101 δ
1482 3060 1683 3132 πολλὴν
1713 3061 1840 3132 ἔσχε

151 3139 250 3208 τὴν
286 3138 464 3208 ἰσχύν·
497 3137 678 3208 πολλῴ
723 3137 922 3208 μᾶλλον
963 3139 1056 3193 ἐπὶ
1105 3138 1217 3192 τῶν
1253 3139 1414 3194 θείων
1465 3141 1697 3213 Γραφῶν
1732 3141 1841 3194 τῶν

152 3217 441 3287 Πνεύματι
470 3217 610 3289 άγίῳ
638 3217 1013 3289 συγκειμένων
1041 3217 1201 3273 τοῦτό
1247 3219 1398 3272 ἐστιν
1447 3221 1648 3290 εὑρεῖν,
1681 3220 1840 3291 μόνον

151 3298 252 3353 ἐὰν
278 3300 566 3368 νήφωμεν,
605 3298 697 3352 καὶ
732 3296 807 3368 μή
836 3297 1022 3362 ἁπλῶς
1048 3298 1508 3371 παρατρέχωμεν,
1551 3299 1690 3354 ἀλλά
1717 3318 1840 3362 συν-

150 3379 426 3441 τείνοντες
469 3377 628 3448 ήμῶν
671 3377 763 3432 τὸν
795 3378 1060 3449 λογισμὸν.
1114 3373 1576 3450 κατοπτεύσωμεν
1622 3380 1839 3434 ἅπαντα

153 3460 297 3529 μετά
321 3457 631 3528 ἀκριϐείας,
665 3459 760 3512 καὶ
793 3457 868 3530 μὴ
907 3459 1124 3530 χείρους
1153 3457 1434 3530 γινώμεθα
1463 3460 1571 3513 τῶν
1604 3460 1732 3530 περὶ
1771 3461 1840 3513 τά

150 3538 392 3610 αἰσθητὰ
432 3539 704 3610 τοσαύτην
753 3537 853 3609 τήν
896 3539 1134 3610 σπουδὴν
1183 3538 1670 3610 ἐπιδεικνυμένων.
1728 3541 1838 3594 Καὶ

149 3627 260 3698 γάρ
293 3628 344 3680 οἱ
378 3627 478 3699 τήν
505 3625 832 3698 μεταλλικὴν
858 3626 962 3697 γῆν
1007 3627 1392 3700 ἀνορύττοντες
1428 3629 1488 3680 ού
1528 3628 1693 3701 μέχρι
1735 3629 1848 3701 τῆς

148 3714 476 3784 ἐπιφανείας
507 3715 775 3780 ἵστανται,
801 3713 917 3784 ἀλλ’
950 3715 1170 3768 ἐπειδὰν
1216 3714 1348 3768 πολὺ
1394 3715 1554 3785 βάθος
1585 3728 1606 3754 ο
1642 3717 1836 3770 κατέλ-

148 3803 312 3868 θωσι,
329 3804 424 3858 καὶ
445 3803 793 3867 καταλαϐεῖν,
811 3802 1080 3874 δυνηθῶσι
1100 3803 1192 3857 τοῦ
1211 3804 1435 3876 χρυσίου
1460 3805 1528 3859 τά
1543 3803 1832 3876 ψήγματα,

153 3893 298 3963 μετά
332 3891 528 3950 πολλοῦ
558 3891 651 3945 τοῦ
683 3891 843 3946 πόνου
869 3895 963 3946 καὶ
985 3891 1087 3964 τῆς
1119 3893 1362 3956 εὐτονίας
1400 3896 1497 3964 τῆς
1537 3896 1638 3964 γῆς
1672 3894 1836 3966 χωρίὲ

149 3981 329 4044 ζουσι,
361 3982 456 4034 καὶ
489 3981 629 4052 μετὰ
655 3980 746 4034 τὸν
777 3980 942 4034 πολὺν
985 3982 1192 4035 ἐκεῖνον
1219 3981 1397 4046 πόνον,
1425 3981 1682 4052 βραχεῖάν
1715 4001 1836 4036 τινα

145 4071 255 4126 τῶν
283 4071 468 4142 πόνων
495 4071 804 4141 εὑρίσκουσι
855 4070 1243 4142 παραμυθίαν·
1294 4071 1387 4124 καὶ
1430 4072 1581 4139 ὅμως
1634 4071 1834 4136 εἰδότες

145 4162 228 4215 ὅτι
258 4159 524 4214 ἐλάττονα
557 4159 665 4215 τῶν
689 4159 866 4214 πόνων
897 4157 1239 4232 καρποῦνται
1270 4159 1367 4231 τὴν
1393 4159 1684 4230 ὠφέλειαν,
1707 4161 1834 4231 πολ-

146 4250 311 4324 λάκις
351 4249 410 4306 δέ
449 4247 542 4306 καὶ
580 4248 719 4320 μετὰ
749 4249 848 4318 τὴν
877 4247 1078 4320 πολλὴν
1113 4249 1420 4320 ἀγρυπνίαν
1466 4249 1560 4302 κα)⁵
1593 4250 1686 4302 τὸν
1733 4250 1834 4304 κά-

150 4355 348 4410 ματον,
384 4339 478 4391 καὶ
507 4339 603 4408 τῆς
646 4330 970 4408 προσδοκίας
1014 4335 1346 4408 διήμαρτον,
1379 4338 1475 4391 καὶ
1508 4337 1629 4390 οὐδὲ
1658 4337 1832 4401 οὕτως

146 4427 502 4496 ἀφίστανται,
557 4423 693 4485 ἀλλά
736 4426 805 4496 τῇ
853 4424 1026 4477 ἐλπίδι
1076 4425 1440 4496 τρεφόμενοι,
1490 4426 1599 4479 τῶν
1653 4427 1832 4480 πόνων

144 4516 404 4585 αἴσθησιν
450 4513 512 4566 οὐ
547 4512 933 4584 λαμϐάνουσιν.
989 4513 1053 4565 Et
1109 4513 1290 4565 τοίνυν
1339 4514 1536 4570 ἐκεῖνοι
1589 4515 1716 4584 περὶ
1762 4515 1831 4568 τά

145 4604 371 4674 φθαρτά
399 4603 494 4657 καὶ
536 4603 795 4674 ἐπίκηρα,
827 4601 956 4656 ἔνθα
1001 4603 1098 4668 καὶ
1135 4601 1329 4673 ἀδηλία
1379 4603 1584 4674 πολλὴ,
1635 4605 1831 4657 τοσαύ-

141 4703 246 4756 τ-ςν
293 4687 692 4741 ἐπ;δείκνυνται
740 4685 838 4757 τὴν
873 4685 1129 4758 σπουδὴν,
1183 4685 1362 4756 πολλῷ
1410 4687 1616 4756 μᾶλλον
1657 4704 1828 4757 προσ-

143 4771 271 4840 ήκει
321 4771 470 4842 ἡμᾶς
509 4771 643 4823 ὅπου
699 4770 792 4836 καὶ
843 4771 873 4823 ὁ
925 4769 1154 4834 πλοῦτος
1211 4770 1611 4842 ἀναφαίρετος,
1654 4771 1751 4824 καὶ
1799 4774 1828 4825 ὁ

144 4858 425 4930 θησαυρὸς
454 4845 819 4929 ¹ὁιδαπάνητος,
843 4858 938 4910 καὶ
959 4857 1279 4930 διαμαρτεῖν
1306 4857 1406 4912 οῦκ
1436 4857 1515 4911 ένι
1533 4901 1545 4923 ,
1582 4859 1678 4928 τήν
1707 4859 1829 4930 ῐσην

142 4947 242 4999 καὶ
271 4945 493 5000 πλείονα
527 4945 759 5016 σπουδὴν
785 4945 1212 5009 ἐπιδείκνυσθαι,
1247 4947 1333 4999 ἵνα
1367 4945 1685 5018 δυνηθῶμεν
1711 4948 1829 5000 ἐπι-

143 5035 331 5103 τυχεῖν
370 5033 479 5085 τῶν
524 5033 994 5102 σπουδαζομένων,
1032 5031 1125 5084 καὶ
1151 5032 1246 5104 τὴν
1278 5032 1528 5086 ἐντεῦθεν
1559 5033 1828 5102 ὠφέλειαν

143 5121 600 5190 καρπωσάμενοι,
631 5120 727 5172 καὶ
763 5119 1173 5189 καταμαθόντες
1201 5120 1294 5172 τοῦ
1319 5119 1453 5173 Θεοῦ
1486 5121 1584 5192 τήν
1623 5121 1826 5188 ἄφατον

142 5207 582 5280 φιλανθρωπίαν,
610 5206 948 5280 εύγνώμονές
965 5205 1042 5258 ’τε
1081 5206 1367 5278 γενώμεθα
1407 5211 1535 5279 περὶ
1561 5210 1651 5262 τὸν
1686 5210 1823 5280 ήμέ-

139 5313 301 5368 τερον
330 5295 630 5367 Δεσπότην,
654 5294 751 5348 καὶ
771 5295 868 5366 τὴν
897 5295 1106 5348 ἐκεῖθεν
1129 5295 1340 5348 εὔνοιαν
1367 5296 1821 5368 ἐπισπασάμενοι,

143 5383 437 5455 ἀχείρωτοι
466 5382 828 5453 καταστῶμεν
870 5385 988 5445 ταῖς
1022 5382 1114 5435 τοῦ
1157 5383 1403 5437 διαϐόλου
1437 5384 1649 5452 παγίσι.
1686 5385 1822 5457 Φέρε

141 5469 233 5529 οὖν
259 5470 333 5522 τά
376 5470 688 5542 πρόσφατον
720 5471 1140 5539 ἀναγνωσθέντα
1186 5473 1266 5535 εἰς
1296 5473 1458 5542 μέσον
1497 5471 1819 5544 προθέντες,

136 5557 625 5629 διερευνησώμεθα
651 5557 790 5630 μετὰ
829 5558 1115 5630 ἀκριϐείας
1144 5558 1396 5625 ἕκαστον,
1439 5562 1523 5614 ἵνα
1561 5565 1659 5633 τῆς
1701 5580 1821 5615 συν-

139 5647 307 5717 ήθους
341 5645 750 5710 ἀπολαύσαντες
776 5647 1153 5713 διδασκαλίας,
1187 5648 1358 5712 οὔτως
1393 5649 1574 5702 οἴκαδε
1611 5651 1820 5720 ἀναχω-

142 5736 368 5805 ρήσητε.
387 5733 549 5800 Αὕτη
571 5735 609 5802 ἠ
629 5732 868 5801 βίϐλος,
905 5737 1059 5807 φησὶ,
1087 5735 1378 5806 γενέσεως
1405 5736 1749 5804 ἀνθρώπων,
1779 5735 1818 5812 ᾖ

139 5827 334 5896 ἡμέρᾳ
365 5827 658 5897 ἐποίησεν
682 5832 716 5884 ό
744 5819 885 5898 Θεὸς
916 5830 1022 5884 τὸν
1056 5830 1235 5899 Ἀδὰμ
1265 5829 1392 5884 κατ’
1429 5828 1631 5882 εἰκόνα
1664 5830 1814 5886 Θεοῦ

200 5948 221 5973 a
257 5936 384 5995 Περι.
423 5949 550 5984 unus
591 5937 811 5992 πλοῦτος.
900 5935 926 5973 δ
951 5938 1046 5985 Alii
1069 5937 1517 5993 αότίιιηῐπολλείκις.

201 6001 220 6028 ε
256 5997 427 6046 Mure).
456 5998 520 6052 εἷς
544 6001 660 6046 πολὺ
687 6001 838 6060 βάθος.
870 5998 1003 6046 [nus
1027 6012 1122 6046 mss
1169 6002 1229 6048 εἷς
1254 6003 1407 6060 (ἀρα.

1225 309 1290 364 ΙΝ
1327 312 1476 366 CAP.
1525 311 1566 364 \I
1609 310 1693 366 ET
1737 310 1822 366 Vl.
1869 308 2114 365 GI'INES.
2155 307 2387 361 IIOMIL.
2433 308 2574 365 XXI.

3536 313 3633 365 I76

1916 479 1921 482 .
1963 433 2252 497 ἐποίησεν
2290 430 2495 484 αὐτόν·
2533 429 2841 496 ἅρσενκαὶ
2873 427 3032 496 θῆλυ
3058 427 3350 493 ἐποίησεν
3390 427 3630 492 αὐτούς.

1960 520 2069 574 Καὶ
2103 519 2455 588 ἐπωνόμασε
2484 518 2548 570 τὸ
2593 517 2779 586 ὄνομα
2808 517 3006 570 αὐτῶν
3029 515 3055 554 ιι
3105 514 3306 582 Ἀδὰμ,
3361 507 3400 584 ᾖ
3443 513 3631 583 ἡμέρᾳ

1959 607 2249 673 ἐποίησεν
2285 605 2528 669 αὐτούς.
2557 604 2668 658 Θέα
2692 621 2781 674 μοι
2801 603 2895 657 τοῦ
2925 602 3240 674 θαυμαστοῦ
3274 602 3465 655 τούτου
3495 619 3628 672 προ-

1960 694 2139 766 φήτοο
2153 693 2251 764 τήν
2277 692 2515 763 σύνεσιν·
2552 693 2753 763 μᾶλλον
2784 692 2841 747 δέ
2868 691 2960 745 τοῦ
2988 691 3144 760 ἁγίου
3177 690 3493 761 Πνεύματος
3530 693 3628 760 τὴν

1955 782 2320 848 διδασκαλίαν.
2392 782 2630 836 Ἐκεῖθεν
2679 782 2787 854 γὰρ
2823 780 3182 852 ἐνηχούμενος
3233 782 3447 835 ᾶπαντα
3496 782 3629 852 ήμῖν

1958 870 2281 940 φθέγγεται,
2319 871 2414 922 καὶ
2447 869 2544 939 τὴν
2574 870 2820 937 γλῶτταν
2855 869 2955 940 μέν
2982 865 3137 932 οὗτος
3166 869 3458 932 ἐδάνεισεν,
3507 869 3539 938 ἡ
3572 869 3629 921 δὲ

1955 957 2049 1011 τοῦ
2076 956 2392 1026 Πνεύματος
2425 958 2583 1026 χάρις
2612 957 2790 1009 πάντα
2821 955 3010 1023 σαφῶς
3044 954 3131 1008 διὰ
3159 954 3350 1008 τούτου
3373 953 3472 1026 τὴν
3499 956 3630 1026 ήμε-

1955 1045 2120 1114 τέραν
2146 1044 2387 1114 διδάσκει
2417 1046 2599 1112 φύσιν.
2628 1043 2824 1095 Σκόπει
2864 1041 3043 1096 τοίνυν
3074 1041 3190 1104 πῶς
3219 1042 3299 1104 εἰς
3330 1039 3505 1112 ἀρχὴν
3534 1041 3627 1094 τὸν

1955 1133 2112 1200 λόγον
2143 1133 2411 1204 ἀνήγαγε,
2445 1133 2537 1186 καὶ
2565 1130 2790 1195 ἀνωθεν,
2809 1130 2884 1195 ώς
2915 1132 3110 1195 είπεῖν,
3138 1130 3298 1184 πάλιν
3320 1131 3416 1202 τὴν
3438 1131 3627 1202 διήγη-

1957 1238 2041 1273 σιν
2071 1221 2403 1292 ποιήσασθαι
2435 1220 2588 1293 [182]
2617 1220 2886 1290 βούλεται.
2913 1219 3068 1283 Τίνος
3098 1219 3281 1273 ἕνεκεν
3307 1220 3400 1271 καὶ
3425 1219 3510 1272 διὰ
3538 1218 3625 1286 τί;

1967 1308 2184 1380 Ἐπειδὴ
2215 1309 2324 1378 γάρ
2349 1305 2459 1378 εἶδε
2487 1309 2612 1372 τοὺς
2641 1308 2742 1379 ήδη
2775 1307 3068 1377 γεγονότας
3097 1306 3294 1378 πολλήν
3324 1306 3421 1378 τὴν
3451 1311 3627 1375 ἀγνω·

1955 1395 2195 1466 μοσύνην
2223 1395 2682 1467 ἐπιδειξαμένους,
2724 1395 2818 1449 καὶ
2863 1395 2996 1465 μηδέ
3029 1397 3140 1458 τοῖς
3172 1396 3251 1456 εἰς
3285 1395 3375 1447 τὸν
3410 1394 3624 1464 πρωτό-

1953 1485 2191 1550 πλαστον
2225 1485 2613 1555 γεγενημένοις
2655 1483 3153 1556 σωφρονισθέντας,
3185 1481 3301 1535 ἀλλ’
3337 1484 3415 1547 είς
3461 1481 3624 1535 αὑτὸν

1950 1573 2042 1628 τὸν
2074 1574 2318 1646 κρημνὸν
2346 1571 2446 1642 τῆς
2477 1571 2674 1646 κακίας
2724 1571 3170 1642 κατενεχθένταςο
3214 1571 3244 1624 ὅ
3285 1587 3344 1623 τε
3388 1571 3496 1641 γὰρ
3533 1571 3624 1623 ὑπ’

1951 1661 2116 1715 αὐτοῦ
2145 1659 2357 1732 τεχθεὶς
2393 1660 2598 1730 εὐθέως
2627 1659 2716 1714 διά
2758 1659 3057 1734 βασκανίαν
3088 1660 3167 1722 είς
3206 1657 3620 1728 ἀδελφοκτονίαν

1950 1749 2200 1838 ὥρμησε⁶
2232 1746 2314 1803 διὸ
2335 1748 2436 1838 καίἶ
2599 1747 3127 1838 τιμωρίανᾼέκείνην
3301 1746 3621 1838 χαλεπωτά-

1947 1854 2047 1908 την
2075 1835 2311 1904 ἐδέξατο,
2343 1834 2523 1904 καθὼς
2552 1835 2853 1903 φθάσαντες
2875 1833 3195 1904 ἐδιδάξαμεν
3217 1833 3618 1905 τὴνῖὒμετέραν

1948 1925 2190 1997 ἀγάπηνο
2225 1921 2346 1980 εἶτα
2378 1923 2537 1990 πάλιν
2579 1923 2630 1976 οί
2677 1925 2793 1995 μετ’
2825 1925 3049 1987 ἐκεῖνον,
3083 1922 3203 1976 ούδέ
3225 1925 3294 1993 τῇ
3322 1921 3510 1974 τούτου
3546 1938 3619 1973 τι-

1954 2013 2138 2084 μωρία
2183 2011 2675 2084 σωφρονισθέντες,
2717 2010 2920 2082 χείροσι
2958 2012 3148 2072 κακοῖς
3195 2009 3420 2073 ἑαυτοὺς
3465 2026 3622 2079 περι-

1953 2101 2176 2166 έϐαλον,
2203 2101 2456 2173 καθάπερ
2483 2099 2754 2171 ἠκούσατε
2779 2098 2906 2170 χθὲς
2935 2097 3030 2152 τοῦ
3061 2099 3249 2169 Λάμεχ
3279 2096 3378 2168 τὴν
3417 2093 3620 2150 οἰκείαν

1949 2189 2224 2260 ἁμαρτίαν
2259 2188 2617 2260 διηγουμένου
2663 2189 2786 2251 ταῖς
2819 2186 3016 2241 ἐαυτοῦ
3061 2185 3280 2256 γυναιξὶ
3303 2225 3318 2250 ,
3357 2185 3451 2238 καὶ
3497 2184 3620 2250 καθ’

1946 2276 2141 2330 ἑαυτοῦ
2189 2281 2250 2331 τὸ
2291 2276 2568 2347 ἐπιτίμιον
2596 2275 2885 2348 ὁρίζοντοςο
2926 2275 3048 2329 ἐπεὶ
3077 2275 3218 2330 κατά
3256 2275 3450 2347 μικρὸν
3483 2270 3620 2325 εἶδεν

1945 2362 2318 2436 αὐξανομένην
2338 2363 2517 2419 αὐτῶν
2543 2363 2638 2435 τὴν
2666 2364 2862 2418 κακίαν
2897 2363 3152 2434 καθάπερ
3178 2353 3356 2434 ῥεῦμα
3385 2359 3620 2430 πονηρὸν

1949 2450 2142 2522 μέλλον
2171 2451 2314 2506 κατά
2341 2452 2540 2515 παντὸς
2561 2451 2860 2523 διατρέχειν
2889 2450 2980 2504 τοῦ
3002 2450 3274 2522 σώματος,
3307 2450 3487 2518 ἵστησι
3517 2447 3618 2515 τῆς

1947 2540 2146 2604 κακίας
2180 2540 2278 2610 τὴν
2309 2540 2500 2612 φοράν,
2541 2542 2634 2593 καὶ
2666 2541 2764 2602 τὰς
2811 2538 3001 2608 γενεάς
3033 2529 3470 2602 ταύτας”λοιπὺν
3517 2535 3615 2599 τὰς

1945 2629 2011 2682 ἐκ
2041 2628 2135 2681 τοῦ
2167 2627 2301 2683 Κάῖν
2337 2629 2498 2699 μέχρι
2536 2627 2630 2680 τοῦ
2669 2627 2863 2698 Λάμεχ
2903 2627 3202 2697 γενομένας
3229 2615 3364 2680 ὀύδέ
3395 2625 3615 2696 μνήμης

1945 2717 2103 2782 ἀξιοῖ,
2135 2717 2250 2772 ἀλλ’
2277 2717 2467 2788 ὥσπερ
2498 2719 2673 2788 ἀρχήν
2694 2734 2813 2770 τινα
2842 2713 3186 2786 ποιούμενος,
3212 2717 3305 2768 καὶ
3335 2714 3392 2766 τὸ
3419 2713 3616 2775 πένθος

1943 2806 2038 2860 τοῦ
2081 2805 2255 2877 Ἀδάμ
2289 2808 2382 2860 καὶ
2422 2808 2520 2876 τῆς
2560 2805 2704 2870 Εὔας
2739 2805 3240 2877 παραμυθήσασθαι
3269 2803 3614 2874 βουλόμενος,

1943 2888 1988 2966 ᾧ
2027 2895 2340 2965 περιϐαλεῖν
2391 2895 2591 2958 αὐτοὺς
2641 2894 2938 2964 ἐτόλμησεν
2983 2895 3010 2946 ὁ
3062 2891 3466 2967 ἀδελφοκτόνος,
3515 2889 3613 2959 τήν

1943 2983 2122 3053 δεξιάν
2170 2983 2396 3049 ὁπλίσας
2445 2985 2587 3038 κατά
2627 2982 2720 3036 τοῦ
2754 2981 2954 3045 Ἀϐελ,
3005 2981 3182 3044 οὔτως
3234 2981 3463 3052 ἄρχεται
3514 2979 3612 3048 τῆς

1941 3073 2245 3144 διηγήσεως
2267 3115 2282 3137 ,
2312 3074 2406 3128 καί
2439 3089 2624 3144 φησιν’
2651 3071 2814 3140 Αὕτη
2852 3071 2890 3139 ἡ
2928 3071 3146 3136 βίϐλος
3181 3066 3472 3140 γενέσεως
3503 3067 3610 3121 ἀι·-

1943 3161 2204 3229 θρώπων,
2234 3156 2275 3234 ᾗ
2303 3159 2491 3230 ἡμέρᾳ
2525 3161 2816 3228 ἐποίησεν
2844 3162 2876 3214 ό
2923 3157 3070 3225 Θεὸς
3113 3157 3221 3211 τὸν
3262 3155 3454 3226 Ἀδὰμ,
3487 3154 3612 3208 κατ’

1939 3253 2146 3306 εἰκόνα
2169 3251 2320 3306 Θεοῦ
2349 3251 2639 3318 ἐποίησεν
2671 3251 2880 3305 αὐτόν’
2903 3249 3093 3318 ἄρσεν
3114 3247 3211 3301 καί
3246 3245 3403 3314 θῆλυ
3423 3245 3617 3310 ἐποίη-

1939 3355 2054 3394 σεν
2084 3341 2326 3406 αὐτούς·
2357 3339 2456 3394 καί
2490 3341 2844 3409 ἐπωνόμασε
2874 3338 2939 3393 τὸ
2965 3338 3153 3407 ὄνομα
3176 3333 3378 3390 αὐτῶν
3410 3334 3612 3403 Ἀδὰμ,

1937 3423 1978 3500 ᾖ
2010 3427 2201 3498 ἡμέρᾳ
2228 3429 2520 3496 ἐποίησεν
2550 3428 2795 3494 αὐτούς.

2011 3515 2076 3587 β’.
2109 3516 2307 3584 Σκόπει
2329 3516 2446 3579 πῶς
2490 3519 2603 3578 τοῖς
2625 3515 2808 3578 αὐτοῖς
2840 3513 3358 3586 ρήμασικέχρηταε,
3406 3509 3480 3569 ώς
3521 3510 3614 3563 καὶ

1938 3605 1996 3658 ἐν
2027 3604 2332 3675 προοιμίοις
2355 3644 2371 3671 ,
2408 3604 2493 3656 ῖνα
2537 3603 2722 3673 διδάξῃ
2773 3603 2940 3672 ἡμᾶς,
2973 3602 3055 3654 ὅτι
3090 3601 3166 3664 ὡς
3196 3597 3486 3668 ἀδοκίμους
3532 3613 3614 3665 γε-

1937 3694 2169 3764 νομένας
2199 3693 2296 3756 τὰς
2333 3692 2521 3761 γενεὰς
2559 3693 2775 3755 ἐκείνας
2796 3691 2916 3745 ούδέ
2964 3692 3184 3761 μνήμης
3232 3688 3420 3741 λοιπὸν
3449 3685 3609 3754 ἀξιοῖ,

1936 3784 2050 3839 ἀλλ’
2081 3788 2145 3838 ἐκ
2193 3784 2286 3838 τοῦ
2315 3783 2410 3838 νῦν
2439 3783 2750 3854 τεχθέντος,
2783 3782 2878 3836 τοῦ
2925 3781 3031 3852 Σὴθ
3059 3781 3208 3849 λέγων
3229 3819 3244 3848 ,
3290 3777 3388 3848 τῆς
3421 3794 3612 3845 γενεαο

1935 3873 2120 3942 λογίας
2151 3873 2397 3944 ἄρχεται,
2431 3872 2518 3925 ἵνα
2548 3870 2643 3924 καὶ
2676 3872 2740 3924 ἐκ
2773 3869 2964 3924 τούτου
2996 3868 3193 3939 μάθῃς,
3225 3867 3347 3928 ὅσος
3381 3865 3458 3935 τῷ
3491 3864 3610 3934 Θεῴ

1935 3963 2093 4032 λόγος
2116 3964 2214 4034 τῆς
2247 3962 2598 4031 ἀνθρωπίνης
2642 3960 2880 4030 φύσεως,
2911 3961 3005 4014 καὶ
3029 3961 3177 4022 ὅπως
3203 3958 3607 4028 ἀποστρέφεται

1934 4052 2061 4115 τοὺς
2104 4037 2327 4122 φονικὴν
2376 4051 2599 4120 ἔχοντας
2628 4051 2728 4121 τὴν
2761 4049 3010 4121 γνώμην.
3071 4049 3158 4112 Ὦς
3195 4045 3303 4118 γὰρ
3338 4045 3472 4118 μηδέ
3501 4061 3607 4097 πια-

1936 4139 2244 4210 ραχθέντων
2283 4138 2468 4190 λοιπὸν
2508 4138 2734 4191 ἐκείνων
2779 4139 2859 4201 είς
2899 4139 2991 4191 τὸν
3037 4136 3170 4206 βίον,
3205 4134 3380 4197 οὕτως
3427 4132 3607 4186 αὐτῶν

1932 4230 2032 4300 τὴν
2058 4227 2283 4299 γνώμην
2313 4227 2747 4298 παραλιμπάνει,
2777 4228 2995 4291 δεικνὺς
3024 4229 3180 4297 ἡμῖν,
3207 4224 3474 4278 ὄσονέστὶ
3509 4239 3606 4277 κα-

1933 4315 2026 4370 κία
2062 4316 2316 4386 χαλεπὸν,
2357 4315 2451 4368 καὶ
2475 4317 2556 4369 ὅτι
2586 4317 2796 4383 ἐαυτοῖς
2822 4315 2893 4368 τά
2923 4315 3154 4386 μέγιστα
3181 4313 3533 4384 λυμαίνονται
3557 4314 3605 4365 οί

1931 4407 2134 4478 ταύτην
2159 4407 2549 4479 ἀσπαζόμενοι.
2589 4407 2722 4461 Ἰδοὺ
2757 4405 2865 4478 γὰρ
2889 4401 3033 4462 οὗτοι
3063 4406 3161 4476 μὲν
3183 4402 3278 4457 τοῦ
3303 4403 3604 4472 καταλόγου

1931 4497 2117 4552 λοιπὸν
2145 4495 2536 4566 ἐξαλείφονται,
2569 4497 2662 4550 ἐπὶ
2679 4495 2934 4550 τοσοῦτον
2958 4495 3016 4548 δε
3051 4495 3272 4566 μνήμης
3291 4491 3603 4562 ἠξιώθησαν

1935 4588 2115 4656 μόνον,
2149 4584 2290 4638 ὥστε
2323 4585 2423 4652 τὴν
2450 4585 2651 4639 κακίαν
2681 4583 2864 4638 αὐτῶν
2893 4583 3300 4656 στηλιτεύεσθαι
3321 4621 3336 4645 ,
3363 4582 3459 4634 καὶ
3485 4583 3605 4641 ταῖς

1931 4676 2010 4738 είς
2039 4673 2100 4726 τὸ
2132 4672 2259 4743 ἐξῆς
2283 4675 2499 4742 γενεαῖς
2532 4672 2786 4741 γενέσθαι
2816 4670 3200 4744 σωφρονισμοῦ
3225 4670 3502 4723 ὑπόθεσιν.
3546 4671 3603 4718 ὐ

1930 4761 1986 4814 δὲ
2029 4761 2230 4824 ἀδίκως
2277 4761 2624 4832 ἀναιρεθεὶς,
2661 4761 2758 4815 καὶ
2810 4761 2917 4815 ὑπὸ
2948 4760 3048 4829 τῆς
3081 4758 3381 4827 ἀδελφικῆς
3421 4755 3601 4826 χειρὸς

1931 4849 2234 4922 φονευθεὶς,
2274 4849 2333 4915 ἐξ
2382 4849 2589 4903 ἐκείνου
2630 4849 2791 4920 μέχρι
2833 4848 2928 4902 τοῦ
2973 4848 3066 4904 νῦν
3115 4850 3172 4900 ἐν
3206 4849 3318 4908 τοῖς
3350 4845 3602 4898 ἀπάντων

1930 4940 2110 5012 ᾅδεται
2150 4941 2402 5009 στόμασι,
2443 4939 2537 4992 καὶ
2573 4939 2697 4992 οὔτε
2733 4941 2761 4991 ὀ
2805 4938 2994 5007 χρόνος
3025 4934 3215 4989 τούτου
3245 4934 3346 5003 τὴν
3382 4937 3601 5003 μνήμην

1929 5029 2171 5090 ἔσϐεσεν,
2200 5027 2322 5080 οὒτε
2353 5027 2562 5080 ἐκείνου
2599 5026 2697 5097 τὴν
2744 5023 3080 5096 κατηγορίαν
3110 5022 3435 5091 ύπετέμετο,
3468 5019 3603 5074 ἀλλὰ

1931 5117 2024 5170 καὶ
2069 5109 2226 5180 οὗτος
2258 5115 2378 5169 καθ’
2409 5114 2648 5184 ἑκάστην
2692 5114 2905 5184 ἡμέραν
2949 5111 3101 5182 παρά
3149 5111 3364 5164 πάντων
3395 5111 3601 5180 ἀνακη-

1931 5207 2201 5280 ρύττεται,
2227 5206 2322 5258 καὶ
2351 5204 2556 5267 ἐκεῖνος
2583 5201 2848 5272 διηνεκῶς
2890 5200 3268 5271 στηλιτεύεται

2006 5293 2187 5346 Είδετε
2220 5294 2318 5362 ὅση
2348 5293 2445 5362 τῆς
2479 5291 2674 5354 κακίας
2702 5293 2732 5360 ή
2759 5289 2924 5360 λύμη,
2963 5291 3052 5342 καὶ
3080 5291 3179 5359 ὅση
3205 5289 3301 5358 τῆς
3335 5289 3533 5359 ἀρετῆς
3565 5289 3597 5357 ή

1929 5383 2100 5452 ξσχὺς,
2123 5382 2215 5435 καὶ
2235 5382 2382 5444 ὅπως
2406 5382 2438 5451 ή
2466 5380 2586 5451 μὲν,
2613 5380 2706 5432 καὶ
2730 5378 3043 5448 πολεμοῦσα
3071 5379 3162 5430 καὶ
3185 5375 3595 5447 περιγινομένη,

1927 5473 2209 5528 σϐέννυταί
2236 5491 2294 5527 τε
2324 5474 2418 5527 καὶ
2446 5469 2789 5540 ἀφανίζεται,
2816 5473 2849 5540 ἡ
2870 5469 2949 5535 δὲ,
2978 5469 3071 5523 καὶ
3096 5469 3475 5538 πολεμουμένη
3503 5467 3597 5519 καὶ

1922 5566 1989 5620 τὰ
2024 5565 2190 5636 μυρία
2219 5562 2366 5615 δεινά
2393 5560 2759 5630 ὑπομένουσα,
2795 5559 2967 5631 ταύτῃ
3001 5558 3200 5628 μᾶλλον
3230 5558 3323 5609 καὶ
3349 5555 3596 5624 λαμπρο-

1922 5655 2054 5726 τέρα
2087 5653 2179 5706 καὶ
2219 5650 2546 5721 φαιδροτέρα
2580 5651 2788 5718 γίνεται
2812 5667 2825 5715 ;
2864 5649 2972 5700 Καὶ
3001 5648 3128 5717 ἐνῆν
3155 5646 3252 5716 μὲν
3281 5648 3375 5698 καὶ
3401 5642 3460 5707 ἐξ
3479 5643 3598 5695 ἑτέ-

1923 5762 2032 5816 ρων
2084 5739 2426 5812 πραγμάτων
2469 5740 2670 5810 ὁμοίως
2719 5737 3049 5808 συμϐάντων
3097 5734 3256 5788 τοῦτο
3289 5733 3460 5798 δεῖξαι
3497 5728 3592 5784 νῦν

1991 6000 2016 6040 δ
2041 6005 2213 6062 Qualm
2234 6015 2256 6051 1·
2275 6015 2389 6050 mss.
2415 6002 2467 6049 τὸ
2506 6003 2654 6058 ὄνομα
2675 5996 2837 6048 αὐτοῦ.
