3796 6244
169 278 265 330 177

162 386 433 445 etdarior
451 389 477 441 ?
504 388 771 444 Etliceret
799 389 1011 459 quidem
1037 388 1139 444 hoe
1172 390 1330 445 etiam
1348 406 1413 445 ex
1438 389 1558 445 aliis
1580 387 1744 459 gestis

160 494 278 547 quae
317 478 570 534 similiter
599 488 890 534 evenerunt
928 478 1136 534 caritati
1176 488 1369 535 vestra:
1412 479 1693 536 oatcndere
1724 496 1739 537 :

160 569 255 623 sed
270 584 340 624 ne
364 570 437 624 ab
464 571 707 625 instituto
717 571 1291 641 nostrodigrediamur,
1312 587 1409 643 age
1429 571 1606 627 denuo
1625 586 1743 639 quae

156 660 298 714 dicta
322 668 457 716 sunt
478 670 802 731 repetamus.
851 661 957 717 Iste
983 672 1057 717 est
1081 664 1205 718 liber
1227 663 1557 734 generationis
1583 662 1743 715 homi-

156 767 295 816 num,
338 752 427 805 die
459 769 560 822 quo
586 754 703 823 fecit
742 752 880 808 Deus
917 753 1082 807 Adam
1108 795 1125 821 ,
1155 755 1429 809 secundum
1475 755 1742 824 imaginem

157 844 248 898 Dei
290 846 416 917 fecit
440 846 631 911 illum;
672 846 953 900 masculum
991 856 1040 900 et
1082 847 1322 917 feminam
1368 847 1485 917 fecit
1510 846 1627 900 illos
1650 860 1669 910 ,‘
1694 858 1743 900 et

132 920 432 1008 'eppellavit
451 954 633 992 nomen
658 954 829 992 eorum
856 939 1036 1006 Adam,
1063 938 1144 993 die
1168 956 1267 1010 quo
1295 940 1413 1011 fecit
1439 940 1574 994 illos.
1606 939 1739 994 Vide

149 1028 424 1098 quomodo
450 1030 646 1085 iterum
672 1030 980 1085 narratione
1007 1030 1081 1085 ab
1107 1031 1259 1084 initio
1285 1029 1531 1099 repetita,
1566 1029 1739 1084 divina

148 1119 429 1188 Scriptum
476 1120 631 1175 nobis
676 1129 1061 1176 commemorat
1107 1133 1361 1191 quantum
1401 1122 1656 1176 honorem
1709 1135 1737 1173 a

147 1210 448 1265 Conditore
479 1211 700 1267 sortitus
728 1212 798 1267 sit
845 1211 1029 1267 homo.
1072 1212 1169 1267 Die
1215 1228 1333 1283 quo,
1386 1213 1594 1282 inquit,
1626 1212 1741 1283 fecit

148 1302 346 1369 Adam,
374 1302 653 1357 secundum
697 1303 969 1373 imaginem
997 1302 1093 1359 Dei
1141 1305 1255 1376 fecit
1299 1305 1443 1359 illum
1472 1320 1493 1358 :
1515 1303 1618 1359 hoc
1656 1310 1741 1359 est

146 1394 452 1464 principem
500 1395 649 1449 illum
694 1396 967 1451 constituit
994 1396 1233 1451 omnium
1274 1395 1585 1451 visibilium.
1628 1393 1740 1449 lloc

144 1484 287 1539 enim
337 1493 425 1539 cst
460 1484 754 1539 Secundum
807 1486 1097 1555 imaginem,
1142 1485 1432 1543 secundum
1478 1486 1736 1541 rationem

144 1575 373 1630 dominii
400 1583 458 1631 et
476 1576 825 1647 principatus.
852 1576 983 1633 Nam
1013 1578 1154 1633 sicut
1178 1577 1415 1631 omnium
1436 1576 1577 1631 Deus
1593 1576 1737 1647 prin-

143 1667 381 1736 cipatum
413 1667 577 1723 habet
602 1683 764 1738 super
787 1669 964 1747 omnig
988 1678 1094 1724 tam
1118 1668 1345 1725 visibilia
1365 1683 1526 1740 quam
1549 1667 1731 1724 invisi-

143 1758 293 1825 bilia,
330 1759 426 1829 qui
453 1759 693 1813 omnium
738 1759 981 1813 conditor
1007 1769 1062 1815 et
1087 1759 1261 1829 epifex
1293 1767 1375 1815 est
1401 1776 1418 1813 :
1445 1760 1523 1815 sic
1543 1767 1735 1815 etcum

144 1848 407 1903 formavit
427 1850 687 1905 rationale
716 1850 818 1905 hoc
845 1850 1063 1916 animal,
1096 1850 1263 1904 voluit
1286 1851 1525 1906 omnium
1555 1851 1737 1906 visibi-

146 1940 277 1995 lium
303 1941 628 2011 prazfeetura
651 1942 856 2012 insigne
878 1956 1017 1997 esse.
1040 1941 1269 1998 Proinde
1296 1950 1351 1998 et
1384 1942 1578 1997 animae
1606 1941 1734 1996 sub-

139 2034 399 2088 stantiam
428 2034 507 2089 illi
552 2032 772 2104 largitus
799 2043 901 2100 est,
942 2034 1126 2090 volens
1166 2035 1337 2105 ipsum
1380 2036 1733 2091 immortalem

153 2139 278 2180 esse
319 2134 379 2181 et
409 2133 725 2195 perpetuum
750 2141 769 2181 :
794 2140 980 2181 verum
1009 2126 1096 2181 ubi
1125 2142 1221 2197 per
1242 2127 1497 2183 desidiam
1518 2129 1730 2197 excidit,

136 2224 193 2270 et
220 2227 591 2286 transgressus
618 2223 701 2272 est
724 2216 1028 2273 mandatum
1045 2218 1146 2273 sibi
1165 2217 1435 2286 traditum,
1460 2234 1632 2289 neque
1644 2220 1721 2275 sic

135 2305 372 2360 omnino
398 2307 569 2376 ipsum
595 2314 870 2364 aversatus
891 2309 1027 2364 est?
1048 2308 1142 2365 sed
1169 2324 1265 2380 pro
1292 2324 1390 2365 sua
1419 2311 1725 2367 misericor-

137 2396 230 2450 dia
258 2397 724 2453 immortalitatem
750 2399 962 2469 quidem
990 2399 1066 2455 illi
1110 2400 1330 2466 ademit,
1353 2411 1526 2457 morte
1553 2412 1729 2458 autem

135 2486 455 2543 damnatum
479 2489 534 2544 in
552 2490 743 2545 eodem
770 2490 939 2547 ferme
962 2492 1257 2562 principatu
1280 2493 1509 2565 reliquit.
1531 2494 1732 2550 Deinde

143 2593 269 2632 cum
312 2579 361 2633 is
383 2580 476 2649 qui
502 2594 567 2636 ex
603 2580 696 2636 illo
719 2591 876 2637 natus
904 2591 1020 2638 erat
1054 2584 1106 2638 in
1136 2591 1334 2638 tantam
1364 2585 1602 2655 prorupit
1652 2587 1731 2639 in-

136 2668 374 2734 saniam,
406 2678 466 2725 ut
488 2672 690 2741 primus
719 2672 905 2728 mortis
933 2674 1166 2744 speciem
1190 2675 1487 2743 inveheret,
1520 2678 1728 2734 violen-

143 2770 256 2815 tam
284 2762 437 2816 illam
469 2762 672 2818 eadem
698 2763 994 2831 exhiberet,
1036 2780 1100 2822 ac
1124 2766 1255 2821 οωᾶί
1284 2767 1612 2823 mendacium
1639 2784 1729 2823 co-

140 2854 360 2924 pulans,
377 2870 622 2925 magnam
645 2849 1037 2927 improbitatem
1060 2873 1169 2928 pra:
1193 2873 1252 2913 se
1274 2858 1454 2922 ferret,
1480 2859 1725 2914 diuturna

137 2946 491 3015 castigatione
516 2947 801 3002 emendare
826 2946 978 3002 illum
1003 2948 1188 3011 voluit,
1217 2958 1276 3002 ut
1302 2964 1405 3003 non
1434 2949 1606 3004 solum
1635 2949 1725 3003 ille

137 3037 347 3091 lucrum
375 3037 573 3093 faceret
594 3052 660 3094 ex
676 3038 740 3093 iis
764 3054 881 3108 quae
907 3040 1004 3108 ipsi
1018 3039 1410 3110 contingebant,
1436 3040 1529 3095 sed
1547 3048 1602 3095 et
1628 3056 1724 3110 po-

135 3138 314 3183 steros
339 3127 557 3184 doceret
578 3129 980 3185 commissorum
1002 3129 1438 3200 magnitudinem,
1461 3139 1514 3185 et
1542 3130 1727 3200 ingen-

137 3228 245 3275 tem
293 3220 516 3276 sceleris
558 3220 868 3277 fmditatem.
908 3222 1172 3277 Caeterum
1220 3222 1343 3294 quia
1386 3238 1497 3294 prae
1537 3239 1724 3295 magna

137 3311 350 3380 ignavia
374 3311 571 3380 posteri
589 3327 798 3382 quoque
818 3312 960 3367 illius
979 3313 1227 3384 paulatim
1250 3314 1302 3367 in
1322 3315 1565 3384 graviora
1587 3315 1721 3369 mala

133 3402 386 3468 ruebant,
407 3404 608 3469 volens,
632 3412 689 3459 ut
708 3405 778 3459 ita
795 3404 989 3472 dicam,
1012 3406 1172 3461 solari
1196 3406 1479 3471 Adamum,
1503 3407 1592 3479 qui
1617 3423 1721 3461 non

132 3494 310 3549 solum
339 3495 410 3549 ob
429 3510 577 3549 suam
599 3497 1074 3567 transgressionem
1093 3498 1225 3554 adeo
1250 3500 1526 3563 maerebat,
1551 3499 1645 3555 sed
1668 3509 1724 3554 et

132 3587 203 3640 ob
224 3586 486 3657 flagitium
502 3588 653 3641 Caini
670 3589 722 3643 in
743 3590 885 3643 luctu
902 3589 1217 3647 intolerabili
1234 3591 1562 3657 versabatur,
1581 3592 1721 3662 quod

130 3678 245 3733 suis
277 3678 393 3748 ipse
440 3679 609 3734 oculis
642 3694 839 3736 caesum
881 3681 1015 3736 Abel
1042 3682 1263 3738 vidisset
1304 3698 1525 3753 :neque
1574 3684 1716 3739 enim

133 3772 331 3827 mortis
357 3773 591 3841 speciem
621 3773 878 3838 sciebant,
904 3775 1110 3830 tametsi
1136 3776 1238 3830 lata
1259 3784 1402 3832 esset
1420 3778 1681 3832 sententia
1704 3795 1715 3830 :

134 3863 278 3919 unde
302 3872 358 3918 et
376 3863 572 3932 duplex
603 3864 677 3919 illi
701 3880 764 3919 ac
796 3865 985 3935 triplex
1014 3866 1185 3922 luctus
1222 3867 1427 3931 aderat,
1458 3869 1579 3938 quia
1612 3868 1721 3937 pri-

133 3970 284 4010 mum
308 3954 557 4009 viderunt
582 3964 807 4011 mortem
836 3957 889 4011 in
913 3958 1073 4012 vitam
1117 3958 1493 4025 introductam,
1526 3968 1582 4014 et
1607 3958 1721 4012 vio-

133 4046 339 4103 lentam
364 4054 612 4114 mortem,
643 4056 699 4102 et
721 4062 750 4101 a
778 4048 885 4102 lilio
909 4057 1285 4119 perpetratam,
1335 4059 1391 4105 et
1419 4050 1469 4103 in
1498 4049 1714 4104 fratrem

130 4138 328 4194 eodem
374 4145 527 4208 patre
571 4137 864 4209 eademque
909 4152 1078 4196 matre
1118 4150 1320 4207 natum,
1352 4143 1441 4212 qui
1486 4143 1615 4196 nihil
1643 4142 1718 4197 illi

132 4229 347 4299 injuriae
376 4229 645 4284 intulisset
675 4248 693 4284 :
716 4230 903 4285 volens
922 4246 1049 4300 ergo
1077 4232 1336 4303 benignus
1365 4233 1504 4290 Deus
1536 4248 1717 4304 parem

131 4319 416 4377 doloribus
438 4318 627 4375 afferre
651 4322 1089 4388 consolationem,
1115 4326 1277 4380 alium
1308 4326 1382 4380 illi
1412 4327 1501 4382 dat
1527 4327 1714 4394 filium,

131 4413 264 4470 Seth
292 4413 574 4476 videlicet;
603 4425 765 4483 atque
793 4415 918 4470 hinc
942 4418 1039 4487 ipsi
1061 4417 1181 4472 data
1205 4417 1490 4475 sufficienti
1516 4435 1715 4477 conso-

130 4504 357 4571 latione,
379 4505 559 4564 abillo
577 4520 754 4578 postea
770 4508 1041 4578 progeniei
1058 4509 1263 4563 initium
1283 4508 1447 4564 ducit.
1470 4510 1719 4581 Propter-

128 4613 197 4655 ea
235 4599 427 4655 beatus
451 4600 707 4671 propheta
744 4602 824 4656 sic
848 4614 1070 4657 exorsus
1104 4611 1207 4665 est,
1251 4601 1433 4657 dicens
1462 4622 1473 4656 :
1512 4602 1621 4658 Iste
1643 4614 1717 4659 est

132 4688 264 4743 liber
290 4692 631 4761 generationis
678 4692 956 4747 hominum.
1010 4691 1231 4756 Deinde,
1261 4702 1317 4745 ut
1366 4694 1608 4763 promisit
1658 4710 1717 4750 se

130 4792 478 4838 narraturum
508 4784 781 4839 hominum
807 4786 1229 4856 generationem,
1280 4786 1401 4843 vide
1446 4803 1547 4857 qua
1575 4788 1716 4844 serie

130 4876 323 4929 utitur.
347 4876 403 4931 5.
444 4875 580 4930 Vixit
606 4878 769 4931 Adam
796 4878 942 4931 annis
970 4876 1195 4932 ducentis
1215 4880 1438 4949 triginta,
1468 4889 1514 4934 et
1540 4882 1713 4951 genuit

128 4968 416 5021 secundum
438 4969 652 5038 speciem
680 4984 842 5034 suam,
873 4978 923 5023 et
945 4970 1217 5024 secundum
1242 4972 1511 5042 imaginem
1538 4990 1716 5038 suam;

117 5070 164 5111 rt
204 5058 482 5127 appellavit
502 5074 682 5113 nomen
697 5060 834 5113 illius
857 5059 1003 5114 Setlt.
1029 5061 1083 5114 4.
1116 5060 1345 5114 Fuerunt
1372 5072 1535 5115 autem
1556 5064 1715 5133 ipsius

128 5151 253 5204 anni
281 5151 603 5222 septingenti,
627 5160 673 5205 et
698 5154 864 5223 genuit
890 5152 1023 5221 filios
1045 5162 1092 5206 et
1109 5153 1263 5222 ﬁlias.
1289 5154 1341 5209 5.
1369 5153 1434 5210 Et
1460 5156 1583 5224 facti
1601 5166 1716 5211 sunt

126 5256 306 5295 omnes
331 5241 438 5294 dies
462 5240 647 5307 Adam,
670 5242 793 5295 anni
817 5245 1051 5313 nongenti
1065 5245 1291 5315 triginta,
1310 5260 1357 5300 et
1373 5259 1595 5302 mortuus
1616 5259 1709 5303 est.

198 5332 256 5385 5.
292 5329 441 5387 Nihil
463 5332 652 5401 {rustra
674 5332 888 5400 positum
907 5334 959 5388 in
979 5336 1246 5405 Scriptura
1268 5353 1433 5391 sacra.
1448 5338 1715 5396 --Nonne

128 5419 270 5477 bene
284 5420 527 5475 dicebam
546 5420 599 5475 in
614 5422 833 5477 exordio
850 5425 1132 5492 sermonis,
1157 5426 1286 5481 nihil
1303 5442 1425 5484 esse
1443 5438 1640 5485 temere
1659 5438 1714 5485 et

128 5512 335 5586 alisque
356 5510 581 5565 utilitate
602 5512 653 5565 in
674 5526 823 5567 sacra
845 5514 1115 5584 Scriptura
1131 5517 1399 5586 positum?
1414 5518 1550 5573 Ecce
1568 5518 1710 5574 enim

119 5585 353 5664 ethunc
364 5610 557 5670 quanta
576 5601 843 5672 diligentia
870 5620 996 5661 usus
1016 5618 1095 5662 εει
1116 5585 1301 5663 beatus
1323 5610 1408 5665 ille
1432 5611 1706 5680 propheta.

122 5690 339 5767 Genua,
367 5691 558 5763 inquit,
580 5692 740 5748 Adam
756 5698 1027 5753 secundum
1048 5701 1262 5769 speciem
1279 5718 1438 5767 suam,
1466 5712 1511 5756 et
1535 5719 1703 5757 secuit.

1229 279 1296 335 ΙΝ
1331 279 1484 335 CAP.
1526 279 1590 334 V.
1632 279 1878 338 GENES.
1922 284 2147 343 llOMIL.
2180 286 2318 343 XXI.

3317 275 3435 332 Εἶθ’

1851 392 1976 442 dum
1988 392 2254 463 imaginem
2267 413 2429 460 suam.
2444 397 2774 467 etappellarit
2789 412 2963 451 nomen
2980 386 3120 451 nam
3136 394 3279 452 Seth.
3293 394 3423 452 Cum

1845 481 1914 537 de
1938 481 2116 551 priore
2142 484 2444 551 loqueretur
2469 484 2577 537 lilio
2597 526 2609 547 ,
2636 482 2912 539 Caiudico
2930 526 2947 551 ,
2972 484 3099 539 nihil
3131 487 3236 541 tale
3262 487 3426 557 signi-

1845 576 2023 630 ﬁcavit
2067 576 2313 630 nimirum
2348 578 2459 645 jam
2497 586 2650 633 antea
2698 578 2941 633 indicans
2964 579 3105 633 illius
3132 580 3191 633 in
3225 579 3420 635 malum

1847 668 2266 737 proclivitatcm;
2294 680 2348 724 ct
2372 670 2560 725 merito
2586 688 2599 724 :
2632 684 2735 724 non
2759 672 2898 725 enim
2927 669 3159 725 servavit
3179 682 3425 739 paternos

1846 774 2041 827 mores,
2068 762 2161 815 sed
2191 761 2522 831 protinusad
2552 763 2802 817 malitiam
2833 763 3087 833 confugit.
3122 764 3219 817 llic
3244 772 3421 818 autem

1846 850 2052 919 inquit,
2101 849 2394 905 Secundum
2452 852 2666 920 speciem
2715 862 2761 906 et
2815 854 3089 907 secundum
3155 855 3423 923 imaginem

1843 954 2023 1004 mam,
2056 940 2157 993 hoc
2194 948 2273 994 est
2297 979 2315 1006 ,
2352 941 2664 995 eorumdem
2708 957 2949 1007 morum,
2979 943 3169 1009 quibus
3208 943 3293 997 ille
3333 943 3421 1011 qui

1832 1038 2115 1100 genuerat,
2144 1040 2198 1086 et
2221 1031 2309 1101 qui
2335 1042 2574 1087 servaret
2593 1032 2807 1087 eosdem
2831 1033 3041 1087 virtutis
3065 1034 3419 1097 characteres.

1842 1121 1930 1189 qui
1962 1129 2235 1189 paternam
2268 1120 2550 1192 imaginem
2580 1122 2831 1192 operibus
2856 1124 3217 1192 exprimeret,
3247 1134 3297 1178 et
3327 1126 3416 1194 qui

1842 1225 1936 1265 sua
1968 1211 2163 1267 virtute
2190 1211 2384 1281 prioris
2422 1222 2698 1282 peccatum
2736 1227 2984 1281 reparare
3024 1213 3211 1282 possit.
3240 1213 3422 1283 Neque

1840 1300 1983 1355 enim
2031 1300 2099 1356 de
2144 1302 2510 1371 corporalibus
2557 1302 2893 1357 lineamentis
2932 1312 2985 1358 et
3028 1302 3421 1359 characteribus

1841 1390 2126 1462 Scriptura
2141 1393 2294 1449 nobis
2331 1394 2606 1450 disserens
2628 1435 2643 1460 ,
2686 1394 2850 1449 dicit:
2885 1394 3175 1449 Secundum
3204 1396 3419 1464 speciem

1839 1498 2017 1549 suam,
2061 1492 2107 1538 et
2150 1484 2425 1539 secundum
2476 1484 2743 1556 imaginem
2791 1501 2934 1539 suam
2960 1501 2980 1540 .'
3026 1485 3119 1541 sed
3162 1486 3230 1541 de
3278 1495 3421 1540 statu

1839 1576 2050 1643 animae,
2083 1584 2141 1630 ut
2181 1577 2450 1632 discamus
2492 1578 2632 1631 hunc
2671 1592 2776 1631 non
2812 1577 2970 1633 talem
3000 1594 3119 1633 esse
3158 1576 3414 1632 futurum.

1840 1664 1963 1721 ldeo
1989 1675 2045 1721 et
2072 1678 2242 1723 mater
2272 1683 2463 1722 nomen
2495 1668 2603 1722 filio
2634 1668 2912 1738 imponens
2936 1706 2953 1733 ,
2984 1682 3104 1721 cum
3129 1668 3414 1736 gratiarum

1838 1758 2046 1812 actione
2073 1759 2177 1813 hoc
2201 1775 2396 1814 nomen
2424 1759 2612 1813 indidit
2640 1777 2654 1814 :
2698 1767 2755 1815 et
2780 1774 2952 1830 neque
2980 1770 3217 1825 naturae,
3248 1775 3418 1830 neque

1838 1851 2011 1920 partui
2040 1851 2292 1906 adscribit
2320 1860 2500 1905 natum
2533 1867 2752 1921 puerum
2775 1892 2789 1916 ,
2833 1852 2926 1906 sed
2959 1850 3050 1910 Dei
3091 1853 3293 1907 virtuti.
3325 1854 3415 1907 Illa

1837 1943 1979 1998 enim
2009 1951 2249 1998 naturam
2291 1943 2592 1999 fecundavit
2632 1942 2955 2012 adepartum,
2983 1951 3037 1997 et
3066 1946 3141 1997 ait
3169 1961 3183 1997 :
3213 1941 3415 2014 Cogno-

1835 2033 2040 2087 minavit
2066 2050 2248 2089 nomen
2274 2033 2565 2089 illiusSetIt
2585 2074 2601 2100 ,
2632 2034 2799 2088 dicens
2822 2049 2841 2087 :
2866 2032 3115 2087 Excitavit
3140 2035 3272 2088 enim
3291 2034 3415 2089 mihi

1833 2123 1974 2178 Deus
2013 2141 2180 2178 semen
2220 2124 2361 2178 aliud
2403 2141 2494 2195 pro
2521 2124 2672 2188 Abel,
2712 2139 2857 2192 quem
2894 2124 3074 2177 occidit
3108 2123 3232 2178 Cain
3258 2122 3410 2197 (Gen.

1835 2219 1889 2273 4.
1915 2218 2030 2289 25).
2059 2216 2192 2272 Vide
2218 2217 2363 2272 verbi
2389 2217 2736 2286 diligentiam.
2764 2214 2879 2270 Non
2904 2214 3075 2271 dixit:
3106 2215 3258 2269 Dedit
3282 2216 3412 2270 mihi

1836 2309 2007 2364 Deus:
2042 2307 2157 2375 sed,
2192 2308 2441 2363 Excitavit
2467 2307 2609 2360 milii.
2641 2306 2869 2361 Attende
2898 2305 3163 2374 quomodo
3188 2305 3413 2360 obscure

1836 2399 1987 2454 nobis
2020 2398 2117 2454 hoc
2151 2399 2316 2454 verbo
2356 2397 2760 2453 resurrectionis
2787 2395 3002 2451 exordia
3046 2395 3133 2453 hic
3161 2396 3410 2452 ostendit.

1834 2489 1907 2543 lta
1933 2488 2074 2544 enim
2118 2489 2429 2559 loquebatur
2457 2504 2519 2543 ac
2564 2489 2607 2542 si
2637 2490 2755 2557 quis
2797 2486 3038 2542 diceret:
3084 2487 3186 2540 Pro
3227 2502 3300 2542 eo
3321 2487 3412 2556 qui

1832 2582 2042 2648 cecidit,
2072 2582 2318 2637 excitavit
2344 2582 2472 2636 mihi
2500 2582 2657 2636 hunc.
2686 2582 3014 2651 Quamquam
3044 2580 3133 2634 ille
3152 2623 3167 2647 ,
3202 2581 3409 2651 inquit,

1833 2673 1885 2726 in
1917 2682 2111 2726 terram
2152 2672 2337 2727 dextra
2369 2671 2543 2725 fratris
2569 2685 2851 2740 percussus
2885 2671 3109 2733 cecidit,
3142 2680 3196 2724 et
3226 2672 3412 2725 mortis

1834 2764 2122 2832 periculum
2145 2764 2289 2827 fecit,
2323 2772 2494 2817 tamen
2530 2764 2618 2817 Dei
2644 2763 2812 2817 virtus
2835 2778 2928 2832 pro
2950 2776 3090 2817 ca‘so
3118 2763 3255 2817 hunc
3280 2763 3411 2817 mihi

1830 2853 2122 2908 suscitavit.
2150 2853 2254 2909 Sed
2278 2855 2399 2923 quia
2430 2853 2904 2922 nondumtcmpus
2924 2862 3039 2907 erat
3064 2855 3407 2909 resurrectio-

1830 2946 1934 3012 nis,
1986 2963 2090 3000 non
2136 2957 2402 3001 mortuum
2449 2946 2739 3010 suscitavit,
2789 2945 2883 3000 sed
2924 2946 3082 2999 alium
3129 2961 3226 3014 pro
3274 2946 3402 3000 illo:

1830 3039 2173 3108 quamobrem
2202 3050 2255 3094 et
2281 3039 2391 3109 ipsa
2421 3039 2555 3092 dixit
2579 3058 2591 3091 :
2625 3037 2899 3093 Suscitavit
2926 3038 3047 3092 mihi
3075 3037 3213 3092 Deus
3240 3055 3407 3094 semen

1828 3128 1969 3182 aliud
1995 3145 2086 3199 pro
2113 3129 2266 3194 Abel,
2292 3146 2436 3201 quem
2464 3129 2644 3182 occidit
2670 3128 2815 3184 Cain.
2851 3128 3037 3184 Vidisti
3062 3138 3269 3200 gratum
3292 3146 3408 3184 mu-

1829 3221 1975 3276 lieris
2019 3222 2293 3276 animum?
2336 3221 2510 3276 vidisti
2559 3220 2935 3291 benignitatem
2985 3219 3229 3274 Domini?
3275 3235 3408 3289 quo»

1828 3311 1988 3366 modo
2043 3313 2389 3367 acceleratam
2438 3312 2542 3366 illis
2591 3311 3007 3367 consolationem
3058 3311 3407 3382 exeogitavit.’

1826 3403 1976 3458 Hanc
2004 3404 2273 3459 imitemur
2298 3418 2486 3459 omnes
2510 3445 2523 3467 ,
2552 3413 2608 3459 et
2636 3412 2803 3458 totum
2832 3419 3075 3473 superna:
3101 3405 3283 3473 gratia:
3310 3406 3401 3457 tria

1828 3495 2067 3551 buamus.
2108 3494 2240 3550 Nam
2275 3495 2400 3549 licet
2436 3503 2622 3548 natura
2665 3502 2936 3563 Operetur,
2966 3507 3072 3546 non
3103 3500 3279 3547 tamen
3309 3507 3415 3549 sua.

1808 3586 2045 3649 virtute,
2076 3585 2169 3639 sed
2198 3590 2461 3653 praecepto
2486 3584 2646 3647 illius,
2675 3584 2763 3652 qui
2792 3584 2956 3652 ipsam
2982 3582 3125 3646 fecit,
3152 3582 3404 3636 obedieus

1826 3685 2097 3747 operatur.
2140 3675 2207 3729 Et
2230 3690 2514 3744 numquam
2544 3673 2755 3727 doleant
2785 3673 3032 3727 mulieres
3059 3671 3269 3740 quando
3297 3687 3403 3726 non

1824 3770 2054 3838 pariunt,
2084 3767 2178 3821 sed
2205 3777 2413 3837 gratum
2441 3766 2674 3819 animum
2709 3779 2818 3833 pra:
2844 3779 2903 3818 se
2929 3764 3176 3829 ferentes,
3208 3763 3273 3816 ad
3304 3780 3402 3817 na-

1828 3869 1958 3913 turae
1985 3859 2240 3928 Opifieem
2276 3857 2611 3927 confugiant;
2637 3864 2691 3910 et
2718 3855 2784 3910 ab
2812 3855 2899 3908 illo
2929 3864 3145 3923 petant,
3185 3855 3272 3924 qui
3304 3870 3400 3908 na-

1827 3963 1957 4007 turze
1985 3951 2241 4006 Dominus
2266 3960 2383 4016 est;
2428 3959 2481 4004 et
2523 3962 2695 4018 neque
2730 3947 3012 4017 conjugum
3052 3947 3398 4016 congressui,

1826 4060 1999 4116 neque
2023 4044 2174 4100 alteri
2200 4043 2430 4112 cuipiam
2458 4041 2534 4096 rei
2565 4040 2789 4094 filiorum
2817 4040 3075 4108 imputeut
3102 4038 3403 4107 generatio-

1802 4153 1945 4193 nem
1968 4180 1983 4204 ,
2014 4137 2107 4193 sed
2146 4134 2418 4193 Conditori
2447 4133 2681 4189 omnium
2704 4171 2721 4199 ,
2749 4131 2838 4202 qui
2867 4147 2933 4186 ex
2962 4132 3127 4186 nihilo
3160 4140 3399 4185 naturam

1825 4236 2058 4284 nostram
2086 4226 2335 4297 produxit
2358 4236 2415 4279 ut
2439 4232 2618 4289 esset,
2646 4232 2700 4277 et
2722 4221 3105 4277 claudicantcm
3133 4222 3399 4291 corrigere

1825 4331 1997 4392 potest
2023 4338 2036 4373 :
2064 4317 2487 4389 quandoquidem
2507 4324 2560 4370 et
2580 4314 2677 4369 ista
2702 4330 2766 4367 ex
2788 4314 3066 4368 occasione
3092 4313 3266 4367 luctus
3295 4314 3401 4365 Deo

1821 4414 2041 4485 gloriam
2086 4409 2347 4466 referendi
2386 4407 2611 4475 sumpsit
2650 4413 3039 4475 argumentum,
3077 4412 3135 4458 et
3177 4403 3403 4458 Domino

1823 4514 1989 4560 totum
2021 4503 2218 4565 tribuit,
2244 4500 2425 4556 dicens
2449 4516 2462 4552 :
2494 4497 2740 4551 Excitavit
2769 4496 2891 4550 mihi
2919 4495 3057 4551 Deus
3074 4511 3241 4551 semen
3258 4496 3400 4550 aliud

1824 4611 1917 4667 pro
1946 4592 2103 4661 Abel,
2133 4608 2279 4662 quem
2308 4590 2489 4645 occidit
2514 4588 2659 4643 Cain.
2692 4586 2855 4643 Vides
2877 4575 3145 4657 quomodo
3171 4602 3275 4642 non
3306 4601 3399 4643 so-

1823 4685 1929 4740 lum
1958 4698 2064 4738 non
2103 4680 2357 4754 gravatim
2386 4680 2538 4746 tulit,
2572 4693 2743 4747 neque
2775 4677 2923 4732 triste
2948 4676 3146 4748 aliquid
3186 4679 3400 4746 loquuta

1822 4784 1908 4832 est
1934 4775 2060 4847 (non
2087 4776 2227 4830 enim
2254 4772 2682 4845 praetenuisisset
2707 4768 2885 4825 divina
2908 4769 3209 4839 Scriptura,
3238 4769 3403 4838 siqui-

1823 4869 1947 4925 dem
1975 4869 2076 4924 tale
2105 4867 2354 4939 quiddam
2383 4865 2450 4920 ab
2489 4865 2575 4919 illa
2606 4863 2805 4919 dictum
2835 4861 3069 4933 fuisset),
3101 4870 3279 4916 verum
3302 4875 3392 4930 ge-

1823 4976 2016 5018 nerose
2057 4960 2232 5016 ferens
2276 4957 2416 5029 quod
2468 4956 2765 5016 acciderat,
2814 4952 3179 5007 consolatione
3223 4952 3399 5005 statim

1821 5056 2102 5127 dignatur,
2131 5062 2186 5109 et
2226 5051 2426 5121 majora
2474 5049 2608 5120 grati
2650 5046 2811 5101 animi
2858 5046 2947 5099 dat
2975 5045 3159 5114 signa,
3193 5043 3398 5097 Domini

1821 5149 2135 5205 beneficium
2163 5147 2496 5219 praedicans?
2528 5143 2658 5198 Vide
2687 5145 2827 5195 enim
2852 5153 3007 5209 quam
3041 5138 3263 5207 benigne
3297 5136 3401 5190 Do-

1822 5243 1996 5297 minus
2036 5257 2152 5311 quie
2192 5254 2405 5294 suarum
2451 5246 2573 5291 sunt
2626 5233 2849 5303 partium
2894 5238 3231 5300 exsequatur.
3282 5228 3397 5284 Non

1822 5332 1981 5387 modo
2005 5332 2145 5387 enim
2169 5330 2328 5384 alium
2351 5328 2443 5382 dat
2470 5327 2542 5381 illi
2570 5325 2756 5388 filium,
2786 5320 2880 5377 sed
2909 5329 2965 5377 et
2991 5322 3182 5375 virtute
3210 5320 3399 5390 pardi-

1821 5433 1932 5480 tum
1956 5422 2071 5479 fore
2096 5430 2249 5476 antea
2272 5418 2549 5491 significat.
2578 5414 2762 5471 Genuit
2786 5414 2927 5468 enim
2949 5454 2964 5478 ,
2992 5412 3195 5482 inquit,
3219 5429 3400 5466 secun-

1822 5517 1942 5571 dum
1962 5515 2177 5586 speciem
2200 5528 2364 5574 suam,
2393 5520 2438 5563 et
2463 5506 2737 5565 secundum
2765 5506 3034 5574 imaginem
3059 5519 3223 5557 suam.
3255 5501 3320 5556 Et
3346 5514 3402 5556 ut

1822 5607 1996 5662 statim
2018 5605 2284 5659 discamus
2309 5601 2414 5655 nati
2435 5600 2705 5660 virtutem,
2734 5598 2851 5651 vide
2876 5595 2996 5665 quia
3017 5602 3071 5649 et
3097 5594 3207 5661 ipse
3223 5594 3398 5646 statim

1826 5719 1918 5775 per
1942 5696 2344 5770 appellationem
2378 5693 2465 5747 filii
2493 5693 2571 5746 sui
2602 5707 2708 5746 suze
2740 5690 2929 5743 mentis
2954 5686 3201 5758 pietatem
3222 5691 3392 5741 osten-
