3796 6236
395 283 498 338 179

392 395 502 450 dat.
532 391 602 447 Et
638 390 826 457 Setko,
877 388 1081 460 inquit,
1124 396 1273 440 natus
1308 393 1380 439 est
1408 382 1548 453 [ilius
1569 424 1589 449 ,
1617 390 1665 436 et
1706 378 1977 450 appellauit

396 499 574 539 nomen
602 482 743 537 illius
765 481 924 536 Enos.
954 476 1055 533 Hic
1072 476 1288 548 speravit
1314 475 1546 529 invocare
1568 488 1751 527 nomen
1770 470 1977 525 Domini

398 574 494 631 Dei
534 572 686 644 (Gen.
732 573 788 626 ι.
830 570 947 640 26).
992 567 1180 625 Vidisti
1225 565 1631 635 appellationem
1681 561 1980 617 diademate

394 666 695 729 clariorem,
736 677 965 733 purpura
1007 655 1466 730 Splendidiorem?
1505 655 1642 724 Quid
1687 654 1845 709 fuerit
1889 652 1981 706 illo

397 757 603 811 beatius
631 755 720 825 qui
767 752 1099 808 invocatione
1138 748 1233 804 Dei
1281 756 1500 803 ornatur
1522 786 1538 813 ,
1570 746 1729 815 idque
1757 759 1855 815 pro
1883 757 1980 797 no-

398 849 541 904 mine
569 846 844 917 possidet?

472 938 753 993 Nominum
780 937 1034 1008 impositio
1062 951 1232 989 recens
1264 933 1415 988 natis.
1444 930 1669 986 Nomina
1694 940 1983 985 sanctorum

400 1033 520 1101 filiis
545 1030 869 1100 imponenda.
900 1060 969 1070 -——
992 1029 1149 1084 Vides
1181 1027 1233 1082 id
1260 1027 1401 1097 quod
1426 1027 1493 1081 ab
1521 1026 1670 1080 initio
1694 1024 1935 1080 dicebam
1953 1064 1981 1090 ,,

399 1134 455 1178 et
481 1126 530 1177 in
564 1123 739 1193 parvis
779 1120 1223 1192 appellationibus
1246 1132 1466 1190 magnas
1493 1118 1873 1175 sententiarum
1900 1116 1984 1171 di-

401 1215 555 1268 vitias
581 1214 881 1269 reconditas
907 1211 1069 1267 esse?
1087 1211 1199 1265 Non
1226 1210 1397 1265 solum
1425 1211 1567 1265 enim
1598 1209 1684 1263 hic
1709 1217 1985 1278 parentum

402 1314 726 1362 monstratur
755 1306 942 1373 pietas,
966 1302 1059 1357 sed
1089 1311 1143 1356 et
1172 1315 1359 1371 magna
1388 1315 1512 1370 erga
1539 1300 1737 1355 liberos
1760 1299 1987 1367 diligen-

403 1400 508 1464 tia;
563 1405 618 1451 et
662 1394 931 1465 quomodo
978 1392 1157 1448 statim
1200 1399 1255 1447 et
1294 1407 1323 1446 a
1369 1389 1630 1461 principio
1673 1388 1988 1445 erudiebant

401 1489 654 1560 puerulos
678 1488 769 1558 qui
809 1487 938 1556 ipsis
963 1485 1319 1539 nascebantur
1339 1525 1353 1549 ,
1377 1483 1729 1537 admonentes
1759 1496 1853 1551 per
1890 1496 1988 1549 ap-

404 1579 737 1648 pellationes,
771 1591 905 1646 quas
931 1574 1035 1628 illis
1061 1575 1444 1641 imposuerant,
1475 1582 1535 1626 ut
1559 1572 1807 1626 virtutem
1837 1584 1991 1625 exer-

405 1677 589 1724 cerent
617 1686 630 1722 :
657 1682 761 1721 non
787 1666 924 1721 sicut
950 1677 1094 1719 mmo
1120 1663 1338 1718 fortuito
1367 1672 1421 1717 et
1440 1674 1496 1716 ut
1521 1664 1747 1732 primum
1776 1670 1993 1717 succur-

405 1760 477 1814 rit
504 1760 718 1813 nomina
762 1758 909 1811 fiunt.
949 1756 1195 1822 Nomine,
1236 1754 1513 1824 inquiunt,
1553 1755 1635 1807 avi
1683 1754 1766 1809 vel
1810 1753 1992 1823 proavi

404 1858 624 1904 vocetur
648 1862 819 1918 puer:
858 1857 912 1901 at
937 1846 1099 1915 prisci
1128 1860 1232 1900 non
1260 1845 1330 1899 ita
1353 1886 1365 1908 ,
1396 1845 1489 1899 sed
1519 1858 1730 1899 omnem
1775 1858 1990 1913 operam

404 1939 726 1994 adhibebant
753 1980 767 2002 ,
798 1948 856 1991 ut
882 1937 1007 1990 talia
1053 1936 1191 1990 natis
1226 1936 1565 2004 imponerent
1589 1935 1803 1990 nomina
1828 1975 1843 1999 ,
1873 1948 1993 2005 quae

409 2046 514 2084 non
545 2030 715 2085 solum
767 2028 886 2082 illos
920 2028 1008 2096 qui
1036 2026 1250 2080 nomina
1281 2024 1636 2080 sortiebantur
1662 2025 1717 2078 in
1746 2024 1993 2078 virtutem

408 2118 750 2183 adducerent,
776 2117 868 2173 sed
894 2126 948 2172 et
971 2117 1098 2171 alios
1125 2130 1331 2181 omnes,
1354 2115 1511 2169 etiam
1538 2115 1625 2185 qui
1653 2115 1995 2184 sequentibus

408 2211 619 2268 saeculis
648 2208 805 2264 futuri
835 2217 1006 2271 erant,
1034 2207 1353 2263 omnimodo:
1378 2205 1725 2276 philosophiae
1751 2206 1993 2261 doctrina

410 2292 609 2359 essent.
643 2301 697 2357 ld
724 2301 866 2371 quod
895 2301 1125 2356 sciemus
1145 2342 1159 2364 ,
1188 2299 1233 2353 si
1261 2314 1441 2354 sermo
1468 2299 1738 2368 aliquanto
1766 2298 1995 2368 amplius

411 2393 751 2465 processerit.
798 2391 958 2461 Igitur
986 2405 1084 2446 nos
1123 2405 1296 2460 neque
1338 2389 1539 2459 quaevis
1578 2389 1787 2443 nomina
1821 2388 1997 2458 pueris

410 2486 654 2541 indamus
678 2525 692 2550 ,
726 2497 898 2553 neque
926 2496 1145 2536 avorum
1170 2490 1223 2535 et
1259 2494 1573 2550 proavorum
1612 2488 1669 2535 et
1696 2494 1878 2535 eorum
1905 2479 1996 2549 qui

409 2591 605 2653 genere
654 2575 781 2629 clari
830 2572 1061 2639 fuerunt,
1115 2572 1328 2626 nomina
1382 2570 1693 2633 tribuamus,
1744 2569 1837 2623 sed
1874 2583 1998 2623 san-

412 2677 618 2723 ctorum
642 2667 900 2727 virorum,
928 2664 1018 2735 qui
1048 2662 1331 2718 virtutibus
1357 2661 1640 2727 fulserunt,
1667 2660 1997 2729 plurimaque

412 2758 550 2829 apud
597 2759 762 2813 Deum
807 2756 993 2811 liducia
1023 2753 1305 2809 valuerunt
1331 2752 1429 2823 (a).
1457 2750 1569 2806 lmo
1604 2765 1778 2821 neque
1807 2751 1996 2805 horum

413 2847 714 2903 nominibus
745 2846 909 2901 ﬁdant
935 2845 1019 2901 vel
1048 2854 1323 2915 parentes,
1366 2842 1447 2897 vel
1483 2841 1628 2912 pueri
1656 2841 1845 2911 quibus
1873 2842 1995 2896 talia

414 2939 627 2992 nomina
652 2936 986 3006 contingunt.
1010 2934 1152 2989 Nihil
1172 2935 1312 2988 enim
1343 2932 1558 3003 prodeat
1585 2931 1741 2989 alicui
1767 2934 1996 2988 vocabu-

416 3031 522 3085 lum
548 3030 739 3083 virtute
766 3042 1010 3092 vacuum,
1053 3025 1148 3083 sed
1195 3023 1438 3080 habenda
1476 3033 1559 3080 est
1587 3024 1772 3078 salutis
1807 3040 1999 3094 exspe-

413 3120 576 3173 ctatio
600 3119 654 3171 in
679 3116 887 3170 virtutis
911 3116 1222 3187 operatione
1248 3132 1261 3168 :
1291 3124 1343 3169 et
1370 3129 1541 3186 neque
1567 3116 1620 3168 in
1646 3115 1999 3184 appellatione

416 3208 643 3263 sublime
670 3218 879 3276 sapere,
910 3220 1083 3276 neque
1106 3205 1157 3258 in
1189 3208 1502 3274 cognatione
1527 3213 1833 3263 sanctorum
1855 3206 2000 3261 viro-

415 3316 557 3367 nnn,
585 3315 757 3369 neque
786 3299 837 3354 in
866 3298 1041 3368 aliquo
1070 3298 1175 3352 alio
1198 3336 1213 3363 ,
1242 3297 1336 3351 sed
1364 3296 1416 3361 in
1445 3295 1634 3352 fiducia
1665 3300 1999 3369 propriorum

414 3408 639 3465 operum
669 3410 683 3447 ε
714 3391 823 3446 imo
848 3406 1020 3461 neque
1046 3391 1097 3445 in
1122 3391 1224 3445 illis
1251 3390 1475 3445 multum
1502 3389 1571 3445 de
1588 3405 1647 3445 se
1666 3394 1882 3458 sentire,
1906 3392 2001 3447 sed

412 3486 539 3538 tunc
554 3482 722 3551 magis
738 3480 987 3535 humilem
1001 3490 1052 3535 et
1065 3479 1359 3537 modestum
1375 3494 1494 3535 esse
1507 3488 1733 3550 oportet,
1753 3496 1872 3537 cum
1890 3494 1975 3538 ma
1986 3514 2002 3525 -

414 3591 425 3637 ς
448 3588 545 3629 nas
570 3574 821 3628 virtutum
850 3572 1059 3631 divitias
1087 3587 1373 3643 congerere
1400 3586 1713 3641 possumus:
1759 3575 1836 3630 sic
1858 3577 2001 3631 enim

416 3673 472 3718 et
507 3664 606 3734 ipsi
632 3664 885 3719 collectas
913 3663 1122 3719 divitias
1161 3671 1275 3718 tuto
1305 3663 1695 3731 custodiemus,
1740 3675 1794 3719 et
1834 3665 2001 3721 bene-

418 3755 704 3809 volentiam
731 3755 823 3810 Dei
850 3754 1005 3809 nobis
1023 3754 1442 3809 conciliabimus.
1474 3754 1762 3810 Enimvero
1788 3766 2003 3825 propter

417 3846 518 3911 hoc
543 3854 598 3901 et
635 3846 878 3903 Christus
924 3844 1199 3916 discipulis
1237 3846 1349 3900 suis
1386 3844 1632 3901 dicebat:
1665 3845 1789 3900 Cum
1833 3849 2002 3901 omnia

417 3938 664 4006 feceritis,
712 3939 891 4004 dicite,
935 3937 1151 3992 Inutiles
1192 3939 1320 3992 servi
1364 3954 1537 3992 sumus
1563 3935 1714 4009 (Luc.
1743 3940 1829 3994 l7.
1863 3940 1998 4012 10):

418 4030 471 4082 in
496 4030 745 4083 omnibus
763 4044 947 4083 eorum
975 4029 1347 4083 conﬁdentiam
1373 4028 1688 4096 reprimens,
1716 4038 1770 4084 et
1788 4029 1855 4084 ad
1884 4045 2002 4085 mo.

416 4119 644 4175 destiam
689 4133 785 4174 eos
813 4134 1069 4177 revocans
1089 4160 1105 4184 ,
1133 4130 1191 4173 ut
1231 4118 1385 4173 bonis
1408 4118 1661 4188 operibus
1700 4133 1806 4177 non
1834 4123 2005 4177 estol.

421 4211 619 4273 lantur,
650 4209 743 4264 sed
774 4209 945 4264 sciant
981 4210 1264 4265 maximam
1293 4209 1547 4265 virtutum
1588 4224 1709 4267 esse
1746 4212 1799 4266 in
1850 4212 2004 4269 bonis

419 4302 670 4372 operibus
700 4300 939 4356 modeste
964 4309 1017 4355 et
1046 4300 1315 4357 humiliter
1341 4315 1401 4357 se
1428 4300 1646 4358 habere.

493 4393 548 4446 4.
578 4392 750 4446 Porro
773 4391 839 4445 ad
863 4400 1171 4447 contextum
1216 4390 1480 4446 sermonis
1508 4392 1807 4459 redeamus,
1835 4402 1890 4449 et
1924 4395 2003 4450 vi-

421 4483 646 4538 deamus
673 4496 769 4537 eos
793 4483 883 4553 qui
915 4491 1097 4552 postea
1118 4484 1224 4536 nati
1252 4493 1392 4537 sunt.
1422 4482 1702 4540 Probabile
1729 4492 1813 4539 est
1836 4487 2001 4551 enim,

421 4591 523 4631 nos
564 4575 816 4646 paulatim
866 4575 1205 4644 procedendo
1249 4576 1480 4645 majores
1532 4576 1839 4639 inventuros
1885 4592 2006 4633 esse

427 4667 711 4724 thesauros
730 4675 782 4722 et
810 4666 1098 4722 immensas
1123 4666 1354 4721 divitias.
1385 4667 1437 4722 9.
1477 4666 1545 4721 Et
1579 4669 1699 4722 vix-it
1727 4668 1883 4736 Enos,
1924 4669 2006 4725 hic

422 4757 570 4815 Sethi
586 4759 745 4828 ﬁlius,
779 4774 939 4813 annos
964 4762 1163 4811 centum
1187 4758 1482 4828 nonaginta,
1505 4769 1551 4813 et
1576 4761 1743 4830 genuit
1772 4760 2003 4827 Cainam,

485 4851 567 4925 (η)
593 4850 722 4912 Quod
745 4850 822 4925 hic
840 4850 1289 4925 aitachrysos‘tOmus
1308 4889 1321 4909 ,
1356 4851 1546 4925 nomina
1581 4860 1855 4925 sanctorum
1874 4865 2006 4925 fasc

423 4910 877 4976 ﬁliis'imponenda,
908 4910 1083 4961 factum
1107 4912 1503 4976 deprehenditur
1523 4926 1667 4976 supra
1698 4921 1843 4963 Tomo
1874 4912 1917 4963 II
1958 4917 2005 4963 iu

423 4971 647 5037 tzucomio
661 4981 706 5023 S.
724 4971 915 5023 Meletil.
937 4980 1106 5037 Locum
1126 4971 1236 5037 huic
1258 4971 1539 5037 illustraudo
1564 4971 1667 5023 loco
1689 4983 2005 5037 opportunum

422 5036 503 5105 hic
525 5036 789 5105 adierimus.
813 5037 886 5085 sic
910 5048 1032 5098 ergo
1053 5034 1235 5098 legitur
1259 5033 1403 5104 paulo
1427 5044 1535 5105 post
1574 5033 1763 5105 initium"
1798 5037 2006 5105 homilja:

425 5099 779 5148 Enecmiastlcae
802 5106 959 5159 :A.\’an_i
982 5110 1090 5146 cum
1113 5097 1222 5159 eum
1252 5110 1283 5145 α
1313 5097 1551 5159 principio
1580 5097 1630 5149 in
1662 5097 1899 5153 civitatem
1935 5097 2006 5148 in-

423 5170 642 5222 gressum
662 5156 1335 5222 excepissetis,gunusqnisqne
1358 5156 1513 5222 ﬁlium
1536 5172 1674 5208 amem
1694 5161 1798 5222 ejus
1820 5160 2006 5222 nomine

552 5219 715 5277 dabat,
740 5219 825 5281 per
848 5219 1213 5284 appellationem
1235 5219 1517 5284 existimans
1542 5219 1860 5284 unusquisque
1882 5236 1934 5272 se
1956 5221 2006 5271 in

463 5292 624 5346 omum
638 5294 776 5346 suam
796 5282 1011 5346 amictum
1028 5282 1351 5346 introducere,
1370 5282 1618 5346 missisque
1636 5282 1867 5346 patribus,
1887 5285 2005 5345 avis,
2041 5304 2045 5308 ί

429 5323 1786 5413 a'amusium;tantum;omnisnon
1797 5323 2004 5413 "item:

429 5413 546 5469 quos
576 5410 879 5469 pepererant.
906 5411 1134 5469 Naturam
1154 5406 1281 5454 enim
1305 5406 1518 5469 timebat
1544 5419 1685 5469 amor
1712 5407 1900 5469 pietatis
1916 5442 1943 5469 ,ξ
1961 5414 2007 5458 et

430 5462 657 5538 deinceps
678 5464 1110 5538 quinascebrmtun,
1136 5479 1228 5515 non
1251 5465 1463 5538 naturali
1482 5466 1635 5517 solum
1660 5462 2003 5538 benevolentia,

425 5525 525 5593 sed
536 5525 878 5593 etiame/fectu
901 5538 1015 5593 erga
1036 5525 1169 5577 illam
1209 5527 1575 5589 appellationem
1593 5566 1606 5588 ,
1633 5537 1769 5578 emnt
1793 5531 1897 5593 rari
1918 5525 2005 5593 pa;

407 5586 649 5655 rentilms,
691 5586 852 5655 Ipsum
872 5586 999 5655 enim
1021 5600 1194 5655 nonten
1209 5586 1256 5638 et
1275 5586 1611 5655 ornamentum
1635 5586 1942 5655 cognationis,
1961 5600 2008 5642 et

425 5654 610 5707 tl’dium
635 5649 829 5712 tutelam
849 5690 861 5707 ,
886 5655 930 5699 ct
954 5651 1021 5702 ita
1044 5650 1217 5701 vocatis
1240 5649 1441 5701 salutent
1463 5690 1475 5712 ,
1501 5660 1545 5702 et
1582 5649 1758 5703 amoris
1788 5653 2006 5704 solatium

420 5722 524 5777 {ssc
556 5711 908 5767 existintabant.

1148 274 1208 332 8.
1247 269 1525 330 JOANNIS
1559 264 2033 324 CKRYSOSTOMI
2069 265 2386 322 ARCHlEP.
2425 265 2956 327 CONSTANTINOP.

3560 261 3660 319 180

2086 379 2172 434 l2.
2218 388 2264 434 et
2295 379 2506 436 Cainam
2528 383 2699 453 genuit
2751 382 3012 450 Halaleel,
3043 382 3130 439 l5.
3156 392 3204 437 et
3226 383 3462 439 Βιαιαὲεά
3488 388 3661 458 genuit

2081 470 2262 536 Jared,
2295 470 2381 526 18.
2412 482 2459 525 ct
2509 472 2669 527 Jared
2689 475 2855 543 genuit
2885 473 3078 528 Enoclt.
3105 474 3205 529 2|.
3228 474 3298 530 Et
3318 478 3443 532 νὲάε
3481 476 3660 535 Eruci

2082 562 2231 615 annis
2257 572 2453 616 centum
2480 565 2745 635 sexagiens
2765 566 3018 634 quinm,
3063 576 3112 620 et
3133 568 3302 637 genuit
3347 569 3661 633 latitudo.

2082 651 2174 705 82.
2198 650 2401 706 Placuit
2417 664 2582 708 autem
2600 654 2773 710 Enoclt
2803 656 2930 711 Deo.
2951 657 3019 711 Et
3039 659 3163 713 uixit
3174 658 3373 726 Enoch,
3399 672 3663 732 postquam

2084 744 2257 813 genuit
2285 742 2599 813 Mathusala,
2625 749 2776 803 annis
2799 749 3044 815 ducentis,
3079 759 3126 804 et
3151 753 3321 821 genuit
3346 753 3480 821 ﬁlias
3506 764 3555 810 et
3603 756 3667 824 ﬂ-

2086 836 2201 890 lias.
2227 836 2317 892 23.
2350 837 2415 891 Et
2431 844 2631 908 fuerunt
2659 841 2766 898 dies
2790 841 2968 897 Enoclt
2988 846 3194 899 trecenti
3230 849 3492 919 sexaginta
3515 851 3667 916 quin-

2086 944 2197 999 que.
2227 929 2315 983 24.
2360 928 2427 982 Et
2471 931 2662 1001 placuit
2684 922 2869 987 Enoch
2914 932 3047 999 Deo,
3083 944 3132 989 et
3162 952 3264 991 non
3305 940 3530 995 inventu
3559 951 3665 1008 est,

2086 1019 2204 1087 quia
2233 1022 2489 1074 tramtutit
2529 1022 2672 1075 illum
2719 1021 2877 1078 Deus.
2904 1023 3039 1079 Nam
3086 1025 3226 1082 bene
3255 1028 3518 1094 dicebam,
3569 1046 3670 1086 nos

2087 1110 2426 1183 procedendo
2476 1128 2727 1183 magnum
2769 1114 3079 1171 thesaurum
3111 1118 3164 1173 in
3222 1119 3328 1175 illis
3363 1123 3671 1177 nominibus

2089 1200 2398 1259 inventuros
2425 1204 2579 1258 esse?
2601 1205 2978 1262 Animadverte
2998 1209 3160 1273 enim,
3187 1210 3432 1279 obsmro,
3457 1213 3565 1276 hic,
3589 1213 3672 1271 di-

2091 1291 2253 1355 lecte,
2294 1301 2348 1347 et
2384 1292 2514 1362 iusti
2565 1295 2813 1351 virtutem
2844 1305 2899 1354 et
2933 1297 3059 1353 boni
3105 1299 3202 1354 Dei
3222 1300 3489 1370 ingentem
3512 1302 3672 1356 beni-

2090 1385 2348 1453 gnitatem
2375 1425 2392 1449 ,
2420 1396 2475 1441 et
2518 1386 2809 1457 Scriptura:
2838 1388 3187 1460 diligentiam.
3233 1392 3303 1447 Et
3326 1395 3448 1448 vixit
3490 1394 3673 1451 Enoeli

2093 1475 2240 1529 annis
2268 1487 2463 1530 centum
2482 1479 2746 1548 sexaginta
2783 1482 3029 1550 quinque,
3058 1492 3104 1537 et
3141 1486 3317 1554 genuit
3354 1486 3670 1544 Mathusala.

2096 1564 2161 1618 Et
2192 1567 2380 1635 placuit
2421 1566 2599 1622 Enoclt
2644 1567 2757 1629 Deo
2776 1609 2794 1637 ,
2844 1581 3107 1640 postquam
3134 1576 3306 1644 genuit
3353 1575 3671 1634 Mathulasa.

2168 1655 2375 1725 Nuptae
2389 1674 2490 1713 non
2508 1659 2564 1712 in
2585 1674 2736 1714 causa
2758 1672 2873 1717 sttnt
2896 1665 3161 1734 quominus
3179 1665 3402 1727 homines
3422 1667 3532 1724 Deo
3556 1672 3674 1740 pla.

2096 1750 2578 1807 ceant.—-Andiant
2605 1750 2702 1807 viri
2728 1762 2782 1808 et
2806 1755 3077 1822 muliera,
3106 1768 3161 1813 et
3193 1759 3396 1815 discant
3414 1762 3542 1832 justi
3569 1766 3674 1818 vir-

2099 1848 2262 1894 tutem
2285 1881 2300 1905 ,
2336 1853 2433 1895 nec
2463 1850 2646 1910 putem
2689 1843 2899 1913 nuptias
2942 1846 2997 1900 in
3030 1862 3191 1903 causa
3234 1862 3354 1905 esse
3389 1855 3676 1921 quominus

2097 1932 2216 2000 quis
2265 1932 2383 1988 Deo
2405 1934 2631 2003 placeat.
2674 1934 2806 1990 Nam
2836 1938 3033 1992 idcirco
3060 1940 3236 1995 divina
3287 1943 3561 2015 Scriptura
3586 1963 3676 2002 se-

2098 2023 2204 2078 mel
2245 2032 2299 2078 et
2320 2024 2513 2083 iterum
2538 2026 2593 2084 id
2639 2027 2955 2096 signiﬁcavit
2980 2030 3205 2090 dicens:
3241 2034 3435 2093 Genuit
3462 2039 3675 2095 Mathu-

2098 2116 2230 2181 sala,
2258 2125 2313 2172 et
2354 2126 2480 2172 tunc
2501 2119 2717 2187 placuit.
2763 2118 2831 2174 Et
2856 2120 3001 2177 idem
3028 2124 3319 2194 ingeminat
3352 2144 3415 2185 ac
3450 2135 3678 2204 repetit,

2099 2210 2287 2265 dicens
2319 2228 2333 2264 :
2364 2211 2431 2265 Et
2482 2213 2671 2281 placuit
2699 2223 2960 2285 postquam
3003 2220 3179 2288 genuit
3208 2234 3228 2274 :
3252 2232 3310 2275 ut
3340 2237 3408 2278 ne
3434 2224 3553 2294 quis
3584 2240 3678 2279 ar-

2100 2300 2327 2356 bitretur
2369 2301 2706 2357 obstaculum
2733 2299 2913 2360 vianti
2953 2320 3077 2362 esse
3100 2309 3427 2381 coniugium.
3462 2314 3578 2381 Qua
3633 2316 3679 2375 si

2100 2392 2264 2447 sobrii
2293 2407 2498 2459 sumus,
2538 2409 2709 2464 neque
2747 2394 3014 2464 educatio,
3046 2402 3557 2473 nequeconjugium,
3585 2421 3680 2459 nc-

2100 2496 2205 2552 que
2245 2482 2391 2537 aliud
2432 2483 2561 2554 quid
2609 2485 2763 2540 noh‘n
2800 2486 2995 2553 oberit,
3040 2492 3322 2559 quominus
3372 2494 3681 2563 placeamus

2104 2573 2237 2628 Deo.
2264 2574 2404 2630 Ecce
2448 2576 2593 2631 enim
2634 2585 2688 2631 et
2710 2576 2797 2632 hic
2818 2578 3055 2648 ejusdem
3082 2592 3287 2638 natura:
3334 2594 3483 2650 erat,
3525 2587 3683 2656 cujus

2101 2673 2156 2721 et
2187 2679 2284 2720 nos
2310 2680 2493 2721 sumus
2526 2684 2539 2721 :
2568 2674 2621 2721 et
2648 2683 2821 2738 neque
2844 2670 2928 2728 lex
2954 2671 3143 2726 tradita
3172 2683 3307 2738 erat,
3340 2689 3514 2747 neque
3536 2675 3683 2733 εει-ἱ-

2104 2763 2273 2822 pturae
2300 2755 2581 2823 docebant,
2622 2773 2796 2829 neque
2837 2760 2980 2814 aliud
3005 2762 3291 2833 quidquam
3316 2766 3382 2821 ad
3406 2770 3682 2837 sapientiae

2105 2846 2561 2919 philosophiaeque
2588 2851 2817 2905 studium
2844 2851 3158 2910 deducebat.
3189 2855 3267 2913 Es
3293 2870 3372 2924 se,
3397 2868 3453 2913 et
3489 2874 3555 2915 ex
3580 2876 3683 2916 vo-

2103 2938 2305 2996 luntate
2338 2944 2503 3013 ipsius
2548 2943 2844 3013 profectum
2883 2954 2969 3001 est
2998 2947 3139 3016 quod
3170 2948 3281 3005 Deo
3304 2950 3575 3020 placeret,
3610 2954 3684 3010 ita

2106 3041 2162 3085 ut
2190 3048 2356 3100 usque
2398 3033 2556 3088 hodie
2575 3037 2718 3089 vivat
2742 3036 2976 3090 nondum
2996 3045 3222 3097 mortem
3257 3052 3528 3110 expertus.
3546 3043 3683 3099 Nam

2103 3123 2149 3177 si
2177 3124 2393 3192 neptim,
2418 3123 2626 3188 dilecti,
2676 3127 2762 3185 vel
2790 3140 3078 3195 puerorum
3116 3128 3397 3197 educatio,
3450 3120 3685 3203 impedi.

2104 3223 2347 3269 mentum
2389 3213 2566 3269 forent
2610 3216 2664 3271 in
2704 3217 2956 3272 virtutum
2986 3218 3211 3287 itinere,
3252 3236 3582 3293 nequaquam
3630 3226 3683 3281 in

2106 3304 2245 3360 hanc
2270 3314 2510 3361 nostram
2534 3307 2697 3361 vitam
2726 3310 2934 3378 nuptias
2977 3310 3364 3369 introduxisset
3400 3316 3682 3372 universo-

2105 3410 2224 3450 rum
2271 3396 2528 3464 Creator,
2554 3406 2613 3452 ut
2639 3412 2708 3453 ne
2747 3399 2800 3453 in
2839 3400 2998 3456 rebus
3039 3403 3318 3472 przecipuis
3360 3413 3416 3459 et
3450 3408 3686 3462 maxime

2106 3489 2425 3549 necessariis
2449 3503 2548 3544 nos
2600 3489 2836 3546 laederet.
2876 3490 2981 3547 Sed
3018 3494 3141 3563 quia
3183 3508 3288 3549 non
3336 3497 3510 3552 solum
3549 3498 3685 3569 nihil,

2106 3581 2261 3637 nobis
2286 3580 2499 3637 obstant
2525 3581 2593 3637 ad
2639 3582 3123 3653 philosophandum
3164 3587 3454 3642 secundum
3490 3589 3683 3658 Deum,

2106 3672 2149 3727 si
2179 3672 2505 3728 voluerimus
2534 3687 2655 3729 esse
2681 3675 2869 3742 sobrii,
2916 3675 3013 3733 sed
3064 3685 3120 3731 et
3172 3692 3416 3747 magnam
3452 3679 3686 3737 aderunt

2105 3767 2549 3833 consolationem,
2569 3767 2696 3823 dum
2717 3769 3076 3841 comprimunt
3095 3772 3338 3827 insanum
3363 3782 3567 3829 natura:
3585 3777 3686 3829 im-

2106 3866 2306 3928 petum,
2352 3873 2451 3914 uec
2479 3860 2676 3916 turbari
2718 3862 2868 3931 quasi
2899 3876 3048 3917 mare
3071 3864 3273 3930 sinunt,
3313 3863 3406 3920 sed
3440 3866 3685 3921 emciunt

2108 3958 2166 4003 ut
2191 3951 2385 4021 scapha
2414 3951 2643 4007 feliciter
2666 3954 2719 4006 in
2760 3961 2968 4022 portum
3011 3954 3264 4023 appellat,
3290 3955 3411 4011 ideo
3436 3959 3683 4011 consola-

2108 4042 2303 4096 tionem
2337 4044 2473 4098 hane
2506 4042 2740 4098 humano
2762 4044 2945 4113 generi
2995 4046 3198 4101 tribuit.
3220 4046 3370 4113 Quod
3400 4062 3557 4117 quam
3584 4063 3682 4105 ve-

2108 4148 2226 4187 rum
2258 4135 2347 4200 sit,
2386 4134 2621 4189 ostendit
2655 4134 2831 4204 justus
2857 4135 2965 4190 ille.
3008 4136 3140 4203 Quia
3164 4149 3459 4208 postquam,
3490 4141 3684 4211 inquit,

2106 4232 2290 4299 genuit
2333 4230 2623 4286 Mathusala
2645 4273 2660 4299 ,
2692 4231 2887 4301 placuit
2912 4231 3021 4286 Deo
3051 4231 3261 4298 Euoch,
3310 4247 3481 4304 neque
3519 4248 3683 4304 parvo

2107 4336 2367 4376 annorum
2398 4336 2622 4378 numero
2645 4324 2697 4378 in
2726 4323 2978 4378 virtutum
3019 4324 3272 4379 exercitio
3299 4329 3679 4394 perseveravit.

2106 4413 2201 4469 sed
2218 4414 2369 4481 vixit,
2391 4415 2575 4484 inquit,
2595 4415 2748 4469 annis
2766 4414 3096 4471 ducentis.Et
3115 4416 3235 4486 quia
3254 4425 3372 4486 post
3390 4425 3688 4489 transgreso

2107 4508 2314 4563 sionem
2341 4505 2473 4562 Adae
2502 4507 2746 4564 inventus
2779 4515 2863 4563 est
2906 4509 3065 4563 homo
3095 4508 3183 4578 qui
3209 4507 3273 4562 ad
3301 4511 3552 4564 virtutum
3570 4510 3691 4565 cnl.

2109 4612 2229 4655 men
2246 4599 2576 4666 ascenderet,
2594 4608 2649 4654 et
2667 4600 2824 4669 primi
2838 4600 3073 4669 parentis
3096 4610 3364 4669 peccatum
3384 4613 3685 4667 revocaret,

2108 4690 2179 4746 ob
2220 4705 2338 4746 eam
2365 4704 2522 4760 quam
2548 4691 2688 4760 apud
2718 4691 2884 4746 Deum
2914 4689 3140 4746 habebat
3164 4691 3408 4761 gratiam,
3441 4692 3562 4751 vide
3584 4693 3684 4748 bo-

2111 4784 2163 4837 ni
2214 4783 2305 4838 Dei
2343 4783 2693 4838 excellentem
2735 4782 3093 4837 clementiam.
3125 4781 3253 4836 Nam
3307 4783 3427 4852 quia
3486 4784 3686 4838 invenit

2109 4876 2336 4945 aliquem
2380 4875 2468 4944 qui
2498 4874 2670 4946 potuit
2717 4882 2988 4944 peccatum
3034 4874 3164 4928 Adae
3191 4888 3442 4929 revocare
3476 4890 3491 4926 :
3528 4890 3685 4929 mou-

2110 4964 2328 5021 strando
2361 4979 2421 5020 re
2448 4964 2557 5037 ipsa
2586 4966 2707 5036 quia
2732 4980 2839 5018 non
2863 4964 3047 5019 volens
3074 4974 3297 5021 mortem
3338 4964 3571 5019 humano
3598 4978 3691 5035 ge-

2110 5058 2225 5113 neri
2258 5058 2450 5112 iuferre
2475 5067 2693 5127 propter
2739 5056 2971 5110 mandati
3014 5055 3487 5125 transgressionem
3508 5098 3523 5121 ,
3563 5070 3685 5109 eum

2108 5152 2198 5222 qui
2221 5151 2524 5206 mandatum
2550 5158 2827 5220 accepant
2852 5148 3302 5211 condemnaverit,
3330 5147 3473 5203 hunc
3498 5147 3687 5203 viven-

2112 5255 2217 5300 tem
2262 5244 2536 5299 transfert.
2568 5243 2639 5297 Et
2674 5232 2863 5313 placuit
2884 5283 2898 5306 ,
2930 5242 3117 5312 inquit,
3147 5241 3324 5295 Enoch
3345 5239 3454 5296 Deo
3473 5281 3487 5307 ,
3520 5251 3569 5296 et
3588 5257 3688 5296 non

2107 5337 2338 5391 inuentus
2370 5347 2467 5403 est,
2498 5352 2556 5391 eo
2595 5336 2731 5405 quod
2757 5335 3010 5389 transtulit
3042 5333 3189 5389 illum
3213 5333 3370 5388 Deus.
3411 5332 3574 5389 Vides
3601 5349 3688 5388 sa-

2112 5430 2361 5497 pientiam
2381 5427 2587 5483 Domini
2604 5428 2628 5482 t
2646 5428 2915 5483 Viventetn
2937 5427 3224 5494 transtulit,
3252 5440 3356 5481 non
3373 5426 3687 5481 immortali-

2110 5530 2274 5577 tatem
2314 5522 2532 5591 largitus
2560 5528 2675 5587 est,
2726 5535 2795 5575 ue
2841 5518 3091 5591 peccandi
3139 5526 3337 5574 metum
3385 5527 3684 5581 euervaret,

2110 5614 2202 5669 sed
2230 5615 2470 5670 timorem
2490 5615 2540 5669 in
2560 5614 2789 5669 humano
2805 5627 2998 5685 genere
3018 5613 3279 5684 vigentem
3307 5610 3543 5683 reliquit.
3561 5610 3686 5666 Pro-

2111 5716 2228 5779 pter
2256 5705 2359 5764 hoc
2402 5706 2594 5762 iterum
2639 5705 2881 5773 obscure,
2916 5712 2974 5761 at
3014 5704 3081 5760 ita
3121 5701 3323 5773 dicam,
3368 5711 3421 5758 et
3465 5700 3687 5759 latenter
