3796 6246
83 283 191 337 179

80 396 481 469 προσηγορίας
512 394 609 449 τοῦ
640 396 731 448 ὑπ’
770 394 936 448 αὐτοῦ
963 394 1243 464 τεχθέντος
1270 395 1558 449 δεικνύντα
1598 397 1659 450 τὸ
1691 415 1778 467 φι-

80 483 283 541 λόθεον
312 482 485 537 αὐτοῦ
507 484 607 555 τῆς
635 480 881 553 γνώμης.
910 483 1018 536 Καί
1046 482 1127 547 τῷ
1158 481 1301 550 Σὴθ.
1336 484 1518 553 φησὶν,
1544 484 1781 552 ἐγένετο

81 573 248 637 υίὸς,
288 571 395 625 καὶ
428 570 785 639 ἐπωνόμασε
819 569 885 624 τὸ
917 568 1105 637 ὄνομα
1135 568 1321 625 αὑτοῦ
1361 568 1561 635 Ἐνώς.
1596 568 1783 637 Οὗτος

80 659 374 727 ἤλπισεν
424 657 842 713 ἐπικαλεῖσθαι
885 657 949 710 τὸ
996 656 1187 724 ὄνομα
1215 657 1433 723 Κυρίου
1471 658 1577 712 τοῦ
1613 658 1778 713 Θεοῦ.

82 742 255 809 Εἶδες
280 745 666 819 προσηγορίαν
686 744 1016 814 διαδήματος
1036 743 1442 816 λαμπροτέραν,
1468 744 1782 815 ἀλουργίδος

82 834 509 906 φαιδροτέραν;
546 832 611 884 Τί
641 830 752 902 γὰρ
779 830 845 888 ἂν
875 831 961 901 εῖη
990 830 1455 901 μακαριστότερον
1486 830 1581 883 τοῦ
1609 830 1781 884 τοιού-

80 940 181 975 του
228 922 333 974 τοῦ
378 924 453 991 τῇ
494 919 780 990 ἐπικλήσει
823 916 919 972 τοῦ
958 917 1099 971 Θεοῦ
1146 917 1652 989 καλλωπιζομένου,
1687 919 1781 973 καὶ

82 1012 257 1063 τοῦτο
284 1010 417 1063 ἀντὶ
437 1008 702 1081 ὀνόματος
734 1005 1074 1075 κεκτημένου
1096 1022 1111 1070 ;

168 1101 352 1171 Ὁρᾷς
391 1098 532 1164 πῶς,
557 1098 693 1159 ὅπερ
725 1096 786 1162 ἐξ
819 1096 992 1169 ἀρχῆς
1024 1094 1229 1162 ἔλεγον,
1262 1094 1355 1151 καὶ
1385 1095 1447 1147 ἐν
1474 1095 1664 1158 αὐταῖς
1690 1093 1780 1164 ψι-

81 1185 215 1247 λαῖς
254 1189 387 1247 ταῖς
409 1184 805 1255 προσηγορίαις
830 1182 999 1243 πολὺς
1018 1181 1373 1237 ἐναπόκειται
1402 1180 1630 1245 πλοῦτος
1656 1198 1779 1252 νοη-

88 1273 287 1343 μάτων
316 1290 333 1337 ;
368 1272 443 1329 Οὐ
481 1271 646 1339 μόνον
661 1269 773 1345 γάρ
792 1266 900 1320 τῶν
925 1267 1129 1336 γονέων
1154 1266 1401 1324 ἐντεῦθεν
1427 1266 1698 1323 δείκνυται
1719 1265 1779 1319 τὸ

85 1357 374 1427 φιλόθεον·
395 1356 533 1410 ἀλλὰ
552 1356 647 1411 καὶ
670 1357 703 1426 ἡ
736 1354 908 1425 πολλὴ
926 1355 1060 1424 περὶ
1086 1354 1213 1415 τοὺς
1235 1353 1431 1416 παῖδας
1453 1351 1633 1406 αὐτῶν
1662 1354 1779 1406 ἐπι-

90 1445 326 1516 μὲλειαο
370 1447 467 1497 καὶ
514 1444 666 1505 ὅπως
695 1442 901 1496 ἄνωθεν
933 1442 1029 1495 καὶ
1075 1441 1133 1507 ἐξ
1178 1441 1353 1511 ἀρχῆς
1388 1441 1671 1495 ἐπαίδευον
1707 1441 1777 1494 τά

85 1534 403 1602 τικτόμενα
432 1531 625 1584 παιδία
649 1530 739 1584 διὰ
766 1530 866 1599 τῆς
900 1528 1294 1601 προσηγορίας,
1334 1528 1403 1598 ἣν
1435 1527 1620 1589 αὐτοῖς
1645 1529 1775 1580 ἐπε-

84 1620 341 1681 τίθεσαν,
380 1618 482 1688 τῆς
511 1617 713 1689 ἀρετῆς
736 1615 1057 1686 ἀντέχεσθαι
1080 1655 1097 1679 ,
1121 1615 1215 1669 καὶ
1247 1614 1308 1666 οὐ
1330 1614 1581 1685 καθάπερ
1606 1616 1655 1667 οἰ
1683 1613 1777 1668 νῦν

88 1707 285 1769 ἁπλῶς
314 1706 415 1759 καὶ
443 1704 519 1767 ὡς
549 1703 707 1772 ιτυχε
729 1701 827 1764 τὰς
860 1698 1235 1771 προσηγορίας
1258 1699 1555 1755 ποιοῦνται.
1590 1700 1685 1763 Εἰς
1716 1700 1777 1753 τὸ

85 1795 290 1864 ενομα,
323 1793 480 1863 φησὶ,
502 1790 599 1845 τοῦ
631 1789 882 1853 πάππου,
916 1789 1010 1842 καὶ
1037 1787 1134 1841 τοῦ
1163 1788 1481 1847 ἐπιπάππου
1511 1787 1778 1841 καλείσθω

84 1884 148 1937 τὸ
190 1882 455 1934 παιδίον·
500 1878 617 1933 ἀλλ’
658 1881 709 1931 οἰ
753 1878 979 1933 παλαιοὶ
1020 1877 1120 1947 οὐχ
1163 1875 1371 1943 οὕτως,
1421 1876 1558 1931 ἀλλὰ
1595 1879 1775 1931 πᾶσαν

89 1972 339 2041 σπουδὴν
370 1967 647 2021 ἐποιοῦντο
674 1965 927 2028 τοιαύτας
951 1964 1324 2036 προσηγορίας
1344 1964 1646 2018 ἐπιτιθέναι
1661 1968 1777 2029 τοῖς

86 2058 464 2127 τικτομένοις,
499 2056 560 2107 αϊ
593 2052 669 2124 μὴ
708 2051 868 2123 μόνον
901 2052 1101 2114 αὐτοὺς
1126 2051 1253 2114 τοὺς
1279 2050 1379 2121 τὴν
1402 2051 1774 2123 προσηγορίαν

86 2150 423 2220 δεχομένους
463 2147 541 2207 εἰς
587 2143 790 2213 ἀρετὴν
836 2142 1052 2211 ἐνῆγον,
1109 2139 1246 2194 ἀλλά
1293 2140 1388 2193 καὶ
1436 2142 1549 2203 τοῖς
1595 2140 1775 2206 ἄλλοις

88 2239 266 2292 ἅπασι
294 2234 394 2287 καὶ
435 2235 558 2295 ταῖς
599 2230 737 2302 μετὰ
766 2228 942 2284 ταῦτα
963 2229 1179 2297 γενεαῖς
1207 2226 1525 2281 διδασκαλία
1563 2226 1775 2296 φιλοσο-

89 2326 224 2394 φίας
257 2323 483 2390 ἁπάσης
504 2317 763 2386 ἐγίνοντο.
789 2314 900 2369 Καὶ
926 2314 1084 2367 τοῦτο
1112 2313 1366 2384 εἰσόμεθα
1400 2313 1539 2369 κατά
1581 2313 1776 2385 μικρὸν

89 2412 387 2482 προίόντος
410 2406 506 2459 τοῦ
530 2405 713 2473 λόγου.
743 2404 834 2473 Μὴ
873 2401 1059 2455 τοίνυν
1087 2401 1223 2472 μηδὲ
1250 2403 1414 2471 ἡμεῖς
1443 2399 1546 2464 τὰς
1581 2399 1776 2470 τυχού-

90 2517 193 2562 σας
244 2493 633 2568 προσηγορίας
681 2489 1023 2561 ἐπιτιθῶμεν
1048 2501 1075 2530 α
1101 2491 1213 2551 τοῖς
1251 2488 1460 2552 παισὶν,
1509 2488 1640 2558 μηδὲ
1668 2486 1774 2541 τῶν

87 2589 367 2648 πάππων,
397 2583 493 2635 καὶ
520 2582 630 2633 τῶν
654 2577 1014 2639 ὲπιπάππων,
1054 2576 1278 2629 καὶτῶν
1312 2575 1448 2647 πρὸς
1478 2575 1632 2643 γένος
1667 2574 1777 2627 δια-

88 2674 380 2745 φερόντων
414 2670 514 2731 τάς
541 2666 838 2739 ὀνομασίας
895 2665 1076 2727 αὐτοῖς
1108 2661 1482 2734 χαριζώμεθα,
1508 2662 1642 2715 ἀλλὰ
1668 2661 1775 2715 τῶν

87 2762 267 2829 ἁγίων
320 2756 533 2827 ἀνδρῶν
562 2754 672 2808 τῶν
717 2755 888 2827 ἀρετῇ
929 2750 1370 2820 διαλαμψάντων,
1420 2748 1526 2802 τῶν
1574 2748 1775 2818 πολλὴν

92 2846 418 2919 παρρησίαν
462 2842 599 2914 πρὸς
628 2841 721 2894 τὸν
760 2838 894 2893 Θεὸν
921 2837 1262 2908 ἐσχηκότωνο
1306 2835 1507 2907 μᾶλλον
1553 2835 1609 2887 δὲ
1641 2834 1776 2906 μηδὲ

90 2939 215 2998 ταῖς
246 2933 460 2987 τούτων
499 2926 891 3002 προσηγορίαις
922 2924 1107 2985 ἁπλῶς
1134 2923 1508 2994 θαρῤείτωσαν
1554 2924 1695 2994 μήτε
1726 2922 1776 2974 οἰ

90 3024 304 3097 γονεῖς,
344 3019 482 3090 μήτε
521 3018 571 3069 οί
604 3014 793 3075 παῖδες
814 3053 829 3077 ,
862 3013 910 3065 οἱ
944 3011 1044 3074 τὰς
1077 3010 1450 3083 προσηγορίας
1476 3010 1775 3080 δεχόμενοι.

91 3114 234 3170 Οὐδὲ
280 3111 395 3181 γὰρ
427 3106 638 3178 ὀνίνησί
687 3124 739 3159 τι
773 3102 1115 3175 προσηγορία
1148 3103 1349 3173 ἀρετῆς
1384 3101 1588 3173 ἔρημος
1617 3098 1770 3167 οὖσα,

92 3202 233 3260 ἀλλά
280 3200 365 3252 δεῖ
393 3199 452 3250 ἐν
479 3199 547 3266 τῇ
579 3191 912 3264 κατορθώσει
947 3192 1047 3262 τῆς
1077 3190 1274 3261 ἀρετῆς
1305 3189 1402 3253 τὰς
1436 3190 1656 3254 ἐλπίδας
1677 3191 1776 3262 τῆς

95 3285 380 3358 σωτηρίας
402 3284 569 3355 ἔχειν,
598 3281 693 3335 καὶ
723 3280 860 3351 μήτε
896 3278 992 3331 ἐπὶ
1019 3276 1361 3348 προσηγορίᾳ
1387 3278 1528 3348 μέγα
1560 3282 1775 3349 φρονεῖν

96 3377 240 3446 μήτε
265 3375 359 3426 ἐπὶ
384 3369 676 3440 συγγενείᾳ
687 3366 795 3420 τῶν
810 3366 982 3435 ἁγίων
995 3363 1225 3435 ἀνδρῶν,
1250 3365 1385 3435 μήτε
1406 3366 1494 3418 ἐπ’
1510 3365 1654 3437 ἄλλῳ
1672 3384 1775 3438 μη-

92 3464 207 3517 δενὶ
224 3460 346 3514 ἀλλ’
366 3458 462 3511 ἐπὶ
476 3459 542 3528 τῇ
556 3455 667 3509 τῶν
687 3454 904 3508 οἰκείων
930 3452 1106 3523 ἔργων
1129 3452 1411 3524 παρρησίᾳ
1426 3468 1440 3484 ο
1466 3452 1616 3525 [186]
1637 3453 1774 3524 μάλ-

92 3551 186 3605 λον
208 3549 268 3601 δὲ
303 3546 443 3619 μηδέ
461 3544 555 3597 ἐπὶ
573 3542 748 3617 ταύτῃ
770 3542 913 3613 μέγα
932 3543 1169 3611 φρονεῖν,
1186 3540 1321 3594 ἀλλά
1334 3540 1453 3593 τότε
1471 3541 1668 3609 μᾶλλον
1685 3559 1778 3595 κα-

93 3635 393 3691 τεστάλθαι
410 3633 504 3687 καὶ
523 3630 853 3703 μετριάζειν,
872 3630 1001 3703 ὅταν
1013 3627 1179 3682 πολὺν
1190 3629 1282 3682 τὸν
1303 3627 1530 3681 πλοῦτον
1542 3630 1637 3700 τῆς
1652 3630 1776 3701 ἀρε-

95 3725 196 3793 τῆς
210 3701 540 3789 συναγαγεῖν
556 3701 766 3789 δυνηθῶ
772 3732 889 3787 μεψ
902 3701 1045 3769 οὕτω
1060 3714 1167 3787 γὰρ
1183 3716 1277 3769 καὶ
1291 3714 1444 3768 αὑτοί
1456 3715 1592 3785 μετά
1604 3717 1777 3785 ἀσφα-

96 3812 249 3871 λείας
276 3809 371 3862 τὸν
396 3805 723 3875 συλλεγέντα
750 3804 983 3857 πλοῦτον
1013 3804 1336 3873 συνάξομεν,
1366 3804 1459 3856 καὶ
1495 3804 1597 3874 τὴν
1626 3804 1778 3876 παρά

98 3898 193 3951 τοῦ
242 3894 384 3949 Θεοῦ
406 3892 624 3947 εὔνοιαν
652 3891 1068 3962 ἐπισπασόμεθα
1100 3892 1153 3946 ι).
1178 3890 1276 3944 Διὰ
1306 3890 1416 3962 γάρ
1442 3891 1600 3944 τοῦτο
1629 3892 1723 3945 καὶ
1749 3894 1777 3945 6

100 3983 355 4055 Χριστὸς
376 3982 531 4049 ἔλεγε
554 3982 669 4044 τοῖς
700 3979 987 4051 μαθηταῖς,
1021 3979 1209 4031 "01m-
1232 3978 1430 4032 πάντα
1455 3978 1739 4045 ποιήσετε
1760 4017 1775 4040 ,

98 4072 347 4139 λέγετε,
393 4068 483 4121 ὅτι
520 4066 750 4137 ἀχρεῖοι
786 4065 1000 4120 δοῦλοί
1034 4066 1223 4134 ἐσμεν
1248 4083 1260 4095 ·
1294 4063 1569 4134 πανταχοῦ
1614 4080 1777 4118 κατα-

104 4157 344 4213 στέλλων
368 4155 549 4209 αὐτῶν
581 4155 647 4208 τὰ
686 4155 1031 4225 φρονήματα,
1068 4152 1159 4205 καὶ
1197 4152 1399 4206 πείθων
1427 4153 1525 4223 μὲν
1563 4168 1779 4224 μετριο-

103 4249 352 4317 φρονεῖν,
401 4242 498 4297 καὶ
551 4241 629 4313 μὴ
672 4240 993 4311 ἐπαίρεσθαι
1039 4240 1131 4292 ἐπὶ
1182 4236 1618 4308 κατορθώμασιν,
1662 4236 1780 4289 ἀλλ’

104 4335 311 4388 εἰδέναι
349 4331 426 4394 ὡς
464 4332 499 4402 ἡ
535 4328 764 4401 μεγίστη
796 4327 965 4399 ἀρετὴ
995 4326 1135 4397 αὕτη
1163 4326 1396 4397 μάλιστα
1428 4325 1645 4378 πάντων
1665 4324 1781 4377 ἐστὶ

102 4423 162 4475 τὸ
191 4425 250 4475 ἐν
282 4416 716 4489 κατορθώμασιν
744 4415 874 4471 ὄντα
905 4414 1026 4469 τινὰ
1053 4412 1388 4485 μετριάζειν.

174 4508 239 4563 δ’.
270 4506 418 4560 Ἀλλ’
432 4506 524 4558 ἐπὶ
548 4504 645 4575 τὴν
664 4502 988 4557 ἀκολουθίαν
1006 4501 1167 4555 πάλιν
1189 4500 1569 4569 ἐπανέλθωμεν
1586 4498 1678 4553 τοῦ
1698 4498 1783 4551 λό-

105 4615 227 4666 γου,
274 4595 375 4647 καὶ
414 4594 614 4663 ἴδωμεν
648 4592 778 4654 τοὺς
816 4589 941 4662 ἑξῆς
969 4589 1283 4659 τεχθέντας.
1315 4588 1475 4649 Εἰκὸς
1499 4586 1608 4658 γὰρ
1644 4587 1782 4641 κατὰ

106 4684 309 4755 μικρὸν
346 4680 637 4751 προϊόντας
671 4678 894 4750 μείζονα
921 4675 1195 4749 θησαυρὸν
1239 4676 1445 4746 εὑρεῖν,
1487 4674 1581 4728 καί¹
1618 4675 1783 4728 πολὺν

103 4773 204 4825 καὶ
238 4771 453 4839 ἄφατον
498 4767 746 4821 πλοῦτον.
778 4767 887 4820 Καὶ
919 4765 1114 4831 ἔζησε,
1148 4764 1335 4834 φησὶν,
1383 4762 1581 4828 Ὲνὼς,
1610 4757 1785 4826 οὗτος

107 4863 139 4916 ό
161 4859 272 4913 τοῦ
296 4860 423 4925 Σὴθ
443 4855 592 4922 υίὸς,
614 4856 717 4921 ἔτη
738 4853 953 4909 ἑκατὸν
965 4851 1348 4916 ἐνενήκοντα,
1372 4850 1467 4903 καὶ
1494 4850 1785 4919 ἐγέννησε

109 4946 219 5000 τὸν
266 4942 521 5004 Kuh-(ir,
573 4940 669 4994 καὶ
720 4937 947 4994 Κατνᾶν
971 4936 1260 5007 ἐγέννησε
1291 4935 1400 4988 τὸν
1442 4932 1783 5001 Μαλελεὴλ,

110 5034 205 5086 καὶ
229 5028 561 5096 Μαλελεὴνῖ
588 5027 879 5098 ἐγέννησε
901 5026 1009 5079 τὸν
1052 5022 1266 5092 Ἰαρὲδ,
1296 5020 1392 5074 καὶ
1429 5020 1610 5089 ἰαρὲδ
1624 5020 1788 5088 ἐγέν-

110 5137 262 5187 νησε
296 5118 406 5171 τὸν
439 5115 639 5184 Ἑνώχ.
673 5115 781 5169 Καὶ
807 5113 1021 5180 ἔζησεν
1062 5108 1247 5179 Ἑνὼχ
1274 5109 1378 5178 ἐτη
1408 5108 1627 5163 ἑκατὸν
1652 5106 1790 5172 ἐξῆ..

112 5225 296 5261 κοντα
331 5204 533 5267 πέντε,
561 5204 658 5257 καὶ
690 5200 980 5271 ἐγέννησε
996 5199 1103 5251 τὸν
1138 5195 1528 5251 Μαθουσάλα.
1565 5193 1788 5262 Εὐηρέ-

113 5313 308 5364 στησε
333 5295 403 5348 δὲ
429 5334 444 5358 ,
494 5294 646 5363 φησί,
689 5292 770 5358 τῷ
812 5289 934 5355 Θεῷ
973 5288 1183 5358 Ἑνὼχ,
1216 5288 1314 5341 καί
1347 5287 1561 5353 ἔζησεν
1601 5285 1789 5354 Ἐνὼχ

111 5384 256 5455 μετὰ
293 5384 359 5435 τὸ
384 5380 679 5452 γεννῆσαι
715 5378 904 5433 αὑτὸν
936 5377 1043 5431 τὸν
1075 5373 1447 5429 Μαθουσάλα
1472 5373 1577 5441 ἐτη
1602 5373 1793 5426 διακό-

114 5489 235 5537 σια,
288 5472 384 5523 καί
434 5470 766 5537 ἐγέννησεν
794 5465 964 5533 υἱοὺς
993 5464 1091 5518 καὶ
1142 5462 1469 5533 θυγατέρας
1491 5500 1505 5523 ,
1541 5459 1639 5513 καὶ
1669 5459 1792 5529 ἑτέ-

117 5576 295 5613 νοντο
310 5560 369 5610 al
393 5557 603 5625 ἡμέραι
632 5552 817 5623 Ἑνὼχ
830 5552 935 5619 ἔτη
958 5552 1265 5620 τριακόσια
1278 5547 1573 5615 ἐξήκοντα
1593 5545 1789 5599 πέντε.

114 5647 221 5702 Καὶ
249 5646 671 5711 εὺηίέστησεν
710 5641 892 5708 Ἑνὼχ
922 5639 1001 5705 τῷ
1029 5636 1171 5704 Θεῷ,
1204 5638 1303 5692 καὶ
1327 5638 1440 5704 οὐχ
1460 5635 1792 5705 εὑρίσκετο,

116 5734 259 5788 διότι
293 5733 624 5803 μετέθηκεν
655 5731 844 5786 αὑτὸν
879 5733 911 5783 ὁ
946 5729 1111 5795 Θεός.
1147 5728 1221 5782 Οὐ
1253 5726 1434 5790 καλῶς
1464 5725 1671 5796 ἔλεγον,
1707 5726 1789 5779 ὅτι

179 5835 206 5865 ⁸
232 5836 447 5894 Septem
469 5847 587 5883 mss.
615 5832 895 5893 ἐπιτίθεμεν,
921 5829 1067 5894 male.

179 5895 210 5937 δ
244 5891 347 5946 Alii
399 5896 731 5944 συνάευ-ιιυεν...
774 5891 1164 5941 ἐπισπασώιιεθα.

1151 282 1220 340 ΙΝ
1257 281 1409 338 CAP.
1452 283 1493 338 V
1530 278 1620 336 ET
1656 276 1741 334 Vl.
1799 276 2041 333 GENES.
2088 274 2322 333 HOMIL.
2365 276 2509 333 XXI.

3451 290 3552 346 180

1892 398 2181 470 προϊόντες
2208 398 2375 453 πολὺν
2408 399 2504 453 καὶ¹
2539 399 2746 470 ἄφατον
2790 401 3093 472 εὑρήσομεν
3119 404 3346 460 πλοῦτον
3382 421 3554 459 πνευ-

1891 497 2122 566 ματικὸν
2150 500 2208 551 ἐν
2228 497 2438 562 τούτοις
2466 500 2760 571 ὀνόμασιν;
2807 502 3006 559 Ἐννόει
3036 504 3145 573 γάρ
3176 522 3265 575 μοι
3297 504 3549 567 ἐνταῦθα,

1888 595 2141 664 ἀγαπητέ
2163 635 2178 660 ,
2213 597 2309 649 καὶ
2341 598 2436 650 τοῦ
2469 598 2677 652 δικαίου
2721 601 2821 670 τὴν
2855 602 3077 672 ἀρετὴν,
3107 603 3321 656 καὶτοῦ
3344 602 3553 671 ἀγαθοῦ

1888 688 2023 743 Θεοῦ
2059 691 2158 763 τὴν
2192 693 2637 764 ὑπερϐάλλουσαν
2660 695 3092 767 φιλανθρωπίαν,
3130 700 3225 752 καὶ
3274 700 3373 769 τῆς
3400 697 3552 761 θείας

1888 784 2110 857 Γραφῆς
2132 788 2228 858 τὴν
2260 788 2564 860 ἀκρίϐειαν.
2590 791 2825 859 Ἕζησε,
2857 791 3041 865 φησὶν,
3081 793 3270 861 Ἑνὼχ
3298 794 3400 862 ἔτη
3426 794 3555 847 ἐκα-

1888 883 1994 938 τὸν
2019 885 2317 951 ἐξήκοντα
2351 889 2551 952 πέντε,
2579 891 2676 944 καὶ
2703 891 2993 961 ἐγέννησε
3031 893 3137 946 τὸν
3157 892 3549 955 Μαθουσάλα,

1888 981 1988 1037 καὶ
2012 983 2403 1053 εὐηρέστησε,
2433 987 2617 1058 φησὶν,
2661 986 2841 1055 Ἑνὼχ
2880 985 2959 1052 τῷ
3001 986 3122 1054 Θεῷ
3148 992 3301 1057 μετὰ
3336 991 3401 1043 τὸ
3428 1006 3554 1059 τεν-

1886 1076 2071 1143 νῆσαι
2093 1080 2279 1134 αὑτὸν
2295 1081 2402 1135 τὸν
2433 1081 2822 1137 Μαθουσάλα.

1970 1172 2338 1229 Ἀκουέτωσαν
2364 1176 2458 1230 καὶ
2506 1177 2697 1248 ἄνδρες
2726 1178 2821 1232 καὶ
2852 1180 3133 1246 γυναῖκες,
3164 1178 3258 1233 καί
3304 1176 3551 1231 παιδευέ-

1889 1267 2103 1327 σθωσαν
2126 1271 2221 1325 τοῦ
2248 1272 2455 1325 δικαίου
2476 1271 2578 1342 τὴν
2595 1270 2817 1343 ἀρετὴν,
2844 1272 2938 1325 καὶ
2966 1271 3040 1343 μὴ
3068 1270 3434 1341 νομιζέτωσαν
3466 1270 3554 1326 τὸν

1886 1363 2062 1433 γάμον
2092 1363 2321 1438 κώλυμα
2343 1359 2483 1421 εἶναι
2514 1364 2651 1435 πρὸς
2673 1364 2771 1435 τὴν
2801 1365 3158 1436 εὐαρέστησιν
3180 1365 3278 1436 τὴν
3308 1365 3445 1436 πρὸς
3459 1363 3552 1417 τὸν

1886 1457 2035 1511 Θεόν.
2068 1460 2166 1514 Διὰ
2188 1460 2295 1532 γάρ
2315 1460 2472 1515 τοῦτο
2498 1460 2592 1513 καί¹
2614 1460 2757 1526 ἅπαξ
2780 1462 2874 1514 καὶ
2901 1460 3149 1532 δεύτερον
3170 1462 3552 1531 ἐπεσημήνατο

1885 1555 2117 1625 λέγουσα
2152 1559 2187 1629 ἡ
2247 1557 2366 1610 θεία
2403 1558 2615 1628 Γραφὴ,
2648 1558 2729 1610 ὅτι
2767 1557 3025 1629 ἐγέννησε
3062 1557 3151 1610 τὸν
3198 1555 3549 1619 Μαθουσάλα,

1885 1653 1980 1706 καὶ
2007 1654 2129 1711 τότε
2152 1653 2505 1726 εὐηρέστησε,
2535 1656 2629 1711 καὶ
2654 1654 2816 1708 πάλιν
2843 1655 2904 1708 τὸ
2930 1654 3062 1708 αὐτὸ
3094 1654 3441 1708 ἐδιπλασίασε
3464 1653 3552 1706 λέ-

1885 1765 2076 1817 γουσα,
2101 1750 2209 1803 Καὶ
2246 1742 2620 1819 ὠηρέστησε
2637 1749 2790 1819 μετὰ
2816 1749 2884 1803 τὸ
2918 1748 3210 1819 γεννῆσαι
3235 1751 3443 1815 αὑτὸν,
3466 1749 3555 1803 ἶνα

1888 1848 1962 1918 μή
1998 1864 2081 1910 τις
2112 1846 2308 1919 νομίσῃ
2333 1846 2718 1916 ἐμποδίζεσθαι
2754 1846 2889 1918 πρὸς
2924 1847 3023 1919 τὴν
3047 1848 3249 1919 ταύτης
3274 1848 3552 1919 κατόρθω-

1885 1956 1991 1995 σιν.
2023 1940 2146 1994 Ἐὰν
2169 1941 2276 2010 γάρ
2298 1941 2715 2013 νήφωμεν,οὐτε
2742 1943 2937 2014 γάμος,
2967 1942 3088 1997 οὒτε
3109 1945 3406 2017 ἀνατροφὴ,
3427 1944 3552 1998 οὐτε

1884 2035 2067 2107 ἔτερόν
2095 2054 2145 2089 τι
2176 2037 2465 2106 ἐμποδίσαι
2494 2038 2625 2108 ἡμῖν
2653 2038 2940 2110 δυνήσεται
2969 2042 3048 2105 εἰς
3069 2038 3167 2112 τὴν
3195 2040 3553 2113 εὐαρέστησιν

1882 2133 1982 2203 τὴν
1998 2133 2134 2205 πρὸς
2159 2133 2425 2188 τὸνθεόν.
2473 2133 2602 2187 Ἰδοὺ
2634 2132 2742 2205 γὰρ
2770 2135 2863 2189 καὶ
2908 2127 3064 2200 οὗτος
3089 2137 3187 2206 τῆς
3223 2137 3394 2208 αὐτῆς
3423 2139 3555 2209 ἡμῖν

1885 2226 2101 2297 φύσεως
2132 2228 2435 2299 τυγχάνων,
2462 2230 2559 2283 καὶ
2595 2229 2720 2285 οὕτε
2750 2231 2913 2302 νόμου
2941 2230 3183 2296 δοθέντος
3208 2271 3226 2299 ,
3256 2231 3379 2285 οὔτε
3414 2233 3556 2304 Γραη

1886 2325 2001 2394 φῶν
2032 2326 2299 2395 κειμένων
2331 2325 2440 2380 τῶν
2468 2326 2873 2393 διδασκουσῶν,
2907 2327 3031 2382 οὔτε
3074 2328 3259 2399 ἑτέρου
3289 2328 3432 2392 τινὸς
3472 2331 3555 2393 εἰς

1886 2422 2203 2490 φιλοσοφίαν
2227 2422 2533 2489 ἐνάγοντος,
2560 2421 2771 2475 οἴκοθεν
2801 2424 2894 2477 καὶ
2909 2424 3019 2478 ἀπὸ
3034 2425 3407 2497 προαιρέσεως
3429 2443 3553 2481 τοσ-

1884 2518 2056 2586 αύτην
2085 2515 2398 2581 ἐπεδείξατο
2426 2516 2525 2588 τὴν
2553 2517 2936 2588 εὐαρέστησιν,
2967 2518 3043 2583 ὡς
3073 2520 3236 2591 μέχρι
3258 2521 3356 2591 τῆς
3386 2522 3556 2593 σήμε-

1887 2631 1979 2684 ρον
2031 2613 2356 2685 διαρκέσαι,
2407 2613 2502 2667 καὶ
2539 2614 2766 2684 μηδέπω
2801 2615 2893 2667 καί.
2939 2613 3035 2668 νῦν
3078 2617 3275 2687 πεῖραν
3322 2616 3554 2671 θανάτου

1883 2706 2087 2760 λαϐεῖν.
2126 2707 2189 2759 Εἰ
2246 2706 2355 2776 γὰρ
2386 2708 2414 2759 6
2442 2706 2638 2775 γάμος,
2690 2705 2962 2776 ἀγαπητέ,
3008 2706 3103 2760 καὶ
3133 2708 3165 2777 ἠ
3198 2707 3556 2778 παιδοτροφία

1885 2800 2113 2871 κώλυμα
2142 2800 2341 2872 ῆμελλε
2363 2799 2606 2869 γίνεσθαι
2629 2799 2767 2871 πρὸς
2793 2800 2891 2871 τὴν
2919 2800 3017 2872 τῆς
3040 2801 3242 2873 ἀρετῆς
3278 2802 3416 2865 ὁδὸν,
3456 2802 3556 2857 οὐκ

1885 2898 2167 2970 εἰσήνεγκε
2206 2897 2383 2966 γάμον
2408 2897 2487 2959 εἰς
2514 2895 2606 2949 τὸν
2638 2895 2752 2966 βίον
2790 2895 2880 2948 τὸν
2931 2896 3198 2967 ἡμέτερον
3226 2897 3253 2950 6
3288 2896 3394 2951 τῶν
3419 2897 3557 2950 ὅλων

1883 2993 2232 3066 δημιουργὸς,
2268 2993 2356 3046 ἵνα
2390 2991 2465 3063 μὴ
2496 2992 2554 3045 ἐν
2592 2994 2704 3055 τοῖς
2733 2990 2966 3063 καιρίοις
3018 2991 3110 3046 καὶ
3161 2991 3365 3065 σφόδρα
3392 2992 3558 3062 ἀναγ-

1886 3090 2191 3160 καιοτέροις
2216 3090 2361 3158 ἡμᾶς
2387 3087 2713 3159 λυμήνηται.
2755 3087 2897 3140 Ἀλλ’
2928 3086 3112 3159 ἐπειδὴ
3133 3088 3193 3141 οὐ
3219 3088 3376 3159 μόνον
3405 3089 3557 3144 οὐδὲν

1882 3183 2016 3254 ἡμῖν
2036 3182 2316 3255 ἐμποδίζει
2345 3183 2481 3254 πρὸς
2505 3183 2606 3253 τὴν
2632 3183 2774 3236 κατὰ
2794 3183 2925 3236 Θεὸν
2948 3182 3286 3253 φιλοσοφίαν,
3311 3182 3406 3238 ἐὰν
3431 3184 3556 3255 βου-

1883 3277 2105 3350 λώμεθα
2146 3278 2298 3352 [187]
2327 3280 2538 3351 νήφειν,
2562 3278 2700 3332 ἀλλὰ
2729 3279 2824 3332 καὶ
2856 3278 3056 3349 πολλὴν
3078 3280 3207 3350 ἡμῖν
3225 3280 3435 3349 εἰσάγει
3459 3280 3559 3352 τὴν

1886 3378 2240 3451 παραμυθίαν
2297 3376 2632 3449 μαινομένην
2673 3376 2777 3447 τὴν
2827 3377 2989 3445 φύσιν
3028 3377 3464 3431 καταστέλλουσα
3503 3388 3554 3443 ε,

1884 3473 1981 3528 καὶ
2005 3474 2105 3528 οὐκ
2134 3474 2354 3543 ἀφιεῖσα
2382 3470 2643 3539 πελάγιον
2678 3468 2946 3536 σαλεύειν,
3008 3469 3146 3524 ἀλλὰ
3197 3470 3458 3541 διηνεκῶς
3500 3474 3558 3524 ἐν

1885 3570 2066 3640 λιμένι
2090 3570 2149 3622 τὸ
2174 3568 2380 3638 σκάφος
2399 3568 2575 3638 ὁρμᾷν
2604 3566 3122 3637 παρασκευάζουσα,
3152 3567 3242 3621 διὰ
3280 3567 3438 3621 τοῦτο
3462 3567 3558 3637 τὴν

1886 3665 2134 3719 ἐντεῦθεν
2162 3663 2513 3736 παραμυθίαν
2529 3662 2818 3735 ἐχαρίσατο
2837 3663 2914 3737 τῷ
2933 3662 3039 3715 τῶν
3061 3663 3364 3734 ἀνθρώπων
3389 3664 3556 3731 γένει.

1887 3762 2010 3815 Ὀτι
2041 3760 2151 3833 γὰρ
2204 3760 2382 3832 ἀληθῆ
2435 3758 2502 3813 τὰ
2539 3759 2670 3831 παρ’
2705 3759 2860 3829 ἡμῶν
2893 3758 3177 3828 λεγόμενα,
3232 3759 3501 3812 δείκνυσιν
3530 3761 3559 3812 6

1885 3856 2090 3919 δίκαιος
2127 3846 2302 3918 οὗτος.
2331 3854 2485 3908 Μετά
2523 3853 2632 3924 γὰρ
2656 3853 2718 3907 τὸ
2743 3852 3019 3923 γεννῆσαι,
3047 3854 3201 3924 φησὶ,
3224 3854 3316 3907 τὸν
3340 3854 3558 3908 Μαθου-

1888 3952 2044 4018 σάλα,
2078 3950 2444 4022 εὐηρέστησεν
2489 3948 2659 4018 Ἑνὼχ
2703 3947 2779 4018 τῷ
2802 3947 2941 4019 Θεῷ,
2978 3949 3072 4002 καὶ
3102 3950 3164 4001 οὐ
3201 3949 3408 4022 βραχύν
3439 3967 3558 4002 τινα

1887 4048 2117 4119 ἀριθμὸν
2139 4049 2395 4120 διήρκεσε
2423 4045 2523 4118 τὴν
2549 4047 2751 4118 ἀρετὴν
2793 4044 3013 4116 μετιὼν,
3049 4045 3209 4109 ἀλλὰ,
3259 4046 3414 4117 φησὶ,
3445 4046 3560 4098 δια-

1889 4147 2046 4201 κόσια
2068 4146 2184 4218 ἐτη.
2217 4144 2328 4199 Καὶ
2358 4143 2545 4215 ἐπειδὴ
2581 4143 2718 4214 μετά
2746 4144 2845 4215 τὴν
2884 4142 2978 4196 τοῦ
3004 4142 3427 4213 πρωτοπλάστου
3450 4161 3557 4199 πα-

1891 4243 2120 4315 ράϐασιν
2152 4241 2352 4314 εὑρέθη
2378 4240 2665 4311 ἄνθρωπος
2698 4239 2833 4308 πρὸς
2856 4238 3023 4310 αὐτὴν
3053 4238 3152 4310 τὴν
3185 4239 3428 4310 κορυφὴν
3461 4240 3561 4309 τῆς

1889 4340 2093 4410 ἀρετῆς
2129 4338 2315 4402 ἀνιὼν,
2347 4339 2440 4391 καὶ
2470 4337 2568 4408 τὴν
2610 4334 2704 4389 τοῦ
2743 4335 3084 4407 προπάτορος
3129 4334 3402 4405 ἁμαρτίαν
3441 4335 3562 4389 ἀνα-

1892 4434 2222 4506 καλούμενος
2249 4435 2336 4489 διά
2364 4434 2462 4505 τῆς
2488 4431 2696 4495 οἰκείας
2728 4431 3159 4504 εὐαρεστήσεως,
3186 4432 3288 4502 ὅρα
3310 4432 3405 4484 τοῦ
3428 4431 3563 4498 ἀγα-

1892 4532 1985 4586 θοῦ
2003 4530 2135 4584 Θεοῦ
2157 4530 2253 4603 τὴν
2274 4529 2719 4600 ὑπερϐάλλουσαν
2739 4527 2930 4598 φιλανθ
2940 4527 3169 4600 ρωπίαν.
3203 4526 3418 4599 Ἐπειδὴ
3439 4523 3563 4598 εὗρε

1892 4627 2187 4699 δυνηθέντα
2214 4624 2651 4680 ἀνακαλέσασθαι
2682 4624 2742 4678 τὸ
2764 4624 3069 4695 ἁμάρτημα
3090 4622 3183 4676 τοῦ
3226 4623 3416 4695 Ἀδὰμ,
3459 4622 3566 4674 δει-

1894 4728 2022 4789 κνὺς
2057 4725 2122 4778 δι’
2154 4725 2334 4779 αὐτῶν
2359 4724 2467 4778 τῶν
2498 4721 2856 4797 πραγμάτων,
2893 4722 2973 4775 ὅτι
3014 4722 3076 4775 οὐ
3110 4720 3431 4792 βουλόμενος
3476 4720 3565 4774 τὸν

1895 4824 2121 4878 θάνατον
2178 4825 2478 4891 ἐπαγαγεῖν
2522 4820 2599 4892 τῷ
2638 4819 2784 4889 γένει
2830 4818 2909 4890 τῷ
2934 4818 3186 4890 ἡμετέρῳ
3226 4816 3312 4869 διὰ
3343 4816 3441 4886 τὴν
3466 4815 3565 4882 τῆς

1896 4919 2117 4990 ἐντολῆς
2146 4918 2458 4991 παράϐασιν
2484 4916 2672 4971 τοῦτον
2706 4914 3023 4970 κατεδίκασε
3045 4953 3059 4978 ,
3094 4912 3186 4965 τὸν
3216 4910 3315 4979 τὴν
3347 4908 3566 4979 ἐντολὴν

1895 5015 2204 5088 δεξάμενον,
2237 5015 2424 5070 τοῦτον
2464 5015 2639 5079 ζῶντα
2678 5011 2985 5086 μεθίστησι.
3025 5008 3136 5064 Καὶ
3170 5005 3566 5075 εὐηρέστησε,

1898 5118 2081 5188 φησιν,
2116 5115 2304 5185 Ἑνὼχ
2326 5114 2407 5181 τῷ
2438 5112 2579 5178 Θεῷ,
2608 5112 2706 5166 καὶ
2740 5112 2848 5179 οὐχ
2887 5109 3220 5176 εὑρίσκετο,
3254 5106 3403 5159 διότι
3431 5123 3569 5174 μετ-

1896 5215 2113 5283 έθηκεν
2143 5216 2331 5267 αὑτὸν
2357 5215 2390 5265 ό
2418 5211 2581 5275 Θεός.
2628 5208 2791 5281 Ὀρᾴς
2825 5205 3018 5275 σοφίαν
3062 5202 3366 5267 Δεσπότου;
3420 5202 3567 5256 Μετ-

1900 5312 2064 5381 ἐθηκε
2095 5308 2292 5375 ζῶντα,
2321 5307 2444 5378 οὐχὶ
2472 5304 2773 5360 ἀθανασίαν
2800 5301 3111 5374 ἐχαρίσατο,
3148 5300 3237 5353 ἵνα
3267 5297 3342 5370 μὴ
3367 5297 3573 5366 ἐκλύσῃ

1899 5407 1995 5462 τοῦ
2029 5404 2499 5479 πλημμελήματος
2530 5403 2623 5457 τὸν
2664 5402 2829 5473 φόϐον
2849 5441 2863 5466 ,
2913 5399 3030 5453 ἀλλ’
3052 5398 3263 5468 ἀφῆκεν
3301 5395 3572 5466 ἀκμάζειν

1898 5503 1976 5575 τῷ
2009 5502 2115 5557 τῶν
2142 5501 2445 5573 ἀνθρώπων
2489 5501 2654 5570 γένει.
2682 5500 2781 5553 Διά
2800 5496 2960 5553 τοῦτο
2991 5496 3153 5550 πάλιν
3190 5491 3465 5563 ἀμυδρῶς,
3498 5490 3573 5553 ὡς

1901 5602 2098 5668 εἰπεῖν,
2146 5599 2242 5653 καὶ
2302 5597 2671 5661 λανθανόντως
2727 5590 3165 5651 ἀνακαλέσασθαι
3206 5588 3452 5660 βούλεται
3474 5584 3574 5655 τὴν

1970 5761 1993 5789 ο
2038 5758 2145 5807 Hoc
2183 5761 2235 5807 et
2276 5757 2374 5806 duo
2425 5757 2685 5820 sequentia
2726 5753 2981 5820 parlicipia
3023 5750 3071 5798 in
3111 5748 3571 5820 femiqino‘gef'ﬁie

1905 5804 2148 5869 οιὶιίίἷὲὶιὶ
2175 5804 2964 5883 0161111779656mgéfjihdnifafaorpoéia
3000 5824 3178 5873 nempe
3222 5804 3410 5859 simula
3443 5804 3573 5852 refe-

1907 5890 2081 5915 PHH'HP
