3804 6306
325 325 420 383 181

326 447 622 515 ἀπόφασιν,
648 441 713 513 ἦν
743 438 884 494 κατά
911 437 1006 492 τοῦ
1045 437 1214 508 Ἀδάμ
1234 438 1512 509 ἐξήνεγκε.
1561 438 1702 491 Ἀλλ’
1745 438 1804 491 οὐ
1837 439 1980 490 ποιεῖ

323 534 456 587 αὐτὸ
484 528 736 602 φανερὸν,
771 529 857 580 ἵνα
900 528 930 578 6
959 526 1120 594 φόϐος
1150 525 1271 578 ἀντὶ
1311 525 1686 596 σωφρονισμοῦ
1735 525 1968 595 γένηται.

323 621 420 674 Διά
465 619 624 672 τοῦτο
651 613 1090 686 εὐαρεστήσαντα
1137 611 1226 665 τὸν
1265 612 1433 682 Ἑνὼχ
1464 612 1779 684 μετέθηκεν.
1830 614 1892 665 El
1922 612 1978 665 δέ

319 723 403 769 τις
437 704 672 774 βούλοιτο
698 698 1176 770 περιεργάζεσθαι,
1208 699 1302 751 καὶ
1329 698 1534 768 λέγειν,
1572 701 1662 754 καὶ
1690 699 1795 753 ποῦ
1815 700 1977 752 αὐτὸν

321 791 586 862 μετέθηκε
597 806 621 854 3
657 787 749 840 καὶ
775 787 824 838 εί
848 785 1008 856 μέχρι
1039 785 1132 838 τοῦ
1167 786 1431 857 παρόντος
1455 787 1738 859 διήρκεσε;
1771 787 1978 858 μανθα-

316 878 454 931 νέτω
493 875 572 946 μὴ’
600 875 875 943 λογισμοῖς
899 873 1258 943 ἀνθρωπίνοις
1283 875 1697 929 κατακολουθεῖν
1715 916 1728 938 ,
1758 876 1852 928 καὶ
1906 875 1977 928 τά

313 962 465 1036 παρά
493 962 588 1016 τοῦ
631 961 768 1045 Θεοῦ
817 960 1310 1031 πολυπραγμονεῖν,
1345 962 1478 1015 ἀλλά
1534 965 1810 1017 πιστεύειν
1860 968 1976 1030 τοῖς

312 1049 642 1120 λεγομένοις.
671 1049 840 1102 Ὅταν
869 1048 975 1117 γὰρ
1002 1049 1030 1100 6
1053 1047 1181 1110 Θεὸς
1203 1049 1570 1118 ἀποφαίνηταί
1594 1069 1666 1112 τι,
1691 1054 1750 1105 οὐ
1776 1053 1858 1106 δεῖ
1880 1053 1976 1106 ἀνο

310 1136 588 1190 τιϐλέπειν
613 1137 726 1198 τοῖς
754 1135 996 1205 ῥηθεῖσιν
1019 1176 1033 1199 ,
1065 1134 1201 1187 ἀλλά
1224 1135 1291 1188 τά
1330 1136 1481 1205 παρά
1515 1135 1609 1190 τοῦ
1653 1138 1786 1191 Θεοῦ
1823 1139 1976 1207 λεγό-

313 1245 449 1298 μενα
475 1226 888 1296 ἀξιοπιστότερα
915 1226 1185 1295 ἡγεῖσθαι,
1218 1225 1321 1278 κᾶν
1357 1225 1430 1296 μὴ
1450 1225 1704 1298 φαίνηται
1735 1227 1844 1281 τῶν
1869 1229 1974 1282 ὐπὸ

308 1319 422 1379 τοῖς
446 1313 743 1383 ὀφθαλμοῖς
771 1313 1038 1382 κειμένων
1067 1313 1178 1374 τοῖς
1207 1312 1514 1383 ἡμετέροις.
1549 1314 1670 1366 ’Ότι
1708 1313 1816 1385 γὰρ
1847 1333 1966 1386 μετ·

310 1402 506 1470 έθηκεν
556 1401 718 1456 αὐτὸν
757 1395 910 1452 εἶπεν
947 1400 980 1469 ή
1010 1397 1128 1452 θὲία
1156 1399 1346 1470 Γραφὴ
1368 1439 1383 1462 ,
1419 1401 1514 1453 καὶ
1547 1402 1629 1454 ὅτι
1667 1402 1844 1466 ζῶντα
1876 1421 1973 1472 με-

307 1490 524 1559 τέθηκε,
572 1489 664 1542 καὶ
699 1489 892 1559 πεῖραν
931 1485 1006 1557 μὴ
1043 1485 1272 1539 λαϐόντα
1298 1486 1548 1552 θανάτου,
1581 1488 1717 1542 ἀλλὰ
1762 1489 1848 1542 διά
1874 1491 1973 1561 τῆς

307 1576 515 1639 οἰκείας
540 1575 951 1645 εὐαρεστήσεως
976 1571 1248 1645 ἀνώτερον
1268 1573 1526 1642 γεγονότα
1550 1575 1648 1646 τῆς
1675 1575 1973 1647 ἐξενεχθεί-

311 1679 412 1731 σης
452 1661 781 1730 ἀποφάσεως
833 1659 974 1713 κατὰ
1002 1658 1096 1712 τοῦ
1127 1657 1235 1712 τῶν
1263 1659 1566 1730 ἀνθρώπων
1593 1661 1804 1729 γένους.
1860 1662 1968 1717 Ποῦ

306 1747 366 1801 δέ
388 1748 564 1808 αὐτὸν,
582 1747 901 1818 μετέθηκεν,
927 1747 1020 1800 καὶ
1049 1747 1196 1812 ὅπως
1227 1745 1322 1801 νῦν
1352 1747 1528 1816 διάγει
1546 1747 1704 1802 τοῦτο
1727 1749 1786 1802 οὐ
1808 1766 1974 1821 προσ-

307 1838 524 1909 έθηκεν.

378 1934 440 1982 ε’.
474 1922 626 1987 Εἶδες
672 1924 984 1997 ἀγαθότητα
1019 1924 1309 1990 Δεσπότου,
1345 1925 1460 1988 πῶς
1482 1923 1656 1996 εὑρὼν
1677 1925 1842 1996 ἄνδρα
1869 1927 1970 1997 τήν

304 2013 504 2086 ἀρετὴν
525 2011 924 2085 κατωρθωκότα
940 2049 955 2074 ,
976 2011 1292 2065 οὐκάπεστέ
1301 2028 1464 2082 ρησεν
1501 2011 1660 2065 αὐτὸν
1674 2013 1770 2082 τῆς
1787 2011 1964 2080 ἀξίας,

304 2103 370 2172 ἥν
402 2101 479 2172 τῷ
510 2098 917 2170 πρωτοπλάστῳ
968 2098 1258 2170 ἐχαρίσατο
1307 2100 1413 2168 πρὸ
1458 2099 1555 2170 τῆς
1603 2099 1967 2170 παραϐάσεως

303 2189 401 2259 τῆς
429 2186 679 2254 ἐντολῆς,
714 2184 976 2239 διδάσκων
1012 2187 1190 2256 ἡμᾶς,
1240 2185 1319 2238 ὃτι
1340 2187 1608 2250 κάκεῖνος,
1642 2187 1689 2238 εί
1745 2187 1820 2258 μὴ
1866 2188 1965 2259 τὴν

303 2276 516 2345 ἀπάτην
555 2272 887 2343 προετίμησε
933 2272 1031 2342 τῆς
1063 2271 1307 2341 δοθείσης
1344 2272 1600 2342 ἐντολῆς,
1630 2273 1741 2327 τῶν
1787 2275 1966 2329 αὐτῶν

302 2361 368 2416 ἃν
396 2360 646 2432 ήξίωτοῆ
684 2361 777 2413 καὶ
812 2358 1109 2430 μειζόνων;
1163 2359 1273 2411 Καὶ
1317 2359 1511 2425 ἔζησε,
1545 2363 1696 2431 φησι,
1732 2365 1966 2417 Μαθου-

301 2448 464 2502 σὰλα
509 2449 612 2516 ἐτη
664 2445 882 2500 ἑκατὸν
919 2444 1290 2512 ὀγδοήκοντα
1331 2446 1502 2507 ἑπτὰ,
1543 2449 1638 2500 καὶ
1673 2449 1965 2518 ἐγέννησε

301 2535 409 2590 τὸν
436 2535 636 2604 Λάμεχ
652 2551 666 2566 ο
691 2533 786 2587 καὶ
804 2531 980 2599 ἔζησε
995 2531 1195 2600 Λάμεχ
1215 2532 1318 2599 ἐτη
1341 2533 1558 2586 ἑκατὸν
1577 2534 1961 2604 ὀγδοήκοντα,

300 2623 397 2676 καί
426 2622 755 2693 ἐγέννησεν
782 2619 936 2683 υιὸν,
962 2619 1061 2672 καὶ
1087 2620 1438 2688 ἐπωνόμασε
1470 2621 1534 2674 τὸ
1566 2622 1752 2692 ὄνομα
1779 2625 1962 2679 αὐτοῦ

300 2710 446 2770 Νῶε.
481 2709 676 2779 λέγων
699 2722 714 2739 ο
759 2702 948 2772 οὗτος
978 2706 1055 2774 δὴ
1090 2707 1471 2762 ἀναπαύσειιι
1507 2710 1663 2778 ἡμᾶς
1695 2711 1812 2765 ἀπὸ
1846 2713 1964 2766 τῶν

299 2797 654 2870 [188]ἐργων
686 2795 873 2866 ἡμῶν,
895 2794 988 2848 καί
1016 2794 1134 2852 ἀπὸ
1156 2794 1271 2848 τῶν
1296 2795 1584 2866 λυπηρῶν
1603 2797 1721 2851 τῶν
1751 2800 1964 2868 χειρῶν

299 2884 486 2954 ἡμῶν,
531 2882 630 2938 xal
670 2882 788 2936 ἀπὸ
837 2881 948 2950 τῆς
975 2882 1108 2952 γῆς,
1165 2877 1242 2952 ἧς
1274 2884 1655 2951 κατηράσατο
1685 2887 1896 2954 Κύριος
1929 2891 1962 2942 ό

299 2973 463 3035 Θεός.
501 2971 642 3041 Ὅρα
668 2969 828 3023 πάλιν
859 2968 947 3021 διὰ
973 2969 1072 3038 τῆς
1105 2971 1471 3041 προσηγορίας
1503 2971 1596 3023 τοῦ
1629 2973 1721 3024 νῦν
1746 2973 1963 3043 τεχθέν-

298 3075 386 3121 τος
414 3055 520 3109 ὐπὸ
546 3055 640 3108 τοῦ
667 3056 857 3125 Λάμεχ
885 3055 1194 3125 μυστηρίων
1223 3057 1282 3108 τὸ
1314 3058 1558 3128 μέγεθος,
1586 3061 1678 3112 καὶ
1713 3063 1960 3132 προρρήο

299 3159 436 3205 σεως
465 3140 789 3212 ὐπερϐολὴν,
831 3141 925 3194 καὶ
953 3142 1356 3212 φιλανθρωπίαν
1387 3145 1589 3212 ἄφατον
1622 3146 1714 3199 τοῦ
1753 3147 1958 3216 ἀγαθοῦ

297 3228 454 3282 Θεοῦ.
511 3226 726 3298 Ἐπειδὴ
774 3226 884 3297 γάρ
931 3231 998 3299 τῇ
1038 3229 1213 3299 οἰκείᾳ
1256 3234 1557 3299 προγνώσει
1582 3233 1650 3285 τὰ
1697 3234 1958 3303 μέλλοντα

297 3314 572 3386 προεώρα,
607 3314 728 3368 ίδὼν
751 3313 847 3386 τὴν
879 3314 1077 3367 κακίαν
1103 3315 1210 3369 τῶν
1243 3317 1543 3387 ἀνθρώπων
1568 3320 1956 3392 αὐξανομένην,

297 3402 553 3474 προλέγει
589 3402 677 3456 διά
718 3403 816 3471 τῆς
843 3400 937 3454 τοῦ
977 3401 1165 3464 παιδὸς
1191 3403 1558 3475 προσηγορίας
1596 3407 1664 3460 τά
1699 3408 1959 3477 μέλλοντα

297 3488 708 3559 καταλήψεσθαι
740 3487 887 3542 κακά
929 3487 1076 3542 ἀπαν
1103 3487 1164 3542 τὸ
1193 3489 1302 3542 τῶν
1334 3489 1636 3562 ἀνθρώπων
1665 3493 1840 3562 γένος,
1873 3496 1959 3551 ἵνα

296 3577 400 3632 κάν
447 3577 526 3647 τῷ
567 3577 717 3647 φόϐῳ
746 3575 1205 3647 σωφρονισθέντες
1234 3578 1574 3648 ἀπόσχωνται
1601 3584 1699 3652 τῆς
1740 3583 1956 3649 κακίας,

295 3663 522 3719 ἕλωνται
549 3663 607 3716 δὲ
629 3662 724 3734 τὴν
749 3663 969 3735 ἀρετήν.
1001 3663 1112 3716 Καὶ
1132 3664 1234 3734 ὅρα
1257 3665 1632 3736 μακροθυμίαν
1662 3669 1954 3734 Δεσπότου,

295 3749 399 3819 πρὸ
427 3750 592 3803 πόσου
626 3749 816 3820 χρόνου
847 3748 945 3819 τήν
977 3750 1280 3822 πρόρρησιν
1301 3751 1552 3820 γενέσθαι
1570 3758 1730 3820 ποιεῖ,
1749 3755 1834 3810 ἵνα
1865 3758 1958 3811 καὶ

294 3841 392 3908 τὴν
446 3839 652 3891 οίκείαν
716 3836 1048 3908 ἐπιδείξηται
1101 3839 1509 3911 φιλανθρωπίαν
1546 3885 1560 3908 ,
1617 3845 1712 3898 καὶ
1774 3845 1958 3916 πάσης

290 3923 586 3994 ἀπολογίας
646 3927 992 3998 ἀποστερήσῃ
1034 3926 1160 3990 τούς
1203 3927 1302 3998 τὴν
1347 3929 1615 4000 τιμωρίαν
1665 3931 1958 4002 μέλλοντας

290 4011 557 4082 δέχεσθαι.

375 4098 513 4150 Ἀλλ’
544 4099 674 4161 ἴσως
709 4099 774 4153 ἀν
803 4115 886 4162 τις
907 4097 1072 4158 εἴποι.
1108 4099 1202 4152 καὶ
1229 4097 1391 4153 πόθεν
1420 4099 1497 4171 τῷ
1528 4101 1717 4174 Λάμεχ
1747 4104 1806 4157 τὸ
1833 4123 1956 4159 τοσ-

291 4187 447 4238 οῦτον
493 4185 720 4256 μέγεθος
763 4186 861 4255 τῆς
907 4186 1295 4257 προρρήσεως;
1350 4187 1424 4258 μὴ
1466 4188 1575 4259 γὰρ
1621 4190 1954 4265 μέμνηταιή

291 4271 502 4342 Γραφὴ,
519 4273 600 4326 ὄτι
625 4273 876 4345 ἐνάρετός
902 4289 985 4335 τις
1007 4268 1074 4343 ῆν
1095 4272 1188 4325 καὶ
1207 4273 1512 4344 θαυμαστός
1533 4292 1547 4341 ;
1570 4276 1660 4348 Μὴ
1684 4277 1953 4351 ξενισθῇς,

291 4360 398 4425 ἀγα
409 4359 540 4429 πητέ
561 4377 575 4392 ο
603 4360 764 4429 σοφὸς
791 4358 899 4430 γὰρ
929 4359 1002 4413 ὢν
1035 4359 1129 4413 καὶ
1157 4360 1460 4431 εὐμήχανος
1484 4364 1512 4416 6
1541 4365 1835 4436 Δεσπότης,
1861 4367 1954 4421 καὶ

290 4446 356 4497 δι’
391 4447 624 4513 ἀναξίων
657 4447 916 4510 πολλάκις
956 4449 1230 4517 συγχωρεῖ
1277 4448 1635 4517 προλέγεσθαι
1667 4451 1954 4524 θαυμαστά

293 4533 388 4585 καὶ
435 4532 644 4601 μεγάλα
681 4533 998 4603 πράγματα,
1031 4534 1124 4587 καὶ
1171 4534 1271 4587 οὐκ
1328 4536 1386 4588 ἐν
1418 4539 1494 4604 τῇ
1533 4536 1744 4609 Παλαιᾷ
1795 4541 1954 4611 μόνον

291 4617 466 4680 τοῦτο,
501 4618 636 4674 ἀλλά
675 4620 766 4672 καὶ
797 4621 854 4673 ἐν
878 4622 944 4692 τῇ
973 4621 1167 4691 Καινῇ.
1203 4622 1399 4674 ’Λκουε
1425 4623 1533 4694 γάρ
1556 4624 1649 4678 τοῦ
1681 4627 1955 4696 εὐαγγελι-

295 4704 421 4760 στοῦ
449 4707 574 4778 περὶ
602 4707 696 4761 τοῦ
731 4707 952 4776 Καῖάφα
976 4707 1070 4763 τοῦ
1100 4707 1209 4760 τῶν
1258 4709 1518 4763 Ἰουδαίων
1540 4712 1835 4782 ἀρχιερέως
1867 4714 1954 4768 λέ-

292 4809 478 4862 γοντος
505 4811 518 4826 ο
565 4794 742 4848 Τοῦτο
773 4793 841 4847 δὲ
872 4795 974 4864 ἀφ’
1016 4795 1232 4850 ἑαυτοῦ
1274 4797 1385 4850 οὐκ
1428 4793 1615 4860 εἶπεν,
1663 4800 1800 4854 ἀλλ’
1844 4801 1952 4869 dp-

290 4881 522 4948 χιερεὺς
559 4881 645 4934 ὢν
692 4881 795 4936 τοῦ
835 4883 1112 4937 ἐνιαυτοῦ
1161 4883 1430 4945 ἐκείνου,
1479 4886 1948 4955 προεφήτευσεν,

287 4968 376 5022 ὅτι
413 4969 677 5039 ἤμελλεν
706 4971 738 5022 d
778 4969 1009 5036 Ἰησοῦς
1042 4970 1472 5038 ἀποθνήσκειν,
1514 4975 1626 5042 οὐχ
1655 4974 1806 5043 ὑπὲρ
1843 4977 1949 5031 τοῦ

287 5056 440 5110 λαοῦ
457 5058 668 5126 μόνον,
699 5057 837 5111 ἀλλ’
868 5057 969 5110 ἵνα
1003 5056 1100 5111 καὶ
1130 5057 1201 5111 τὰ
1225 5059 1368 5125 ἔθνη
1394 5057 1467 5112 τὰ
1501 5059 1948 5131 ἐσκορπισμένα

285 5143 600 5213 συναγάγῃ
631 5146 719 5211 εὶς
743 5143 830 5197 ἓν.
864 5144 1128 5216 Εὐρήσεις
1159 5144 1396 5200 τοιοῦτόν
1421 5163 1474 5199 τι
1526 5147 1687 5202 πάλιν
1731 5150 1824 5202 καὶ
1855 5152 1948 5205 ἐπὶ

283 5228 377 5282 τοῦ
405 5229 632 5300 Βαλαὰμ
656 5232 957 5302 γινόμενον.
1016 5231 1250 5303 Κληθεὶς
1279 5233 1386 5305 γὰρ
1415 5232 1601 5288 ῶστεὶ)
1635 5239 1948 5310 καταράσα-

288 5315 414 5368 σθαι
439 5315 530 5367 τὸν
559 5316 708 5379 λαὸν,
737 5319 800 5371 οὐ
837 5319 992 5388 μόνον
1019 5321 1080 5374 οὐ
1105 5321 1481 5392 κατηράσατο,
1525 5323 1660 5377 ἀλλά
1684 5325 1778 5378 καὶ
1814 5343 1947 5397 προ-

281 5405 548 5475 εφήτευσε
584 5404 795 5474 μεγάλα
820 5407 914 5461 καλ⁵
941 5406 1228 5478 θαυμαστὰ
1258 5409 1579 5481 πράγματα,
1609 5411 1667 5464 οὐ
1699 5413 1943 5484 περὶτοῦ

283 5492 413 5546 λαοῦ
441 5492 619 5562 μόνον,
666 5492 801 5546 ἀλλά
829 5495 924 5558 καὶ⁸
960 5497 1086 5567 περὶ
1112 5497 1210 5568 τῆς
1235 5498 1329 5552 τοῦ
1355 5499 1603 5571 Σωτῆρος
1631 5500 1959 5572 ἐπιδημίας.’

282 5581 376 5653 Μή
402 5580 579 5634 τοίνυν
615 5579 841 5644 ξενίζου,
867 5583 914 5634 εί
941 5583 1032 5636 καὶ
1053 5582 1146 5637 νῦν
1178 5586 1206 5637 6
1231 5584 1419 5654 Λάμεχ
1445 5589 1808 5658 προσηγορίαν
1833 5589 1946 5643 ἐπι-

281 5664 394 5727 θεὶς
419 5663 495 5733 τῷ
524 5662 678 5716 παιδὶ
704 5661 956 5733 τοιαύτην
985 5663 1309 5734 ἐπιτίθησιν,
1336 5665 1470 5719 ἀλλά
1489 5667 1564 5736 τῷ
1584 5667 1700 5739 Θεῷ
1729 5669 1942 5738 λόγισαι

280 5751 342 5806 c6
379 5753 485 5804 πᾶν
513 5750 590 5820 τῷ
611 5750 700 5803 διὰ
728 5751 827 5820 τῆς
864 5751 1170 5822 εὐμηχάνου
1197 5753 1361 5806 αὐτοῦ
1390 5755 1578 5824 σοφίας
1602 5757 1776 5810 πάντα
1802 5761 1942 5812 οἰκο-

345 5951 367 5978 ⁸
397 5947 518 5996 Bibl.
574 5954 618 5994 ιιι
665 5948 816 5996 Savil.
846 5948 980 6005 οὗτος
1001 5949 1322 5997 διαναπαύσέι.
1390 5948 1416 5990 ι)
1445 5947 1524 5998 Sic
1562 5949 1709 5999 Savil.
1753 5953 1798 5997 cl
1824 5961 1936 5998 mss.

290 6012 324 6056 ’κὶ
337 6039 342 6046 -
355 6029 376 6058 ιι
391 6013 453 6059 cl.
493 6009 672 6061 υιηιιιίι
698 6014 823 6058 655'..-

1134 323 1190 379 S.
1231 322 1517 381 JOANNIS
1556 320 2037 380 CHRYSOSTOMI
2079 320 2400 378 ARCIHEP.
2441 321 2985 382 CONSTANTINOP.

3627 324 3729 380 |82

2089 436 2358 506 νομοῦντι.
2413 439 2523 494 Kal
2548 439 2804 494 ἐκάλεσε
2833 441 2898 494 τὸ
2921 440 3109 509 ὄνομα
3133 440 3318 495 αὐτοῦ
3352 441 3474 494 Νῶε
3493 458 3505 471 ·
3555 443 3724 511 ἐρμηο

2087 524 2299 579 νεύεται
2323 526 2433 598 γὰρ
2464 526 2627 580 αὐτοῦ
2653 527 2714 580 τὸ
2738 528 2906 598 δνομα
2938 528 3257 590 ἀνάπαυσις.
3294 528 3403 598 Τὴν
3439 524 3524 581 οὖν
3555 545 3729 582 πανω-

2089 609 2302 681 λεθρίαν
2321 612 2558 682 ἐκείνην,
2598 613 2695 684 τὴν
2728 613 2867 684 μετά
2890 616 3156 667 τοσούτων
3196 614 3331 668 ἐτῶν
3362 614 3578 685 ἀριθμὸν
3599 625 3737 683 συμρ·

2087 697 2346 767 ϐήσεσθαι
2398 699 2715 769 μέλλουσαν,
2757 699 3060 754 ἀνάπαυσιν
3106 699 3291 753 καλεῖ·
3349 701 3592 771 καθάπερ
3641 701 3732 753 καὶ

2099 783 2217 837 Ἰώϐ
2250 802 2382 856 φησι
2403 801 2416 814 ·
2472 786 2736 852 Θάνατος
2771 785 2944 855 ἀνδρὶ
2983 786 3343 853 ἀνάπαυσις.
3396 789 3600 858 Ἐπειδὴ
3625 787 3733 857 γὰρ

2085 872 2250 926 πολὺν
2275 873 2370 925 καὶ
2402 873 2605 944 σφόδρα
2630 873 2802 943 μέγαν
2839 872 2951 944 ἔχει
2982 873 3074 928 τδν
3093 875 3332 944 κάματον
3355 876 3388 944 ἡ
3431 875 3606 937 κακία,
3637 875 3734 943 τὴν

2083 960 2286 1029 ταύτης
2317 961 2528 1031 ἀποχὴν
2553 961 2645 1014 καὶ
2664 961 2763 1032 τήν
2796 961 3094 1033 ἀναίρεσιν,
3121 963 3187 1032 ήν
3213 961 3301 1015 διά
3330 962 3422 1016 τοῦ
3454 962 3733 1015 κλυδωνίου

2082 1045 2287 1099 ἐκείνου
2311 1045 2531 1117 ἔμελλον
2564 1047 2908 1116 ὑφίστασθαι,
2937 1048 3242 1102 ἀνάπαυσιν
3264 1048 3435 1102 καλεῖ.
3470 1048 3575 1102 Kal
3597 1047 3734 1100 ἐκά-

2080 1136 2259 1198 λεσε,
2307 1134 2468 1204 φησὶ,
2516 1134 2583 1188 τὸ
2609 1135 2795 1204 ὄνομα
2835 1134 3020 1189 αὐτοῦ
3057 1133 3206 1188 Νῶε.
3269 1130 3402 1188 Εἶτα
3427 1133 3734 1205 ἑρμηνεύων

2081 1221 2213 1290 ἡμῖν
2248 1219 2342 1273 τοῦ
2375 1221 2638 1292 ὀνόματος
2682 1221 2780 1292 τὴν
2815 1221 3185 1293 προσηγορίαν
3219 1222 3382 1292 φησίν
3403 1237 3418 1252 ·
3459 1216 3644 1286 Οὗτος
3667 1219 3734 1272 δὲ

2079 1307 2415 1362 ἀναπαύσει
2454 1307 2610 1375 ἡμᾶς
2635 1308 2754 1362 ἀπὸ
2779 1307 2895 1361 τῶν
2914 1308 3103 1378 ἔργων
3122 1306 3292 1378 ἡμῶν
3315 1324 3330 1339 ο
3385 1307 3489 1360 ἀπὸ
3513 1307 3606 1378 τῆς
3639 1324 3735 1358 κα-

2079 1386 2224 1454 κίας,
2251 1389 2434 1460 φησὶν,
2465 1390 2802 1459 ἀποστήσει·
2858 1389 2969 1443 Kal
3005 1389 3126 1443 ἀπὸ
3154 1388 3273 1443 τῶν
3309 1389 3590 1459 λυπηρῶν
3615 1388 3736 1442 τῶν

2080 1474 2291 1542 χειρῶν
2327 1474 2528 1545 ἡμῶνο
2585 1477 2679 1529 καὶ
2727 1476 2887 1530 πάλιν
2917 1476 2979 1529 τὸ
3023 1476 3154 1530 αὐτὸ
3180 1476 3289 1530 ἀπὸ
3326 1475 3432 1530 τῶν
3464 1477 3732 1546 πράξεων,

2080 1562 2231 1632 φησὶ,
2249 1561 2356 1616 τῶν
2387 1562 2656 1634 πονηρῶν.
2671 1561 2806 1617 Οὐδέ
2829 1563 2937 1634 γάρ
2954 1563 3139 1633 ἐπειδὴ
3156 1565 3209 1616 al
3233 1565 3409 1632 χεῖρες
3427 1562 3730 1626 ἐλυποῦντο,

2077 1647 2218 1701 οὕτω
2243 1649 2399 1702 τοῦτό
2428 1665 2590 1720 φησιν
2610 1660 2633 1689 ε
2647 1691 2660 1714 ,
2674 1651 2789 1703 ἀλλ’
2819 1651 3005 1722 ἐπειδή
3020 1649 3108 1704 διά
3126 1650 3228 1719 τῆς
3251 1649 3452 1704 τούτων
3474 1650 3732 1719 ἐργασίας

2077 1732 2173 1786 καὶ
2200 1733 2300 1802 τῆς
2331 1735 2571 1804 πονηρᾶς
2599 1733 2851 1804 πράξεως
2881 1732 2950 1786 τὰ
2986 1734 3085 1804 τῆς
3108 1733 3285 1803 λύπης
3311 1734 3488 1796 αὐτοῖς
3518 1732 3731 1803 ηὔξετο.

2017 1840 2020 1843 ·
2075 1817 2187 1871 Καὶ
2229 1819 2348 1873 ἀπὸ
2385 1818 2498 1888 τῆς
2543 1819 2691 1890 γῆς,
2732 1811 2806 1887 ἧς
2834 1820 3216 1888 κατηράσατο
3241 1821 3454 1888 Κύριος
3497 1823 3530 1874 ὁ
3564 1823 3731 1886 Θεός.

2088 1903 2466 1975 Ἐλευθερώσει
2498 1905 2643 1975 ἡμᾶς
2672 1905 2909 1970 πάντων,
2932 1905 3089 1975 φησὶ,
3114 1904 3223 1959 τῶν
3251 1906 3605 1975 ἐπικειμένων
3635 1923 3732 1958 κα-

2075 1989 2208 2056 κῶν,
2222 1992 2316 2044 καὶ
2333 1990 2427 2044 τοῦ
2453 1991 2583 2062 περὶ
2603 1991 2700 2062 τήν
2719 1991 2826 2061 γῆν
2850 1991 3126 2044 πονεῖσθαι
3153 1992 3247 2046 καὶ
3275 1992 3732 2063 ταλαιπωρεῖσθαι

2073 2080 2172 2151 τήν
2193 2080 2438 2152 κατάραν
2461 2078 2606 2151 [189]
2640 2080 2937 2152 δεξαμένην
2963 2079 3052 2133 διὰ
3074 2081 3174 2154 τήν
3190 2079 3284 2136 τοῦ
3310 2081 3731 2154 πρωτοπλάστου

2074 2167 2402 2237 παράϐασιν.
2449 2167 2650 2221 Ἐννόει
2689 2167 2799 2238 γάρ
2835 2184 2925 2238 μοι
2957 2167 3164 2232 λοιπὸν,
3213 2168 3481 2239 ἀγαπητὲ,
3512 2169 3628 2232 πῶς
3673 2169 3734 2221 τδ

2073 2254 2283 2308 παιδίον
2328 2254 2486 2306 τοῦτο
2537 2254 2678 2308 κατὰ
2744 2255 2938 2326 μικρὸν
2984 2253 3342 2325 αὐξανόμενον
3387 2255 3734 2319 διδασκαλίας

2073 2340 2326 2403 ὐπόθεσις
2359 2341 2531 2394 ἅπασι
2551 2342 2662 2402 τοῖς
2689 2340 2885 2409 ὁρῶσιν
2904 2340 3130 2408 ἐγίνετο.
3158 2341 3330 2395 Μόνον
3350 2341 3458 2412 γάρ
3475 2359 3557 2403 τις
3575 2344 3737 2394 ἐπυν-

2073 2425 2261 2480 θάνετο
2283 2426 2377 2479 τοῦ
2405 2426 2618 2480 παιδίου
2638 2426 2739 2498 τὴν
2763 2426 3151 2497 προσηγορίαν,
3172 2427 3265 2480 καὶ
3292 2426 3487 2490 εὐθέως
3510 2430 3544 2498 η
3566 2430 3735 2499 ἐρμη-

2071 2514 2188 2566 νεία
2214 2515 2312 2585 τῆς
2341 2513 2712 2585 προσηγορίας
2732 2512 2977 2568 ἐδίδασκε
2991 2515 3099 2567 τῶν
3134 2515 3430 2585 μελλόντων
3455 2517 3731 2586 συμϐήσε-

2073 2600 2195 2653 σθαι
2215 2599 2308 2653 τὸν
2333 2599 2574 2670 ὄλεθρον.
2601 2599 2662 2652 El
2683 2598 2782 2670 μὲν
2807 2601 2914 2672 γάρ
2939 2617 3021 2662 τις
3035 2599 3220 2664 ἁπλῶς
3241 2593 3391 2655 εἶπεν
3423 2601 3731 2672 ἐνηχηθεὶς,

2070 2687 2151 2738 δτι
2199 2687 2320 2740 τόδε
2353 2686 2540 2749 ἐσται,
2583 2685 2686 2740 κάν
2714 2685 2855 2759 λήθῃ
2883 2687 3158 2758 παραδοθῇ
3186 2687 3246 2740 τὺ
3289 2687 3472 2758 ῥηθὲν,
3505 2690 3602 2742 καὶ
3631 2692 3736 2742 οὐκ

2069 2775 2134 2827 ἂν
2155 2775 2353 2838 πάντες
2381 2773 2674 2842 ἐγίνωσκον
2697 2773 2796 2844 τῆς
2819 2773 3086 2844 τιμωρίας
3108 2774 3169 2826 τὸ
3194 2774 3465 2846 ἀφόρητον
3483 2791 3498 2808 ο
3527 2777 3648 2828 νυνὶ
3673 2777 3732 2828 δὲ

2068 2857 2220 2925 οὗτος
2253 2861 2356 2914 ὑπὸ
2384 2863 2494 2924 τοῖς
2525 2859 2781 2914 ἀπάντων
2812 2858 3108 2930 ὀφθαλμοξ
3138 2862 3519 2932 στρεφόμενος,
3550 2863 3738 2916 εὐκαί-

2070 2966 2210 3020 ρως,
2244 2947 2487 3019 ἀκαίρως
2521 2947 2826 3017 ὑπόμνησις
2865 2947 3076 3014 ἐγίνετο
3115 2947 3213 3017 τῆς
3231 2947 3324 3000 τοῦ
3354 2947 3486 3001 Θεοῦ
3527 2949 3742 3018 ἀγαναο

2069 3040 2329 3107 κτήσεως.
2378 3034 2490 3089 Καὶ
2520 3035 2606 3088 ἶνα
2651 3033 2910 3105 μάθωμεν
2952 3032 3194 3103 ἀκριϐῶς
3228 3034 3320 3088 ἐπὶ
3346 3035 3508 3089 πόσον
3538 3037 3736 3108 χρόνον

2066 3123 2349 3194 διήρκεσεν
2377 3124 2404 3176 6
2436 3121 2550 3185 υίὸς
2585 3120 2673 3175 διὰ
2699 3121 2798 3192 τῆς
2831 3121 3200 3192 προσηγορίας
3236 3121 3335 3192 τῆς
3365 3122 3559 3176 ἐαυτοῦ
3591 3127 3736 3178 πᾶσι

2068 3203 2345 3281 παραινῶν
2394 3209 2692 3280 ἀποστῆναι
2731 3207 2830 3279 μὲν
2883 3208 2982 3278 τῆς
3016 3210 3234 3274 κακίας,
3286 3210 3500 3264 ἐλέσθαι
3530 3211 3587 3264 δὲ
3635 3212 3735 3282 τὴν

2068 3299 2288 3369 ἀρετὴν,
2314 3297 2406 3350 καὶ
2429 3297 2709 3365 διαφυγεῖν
2737 3293 2832 3365 τὴν
2855 3295 3116 3366 τοσαύτην
3141 3295 3533 3368 ἀγανάκτησιν,
3564 3302 3734 3369 φησί·

2068 3387 2175 3439 Kal
2216 3381 2293 3454 ἦν
2322 3383 2450 3438 Νῶε
2483 3381 2634 3437 ἐτῶν
2677 3383 3111 3447 πεντακοσίων,
3143 3381 3242 3437 καὶ
3275 3383 3566 3452 ἐγέννησε
3602 3386 3737 3442 Νῶε

2066 3474 2222 3542 τρεῖς
2246 3473 2436 3539 υἱούς.
2495 3474 2636 3540 Ὅρα
2677 3471 2838 3526 πάλιν
2886 3471 3043 3526 ἀλλον
3071 3471 3276 3526 δίκαιον
3309 3474 3447 3544 μετά
3470 3477 3738 3542 γυναικὸς

2068 3561 2161 3615 καὶ
2181 3560 2402 3624 τέκνων,
2435 3559 2633 3630 πολλὴν
2655 3559 2754 3628 τὴν
2782 3560 2910 3629 περὶ
2938 3559 3029 3612 τὸν
3061 3558 3192 3612 Θεὸν
3211 3560 3568 3632 εὐαρέστησιν
3597 3580 3738 3628 κατ-

2067 3648 2383 3719 ωρθωκότα,
2429 3647 2525 3701 καὶ
2557 3646 2882 3709 ἀπεναντίας
2916 3645 3088 3699 ἀπασι
3117 3646 3214 3716 τὴν
3257 3647 3358 3718 τῆς
3382 3648 3583 3718 ἀρετῆς
3613 3650 3746 3702 ὁδὸν

2066 3735 2338 3805 ἑλόμενον,
2375 3733 2470 3790 καὶ
2511 3731 2660 3786 οὐδὲν
2691 3731 2823 3786 οὔτε
2852 3733 2957 3786 ὐπὸ
2988 3731 3080 3786 τοῦ
3118 3734 3316 3803 γάμου,
3347 3734 3468 3786 οὔτε
3495 3736 3603 3788 ὐπὸ
3632 3737 3740 3805 τῆς

2067 3820 2450 3893 παιδοτροφίας
2479 3819 2807 3874 κωλυθέντα.
2861 3818 3011 3883 Τέως
3037 3819 3094 3871 δέ
3124 3821 3417 3889 ἀναγκαῖον
3450 3822 3740 3894 ἐκπλαγῆο

2065 3927 2152 3962 ναι
2195 3906 2290 3961 τοῦ
2335 3904 2469 3960 Θεοῦ
2495 3905 2594 3976 τὴν
2631 3905 2835 3974 ἀφατον
2867 3904 3242 3978 μακροθυμίαν
3264 3947 3278 3969 ,
3327 3908 3558 3959 καὶτῶν
3607 3910 3738 3962 τότε

2063 3995 2365 4067 ἀνθρώπων
2389 3993 2487 4065 τὴν
2519 3991 2910 4064 ἀγνωμοσύνην
2937 3991 3035 4063 τὴν
3081 3993 3548 4063 ὑπερϐάλλουσαν.
3596 3995 3735 4048 Ἰδοὺ

2063 4087 2173 4158 γάρ
2233 4084 2562 4138 πεντακόσια
2607 4082 2701 4152 έτη
2757 4082 2894 4145 τέως
2924 4082 3210 4152 διήρκεσεν
3257 4084 3285 4135 6
3325 4082 3528 4147 δίκαιος
3577 4079 3738 4149 05cc;

2065 4174 2224 4244 βοῶν,
2257 4172 2350 4226 καὶ
2372 4169 2875 4241 διαμαρτυρόμενος
2889 4167 2979 4222 διά
3003 4168 3100 4238 τῆς
3134 4168 3324 4222 ἐαυτοῦ
3352 4172 3737 4242 προσηγορίας

2061 4259 2124 4314 c6
2158 4259 2348 4331 μέλλον
2381 4257 2595 4311 ἔσεσθαι
2626 4254 2912 4309 κλυδώνιον
2951 4254 3091 4310 κατά
3123 4258 3302 4310 πᾶσαν
3328 4257 3429 4326 τὴν
3471 4259 3737 4328 οἰκουμέ-

2061 4363 2158 4417 νην
2189 4345 2280 4400 διά
2325 4343 2422 4414 τὴν
2454 4343 2556 4413 τῆς
2594 4341 2790 4404 κακίας
2831 4342 3076 4395 ἐπίτασιν
3111 4342 3202 4394 καὶ
3247 4341 3367 4394 οὐδέ
3389 4341 3566 4405 οὕτως
3598 4345 3734 4396 im-

2063 4433 2251 4503 στῆναι
2292 4431 2394 4500 τῆς
2421 4429 2619 4493 κακίας
2657 4426 3056 4499 ἠϐουλήθησαν.
3123 4427 3261 4481 Ἀλλ’
3289 4429 3318 4481 6
3346 4426 3736 4499 φιλάνθρωπος

2062 4519 2194 4582 Θεὸς
2219 4517 2342 4572 οὐδὲ
2379 4517 2516 4587 μετὰ
2544 4515 2642 4585 τήν
2673 4515 2941 4586 τοσαύτην
2967 4514 3291 4586 πρόρρησιν,
3313 4514 3434 4567 οὐδέ
3465 4515 3612 4584 μετά
3645 4519 3735 4568 τὸν

2061 4607 2328 4660 τοσούτων
2357 4603 2586 4675 ἀριθμὸν
2616 4601 2752 4655 ἐτῶν
2784 4602 2881 4674 τὴν
2906 4602 3173 4674 τιμωρίαν
3206 4603 3421 4670 ἐπάγει,
3458 4601 3602 4656 ἀλλά
3632 4606 3735 4657 πά-

2060 4694 2142 4748 λιν
2171 4691 2349 4758 αῦξων
2379 4690 2540 4744 αὐτοῦ
2571 4689 2667 4761 τὴν
2709 4691 3109 4762 μακροθυμίαν,
3141 4691 3231 4744 καὶ
3269 4691 3453 4762 ἕτερον
3485 4691 3596 4745 οὐκ
3623 4693 3734 4744 ὀλί-

2058 4797 2170 4849 γων
2201 4780 2335 4833 ἐτῶν
2355 4777 2584 4850 ἀριθμὸν
2608 4777 2932 4848 προστίθησι
2960 4780 3026 4848 τῇ
3063 4778 3238 4848 οἰκεία
3273 4777 3627 4850 ἀνεξικακίᾳ.
3658 4780 3738 4833 Οὐ

2059 4867 2166 4941 γάρ
2181 4867 2269 4920 διὰ
2296 4864 2452 4919 τοῦτο
2490 4865 2780 4936 παρήγαγε
2804 4864 2902 4934 τὴν
2926 4864 3034 4918 τῶν
3054 4864 3354 4935 ἀνθρώπων
3378 4866 3568 4936 φύσιν,
3590 4866 3737 4921 ὥστε

2056 4952 2496 5025 τιμωρήσασθαι,
2531 4951 2668 5004 ἀλλά
2689 4952 3000 5005 τούναντίον
3019 4951 3184 5017 ἅπαν,
3215 4951 3353 5005 ὥστε
3375 4953 3485 5006 τῶν
3512 4955 3742 5024 μυρίων

2058 5037 2279 5107 ἀγαθῶν
2305 5035 2402 5106 τὴν
2434 5035 2733 5089 ἀπόλαυσιν
2759 5034 3126 5106 δωρήσασθαι.
3160 5035 3258 5088 Διά
3287 5035 3445 5088 τοῦτο
3475 5038 3620 5107 ὁρᾷς
3643 5038 3740 5089 αὐ-

2056 5126 2148 5180 τὸν
2179 5122 2453 5193 πανταχοῦ
2488 5121 2770 5193 μέλλοντα,
2810 5123 2904 5173 καὶ
2942 5121 3372 5192 ἀναϐαλλόμενον
3405 5125 3461 5175 ἐν
3489 5127 3625 5187 ταῖς
3656 5141 3740 5176 τι·-

2058 5213 2311 5285 μωρίαις.
2346 5210 2484 5264 ’Λλλ⁹
2515 5210 2604 5262 ἵνα
2653 5209 2727 5280 μὴ
2751 5207 2829 5280 τῷ
2860 5208 3051 5279 πλήθει
3076 5209 3183 5263 τῶν
3211 5210 3522 5281 λεγομένων
3555 5229 3739 5265 κατα-

2053 5298 2317 5370 χώσωμεν
2359 5295 2513 5367 ὑμῶν
2544 5295 2642 5366 τὴν
2681 5294 2921 5364 μνήμην,
2980 5293 3139 5364 μέχρι
3189 5294 3380 5347 τούτου
3427 5298 3739 5366 στήσαντες

2051 5388 2143 5442 τὸν
2168 5388 2323 5455 λόγον
2356 5387 2434 5450 είς
2463 5385 2562 5455 τὴν
2593 5383 2854 5436 ἐπιοῦσαν
2874 5383 2943 5438 τά
2969 5382 3263 5453 λειπόμενα
3288 5385 3735 5456 ταμιευσάμεθα.

2126 5478 2198 5536 ς’.
2224 5468 2450 5523 ἀΤαῦτα
2484 5467 2540 5520 δὲ
2586 5466 2659 5538 μὴ
2691 5465 2875 5529 ἀπλῶς
2903 5465 3219 5535 ἀκούωμεν,
3243 5467 3541 5537 ἀγαπητοὶ,
3598 5469 3738 5522 ἀλλά

2053 5557 2432 5628 παιδευώμεθα
2455 5556 2552 5627 τῆς
2578 5555 2778 5627 ἀρετῆς
2812 5554 3204 5624 ἐπιμελεῖσθαι,
3223 5556 3314 5607 καὶ
3354 5556 3451 5625 τὴν
3477 5573 3548 5608 πε
3560 5557 3619 5626 pl
3648 5558 3739 5608 τὸν

2050 5648 2181 5702 Θεὸν
2223 5647 2582 5718 εὐαρέστησιν
2625 5645 2751 5714 περὶ
2789 5643 2983 5696 πολλοῦ
3015 5644 3304 5703 ποιεῖσθαι,
3338 5644 3432 5696 καὶ
3461 5646 3611 5713 μήτε
3656 5647 3737 5694 οξ-

2052 5736 2174 5798 κίας
2219 5733 2586 5806 προστασίαν,
2627 5734 2762 5804 μήτε
2805 5732 3060 5800 γυναικὸς
3095 5732 3382 5802 φροντίδα,
3415 5734 3558 5800 μήτε
3607 5731 3734 5784 παί-

2114 5826 2134 5850 “
2165 5821 2295 5880 Ilwc,
2319 5823 2444 5868 οὕτω
2468 5819 2609 5867 τοῦτό
2633 5837 2789 5880 φησιν,
2813 5834 2840 5867 e
2869 5819 3016 5868 Savil.
3059 5826 3386 5867 accesserunt.
3417 5819 3555 5866 Enn.

2110 5883 2136 5922 ἀ
2162 5878 2582 5933 Ηωίειταηευοείιη
2627 5878 2862 5937 leguntur
2887 5883 3012 5940 apud
3039 5883 3269 5928 Samium
3298 5888 3348 5926 el
3380 5881 3455 5927 du:
3475 5894 3497 5925 ες
3521 5878 3732 5925 εοείἱι-«πς

2049 5959 2184 5995 ηιδς..
2208 5946 2273 5990 ila
2297 5950 2347 5989 ul.
2368 5957 2478 5990 cum
2498 5943 2817 6002 «mutantibus
2841 5943 2973 5990 Pauli
2995 5944 3052 5989 ad
3073 5942 3382 5992 Timotheum
3410 5951 3459 5990 el
3481 5940 3731 5990 Βία-ωε-

2056 6009 2120 6056 lis
2156 6005 2274 6053 lucis
2315 6011 2425 6054 ante
2453 6005 2700 6066 epilugum
2738 6012 3002 6067 ponantur.
