3804 6240
120 307 218 365 181

117 426 381 469 revocare
408 410 522 465 vult
549 410 866 466 sententiam
894 425 1050 481 quam
1079 420 1263 465 contra
1285 412 1451 466 Adam
1476 412 1712 481 protulit;

116 504 211 561 sed
237 503 586 558 manifestum
619 503 717 556 hoc
758 519 863 556 non
894 502 1036 567 facit,
1076 512 1133 557 ut
1163 504 1322 557 timor
1350 504 1490 558 illius
1537 520 1719 559 einen-

115 594 319 649 dationi
350 595 571 648 serviat.
603 595 665 647 Et
692 592 891 647 idcirco
922 593 1126 658 Enoch,
1176 608 1296 648 cum
1343 595 1441 662 ipsi
1488 595 1715 649 multum

116 688 381 755 placeret,
427 684 712 737 transtulit.
739 683 853 738 Jam
881 686 924 737 si
950 683 1068 751 quis
1091 683 1354 738 curiosius
1389 699 1576 753 rogare
1623 699 1719 738 ve-

115 780 196 845 lit,
245 786 308 832 et
363 778 546 832 dicere
588 794 602 830 :
660 776 727 830 Et
781 790 886 845 quo
935 778 1106 845 ipsum
1150 776 1451 830 transtulit?
1494 786 1547 831 et
1589 792 1715 832 num

115 885 285 940 usque
312 870 383 923 ad
418 882 656 938 praesens
684 866 912 921 vixerit?
941 867 1109 921 discat
1153 884 1257 922 non
1288 868 1574 923 convenire
1616 869 1715 922 hu-

111 963 288 1017 manis
314 960 731 1030 cogitationibus
754 958 1000 1029 obsequi,
1030 969 1085 1013 et
1113 960 1375 1014 curiosius
1424 974 1484 1013 ea
1532 975 1651 1030 qua:
1679 974 1710 1013 a

115 1054 224 1108 Deo
252 1052 397 1106 ﬁunt
438 1052 737 1121 explorare,
766 1049 860 1104 sed
906 1048 1127 1104 credere
1170 1049 1234 1103 iis
1274 1065 1392 1119 qua:
1440 1049 1706 1104 dicuntur.

110 1146 246 1200 Nam
273 1145 497 1214 quando
530 1144 670 1197 Deus
714 1142 910 1212 aliquid
966 1143 1307 1210 pronuntiat,
1353 1140 1509 1195 dictis
1545 1141 1713 1211 ipsius

110 1236 597 1292 contradicendum
644 1250 747 1287 non
785 1243 887 1297 est,
920 1233 1015 1287 sed
1046 1233 1151 1286 ﬁde
1179 1232 1423 1299 digniora
1469 1232 1710 1286 habenda

111 1340 236 1385 sunt
278 1348 405 1400 qua:
442 1345 471 1382 a
525 1329 633 1381 Deo
671 1326 1097 1396 pronuntiantur,
1129 1326 1337 1380 etiamsi
1368 1340 1471 1380 non
1491 1339 1707 1393 compa-

113 1432 290 1486 reant,
317 1437 480 1492 quam
498 1436 559 1475 ea
574 1435 691 1489 quae
711 1417 879 1472 oculis
897 1417 1337 1486 nostrissubjecta
1360 1426 1503 1470 sunt.
1524 1415 1709 1469 Enim-

111 1533 240 1571 vero
268 1515 549 1584 Scriptura
576 1510 731 1575 dixit,
762 1509 901 1578 quod
934 1509 1260 1563 transtulerit
1284 1508 1451 1572 illum,
1501 1506 1708 1575 etquod

109 1599 387 1665 viv'entent
420 1606 771 1670 transtulerit,
824 1619 921 1658 nec
955 1612 1180 1657 mortem
1207 1610 1459 1671 expertus
1483 1602 1586 1666 sit,
1614 1601 1708 1655 sed

108 1702 178 1756 ob
206 1717 394 1766 suum,
431 1713 589 1768 quem
618 1698 756 1768 apud
779 1698 946 1751 Deum
980 1696 1206 1750 habebat
1230 1693 1461 1749 favorem
1484 1736 1498 1759 ,
1548 1707 1709 1761 supe-

110 1794 223 1848 rior
250 1793 428 1847 factus
457 1791 526 1846 sit
550 1790 725 1844 divina
754 1788 1015 1843 sententia
1039 1796 1223 1841 contra
1276 1786 1565 1839 humanum
1609 1798 1675 1854 ge
1700 1818 1705 1823 -

108 1900 211 1938 nus
239 1884 470 1954 prolata.
500 1881 617 1949 Quo
641 1890 815 1935 autem
844 1881 991 1933 illum
1019 1878 1370 1946 transtulerit,
1400 1885 1454 1931 et
1481 1890 1697 1948 quomo-

106 1978 176 2032 do
202 1992 357 2031 nunc
388 1984 530 2044 agat,
564 1974 664 2029 hoc
689 1990 795 2029 non
817 1973 1029 2043 adjecit.

182 2070 241 2124 5.
283 2066 483 2121 Vidisti
514 2065 801 2121 bonitatem
843 2064 1085 2127 Domini,
1118 2061 1386 2133 quomodo
1433 2062 1705 2117 inventum

106 2161 290 2215 virum
344 2160 432 2228 qui
463 2159 708 2212 virtutem
757 2164 1005 2226 operatus
1034 2164 1137 2219 est,
1180 2171 1284 2209 non
1326 2153 1588 2208 fraudavit
1627 2152 1708 2207 di-

105 2253 315 2321 guitate
342 2264 500 2319 quam
529 2248 833 2319 primigente
862 2246 1059 2301 homini
1091 2256 1214 2300 ante
1244 2245 1478 2299 mandati
1524 2255 1705 2299 trans-

105 2342 450 2411 gressionem
493 2340 711 2410 largitus
749 2346 863 2394 erat
894 2355 907 2390 :
941 2337 1141 2392 docens
1175 2352 1272 2391 nos
1295 2378 1311 2404 ,
1344 2351 1401 2392 se
1450 2345 1505 2392 et
1531 2336 1699 2400 illum,

107 2436 211 2490 nisi
239 2434 509 2489 daemonis
534 2432 899 2502 deceptionem
928 2431 1096 2500 pluris
1126 2429 1336 2484 fecisset
1364 2444 1521 2499 quam
1552 2428 1706 2484 tradi-

106 2537 220 2580 tum
253 2524 593 2587 mandatum,
622 2522 810 2577 eodem
834 2522 915 2575 vel
938 2520 1126 2590 majori
1146 2521 1350 2575 honore
1366 2521 1701 2591 dignaturum

108 2618 325 2672 fuisse?
352 2616 443 2671 25.
474 2614 539 2668 Et
567 2614 718 2680 vixit,
750 2613 938 2683 inquit,
969 2612 1261 2665 Mathusala
1301 2628 1462 2665 annos
1508 2622 1703 2665 centum

104 2721 147 2762 et
174 2709 447 2779 octoginta.
464 2716 672 2777 septem,
702 2714 747 2759 et
771 2705 941 2776 genuit
972 2703 1191 2757 Lamech
1224 2718 1244 2757 :
1267 2704 1358 2759 28.
1399 2714 1447 2758 et
1468 2703 1588 2758 vixit
1607 2702 1706 2757 La-

102 2801 247 2855 tna-Ir
268 2816 437 2853 annos
463 2808 655 2853 centum
677 2798 958 2868 octoginta,
985 2796 1077 2851 29.
1116 2807 1163 2850 et
1204 2795 1372 2866 genuit
1420 2795 1604 2863 ﬁlium,
1656 2805 1702 2850 et

102 2894 391 2965 appellavit
412 2909 591 2949 nomen
614 2892 752 2945 illius
780 2889 912 2957 Noe,
938 2891 1144 2944 dicens:
1170 2889 1271 2942 Hic
1290 2889 1596 2959 requiescere
1619 2893 1704 2960 [a-

102 2995 199 3047 eiet
229 3008 329 3046 nos
349 2990 411 3044 ab
435 2988 664 3058 aperibus
707 2989 910 3053 nostris,
931 2997 975 3041 et
1000 3004 1030 3038 a
1056 2985 1298 3040 molestiis
1329 3000 1567 3037 manuum
1610 3000 1703 3038 no-

104 3096 357 3147 strarum,
389 3093 436 3136 et
481 3099 512 3134 a
559 3091 692 3136 terra
733 3097 886 3151 quam
932 3076 1196 3132 maledixit
1244 3076 1493 3130 Dominus
1543 3074 1700 3131 Deus.

108 3180 241 3233 Vide
264 3177 463 3232 iterum
494 3191 587 3246 per
613 3174 1020 3245 appellationem
1049 3188 1191 3226 nunc
1220 3175 1326 3224 nati
1371 3186 1435 3225 ex
1471 3170 1701 3226 Lamech

104 3270 495 3343 mysteriorum
528 3267 943 3339 magnitudinem
965 3306 979 3329 ,
1011 3264 1243 3320 vaticinii
1291 3264 1658 3319 excellentiam
1682 3304 1697 3327 ,

102 3376 158 3419 et
192 3364 290 3419 Dei
317 3362 451 3418 boui
476 3360 799 3416 ineﬁ'abilem
831 3358 1229 3429 benignitatem.
1261 3357 1519 3423 Quoniam
1558 3357 1699 3411 enim

103 3455 449 3528 praescientia
479 3468 572 3507 sua
605 3450 929 3522 praevidebat
971 3464 1030 3504 ea
1062 3464 1179 3519 qua:
1215 3446 1386 3502 futura
1430 3457 1615 3511 erant;
1644 3455 1704 3501 ut

102 3548 239 3603 vidit
266 3546 531 3601 malitiam
566 3544 842 3600 hominum
869 3543 919 3596 in
966 3541 1079 3596 dies
1116 3542 1283 3611 magis
1330 3549 1485 3610 atque
1534 3541 1702 3610 magis

102 3642 439 3702 increscere,
462 3635 701 3707 praedicit
719 3651 814 3704 per
834 3633 1239 3705 appellationem
1261 3633 1405 3701 pueri
1430 3631 1566 3685 mala
1585 3646 1701 3701 qute

105 3742 279 3788 totum
306 3732 597 3785 humanum
625 3741 791 3798 genus
817 3727 1059 3780 invasnra
1091 3733 1291 3789 essent,
1317 3732 1373 3776 ut
1403 3723 1485 3777 vel
1512 3723 1701 3778 timore

102 3824 352 3895 castigati
383 3820 776 3876 abducerentur
803 3833 833 3872 a
864 3817 1026 3882 vitiis,
1059 3824 1113 3871 et
1140 3816 1571 3885 amplexarentur
1596 3814 1703 3868 vir-

104 3926 299 3972 tutcm.
338 3913 406 3969 Et
437 3912 554 3967 vide
597 3909 905 3983 patientiam
933 3907 1139 3962 Domini
1168 3907 1427 3969 curantis,
1479 3915 1538 3960 ut
1577 3916 1703 3961 ante

107 4018 322 4065 tantum
371 4013 583 4074 tempus
608 4001 914 4056 vaticinium
955 3998 1309 4069 praecederet,
1356 4007 1412 4052 ut
1453 4006 1507 4053 et
1552 4013 1700 4053 suam

108 4098 424 4155 ostenderet
442 4094 880 4156 misericordiam,
904 4099 958 4147 et
978 4090 1119 4146 omni
1140 4091 1368 4160 privaret
1394 4089 1702 4146 defensione

109 4212 208 4252 eos
235 4194 330 4265 qui
363 4207 538 4263 paenae
568 4189 731 4243 futuri
757 4197 909 4242 erant
932 4184 1167 4240 obnoxii.
1372 4192 1375 4195 ‘

180 4287 290 4341 Per
310 4284 547 4353 indignos
572 4280 823 4335 interdum
852 4278 1025 4349 futura
1048 4276 1257 4348 prwdici
1278 4276 1381 4329 vult
1419 4276 1574 4330 Deus.
1606 4275 1703 4331 Ge-

108 4382 245 4436 neris
288 4376 502 4431 humani
543 4375 772 4428 interitus
802 4372 941 4442 quies
970 4381 1269 4426 vocatur.—-—
1282 4369 1391 4425 Sed
1421 4368 1557 4425 forte
1585 4369 1702 4440 quis

113 4469 320 4526 dixerit
351 4485 363 4521 :
395 4465 549 4522 Unde
571 4463 801 4519 Lamech
833 4462 936 4517 hoc
962 4462 1163 4525 habuit,
1216 4467 1273 4515 ut
1320 4468 1522 4513 tantum
1564 4460 1700 4513 vali-

107 4563 315 4617 einium
344 4555 696 4628 przediceret?
721 4570 823 4610 non
855 4553 998 4609 enim
1024 4552 1265 4608 meminit
1288 4551 1565 4620 Scriptura
1581 4566 1702 4605 eum

106 4652 280 4708 multa
293 4650 492 4703 virtute
507 4646 782 4710 claruisse,
798 4644 1273 4713 admirabilemque
1295 4642 1474 4697 fuisse.
1506 4642 1583 4696 Ne
1604 4642 1703 4696 mi-

106 4744 272 4807 reris,
303 4740 500 4795 dilecte
526 4755 539 4790 :
568 4739 823 4792 Dominus
849 4735 993 4790 enim
1022 4742 1203 4789 noster
1222 4734 1434 4802 sapiens
1450 4742 1502 4787 et
1530 4733 1705 4786 omni-

106 4844 329 4907 potens,
354 4818 461 4902 ‘per
498 4829 744 4900 indignos
788 4843 931 4898 saepe
974 4826 1219 4881 concedit
1244 4825 1456 4895 praedici
1486 4838 1705 4894 magnas

108 4923 497 4992 tnirabilesque
534 4937 621 4976 res
651 4937 665 4973 :
718 4919 876 4989 idque
918 4935 1024 4973 non
1057 4918 1108 4971 in
1156 4918 1331 4973 Veteri
1362 4918 1706 4973 Testamento

110 5018 313 5079 solum,
340 5014 436 5069 sed
466 5022 520 5067 et
547 5013 598 5066 in
642 5010 812 5065 Novo.
844 5011 980 5064 Audi
1024 5010 1165 5063 enim
1205 5009 1583 5077 evangelistam
1639 5009 1707 5063 de

109 5107 314 5178 Caipha
345 5105 653 5159 Judaeorum
687 5101 935 5172 pontiﬁce
955 5102 1216 5157 dicentem
1252 5116 1270 5154 :
1320 5100 1432 5153 [Ioc
1471 5111 1637 5154 autent
1675 5117 1708 5153 a

109 5200 384 5268 semetipso
425 5213 526 5250 non
549 5196 696 5261 dixit,
723 5195 810 5248 sed
837 5211 951 5248 cum
990 5204 1113 5247 esset
1141 5194 1370 5263 pontifex
1390 5193 1511 5246 anni
1532 5192 1670 5246 illius
1687 5234 1702 5259 ,

111 5291 357 5364 predixit
384 5290 684 5343 moriturum
713 5302 818 5341 esse
837 5285 1032 5349 Jesum,
1060 5303 1161 5339 non
1196 5286 1360 5340 solum
1381 5301 1473 5356 pro
1495 5286 1704 5356 populo,

112 5388 199 5441 sed
243 5394 303 5439 ut
327 5392 499 5455 gentes
534 5382 789 5450 dispersas
813 5387 1137 5450 congregaret
1164 5379 1214 5431 in
1240 5395 1399 5431 unum
1433 5378 1673 5449 (Joan.H
1692 5416 1704 5430 .

116 5479 230 5547 5|).
255 5474 505 5531 Invenies
534 5474 661 5528 item
689 5482 742 5527 ct
766 5487 794 5525 a
824 5471 1037 5525 Balaam
1067 5472 1169 5525 tale
1199 5470 1324 5541 quid
1358 5471 1572 5525 factum.
1605 5470 1710 5525 Vo-

112 5581 263 5623 catus
294 5566 439 5622 enim
491 5574 543 5619 ut
577 5564 918 5619 malediceret
946 5564 1199 5633 populum
1222 5604 1234 5625 ,
1265 5580 1369 5616 non
1397 5563 1566 5617 solum
1600 5577 1704 5616 non

115 5659 416 5722 maledixit,
446 5656 539 5711 sed
563 5666 616 5711 et
644 5654 886 5725 prmdixit
916 5655 1107 5709 multas
1138 5654 1404 5723 mirasque
1430 5670 1549 5717 res,
1601 5669 1705 5708 non

115 5752 181 5807 de
210 5753 412 5824 populo
440 5760 664 5819 tantum,
689 5749 782 5806 sed
814 5749 972 5806 etiam
1017 5748 1086 5804 de
1135 5746 1362 5803 adventu
1406 5744 1696 5804 Salvatoris

1197 296 1265 353 IN
1300 296 1450 353 CAP.
1493 296 1555 353 V.
1595 296 1836 358 GENES.
1876 301 2105 361 HOMIL.
2145 306 2287 366 XXI.

3312 325 3418 379 189.

1835 420 2001 473 nostri
2026 418 2213 489 (Num.
2243 424 2357 495 24).
2381 424 2496 480 Non
2527 426 2685 498 igitur
2713 430 2942 501 mireris,
2985 433 3031 489 si
3079 437 3236 491 etiam
3268 456 3407 495 nunc

1826 503 2061 599 Lameeb
2083 510 2152 566 ita
2184 529 2404 582 puerum
2432 519 2729 587 appellarit.
2748 522 2842 578 sed
2872 524 2981 579 Deo
3010 533 3177 582 totum
3209 531 3406 599 tribue,

1825 596 1914 665 qui
1937 598 2120 654 solerti
2143 616 2237 657 sua
2264 606 2523 674 sapientia
2551 621 2738 666 cuncta
2766 613 3059 684 dispensat.
3107 619 3185 673 Et
3214 596 3433 677 vocavit:

1824 701 2004 779 nomen
2026 689 2163 745 illius
2189 692 2321 747 Noe.
2347 696 2457 752 Hoc
2499 715 2715 766 nomen,
2766 705 2809 758 si
2855 707 2975 775 quis
3003 709 3400 779 interpretetur,

1823 777 2051 858 quietem
2080 782 2225 836 dicit.
2258 784 2499 849 Quietem
2540 801 2716 846 autem
2747 804 2901 848 vocat
2924 777 3227 865 generalem
3255 801 3402 855 illum

1823 867 2093 925 interitum
2123 884 2244 942 post
2269 878 2466 934 multos
2516 898 2684 937 annos
2737 885 3005 955 futurum;
3039 891 3175 946 sicut
3202 901 3256 947 et
3300 892 3404 948 Job

1820 958 1983 1017 dicit:
2019 963 2163 1020 Mors
2200 969 2306 1023 viro
2328 976 2467 1038 quies
2493 974 2611 1043 (Job
2640 977 2694 1031 5.
2718 977 2812 1048 23)
2844 997 2858 1032 :
2910 983 3160 1049 quoniam
3202 986 3403 1041 multus

1819 1060 1902 1106 est
1921 1065 1972 1108 et
1998 1057 2149 1112 valde
2175 1074 2394 1131 magnus
2424 1063 2573 1119 labor
2617 1068 2852 1135 malitiaa,
2893 1072 3007 1141 ejus
3047 1076 3403 1133 cessationem

1818 1152 1872 1233 et
1897 1147 2245 1213 perditionem
2277 1169 2372 1222 per
2398 1156 2652 1211 diluvium
2677 1159 2929 1227 futuram,
2955 1165 3182 1233 quietem
3217 1177 3393 1225 vocat.

1818 1232 1884 1286 Et
1909 1241 2098 1294 vocavit
2124 1258 2303 1298 nomen
2324 1246 2463 1301 illius
2486 1247 2618 1302 Noe.
2650 1250 2847 1306 Deinde
2871 1232 3273 1323 appellationem
3301 1277 3402 1315 n0-

1817 1327 1975 1382 minis
2006 1330 2401 1401 interpretatur,
2427 1346 2482 1391 et
2514 1339 2681 1394 dicit:
2714 1341 2815 1395 Hic
2836 1348 3006 1414 utique
3024 1348 3233 1416 quietem
3254 1352 3401 1406 nobis

1816 1421 2071 1486 prwstabit
2109 1425 2170 1477 ab
2200 1429 2429 1496 operibus
2450 1434 2636 1487 nostris
2655 1450 2674 1487 :
2709 1450 2739 1487 a
2770 1438 2988 1504 malitia,
3019 1440 3210 1509 inquit,
3236 1458 3394 1499 aver-

1818 1515 1911 1572 tet,
1942 1509 2012 1563 Et
2036 1528 2068 1564 a
2105 1515 2344 1571 molestiis
2370 1536 2607 1574 manuum
2634 1533 2920 1579 nostrarum
2944 1544 2963 1581 :
2994 1539 3044 1582 et
3072 1530 3261 1585 iterum
3292 1533 3394 1589 hoc

1816 1596 2007 1665 ipsum,
2039 1601 2106 1655 ab
2132 1606 2399 1672 eperibus,
2444 1610 2647 1680 inquit,
2692 1615 2866 1670 malis.
2910 1615 3025 1671 Non
3057 1621 3197 1674 enim
3242 1622 3397 1689 dicit,

1814 1703 2003 1780 manus
2031 1692 2215 1750 dolore
2239 1698 2455 1754 all‘ectas
2486 1718 2499 1754 :
2540 1703 2631 1758 sed
2665 1721 2757 1773 per
2783 1707 2989 1763 illarum
3020 1727 3181 1780 opera
3203 1724 3255 1767 et
3280 1731 3403 1769 ma-

1815 1776 1899 1833 las
1916 1782 2172 1849 actiones,
2203 1788 2473 1845 molestias
2499 1804 2680 1847 auctas
2706 1795 2886 1853 fuisse.
2923 1798 2987 1852 Et
3008 1817 3037 1852 a
3056 1776 3214 1867 terra,
3239 1821 3391 1874 quam

1813 1873 2073 1927 maledixit
2098 1876 2347 1932 Dominus
2375 1880 2529 1936 Deus.
2555 1884 2817 1941 Liberabit
2840 1904 2953 1953 nos,
2980 1891 3165 1961 inquit,
3190 1873 3258 1949 ab
3277 1912 3393 1949 om-

1813 1962 1968 2017 nibus
2022 1967 2176 2022 malis
2219 1973 2612 2042 prementibus,
2661 1986 2713 2031 et
2755 1979 3027 2036 laboribus
3056 1993 3110 2039 et
3160 1986 3394 2042 miseriis

1813 2070 1944 2124 quas
1973 2058 2212 2115 subimus
2238 2064 2288 2117 in
2330 2074 2466 2119 terra
2502 2069 2746 2137 colenda,
2773 2088 2891 2141 quae
2918 2076 3272 2133 maledictioni
3305 2079 3389 2134 fa-

1812 2158 1894 2203 cta
1922 2160 2004 2205 est
2028 2153 2256 2209 obnoxia
2276 2167 2488 2227 propter
2511 2161 2814 2232 pritnigente
2836 2164 3066 2223 hominis
3096 2180 3391 2241 transgres-

1811 2242 2038 2299 sionem.
2065 2246 2160 2302 Hic
2198 2249 2584 2317 animadverte,
2616 2254 2829 2323 dilecte,
2870 2262 3136 2329 quomodo
3182 2265 3392 2334 puellus

1812 2333 1913 2390 iste
1956 2339 2205 2406 paulatim
2251 2356 2533 2408 crescens,
2586 2347 2833 2402 omnibus
2876 2351 3044 2420 ipsum
3089 2333 3393 2411 videntibus

1812 2426 2047 2484 discendi
2096 2434 2304 2487 occasio
2358 2434 2532 2489 fuerit.
2584 2436 2713 2490 Nam
2764 2455 2884 2494 mox
2939 2453 2993 2497 ut
3028 2446 3146 2513 quis
3194 2464 3387 2504 nomen

1813 2521 1960 2588 pueri
1989 2522 2286 2579 sciscitatus
2330 2535 2430 2591 est,
2459 2543 2523 2582 ex
2555 2529 2988 2599 interpretatione
3033 2539 3274 2592 vocabuli
3303 2541 3388 2594 di-

1810 2608 1940 2664 dicit
1982 2622 2292 2668 eventurum
2338 2619 2639 2684 generalem
2675 2620 2962 2677 interitum.
3006 2625 3135 2680 Nam
3182 2629 3224 2682 si
3270 2632 3387 2698 quis

1809 2700 1990 2757 divino
2032 2703 2232 2773 Spiritu
2279 2707 2490 2762 amatus
2539 2710 2849 2779 simpliciter
2879 2717 2977 2770 hoc
3018 2720 3245 2774 futurum
3300 2724 3385 2777 di-

1811 2793 2000 2859 xisset,
2048 2794 2101 2850 id
2122 2797 2298 2851 statim
2346 2798 2531 2854 fuisset
2556 2800 2806 2856 oblivioni
2838 2806 3104 2872 traditum,
3130 2818 3182 2863 et
3208 2813 3386 2880 gravi-

1812 2895 1891 2941 tas
1937 2904 2106 2958 ptente
2144 2905 2248 2945 non
2279 2891 2462 2947 fuisset
2489 2894 2735 2951 omnibus
2764 2898 2971 2968 cognita
3006 2917 3019 2953 :
3050 2917 3191 2957 nunc
3209 2914 3384 2959 autem

1809 2980 1929 3047 quia
1980 2979 2067 3035 hic
2101 2990 2224 3036 ante
2252 2982 2488 3038 omnium
2513 2997 2755 3041 versatur
2778 2990 2979 3057 oculos,
3003 2995 3312 3062 tempestive
3331 3007 3387 3051 et

1810 3072 2179 3142 intempestive
2205 3074 2437 3129 divinam
2468 3082 2918 3136 commemorabat
2945 3083 3382 3154 indignationem.

1809 3165 1973 3219 Porro
2023 3175 2082 3220 ut
2126 3178 2273 3222 certo
2303 3169 2534 3224 sciamus
2558 3182 2757 3240 quanto
2788 3182 3024 3245 tempore
3079 3194 3386 3248 persevera-

1807 3256 1944 3311 verit
1967 3256 2106 3311 ﬁlius
2133 3274 2227 3328 per
2250 3260 2329 3315 sui
2359 3260 2590 3317 nominis
2639 3266 3043 3333 appellationem
3074 3286 3260 3326 omnes
3294 3274 3389 3329 ad-

1808 3363 2028 3403 monere
2057 3358 2116 3403 ut
2137 3350 2459 3406 desisterent
2485 3368 2515 3407 a
2556 3364 2790 3423 peccato,
2822 3366 2878 3413 et
2902 3358 3146 3414 virtutem
3183 3363 3387 3432 ample-

1806 3450 2076 3505 xarentur,
2101 3455 2205 3510 quo
2230 3442 2361 3497 iram
2392 3442 2527 3498 hanc
2547 3444 2780 3514 eﬁ‘ugere
2822 3448 3077 3515 valerent,
3097 3450 3224 3506 dicit
3249 3471 3262 3506 :
3293 3454 3385 3508 52.

1806 3531 1874 3586 Et
1908 3544 2013 3586 erat
2040 3533 2150 3587 Noe
2188 3552 2438 3590 annorum
2471 3537 2875 3608 quingentorum,
2900 3550 2948 3594 et
2987 3545 3158 3613 genuit
3192 3554 3289 3601 tres
3315 3547 3389 3615 ﬁ-

1806 3626 1921 3681 lios.
1955 3627 2086 3682 Vide
2111 3627 2300 3683 iterum
2329 3630 2487 3684 alium
2513 3631 2711 3701 justum
2751 3648 2870 3687 cum
2927 3650 3090 3692 uxore
3124 3647 3178 3693 et
3226 3639 3383 3707 ﬁliis,

1807 3719 1897 3788 qui
1944 3720 2080 3774 bene
2112 3722 2378 3791 operando
2404 3722 2686 3777 admodum
2737 3726 2932 3793 placuit
2964 3728 3093 3797 Deo,
3125 3739 3178 3785 et
3204 3742 3388 3789 contra

1806 3826 1962 3879 quam
1991 3826 2176 3867 omnes
2202 3813 2448 3882 agebant,
2477 3815 2686 3869 virtutis
2716 3816 2851 3871 viam
2889 3818 3051 3888 elegit
3082 3836 3094 3873 :
3123 3830 3175 3875 ει
3214 3839 3389 3893 neque

1810 3901 2003 3971 nuptiis
2030 3943 2043 3967 ,
2097 3918 2266 3973 neque
2313 3904 2540 3958 ﬁliorum
2585 3905 2900 3963 educatione
2950 3910 3242 3977 prohibitus
3283 3927 3387 3971 est.

1809 3992 1977 4048 Porro
1999 3994 2418 4063 obstupescenda
2448 4005 2529 4051 est
2568 3996 2845 4054 ineﬁ‘abilis
2895 4001 3142 4070 patientia
3179 4005 3291 4070 Dei,
3334 4016 3387 4061 et

1807 4086 2105 4157 prodigiosa
2136 4087 2408 4142 hominum
2433 4131 2446 4155 ,
2488 4089 2576 4158 qui
2609 4098 2730 4145 tunc
2758 4102 2943 4159 erant,
2972 4096 3224 4166 nequitia.
3246 4097 3385 4154 Ecce

1808 4180 1949 4234 enim
1970 4181 2269 4250 quingentis
2313 4181 2463 4235 annis
2490 4180 2695 4236 vixerat
2718 4182 2893 4253 justus
2921 4186 3027 4254 ille,
3057 4187 3292 4242 clamans
3334 4200 3392 4245 et

1810 4272 2097 4327 tcstiﬁcans
2127 4288 2224 4327 suo
2252 4274 2466 4329 nomine
2495 4273 2726 4329 futurum
2756 4292 2849 4346 per
2875 4279 3177 4334 universum
3204 4282 3388 4338 orbem

1807 4367 2081 4433 diluvium,
2115 4367 2182 4421 ob
2206 4366 2421 4421 nimiam
2469 4366 2741 4421 hominum
2770 4369 3024 4425 malitiam
3050 4413 3064 4436 ,
3116 4380 3168 4426 et
3220 4390 3392 4445 neque

1809 4459 1887 4513 sic
1911 4474 1939 4512 a
1972 4459 2206 4528 nequitia
2236 4459 2505 4514 abstinere
2535 4461 2834 4515 voluerunt.
2870 4462 2937 4516 At
2967 4463 3203 4520 clemens
3248 4466 3390 4522 Deus

1810 4563 1982 4619 neque
2011 4558 2127 4619 post
2155 4557 2356 4604 tantum
2384 4549 2710 4617 vaticinium,
2744 4566 2916 4621 neque
2945 4563 3062 4621 post
3104 4563 3186 4609 tot
3222 4570 3389 4611 anno-

1811 4657 1928 4696 rum
1952 4657 2230 4696 numerum
2260 4657 2469 4712 pmnam
2499 4643 2696 4697 inducit
2727 4661 2739 4694 :
2770 4644 2862 4697 sed
2891 4645 3065 4700 denuo
3111 4661 3263 4702 suam
3293 4664 3393 4703 au-

1810 4744 1991 4789 cturus
2021 4734 2348 4803 patientiam,
2398 4735 2530 4789 alios
2575 4750 2677 4789 non
2704 4751 2898 4805 paucos
2925 4752 3092 4791 annos
3120 4754 3229 4792 suae
3256 4741 3395 4794 tole-

1811 4827 1995 4881 rantiae
2024 4826 2280 4897 adjungit.
2312 4826 2493 4896 Neque
2515 4828 2653 4882 enim
2687 4828 2805 4883 ideo
2836 4830 3080 4898 produxit
3105 4830 3392 4885 humanum

1811 4935 1979 4991 genus
2004 4930 2061 4974 ut
2082 4921 2312 4990 puniret,
2339 4920 2431 4975 sed
2462 4921 2623 4991 plane
2652 4937 2681 4975 ε
2702 4920 2932 4984 diverso,
2968 4932 3023 4975 ut
3049 4921 3268 4975 donaret
3295 4937 3393 4974 no-

1813 5011 1896 5066 bis
1941 5012 2216 5066 innumera
2243 5012 2379 5066 bona
2411 5012 2603 5081 quibus
2635 5012 2950 5067 fruerentur.
3007 5013 3072 5065 Et
3116 5022 3393 5080 propterea

1813 5104 1983 5172 ipsum
2008 5103 2201 5173 ubique
2232 5103 2379 5157 vides
2404 5112 2758 5167 cunctantem,
2806 5113 2859 5156 et
2894 5118 3070 5157 moras
3095 5114 3395 5159 nectentem

1813 5194 1866 5248 in
1894 5195 2063 5263 pmnis
2096 5194 2412 5263 inﬁigendis.
2443 5194 2636 5248 Verum
2670 5209 2737 5248 ne
2774 5193 3035 5248 dictorum
3064 5194 3399 5250 multitudine

1815 5285 2127 5341 memoriam
2173 5297 2402 5341 vestram
2460 5286 2783 5349 obruamus,
2834 5284 2921 5340 hic
2972 5300 3277 5341 sermonem
3329 5287 3401 5341 si-

1813 5385 2036 5442 stentes,
2067 5388 2258 5433 caetera
2304 5391 2470 5447 usque
2500 5378 2550 5430 in
2597 5377 2882 5431 crastinum
2914 5393 3255 5447 reponemus.

1888 5470 1941 5526 6.
1984 5467 2197 5525 Muralis
2220 5470 2463 5540 epilogus.
2488 5470 2703 5525 —il;rc
2740 5483 2938 5539 autem,
2977 5490 3044 5526 ne
3086 5471 3399 5542 simpliciter

1819 5571 1873 5617 et
1904 5562 2360 5617 inconsideranter
2388 5562 2684 5630 audiamus,
2713 5563 2887 5618 dilecti
2925 5607 2938 5619 .
2970 5562 3064 5618 sed
3090 5565 3392 5618 erudiamur

1819 5653 1886 5707 ad
1919 5653 2173 5707 virtutum
2217 5669 2397 5708 curam
2436 5654 2719 5724 agendam,
2769 5655 3159 5725 admodumque
3189 5661 3391 5710 studea-

1821 5761 1937 5802 mus
1969 5746 2077 5801 Deo
2103 5746 2239 5803 bene
2273 5747 2510 5817 placere;
2560 5758 2617 5803 et
2640 5762 2809 5817 neque
2841 5747 3027 5802 domtts
3058 5746 3396 5819 gubernatio-
