  <div class='ocr_page' id='page_1' title='image "/cluster/home/n/w/nwhite01/storage/ocr_20150623/53-54/hvd.32044012465829/183.png"; bbox 0 0 3804 6238; ppageno 0'>
   <div class='ocr_carea' id='block_1_1' title="bbox 384 318 484 373">
    <p class='ocr_par' dir='ltr' id='par_1_1' title="bbox 384 318 484 373">
     <span class='ocr_line' id='line_1_1' title="bbox 384 318 484 373; baseline -0.01 0"><span class='ocrx_word' id='word_1_1' title='bbox 384 318 484 373; x_wconf 80' lang='grc'><strong>185</strong></span> 
     </span>
    </p>
   </div>
   <div class='ocr_carea' id='block_1_2' title="bbox 384 419 1950 495">
    <p class='ocr_par' dir='ltr' id='par_1_2' title="bbox 384 419 1950 495">
     <span class='ocr_line' id='line_1_2' title="bbox 384 419 1950 495; baseline -0.011 -11"><span class='ocrx_word' id='word_1_2' title='bbox 384 444 526 491; x_wconf 86' lang='lat' dir='ltr'><strong>nem,</strong></span> <span class='ocrx_word' id='word_1_3' title='bbox 558 438 729 495; x_wconf 74' lang='lat' dir='ltr'><strong>neque</strong></span> <span class='ocrx_word' id='word_1_4' title='bbox 758 423 941 479; x_wconf 78' lang='lat' dir='ltr'><strong>uxoris</strong></span> <span class='ocrx_word' id='word_1_5' title='bbox 978 437 1181 489; x_wconf 84' lang='lat' dir='ltr'><strong>curam,</strong></span> <span class='ocrx_word' id='word_1_6' title='bbox 1218 438 1393 493; x_wconf 81' lang='lat' dir='ltr'><strong>neque</strong></span> <span class='ocrx_word' id='word_1_7' title='bbox 1417 424 1649 483; x_wconf 78' lang='lat' dir='ltr'><strong>filiorum</strong></span> <span class='ocrx_word' id='word_1_8' title='bbox 1690 419 1950 476; x_wconf 78' lang='lat' dir='ltr'><strong>sollicite-.-</strong></span> 
     </span>
    </p>
   </div>
   <div class='ocr_carea' id='block_1_3' title="bbox 386 514 1932 587">
    <p class='ocr_par' dir='ltr' id='par_1_3' title="bbox 386 514 1932 587">
     <span class='ocr_line' id='line_1_3' title="bbox 386 514 1932 587; baseline -0.004 -14"><span class='ocrx_word' id='word_1_9' title='bbox 386 520 585 583; x_wconf 88' lang='lat' dir='ltr'><strong>dinem,</strong></span> <span class='ocrx_word' id='word_1_10' title='bbox 616 531 787 586; x_wconf 90' lang='lat' dir='ltr'><strong>neque</strong></span> <span class='ocrx_word' id='word_1_11' title='bbox 822 516 964 571; x_wconf 84' lang='lat' dir='ltr'><strong>aliud</strong></span> <span class='ocrx_word' id='word_1_12' title='bbox 989 514 1240 586; x_wconf 79' lang='lat' dir='ltr'><strong>quiddam</strong></span> <span class='ocrx_word' id='word_1_13' title='bbox 1279 524 1651 587; x_wconf 70' lang='lat' dir='ltr'><strong>prtetexamus,</strong></span> <span class='ocrx_word' id='word_1_14' title='bbox 1678 515 1816 586; x_wconf 91' lang='lat' dir='ltr'><strong>quod</strong></span> <span class='ocrx_word' id='word_1_15' title='bbox 1864 530 1932 584; x_wconf 87' lang='lat' dir='ltr'><strong>pu</strong></span> 
     </span>
    </p>
   </div>
   <div class='ocr_carea' id='block_1_4' title="bbox 1141 293 2001 370">
    <p class='ocr_par' dir='ltr' id='par_1_4' title="bbox 1141 296 2001 370">
     <span class='ocr_line' id='line_1_4' title="bbox 1141 296 2001 370; baseline -0.02 -1"><span class='ocrx_word' id='word_1_16' title='bbox 1141 312 1199 369; x_wconf 80' lang='lat'><strong>8.</strong></span> <span class='ocrx_word' id='word_1_17' title='bbox 1237 311 1509 369; x_wconf 73' lang='lat' dir='ltr'><strong>JOANNIS</strong></span> <span class='ocrx_word' id='word_1_18' title='bbox 1542 296 2001 370; x_wconf 69' lang='grc' dir='ltr'><strong>(1111ὶῖὃωῖοω</strong></span> 
     </span>
    </p>
   </div>
   <div class='ocr_carea' id='block_1_5' title="bbox 2109 293 2940 370">
    <p class='ocr_par' dir='ltr' id='par_1_5' title="bbox 2109 293 2940 355">
     <span class='ocr_line' id='line_1_5' title="bbox 2109 293 2940 355; baseline 0.004 -6"><span class='ocrx_word' id='word_1_19' title='bbox 2109 293 2369 351; x_wconf 67' lang='grc' dir='ltr'><strong>κειιιερ.</strong></span> <span class='ocrx_word' id='word_1_20' title='bbox 2409 297 2940 355; x_wconf 78' lang='lat' dir='ltr'><strong>CONSTANTINOP.</strong></span> 
     </span>
    </p>
   </div>
   <div class='ocr_carea' id='block_1_6' title="bbox 2070 408 3635 480">
    <p class='ocr_par' dir='ltr' id='par_1_6' title="bbox 2070 408 3635 480">
     <span class='ocr_line' id='line_1_6' title="bbox 2070 408 3635 480; baseline 0.001 -18"><span class='ocrx_word' id='word_1_21' title='bbox 2070 408 2454 475; x_wconf 77' lang='lat' dir='ltr'><strong>diversitatem,</strong></span> <span class='ocrx_word' id='word_1_22' title='bbox 2478 411 2840 465; x_wconf 78' lang='lat' dir='ltr'><strong>animadverte</strong></span> <span class='ocrx_word' id='word_1_23' title='bbox 2866 411 3135 480; x_wconf 89' lang='lat' dir='ltr'><strong>quomodo</strong></span> <span class='ocrx_word' id='word_1_24' title='bbox 3161 412 3353 465; x_wconf 82' lang='lat' dir='ltr'><strong>nullius</strong></span> <span class='ocrx_word' id='word_1_25' title='bbox 3384 411 3635 465; x_wconf 79' lang='lat' dir='ltr'><strong>momenti</strong></span> 
     </span>
    </p>
   </div>
   <div class='ocr_carea' id='block_1_7' title="bbox 2063 501 3634 573">
    <p class='ocr_par' dir='ltr' id='par_1_7' title="bbox 2063 501 3634 573">
     <span class='ocr_line' id='line_1_7' title="bbox 2063 501 3634 573; baseline 0.001 -18"><span class='ocrx_word' id='word_1_26' title='bbox 2063 501 2133 555; x_wconf 85' lang='lat' dir='ltr'><strong>sit</strong></span> <span class='ocrx_word' id='word_1_27' title='bbox 2156 516 2349 570; x_wconf 89' lang='lat' dir='ltr'><strong>corpus</strong></span> <span class='ocrx_word' id='word_1_28' title='bbox 2377 502 2423 555; x_wconf 89' lang='lat' dir='ltr'><strong>si</strong></span> <span class='ocrx_word' id='word_1_29' title='bbox 2450 504 2625 555; x_wconf 89' lang='lat' dir='ltr'><strong>anima</strong></span> <span class='ocrx_word' id='word_1_30' title='bbox 2650 503 2717 557; x_wconf 78' lang='lat' dir='ltr'><strong>ab</strong></span> <span class='ocrx_word' id='word_1_31' title='bbox 2744 517 2811 556; x_wconf 90' lang='lat' dir='ltr'><strong>eo</strong></span> <span class='ocrx_word' id='word_1_32' title='bbox 2838 503 3161 557; x_wconf 78' lang='lat' dir='ltr'><strong>discesserit.</strong></span> <span class='ocrx_word' id='word_1_33' title='bbox 3196 503 3359 572; x_wconf 88' lang='lat' dir='ltr'><strong>Igitur</strong></span> <span class='ocrx_word' id='word_1_34' title='bbox 3390 505 3479 573; x_wconf 88' lang='lat' dir='ltr'><strong>qui</strong></span> <span class='ocrx_word' id='word_1_35' title='bbox 3520 515 3634 557; x_wconf 75' lang='lat' dir='ltr'><strong>tan-</strong></span> 
     </span>
    </p>
   </div>
   <div class='ocr_carea' id='block_1_8' title="bbox 3529 300 3635 356">
    <p class='ocr_par' dir='ltr' id='par_1_8' title="bbox 3529 300 3635 356">
     <span class='ocr_line' id='line_1_8' title="bbox 3529 300 3635 356; baseline 0.028 -3"><span class='ocrx_word' id='word_1_36' title='bbox 3529 300 3635 356; x_wconf 65' lang='grc'><strong>186</strong></span> 
     </span>
    </p>
   </div>
   <div class='ocr_carea' id='block_1_9' title="bbox 388 590 2001 678">
    <p class='ocr_par' dir='ltr' id='par_1_9' title="bbox 388 607 1953 678">
     <span class='ocr_line' id='line_1_9' title="bbox 388 607 1953 678; baseline -0.006 -8"><span class='ocrx_word' id='word_1_37' title='bbox 388 622 561 670; x_wconf 78' lang='lat' dir='ltr'><strong>tentus</strong></span> <span class='ocrx_word' id='word_1_38' title='bbox 588 613 713 666; x_wconf 87' lang='lat' dir='ltr'><strong>satis</strong></span> <span class='ocrx_word' id='word_1_39' title='bbox 742 626 865 666; x_wconf 87' lang='lat' dir='ltr'><strong>esse</strong></span> <span class='ocrx_word' id='word_1_40' title='bbox 904 609 971 664; x_wconf 89' lang='lat' dir='ltr'><strong>ad</strong></span> <span class='ocrx_word' id='word_1_41' title='bbox 1015 609 1373 667; x_wconf 76' lang='lat' dir='ltr'><strong>excusandam</strong></span> <span class='ocrx_word' id='word_1_42' title='bbox 1416 618 1649 665; x_wconf 86' lang='lat' dir='ltr'><strong>nostram</strong></span> <span class='ocrx_word' id='word_1_43' title='bbox 1689 607 1953 678; x_wconf 77' lang='lat' dir='ltr'><strong>negligen-</strong></span> 
     </span>
    </p>
   </div>
   <div class='ocr_carea' id='block_1_10' title="bbox 2109 590 3637 678">
    <p class='ocr_par' dir='ltr' id='par_1_10' title="bbox 2109 590 3637 662">
     <span class='ocr_line' id='line_1_10' title="bbox 2109 590 3637 662; baseline 0.003 -19"><span class='ocrx_word' id='word_1_44' title='bbox 2109 605 2175 643; x_wconf 87' lang='lat' dir='ltr'><strong>tm</strong></span> <span class='ocrx_word' id='word_1_45' title='bbox 2204 590 2366 644; x_wconf 89' lang='lat' dir='ltr'><strong>habes</strong></span> <span class='ocrx_word' id='word_1_46' title='bbox 2387 592 2628 660; x_wconf 85' lang='lat' dir='ltr'><strong>corporis</strong></span> <span class='ocrx_word' id='word_1_47' title='bbox 2650 606 2852 653; x_wconf 86' lang='lat' dir='ltr'><strong>curam,</strong></span> <span class='ocrx_word' id='word_1_48' title='bbox 2891 592 3043 660; x_wconf 90' lang='lat' dir='ltr'><strong>cujus</strong></span> <span class='ocrx_word' id='word_1_49' title='bbox 3083 594 3271 662; x_wconf 83' lang='lat' dir='ltr'><strong>gratia,</strong></span> <span class='ocrx_word' id='word_1_50' title='bbox 3320 602 3375 646; x_wconf 91' lang='lat' dir='ltr'><strong>et</strong></span> <span class='ocrx_word' id='word_1_51' title='bbox 3424 605 3637 660; x_wconf 74' lang='lat' dir='ltr'><strong>propter</strong></span> 
     </span>
    </p>
   </div>
   <div class='ocr_carea' id='block_1_11' title="bbox 366 700 1115 769">
    <p class='ocr_par' dir='ltr' id='par_1_11' title="bbox 366 700 1115 769">
     <span class='ocr_line' id='line_1_11' title="bbox 366 700 1115 769; baseline -0.007 -13"><span class='ocrx_word' id='word_1_52' title='bbox 366 751 371 756; x_wconf 91' lang='lat'><strong>.</strong></span> <span class='ocrx_word' id='word_1_53' title='bbox 391 713 521 769; x_wconf 88' lang='lat' dir='ltr'><strong>tem,</strong></span> <span class='ocrx_word' id='word_1_54' title='bbox 566 700 907 768; x_wconf 81' lang='lat' dir='ltr'><strong>desidemque</strong></span> <span class='ocrx_word' id='word_1_55' title='bbox 954 700 1115 761; x_wconf 77' lang='lat' dir='ltr'><strong>vitam</strong></span> 
     </span>
    </p>
   </div>
   <div class='ocr_carea' id='block_1_12' title="bbox 390 787 1963 863">
    <p class='ocr_par' dir='ltr' id='par_1_12' title="bbox 390 787 1963 863">
     <span class='ocr_line' id='line_1_12' title="bbox 390 787 1963 863; baseline -0.004 -17"><span class='ocrx_word' id='word_1_56' title='bbox 390 793 748 863; x_wconf 85' lang='lat' dir='ltr'><strong>proferamus,</strong></span> <span class='ocrx_word' id='word_1_57' title='bbox 798 799 854 845; x_wconf 90' lang='lat' dir='ltr'><strong>et</strong></span> <span class='ocrx_word' id='word_1_58' title='bbox 893 787 1130 843; x_wconf 79' lang='lat' dir='ltr'><strong>dicamus</strong></span> <span class='ocrx_word' id='word_1_59' title='bbox 1168 805 1183 843; x_wconf 88' lang='lat'><strong>:</strong></span> <span class='ocrx_word' id='word_1_60' title='bbox 1226 788 1521 844; x_wconf 78' lang='lat' dir='ltr'><strong>Mundanus</strong></span> <span class='ocrx_word' id='word_1_61' title='bbox 1563 804 1701 855; x_wconf 90' lang='lat' dir='ltr'><strong>sum,</strong></span> <span class='ocrx_word' id='word_1_62' title='bbox 1744 800 1963 842; x_wconf 85' lang='lat' dir='ltr'><strong>uxorem</strong></span> 
     </span>
    </p>
   </div>
   <div class='ocr_carea' id='block_1_13' title="bbox 1163 679 3642 768">
    <p class='ocr_par' dir='ltr' id='par_1_13' title="bbox 1163 679 3642 768">
     <span class='ocr_line' id='line_1_13' title="bbox 1163 679 3642 768; baseline 0.002 -37"><span class='ocrx_word' id='word_1_63' title='bbox 1163 716 1177 754; x_wconf 57' lang='grc' dir='ltr'>ε</span> <span class='ocrx_word' id='word_1_64' title='bbox 1222 714 1394 767; x_wconf 69' lang='lat' dir='ltr'><strong>neque</strong></span> <span class='ocrx_word' id='word_1_65' title='bbox 1441 698 1628 768; x_wconf 61' lang='lat' dir='ltr'><strong>frigida</strong></span> <span class='ocrx_word' id='word_1_66' title='bbox 1669 698 1761 753; x_wconf 63' lang='lat' dir='ltr'><strong>ma</strong></span> <span class='ocrx_word' id='word_1_67' title='bbox 1801 696 1962 753; x_wconf 61' lang='grc' dir='ltr'><strong>νεεδ,</strong></span> <span class='ocrx_word' id='word_1_68' title='bbox 2066 679 2194 750; x_wconf 82' lang='lat' dir='ltr'><strong>quid</strong></span> <span class='ocrx_word' id='word_1_69' title='bbox 2225 688 2428 734; x_wconf 87' lang='lat' dir='ltr'><strong>tantum</strong></span> <span class='ocrx_word' id='word_1_70' title='bbox 2457 681 2648 735; x_wconf 70' lang='lat' dir='ltr'><strong>animos</strong></span> <span class='ocrx_word' id='word_1_71' title='bbox 2671 693 3032 753; x_wconf 86' lang='lat' dir='ltr'><strong>contemptum</strong></span> <span class='ocrx_word' id='word_1_72' title='bbox 3073 682 3327 748; x_wconf 84' lang='lat' dir='ltr'><strong>admittis,</strong></span> <span class='ocrx_word' id='word_1_73' title='bbox 3370 692 3424 737; x_wconf 86' lang='lat' dir='ltr'><strong>et</strong></span> <span class='ocrx_word' id='word_1_74' title='bbox 3470 698 3642 751; x_wconf 83' lang='lat' dir='ltr'><strong>neque</strong></span> 
     </span>
    </p>
   </div>
   <div class='ocr_carea' id='block_1_14' title="bbox 2070 770 3645 845">
    <p class='ocr_par' dir='ltr' id='par_1_14' title="bbox 2070 770 3645 845">
     <span class='ocr_line' id='line_1_14' title="bbox 2070 770 3645 845; baseline 0.003 -20"><span class='ocrx_word' id='word_1_75' title='bbox 2070 783 2362 840; x_wconf 86' lang='lat' dir='ltr'><strong>congruum</strong></span> <span class='ocrx_word' id='word_1_76' title='bbox 2394 770 2471 824; x_wconf 84' lang='lat' dir='ltr'><strong>illi</strong></span> <span class='ocrx_word' id='word_1_77' title='bbox 2497 770 2673 825; x_wconf 82' lang='lat' dir='ltr'><strong>cibum</strong></span> <span class='ocrx_word' id='word_1_78' title='bbox 2702 773 2989 845; x_wconf 89' lang='lat' dir='ltr'><strong>impartiris</strong></span> <span class='ocrx_word' id='word_1_79' title='bbox 3030 790 3043 826; x_wconf 87' lang='lat'>:</span> <span class='ocrx_word' id='word_1_80' title='bbox 3077 773 3487 827; x_wconf 91' lang='lat' dir='ltr'><strong>admonitionem</strong></span> <span class='ocrx_word' id='word_1_81' title='bbox 3519 774 3645 829; x_wconf 82' lang='lat' dir='ltr'><strong>dico</strong></span> 
     </span>
    </p>
   </div>
   <div class='ocr_carea' id='block_1_15' title="bbox 392 859 3646 949">
    <p class='ocr_par' dir='ltr' id='par_1_15' title="bbox 392 859 3646 949">
     <span class='ocr_line' id='line_1_15' title="bbox 392 859 3646 949; baseline 0.001 -35"><span class='ocrx_word' id='word_1_82' title='bbox 392 859 584 947; x_wconf 47' lang='lat' dir='ltr'><strong>iubeo,</strong></span> <span class='ocrx_word' id='word_1_83' title='bbox 610 888 664 935; x_wconf 68' lang='grc' dir='ltr'><strong>ει</strong></span> <span class='ocrx_word' id='word_1_84' title='bbox 687 879 979 934; x_wconf 53' lang='lat' dir='ltr'><strong>liberorum</strong></span> <span class='ocrx_word' id='word_1_85' title='bbox 1003 892 1187 933; x_wconf 63' lang='lat' dir='ltr'><strong>curam</strong></span> <span class='ocrx_word' id='word_1_86' title='bbox 1221 893 1351 949; x_wconf 64' lang='lat' dir='ltr'><strong>gem</strong></span> <span class='ocrx_word' id='word_1_87' title='bbox 1382 896 1396 934; x_wconf 62' lang='grc' dir='ltr'>ε</span> <span class='ocrx_word' id='word_1_88' title='bbox 1428 878 1481 933; x_wconf 70' lang='lat' dir='ltr'><strong>id</strong></span> <span class='ocrx_word' id='word_1_89' title='bbox 1523 876 1663 949; x_wconf 73' lang='lat' dir='ltr'><strong>quod</strong></span> <span class='ocrx_word' id='word_1_90' title='bbox 1694 875 1847 932; x_wconf 70' lang='lat' dir='ltr'><strong>mum</strong></span> <span class='ocrx_word' id='word_1_91' title='bbox 1874 889 1967 930; x_wconf 69' lang='grc' dir='ltr'><strong>εο.</strong></span> <span class='ocrx_word' id='word_1_92' title='bbox 2072 875 2141 914; x_wconf 80' lang='lat' dir='ltr'><strong>ex</strong></span> <span class='ocrx_word' id='word_1_93' title='bbox 2180 859 2347 914; x_wconf 87' lang='lat' dir='ltr'><strong>sacris</strong></span> <span class='ocrx_word' id='word_1_94' title='bbox 2375 859 2682 930; x_wconf 89' lang='lat' dir='ltr'><strong>Scripturis,</strong></span> <span class='ocrx_word' id='word_1_95' title='bbox 2728 877 2900 932; x_wconf 89' lang='lat' dir='ltr'><strong>neque</strong></span> <span class='ocrx_word' id='word_1_96' title='bbox 2944 862 3252 918; x_wconf 76' lang='lat' dir='ltr'><strong>vulneribus</strong></span> <span class='ocrx_word' id='word_1_97' title='bbox 3288 872 3342 918; x_wconf 91' lang='lat' dir='ltr'><strong>et</strong></span> <span class='ocrx_word' id='word_1_98' title='bbox 3380 864 3646 920; x_wconf 84' lang='lat' dir='ltr'><strong>ulceribus</strong></span> 
     </span>
    </p>
   </div>
   <div class='ocr_carea' id='block_1_16' title="bbox 394 966 1966 1039">
    <p class='ocr_par' dir='ltr' id='par_1_16' title="bbox 394 966 1966 1039">
     <span class='ocr_line' id='line_1_16' title="bbox 394 966 1966 1039; baseline -0.004 -14"><span class='ocrx_word' id='word_1_99' title='bbox 394 970 505 1027; x_wconf 87' lang='lat' dir='ltr'><strong>lent</strong></span> <span class='ocrx_word' id='word_1_100' title='bbox 529 970 726 1035; x_wconf 86' lang='lat' dir='ltr'><strong>dicere,</strong></span> <span class='ocrx_word' id='word_1_101' title='bbox 771 968 815 1021; x_wconf 88' lang='lat' dir='ltr'><strong>si</strong></span> <span class='ocrx_word' id='word_1_102' title='bbox 845 967 1061 1038; x_wconf 80' lang='lat' dir='ltr'><strong>quando</strong></span> <span class='ocrx_word' id='word_1_103' title='bbox 1103 982 1201 1027; x_wconf 88' lang='lat' dir='ltr'><strong>eos.</strong></span> <span class='ocrx_word' id='word_1_104' title='bbox 1238 982 1486 1039; x_wconf 89' lang='lat' dir='ltr'><strong>rogamus</strong></span> <span class='ocrx_word' id='word_1_105' title='bbox 1524 976 1582 1022; x_wconf 92' lang='lat' dir='ltr'><strong>ut</strong></span> <span class='ocrx_word' id='word_1_106' title='bbox 1618 966 1685 1022; x_wconf 87' lang='lat' dir='ltr'><strong>ad</strong></span> <span class='ocrx_word' id='word_1_107' title='bbox 1710 966 1966 1021; x_wconf 87' lang='lat' dir='ltr'><strong>virtutum</strong></span> 
     </span>
    </p>
   </div>
   <div class='ocr_carea' id='block_1_17' title="bbox 396 1056 1972 1130">
    <p class='ocr_par' dir='ltr' id='par_1_17' title="bbox 396 1056 1972 1130">
     <span class='ocr_line' id='line_1_17' title="bbox 396 1056 1972 1130; baseline -0.004 -13"><span class='ocrx_word' id='word_1_108' title='bbox 396 1060 609 1117; x_wconf 81' lang='lat' dir='ltr'><strong>labores</strong></span> <span class='ocrx_word' id='word_1_109' title='bbox 638 1059 1019 1130; x_wconf 87' lang='lat' dir='ltr'><strong>ingrediantur,</strong></span> <span class='ocrx_word' id='word_1_110' title='bbox 1050 1059 1133 1114; x_wconf 84' lang='lat' dir='ltr'><strong>vel</strong></span> <span class='ocrx_word' id='word_1_111' title='bbox 1163 1059 1387 1117; x_wconf 79' lang='lat' dir='ltr'><strong>multum</strong></span> <span class='ocrx_word' id='word_1_112' title='bbox 1426 1058 1657 1115; x_wconf 88' lang='lat' dir='ltr'><strong>studium</strong></span> <span class='ocrx_word' id='word_1_113' title='bbox 1686 1056 1972 1112; x_wconf 82' lang='lat' dir='ltr'><strong>adhibeant</strong></span> 
     </span>
    </p>
   </div>
   <div class='ocr_carea' id='block_1_18' title="bbox 399 1149 1969 1221">
    <p class='ocr_par' dir='ltr' id='par_1_18' title="bbox 399 1149 1969 1221">
     <span class='ocr_line' id='line_1_18' title="bbox 399 1149 1969 1221; baseline -0.004 -13"><span class='ocrx_word' id='word_1_114' title='bbox 399 1153 455 1209; x_wconf 89' lang='lat' dir='ltr'><strong>in</strong></span> <span class='ocrx_word' id='word_1_115' title='bbox 484 1152 649 1211; x_wconf 79' lang='lat' dir='ltr'><strong>sacris</strong></span> <span class='ocrx_word' id='word_1_116' title='bbox 677 1151 868 1207; x_wconf 86' lang='lat' dir='ltr'><strong>Literis</strong></span> <span class='ocrx_word' id='word_1_117' title='bbox 891 1150 1151 1221; x_wconf 74' lang='lat' dir='ltr'><strong>legendis.</strong></span> <span class='ocrx_word' id='word_1_118' title='bbox 1182 1151 1296 1209; x_wconf 82' lang='lat' dir='ltr'><strong>Non</strong></span> <span class='ocrx_word' id='word_1_119' title='bbox 1318 1161 1399 1207; x_wconf 88' lang='lat' dir='ltr'><strong>est</strong></span> <span class='ocrx_word' id='word_1_120' title='bbox 1418 1151 1519 1207; x_wconf 87' lang='lat' dir='ltr'><strong>hoc</strong></span> <span class='ocrx_word' id='word_1_121' title='bbox 1539 1166 1736 1215; x_wconf 86' lang='lat' dir='ltr'><strong>meum.</strong></span> <span class='ocrx_word' id='word_1_122' title='bbox 1765 1149 1969 1218; x_wconf 85' lang='lat' dir='ltr'><strong>inquit:</strong></span> 
     </span>
    </p>
   </div>
   <div class='ocr_carea' id='block_1_19' title="bbox 400 1239 1975 1312">
    <p class='ocr_par' dir='ltr' id='par_1_19' title="bbox 400 1239 1975 1312">
     <span class='ocr_line' id='line_1_19' title="bbox 400 1239 1975 1312; baseline -0.005 -13"><span class='ocrx_word' id='word_1_123' title='bbox 400 1242 655 1312; x_wconf 89' lang='lat' dir='ltr'><strong>numquid</strong></span> <span class='ocrx_word' id='word_1_124' title='bbox 715 1241 1011 1296; x_wconf 83' lang='lat' dir='ltr'><strong>renuntiavi</strong></span> <span class='ocrx_word' id='word_1_125' title='bbox 1072 1242 1309 1297; x_wconf 70' lang='lat' dir='ltr'><strong>saeculo?</strong></span> <span class='ocrx_word' id='word_1_126' title='bbox 1376 1240 1631 1311; x_wconf 90' lang='lat' dir='ltr'><strong>numquid</strong></span> <span class='ocrx_word' id='word_1_127' title='bbox 1683 1239 1975 1295; x_wconf 84' lang='lat' dir='ltr'><strong>monachus</strong></span> 
     </span>
    </p>
   </div>
   <div class='ocr_carea' id='block_1_20' title="bbox 402 1327 1977 1397">
    <p class='ocr_par' dir='ltr' id='par_1_20' title="bbox 402 1327 1977 1397">
     <span class='ocr_line' id='line_1_20' title="bbox 402 1327 1977 1397; baseline -0.003 -10"><span class='ocrx_word' id='word_1_128' title='bbox 402 1331 555 1387; x_wconf 81' lang='lat' dir='ltr'><strong>sum?</strong></span> <span class='ocrx_word' id='word_1_129' title='bbox 583 1330 719 1397; x_wconf 88' lang='lat' dir='ltr'><strong>Quid</strong></span> <span class='ocrx_word' id='word_1_130' title='bbox 744 1330 896 1395; x_wconf 87' lang='lat' dir='ltr'><strong>dicis,</strong></span> <span class='ocrx_word' id='word_1_131' title='bbox 925 1328 1123 1385; x_wconf 76' lang='lat' dir='ltr'><strong>homo?</strong></span> <span class='ocrx_word' id='word_1_132' title='bbox 1152 1331 1235 1387; x_wconf 83' lang='lat' dir='ltr'><strong>An</strong></span> <span class='ocrx_word' id='word_1_133' title='bbox 1262 1329 1364 1385; x_wconf 91' lang='lat' dir='ltr'><strong>hoc</strong></span> <span class='ocrx_word' id='word_1_134' title='bbox 1398 1330 1465 1385; x_wconf 87' lang='lat' dir='ltr'><strong>ad</strong></span> <span class='ocrx_word' id='word_1_135' title='bbox 1495 1331 1642 1386; x_wconf 88' lang='lat' dir='ltr'><strong>solos</strong></span> <span class='ocrx_word' id='word_1_136' title='bbox 1688 1327 1977 1385; x_wconf 83' lang='lat' dir='ltr'><strong>monachos</strong></span> 
     </span>
    </p>
   </div>
   <div class='ocr_carea' id='block_1_21' title="bbox 404 1420 1981 1495">
    <p class='ocr_par' dir='ltr' id='par_1_21' title="bbox 404 1420 1981 1495">
     <span class='ocr_line' id='line_1_21' title="bbox 404 1420 1981 1495; baseline 0.001 -19"><span class='ocrx_word' id='word_1_137' title='bbox 404 1423 655 1495; x_wconf 79' lang='lat' dir='ltr'><strong>pertinet,</strong></span> <span class='ocrx_word' id='word_1_138' title='bbox 685 1430 743 1477; x_wconf 91' lang='lat' dir='ltr'><strong>ut</strong></span> <span class='ocrx_word' id='word_1_139' title='bbox 766 1422 904 1478; x_wconf 87' lang='lat' dir='ltr'><strong>bene</strong></span> <span class='ocrx_word' id='word_1_140' title='bbox 926 1421 1036 1476; x_wconf 90' lang='lat' dir='ltr'><strong>Deo</strong></span> <span class='ocrx_word' id='word_1_141' title='bbox 1064 1421 1347 1491; x_wconf 86' lang='lat' dir='ltr'><strong>placeant?</strong></span> <span class='ocrx_word' id='word_1_142' title='bbox 1374 1423 1575 1479; x_wconf 83' lang='lat' dir='ltr'><strong>Omnes</strong></span> <span class='ocrx_word' id='word_1_143' title='bbox 1599 1422 1842 1476; x_wconf 84' lang='lat' dir='ltr'><strong>homines</strong></span> <span class='ocrx_word' id='word_1_144' title='bbox 1870 1420 1981 1477; x_wconf 74' lang='lat' dir='ltr'><strong>vult</strong></span> 
     </span>
    </p>
   </div>
   <div class='ocr_carea' id='block_1_22' title="bbox 406 1508 1977 1582">
    <p class='ocr_par' dir='ltr' id='par_1_22' title="bbox 406 1508 1977 1582">
     <span class='ocr_line' id='line_1_22' title="bbox 406 1508 1977 1582; baseline -0.002 -17"><span class='ocrx_word' id='word_1_145' title='bbox 406 1513 583 1566; x_wconf 88' lang='lat' dir='ltr'><strong>salvos</strong></span> <span class='ocrx_word' id='word_1_146' title='bbox 608 1510 741 1576; x_wconf 82' lang='lat' dir='ltr'><strong>fieri,</strong></span> <span class='ocrx_word' id='word_1_147' title='bbox 769 1520 822 1567; x_wconf 90' lang='lat' dir='ltr'><strong>et</strong></span> <span class='ocrx_word' id='word_1_148' title='bbox 847 1511 913 1565; x_wconf 92' lang='lat' dir='ltr'><strong>ad</strong></span> <span class='ocrx_word' id='word_1_149' title='bbox 938 1511 1261 1580; x_wconf 78' lang='lat' dir='ltr'><strong>agnitionem</strong></span> <span class='ocrx_word' id='word_1_150' title='bbox 1288 1511 1528 1567; x_wconf 83' lang='lat' dir='ltr'><strong>veritatis</strong></span> <span class='ocrx_word' id='word_1_151' title='bbox 1554 1512 1735 1567; x_wconf 89' lang='lat' dir='ltr'><strong>venire</strong></span> <span class='ocrx_word' id='word_1_152' title='bbox 1760 1508 1977 1582; x_wconf 83' lang='lat' dir='ltr'><strong>(l.Tim.</strong></span> 
     </span>
    </p>
   </div>
   <div class='ocr_carea' id='block_1_23' title="bbox 408 1598 1982 1669">
    <p class='ocr_par' dir='ltr' id='par_1_23' title="bbox 408 1598 1982 1669">
     <span class='ocr_line' id='line_1_23' title="bbox 408 1598 1982 1669; baseline -0.001 -16"><span class='ocrx_word' id='word_1_153' title='bbox 408 1599 463 1653; x_wconf 72' lang='lat'><strong>2.</strong></span> <span class='ocrx_word' id='word_1_154' title='bbox 498 1600 576 1669; x_wconf 69' lang='grc' dir='ltr'><strong>ι),</strong></span> <span class='ocrx_word' id='word_1_155' title='bbox 608 1599 911 1669; x_wconf 87' lang='lat' dir='ltr'><strong>nullamque</strong></span> <span class='ocrx_word' id='word_1_156' title='bbox 932 1600 1185 1654; x_wconf 81' lang='lat' dir='ltr'><strong>virtutem</strong></span> <span class='ocrx_word' id='word_1_157' title='bbox 1212 1599 1495 1669; x_wconf 73' lang='lat' dir='ltr'><strong>negligere.</strong></span> <span class='ocrx_word' id='word_1_158' title='bbox 1522 1598 1662 1655; x_wconf 83' lang='lat' dir='ltr'><strong>Audi</strong></span> <span class='ocrx_word' id='word_1_159' title='bbox 1692 1599 1833 1653; x_wconf 90' lang='lat' dir='ltr'><strong>enim</strong></span> <span class='ocrx_word' id='word_1_160' title='bbox 1858 1612 1982 1652; x_wconf 91' lang='lat' dir='ltr'><strong>eum</strong></span> 
     </span>
    </p>
   </div>
   <div class='ocr_carea' id='block_1_24' title="bbox 414 1687 1981 1760">
    <p class='ocr_par' dir='ltr' id='par_1_24' title="bbox 414 1687 1981 1760">
     <span class='ocr_line' id='line_1_24' title="bbox 414 1687 1981 1760; baseline -0.002 -16"><span class='ocrx_word' id='word_1_161' title='bbox 414 1705 506 1758; x_wconf 79' lang='lat' dir='ltr'><strong>per</strong></span> <span class='ocrx_word' id='word_1_162' title='bbox 534 1691 840 1760; x_wconf 89' lang='lat' dir='ltr'><strong>prephetam</strong></span> <span class='ocrx_word' id='word_1_163' title='bbox 882 1688 1145 1745; x_wconf 86' lang='lat' dir='ltr'><strong>dicentem</strong></span> <span class='ocrx_word' id='word_1_164' title='bbox 1192 1705 1205 1743; x_wconf 87' lang='lat'><strong>:</strong></span> <span class='ocrx_word' id='word_1_165' title='bbox 1256 1687 1395 1744; x_wconf 86' lang='lat' dir='ltr'><strong>Nolo</strong></span> <span class='ocrx_word' id='word_1_166' title='bbox 1436 1699 1645 1742; x_wconf 82' lang='lat' dir='ltr'><strong>mortem</strong></span> <span class='ocrx_word' id='word_1_167' title='bbox 1684 1687 1981 1757; x_wconf 79' lang='lat' dir='ltr'><strong>peccatoris,</strong></span> 
     </span>
    </p>
   </div>
   <div class='ocr_carea' id='block_1_25' title="bbox 416 1779 1982 1852">
    <p class='ocr_par' dir='ltr' id='par_1_25' title="bbox 416 1779 1982 1852">
     <span class='ocr_line' id='line_1_25' title="bbox 416 1779 1982 1852; baseline -0.001 -18"><span class='ocrx_word' id='word_1_168' title='bbox 416 1782 504 1834; x_wconf 78' lang='lat' dir='ltr'><strong>sed</strong></span> <span class='ocrx_word' id='word_1_169' title='bbox 530 1790 584 1834; x_wconf 83' lang='lat' dir='ltr'><strong>ut</strong></span> <span class='ocrx_word' id='word_1_170' title='bbox 612 1790 924 1835; x_wconf 81' lang='lat' dir='ltr'><strong>convertatur</strong></span> <span class='ocrx_word' id='word_1_171' title='bbox 951 1791 997 1835; x_wconf 87' lang='lat' dir='ltr'><strong>et</strong></span> <span class='ocrx_word' id='word_1_172' title='bbox 1021 1782 1151 1836; x_wconf 80' lang='lat' dir='ltr'><strong>vivat</strong></span> <span class='ocrx_word' id='word_1_173' title='bbox 1189 1781 1401 1852; x_wconf 60' lang='grc' dir='ltr'><strong>(Επειδὴ.</strong></span> <span class='ocrx_word' id='word_1_174' title='bbox 1432 1782 1521 1837; x_wconf 75' lang='grc'><strong>18.</strong></span> <span class='ocrx_word' id='word_1_175' title='bbox 1549 1781 1666 1852; x_wconf 73' lang='lat'><strong>23).</strong></span> <span class='ocrx_word' id='word_1_176' title='bbox 1697 1779 1982 1850; x_wconf 84' lang='lat' dir='ltr'><strong>Numquid,</strong></span> 
     </span>
    </p>
   </div>
   <div class='ocr_carea' id='block_1_26' title="bbox 415 1871 1986 1941">
    <p class='ocr_par' dir='ltr' id='par_1_26' title="bbox 415 1871 1986 1941">
     <span class='ocr_line' id='line_1_26' title="bbox 415 1871 1986 1941; baseline -0.001 -16"><span class='ocrx_word' id='word_1_177' title='bbox 415 1872 502 1926; x_wconf 81' lang='lat' dir='ltr'><strong>die</strong></span> <span class='ocrx_word' id='word_1_178' title='bbox 529 1886 644 1937; x_wconf 89' lang='lat' dir='ltr'><strong>oro,</strong></span> <span class='ocrx_word' id='word_1_179' title='bbox 666 1872 811 1941; x_wconf 89' lang='lat' dir='ltr'><strong>justo</strong></span> <span class='ocrx_word' id='word_1_180' title='bbox 837 1871 957 1928; x_wconf 87' lang='lat' dir='ltr'><strong>huic</strong></span> <span class='ocrx_word' id='word_1_181' title='bbox 987 1874 1166 1928; x_wconf 81' lang='lat' dir='ltr'><strong>uxoris</strong></span> <span class='ocrx_word' id='word_1_182' title='bbox 1189 1872 1539 1939; x_wconf 86' lang='lat' dir='ltr'><strong>consuetudo,</strong></span> <span class='ocrx_word' id='word_1_183' title='bbox 1583 1871 1667 1926; x_wconf 90' lang='lat' dir='ltr'><strong>vel</strong></span> <span class='ocrx_word' id='word_1_184' title='bbox 1702 1871 1986 1926; x_wconf 89' lang='lat' dir='ltr'><strong>liberorum</strong></span> 
     </span>
    </p>
   </div>
   <div class='ocr_carea' id='block_1_27' title="bbox 416 1959 1990 2032">
    <p class='ocr_par' dir='ltr' id='par_1_27' title="bbox 416 1959 1990 2032">
     <span class='ocr_line' id='line_1_27' title="bbox 416 1959 1990 2032; baseline -0.001 -16"><span class='ocrx_word' id='word_1_185' title='bbox 416 1974 542 2016; x_wconf 90' lang='lat' dir='ltr'><strong>cura</strong></span> <span class='ocrx_word' id='word_1_186' title='bbox 577 1960 674 2015; x_wconf 84' lang='lat' dir='ltr'><strong>fuit</strong></span> <span class='ocrx_word' id='word_1_187' title='bbox 702 1960 1014 2017; x_wconf 82' lang='lat' dir='ltr'><strong>obstaculo?</strong></span> <span class='ocrx_word' id='word_1_188' title='bbox 1052 1962 1286 2018; x_wconf 87' lang='lat' dir='ltr'><strong>Obsecro</strong></span> <span class='ocrx_word' id='word_1_189' title='bbox 1330 1962 1490 2032; x_wconf 80' lang='lat' dir='ltr'><strong>igitur</strong></span> <span class='ocrx_word' id='word_1_190' title='bbox 1528 1976 1594 2016; x_wconf 88' lang='lat' dir='ltr'><strong>ne</strong></span> <span class='ocrx_word' id='word_1_191' title='bbox 1634 1959 1990 2029; x_wconf 82' lang='lat' dir='ltr'><strong>nosmetipsos</strong></span> 
     </span>
    </p>
   </div>
   <div class='ocr_carea' id='block_1_28' title="bbox 418 2049 1990 2124">
    <p class='ocr_par' dir='ltr' id='par_1_28' title="bbox 418 2049 1990 2124">
     <span class='ocr_line' id='line_1_28' title="bbox 418 2049 1990 2124; baseline -0.003 -17"><span class='ocrx_word' id='word_1_192' title='bbox 418 2051 682 2119; x_wconf 89' lang='lat' dir='ltr'><strong>fallamus,</strong></span> <span class='ocrx_word' id='word_1_193' title='bbox 709 2052 804 2108; x_wconf 88' lang='lat' dir='ltr'><strong>sed</strong></span> <span class='ocrx_word' id='word_1_194' title='bbox 833 2062 1030 2123; x_wconf 89' lang='lat' dir='ltr'><strong>quanto</strong></span> <span class='ocrx_word' id='word_1_195' title='bbox 1052 2053 1219 2124; x_wconf 88' lang='lat' dir='ltr'><strong>magis</strong></span> <span class='ocrx_word' id='word_1_196' title='bbox 1244 2050 1609 2121; x_wconf 86' lang='lat' dir='ltr'><strong>hujuscemodi</strong></span> <span class='ocrx_word' id='word_1_197' title='bbox 1642 2052 1784 2107; x_wconf 90' lang='lat' dir='ltr'><strong>curis</strong></span> <span class='ocrx_word' id='word_1_198' title='bbox 1811 2049 1990 2119; x_wconf 82' lang='lat' dir='ltr'><strong>impli—</strong></span> 
     </span>
    </p>
   </div>
   <div class='ocr_carea' id='block_1_29' title="bbox 419 2143 1991 2216">
    <p class='ocr_par' dir='ltr' id='par_1_29' title="bbox 419 2143 1991 2216">
     <span class='ocr_line' id='line_1_29' title="bbox 419 2143 1991 2216; baseline -0.001 -18"><span class='ocrx_word' id='word_1_199' title='bbox 419 2159 621 2209; x_wconf 81' lang='lat' dir='ltr'><strong>cantur,</strong></span> <span class='ocrx_word' id='word_1_200' title='bbox 651 2153 798 2199; x_wconf 89' lang='lat' dir='ltr'><strong>tanto</strong></span> <span class='ocrx_word' id='word_1_201' title='bbox 836 2144 1002 2216; x_wconf 91' lang='lat' dir='ltr'><strong>magis</strong></span> <span class='ocrx_word' id='word_1_202' title='bbox 1044 2144 1275 2200; x_wconf 88' lang='lat' dir='ltr'><strong>remedia</strong></span> <span class='ocrx_word' id='word_1_203' title='bbox 1322 2159 1388 2200; x_wconf 76' lang='lat' dir='ltr'><strong>ex</strong></span> <span class='ocrx_word' id='word_1_204' title='bbox 1425 2144 1652 2201; x_wconf 89' lang='lat' dir='ltr'><strong>lectione</strong></span> <span class='ocrx_word' id='word_1_205' title='bbox 1694 2143 1991 2203; x_wconf 85' lang='lat' dir='ltr'><strong>divinarum</strong></span> 
     </span>
    </p>
   </div>
   <div class='ocr_carea' id='block_1_30' title="bbox 423 2234 1992 2310">
    <p class='ocr_par' dir='ltr' id='par_1_30' title="bbox 423 2234 1992 2310">
     <span class='ocr_line' id='line_1_30' title="bbox 423 2234 1992 2310; baseline -0.003 -18"><span class='ocrx_word' id='word_1_206' title='bbox 423 2236 814 2310; x_wconf 80' lang='lat' dir='ltr'><strong>Scripturarum</strong></span> <span class='ocrx_word' id='word_1_207' title='bbox 851 2238 1219 2308; x_wconf 87' lang='lat' dir='ltr'><strong>suscipiamus.</strong></span> <span class='ocrx_word' id='word_1_208' title='bbox 1258 2237 1447 2293; x_wconf 80' lang='lat' dir='ltr'><strong>Nonne</strong></span> <span class='ocrx_word' id='word_1_209' title='bbox 1493 2245 1548 2292; x_wconf 90' lang='lat' dir='ltr'><strong>et</strong></span> <span class='ocrx_word' id='word_1_210' title='bbox 1596 2236 1674 2291; x_wconf 92' lang='lat' dir='ltr'><strong>illi</strong></span> <span class='ocrx_word' id='word_1_211' title='bbox 1716 2234 1992 2305; x_wconf 78' lang='lat' dir='ltr'><strong>ejusdem,</strong></span> 
     </span>
    </p>
   </div>
   <div class='ocr_carea' id='block_1_31' title="bbox 423 2325 1995 2398">
    <p class='ocr_par' dir='ltr' id='par_1_31' title="bbox 423 2325 1995 2398">
     <span class='ocr_line' id='line_1_31' title="bbox 423 2325 1995 2398; baseline -0.001 -16"><span class='ocrx_word' id='word_1_212' title='bbox 423 2330 576 2396; x_wconf 89' lang='lat' dir='ltr'><strong>cujus</strong></span> <span class='ocrx_word' id='word_1_213' title='bbox 605 2344 700 2383; x_wconf 89' lang='lat' dir='ltr'><strong>ttos</strong></span> <span class='ocrx_word' id='word_1_214' title='bbox 725 2342 927 2395; x_wconf 90' lang='lat' dir='ltr'><strong>sumus,</strong></span> <span class='ocrx_word' id='word_1_215' title='bbox 959 2326 1171 2383; x_wconf 88' lang='lat' dir='ltr'><strong>fuerunt</strong></span> <span class='ocrx_word' id='word_1_216' title='bbox 1197 2336 1418 2393; x_wconf 59' lang='lat' dir='ltr'><strong>naturai,</strong></span> <span class='ocrx_word' id='word_1_217' title='bbox 1451 2341 1623 2398; x_wconf 88' lang='lat' dir='ltr'><strong>neque</strong></span> <span class='ocrx_word' id='word_1_218' title='bbox 1667 2334 1772 2382; x_wconf 90' lang='lat' dir='ltr'><strong>tam</strong></span> <span class='ocrx_word' id='word_1_219' title='bbox 1803 2325 1995 2381; x_wconf 86' lang='lat' dir='ltr'><strong>multas</strong></span> 
     </span>
    </p>
   </div>
   <div class='ocr_carea' id='block_1_32' title="bbox 428 2415 1997 2475">
    <p class='ocr_par' dir='ltr' id='par_1_32' title="bbox 428 2415 1997 2475">
     <span class='ocr_line' id='line_1_32' title="bbox 428 2415 1997 2475; baseline -0.001 -3"><span class='ocrx_word' id='word_1_220' title='bbox 428 2418 724 2474; x_wconf 89' lang='lat' dir='ltr'><strong>habuerunt</strong></span> <span class='ocrx_word' id='word_1_221' title='bbox 751 2420 1057 2475; x_wconf 86' lang='lat' dir='ltr'><strong>occasiones</strong></span> <span class='ocrx_word' id='word_1_222' title='bbox 1076 2418 1140 2472; x_wconf 90' lang='lat' dir='ltr'><strong>ad</strong></span> <span class='ocrx_word' id='word_1_223' title='bbox 1168 2418 1374 2473; x_wconf 89' lang='lat' dir='ltr'><strong>virtutis</strong></span> <span class='ocrx_word' id='word_1_224' title='bbox 1398 2417 1631 2474; x_wconf 89' lang='lat' dir='ltr'><strong>studium</strong></span> <span class='ocrx_word' id='word_1_225' title='bbox 1653 2415 1997 2475; x_wconf 80' lang='lat' dir='ltr'><strong>inducentes‘!</strong></span> 
     </span>
    </p>
   </div>
   <div class='ocr_carea' id='block_1_33' title="bbox 428 2506 1997 2580">
    <p class='ocr_par' dir='ltr' id='par_1_33' title="bbox 428 2506 1997 2580">
     <span class='ocr_line' id='line_1_33' title="bbox 428 2506 1997 2580; baseline 0 -18"><span class='ocrx_word' id='word_1_226' title='bbox 428 2510 541 2577; x_wconf 88' lang='lat' dir='ltr'><strong>Qua</strong></span> <span class='ocrx_word' id='word_1_227' title='bbox 584 2525 712 2580; x_wconf 90' lang='lat' dir='ltr'><strong>ergo</strong></span> <span class='ocrx_word' id='word_1_228' title='bbox 754 2510 951 2564; x_wconf 89' lang='lat' dir='ltr'><strong>erimus</strong></span> <span class='ocrx_word' id='word_1_229' title='bbox 993 2508 1147 2563; x_wconf 86' lang='lat' dir='ltr'><strong>venia</strong></span> <span class='ocrx_word' id='word_1_230' title='bbox 1183 2507 1348 2578; x_wconf 85' lang='lat' dir='ltr'><strong>digni,</strong></span> <span class='ocrx_word' id='word_1_231' title='bbox 1385 2508 1475 2579; x_wconf 90' lang='lat' dir='ltr'><strong>qui</strong></span> <span class='ocrx_word' id='word_1_232' title='bbox 1522 2508 1613 2564; x_wconf 89' lang='lat' dir='ltr'><strong>tali</strong></span> <span class='ocrx_word' id='word_1_233' title='bbox 1650 2506 1871 2563; x_wconf 77' lang='lat' dir='ltr'><strong>fruimur</strong></span> <span class='ocrx_word' id='word_1_234' title='bbox 1899 2506 1997 2563; x_wconf 88' lang='lat' dir='ltr'><strong>do-</strong></span> 
     </span>
    </p>
   </div>
   <div class='ocr_carea' id='block_1_34' title="bbox 429 2599 2001 2670">
    <p class='ocr_par' dir='ltr' id='par_1_34' title="bbox 429 2599 2001 2670">
     <span class='ocr_line' id='line_1_34' title="bbox 429 2599 2001 2670; baseline 0.001 -16"><span class='ocrx_word' id='word_1_235' title='bbox 429 2600 619 2663; x_wconf 88' lang='lat' dir='ltr'><strong>ctrina,</strong></span> <span class='ocrx_word' id='word_1_236' title='bbox 642 2608 695 2655; x_wconf 91' lang='lat' dir='ltr'><strong>et</strong></span> <span class='ocrx_word' id='word_1_237' title='bbox 709 2609 906 2654; x_wconf 88' lang='lat' dir='ltr'><strong>tantam</strong></span> <span class='ocrx_word' id='word_1_238' title='bbox 931 2599 1153 2670; x_wconf 87' lang='lat' dir='ltr'><strong>gratiam</strong></span> <span class='ocrx_word' id='word_1_239' title='bbox 1175 2599 1443 2669; x_wconf 86' lang='lat' dir='ltr'><strong>assequuti</strong></span> <span class='ocrx_word' id='word_1_240' title='bbox 1459 2613 1662 2667; x_wconf 90' lang='lat' dir='ltr'><strong>sumus,</strong></span> <span class='ocrx_word' id='word_1_241' title='bbox 1686 2613 1749 2654; x_wconf 83' lang='lat' dir='ltr'><strong>ac</strong></span> <span class='ocrx_word' id='word_1_242' title='bbox 1772 2613 2001 2667; x_wconf 82' lang='lat' dir='ltr'><strong>superne</strong></span> 
     </span>
    </p>
   </div>
   <div class='ocr_carea' id='block_1_35' title="bbox 431 2689 1998 2756">
    <p class='ocr_par' dir='ltr' id='par_1_35' title="bbox 431 2689 1998 2756">
     <span class='ocr_line' id='line_1_35' title="bbox 431 2689 1998 2756; baseline 0 -11"><span class='ocrx_word' id='word_1_243' title='bbox 431 2689 720 2745; x_wconf 82' lang='lat' dir='ltr'><strong>subsidium</strong></span> <span class='ocrx_word' id='word_1_244' title='bbox 745 2690 1019 2756; x_wconf 83' lang='lat' dir='ltr'><strong>habemus,</strong></span> <span class='ocrx_word' id='word_1_245' title='bbox 1047 2698 1101 2745; x_wconf 90' lang='lat' dir='ltr'><strong>et</strong></span> <span class='ocrx_word' id='word_1_246' title='bbox 1125 2690 1467 2746; x_wconf 85' lang='lat' dir='ltr'><strong>ineli&#39;abilium</strong></span> <span class='ocrx_word' id='word_1_247' title='bbox 1495 2690 1709 2749; x_wconf 88' lang='lat' dir='ltr'><strong>illorum</strong></span> <span class='ocrx_word' id='word_1_248' title='bbox 1736 2690 1998 2753; x_wconf 86' lang='lat' dir='ltr'><strong>bonorum</strong></span> 
     </span>
    </p>
   </div>
   <div class='ocr_carea' id='block_1_36' title="bbox 433 2780 2005 2852">
    <p class='ocr_par' dir='ltr' id='par_1_36' title="bbox 433 2780 2005 2852">
     <span class='ocr_line' id='line_1_36' title="bbox 433 2780 2005 2852; baseline 0.003 -18"><span class='ocrx_word' id='word_1_249' title='bbox 433 2782 838 2852; x_wconf 85' lang='lat' dir='ltr'><strong>promissionem</strong></span> <span class='ocrx_word' id='word_1_250' title='bbox 863 2780 1185 2850; x_wconf 89' lang='lat' dir='ltr'><strong>accepimus,</strong></span> <span class='ocrx_word' id='word_1_251' title='bbox 1213 2780 1257 2836; x_wconf 89' lang='lat' dir='ltr'><strong>si</strong></span> <span class='ocrx_word' id='word_1_252' title='bbox 1284 2795 1392 2836; x_wconf 90' lang='lat' dir='ltr'><strong>non</strong></span> <span class='ocrx_word' id='word_1_253' title='bbox 1418 2780 1486 2835; x_wconf 89' lang='lat' dir='ltr'><strong>ad</strong></span> <span class='ocrx_word' id='word_1_254' title='bbox 1509 2796 1810 2845; x_wconf 85' lang='lat' dir='ltr'><strong>mensuram</strong></span> <span class='ocrx_word' id='word_1_255' title='bbox 1840 2781 2005 2839; x_wconf 79' lang='lat' dir='ltr'><strong>virtu—</strong></span> 
     </span>
    </p>
   </div>
   <div class='ocr_carea' id='block_1_37' title="bbox 434 2869 2003 2942">
    <p class='ocr_par' dir='ltr' id='par_1_37' title="bbox 434 2869 2003 2942">
     <span class='ocr_line' id='line_1_37' title="bbox 434 2869 2003 2942; baseline -0.001 -16"><span class='ocrx_word' id='word_1_256' title='bbox 434 2882 545 2926; x_wconf 87' lang='lat' dir='ltr'><strong>tum</strong></span> <span class='ocrx_word' id='word_1_257' title='bbox 584 2872 941 2942; x_wconf 83' lang='lat' dir='ltr'><strong>pervenimus,</strong></span> <span class='ocrx_word' id='word_1_258' title='bbox 984 2870 1175 2942; x_wconf 82' lang='lat' dir='ltr'><strong>quibus</strong></span> <span class='ocrx_word' id='word_1_259' title='bbox 1215 2870 1418 2942; x_wconf 88' lang='lat' dir='ltr'><strong>antiqui</strong></span> <span class='ocrx_word' id='word_1_260' title='bbox 1463 2869 1647 2926; x_wconf 84' lang='lat' dir='ltr'><strong>Patres</strong></span> <span class='ocrx_word' id='word_1_261' title='bbox 1697 2869 2003 2940; x_wconf 82' lang='lat' dir='ltr'><strong>pollebant?</strong></span> 
     </span>
    </p>
   </div>
   <div class='ocr_carea' id='block_1_38' title="bbox 433 2960 2005 3030">
    <p class='ocr_par' dir='ltr' id='par_1_38' title="bbox 433 2960 2005 3030">
     <span class='ocr_line' id='line_1_38' title="bbox 433 2960 2005 3030; baseline 0 -13"><span class='ocrx_word' id='word_1_262' title='bbox 433 2962 564 3017; x_wconf 78' lang='lat' dir='ltr'><strong>Nam</strong></span> <span class='ocrx_word' id='word_1_263' title='bbox 594 2964 636 3017; x_wconf 91' lang='lat' dir='ltr'><strong>si</strong></span> <span class='ocrx_word' id='word_1_264' title='bbox 668 2963 988 3018; x_wconf 87' lang='lat' dir='ltr'><strong>voluerimus</strong></span> <span class='ocrx_word' id='word_1_265' title='bbox 1012 2962 1173 3019; x_wconf 89' lang='lat' dir='ltr'><strong>sobrii</strong></span> <span class='ocrx_word' id='word_1_266' title='bbox 1201 2977 1339 3028; x_wconf 89' lang='lat' dir='ltr'><strong>esse,</strong></span> <span class='ocrx_word' id='word_1_267' title='bbox 1374 2960 1642 3017; x_wconf 73' lang='lat' dir='ltr'><strong>sufficiunt</strong></span> <span class='ocrx_word' id='word_1_268' title='bbox 1670 2960 1751 3015; x_wconf 91' lang='lat' dir='ltr'><strong>vel</strong></span> <span class='ocrx_word' id='word_1_269' title='bbox 1792 2975 1854 3015; x_wconf 89' lang='lat' dir='ltr'><strong>ea</strong></span> <span class='ocrx_word' id='word_1_270' title='bbox 1887 2976 2005 3030; x_wconf 71' lang='lat' dir='ltr'><strong>qua:</strong></span> 
     </span>
    </p>
   </div>
   <div class='ocr_carea' id='block_1_39' title="bbox 437 3052 2005 3121">
    <p class='ocr_par' dir='ltr' id='par_1_39' title="bbox 437 3052 2005 3121">
     <span class='ocr_line' id='line_1_39' title="bbox 437 3052 2005 3121; baseline -0.002 -13"><span class='ocrx_word' id='word_1_271' title='bbox 437 3054 594 3109; x_wconf 84' lang='lat' dir='ltr'><strong>hodie</strong></span> <span class='ocrx_word' id='word_1_272' title='bbox 631 3056 766 3111; x_wconf 87' lang='lat' dir='ltr'><strong>dicta</strong></span> <span class='ocrx_word' id='word_1_273' title='bbox 806 3064 929 3115; x_wconf 88' lang='lat' dir='ltr'><strong>sunt</strong></span> <span class='ocrx_word' id='word_1_274' title='bbox 957 3064 1012 3113; x_wconf 86' lang='lat' dir='ltr'><strong>ut</strong></span> <span class='ocrx_word' id='word_1_275' title='bbox 1037 3055 1103 3111; x_wconf 86' lang='lat' dir='ltr'><strong>ad</strong></span> <span class='ocrx_word' id='word_1_276' title='bbox 1128 3055 1337 3113; x_wconf 87' lang='lat' dir='ltr'><strong>virtutis</strong></span> <span class='ocrx_word' id='word_1_277' title='bbox 1362 3069 1599 3113; x_wconf 79' lang='lat' dir='ltr'><strong>amorem</strong></span> <span class='ocrx_word' id='word_1_278' title='bbox 1624 3067 1722 3108; x_wconf 93' lang='lat' dir='ltr'><strong>nos</strong></span> <span class='ocrx_word' id='word_1_279' title='bbox 1750 3052 2005 3121; x_wconf 83' lang='lat' dir='ltr'><strong>excitent,</strong></span> 
     </span>
    </p>
   </div>
   <div class='ocr_carea' id='block_1_40' title="bbox 440 3141 2008 3221">
    <p class='ocr_par' dir='ltr' id='par_1_40' title="bbox 440 3141 2008 3221">
     <span class='ocr_line' id='line_1_40' title="bbox 440 3141 2008 3221; baseline 0.001 -24"><span class='ocrx_word' id='word_1_280' title='bbox 440 3160 539 3199; x_wconf 90' lang='lat' dir='ltr'><strong>nec</strong></span> <span class='ocrx_word' id='word_1_281' title='bbox 561 3146 723 3197; x_wconf 90' lang='lat' dir='ltr'><strong>ullunt</strong></span> <span class='ocrx_word' id='word_1_282' title='bbox 752 3154 997 3221; x_wconf 85' lang='lat' dir='ltr'><strong>putemus</strong></span> <span class='ocrx_word' id='word_1_283' title='bbox 1032 3144 1098 3207; x_wconf 88' lang='lat' dir='ltr'><strong>ad</strong></span> <span class='ocrx_word' id='word_1_284' title='bbox 1142 3143 1278 3207; x_wconf 83' lang='lat' dir='ltr'><strong>illius</strong></span> <span class='ocrx_word' id='word_1_285' title='bbox 1317 3147 1457 3203; x_wconf 83' lang='lat' dir='ltr'><strong>Viam</strong></span> <span class='ocrx_word' id='word_1_286' title='bbox 1492 3164 1614 3213; x_wconf 84' lang='lat' dir='ltr'><strong>esse</strong></span> <span class='ocrx_word' id='word_1_287' title='bbox 1656 3141 2008 3213; x_wconf 83' lang='lat' dir='ltr'><strong>impedimen-</strong></span> 
     </span>
    </p>
   </div>
   <div class='ocr_carea' id='block_1_41' title="bbox 441 3237 1999 3312">
    <p class='ocr_par' dir='ltr' id='par_1_41' title="bbox 441 3237 1999 3312">
     <span class='ocr_line' id='line_1_41' title="bbox 441 3237 1999 3312; baseline -0.002 -13"><span class='ocrx_word' id='word_1_288' title='bbox 441 3246 573 3299; x_wconf 77' lang='lat' dir='ltr'><strong>tum.</strong></span> <span class='ocrx_word' id='word_1_289' title='bbox 604 3242 734 3295; x_wconf 84' lang='lat' dir='ltr'><strong>Nam</strong></span> <span class='ocrx_word' id='word_1_290' title='bbox 770 3243 815 3297; x_wconf 90' lang='lat' dir='ltr'><strong>si</strong></span> <span class='ocrx_word' id='word_1_291' title='bbox 842 3243 876 3295; x_wconf 80' lang='lat' dir='ltr'><strong>ti</strong></span> <span class='ocrx_word' id='word_1_292' title='bbox 903 3244 992 3312; x_wconf 85' lang='lat' dir='ltr'><strong>qui</strong></span> <span class='ocrx_word' id='word_1_293' title='bbox 1018 3251 1142 3297; x_wconf 90' lang='lat' dir='ltr'><strong>ante</strong></span> <span class='ocrx_word' id='word_1_294' title='bbox 1170 3242 1343 3312; x_wconf 84' lang='lat' dir='ltr'><strong>legem</strong></span> <span class='ocrx_word' id='word_1_295' title='bbox 1371 3248 1539 3305; x_wconf 87' lang='lat' dir='ltr'><strong>erant,</strong></span> <span class='ocrx_word' id='word_1_296' title='bbox 1568 3255 1601 3295; x_wconf 92' lang='lat' dir='ltr'><strong>a</strong></span> <span class='ocrx_word' id='word_1_297' title='bbox 1626 3237 1865 3294; x_wconf 87' lang='lat' dir='ltr'><strong>doctrina</strong></span> <span class='ocrx_word' id='word_1_298' title='bbox 1910 3254 1999 3296; x_wconf 77' lang='lat' dir='ltr'><strong>na~</strong></span> 
     </span>
    </p>
   </div>
   <div class='ocr_carea' id='block_1_42' title="bbox 443 3330 2007 3401">
    <p class='ocr_par' dir='ltr' id='par_1_42' title="bbox 443 3330 2007 3401">
     <span class='ocr_line' id='line_1_42' title="bbox 443 3330 2007 3401; baseline -0.001 -15"><span class='ocrx_word' id='word_1_299' title='bbox 443 3340 576 3389; x_wconf 73' lang='lat' dir='ltr'><strong>tura:</strong></span> <span class='ocrx_word' id='word_1_300' title='bbox 628 3346 738 3386; x_wconf 79' lang='lat' dir='ltr'><strong>sua:</strong></span> <span class='ocrx_word' id='word_1_301' title='bbox 778 3332 934 3393; x_wconf 89' lang='lat' dir='ltr'><strong>insita</strong></span> <span class='ocrx_word' id='word_1_302' title='bbox 976 3331 1042 3386; x_wconf 91' lang='lat' dir='ltr'><strong>ad</strong></span> <span class='ocrx_word' id='word_1_303' title='bbox 1093 3341 1291 3387; x_wconf 88' lang='lat' dir='ltr'><strong>tantam</strong></span> <span class='ocrx_word' id='word_1_304' title='bbox 1337 3331 1659 3401; x_wconf 88' lang='lat' dir='ltr'><strong>pertigcrunt</strong></span> <span class='ocrx_word' id='word_1_305' title='bbox 1704 3330 1949 3384; x_wconf 84' lang='lat' dir='ltr'><strong>virtutem</strong></span> <span class='ocrx_word' id='word_1_306' title='bbox 1992 3345 2007 3385; x_wconf 86' lang='lat'><strong>:</strong></span> 
     </span>
    </p>
   </div>
   <div class='ocr_carea' id='block_1_43' title="bbox 442 3416 2012 3495">
    <p class='ocr_par' dir='ltr' id='par_1_43' title="bbox 442 3416 2012 3495">
     <span class='ocr_line' id='line_1_43' title="bbox 442 3416 2012 3495; baseline -0.003 -18"><span class='ocrx_word' id='word_1_307' title='bbox 442 3421 569 3495; x_wconf 88' lang='lat' dir='ltr'><strong>quid</strong></span> <span class='ocrx_word' id='word_1_308' title='bbox 593 3436 696 3476; x_wconf 84' lang='lat' dir='ltr'><strong>nos</strong></span> <span class='ocrx_word' id='word_1_309' title='bbox 720 3423 1009 3490; x_wconf 85' lang='lat' dir='ltr'><strong>poterimus</strong></span> <span class='ocrx_word' id='word_1_310' title='bbox 1034 3421 1232 3487; x_wconf 86' lang='lat' dir='ltr'><strong>dicere,</strong></span> <span class='ocrx_word' id='word_1_311' title='bbox 1259 3422 1349 3491; x_wconf 86' lang='lat' dir='ltr'><strong>qui</strong></span> <span class='ocrx_word' id='word_1_312' title='bbox 1380 3428 1499 3491; x_wconf 87' lang='lat' dir='ltr'><strong>post</strong></span> <span class='ocrx_word' id='word_1_313' title='bbox 1540 3430 1740 3475; x_wconf 90' lang='lat' dir='ltr'><strong>tantum</strong></span> <span class='ocrx_word' id='word_1_314' title='bbox 1780 3416 2012 3474; x_wconf 90' lang='lat' dir='ltr'><strong>admini-</strong></span> 
     </span>
    </p>
   </div>
   <div class='ocr_carea' id='block_1_44' title="bbox 445 3508 2013 3583">
    <p class='ocr_par' dir='ltr' id='par_1_44' title="bbox 445 3508 2013 3583">
     <span class='ocr_line' id='line_1_44' title="bbox 445 3508 2013 3583; baseline -0.002 -15"><span class='ocrx_word' id='word_1_315' title='bbox 445 3511 641 3577; x_wconf 89' lang='lat' dir='ltr'><strong>culum,</strong></span> <span class='ocrx_word' id='word_1_316' title='bbox 667 3520 723 3567; x_wconf 91' lang='lat' dir='ltr'><strong>et</strong></span> <span class='ocrx_word' id='word_1_317' title='bbox 758 3522 876 3583; x_wconf 84' lang='lat' dir='ltr'><strong>post</strong></span> <span class='ocrx_word' id='word_1_318' title='bbox 918 3510 1114 3567; x_wconf 86' lang='lat' dir='ltr'><strong>Christi</strong></span> <span class='ocrx_word' id='word_1_319' title='bbox 1142 3513 1447 3577; x_wconf 80' lang='lat' dir='ltr'><strong>adventum,</strong></span> <span class='ocrx_word' id='word_1_320' title='bbox 1485 3523 1537 3566; x_wconf 92' lang='lat' dir='ltr'><strong>et</strong></span> <span class='ocrx_word' id='word_1_321' title='bbox 1585 3511 1861 3566; x_wconf 84' lang='lat' dir='ltr'><strong>innumera</strong></span> <span class='ocrx_word' id='word_1_322' title='bbox 1897 3508 2013 3579; x_wconf 88' lang='lat' dir='ltr'><strong>ejus</strong></span> 
     </span>
    </p>
   </div>
   <div class='ocr_carea' id='block_1_45' title="bbox 446 3602 2011 3675">
    <p class='ocr_par' dir='ltr' id='par_1_45' title="bbox 446 3602 2011 3675">
     <span class='ocr_line' id='line_1_45' title="bbox 446 3602 2011 3675; baseline -0.003 -14"><span class='ocrx_word' id='word_1_323' title='bbox 446 3606 717 3672; x_wconf 87' lang='lat' dir='ltr'><strong>miracula,</strong></span> <span class='ocrx_word' id='word_1_324' title='bbox 736 3605 908 3661; x_wconf 90' lang='lat' dir='ltr'><strong>adhuc</strong></span> <span class='ocrx_word' id='word_1_325' title='bbox 923 3614 1029 3660; x_wconf 89' lang='lat' dir='ltr'><strong>tam</strong></span> <span class='ocrx_word' id='word_1_326' title='bbox 1057 3605 1289 3675; x_wconf 89' lang='lat' dir='ltr'><strong>procula</strong></span> <span class='ocrx_word' id='word_1_327' title='bbox 1306 3606 1497 3661; x_wconf 87' lang='lat' dir='ltr'><strong>virtute</strong></span> <span class='ocrx_word' id='word_1_328' title='bbox 1520 3604 1737 3659; x_wconf 89' lang='lat' dir='ltr'><strong>sumus?</strong></span> <span class='ocrx_word' id='word_1_329' title='bbox 1764 3602 2011 3669; x_wconf 84' lang='lat' dir='ltr'><strong>Proinde,</strong></span> 
     </span>
    </p>
   </div>
   <div class='ocr_carea' id='block_1_46' title="bbox 444 3697 2016 3769">
    <p class='ocr_par' dir='ltr' id='par_1_46' title="bbox 444 3697 2016 3769">
     <span class='ocr_line' id='line_1_46' title="bbox 444 3697 2016 3769; baseline -0.003 -16"><span class='ocrx_word' id='word_1_330' title='bbox 444 3698 688 3765; x_wconf 86' lang='lat' dir='ltr'><strong>obsecro,</strong></span> <span class='ocrx_word' id='word_1_331' title='bbox 720 3713 787 3753; x_wconf 90' lang='lat' dir='ltr'><strong>ne</strong></span> <span class='ocrx_word' id='word_1_332' title='bbox 822 3698 887 3752; x_wconf 88' lang='lat' dir='ltr'><strong>ad</strong></span> <span class='ocrx_word' id='word_1_333' title='bbox 916 3713 977 3754; x_wconf 88' lang='lat' dir='ltr'><strong>ea</strong></span> <span class='ocrx_word' id='word_1_334' title='bbox 1002 3714 1119 3769; x_wconf 66' lang='lat' dir='ltr'><strong>qum</strong></span> <span class='ocrx_word' id='word_1_335' title='bbox 1145 3698 1196 3757; x_wconf 88' lang='lat' dir='ltr'><strong>in</strong></span> <span class='ocrx_word' id='word_1_336' title='bbox 1221 3698 1388 3754; x_wconf 89' lang='lat' dir='ltr'><strong>sacris</strong></span> <span class='ocrx_word' id='word_1_337' title='bbox 1414 3697 1700 3767; x_wconf 87' lang='lat' dir='ltr'><strong>Scripturis</strong></span> <span class='ocrx_word' id='word_1_338' title='bbox 1737 3703 1861 3750; x_wconf 90' lang='lat' dir='ltr'><strong>sunt</strong></span> <span class='ocrx_word' id='word_1_339' title='bbox 1885 3708 2016 3749; x_wconf 91' lang='lat' dir='ltr'><strong>con-</strong></span> 
     </span>
    </p>
   </div>
   <div class='ocr_carea' id='block_1_47' title="bbox 447 3787 2015 3863">
    <p class='ocr_par' dir='ltr' id='par_1_47' title="bbox 447 3787 2015 3863">
     <span class='ocr_line' id='line_1_47' title="bbox 447 3787 2015 3863; baseline 0 -22"><span class='ocrx_word' id='word_1_340' title='bbox 447 3800 587 3843; x_wconf 85' lang='lat' dir='ltr'><strong>tenta</strong></span> <span class='ocrx_word' id='word_1_341' title='bbox 618 3790 927 3863; x_wconf 90' lang='lat' dir='ltr'><strong>simpliciter</strong></span> <span class='ocrx_word' id='word_1_342' title='bbox 951 3790 1332 3861; x_wconf 87' lang='lat' dir='ltr'><strong>ingrcdiamur,</strong></span> <span class='ocrx_word' id='word_1_343' title='bbox 1360 3789 1454 3845; x_wconf 91' lang='lat' dir='ltr'><strong>sed</strong></span> <span class='ocrx_word' id='word_1_344' title='bbox 1482 3804 1545 3845; x_wconf 93' lang='lat' dir='ltr'><strong>ea</strong></span> <span class='ocrx_word' id='word_1_345' title='bbox 1575 3804 1695 3844; x_wconf 92' lang='lat' dir='ltr'><strong>cum</strong></span> <span class='ocrx_word' id='word_1_346' title='bbox 1720 3787 2015 3849; x_wconf 88' lang='lat' dir='ltr'><strong>attentione</strong></span> 
     </span>
    </p>
   </div>
   <div class='ocr_carea' id='block_1_48' title="bbox 447 3875 2019 3959">
    <p class='ocr_par' dir='ltr' id='par_1_48' title="bbox 447 3875 2019 3959">
     <span class='ocr_line' id='line_1_48' title="bbox 447 3875 2019 3959; baseline -0.001 -26"><span class='ocrx_word' id='word_1_347' title='bbox 447 3879 701 3947; x_wconf 88' lang='lat' dir='ltr'><strong>legamus,</strong></span> <span class='ocrx_word' id='word_1_348' title='bbox 731 3890 788 3934; x_wconf 90' lang='lat' dir='ltr'><strong>ut</strong></span> <span class='ocrx_word' id='word_1_349' title='bbox 814 3895 879 3934; x_wconf 78' lang='lat' dir='ltr'><strong>ex</strong></span> <span class='ocrx_word' id='word_1_350' title='bbox 912 3879 1014 3934; x_wconf 92' lang='lat' dir='ltr'><strong>illis</strong></span> <span class='ocrx_word' id='word_1_351' title='bbox 1057 3890 1306 3959; x_wconf 85' lang='lat' dir='ltr'><strong>percepta</strong></span> <span class='ocrx_word' id='word_1_352' title='bbox 1336 3881 1578 3944; x_wconf 81' lang='lat' dir='ltr'><strong>utilitate,</strong></span> <span class='ocrx_word' id='word_1_353' title='bbox 1623 3878 1709 3933; x_wconf 91' lang='lat' dir='ltr'><strong>vel</strong></span> <span class='ocrx_word' id='word_1_354' title='bbox 1747 3891 1869 3932; x_wconf 88' lang='lat' dir='ltr'><strong>sero</strong></span> <span class='ocrx_word' id='word_1_355' title='bbox 1912 3875 2019 3932; x_wconf 87' lang='lat' dir='ltr'><strong>sal-</strong></span> 
     </span>
    </p>
   </div>
   <div class='ocr_carea' id='block_1_49' title="bbox 449 3969 2018 4042">
    <p class='ocr_par' dir='ltr' id='par_1_49' title="bbox 449 3969 2018 4042">
     <span class='ocr_line' id='line_1_49' title="bbox 449 3969 2018 4042; baseline -0.001 -19"><span class='ocrx_word' id='word_1_356' title='bbox 449 3980 553 4024; x_wconf 88' lang='lat' dir='ltr'><strong>tem</strong></span> <span class='ocrx_word' id='word_1_357' title='bbox 580 3971 860 4040; x_wconf 89' lang='lat' dir='ltr'><strong>aliquando</strong></span> <span class='ocrx_word' id='word_1_358' title='bbox 888 3970 1158 4036; x_wconf 87' lang='lat' dir='ltr'><strong>virtutem,</strong></span> <span class='ocrx_word' id='word_1_359' title='bbox 1198 3986 1358 4042; x_wconf 89' lang='lat' dir='ltr'><strong>quam</strong></span> <span class='ocrx_word' id='word_1_360' title='bbox 1406 3972 1542 4025; x_wconf 87' lang='lat' dir='ltr'><strong>Deus</strong></span> <span class='ocrx_word' id='word_1_361' title='bbox 1580 3969 1787 4038; x_wconf 87' lang='lat' dir='ltr'><strong>probat,</strong></span> <span class='ocrx_word' id='word_1_362' title='bbox 1827 3982 2018 4038; x_wconf 88' lang='lat' dir='ltr'><strong>capes-</strong></span> 
     </span>
    </p>
   </div>
   <div class='ocr_carea' id='block_1_50' title="bbox 447 4060 2015 4132">
    <p class='ocr_par' dir='ltr' id='par_1_50' title="bbox 447 4060 2015 4132">
     <span class='ocr_line' id='line_1_50' title="bbox 447 4060 2015 4132; baseline 0.002 -21"><span class='ocrx_word' id='word_1_363' title='bbox 447 4074 565 4116; x_wconf 88' lang='lat' dir='ltr'><strong>sere</strong></span> <span class='ocrx_word' id='word_1_364' title='bbox 594 4063 882 4119; x_wconf 86' lang='lat' dir='ltr'><strong>valeamus.</strong></span> <span class='ocrx_word' id='word_1_365' title='bbox 917 4061 1046 4117; x_wconf 83' lang='lat' dir='ltr'><strong>Nam</strong></span> <span class='ocrx_word' id='word_1_366' title='bbox 1088 4061 1132 4115; x_wconf 89' lang='lat' dir='ltr'><strong>si</strong></span> <span class='ocrx_word' id='word_1_367' title='bbox 1164 4062 1490 4132; x_wconf 81' lang='lat' dir='ltr'><strong>spiritualem</strong></span> <span class='ocrx_word' id='word_1_368' title='bbox 1538 4061 1677 4115; x_wconf 90' lang='lat' dir='ltr'><strong>hanc</strong></span> <span class='ocrx_word' id='word_1_369' title='bbox 1722 4060 2015 4114; x_wconf 89' lang='lat' dir='ltr'><strong>doctrinam</strong></span> 
     </span>
    </p>
   </div>
   <div class='ocr_carea' id='block_1_51' title="bbox 448 4150 2017 4220">
    <p class='ocr_par' dir='ltr' id='par_1_51' title="bbox 448 4150 2017 4220">
     <span class='ocr_line' id='line_1_51' title="bbox 448 4150 2017 4220; baseline 0.002 -17"><span class='ocrx_word' id='word_1_370' title='bbox 448 4152 606 4203; x_wconf 85' lang='lat' dir='ltr'><strong>etiam</strong></span> <span class='ocrx_word' id='word_1_371' title='bbox 635 4167 732 4206; x_wconf 94' lang='lat' dir='ltr'><strong>nos</strong></span> <span class='ocrx_word' id='word_1_372' title='bbox 761 4151 995 4220; x_wconf 88' lang='lat' dir='ltr'><strong>quotidie</strong></span> <span class='ocrx_word' id='word_1_373' title='bbox 1024 4151 1175 4207; x_wconf 85' lang='lat' dir='ltr'><strong>vobis</strong></span> <span class='ocrx_word' id='word_1_374' title='bbox 1202 4150 1479 4211; x_wconf 86' lang='lat' dir='ltr'><strong>clamaturi</strong></span> <span class='ocrx_word' id='word_1_375' title='bbox 1507 4165 1709 4217; x_wconf 89' lang='lat' dir='ltr'><strong>sumus,</strong></span> <span class='ocrx_word' id='word_1_376' title='bbox 1738 4164 1935 4219; x_wconf 85' lang='lat' dir='ltr'><strong>vosque</strong></span> <span class='ocrx_word' id='word_1_377' title='bbox 1965 4150 2017 4206; x_wconf 84' lang='lat' dir='ltr'><strong>in</strong></span> 
     </span>
    </p>
   </div>
   <div class='ocr_carea' id='block_1_52' title="bbox 451 4238 2019 4310">
    <p class='ocr_par' dir='ltr' id='par_1_52' title="bbox 451 4238 2019 4310">
     <span class='ocr_line' id='line_1_52' title="bbox 451 4238 2019 4310; baseline 0.001 -16"><span class='ocrx_word' id='word_1_378' title='bbox 451 4238 639 4294; x_wconf 89' lang='lat' dir='ltr'><strong>eadem</strong></span> <span class='ocrx_word' id='word_1_379' title='bbox 682 4241 943 4295; x_wconf 87' lang='lat' dir='ltr'><strong>maneatis</strong></span> <span class='ocrx_word' id='word_1_380' title='bbox 972 4242 1196 4310; x_wconf 89' lang='lat' dir='ltr'><strong>ignavia,</strong></span> <span class='ocrx_word' id='word_1_381' title='bbox 1222 4257 1344 4310; x_wconf 66' lang='lat' dir='ltr'><strong>quae</strong></span> <span class='ocrx_word' id='word_1_382' title='bbox 1371 4251 1542 4295; x_wconf 87' lang='lat' dir='ltr'><strong>vestra</strong></span> <span class='ocrx_word' id='word_1_383' title='bbox 1573 4241 1675 4295; x_wconf 89' lang='lat' dir='ltr'><strong>erit</strong></span> <span class='ocrx_word' id='word_1_384' title='bbox 1717 4240 1915 4303; x_wconf 81' lang='lat' dir='ltr'><strong>utilitas</strong></span> <span class='ocrx_word' id='word_1_385' title='bbox 1951 4255 2019 4303; x_wconf 81' lang='lat' dir='ltr'><strong>ex</strong></span> 
     </span>
    </p>
   </div>
   <div class='ocr_carea' id='block_1_53' title="bbox 449 4333 2019 4404">
    <p class='ocr_par' dir='ltr' id='par_1_53' title="bbox 449 4333 2019 4404">
     <span class='ocr_line' id='line_1_53' title="bbox 449 4333 2019 4404; baseline 0.002 -19"><span class='ocrx_word' id='word_1_386' title='bbox 449 4333 695 4386; x_wconf 87' lang='lat' dir='ltr'><strong>continua</strong></span> <span class='ocrx_word' id='word_1_387' title='bbox 718 4333 994 4387; x_wconf 83' lang='lat' dir='ltr'><strong>doctrina?</strong></span> <span class='ocrx_word' id='word_1_388' title='bbox 1014 4344 1104 4387; x_wconf 86' lang='lat' dir='ltr'><strong>aut</strong></span> <span class='ocrx_word' id='word_1_389' title='bbox 1129 4335 1279 4389; x_wconf 91' lang='lat' dir='ltr'><strong>nobis</strong></span> <span class='ocrx_word' id='word_1_390' title='bbox 1296 4350 1413 4404; x_wconf 65' lang='lat' dir='ltr'><strong>qua:</strong></span> <span class='ocrx_word' id='word_1_391' title='bbox 1437 4334 1728 4390; x_wconf 90' lang='lat' dir='ltr'><strong>consolatio</strong></span> <span class='ocrx_word' id='word_1_392' title='bbox 1754 4335 1874 4401; x_wconf 89' lang='lat' dir='ltr'><strong>erit,</strong></span> <span class='ocrx_word' id='word_1_393' title='bbox 1898 4349 2019 4401; x_wconf 86' lang='lat' dir='ltr'><strong>cum</strong></span> 
     </span>
    </p>
   </div>
   <div class='ocr_carea' id='block_1_54' title="bbox 451 4423 2017 4497">
    <p class='ocr_par' dir='ltr' id='par_1_54' title="bbox 451 4423 2017 4497">
     <span class='ocr_line' id='line_1_54' title="bbox 451 4423 2017 4497; baseline 0.004 -21"><span class='ocrx_word' id='word_1_394' title='bbox 451 4423 705 4486; x_wconf 76' lang='lat' dir='ltr'><strong>videmus,</strong></span> <span class='ocrx_word' id='word_1_395' title='bbox 741 4441 838 4483; x_wconf 91' lang='lat' dir='ltr'><strong>nos</strong></span> <span class='ocrx_word' id='word_1_396' title='bbox 865 4434 1064 4480; x_wconf 90' lang='lat' dir='ltr'><strong>tantum</strong></span> <span class='ocrx_word' id='word_1_397' title='bbox 1094 4426 1334 4485; x_wconf 86' lang='lat' dir='ltr'><strong>laborare</strong></span> <span class='ocrx_word' id='word_1_398' title='bbox 1362 4427 1580 4495; x_wconf 80' lang='lat' dir='ltr'><strong>frustra,</strong></span> <span class='ocrx_word' id='word_1_399' title='bbox 1612 4439 1665 4484; x_wconf 91' lang='lat' dir='ltr'><strong>et</strong></span> <span class='ocrx_word' id='word_1_400' title='bbox 1695 4428 1825 4484; x_wconf 85' lang='lat' dir='ltr'><strong>nihil</strong></span> <span class='ocrx_word' id='word_1_401' title='bbox 1858 4428 2017 4497; x_wconf 84' lang='lat' dir='ltr'><strong>profl-</strong></span> 
     </span>
    </p>
   </div>
   <div class='ocr_carea' id='block_1_55' title="bbox 450 4516 2022 4575">
    <p class='ocr_par' dir='ltr' id='par_1_55' title="bbox 450 4516 2022 4575">
     <span class='ocr_line' id='line_1_55' title="bbox 450 4516 2022 4575; baseline 0.004 -6"><span class='ocrx_word' id='word_1_402' title='bbox 450 4527 573 4569; x_wconf 80' lang='lat' dir='ltr'><strong>cere</strong></span> <span class='ocrx_word' id='word_1_403' title='bbox 606 4523 750 4568; x_wconf 93' lang='lat' dir='ltr'><strong>tanto</strong></span> <span class='ocrx_word' id='word_1_404' title='bbox 778 4517 988 4571; x_wconf 89' lang='lat' dir='ltr'><strong>studio?</strong></span> <span class='ocrx_word' id='word_1_405' title='bbox 1025 4517 1118 4572; x_wconf 91' lang='lat' dir='ltr'><strong>Dic</strong></span> <span class='ocrx_word' id='word_1_406' title='bbox 1160 4516 1289 4571; x_wconf 89' lang='lat' dir='ltr'><strong>mihi</strong></span> <span class='ocrx_word' id='word_1_407' title='bbox 1319 4531 1335 4571; x_wconf 88' lang='lat'><strong>:</strong></span> <span class='ocrx_word' id='word_1_408' title='bbox 1361 4517 1546 4573; x_wconf 86' lang='lat' dir='ltr'><strong>Nonne</strong></span> <span class='ocrx_word' id='word_1_409' title='bbox 1570 4533 1631 4572; x_wconf 84' lang='lat' dir='ltr'><strong>ex</strong></span> <span class='ocrx_word' id='word_1_410' title='bbox 1662 4518 1865 4573; x_wconf 91' lang='lat' dir='ltr'><strong>duabus</strong></span> <span class='ocrx_word' id='word_1_411' title='bbox 1889 4517 2022 4575; x_wconf 69' lang='lat' dir='ltr'><strong>sub-t-</strong></span> 
     </span>
    </p>
   </div>
   <div class='ocr_carea' id='block_1_56' title="bbox 453 4604 2020 4679">
    <p class='ocr_par' dir='ltr' id='par_1_56' title="bbox 453 4604 2020 4679">
     <span class='ocr_line' id='line_1_56' title="bbox 453 4604 2020 4679; baseline 0.003 -21"><span class='ocrx_word' id='word_1_412' title='bbox 453 4604 663 4664; x_wconf 75' lang='lat' dir='ltr'><strong>stantiis</strong></span> <span class='ocrx_word' id='word_1_413' title='bbox 685 4621 749 4659; x_wconf 88' lang='lat' dir='ltr'><strong>co</strong></span> <span class='ocrx_word' id='word_1_414' title='bbox 772 4607 952 4661; x_wconf 76' lang='lat' dir='ltr'><strong>:stituti</strong></span> <span class='ocrx_word' id='word_1_415' title='bbox 983 4623 1185 4675; x_wconf 85' lang='lat' dir='ltr'><strong>sumus,</strong></span> <span class='ocrx_word' id='word_1_416' title='bbox 1214 4625 1279 4663; x_wconf 71' lang='lat' dir='ltr'><strong>ex</strong></span> <span class='ocrx_word' id='word_1_417' title='bbox 1304 4609 1477 4662; x_wconf 87' lang='lat' dir='ltr'><strong>anima</strong></span> <span class='ocrx_word' id='word_1_418' title='bbox 1505 4609 1645 4675; x_wconf 90' lang='lat' dir='ltr'><strong>dico,</strong></span> <span class='ocrx_word' id='word_1_419' title='bbox 1676 4618 1731 4665; x_wconf 88' lang='lat' dir='ltr'><strong>et</strong></span> <span class='ocrx_word' id='word_1_420' title='bbox 1757 4608 2020 4679; x_wconf 71' lang='lat' dir='ltr'><strong>corpore?</strong></span> 
     </span>
    </p>
   </div>
   <div class='ocr_carea' id='block_1_57' title="bbox 450 4694 2020 4771">
    <p class='ocr_par' dir='ltr' id='par_1_57' title="bbox 450 4694 2020 4771">
     <span class='ocr_line' id='line_1_57' title="bbox 450 4694 2020 4771; baseline 0.004 -20"><span class='ocrx_word' id='word_1_421' title='bbox 450 4694 559 4751; x_wconf 85' lang='lat' dir='ltr'><strong>Cur</strong></span> <span class='ocrx_word' id='word_1_422' title='bbox 582 4711 707 4766; x_wconf 87' lang='lat' dir='ltr'><strong>ergo</strong></span> <span class='ocrx_word' id='word_1_423' title='bbox 734 4713 837 4751; x_wconf 90' lang='lat' dir='ltr'><strong>non</strong></span> <span class='ocrx_word' id='word_1_424' title='bbox 864 4714 1044 4769; x_wconf 86' lang='lat' dir='ltr'><strong>parem</strong></span> <span class='ocrx_word' id='word_1_425' title='bbox 1086 4700 1292 4771; x_wconf 89' lang='lat' dir='ltr'><strong>utrique</strong></span> <span class='ocrx_word' id='word_1_426' title='bbox 1317 4716 1498 4755; x_wconf 89' lang='lat' dir='ltr'><strong>curam</strong></span> <span class='ocrx_word' id='word_1_427' title='bbox 1526 4700 1898 4771; x_wconf 90' lang='lat' dir='ltr'><strong>impendimus,</strong></span> <span class='ocrx_word' id='word_1_428' title='bbox 1926 4700 2020 4767; x_wconf 83' lang='lat' dir='ltr'><strong>sed</strong></span> 
     </span>
    </p>
   </div>
   <div class='ocr_carea' id='block_1_58' title="bbox 450 4790 2020 4858">
    <p class='ocr_par' dir='ltr' id='par_1_58' title="bbox 450 4790 2020 4858">
     <span class='ocr_line' id='line_1_58' title="bbox 450 4790 2020 4858; baseline 0.004 -17"><span class='ocrx_word' id='word_1_429' title='bbox 450 4802 644 4857; x_wconf 76' lang='lat' dir='ltr'><strong>Corpus</strong></span> <span class='ocrx_word' id='word_1_430' title='bbox 680 4790 889 4858; x_wconf 89' lang='lat' dir='ltr'><strong>quidem</strong></span> <span class='ocrx_word' id='word_1_431' title='bbox 929 4792 1171 4847; x_wconf 88' lang='lat' dir='ltr'><strong>omnibus</strong></span> <span class='ocrx_word' id='word_1_432' title='bbox 1209 4791 1379 4846; x_wconf 88' lang='lat' dir='ltr'><strong>modis</strong></span> <span class='ocrx_word' id='word_1_433' title='bbox 1403 4807 1670 4856; x_wconf 85' lang='lat' dir='ltr'><strong>curamus,</strong></span> <span class='ocrx_word' id='word_1_434' title='bbox 1703 4801 1757 4847; x_wconf 90' lang='lat' dir='ltr'><strong>ct</strong></span> <span class='ocrx_word' id='word_1_435' title='bbox 1791 4792 2020 4849; x_wconf 56' lang='lat' dir='ltr'><strong>accersie</strong></span> 
     </span>
    </p>
   </div>
   <div class='ocr_carea' id='block_1_59' title="bbox 452 4879 2018 4953">
    <p class='ocr_par' dir='ltr' id='par_1_59' title="bbox 452 4879 2018 4953">
     <span class='ocr_line' id='line_1_59' title="bbox 452 4879 2018 4953; baseline 0.008 -27"><span class='ocrx_word' id='word_1_436' title='bbox 452 4892 571 4937; x_wconf 81' lang='lat' dir='ltr'><strong>ntus</strong></span> <span class='ocrx_word' id='word_1_437' title='bbox 593 4879 845 4943; x_wconf 88' lang='lat' dir='ltr'><strong>medicos,</strong></span> <span class='ocrx_word' id='word_1_438' title='bbox 870 4896 931 4935; x_wconf 90' lang='lat' dir='ltr'><strong>ac</strong></span> <span class='ocrx_word' id='word_1_439' title='bbox 959 4896 1051 4934; x_wconf 79' lang='lat' dir='ltr'><strong>nos</strong></span> <span class='ocrx_word' id='word_1_440' title='bbox 1069 4898 1276 4951; x_wconf 87' lang='lat' dir='ltr'><strong>queque</strong></span> <span class='ocrx_word' id='word_1_441' title='bbox 1302 4883 1425 4938; x_wconf 90' lang='lat' dir='ltr'><strong>illud</strong></span> <span class='ocrx_word' id='word_1_442' title='bbox 1449 4884 1728 4953; x_wconf 84' lang='lat' dir='ltr'><strong>diligenter</strong></span> <span class='ocrx_word' id='word_1_443' title='bbox 1750 4897 2018 4950; x_wconf 84' lang='lat' dir='ltr'><strong>curamus,</strong></span> 
     </span>
    </p>
   </div>
   <div class='ocr_carea' id='block_1_60' title="bbox 455 4970 2023 5043">
    <p class='ocr_par' dir='ltr' id='par_1_60' title="bbox 455 4970 2023 5043">
     <span class='ocr_line' id='line_1_60' title="bbox 455 4970 2023 5043; baseline 0.004 -20"><span class='ocrx_word' id='word_1_444' title='bbox 455 4970 645 5023; x_wconf 78' lang='lat' dir='ltr'><strong>vestitu</strong></span> <span class='ocrx_word' id='word_1_445' title='bbox 674 4972 905 5039; x_wconf 83' lang='lat' dir='ltr'><strong>pretioso</strong></span> <span class='ocrx_word' id='word_1_446' title='bbox 936 4971 1062 5024; x_wconf 91' lang='lat' dir='ltr'><strong>illud</strong></span> <span class='ocrx_word' id='word_1_447' title='bbox 1097 4973 1339 5043; x_wconf 82' lang='lat' dir='ltr'><strong>tegimus,</strong></span> <span class='ocrx_word' id='word_1_448' title='bbox 1369 4973 1543 5028; x_wconf 88' lang='lat' dir='ltr'><strong>cibum</strong></span> <span class='ocrx_word' id='word_1_449' title='bbox 1569 4988 1727 5042; x_wconf 89' lang='lat' dir='ltr'><strong>supra</strong></span> <span class='ocrx_word' id='word_1_450' title='bbox 1756 4988 1912 5042; x_wconf 88' lang='lat' dir='ltr'><strong>quam</strong></span> <span class='ocrx_word' id='word_1_451' title='bbox 1938 4981 2023 5029; x_wconf 83' lang='lat' dir='ltr'><strong>sat</strong></span> 
     </span>
    </p>
   </div>
   <div class='ocr_carea' id='block_1_61' title="bbox 450 5062 2020 5134">
    <p class='ocr_par' dir='ltr' id='par_1_61' title="bbox 450 5062 2020 5134">
     <span class='ocr_line' id='line_1_61' title="bbox 450 5062 2020 5134; baseline 0.001 -15"><span class='ocrx_word' id='word_1_452' title='bbox 450 5072 535 5119; x_wconf 72' lang='lat' dir='ltr'><strong>est</strong></span> <span class='ocrx_word' id='word_1_453' title='bbox 555 5062 831 5127; x_wconf 89' lang='lat' dir='ltr'><strong>sumimus,</strong></span> <span class='ocrx_word' id='word_1_454' title='bbox 856 5073 1014 5134; x_wconf 88' lang='lat' dir='ltr'><strong>atque</strong></span> <span class='ocrx_word' id='word_1_455' title='bbox 1040 5062 1089 5116; x_wconf 93' lang='lat' dir='ltr'><strong>in</strong></span> <span class='ocrx_word' id='word_1_456' title='bbox 1111 5064 1357 5117; x_wconf 90' lang='lat' dir='ltr'><strong>continua</strong></span> <span class='ocrx_word' id='word_1_457' title='bbox 1384 5066 1729 5134; x_wconf 80' lang='lat' dir='ltr'><strong>prosperitate</strong></span> <span class='ocrx_word' id='word_1_458' title='bbox 1752 5064 1878 5118; x_wconf 90' lang='lat' dir='ltr'><strong>illud</strong></span> <span class='ocrx_word' id='word_1_459' title='bbox 1900 5078 2020 5120; x_wconf 85' lang='lat' dir='ltr'><strong>esse</strong></span> 
     </span>
    </p>
   </div>
   <div class='ocr_carea' id='block_1_62' title="bbox 451 5152 2018 5225">
    <p class='ocr_par' dir='ltr' id='par_1_62' title="bbox 451 5152 2018 5225">
     <span class='ocr_line' id='line_1_62' title="bbox 451 5152 2018 5225; baseline 0.004 -23"><span class='ocrx_word' id='word_1_460' title='bbox 451 5152 716 5218; x_wconf 75' lang='lat' dir='ltr'><strong>Volumus,</strong></span> <span class='ocrx_word' id='word_1_461' title='bbox 750 5162 803 5207; x_wconf 91' lang='lat' dir='ltr'><strong>et</strong></span> <span class='ocrx_word' id='word_1_462' title='bbox 830 5154 970 5206; x_wconf 89' lang='lat' dir='ltr'><strong>nulla</strong></span> <span class='ocrx_word' id='word_1_463' title='bbox 998 5154 1216 5208; x_wconf 90' lang='lat' dir='ltr'><strong>omnino</strong></span> <span class='ocrx_word' id='word_1_464' title='bbox 1253 5154 1565 5225; x_wconf 70' lang='lat' dir='ltr'><strong>mgritudinc</strong></span> <span class='ocrx_word' id='word_1_465' title='bbox 1592 5154 1769 5209; x_wconf 82' lang='lat' dir='ltr'><strong>vexari</strong></span> <span class='ocrx_word' id='word_1_466' title='bbox 1804 5172 1816 5207; x_wconf 91' lang='lat'><strong>:</strong></span> <span class='ocrx_word' id='word_1_467' title='bbox 1849 5153 1943 5208; x_wconf 89' lang='lat' dir='ltr'><strong>sed</strong></span> <span class='ocrx_word' id='word_1_468' title='bbox 1973 5154 2018 5208; x_wconf 89' lang='lat' dir='ltr'><strong>si</strong></span> 
     </span>
    </p>
   </div>
   <div class='ocr_carea' id='block_1_63' title="bbox 453 5239 2022 5313">
    <p class='ocr_par' dir='ltr' id='par_1_63' title="bbox 453 5239 2022 5313">
     <span class='ocr_line' id='line_1_63' title="bbox 453 5239 2022 5313; baseline 0.005 -20"><span class='ocrx_word' id='word_1_469' title='bbox 453 5239 589 5295; x_wconf 86' lang='lat' dir='ltr'><strong>forte</strong></span> <span class='ocrx_word' id='word_1_470' title='bbox 626 5241 750 5308; x_wconf 89' lang='lat' dir='ltr'><strong>quid</strong></span> <span class='ocrx_word' id='word_1_471' title='bbox 778 5243 1041 5308; x_wconf 86' lang='lat' dir='ltr'><strong>obturbet,</strong></span> <span class='ocrx_word' id='word_1_472' title='bbox 1074 5260 1285 5299; x_wconf 88' lang='lat' dir='ltr'><strong>omnem</strong></span> <span class='ocrx_word' id='word_1_473' title='bbox 1318 5260 1591 5305; x_wconf 87' lang='lat' dir='ltr'><strong>movemus</strong></span> <span class='ocrx_word' id='word_1_474' title='bbox 1614 5243 1934 5313; x_wconf 85' lang='lat' dir='ltr'><strong>machinam,</strong></span> <span class='ocrx_word' id='word_1_475' title='bbox 1964 5253 2022 5301; x_wconf 80' lang='grc' dir='ltr'><strong>ιιι</strong></span> 
     </span>
    </p>
   </div>
   <div class='ocr_carea' id='block_1_64' title="bbox 452 5332 2022 5409">
    <p class='ocr_par' dir='ltr' id='par_1_64' title="bbox 452 5332 2022 5409">
     <span class='ocr_line' id='line_1_64' title="bbox 452 5332 2022 5409; baseline 0.008 -26"><span class='ocrx_word' id='word_1_476' title='bbox 452 5332 591 5400; x_wconf 91' lang='lat' dir='ltr'><strong>quod</strong></span> <span class='ocrx_word' id='word_1_477' title='bbox 617 5332 911 5388; x_wconf 87' lang='lat' dir='ltr'><strong>molestiam</strong></span> <span class='ocrx_word' id='word_1_478' title='bbox 942 5336 1094 5391; x_wconf 84' lang='lat' dir='ltr'><strong>affert</strong></span> <span class='ocrx_word' id='word_1_479' title='bbox 1116 5337 1467 5392; x_wconf 83' lang='lat' dir='ltr'><strong>emendetur?</strong></span> <span class='ocrx_word' id='word_1_480' title='bbox 1497 5338 1561 5392; x_wconf 79' lang='lat' dir='ltr'><strong>Et</strong></span> <span class='ocrx_word' id='word_1_481' title='bbox 1587 5337 1687 5397; x_wconf 83' lang='lat' dir='ltr'><strong>hoc</strong></span> <span class='ocrx_word' id='word_1_482' title='bbox 1712 5337 1777 5394; x_wconf 89' lang='lat' dir='ltr'><strong>de</strong></span> <span class='ocrx_word' id='word_1_483' title='bbox 1796 5353 2022 5409; x_wconf 90' lang='lat' dir='ltr'><strong>corpore</strong></span> 
     </span>
    </p>
   </div>
   <div class='ocr_carea' id='block_1_65' title="bbox 453 5427 2022 5503">
    <p class='ocr_par' dir='ltr' id='par_1_65' title="bbox 453 5427 2022 5503">
     <span class='ocr_line' id='line_1_65' title="bbox 453 5427 2022 5503; baseline 0.004 -23"><span class='ocrx_word' id='word_1_484' title='bbox 453 5427 596 5494; x_wconf 86' lang='lat' dir='ltr'><strong>dico,</strong></span> <span class='ocrx_word' id='word_1_485' title='bbox 626 5428 767 5496; x_wconf 88' lang='lat' dir='ltr'><strong>quod</strong></span> <span class='ocrx_word' id='word_1_486' title='bbox 800 5429 1087 5484; x_wconf 85' lang='lat' dir='ltr'><strong>secundum</strong></span> <span class='ocrx_word' id='word_1_487' title='bbox 1137 5432 1481 5487; x_wconf 85' lang='lat' dir='ltr'><strong>substantiam</strong></span> <span class='ocrx_word' id='word_1_488' title='bbox 1532 5433 1704 5487; x_wconf 90' lang='lat' dir='ltr'><strong>minus</strong></span> <span class='ocrx_word' id='word_1_489' title='bbox 1742 5440 1823 5488; x_wconf 90' lang='lat' dir='ltr'><strong>est</strong></span> <span class='ocrx_word' id='word_1_490' title='bbox 1852 5449 1864 5484; x_wconf 92' lang='lat'><strong>:</strong></span> <span class='ocrx_word' id='word_1_491' title='bbox 1895 5432 2022 5503; x_wconf 91' lang='lat' dir='ltr'><strong>quid</strong></span> 
     </span>
    </p>
   </div>
   <div class='ocr_carea' id='block_1_66' title="bbox 451 5520 2022 5594">
    <p class='ocr_par' dir='ltr' id='par_1_66' title="bbox 451 5520 2022 5594">
     <span class='ocr_line' id='line_1_66' title="bbox 451 5520 2022 5594; baseline 0.008 -22"><span class='ocrx_word' id='word_1_492' title='bbox 451 5520 590 5573; x_wconf 81' lang='lat' dir='ltr'><strong>enim</strong></span> <span class='ocrx_word' id='word_1_493' title='bbox 613 5520 802 5589; x_wconf 88' lang='lat' dir='ltr'><strong>majus,</strong></span> <span class='ocrx_word' id='word_1_494' title='bbox 832 5521 1096 5589; x_wconf 78' lang='lat' dir='ltr'><strong>animone,</strong></span> <span class='ocrx_word' id='word_1_495' title='bbox 1125 5540 1190 5577; x_wconf 90' lang='lat' dir='ltr'><strong>an</strong></span> <span class='ocrx_word' id='word_1_496' title='bbox 1219 5524 1596 5594; x_wconf 87' lang='lat' dir='ltr'><strong>corpus?Nam</strong></span> <span class='ocrx_word' id='word_1_497' title='bbox 1625 5526 1670 5580; x_wconf 90' lang='lat' dir='ltr'><strong>si</strong></span> <span class='ocrx_word' id='word_1_498' title='bbox 1698 5530 1778 5585; x_wconf 86' lang='lat' dir='ltr'><strong>vis</strong></span> <span class='ocrx_word' id='word_1_499' title='bbox 1801 5531 1816 5561; x_wconf 77' lang='grc'>⁸</span> <span class='ocrx_word' id='word_1_500' title='bbox 1842 5527 2022 5584; x_wconf 82' lang='lat' dir='ltr'><strong>videre</strong></span> 
     </span>
    </p>
   </div>
   <div class='ocr_carea' id='block_1_67' title="bbox 515 5610 2023 5682">
    <p class='ocr_par' dir='ltr' id='par_1_67' title="bbox 515 5610 2023 5682">
     <span class='ocr_line' id='line_1_67' title="bbox 515 5610 2023 5682; baseline 0.01 -25"><span class='ocrx_word' id='word_1_501' title='bbox 515 5612 529 5682; x_wconf 63' lang='grc' dir='ltr'><em>ξ</em></span> <span class='ocrx_word' id='word_1_502' title='bbox 566 5610 767 5682; x_wconf 72' lang='lat' dir='ltr'><strong>savilius</strong></span> <span class='ocrx_word' id='word_1_503' title='bbox 788 5616 859 5682; x_wconf 81' lang='lat' dir='ltr'><strong>sic</strong></span> <span class='ocrx_word' id='word_1_504' title='bbox 882 5612 1027 5662; x_wconf 81' lang='lat' dir='ltr'><strong>habet</strong></span> <span class='ocrx_word' id='word_1_505' title='bbox 1046 5648 1060 5666; x_wconf 89' lang='lat'><strong>.</strong></span> <span class='ocrx_word' id='word_1_506' title='bbox 1078 5620 1137 5682; x_wconf 83' lang='lat' dir='ltr'><strong>_Et</strong></span> <span class='ocrx_word' id='word_1_507' title='bbox 1164 5615 1255 5682; x_wconf 81' lang='lat' dir='ltr'><strong>_It_oc</strong></span> <span class='ocrx_word' id='word_1_508' title='bbox 1275 5617 1336 5682; x_wconf 78' lang='lat' dir='ltr'><strong>de</strong></span> <span class='ocrx_word' id='word_1_509' title='bbox 1363 5629 1588 5682; x_wconf 82' lang='lat' dir='ltr'><strong>corpore,</strong></span> <span class='ocrx_word' id='word_1_510' title='bbox 1613 5621 1739 5681; x_wconf 81' lang='lat' dir='ltr'><strong>quod</strong></span> <span class='ocrx_word' id='word_1_511' title='bbox 1760 5623 2023 5673; x_wconf 79' lang='lat' dir='ltr'><strong>secundum</strong></span> 
     </span>
    </p>
   </div>
   <div class='ocr_carea' id='block_1_68' title="bbox 451 5676 2021 5739">
    <p class='ocr_par' dir='ltr' id='par_1_68' title="bbox 451 5676 2021 5739">
     <span class='ocr_line' id='line_1_68' title="bbox 451 5676 2021 5739; baseline 0.007 -18"><span class='ocrx_word' id='word_1_512' title='bbox 451 5676 937 5739; x_wconf 64' lang='grc' dir='ltr'><strong>οείὺεζαηιὶίηῃηεέηιιδ</strong></span> <span class='ocrx_word' id='word_1_513' title='bbox 962 5682 1049 5732; x_wconf 76' lang='lat' dir='ltr'><strong>est,</strong></span> <span class='ocrx_word' id='word_1_514' title='bbox 1069 5676 1207 5738; x_wconf 75' lang='lat' dir='ltr'><strong>(quid</strong></span> <span class='ocrx_word' id='word_1_515' title='bbox 1231 5678 1359 5728; x_wconf 82' lang='lat' dir='ltr'><strong>enim</strong></span> <span class='ocrx_word' id='word_1_516' title='bbox 1380 5676 1564 5739; x_wconf 80' lang='lat' dir='ltr'><strong>maius,</strong></span> <span class='ocrx_word' id='word_1_517' title='bbox 1580 5676 1807 5735; x_wconf 65' lang='lat' dir='ltr'><strong>animant:</strong></span> <span class='ocrx_word' id='word_1_518' title='bbox 1830 5698 1892 5735; x_wconf 84' lang='lat' dir='ltr'><strong>an</strong></span> <span class='ocrx_word' id='word_1_519' title='bbox 1912 5695 2021 5735; x_wconf 81' lang='lat' dir='ltr'><strong>ror-</strong></span> 
     </span>
    </p>
   </div>
   <div class='ocr_carea' id='block_1_69' title="bbox 447 5735 1536 5800">
    <p class='ocr_par' dir='ltr' id='par_1_69' title="bbox 447 5735 1536 5800">
     <span class='ocr_line' id='line_1_69' title="bbox 447 5735 1536 5800; baseline 0.007 -16"><span class='ocrx_word' id='word_1_520' title='bbox 447 5751 538 5798; x_wconf 76' lang='lat' dir='ltr'><strong>pus</strong></span> <span class='ocrx_word' id='word_1_521' title='bbox 555 5736 599 5788; x_wconf 69' lang='grc' dir='ltr'><strong>ξ’)</strong></span> <span class='ocrx_word' id='word_1_522' title='bbox 616 5735 912 5800; x_wconf 77' lang='lat' dir='ltr'><strong>trepidamus</strong></span> <span class='ocrx_word' id='word_1_523' title='bbox 934 5746 979 5789; x_wconf 80' lang='lat' dir='ltr'><strong>ct</strong></span> <span class='ocrx_word' id='word_1_524' title='bbox 998 5735 1241 5790; x_wconf 70' lang='lat' dir='ltr'><strong>ceraunis.</strong></span> <span class='ocrx_word' id='word_1_525' title='bbox 1269 5741 1385 5795; x_wconf 82' lang='lat' dir='ltr'><strong>Etsi</strong></span> <span class='ocrx_word' id='word_1_526' title='bbox 1407 5741 1536 5794; x_wconf 62' lang='lat' dir='ltr'><strong>tis...</strong></span> 
     </span>
    </p>
   </div>
   <div class='ocr_carea' id='block_1_70' title="bbox 2074 949 3646 1021">
    <p class='ocr_par' dir='ltr' id='par_1_70' title="bbox 2074 949 3646 1021">
     <span class='ocr_line' id='line_1_70' title="bbox 2074 949 3646 1021; baseline 0.001 -16"><span class='ocrx_word' id='word_1_527' title='bbox 2074 964 2192 1019; x_wconf 63' lang='lat' dir='ltr'><strong>qua</strong></span> <span class='ocrx_word' id='word_1_528' title='bbox 2217 949 2357 1006; x_wconf 89' lang='lat' dir='ltr'><strong>illius</strong></span> <span class='ocrx_word' id='word_1_529' title='bbox 2382 950 2545 1006; x_wconf 90' lang='lat' dir='ltr'><strong>robur</strong></span> <span class='ocrx_word' id='word_1_530' title='bbox 2567 950 2863 1018; x_wconf 86' lang='lat' dir='ltr'><strong>debilitant,</strong></span> <span class='ocrx_word' id='word_1_531' title='bbox 2886 962 2939 1007; x_wconf 90' lang='lat' dir='ltr'><strong>et</strong></span> <span class='ocrx_word' id='word_1_532' title='bbox 2968 951 3214 1009; x_wconf 83' lang='lat' dir='ltr'><strong>fiduciam</strong></span> <span class='ocrx_word' id='word_1_533' title='bbox 3230 964 3501 1021; x_wconf 82' lang='lat' dir='ltr'><strong>enervant,</strong></span> <span class='ocrx_word' id='word_1_534' title='bbox 3527 953 3646 1007; x_wconf 85' lang='lat' dir='ltr'><strong>ido-</strong></span> 
     </span>
    </p>
   </div>
   <div class='ocr_carea' id='block_1_71' title="bbox 2078 1039 3652 1114">
    <p class='ocr_par' dir='ltr' id='par_1_71' title="bbox 2078 1039 3652 1114">
     <span class='ocr_line' id='line_1_71' title="bbox 2078 1039 3652 1114; baseline 0.001 -18"><span class='ocrx_word' id='word_1_535' title='bbox 2078 1055 2178 1096; x_wconf 87' lang='lat' dir='ltr'><strong>nea</strong></span> <span class='ocrx_word' id='word_1_536' title='bbox 2206 1039 2441 1095; x_wconf 78' lang='lat' dir='ltr'><strong>remedia</strong></span> <span class='ocrx_word' id='word_1_537' title='bbox 2468 1041 2691 1111; x_wconf 83' lang='lat' dir='ltr'><strong>apponis</strong></span> <span class='ocrx_word' id='word_1_538' title='bbox 2719 1058 2732 1095; x_wconf 90' lang='lat'><strong>:</strong></span> <span class='ocrx_word' id='word_1_539' title='bbox 2763 1042 2857 1098; x_wconf 87' lang='lat' dir='ltr'><strong>sed</strong></span> <span class='ocrx_word' id='word_1_540' title='bbox 2884 1041 2994 1097; x_wconf 89' lang='lat' dir='ltr'><strong>fers</strong></span> <span class='ocrx_word' id='word_1_541' title='bbox 3023 1052 3079 1097; x_wconf 89' lang='lat' dir='ltr'><strong>ut</strong></span> <span class='ocrx_word' id='word_1_542' title='bbox 3106 1043 3195 1098; x_wconf 88' lang='lat' dir='ltr'><strong>illa</strong></span> <span class='ocrx_word' id='word_1_543' title='bbox 3231 1042 3479 1114; x_wconf 87' lang='lat' dir='ltr'><strong>despecta</strong></span> <span class='ocrx_word' id='word_1_544' title='bbox 3507 1043 3652 1098; x_wconf 82' lang='lat' dir='ltr'><strong>fame</strong></span> 
     </span>
    </p>
   </div>
   <div class='ocr_carea' id='block_1_72' title="bbox 2078 1130 3655 1203">
    <p class='ocr_par' dir='ltr' id='par_1_72' title="bbox 2078 1130 3655 1203">
     <span class='ocr_line' id='line_1_72' title="bbox 2078 1130 3655 1203; baseline 0.001 -16"><span class='ocrx_word' id='word_1_545' title='bbox 2078 1130 2436 1195; x_wconf 87' lang='lat' dir='ltr'><strong>contabescat,</strong></span> <span class='ocrx_word' id='word_1_546' title='bbox 2461 1130 2530 1185; x_wconf 85' lang='lat' dir='ltr'><strong>ab</strong></span> <span class='ocrx_word' id='word_1_547' title='bbox 2555 1131 2824 1187; x_wconf 87' lang='lat' dir='ltr'><strong>ulceribus</strong></span> <span class='ocrx_word' id='word_1_548' title='bbox 2852 1133 3132 1201; x_wconf 78' lang='lat' dir='ltr'><strong>putrefiat;</strong></span> <span class='ocrx_word' id='word_1_549' title='bbox 3171 1140 3225 1187; x_wconf 92' lang='lat' dir='ltr'><strong>et</strong></span> <span class='ocrx_word' id='word_1_550' title='bbox 3267 1133 3474 1202; x_wconf 81' lang='lat' dir='ltr'><strong>objecta</strong></span> <span class='ocrx_word' id='word_1_551' title='bbox 3497 1133 3655 1203; x_wconf 78' lang='lat' dir='ltr'><strong>quasi</strong></span> 
     </span>
    </p>
   </div>
   <div class='ocr_carea' id='block_1_73' title="bbox 2082 1220 3656 1293">
    <p class='ocr_par' dir='ltr' id='par_1_73' title="bbox 2082 1220 3656 1293">
     <span class='ocr_line' id='line_1_73' title="bbox 2082 1220 3656 1293; baseline -0.001 -17"><span class='ocrx_word' id='word_1_552' title='bbox 2082 1220 2321 1281; x_wconf 86' lang='lat' dir='ltr'><strong>canibus.</strong></span> <span class='ocrx_word' id='word_1_553' title='bbox 2355 1220 2510 1277; x_wconf 85' lang='lat' dir='ltr'><strong>liceat</strong></span> <span class='ocrx_word' id='word_1_554' title='bbox 2535 1222 2612 1275; x_wconf 90' lang='lat' dir='ltr'><strong>sic</strong></span> <span class='ocrx_word' id='word_1_555' title='bbox 2633 1221 2831 1289; x_wconf 87' lang='lat' dir='ltr'><strong>dicere,</strong></span> <span class='ocrx_word' id='word_1_556' title='bbox 2859 1238 2889 1277; x_wconf 91' lang='lat' dir='ltr'><strong>a</strong></span> <span class='ocrx_word' id='word_1_557' title='bbox 2911 1222 3063 1277; x_wconf 87' lang='lat' dir='ltr'><strong>malis</strong></span> <span class='ocrx_word' id='word_1_558' title='bbox 3086 1231 3141 1278; x_wconf 89' lang='lat' dir='ltr'><strong>et</strong></span> <span class='ocrx_word' id='word_1_559' title='bbox 3166 1222 3358 1277; x_wconf 87' lang='lat' dir='ltr'><strong>illicitis</strong></span> <span class='ocrx_word' id='word_1_560' title='bbox 3380 1225 3656 1293; x_wconf 83' lang='lat' dir='ltr'><strong>cogitatio-</strong></span> 
     </span>
    </p>
   </div>
   <div class='ocr_carea' id='block_1_74' title="bbox 2084 1309 3652 1383">
    <p class='ocr_par' dir='ltr' id='par_1_74' title="bbox 2084 1309 3652 1383">
     <span class='ocr_line' id='line_1_74' title="bbox 2084 1309 3652 1383; baseline 0.001 -18"><span class='ocrx_word' id='word_1_561' title='bbox 2084 1309 2241 1365; x_wconf 90' lang='lat' dir='ltr'><strong>nibus</strong></span> <span class='ocrx_word' id='word_1_562' title='bbox 2260 1309 2601 1378; x_wconf 88' lang='lat' dir='ltr'><strong>dilaceretur,</strong></span> <span class='ocrx_word' id='word_1_563' title='bbox 2626 1312 2903 1383; x_wconf 88' lang='lat' dir='ltr'><strong>omnisque</strong></span> <span class='ocrx_word' id='word_1_564' title='bbox 2927 1313 3151 1368; x_wconf 81' lang='lat' dir='ltr'><strong>firmitas</strong></span> <span class='ocrx_word' id='word_1_565' title='bbox 3174 1313 3287 1383; x_wconf 89' lang='lat' dir='ltr'><strong>ejus</strong></span> <span class='ocrx_word' id='word_1_566' title='bbox 3310 1313 3652 1369; x_wconf 85' lang='lat' dir='ltr'><strong>dissolvatur.</strong></span> 
     </span>
    </p>
   </div>
   <div class='ocr_carea' id='block_1_75' title="bbox 2155 1400 3659 1473">
    <p class='ocr_par' dir='ltr' id='par_1_75' title="bbox 2155 1400 3659 1473">
     <span class='ocr_line' id='line_1_75' title="bbox 2155 1400 3659 1473; baseline 0.003 -19"><span class='ocrx_word' id='word_1_567' title='bbox 2155 1400 2337 1455; x_wconf 84' lang='lat' dir='ltr'><strong>Anima</strong></span> <span class='ocrx_word' id='word_1_568' title='bbox 2359 1403 2610 1471; x_wconf 74' lang='lat' dir='ltr'><strong>quomodo</strong></span> <span class='ocrx_word' id='word_1_569' title='bbox 2635 1404 2882 1459; x_wconf 57' lang='lat' dir='ltr'><strong>“rorida.</strong></span> <span class='ocrx_word' id='word_1_570' title='bbox 2900 1434 2970 1444; x_wconf 92' lang='lat'><strong>—</strong></span> <span class='ocrx_word' id='word_1_571' title='bbox 2989 1404 3164 1473; x_wconf 85' lang='lat' dir='ltr'><strong>Quare</strong></span> <span class='ocrx_word' id='word_1_572' title='bbox 3185 1406 3289 1460; x_wconf 84' lang='lat' dir='ltr'><strong>neu</strong></span> <span class='ocrx_word' id='word_1_573' title='bbox 3315 1405 3449 1460; x_wconf 63' lang='lat' dir='ltr'><strong>situt</strong></span> <span class='ocrx_word' id='word_1_574' title='bbox 3473 1406 3659 1461; x_wconf 70' lang='lat' dir='ltr'><strong>visibi-</strong></span> 
     </span>
    </p>
   </div>
   <div class='ocr_carea' id='block_1_76' title="bbox 2084 1491 3659 1567">
    <p class='ocr_par' dir='ltr' id='par_1_76' title="bbox 2084 1491 3659 1567">
     <span class='ocr_line' id='line_1_76' title="bbox 2084 1491 3659 1567; baseline 0.004 -20"><span class='ocrx_word' id='word_1_575' title='bbox 2084 1491 2151 1547; x_wconf 92' lang='lat' dir='ltr'><strong>lis</strong></span> <span class='ocrx_word' id='word_1_576' title='bbox 2176 1494 2414 1562; x_wconf 89' lang='lat' dir='ltr'><strong>eorporis</strong></span> <span class='ocrx_word' id='word_1_577' title='bbox 2436 1496 2667 1565; x_wconf 88' lang='lat' dir='ltr'><strong>gerimus</strong></span> <span class='ocrx_word' id='word_1_578' title='bbox 2686 1510 2887 1563; x_wconf 89' lang='lat' dir='ltr'><strong>curam,</strong></span> <span class='ocrx_word' id='word_1_579' title='bbox 2915 1496 2987 1551; x_wconf 92' lang='lat' dir='ltr'><strong>ita</strong></span> <span class='ocrx_word' id='word_1_580' title='bbox 3011 1505 3067 1552; x_wconf 89' lang='lat' dir='ltr'><strong>et</strong></span> <span class='ocrx_word' id='word_1_581' title='bbox 3092 1498 3305 1562; x_wconf 81' lang='lat' dir='ltr'><strong>animae,</strong></span> <span class='ocrx_word' id='word_1_582' title='bbox 3325 1513 3445 1567; x_wconf 76' lang='lat' dir='ltr'><strong>qum</strong></span> <span class='ocrx_word' id='word_1_583' title='bbox 3473 1498 3659 1553; x_wconf 85' lang='lat' dir='ltr'><strong>incor-</strong></span> 
     </span>
    </p>
   </div>
   <div class='ocr_carea' id='block_1_77' title="bbox 2086 1585 3663 1659">
    <p class='ocr_par' dir='ltr' id='par_1_77' title="bbox 2086 1585 3663 1659">
     <span class='ocr_line' id='line_1_77' title="bbox 2086 1585 3663 1659; baseline 0.006 -23"><span class='ocrx_word' id='word_1_584' title='bbox 2086 1599 2249 1654; x_wconf 88' lang='lat' dir='ltr'><strong>porea</strong></span> <span class='ocrx_word' id='word_1_585' title='bbox 2277 1594 2330 1639; x_wconf 90' lang='lat' dir='ltr'><strong>et</strong></span> <span class='ocrx_word' id='word_1_586' title='bbox 2356 1585 2673 1651; x_wconf 74' lang='lat' dir='ltr'><strong>invisibilis;</strong></span> <span class='ocrx_word' id='word_1_587' title='bbox 2708 1587 3001 1656; x_wconf 60' lang='lat' dir='ltr'><strong>praesertim</strong></span> <span class='ocrx_word' id='word_1_588' title='bbox 3039 1602 3160 1642; x_wconf 91' lang='lat' dir='ltr'><strong>cum</strong></span> <span class='ocrx_word' id='word_1_589' title='bbox 3206 1603 3335 1643; x_wconf 89' lang='lat' dir='ltr'><strong>cura</strong></span> <span class='ocrx_word' id='word_1_590' title='bbox 3373 1589 3510 1659; x_wconf 88' lang='lat' dir='ltr'><strong>ejus,</strong></span> <span class='ocrx_word' id='word_1_591' title='bbox 3552 1607 3663 1645; x_wconf 87' lang='lat' dir='ltr'><strong>non</strong></span> 
     </span>
    </p>
   </div>
   <div class='ocr_carea' id='block_1_78' title="bbox 2088 1674 3662 1744">
    <p class='ocr_par' dir='ltr' id='par_1_78' title="bbox 2088 1674 3662 1744">
     <span class='ocr_line' id='line_1_78' title="bbox 2088 1674 3662 1744; baseline 0.004 -15"><span class='ocrx_word' id='word_1_592' title='bbox 2088 1674 2249 1733; x_wconf 89' lang='lat' dir='ltr'><strong>modo</strong></span> <span class='ocrx_word' id='word_1_593' title='bbox 2276 1675 2408 1729; x_wconf 88' lang='lat' dir='ltr'><strong>levis</strong></span> <span class='ocrx_word' id='word_1_594' title='bbox 2436 1676 2505 1731; x_wconf 88' lang='lat' dir='ltr'><strong>sit</strong></span> <span class='ocrx_word' id='word_1_595' title='bbox 2529 1684 2584 1731; x_wconf 90' lang='lat' dir='ltr'><strong>et</strong></span> <span class='ocrx_word' id='word_1_596' title='bbox 2617 1675 2807 1744; x_wconf 85' lang='lat' dir='ltr'><strong>facilis,</strong></span> <span class='ocrx_word' id='word_1_597' title='bbox 2850 1677 2944 1733; x_wconf 90' lang='lat' dir='ltr'><strong>sed</strong></span> <span class='ocrx_word' id='word_1_598' title='bbox 2970 1679 3129 1733; x_wconf 88' lang='lat' dir='ltr'><strong>etiam</strong></span> <span class='ocrx_word' id='word_1_599' title='bbox 3164 1679 3297 1733; x_wconf 89' lang='lat' dir='ltr'><strong>nihil</strong></span> <span class='ocrx_word' id='word_1_600' title='bbox 3338 1680 3392 1735; x_wconf 91' lang='lat' dir='ltr'><strong>in</strong></span> <span class='ocrx_word' id='word_1_601' title='bbox 3420 1696 3482 1734; x_wconf 87' lang='lat' dir='ltr'><strong>ea</strong></span> <span class='ocrx_word' id='word_1_602' title='bbox 3509 1682 3662 1735; x_wconf 87' lang='lat' dir='ltr'><strong>insu-</strong></span> 
     </span>
    </p>
   </div>
   <div class='ocr_carea' id='block_1_79' title="bbox 2090 1766 3665 1839">
    <p class='ocr_par' dir='ltr' id='par_1_79' title="bbox 2090 1766 3665 1839">
     <span class='ocr_line' id='line_1_79' title="bbox 2090 1766 3665 1839; baseline 0.004 -20"><span class='ocrx_word' id='word_1_603' title='bbox 2090 1774 2285 1831; x_wconf 83' lang='lat' dir='ltr'><strong>matur,</strong></span> <span class='ocrx_word' id='word_1_604' title='bbox 2336 1781 2510 1835; x_wconf 85' lang='lat' dir='ltr'><strong>neque</strong></span> <span class='ocrx_word' id='word_1_605' title='bbox 2563 1766 2869 1825; x_wconf 81' lang='lat' dir='ltr'><strong>laboretur?</strong></span> <span class='ocrx_word' id='word_1_606' title='bbox 2926 1768 3100 1837; x_wconf 84' lang='lat' dir='ltr'><strong>Atque</strong></span> <span class='ocrx_word' id='word_1_607' title='bbox 3152 1768 3240 1823; x_wconf 86' lang='lat' dir='ltr'><strong>hic</strong></span> <span class='ocrx_word' id='word_1_608' title='bbox 3285 1768 3496 1839; x_wconf 85' lang='lat' dir='ltr'><strong>quidem</strong></span> <span class='ocrx_word' id='word_1_609' title='bbox 3537 1786 3665 1825; x_wconf 90' lang='lat' dir='ltr'><strong>cunt</strong></span> 
     </span>
    </p>
   </div>
   <div class='ocr_carea' id='block_1_80' title="bbox 2093 1858 3671 1931">
    <p class='ocr_par' dir='ltr' id='par_1_80' title="bbox 2093 1858 3671 1931">
     <span class='ocr_line' id='line_1_80' title="bbox 2093 1858 3671 1931; baseline 0.003 -18"><span class='ocrx_word' id='word_1_610' title='bbox 2093 1865 2177 1913; x_wconf 87' lang='lat' dir='ltr'><strong>est</strong></span> <span class='ocrx_word' id='word_1_611' title='bbox 2200 1871 2395 1927; x_wconf 84' lang='lat' dir='ltr'><strong>corpus</strong></span> <span class='ocrx_word' id='word_1_612' title='bbox 2446 1858 2767 1924; x_wconf 83' lang='lat' dir='ltr'><strong>curandum,</strong></span> <span class='ocrx_word' id='word_1_613' title='bbox 2801 1874 2920 1917; x_wconf 79' lang='lat' dir='ltr'><strong>cum</strong></span> <span class='ocrx_word' id='word_1_614' title='bbox 2959 1860 3178 1917; x_wconf 85' lang='lat' dir='ltr'><strong>sanandi</strong></span> <span class='ocrx_word' id='word_1_615' title='bbox 3207 1861 3377 1930; x_wconf 80' lang='lat' dir='ltr'><strong>morbi</strong></span> <span class='ocrx_word' id='word_1_616' title='bbox 3420 1863 3671 1931; x_wconf 84' lang='lat' dir='ltr'><strong>corporis</strong></span> 
     </span>
    </p>
   </div>
   <div class='ocr_carea' id='block_1_81' title="bbox 2093 1952 3673 2022">
    <p class='ocr_par' dir='ltr' id='par_1_81' title="bbox 2093 1952 3673 2022">
     <span class='ocr_line' id='line_1_81' title="bbox 2093 1952 3673 2022; baseline 0.003 -18"><span class='ocrx_word' id='word_1_617' title='bbox 2093 1964 2338 2021; x_wconf 90' lang='lat' dir='ltr'><strong>magnam</strong></span> <span class='ocrx_word' id='word_1_618' title='bbox 2393 1964 2613 2007; x_wconf 89' lang='lat' dir='ltr'><strong>necesse</strong></span> <span class='ocrx_word' id='word_1_619' title='bbox 2667 1961 2750 2006; x_wconf 88' lang='lat' dir='ltr'><strong>est</strong></span> <span class='ocrx_word' id='word_1_620' title='bbox 2797 1952 3071 2020; x_wconf 85' lang='lat' dir='ltr'><strong>pecuniam</strong></span> <span class='ocrx_word' id='word_1_621' title='bbox 3122 1952 3467 2022; x_wconf 89' lang='lat' dir='ltr'><strong>impendere,</strong></span> <span class='ocrx_word' id='word_1_622' title='bbox 3523 1968 3673 2008; x_wconf 88' lang='lat' dir='ltr'><strong>nunc-</strong></span> 
     </span>
    </p>
   </div>
   <div class='ocr_carea' id='block_1_82' title="bbox 2097 2038 3668 2113">
    <p class='ocr_par' dir='ltr' id='par_1_82' title="bbox 2097 2038 3668 2113">
     <span class='ocr_line' id='line_1_82' title="bbox 2097 2038 3668 2113; baseline 0.003 -19"><span class='ocrx_word' id='word_1_623' title='bbox 2097 2040 2149 2094; x_wconf 92' lang='lat' dir='ltr'><strong>in</strong></span> <span class='ocrx_word' id='word_1_624' title='bbox 2203 2038 2477 2106; x_wconf 84' lang='lat' dir='ltr'><strong>mcdicos,</strong></span> <span class='ocrx_word' id='word_1_625' title='bbox 2536 2055 2676 2095; x_wconf 92' lang='lat' dir='ltr'><strong>nunc</strong></span> <span class='ocrx_word' id='word_1_626' title='bbox 2726 2041 2778 2095; x_wconf 91' lang='lat' dir='ltr'><strong>in</strong></span> <span class='ocrx_word' id='word_1_627' title='bbox 2819 2042 2922 2095; x_wconf 89' lang='lat' dir='ltr'><strong>alia</strong></span> <span class='ocrx_word' id='word_1_628' title='bbox 2977 2043 3319 2110; x_wconf 80' lang='lat' dir='ltr'><strong>necessaria,</strong></span> <span class='ocrx_word' id='word_1_629' title='bbox 3371 2052 3555 2113; x_wconf 88' lang='lat' dir='ltr'><strong>utpote</strong></span> <span class='ocrx_word' id='word_1_630' title='bbox 3618 2045 3668 2098; x_wconf 90' lang='lat' dir='ltr'><strong>in</strong></span> 
     </span>
    </p>
   </div>
   <div class='ocr_carea' id='block_1_83' title="bbox 2100 2131 3673 2214">
    <p class='ocr_par' dir='ltr' id='par_1_83' title="bbox 2100 2131 3673 2214">
     <span class='ocr_line' id='line_1_83' title="bbox 2100 2131 3673 2214; baseline 0.002 -29"><span class='ocrx_word' id='word_1_631' title='bbox 2100 2138 2278 2214; x_wconf 71' lang='lat' dir='ltr'><strong>vestes</strong></span> <span class='ocrx_word' id='word_1_632' title='bbox 2318 2140 2373 2186; x_wconf 91' lang='lat' dir='ltr'><strong>et</strong></span> <span class='ocrx_word' id='word_1_633' title='bbox 2406 2131 2658 2187; x_wconf 88' lang='lat' dir='ltr'><strong>alimenta</strong></span> <span class='ocrx_word' id='word_1_634' title='bbox 2690 2147 2704 2185; x_wconf 90' lang='lat'><strong>:</strong></span> <span class='ocrx_word' id='word_1_635' title='bbox 2749 2146 2816 2187; x_wconf 87' lang='lat' dir='ltr'><strong>ne</strong></span> <span class='ocrx_word' id='word_1_636' title='bbox 2856 2132 2982 2202; x_wconf 87' lang='lat' dir='ltr'><strong>quid</strong></span> <span class='ocrx_word' id='word_1_637' title='bbox 3028 2132 3239 2188; x_wconf 87' lang='lat' dir='ltr'><strong>interim</strong></span> <span class='ocrx_word' id='word_1_638' title='bbox 3279 2133 3448 2188; x_wconf 91' lang='lat' dir='ltr'><strong>dicam</strong></span> <span class='ocrx_word' id='word_1_639' title='bbox 3496 2134 3566 2190; x_wconf 91' lang='lat' dir='ltr'><strong>de</strong></span> <span class='ocrx_word' id='word_1_640' title='bbox 3608 2135 3673 2189; x_wconf 86' lang='lat' dir='ltr'><strong>iis</strong></span> 
     </span>
    </p>
   </div>
   <div class='ocr_carea' id='block_1_84' title="bbox 2100 2222 3672 2291">
    <p class='ocr_par' dir='ltr' id='par_1_84' title="bbox 2100 2222 3672 2291">
     <span class='ocr_line' id='line_1_84' title="bbox 2100 2222 3672 2291; baseline 0.003 -16"><span class='ocrx_word' id='word_1_641' title='bbox 2100 2236 2220 2291; x_wconf 83' lang='lat' dir='ltr'><strong>quae</strong></span> <span class='ocrx_word' id='word_1_642' title='bbox 2266 2230 2459 2291; x_wconf 73' lang='lat' dir='ltr'><strong>praeter</strong></span> <span class='ocrx_word' id='word_1_643' title='bbox 2502 2222 2860 2281; x_wconf 81' lang='lat' dir='ltr'><strong>necessarium</strong></span> <span class='ocrx_word' id='word_1_644' title='bbox 2903 2238 3059 2283; x_wconf 76' lang='lat' dir='ltr'><strong>usum</strong></span> <span class='ocrx_word' id='word_1_645' title='bbox 3110 2224 3237 2281; x_wconf 87' lang='lat' dir='ltr'><strong>luxu</strong></span> <span class='ocrx_word' id='word_1_646' title='bbox 3287 2224 3672 2289; x_wconf 82' lang='lat' dir='ltr'><strong>absumuntur;</strong></span> 
     </span>
    </p>
   </div>
   <div class='ocr_carea' id='block_1_85' title="bbox 2100 2314 3675 2385">
    <p class='ocr_par' dir='ltr' id='par_1_85' title="bbox 2100 2314 3675 2385">
     <span class='ocr_line' id='line_1_85' title="bbox 2100 2314 3675 2385; baseline 0.001 -16"><span class='ocrx_word' id='word_1_647' title='bbox 2100 2315 2275 2369; x_wconf 89' lang='lat' dir='ltr'><strong>anima</strong></span> <span class='ocrx_word' id='word_1_648' title='bbox 2345 2322 2523 2381; x_wconf 88' lang='lat' dir='ltr'><strong>autem</strong></span> <span class='ocrx_word' id='word_1_649' title='bbox 2577 2315 2724 2373; x_wconf 91' lang='lat' dir='ltr'><strong>nullo</strong></span> <span class='ocrx_word' id='word_1_650' title='bbox 2780 2316 2968 2375; x_wconf 88' lang='lat' dir='ltr'><strong>horum</strong></span> <span class='ocrx_word' id='word_1_651' title='bbox 3032 2314 3269 2385; x_wconf 85' lang='lat' dir='ltr'><strong>indiget,</strong></span> <span class='ocrx_word' id='word_1_652' title='bbox 3330 2314 3424 2371; x_wconf 88' lang='lat' dir='ltr'><strong>sed</strong></span> <span class='ocrx_word' id='word_1_653' title='bbox 3479 2316 3523 2371; x_wconf 89' lang='lat' dir='ltr'><strong>si</strong></span> <span class='ocrx_word' id='word_1_654' title='bbox 3576 2332 3675 2370; x_wconf 83' lang='lat' dir='ltr'><strong>ve-</strong></span> 
     </span>
    </p>
   </div>
   <div class='ocr_carea' id='block_1_86' title="bbox 2101 2405 3681 2479">
    <p class='ocr_par' dir='ltr' id='par_1_86' title="bbox 2101 2405 3681 2479">
     <span class='ocr_line' id='line_1_86' title="bbox 2101 2405 3681 2479; baseline 0.001 -18"><span class='ocrx_word' id='word_1_655' title='bbox 2101 2406 2303 2473; x_wconf 85' lang='lat' dir='ltr'><strong>lueris,</strong></span> <span class='ocrx_word' id='word_1_656' title='bbox 2365 2405 2502 2461; x_wconf 89' lang='lat' dir='ltr'><strong>sicut</strong></span> <span class='ocrx_word' id='word_1_657' title='bbox 2559 2406 2794 2475; x_wconf 87' lang='lat' dir='ltr'><strong>quotidie</strong></span> <span class='ocrx_word' id='word_1_658' title='bbox 2852 2408 3064 2476; x_wconf 84' lang='lat' dir='ltr'><strong>corpori</strong></span> <span class='ocrx_word' id='word_1_659' title='bbox 3123 2407 3302 2463; x_wconf 88' lang='lat' dir='ltr'><strong>cibum</strong></span> <span class='ocrx_word' id='word_1_660' title='bbox 3367 2408 3681 2479; x_wconf 84' lang='lat' dir='ltr'><strong>suppeditas</strong></span> 
     </span>
    </p>
   </div>
   <div class='ocr_carea' id='block_1_87' title="bbox 2104 2496 3679 2568">
    <p class='ocr_par' dir='ltr' id='par_1_87' title="bbox 2104 2496 3679 2568">
     <span class='ocr_line' id='line_1_87' title="bbox 2104 2496 3679 2568; baseline 0.001 -16"><span class='ocrx_word' id='word_1_661' title='bbox 2104 2506 2158 2552; x_wconf 90' lang='lat' dir='ltr'><strong>et</strong></span> <span class='ocrx_word' id='word_1_662' title='bbox 2203 2497 2457 2567; x_wconf 85' lang='lat' dir='ltr'><strong>pecunias</strong></span> <span class='ocrx_word' id='word_1_663' title='bbox 2484 2496 2731 2562; x_wconf 69' lang='lat' dir='ltr'><strong>edundis,</strong></span> <span class='ocrx_word' id='word_1_664' title='bbox 2762 2498 2839 2553; x_wconf 92' lang='lat' dir='ltr'><strong>sic</strong></span> <span class='ocrx_word' id='word_1_665' title='bbox 2867 2506 2922 2559; x_wconf 88' lang='lat' dir='ltr'><strong>et</strong></span> <span class='ocrx_word' id='word_1_666' title='bbox 2956 2499 3187 2553; x_wconf 90' lang='lat' dir='ltr'><strong>animam</strong></span> <span class='ocrx_word' id='word_1_667' title='bbox 3230 2513 3335 2556; x_wconf 89' lang='lat' dir='ltr'><strong>non</strong></span> <span class='ocrx_word' id='word_1_668' title='bbox 3376 2498 3679 2568; x_wconf 87' lang='lat' dir='ltr'><strong>despicere,</strong></span> 
     </span>
    </p>
   </div>
   <div class='ocr_carea' id='block_1_88' title="bbox 2106 2588 3681 2660">
    <p class='ocr_par' dir='ltr' id='par_1_88' title="bbox 2106 2588 3681 2660">
     <span class='ocr_line' id='line_1_88' title="bbox 2106 2588 3681 2660; baseline 0 -17"><span class='ocrx_word' id='word_1_669' title='bbox 2106 2600 2162 2643; x_wconf 89' lang='lat' dir='ltr'><strong>ut</strong></span> <span class='ocrx_word' id='word_1_670' title='bbox 2185 2604 2253 2642; x_wconf 93' lang='lat' dir='ltr'><strong>ne</strong></span> <span class='ocrx_word' id='word_1_671' title='bbox 2282 2588 2421 2643; x_wconf 87' lang='lat' dir='ltr'><strong>fame</strong></span> <span class='ocrx_word' id='word_1_672' title='bbox 2445 2598 2661 2659; x_wconf 84' lang='lat' dir='ltr'><strong>pereat;</strong></span> <span class='ocrx_word' id='word_1_673' title='bbox 2689 2589 2781 2645; x_wconf 86' lang='lat' dir='ltr'><strong>sed</strong></span> <span class='ocrx_word' id='word_1_674' title='bbox 2804 2588 2938 2653; x_wconf 85' lang='lat' dir='ltr'><strong>dare</strong></span> <span class='ocrx_word' id='word_1_675' title='bbox 2962 2590 3061 2660; x_wconf 86' lang='lat' dir='ltr'><strong>ipsi</strong></span> <span class='ocrx_word' id='word_1_676' title='bbox 3080 2597 3453 2660; x_wconf 80' lang='lat' dir='ltr'><strong>congruentem</strong></span> <span class='ocrx_word' id='word_1_677' title='bbox 3474 2590 3681 2653; x_wconf 85' lang='lat' dir='ltr'><strong>cibum,</strong></span> 
     </span>
    </p>
   </div>
   <div class='ocr_carea' id='block_1_89' title="bbox 2106 2678 3685 2750">
    <p class='ocr_par' dir='ltr' id='par_1_89' title="bbox 2106 2678 3685 2750">
     <span class='ocr_line' id='line_1_89' title="bbox 2106 2678 3685 2750; baseline 0.001 -16"><span class='ocrx_word' id='word_1_678' title='bbox 2106 2680 2353 2736; x_wconf 86' lang='lat' dir='ltr'><strong>videlicet</strong></span> <span class='ocrx_word' id='word_1_679' title='bbox 2388 2695 2452 2736; x_wconf 81' lang='lat' dir='ltr'><strong>ex</strong></span> <span class='ocrx_word' id='word_1_680' title='bbox 2498 2680 2723 2745; x_wconf 81' lang='lat' dir='ltr'><strong>lectione</strong></span> <span class='ocrx_word' id='word_1_681' title='bbox 2765 2678 3161 2750; x_wconf 84' lang='lat' dir='ltr'><strong>Scripturarum</strong></span> <span class='ocrx_word' id='word_1_682' title='bbox 3202 2688 3256 2735; x_wconf 90' lang='lat' dir='ltr'><strong>et</strong></span> <span class='ocrx_word' id='word_1_683' title='bbox 3300 2694 3368 2735; x_wconf 78' lang='lat' dir='ltr'><strong>ex</strong></span> <span class='ocrx_word' id='word_1_684' title='bbox 3419 2680 3685 2750; x_wconf 77' lang='lat' dir='ltr'><strong>Spirituali</strong></span> 
     </span>
    </p>
   </div>
   <div class='ocr_carea' id='block_1_90' title="bbox 2107 2768 3687 2841">
    <p class='ocr_par' dir='ltr' id='par_1_90' title="bbox 2107 2768 3687 2841">
     <span class='ocr_line' id='line_1_90' title="bbox 2107 2768 3687 2841; baseline 0 -12"><span class='ocrx_word' id='word_1_685' title='bbox 2107 2771 2474 2829; x_wconf 84' lang='lat' dir='ltr'><strong>adhortatione</strong></span> <span class='ocrx_word' id='word_1_686' title='bbox 2504 2786 2522 2825; x_wconf 91' lang='lat'><strong><em>:</em></strong></span> <span class='ocrx_word' id='word_1_687' title='bbox 2551 2768 2673 2825; x_wconf 88' lang='lat' dir='ltr'><strong>Non</strong></span> <span class='ocrx_word' id='word_1_688' title='bbox 2699 2771 2840 2835; x_wconf 88' lang='lat' dir='ltr'><strong>enim</strong></span> <span class='ocrx_word' id='word_1_689' title='bbox 2881 2771 2936 2827; x_wconf 78' lang='lat' dir='ltr'><strong>in</strong></span> <span class='ocrx_word' id='word_1_690' title='bbox 2979 2786 3127 2841; x_wconf 80' lang='lat' dir='ltr'><strong>pone,</strong></span> <span class='ocrx_word' id='word_1_691' title='bbox 3171 2770 3320 2837; x_wconf 87' lang='lat' dir='ltr'><strong>dicit,</strong></span> <span class='ocrx_word' id='word_1_692' title='bbox 3348 2772 3511 2825; x_wconf 79' lang='lat' dir='ltr'><strong>solum</strong></span> <span class='ocrx_word' id='word_1_693' title='bbox 3554 2771 3687 2829; x_wconf 71' lang='lat' dir='ltr'><strong>vivet</strong></span> 
     </span>
    </p>
   </div>
   <div class='ocr_carea' id='block_1_91' title="bbox 2109 2863 3688 2936">
    <p class='ocr_par' dir='ltr' id='par_1_91' title="bbox 2109 2863 3688 2936">
     <span class='ocr_line' id='line_1_91' title="bbox 2109 2863 3688 2936; baseline 0.001 -19"><span class='ocrx_word' id='word_1_694' title='bbox 2109 2864 2276 2930; x_wconf 83' lang='lat' dir='ltr'><strong>homo,</strong></span> <span class='ocrx_word' id='word_1_695' title='bbox 2306 2863 2395 2918; x_wconf 82' lang='lat' dir='ltr'><strong>sed</strong></span> <span class='ocrx_word' id='word_1_696' title='bbox 2430 2864 2483 2917; x_wconf 86' lang='lat' dir='ltr'><strong>in</strong></span> <span class='ocrx_word' id='word_1_697' title='bbox 2518 2863 2656 2919; x_wconf 85' lang='lat' dir='ltr'><strong>omni</strong></span> <span class='ocrx_word' id='word_1_698' title='bbox 2699 2864 2846 2918; x_wconf 85' lang='lat' dir='ltr'><strong>verbo</strong></span> <span class='ocrx_word' id='word_1_699' title='bbox 2889 2864 3023 2934; x_wconf 83' lang='lat' dir='ltr'><strong>quod</strong></span> <span class='ocrx_word' id='word_1_700' title='bbox 3065 2865 3317 2934; x_wconf 81' lang='lat' dir='ltr'><strong>egreditur</strong></span> <span class='ocrx_word' id='word_1_701' title='bbox 3356 2882 3447 2936; x_wconf 79' lang='lat' dir='ltr'><strong>per</strong></span> <span class='ocrx_word' id='word_1_702' title='bbox 3488 2881 3544 2919; x_wconf 77' lang='lat' dir='ltr'><strong>os</strong></span> <span class='ocrx_word' id='word_1_703' title='bbox 3588 2863 3688 2919; x_wconf 80' lang='lat' dir='ltr'><strong>Dei</strong></span> 
     </span>
    </p>
   </div>
   <div class='ocr_carea' id='block_1_92' title="bbox 2111 2954 3688 3026">
    <p class='ocr_par' dir='ltr' id='par_1_92' title="bbox 2111 2954 3688 3026">
     <span class='ocr_line' id='line_1_92' title="bbox 2111 2954 3688 3026; baseline -0.003 -13"><span class='ocrx_word' id='word_1_704' title='bbox 2111 2955 2331 3026; x_wconf 75' lang='lat' dir='ltr'><strong>(Matth.</strong></span> <span class='ocrx_word' id='word_1_705' title='bbox 2359 2955 2413 3010; x_wconf 71' lang='grc' dir='ltr'><strong>ι.</strong></span> <span class='ocrx_word' id='word_1_706' title='bbox 2441 2954 2509 3026; x_wconf 67' lang='grc'><strong>4)</strong></span> <span class='ocrx_word' id='word_1_707' title='bbox 2543 2972 2558 3008; x_wconf 89' lang='lat'><strong>:</strong></span> <span class='ocrx_word' id='word_1_708' title='bbox 2590 2956 2788 3026; x_wconf 90' lang='lat' dir='ltr'><strong>optime</strong></span> <span class='ocrx_word' id='word_1_709' title='bbox 2810 2954 2878 3012; x_wconf 86' lang='lat' dir='ltr'><strong>de</strong></span> <span class='ocrx_word' id='word_1_710' title='bbox 2905 2954 2987 3011; x_wconf 89' lang='lat' dir='ltr'><strong>his</strong></span> <span class='ocrx_word' id='word_1_711' title='bbox 3014 2955 3283 3020; x_wconf 90' lang='lat' dir='ltr'><strong>statueris,</strong></span> <span class='ocrx_word' id='word_1_712' title='bbox 3315 2966 3367 3010; x_wconf 90' lang='lat' dir='ltr'><strong>et</strong></span> <span class='ocrx_word' id='word_1_713' title='bbox 3392 2956 3527 3026; x_wconf 80' lang='lat' dir='ltr'><strong>parti</strong></span> <span class='ocrx_word' id='word_1_714' title='bbox 3566 2971 3688 3025; x_wconf 70' lang='lat' dir='ltr'><strong>qua:</strong></span> 
     </span>
    </p>
   </div>
   <div class='ocr_carea' id='block_1_93' title="bbox 2111 3047 3690 3119">
    <p class='ocr_par' dir='ltr' id='par_1_93' title="bbox 2111 3047 3690 3119">
     <span class='ocr_line' id='line_1_93' title="bbox 2111 3047 3690 3119; baseline -0.001 -17"><span class='ocrx_word' id='word_1_715' title='bbox 2111 3049 2264 3107; x_wconf 89' lang='lat' dir='ltr'><strong>nobis</strong></span> <span class='ocrx_word' id='word_1_716' title='bbox 2292 3048 2458 3119; x_wconf 88' lang='lat' dir='ltr'><strong>magis</strong></span> <span class='ocrx_word' id='word_1_717' title='bbox 2486 3057 2568 3103; x_wconf 92' lang='lat' dir='ltr'><strong>est</strong></span> <span class='ocrx_word' id='word_1_718' title='bbox 2598 3048 2829 3118; x_wconf 90' lang='lat' dir='ltr'><strong>propria,</strong></span> <span class='ocrx_word' id='word_1_719' title='bbox 2861 3058 3003 3115; x_wconf 84' lang='lat' dir='ltr'><strong>recte</strong></span> <span class='ocrx_word' id='word_1_720' title='bbox 3031 3048 3385 3119; x_wconf 79' lang='lat' dir='ltr'><strong>prospexeris.</strong></span> <span class='ocrx_word' id='word_1_721' title='bbox 3414 3047 3567 3103; x_wconf 87' lang='lat' dir='ltr'><strong>Sicut</strong></span> <span class='ocrx_word' id='word_1_722' title='bbox 3594 3048 3690 3117; x_wconf 82' lang='lat' dir='ltr'><strong>igi-</strong></span> 
     </span>
    </p>
   </div>
   <div class='ocr_carea' id='block_1_94' title="bbox 2113 3138 3689 3211">
    <p class='ocr_par' dir='ltr' id='par_1_94' title="bbox 2113 3138 3689 3211">
     <span class='ocr_line' id='line_1_94' title="bbox 2113 3138 3689 3211; baseline 0 -18"><span class='ocrx_word' id='word_1_723' title='bbox 2113 3148 2200 3195; x_wconf 89' lang='lat' dir='ltr'><strong>tttr</strong></span> <span class='ocrx_word' id='word_1_724' title='bbox 2227 3139 2437 3209; x_wconf 89' lang='lat' dir='ltr'><strong>corpori</strong></span> <span class='ocrx_word' id='word_1_725' title='bbox 2467 3140 2610 3194; x_wconf 88' lang='lat' dir='ltr'><strong>varia</strong></span> <span class='ocrx_word' id='word_1_726' title='bbox 2636 3139 2841 3211; x_wconf 63' lang='lat' dir='ltr'><strong>praebes</strong></span> <span class='ocrx_word' id='word_1_727' title='bbox 2866 3139 3195 3209; x_wconf 84' lang='lat' dir='ltr'><strong>indumenta,</strong></span> <span class='ocrx_word' id='word_1_728' title='bbox 3224 3148 3278 3196; x_wconf 89' lang='lat' dir='ltr'><strong>et</strong></span> <span class='ocrx_word' id='word_1_729' title='bbox 3299 3139 3560 3195; x_wconf 84' lang='lat' dir='ltr'><strong>rationem</strong></span> <span class='ocrx_word' id='word_1_730' title='bbox 3596 3138 3689 3193; x_wconf 85' lang='lat' dir='ltr'><strong>ha-</strong></span> 
     </span>
    </p>
   </div>
   <div class='ocr_carea' id='block_1_95' title="bbox 2112 3228 3689 3303">
    <p class='ocr_par' dir='ltr' id='par_1_95' title="bbox 2112 3228 3689 3303">
     <span class='ocr_line' id='line_1_95' title="bbox 2112 3228 3689 3303; baseline 0.001 -15"><span class='ocrx_word' id='word_1_731' title='bbox 2112 3237 2207 3297; x_wconf 80' lang='lat' dir='ltr'><strong>bes</strong></span> <span class='ocrx_word' id='word_1_732' title='bbox 2224 3233 2350 3289; x_wconf 85' lang='lat' dir='ltr'><strong>anni</strong></span> <span class='ocrx_word' id='word_1_733' title='bbox 2376 3239 2755 3303; x_wconf 78' lang='lat' dir='ltr'><strong>tempeatatum</strong></span> <span class='ocrx_word' id='word_1_734' title='bbox 2780 3234 2833 3288; x_wconf 89' lang='lat' dir='ltr'><strong>in</strong></span> <span class='ocrx_word' id='word_1_735' title='bbox 2859 3228 3086 3293; x_wconf 78' lang='lat' dir='ltr'><strong>vestium</strong></span> <span class='ocrx_word' id='word_1_736' title='bbox 3105 3229 3413 3292; x_wconf 86' lang='lat' dir='ltr'><strong>diversitate</strong></span> <span class='ocrx_word' id='word_1_737' title='bbox 3442 3254 3455 3289; x_wconf 90' lang='lat'><strong>:</strong></span> <span class='ocrx_word' id='word_1_738' title='bbox 3498 3229 3689 3290; x_wconf 76' lang='lat' dir='ltr'><strong>simili-</strong></span> 
     </span>
    </p>
   </div>
   <div class='ocr_carea' id='block_1_96' title="bbox 2118 3326 3689 3398">
    <p class='ocr_par' dir='ltr' id='par_1_96' title="bbox 2118 3326 3689 3398">
     <span class='ocr_line' id='line_1_96' title="bbox 2118 3326 3689 3398; baseline -0.001 -15"><span class='ocrx_word' id='word_1_739' title='bbox 2118 3338 2197 3383; x_wconf 89' lang='lat' dir='ltr'><strong>ter</strong></span> <span class='ocrx_word' id='word_1_740' title='bbox 2226 3344 2396 3397; x_wconf 90' lang='lat' dir='ltr'><strong>neque</strong></span> <span class='ocrx_word' id='word_1_741' title='bbox 2420 3329 2652 3384; x_wconf 89' lang='lat' dir='ltr'><strong>animam</strong></span> <span class='ocrx_word' id='word_1_742' title='bbox 2671 3328 2951 3398; x_wconf 84' lang='lat' dir='ltr'><strong>despicito,</strong></span> <span class='ocrx_word' id='word_1_743' title='bbox 2981 3335 3040 3382; x_wconf 89' lang='lat' dir='ltr'><strong>ut</strong></span> <span class='ocrx_word' id='word_1_744' title='bbox 3067 3342 3134 3384; x_wconf 90' lang='lat' dir='ltr'><strong>ne</strong></span> <span class='ocrx_word' id='word_1_745' title='bbox 3167 3326 3305 3383; x_wconf 90' lang='lat' dir='ltr'><strong>nuda</strong></span> <span class='ocrx_word' id='word_1_746' title='bbox 3333 3327 3487 3384; x_wconf 86' lang='lat' dir='ltr'><strong>bonis</strong></span> <span class='ocrx_word' id='word_1_747' title='bbox 3511 3328 3689 3398; x_wconf 84' lang='lat' dir='ltr'><strong>operi-</strong></span> 
     </span>
    </p>
   </div>
   <div class='ocr_carea' id='block_1_97' title="bbox 2116 3418 3689 3485">
    <p class='ocr_par' dir='ltr' id='par_1_97' title="bbox 2116 3418 3689 3485">
     <span class='ocr_line' id='line_1_97' title="bbox 2116 3418 3689 3485; baseline 0 -11"><span class='ocrx_word' id='word_1_748' title='bbox 2116 3419 2215 3474; x_wconf 90' lang='lat' dir='ltr'><strong>bus</strong></span> <span class='ocrx_word' id='word_1_749' title='bbox 2238 3418 2561 3485; x_wconf 89' lang='lat' dir='ltr'><strong>obambulet,</strong></span> <span class='ocrx_word' id='word_1_750' title='bbox 2589 3419 2685 3475; x_wconf 90' lang='lat' dir='ltr'><strong>sed</strong></span> <span class='ocrx_word' id='word_1_751' title='bbox 2714 3418 3024 3475; x_wconf 89' lang='lat' dir='ltr'><strong>decentibus</strong></span> <span class='ocrx_word' id='word_1_752' title='bbox 3052 3418 3199 3475; x_wconf 83' lang='lat' dir='ltr'><strong>illam</strong></span> <span class='ocrx_word' id='word_1_753' title='bbox 3234 3418 3467 3474; x_wconf 90' lang='lat' dir='ltr'><strong>vestibus</strong></span> <span class='ocrx_word' id='word_1_754' title='bbox 3492 3418 3689 3483; x_wconf 87' lang='lat' dir='ltr'><strong>indue;</strong></span> 
     </span>
    </p>
   </div>
   <div class='ocr_carea' id='block_1_98' title="bbox 2117 3509 3692 3583">
    <p class='ocr_par' dir='ltr' id='par_1_98' title="bbox 2117 3509 3692 3583">
     <span class='ocr_line' id='line_1_98' title="bbox 2117 3509 3692 3583; baseline -0.003 -17"><span class='ocrx_word' id='word_1_755' title='bbox 2117 3512 2294 3567; x_wconf 89' lang='lat' dir='ltr'><strong>statim</strong></span> <span class='ocrx_word' id='word_1_756' title='bbox 2327 3525 2444 3566; x_wconf 89' lang='lat' dir='ltr'><strong>eam</strong></span> <span class='ocrx_word' id='word_1_757' title='bbox 2472 3510 2747 3583; x_wconf 87' lang='lat' dir='ltr'><strong>reparabis</strong></span> <span class='ocrx_word' id='word_1_758' title='bbox 2772 3522 2827 3566; x_wconf 92' lang='lat' dir='ltr'><strong>et</strong></span> <span class='ocrx_word' id='word_1_759' title='bbox 2849 3510 2917 3566; x_wconf 87' lang='lat' dir='ltr'><strong>ad</strong></span> <span class='ocrx_word' id='word_1_760' title='bbox 2946 3509 3241 3581; x_wconf 77' lang='lat' dir='ltr'><strong>naturalem</strong></span> <span class='ocrx_word' id='word_1_761' title='bbox 3282 3511 3559 3565; x_wconf 86' lang='lat' dir='ltr'><strong>sanitatem</strong></span> <span class='ocrx_word' id='word_1_762' title='bbox 3606 3525 3692 3563; x_wconf 71' lang='grc' dir='ltr'><strong>ω-</strong></span> 
     </span>
    </p>
   </div>
   <div class='ocr_carea' id='block_1_99' title="bbox 2117 3599 3695 3672">
    <p class='ocr_par' dir='ltr' id='par_1_99' title="bbox 2117 3599 3695 3672">
     <span class='ocr_line' id='line_1_99' title="bbox 2117 3599 3695 3672; baseline 0 -15"><span class='ocrx_word' id='word_1_763' title='bbox 2117 3602 2302 3657; x_wconf 83' lang='lat' dir='ltr'><strong>duces.</strong></span> <span class='ocrx_word' id='word_1_764' title='bbox 2332 3601 2398 3657; x_wconf 81' lang='lat' dir='ltr'><strong>Et</strong></span> <span class='ocrx_word' id='word_1_765' title='bbox 2425 3616 2545 3672; x_wconf 68' lang='lat' dir='ltr'><strong>qua:</strong></span> <span class='ocrx_word' id='word_1_766' title='bbox 2574 3610 2697 3656; x_wconf 92' lang='lat' dir='ltr'><strong>sunt</strong></span> <span class='ocrx_word' id='word_1_767' title='bbox 2722 3601 2913 3656; x_wconf 73' lang='lat' dir='ltr'><strong>anima:</strong></span> <span class='ocrx_word' id='word_1_768' title='bbox 2954 3599 3297 3656; x_wconf 75' lang='lat' dir='ltr'><strong>indumenta?</strong></span> <span class='ocrx_word' id='word_1_769' title='bbox 3339 3599 3695 3671; x_wconf 77' lang='lat' dir='ltr'><strong>Eleemosyna</strong></span> 
     </span>
    </p>
   </div>
   <div class='ocr_carea' id='block_1_100' title="bbox 2118 3690 3696 3771">
    <p class='ocr_par' dir='ltr' id='par_1_100' title="bbox 2118 3690 3696 3771">
     <span class='ocr_line' id='line_1_100' title="bbox 2118 3690 3696 3771; baseline -0.003 -21"><span class='ocrx_word' id='word_1_770' title='bbox 2118 3702 2173 3750; x_wconf 91' lang='lat' dir='ltr'><strong>et</strong></span> <span class='ocrx_word' id='word_1_771' title='bbox 2196 3693 2412 3763; x_wconf 85' lang='lat' dir='ltr'><strong>largitas</strong></span> <span class='ocrx_word' id='word_1_772' title='bbox 2437 3692 2488 3747; x_wconf 90' lang='lat' dir='ltr'><strong>in</strong></span> <span class='ocrx_word' id='word_1_773' title='bbox 2510 3706 2776 3771; x_wconf 85' lang='lat' dir='ltr'><strong>pauperes</strong></span> <span class='ocrx_word' id='word_1_774' title='bbox 2804 3709 2818 3745; x_wconf 90' lang='lat'><strong>:</strong></span> <span class='ocrx_word' id='word_1_775' title='bbox 2847 3690 2947 3747; x_wconf 90' lang='lat' dir='ltr'><strong>hoc</strong></span> <span class='ocrx_word' id='word_1_776' title='bbox 2980 3692 3123 3747; x_wconf 90' lang='lat' dir='ltr'><strong>enim</strong></span> <span class='ocrx_word' id='word_1_777' title='bbox 3165 3691 3454 3746; x_wconf 83' lang='lat' dir='ltr'><strong>maximum</strong></span> <span class='ocrx_word' id='word_1_778' title='bbox 3497 3693 3696 3746; x_wconf 68' lang='lat' dir='ltr'><strong>animai</strong></span> 
     </span>
    </p>
   </div>
   <div class='ocr_carea' id='block_1_101' title="bbox 2118 3783 3693 3857">
    <p class='ocr_par' dir='ltr' id='par_1_101' title="bbox 2118 3783 3693 3857">
     <span class='ocr_line' id='line_1_101' title="bbox 2118 3783 3693 3857; baseline -0.001 -18"><span class='ocrx_word' id='word_1_779' title='bbox 2118 3788 2493 3853; x_wconf 60' lang='lat' dir='ltr'><strong>vestintgntum</strong></span> <span class='ocrx_word' id='word_1_780' title='bbox 2522 3794 2623 3857; x_wconf 86' lang='lat' dir='ltr'><strong>est,</strong></span> <span class='ocrx_word' id='word_1_781' title='bbox 2650 3784 2751 3840; x_wconf 89' lang='lat' dir='ltr'><strong>hoc</strong></span> <span class='ocrx_word' id='word_1_782' title='bbox 2776 3783 3110 3855; x_wconf 89' lang='lat' dir='ltr'><strong>splendidum</strong></span> <span class='ocrx_word' id='word_1_783' title='bbox 3140 3783 3280 3839; x_wconf 90' lang='lat' dir='ltr'><strong>illius</strong></span> <span class='ocrx_word' id='word_1_784' title='bbox 3304 3783 3693 3838; x_wconf 88' lang='lat' dir='ltr'><strong>indumentum.</strong></span> 
     </span>
    </p>
   </div>
   <div class='ocr_carea' id='block_1_102' title="bbox 2121 3874 3696 3946">
    <p class='ocr_par' dir='ltr' id='par_1_102' title="bbox 2121 3874 3696 3946">
     <span class='ocr_line' id='line_1_102' title="bbox 2121 3874 3696 3946; baseline -0.004 -9"><span class='ocrx_word' id='word_1_785' title='bbox 2121 3881 2176 3937; x_wconf 89' lang='lat' dir='ltr'><strong>Si</strong></span> <span class='ocrx_word' id='word_1_786' title='bbox 2207 3889 2381 3936; x_wconf 89' lang='lat' dir='ltr'><strong>autem</strong></span> <span class='ocrx_word' id='word_1_787' title='bbox 2407 3881 2487 3935; x_wconf 90' lang='lat' dir='ltr'><strong>vis</strong></span> <span class='ocrx_word' id='word_1_788' title='bbox 2512 3892 2620 3934; x_wconf 91' lang='lat' dir='ltr'><strong>non</strong></span> <span class='ocrx_word' id='word_1_789' title='bbox 2647 3877 2818 3933; x_wconf 90' lang='lat' dir='ltr'><strong>solum</strong></span> <span class='ocrx_word' id='word_1_790' title='bbox 2848 3877 3158 3943; x_wconf 83' lang='lat' dir='ltr'><strong>vestimenta</strong></span> <span class='ocrx_word' id='word_1_791' title='bbox 3186 3892 3394 3946; x_wconf 89' lang='lat' dir='ltr'><strong>parare,</strong></span> <span class='ocrx_word' id='word_1_792' title='bbox 3426 3874 3521 3932; x_wconf 89' lang='lat' dir='ltr'><strong>sed</strong></span> <span class='ocrx_word' id='word_1_793' title='bbox 3551 3876 3696 3931; x_wconf 87' lang='lat' dir='ltr'><strong>illam</strong></span> 
     </span>
    </p>
   </div>
   <div class='ocr_carea' id='block_1_103' title="bbox 2121 3966 3699 4045">
    <p class='ocr_par' dir='ltr' id='par_1_103' title="bbox 2121 3966 3699 4045">
     <span class='ocr_line' id='line_1_103' title="bbox 2121 3966 3699 4045; baseline -0.006 -16"><span class='ocrx_word' id='word_1_794' title='bbox 2121 3988 2316 4031; x_wconf 88' lang='lat' dir='ltr'><strong>ornare</strong></span> <span class='ocrx_word' id='word_1_795' title='bbox 2340 3974 2522 4045; x_wconf 79' lang='lat' dir='ltr'><strong>etiam,</strong></span> <span class='ocrx_word' id='word_1_796' title='bbox 2553 3971 2691 4026; x_wconf 88' lang='lat' dir='ltr'><strong>sicut</strong></span> <span class='ocrx_word' id='word_1_797' title='bbox 2715 3983 2909 4040; x_wconf 85' lang='lat' dir='ltr'><strong>corpus</strong></span> <span class='ocrx_word' id='word_1_798' title='bbox 2932 3969 3094 4035; x_wconf 87' lang='lat' dir='ltr'><strong>soles,</strong></span> <span class='ocrx_word' id='word_1_799' title='bbox 3135 3982 3345 4038; x_wconf 89' lang='lat' dir='ltr'><strong>appone</strong></span> <span class='ocrx_word' id='word_1_800' title='bbox 3372 3966 3699 4035; x_wconf 86' lang='lat' dir='ltr'><strong>adjutorium</strong></span> 
     </span>
    </p>
   </div>
   <div class='ocr_carea' id='block_1_104' title="bbox 2121 4057 3698 4135">
    <p class='ocr_par' dir='ltr' id='par_1_104' title="bbox 2121 4057 3698 4135">
     <span class='ocr_line' id='line_1_104' title="bbox 2121 4057 3698 4135; baseline -0.004 -18"><span class='ocrx_word' id='word_1_801' title='bbox 2121 4063 2262 4135; x_wconf 91' lang='lat' dir='ltr'><strong>quod</strong></span> <span class='ocrx_word' id='word_1_802' title='bbox 2286 4080 2350 4119; x_wconf 80' lang='lat' dir='ltr'><strong>ex</strong></span> <span class='ocrx_word' id='word_1_803' title='bbox 2376 4060 2623 4133; x_wconf 84' lang='lat' dir='ltr'><strong>precibus</strong></span> <span class='ocrx_word' id='word_1_804' title='bbox 2643 4068 2746 4124; x_wconf 89' lang='lat' dir='ltr'><strong>est,</strong></span> <span class='ocrx_word' id='word_1_805' title='bbox 2774 4069 2826 4120; x_wconf 88' lang='lat' dir='ltr'><strong>et</strong></span> <span class='ocrx_word' id='word_1_806' title='bbox 2847 4069 3181 4130; x_wconf 78' lang='lat' dir='ltr'><strong>peccatorum</strong></span> <span class='ocrx_word' id='word_1_807' title='bbox 3204 4057 3620 4121; x_wconf 85' lang='lat' dir='ltr'><strong>confessionem,</strong></span> <span class='ocrx_word' id='word_1_808' title='bbox 3645 4066 3698 4111; x_wconf 90' lang='lat' dir='ltr'><strong>et</strong></span> 
     </span>
    </p>
   </div>
   <div class='ocr_carea' id='block_1_105' title="bbox 2122 4148 3697 4225">
    <p class='ocr_par' dir='ltr' id='par_1_105' title="bbox 2122 4148 3697 4225">
     <span class='ocr_line' id='line_1_105' title="bbox 2122 4148 3697 4225; baseline -0.004 -15"><span class='ocrx_word' id='word_1_809' title='bbox 2122 4155 2384 4211; x_wconf 89' lang='lat' dir='ltr'><strong>continuis</strong></span> <span class='ocrx_word' id='word_1_810' title='bbox 2411 4152 2654 4225; x_wconf 82' lang='lat' dir='ltr'><strong>laerymis</strong></span> <span class='ocrx_word' id='word_1_811' title='bbox 2676 4151 2863 4209; x_wconf 80' lang='lat' dir='ltr'><strong>faciem</strong></span> <span class='ocrx_word' id='word_1_812' title='bbox 2888 4159 3030 4207; x_wconf 87' lang='lat' dir='ltr'><strong>tuam</strong></span> <span class='ocrx_word' id='word_1_813' title='bbox 3053 4152 3226 4211; x_wconf 86' lang='lat' dir='ltr'><strong>lavare</strong></span> <span class='ocrx_word' id='word_1_814' title='bbox 3246 4166 3314 4206; x_wconf 90' lang='lat' dir='ltr'><strong>ne</strong></span> <span class='ocrx_word' id='word_1_815' title='bbox 3339 4164 3535 4204; x_wconf 88' lang='lat' dir='ltr'><strong>cesses.</strong></span> <span class='ocrx_word' id='word_1_816' title='bbox 3558 4148 3697 4204; x_wconf 86' lang='lat' dir='ltr'><strong>Nam</strong></span> 
     </span>
    </p>
   </div>
   <div class='ocr_carea' id='block_1_106' title="bbox 2123 4241 3696 4316">
    <p class='ocr_par' dir='ltr' id='par_1_106' title="bbox 2123 4241 3696 4316">
     <span class='ocr_line' id='line_1_106' title="bbox 2123 4241 3696 4316; baseline -0.005 -14"><span class='ocrx_word' id='word_1_817' title='bbox 2123 4248 2259 4311; x_wconf 85' lang='lat' dir='ltr'><strong>sicut</strong></span> <span class='ocrx_word' id='word_1_818' title='bbox 2284 4246 2471 4302; x_wconf 89' lang='lat' dir='ltr'><strong>faciem</strong></span> <span class='ocrx_word' id='word_1_819' title='bbox 2501 4244 2744 4316; x_wconf 89' lang='lat' dir='ltr'><strong>corporis</strong></span> <span class='ocrx_word' id='word_1_820' title='bbox 2766 4245 2843 4300; x_wconf 89' lang='lat' dir='ltr'><strong>tui</strong></span> <span class='ocrx_word' id='word_1_821' title='bbox 2860 4243 3104 4314; x_wconf 77' lang='lat' dir='ltr'><strong>quotidie</strong></span> <span class='ocrx_word' id='word_1_822' title='bbox 3141 4258 3260 4299; x_wconf 91' lang='lat' dir='ltr'><strong>cum</strong></span> <span class='ocrx_word' id='word_1_823' title='bbox 3300 4242 3444 4297; x_wconf 89' lang='lat' dir='ltr'><strong>omni</strong></span> <span class='ocrx_word' id='word_1_824' title='bbox 3490 4241 3696 4296; x_wconf 83' lang='lat' dir='ltr'><strong>sollici-</strong></span> 
     </span>
    </p>
   </div>
   <div class='ocr_carea' id='block_1_107' title="bbox 2092 4332 3701 4408">
    <p class='ocr_par' dir='ltr' id='par_1_107' title="bbox 2092 4332 3701 4408">
     <span class='ocr_line' id='line_1_107' title="bbox 2092 4332 3701 4408; baseline -0.005 -12"><span class='ocrx_word' id='word_1_825' title='bbox 2092 4340 2311 4396; x_wconf 60' lang='lat' dir='ltr'><strong>tudine</strong></span> <span class='ocrx_word' id='word_1_826' title='bbox 2329 4337 2519 4403; x_wconf 90' lang='lat' dir='ltr'><strong>abluis,</strong></span> <span class='ocrx_word' id='word_1_827' title='bbox 2552 4353 2621 4395; x_wconf 89' lang='lat' dir='ltr'><strong>ne</strong></span> <span class='ocrx_word' id='word_1_828' title='bbox 2662 4352 2766 4408; x_wconf 89' lang='lat' dir='ltr'><strong>qua</strong></span> <span class='ocrx_word' id='word_1_829' title='bbox 2797 4335 2935 4393; x_wconf 83' lang='lat' dir='ltr'><strong>forte</strong></span> <span class='ocrx_word' id='word_1_830' title='bbox 2982 4336 3184 4391; x_wconf 85' lang='lat' dir='ltr'><strong>macula</strong></span> <span class='ocrx_word' id='word_1_831' title='bbox 3225 4332 3381 4391; x_wconf 79' lang='lat' dir='ltr'><strong>faciei</strong></span> <span class='ocrx_word' id='word_1_832' title='bbox 3424 4332 3701 4388; x_wconf 57' lang='lat' dir='ltr'><strong>inhaerens</strong></span> 
     </span>
    </p>
   </div>
   <div class='ocr_carea' id='block_1_108' title="bbox 2124 4425 3699 4495">
    <p class='ocr_par' dir='ltr' id='par_1_108' title="bbox 2124 4425 3699 4495">
     <span class='ocr_line' id='line_1_108' title="bbox 2124 4425 3699 4495; baseline -0.008 -5"><span class='ocrx_word' id='word_1_833' title='bbox 2124 4433 2417 4495; x_wconf 83' lang='lat' dir='ltr'><strong>deformem</strong></span> <span class='ocrx_word' id='word_1_834' title='bbox 2462 4430 2606 4488; x_wconf 89' lang='lat' dir='ltr'><strong>illam</strong></span> <span class='ocrx_word' id='word_1_835' title='bbox 2635 4428 2823 4487; x_wconf 87' lang='lat' dir='ltr'><strong>reddat</strong></span> <span class='ocrx_word' id='word_1_836' title='bbox 2868 4446 2883 4483; x_wconf 89' lang='lat'><strong>:</strong></span> <span class='ocrx_word' id='word_1_837' title='bbox 2923 4428 3001 4484; x_wconf 90' lang='lat' dir='ltr'><strong>sic</strong></span> <span class='ocrx_word' id='word_1_838' title='bbox 3036 4438 3091 4482; x_wconf 91' lang='lat' dir='ltr'><strong>et</strong></span> <span class='ocrx_word' id='word_1_839' title='bbox 3117 4427 3306 4482; x_wconf 70' lang='lat' dir='ltr'><strong>anima:</strong></span> <span class='ocrx_word' id='word_1_840' title='bbox 3342 4440 3523 4481; x_wconf 89' lang='lat' dir='ltr'><strong>curam</strong></span> <span class='ocrx_word' id='word_1_841' title='bbox 3561 4425 3699 4489; x_wconf 76' lang='lat' dir='ltr'><strong>habe</strong></span> 
     </span>
    </p>
   </div>
   <div class='ocr_carea' id='block_1_109' title="bbox 2127 4518 3701 4598">
    <p class='ocr_par' dir='ltr' id='par_1_109' title="bbox 2127 4518 3701 4598">
     <span class='ocr_line' id='line_1_109' title="bbox 2127 4518 3701 4598; baseline -0.008 -12"><span class='ocrx_word' id='word_1_842' title='bbox 2127 4529 2347 4595; x_wconf 74' lang='lat' dir='ltr'><strong>fervidis</strong></span> <span class='ocrx_word' id='word_1_843' title='bbox 2391 4526 2625 4598; x_wconf 90' lang='lat' dir='ltr'><strong>quotidie</strong></span> <span class='ocrx_word' id='word_1_844' title='bbox 2670 4523 2918 4596; x_wconf 84' lang='lat' dir='ltr'><strong>laerymis</strong></span> <span class='ocrx_word' id='word_1_845' title='bbox 2954 4537 3074 4578; x_wconf 88' lang='lat' dir='ltr'><strong>eam</strong></span> <span class='ocrx_word' id='word_1_846' title='bbox 3118 4520 3356 4576; x_wconf 89' lang='lat' dir='ltr'><strong>abluens.</strong></span> <span class='ocrx_word' id='word_1_847' title='bbox 3403 4518 3514 4571; x_wconf 86' lang='lat' dir='ltr'><strong>liae</strong></span> <span class='ocrx_word' id='word_1_848' title='bbox 3553 4519 3701 4573; x_wconf 89' lang='lat' dir='ltr'><strong>enim</strong></span> 
     </span>
    </p>
   </div>
   <div class='ocr_carea' id='block_1_110' title="bbox 2124 4608 3699 4691">
    <p class='ocr_par' dir='ltr' id='par_1_110' title="bbox 2124 4608 3699 4691">
     <span class='ocr_line' id='line_1_110' title="bbox 2124 4608 3699 4691; baseline -0.01 -14"><span class='ocrx_word' id='word_1_849' title='bbox 2124 4636 2259 4691; x_wconf 89' lang='lat' dir='ltr'><strong>aqua</strong></span> <span class='ocrx_word' id='word_1_850' title='bbox 2280 4620 2503 4675; x_wconf 88' lang='lat' dir='ltr'><strong>maculis</strong></span> <span class='ocrx_word' id='word_1_851' title='bbox 2525 4616 2801 4687; x_wconf 90' lang='lat' dir='ltr'><strong>depositis,</strong></span> <span class='ocrx_word' id='word_1_852' title='bbox 2824 4616 2939 4684; x_wconf 83' lang='lat' dir='ltr'><strong>ejus</strong></span> <span class='ocrx_word' id='word_1_853' title='bbox 2965 4614 3126 4673; x_wconf 83' lang='lat' dir='ltr'><strong>facies</strong></span> <span class='ocrx_word' id='word_1_854' title='bbox 3151 4609 3473 4681; x_wconf 87' lang='lat' dir='ltr'><strong>splendidior</strong></span> <span class='ocrx_word' id='word_1_855' title='bbox 3496 4608 3699 4664; x_wconf 85' lang='lat' dir='ltr'><strong>evadit.</strong></span> 
     </span>
    </p>
   </div>
   <div class='ocr_carea' id='block_1_111' title="bbox 2125 4702 3700 4782">
    <p class='ocr_par' dir='ltr' id='par_1_111' title="bbox 2125 4702 3700 4782">
     <span class='ocr_line' id='line_1_111' title="bbox 2125 4702 3700 4782; baseline -0.01 -12"><span class='ocrx_word' id='word_1_856' title='bbox 2125 4714 2191 4770; x_wconf 87' lang='lat' dir='ltr'><strong>Et</strong></span> <span class='ocrx_word' id='word_1_857' title='bbox 2216 4714 2337 4782; x_wconf 85' lang='lat' dir='ltr'><strong>quia</strong></span> <span class='ocrx_word' id='word_1_858' title='bbox 2368 4711 2615 4771; x_wconf 85' lang='lat' dir='ltr'><strong>mulieres</strong></span> <span class='ocrx_word' id='word_1_859' title='bbox 2633 4710 2902 4780; x_wconf 59' lang='lat' dir='ltr'><strong>pleraque</strong></span> <span class='ocrx_word' id='word_1_860' title='bbox 2929 4706 2997 4762; x_wconf 92' lang='lat' dir='ltr'><strong>ob</strong></span> <span class='ocrx_word' id='word_1_861' title='bbox 3023 4702 3320 4769; x_wconf 83' lang='lat' dir='ltr'><strong>mollitiem,</strong></span> <span class='ocrx_word' id='word_1_862' title='bbox 3348 4702 3700 4773; x_wconf 85' lang='lat' dir='ltr'><strong>apostolicum</strong></span> 
     </span>
    </p>
   </div>
   <div class='ocr_carea' id='block_1_112' title="bbox 2126 4791 3703 4871">
    <p class='ocr_par' dir='ltr' id='par_1_112' title="bbox 2126 4791 3703 4871">
     <span class='ocr_line' id='line_1_112' title="bbox 2126 4791 3703 4871; baseline -0.008 -12"><span class='ocrx_word' id='word_1_863' title='bbox 2126 4805 2431 4871; x_wconf 85' lang='lat' dir='ltr'><strong>mandatum</strong></span> <span class='ocrx_word' id='word_1_864' title='bbox 2471 4808 2893 4866; x_wconf 86' lang='lat' dir='ltr'><strong>contemnentes,</strong></span> <span class='ocrx_word' id='word_1_865' title='bbox 2938 4812 3043 4867; x_wconf 86' lang='lat' dir='ltr'><strong>quo</strong></span> <span class='ocrx_word' id='word_1_866' title='bbox 3084 4795 3300 4867; x_wconf 75' lang='lat' dir='ltr'><strong>iubetur</strong></span> <span class='ocrx_word' id='word_1_867' title='bbox 3338 4809 3407 4857; x_wconf 84' lang='lat' dir='ltr'><strong>ne</strong></span> <span class='ocrx_word' id='word_1_868' title='bbox 3448 4791 3517 4857; x_wconf 84' lang='lat' dir='ltr'><strong>In</strong></span> <span class='ocrx_word' id='word_1_869' title='bbox 3555 4794 3703 4848; x_wconf 73' lang='lat' dir='ltr'><strong>tortis</strong></span> 
     </span>
    </p>
   </div>
   <div class='ocr_carea' id='block_1_113' title="bbox 2124 4886 3701 4959">
    <p class='ocr_par' dir='ltr' id='par_1_113' title="bbox 2124 4886 3701 4959">
     <span class='ocr_line' id='line_1_113' title="bbox 2124 4886 3701 4959; baseline -0.01 -8"><span class='ocrx_word' id='word_1_870' title='bbox 2124 4896 2366 4959; x_wconf 78' lang='lat' dir='ltr'><strong>crinibus,</strong></span> <span class='ocrx_word' id='word_1_871' title='bbox 2396 4903 2483 4946; x_wconf 73' lang='lat' dir='ltr'><strong>aut</strong></span> <span class='ocrx_word' id='word_1_872' title='bbox 2505 4906 2651 4955; x_wconf 80' lang='lat' dir='ltr'><strong>auro,</strong></span> <span class='ocrx_word' id='word_1_873' title='bbox 2676 4888 2754 4944; x_wconf 78' lang='lat' dir='ltr'><strong>vel</strong></span> <span class='ocrx_word' id='word_1_874' title='bbox 2781 4887 3089 4959; x_wconf 78' lang='lat' dir='ltr'><strong>margaritis,</strong></span> <span class='ocrx_word' id='word_1_875' title='bbox 3126 4886 3205 4940; x_wconf 72' lang='lat' dir='ltr'><strong>uel</strong></span> <span class='ocrx_word' id='word_1_876' title='bbox 3238 4894 3367 4939; x_wconf 70' lang='lat' dir='ltr'><strong>veste</strong></span> <span class='ocrx_word' id='word_1_877' title='bbox 3403 4892 3701 4952; x_wconf 76' lang='lat' dir='ltr'><strong>sumptuosa</strong></span> 
     </span>
    </p>
   </div>
   <div class='ocr_carea' id='block_1_114' title="bbox 2126 4973 3699 5054">
    <p class='ocr_par' dir='ltr' id='par_1_114' title="bbox 2126 4973 3699 5054">
     <span class='ocr_line' id='line_1_114' title="bbox 2126 4973 3699 5054; baseline -0.012 -7"><span class='ocrx_word' id='word_1_878' title='bbox 2126 5003 2187 5047; x_wconf 84' lang='lat' dir='ltr'><strong>se</strong></span> <span class='ocrx_word' id='word_1_879' title='bbox 2223 4993 2416 5043; x_wconf 91' lang='lat' dir='ltr'><strong>ornent</strong></span> <span class='ocrx_word' id='word_1_880' title='bbox 2444 4985 2520 5054; x_wconf 74' lang='grc' dir='ltr'><strong>(ι,</strong></span> <span class='ocrx_word' id='word_1_881' title='bbox 2549 4982 2683 5038; x_wconf 86' lang='lat' dir='ltr'><strong>Tim.</strong></span> <span class='ocrx_word' id='word_1_882' title='bbox 2712 4982 2767 5039; x_wconf 75' lang='grc'><strong>2.</strong></span> <span class='ocrx_word' id='word_1_883' title='bbox 2790 4980 2867 5051; x_wconf 87' lang='lat'><strong>9),</strong></span> <span class='ocrx_word' id='word_1_884' title='bbox 2915 4994 3107 5051; x_wconf 86' lang='lat' dir='ltr'><strong>magno</strong></span> <span class='ocrx_word' id='word_1_885' title='bbox 3153 4976 3255 5043; x_wconf 84' lang='lat' dir='ltr'><strong>hoc</strong></span> <span class='ocrx_word' id='word_1_886' title='bbox 3291 4973 3417 5041; x_wconf 79' lang='lat' dir='ltr'><strong>luxu</strong></span> <span class='ocrx_word' id='word_1_887' title='bbox 3465 4974 3699 5040; x_wconf 77' lang='lat' dir='ltr'><strong>faciunt;</strong></span> 
     </span>
    </p>
   </div>
   <div class='ocr_carea' id='block_1_115' title="bbox 2126 5067 3701 5151">
    <p class='ocr_par' dir='ltr' id='par_1_115' title="bbox 2126 5067 3701 5151">
     <span class='ocr_line' id='line_1_115' title="bbox 2126 5067 3701 5151; baseline -0.011 -14"><span class='ocrx_word' id='word_1_888' title='bbox 2126 5095 2297 5151; x_wconf 90' lang='lat' dir='ltr'><strong>neque</strong></span> <span class='ocrx_word' id='word_1_889' title='bbox 2334 5076 2582 5135; x_wconf 87' lang='lat' dir='ltr'><strong>mulieres</strong></span> <span class='ocrx_word' id='word_1_890' title='bbox 2613 5084 2836 5139; x_wconf 83' lang='lat' dir='ltr'><strong>tantum,</strong></span> <span class='ocrx_word' id='word_1_891' title='bbox 2883 5072 2977 5128; x_wconf 90' lang='lat' dir='ltr'><strong>sed</strong></span> <span class='ocrx_word' id='word_1_892' title='bbox 3020 5080 3074 5127; x_wconf 92' lang='lat' dir='ltr'><strong>et</strong></span> <span class='ocrx_word' id='word_1_893' title='bbox 3118 5070 3214 5125; x_wconf 88' lang='lat' dir='ltr'><strong>viri</strong></span> <span class='ocrx_word' id='word_1_894' title='bbox 3243 5067 3463 5139; x_wconf 89' lang='lat' dir='ltr'><strong>quilibet</strong></span> <span class='ocrx_word' id='word_1_895' title='bbox 3507 5067 3701 5123; x_wconf 87' lang='lat' dir='ltr'><strong>molles</strong></span> 
     </span>
    </p>
   </div>
   <div class='ocr_carea' id='block_1_116' title="bbox 2128 5158 3696 5228">
    <p class='ocr_par' dir='ltr' id='par_1_116' title="bbox 2128 5158 3696 5228">
     <span class='ocr_line' id='line_1_116' title="bbox 2128 5158 3696 5228; baseline -0.01 -2"><span class='ocrx_word' id='word_1_896' title='bbox 2128 5174 2323 5228; x_wconf 88' lang='lat' dir='ltr'><strong>vilibus</strong></span> <span class='ocrx_word' id='word_1_897' title='bbox 2370 5166 2695 5223; x_wconf 88' lang='lat' dir='ltr'><strong>mulierculis</strong></span> <span class='ocrx_word' id='word_1_898' title='bbox 2728 5164 2929 5225; x_wconf 85' lang='lat' dir='ltr'><strong>similes</strong></span> <span class='ocrx_word' id='word_1_899' title='bbox 2970 5162 3120 5225; x_wconf 83' lang='lat' dir='ltr'><strong>fiunt,</strong></span> <span class='ocrx_word' id='word_1_900' title='bbox 3151 5160 3374 5215; x_wconf 87' lang='lat' dir='ltr'><strong>annulos</strong></span> <span class='ocrx_word' id='word_1_901' title='bbox 3397 5158 3576 5228; x_wconf 88' lang='lat' dir='ltr'><strong>digitis</strong></span> <span class='ocrx_word' id='word_1_902' title='bbox 3605 5172 3696 5224; x_wconf 65' lang='grc' dir='ltr'><strong>κει</strong></span> 
     </span>
    </p>
   </div>
   <div class='ocr_carea' id='block_1_117' title="bbox 2127 5247 3703 5330">
    <p class='ocr_par' dir='ltr' id='par_1_117' title="bbox 2127 5247 3703 5330">
     <span class='ocr_line' id='line_1_117' title="bbox 2127 5247 3703 5330; baseline -0.011 -10"><span class='ocrx_word' id='word_1_903' title='bbox 2127 5275 2286 5328; x_wconf 89' lang='lat' dir='ltr'><strong>stant,</strong></span> <span class='ocrx_word' id='word_1_904' title='bbox 2315 5272 2369 5318; x_wconf 90' lang='lat' dir='ltr'><strong>et</strong></span> <span class='ocrx_word' id='word_1_905' title='bbox 2393 5259 2595 5330; x_wconf 88' lang='lat' dir='ltr'><strong>magnis</strong></span> <span class='ocrx_word' id='word_1_906' title='bbox 2618 5257 2972 5328; x_wconf 87' lang='lat' dir='ltr'><strong>gravibusque</strong></span> <span class='ocrx_word' id='word_1_907' title='bbox 2998 5251 3260 5322; x_wconf 83' lang='lat' dir='ltr'><strong>lapidibus</strong></span> <span class='ocrx_word' id='word_1_908' title='bbox 3297 5265 3355 5304; x_wconf 87' lang='lat' dir='ltr'><strong>se</strong></span> <span class='ocrx_word' id='word_1_909' title='bbox 3382 5256 3599 5314; x_wconf 87' lang='lat' dir='ltr'><strong>ornant,</strong></span> <span class='ocrx_word' id='word_1_910' title='bbox 3633 5247 3703 5303; x_wconf 89' lang='lat' dir='ltr'><strong>de</strong></span> 
     </span>
    </p>
   </div>
   <div class='ocr_carea' id='block_1_118' title="bbox 2128 5340 3701 5426">
    <p class='ocr_par' dir='ltr' id='par_1_118' title="bbox 2128 5340 3701 5426">
     <span class='ocr_line' id='line_1_118' title="bbox 2128 5340 3701 5426; baseline -0.012 -15"><span class='ocrx_word' id='word_1_911' title='bbox 2128 5356 2318 5426; x_wconf 90' lang='lat' dir='ltr'><strong>quibus</strong></span> <span class='ocrx_word' id='word_1_912' title='bbox 2346 5353 2665 5407; x_wconf 87' lang='lat' dir='ltr'><strong>erubescere</strong></span> <span class='ocrx_word' id='word_1_913' title='bbox 2686 5354 2959 5419; x_wconf 89' lang='lat' dir='ltr'><strong>oporteret</strong></span> <span class='ocrx_word' id='word_1_914' title='bbox 2997 5361 3013 5400; x_wconf 91' lang='lat'><strong>:</strong></span> <span class='ocrx_word' id='word_1_915' title='bbox 3058 5353 3112 5398; x_wconf 90' lang='lat' dir='ltr'><strong>et</strong></span> <span class='ocrx_word' id='word_1_916' title='bbox 3140 5343 3245 5397; x_wconf 64' lang='lat' dir='ltr'><strong>illa:</strong></span> <span class='ocrx_word' id='word_1_917' title='bbox 3272 5356 3399 5413; x_wconf 88' lang='lat' dir='ltr'><strong>ergo</strong></span> <span class='ocrx_word' id='word_1_918' title='bbox 3440 5347 3496 5395; x_wconf 89' lang='lat' dir='ltr'><strong>et</strong></span> <span class='ocrx_word' id='word_1_919' title='bbox 3524 5340 3609 5404; x_wconf 88' lang='lat' dir='ltr'><strong>hi,</strong></span> <span class='ocrx_word' id='word_1_920' title='bbox 3656 5340 3701 5393; x_wconf 88' lang='lat' dir='ltr'><strong>si</strong></span> 
     </span>
    </p>
   </div>
   <div class='ocr_carea' id='block_1_119' title="bbox 2127 5432 3702 5517">
    <p class='ocr_par' dir='ltr' id='par_1_119' title="bbox 2127 5432 3702 5517">
     <span class='ocr_line' id='line_1_119' title="bbox 2127 5432 3702 5517; baseline -0.012 -13"><span class='ocrx_word' id='word_1_921' title='bbox 2127 5449 2260 5505; x_wconf 90' lang='lat' dir='ltr'><strong>meis</strong></span> <span class='ocrx_word' id='word_1_922' title='bbox 2290 5454 2538 5517; x_wconf 87' lang='lat' dir='ltr'><strong>parerent</strong></span> <span class='ocrx_word' id='word_1_923' title='bbox 2581 5441 2933 5505; x_wconf 88' lang='lat' dir='ltr'><strong>sermonibus,</strong></span> <span class='ocrx_word' id='word_1_924' title='bbox 2979 5451 3138 5495; x_wconf 85' lang='lat' dir='ltr'><strong>aurea</strong></span> <span class='ocrx_word' id='word_1_925' title='bbox 3181 5435 3314 5500; x_wconf 75' lang='lat' dir='ltr'><strong>hzec,</strong></span> <span class='ocrx_word' id='word_1_926' title='bbox 3347 5448 3464 5504; x_wconf 77' lang='lat' dir='ltr'><strong>qua:</strong></span> <span class='ocrx_word' id='word_1_927' title='bbox 3491 5446 3547 5487; x_wconf 82' lang='lat' dir='ltr'><strong>et</strong></span> <span class='ocrx_word' id='word_1_928' title='bbox 3572 5432 3702 5485; x_wconf 87' lang='lat' dir='ltr'><strong>viris</strong></span> 
     </span>
    </p>
   </div>
   <div class='ocr_carea' id='block_1_120' title="bbox 2128 5526 3690 5599">
    <p class='ocr_par' dir='ltr' id='par_1_120' title="bbox 2128 5526 3690 5599">
     <span class='ocr_line' id='line_1_120' title="bbox 2128 5526 3690 5599; baseline -0.014 0"><span class='ocrx_word' id='word_1_929' title='bbox 2128 5552 2181 5599; x_wconf 90' lang='lat' dir='ltr'><strong>et</strong></span> <span class='ocrx_word' id='word_1_930' title='bbox 2208 5539 2515 5596; x_wconf 85' lang='lat' dir='ltr'><strong>mulieribus</strong></span> <span class='ocrx_word' id='word_1_931' title='bbox 2531 5536 2783 5592; x_wconf 84' lang='lat' dir='ltr'><strong>damnosa</strong></span> <span class='ocrx_word' id='word_1_932' title='bbox 2807 5543 2950 5597; x_wconf 89' lang='lat' dir='ltr'><strong>sunt,</strong></span> <span class='ocrx_word' id='word_1_933' title='bbox 2975 5532 3026 5585; x_wconf 91' lang='lat' dir='ltr'><strong>in</strong></span> <span class='ocrx_word' id='word_1_934' title='bbox 3050 5538 3293 5584; x_wconf 88' lang='lat' dir='ltr'><strong>ornatum</strong></span> <span class='ocrx_word' id='word_1_935' title='bbox 3313 5526 3503 5581; x_wconf 68' lang='lat' dir='ltr'><strong>animae</strong></span> <span class='ocrx_word' id='word_1_936' title='bbox 3530 5534 3690 5579; x_wconf 77' lang='lat' dir='ltr'><strong>trans-</strong></span> 
     </span>
    </p>
   </div>
   <div class='ocr_carea' id='block_1_121' title="bbox 2129 5616 3699 5697">
    <p class='ocr_par' dir='ltr' id='par_1_121' title="bbox 2129 5616 3699 5697">
     <span class='ocr_line' id='line_1_121' title="bbox 2129 5616 3699 5697; baseline -0.015 -6"><span class='ocrx_word' id='word_1_937' title='bbox 2129 5638 2347 5697; x_wconf 85' lang='lat' dir='ltr'><strong>ferrent,</strong></span> <span class='ocrx_word' id='word_1_938' title='bbox 2380 5642 2435 5687; x_wconf 87' lang='lat' dir='ltr'><strong>et</strong></span> <span class='ocrx_word' id='word_1_939' title='bbox 2462 5631 2578 5685; x_wconf 92' lang='lat' dir='ltr'><strong>istis</strong></span> <span class='ocrx_word' id='word_1_940' title='bbox 2608 5629 2747 5683; x_wconf 88' lang='lat' dir='ltr'><strong>illam</strong></span> <span class='ocrx_word' id='word_1_941' title='bbox 2774 5625 3114 5683; x_wconf 73' lang='lat' dir='ltr'><strong>adornarent.</strong></span> <span class='ocrx_word' id='word_1_942' title='bbox 3152 5620 3282 5676; x_wconf 85' lang='lat' dir='ltr'><strong>Nam</strong></span> <span class='ocrx_word' id='word_1_943' title='bbox 3310 5618 3450 5675; x_wconf 87' lang='lat' dir='ltr'><strong>sicut</strong></span> <span class='ocrx_word' id='word_1_944' title='bbox 3487 5616 3699 5686; x_wconf 84' lang='lat' dir='ltr'><strong>corpori</strong></span> 
     </span>
    </p>
   </div>
   <div class='ocr_carea' id='block_1_122' title="bbox 2137 5709 3700 5791">
    <p class='ocr_par' dir='ltr' id='par_1_122' title="bbox 2137 5709 3700 5791">
     <span class='ocr_line' id='line_1_122' title="bbox 2137 5709 3700 5791; baseline -0.014 -8"><span class='ocrx_word' id='word_1_945' title='bbox 2137 5724 2526 5791; x_wconf 87' lang='lat' dir='ltr'><strong>circumposita,</strong></span> <span class='ocrx_word' id='word_1_946' title='bbox 2573 5720 2780 5777; x_wconf 87' lang='lat' dir='ltr'><strong>etiamsi</strong></span> <span class='ocrx_word' id='word_1_947' title='bbox 2807 5719 3097 5779; x_wconf 85' lang='lat' dir='ltr'><strong>formosum</strong></span> <span class='ocrx_word' id='word_1_948' title='bbox 3126 5714 3213 5780; x_wconf 87' lang='lat' dir='ltr'><strong>sit,</strong></span> <span class='ocrx_word' id='word_1_949' title='bbox 3260 5712 3429 5784; x_wconf 86' lang='lat' dir='ltr'><strong>ipsum</strong></span> <span class='ocrx_word' id='word_1_950' title='bbox 3459 5709 3700 5766; x_wconf 83' lang='lat' dir='ltr'><strong>deforme</strong></span> 
     </span>
    </p>
   </div>
  </div>
