  <div class='ocr_page' id='page_1' title='image "/cluster/home/n/w/nwhite01/storage/ocr_20150623/53-54/hvd.32044012465829/184.png"; bbox 0 0 3804 6242; ppageno 0'>
   <div class='ocr_carea' id='block_1_1' title="bbox 46 136 148 191">
    <p class='ocr_par' dir='ltr' id='par_1_1' title="bbox 46 136 148 191">
     <span class='ocr_line' id='line_1_1' title="bbox 46 136 148 191; baseline 0.02 -2"><span class='ocrx_word' id='word_1_1' title='bbox 46 136 148 191; x_wconf 76' lang='grc'>183</span> 
     </span>
    </p>
   </div>
   <div class='ocr_carea' id='block_1_2' title="bbox 40 250 1735 336">
    <p class='ocr_par' dir='ltr' id='par_1_2' title="bbox 40 250 1735 336">
     <span class='ocr_line' id='line_1_2' title="bbox 40 250 1735 336; baseline 0.009 -33"><span class='ocrx_word' id='word_1_2' title='bbox 40 253 143 304; x_wconf 78' lang='grc' dir='ltr'>δων</span> <span class='ocrx_word' id='word_1_3' title='bbox 191 250 559 323; x_wconf 79' lang='grc' dir='ltr'>ἐπιμέλειαν,</span> <span class='ocrx_word' id='word_1_4' title='bbox 590 255 728 326; x_wconf 87' lang='grc' dir='ltr'>μήτε</span> <span class='ocrx_word' id='word_1_5' title='bbox 770 256 898 312; x_wconf 84' lang='grc' dir='ltr'>ἀλλο</span> <span class='ocrx_word' id='word_1_6' title='bbox 938 258 1103 331; x_wconf 83' lang='grc' dir='ltr'>μηδὲν</span> <span class='ocrx_word' id='word_1_7' title='bbox 1155 263 1606 336; x_wconf 80' lang='grc' dir='ltr'>προσαλλώμεθα,</span> <span class='ocrx_word' id='word_1_8' title='bbox 1639 268 1735 320; x_wconf 77' lang='grc' dir='ltr'>καὶ</span> 
     </span>
    </p>
   </div>
   <div class='ocr_carea' id='block_1_3' title="bbox 38 343 1735 429">
    <p class='ocr_par' dir='ltr' id='par_1_3' title="bbox 38 343 1735 429">
     <span class='ocr_line' id='line_1_3' title="bbox 38 343 1735 429; baseline 0.011 -35"><span class='ocrx_word' id='word_1_9' title='bbox 38 343 379 414; x_wconf 84' lang='grc' dir='ltr'>νομίσωμεν</span> <span class='ocrx_word' id='word_1_10' title='bbox 405 346 602 416; x_wconf 87' lang='grc' dir='ltr'>ἀρκεῖν</span> <span class='ocrx_word' id='word_1_11' title='bbox 638 349 773 418; x_wconf 85' lang='grc' dir='ltr'>ήμῖν</span> <span class='ocrx_word' id='word_1_12' title='bbox 801 351 881 413; x_wconf 88' lang='grc' dir='ltr'>είς</span> <span class='ocrx_word' id='word_1_13' title='bbox 906 351 1199 419; x_wconf 89' lang='grc' dir='ltr'>ἀπολογίαν</span> <span class='ocrx_word' id='word_1_14' title='bbox 1223 355 1319 409; x_wconf 90' lang='grc' dir='ltr'>τοῦ</span> <span class='ocrx_word' id='word_1_15' title='bbox 1353 356 1614 429; x_wconf 78' lang='grc' dir='ltr'>ῥᾳθύμως</span> <span class='ocrx_word' id='word_1_16' title='bbox 1641 361 1735 413; x_wconf 74' lang='grc' dir='ltr'>καὶ</span> 
     </span>
    </p>
   </div>
   <div class='ocr_carea' id='block_1_4' title="bbox 38 429 1734 516">
    <p class='ocr_par' dir='ltr' id='par_1_4' title="bbox 38 429 1734 516">
     <span class='ocr_line' id='line_1_4' title="bbox 38 429 1734 516; baseline 0.012 -36"><span class='ocrx_word' id='word_1_17' title='bbox 38 429 429 500; x_wconf 75' lang='grc' dir='ltr'>ἠμελημένως</span> <span class='ocrx_word' id='word_1_18' title='bbox 476 434 596 504; x_wconf 81' lang='grc' dir='ltr'>ζῇν,</span> <span class='ocrx_word' id='word_1_19' title='bbox 645 435 778 505; x_wconf 84' lang='grc' dir='ltr'>μηδὲ</span> <span class='ocrx_word' id='word_1_20' title='bbox 829 437 897 491; x_wconf 87' lang='grc' dir='ltr'>τὰ</span> <span class='ocrx_word' id='word_1_21' title='bbox 931 438 1113 511; x_wconf 83' lang='grc' dir='ltr'>ψυχρά</span> <span class='ocrx_word' id='word_1_22' title='bbox 1148 443 1332 498; x_wconf 86' lang='grc' dir='ltr'>ἐκεῖνα</span> <span class='ocrx_word' id='word_1_23' title='bbox 1364 446 1458 498; x_wconf 82' lang='grc' dir='ltr'>καὶ</span> <span class='ocrx_word' id='word_1_24' title='bbox 1501 447 1734 516; x_wconf 89' lang='grc' dir='ltr'>ἀνόνητα</span> 
     </span>
    </p>
   </div>
   <div class='ocr_carea' id='block_1_5' title="bbox 38 518 1736 603">
    <p class='ocr_par' dir='ltr' id='par_1_5' title="bbox 38 518 1736 603">
     <span class='ocr_line' id='line_1_5' title="bbox 38 518 1736 603; baseline 0.012 -36"><span class='ocrx_word' id='word_1_25' title='bbox 38 518 265 586; x_wconf 76' lang='grc' dir='ltr'>ῥήματα</span> <span class='ocrx_word' id='word_1_26' title='bbox 299 520 702 592; x_wconf 80' lang='grc' dir='ltr'>προφέρωμεν,</span> <span class='ocrx_word' id='word_1_27' title='bbox 738 524 831 577; x_wconf 74' lang='grc' dir='ltr'>καὶ</span> <span class='ocrx_word' id='word_1_28' title='bbox 859 524 1107 597; x_wconf 85' lang='grc' dir='ltr'>λέγωμεν</span> <span class='ocrx_word' id='word_1_29' title='bbox 1129 543 1142 558; x_wconf 78' lang='grc'><strong>⁸</strong></span> <span class='ocrx_word' id='word_1_30' title='bbox 1184 532 1445 599; x_wconf 87' lang='grc' dir='ltr'>κοσμικός</span> <span class='ocrx_word' id='word_1_31' title='bbox 1478 536 1611 602; x_wconf 84' lang='grc' dir='ltr'>εἰμι,</span> <span class='ocrx_word' id='word_1_32' title='bbox 1639 552 1736 603; x_wconf 93' lang='grc' dir='ltr'>γυ-</span> 
     </span>
    </p>
   </div>
   <div class='ocr_carea' id='block_1_6' title="bbox 37 604 1735 687">
    <p class='ocr_par' dir='ltr' id='par_1_6' title="bbox 37 604 1735 687">
     <span class='ocr_line' id='line_1_6' title="bbox 37 604 1735 687; baseline 0.012 -33"><span class='ocrx_word' id='word_1_33' title='bbox 37 607 195 656; x_wconf 81' lang='grc' dir='ltr'>ναῖκα</span> <span class='ocrx_word' id='word_1_34' title='bbox 227 604 382 674; x_wconf 75' lang='grc' dir='ltr'>ἔχω,</span> <span class='ocrx_word' id='word_1_35' title='bbox 426 608 523 659; x_wconf 78' lang='grc' dir='ltr'>καὶ</span> <span class='ocrx_word' id='word_1_36' title='bbox 554 609 757 663; x_wconf 87' lang='grc' dir='ltr'>τέκνων</span> <span class='ocrx_word' id='word_1_37' title='bbox 783 614 1040 680; x_wconf 80' lang='grc' dir='ltr'>φροντίδα</span> <span class='ocrx_word' id='word_1_38' title='bbox 1086 616 1358 687; x_wconf 80' lang='grc' dir='ltr'>ποιοῦμαι.</span> <span class='ocrx_word' id='word_1_39' title='bbox 1414 618 1595 673; x_wconf 89' lang='grc' dir='ltr'>Ταῦτα</span> <span class='ocrx_word' id='word_1_40' title='bbox 1622 624 1735 686; x_wconf 90' lang='grc' dir='ltr'>τοῖς</span> 
     </span>
    </p>
   </div>
   <div class='ocr_carea' id='block_1_7' title="bbox 40 693 1732 777">
    <p class='ocr_par' dir='ltr' id='par_1_7' title="bbox 40 693 1732 777">
     <span class='ocr_line' id='line_1_7' title="bbox 40 693 1732 777; baseline 0.011 -34"><span class='ocrx_word' id='word_1_41' title='bbox 40 693 290 745; x_wconf 72' lang='grc' dir='ltr'>πλείοσιν</span> <span class='ocrx_word' id='word_1_42' title='bbox 327 693 458 757; x_wconf 78' lang='grc' dir='ltr'>ἔθος</span> <span class='ocrx_word' id='word_1_43' title='bbox 489 696 692 763; x_wconf 90' lang='grc' dir='ltr'>λέγειν,</span> <span class='ocrx_word' id='word_1_44' title='bbox 738 699 954 754; x_wconf 80' lang='grc' dir='ltr'>ἐπειδὰν</span> <span class='ocrx_word' id='word_1_45' title='bbox 992 703 1187 767; x_wconf 78' lang='grc' dir='ltr'>αὐτοὺς</span> <span class='ocrx_word' id='word_1_46' title='bbox 1215 707 1617 777; x_wconf 78' lang='grc' dir='ltr'>παρακαλῶμεν</span> <span class='ocrx_word' id='word_1_47' title='bbox 1652 712 1732 773; x_wconf 82' lang='grc' dir='ltr'>εἰς</span> 
     </span>
    </p>
   </div>
   <div class='ocr_carea' id='block_1_8' title="bbox 38 780 1732 867">
    <p class='ocr_par' dir='ltr' id='par_1_8' title="bbox 38 780 1732 867">
     <span class='ocr_line' id='line_1_8' title="bbox 38 780 1732 867; baseline 0.012 -36"><span class='ocrx_word' id='word_1_48' title='bbox 38 781 158 843; x_wconf 69' lang='grc' dir='ltr'>τοὺς</span> <span class='ocrx_word' id='word_1_49' title='bbox 192 780 355 853; x_wconf 72' lang='grc' dir='ltr'>ὑπὲρ</span> <span class='ocrx_word' id='word_1_50' title='bbox 390 785 493 852; x_wconf 88' lang='grc' dir='ltr'>τῆς</span> <span class='ocrx_word' id='word_1_51' title='bbox 524 785 722 854; x_wconf 75' lang='grc' dir='ltr'>ἀρετῆς</span> <span class='ocrx_word' id='word_1_52' title='bbox 752 788 966 852; x_wconf 81' lang='grc' dir='ltr'>πόνους,</span> <span class='ocrx_word' id='word_1_53' title='bbox 1006 790 1037 860; x_wconf 80' lang='grc' dir='ltr'>ἢ</span> <span class='ocrx_word' id='word_1_54' title='bbox 1072 791 1200 861; x_wconf 71' lang='grc' dir='ltr'>περὶ</span> <span class='ocrx_word' id='word_1_55' title='bbox 1232 794 1331 863; x_wconf 82' lang='grc' dir='ltr'>τὴν</span> <span class='ocrx_word' id='word_1_56' title='bbox 1364 795 1471 848; x_wconf 93' lang='grc' dir='ltr'>τῶν</span> <span class='ocrx_word' id='word_1_57' title='bbox 1500 797 1732 867; x_wconf 88' lang='grc' dir='ltr'>Γραφῶν</span> 
     </span>
    </p>
   </div>
   <div class='ocr_carea' id='block_1_9' title="bbox 39 868 1732 952">
    <p class='ocr_par' dir='ltr' id='par_1_9' title="bbox 39 868 1732 952">
     <span class='ocr_line' id='line_1_9' title="bbox 39 868 1732 952; baseline 0.012 -33"><span class='ocrx_word' id='word_1_58' title='bbox 39 868 368 935; x_wconf 81' lang='grc' dir='ltr'>ἀνάγνωσιν</span> <span class='ocrx_word' id='word_1_59' title='bbox 430 870 631 943; x_wconf 84' lang='grc' dir='ltr'>πολλὴν</span> <span class='ocrx_word' id='word_1_60' title='bbox 685 874 957 929; x_wconf 88' lang='grc' dir='ltr'>ποιεῖσθαι</span> <span class='ocrx_word' id='word_1_61' title='bbox 995 878 1094 948; x_wconf 80' lang='grc' dir='ltr'>τὴν</span> <span class='ocrx_word' id='word_1_62' title='bbox 1129 881 1384 952; x_wconf 85' lang='grc' dir='ltr'>σπουδήν.</span> <span class='ocrx_word' id='word_1_63' title='bbox 1438 884 1551 936; x_wconf 85' lang='grc' dir='ltr'>Ούκ</span> <span class='ocrx_word' id='word_1_64' title='bbox 1584 885 1732 939; x_wconf 76' lang='grc' dir='ltr'>ἐστιν</span> 
     </span>
    </p>
   </div>
   <div class='ocr_carea' id='block_1_10' title="bbox 37 956 1731 1043">
    <p class='ocr_par' dir='ltr' id='par_1_10' title="bbox 37 956 1731 1043">
     <span class='ocr_line' id='line_1_10' title="bbox 37 956 1731 1043; baseline 0.013 -37"><span class='ocrx_word' id='word_1_65' title='bbox 37 956 164 1021; x_wconf 69' lang='grc' dir='ltr'>ἐμὸν</span> <span class='ocrx_word' id='word_1_66' title='bbox 188 957 394 1018; x_wconf 83' lang='grc' dir='ltr'>τοῦτο,</span> <span class='ocrx_word' id='word_1_67' title='bbox 423 960 561 1029; x_wconf 86' lang='grc' dir='ltr'>φησί</span> <span class='ocrx_word' id='word_1_68' title='bbox 578 978 590 989; x_wconf 88' lang='grc'><strong>·</strong></span> <span class='ocrx_word' id='word_1_69' title='bbox 645 960 718 1031; x_wconf 80' lang='grc' dir='ltr'>μὴ</span> <span class='ocrx_word' id='word_1_70' title='bbox 745 962 854 1032; x_wconf 82' lang='grc' dir='ltr'>γὰρ</span> <span class='ocrx_word' id='word_1_71' title='bbox 876 964 1236 1037; x_wconf 84' lang='grc' dir='ltr'>ἀπεταξάμην</span> <span class='ocrx_word' id='word_1_72' title='bbox 1260 984 1276 1035; x_wconf 88' lang='lat'><strong>;</strong></span> <span class='ocrx_word' id='word_1_73' title='bbox 1316 970 1389 1039; x_wconf 80' lang='grc' dir='ltr'>μή</span> <span class='ocrx_word' id='word_1_74' title='bbox 1419 970 1527 1043; x_wconf 81' lang='grc' dir='ltr'>γὰρ</span> <span class='ocrx_word' id='word_1_75' title='bbox 1565 991 1731 1042; x_wconf 78' lang='grc' dir='ltr'>μοναο</span> 
     </span>
    </p>
   </div>
   <div class='ocr_carea' id='block_1_11' title="bbox 36 1045 1726 1127">
    <p class='ocr_par' dir='ltr' id='par_1_11' title="bbox 36 1045 1726 1127">
     <span class='ocr_line' id='line_1_11' title="bbox 36 1045 1726 1127; baseline 0.013 -34"><span class='ocrx_word' id='word_1_76' title='bbox 36 1045 122 1110; x_wconf 78' lang='grc' dir='ltr'>χός</span> <span class='ocrx_word' id='word_1_77' title='bbox 154 1045 318 1114; x_wconf 76' lang='grc' dir='ltr'>εῖμις</span> <span class='ocrx_word' id='word_1_78' title='bbox 357 1046 423 1098; x_wconf 93' lang='grc' dir='ltr'>Τί</span> <span class='ocrx_word' id='word_1_79' title='bbox 459 1046 658 1114; x_wconf 87' lang='grc' dir='ltr'>λέγεις,</span> <span class='ocrx_word' id='word_1_80' title='bbox 696 1047 990 1119; x_wconf 82' lang='grc' dir='ltr'>ἀνθρωπε;</span> <span class='ocrx_word' id='word_1_81' title='bbox 1032 1054 1291 1119; x_wconf 87' lang='grc' dir='ltr'>Ἔκείνοις</span> <span class='ocrx_word' id='word_1_82' title='bbox 1315 1057 1499 1127; x_wconf 90' lang='grc' dir='ltr'>μόνοις</span> <span class='ocrx_word' id='word_1_83' title='bbox 1526 1062 1726 1115; x_wconf 88' lang='grc' dir='ltr'>ἀποκε-</span> 
     </span>
    </p>
   </div>
   <div class='ocr_carea' id='block_1_12' title="bbox 32 1130 1728 1215">
    <p class='ocr_par' dir='ltr' id='par_1_12' title="bbox 32 1130 1728 1215">
     <span class='ocr_line' id='line_1_12' title="bbox 32 1130 1728 1215; baseline 0.014 -36"><span class='ocrx_word' id='word_1_84' title='bbox 32 1130 327 1198; x_wconf 73' lang='grc' dir='ltr'>κλήρωται</span> <span class='ocrx_word' id='word_1_85' title='bbox 360 1132 423 1184; x_wconf 84' lang='grc' dir='ltr'>τὸ</span> <span class='ocrx_word' id='word_1_86' title='bbox 441 1133 544 1202; x_wconf 82' lang='grc' dir='ltr'>τῆς</span> <span class='ocrx_word' id='word_1_87' title='bbox 573 1135 711 1203; x_wconf 76' lang='grc' dir='ltr'>πρὸς</span> <span class='ocrx_word' id='word_1_88' title='bbox 741 1135 833 1189; x_wconf 85' lang='grc' dir='ltr'>τὸν</span> <span class='ocrx_word' id='word_1_89' title='bbox 861 1137 994 1192; x_wconf 80' lang='grc' dir='ltr'>Θεὸν</span> <span class='ocrx_word' id='word_1_90' title='bbox 1025 1140 1433 1215; x_wconf 81' lang='grc' dir='ltr'>εύαρεστήσεως</span> <span class='ocrx_word' id='word_1_91' title='bbox 1465 1162 1479 1209; x_wconf 90' lang='lat'><strong>;</strong></span> <span class='ocrx_word' id='word_1_92' title='bbox 1512 1147 1728 1213; x_wconf 84' lang='grc' dir='ltr'>Πάντας</span> 
     </span>
    </p>
   </div>
   <div class='ocr_carea' id='block_1_13' title="bbox 37 1215 1727 1304">
    <p class='ocr_par' dir='ltr' id='par_1_13' title="bbox 37 1215 1727 1304">
     <span class='ocr_line' id='line_1_13' title="bbox 37 1215 1727 1304; baseline 0.013 -37"><span class='ocrx_word' id='word_1_93' title='bbox 37 1215 178 1287; x_wconf 71' lang='lat'>[199]</span> <span class='ocrx_word' id='word_1_94' title='bbox 207 1218 555 1288; x_wconf 80' lang='grc' dir='ltr'>ἀνθρώπους</span> <span class='ocrx_word' id='word_1_95' title='bbox 581 1221 721 1274; x_wconf 88' lang='grc' dir='ltr'>θέλει</span> <span class='ocrx_word' id='word_1_96' title='bbox 757 1224 1015 1292; x_wconf 81' lang='grc' dir='ltr'>σωθῆναι,</span> <span class='ocrx_word' id='word_1_97' title='bbox 1044 1228 1137 1280; x_wconf 77' lang='grc' dir='ltr'>καὶ</span> <span class='ocrx_word' id='word_1_98' title='bbox 1171 1230 1249 1292; x_wconf 89' lang='grc' dir='ltr'>είς</span> <span class='ocrx_word' id='word_1_99' title='bbox 1277 1231 1570 1298; x_wconf 77' lang='grc' dir='ltr'>ἐπίγνωσιν</span> <span class='ocrx_word' id='word_1_100' title='bbox 1599 1234 1727 1304; x_wconf 86' lang='grc' dir='ltr'>ἀλη-</span> 
     </span>
    </p>
   </div>
   <div class='ocr_carea' id='block_1_14' title="bbox 39 1304 1727 1386">
    <p class='ocr_par' dir='ltr' id='par_1_14' title="bbox 39 1304 1727 1386">
     <span class='ocr_line' id='line_1_14' title="bbox 39 1304 1727 1386; baseline 0.012 -31"><span class='ocrx_word' id='word_1_101' title='bbox 39 1304 181 1367; x_wconf 78' lang='grc' dir='ltr'>θείας</span> <span class='ocrx_word' id='word_1_102' title='bbox 214 1305 432 1369; x_wconf 80' lang='grc' dir='ltr'>ἐλθεῖν,</span> <span class='ocrx_word' id='word_1_103' title='bbox 460 1308 554 1361; x_wconf 71' lang='grc' dir='ltr'>καὶ</span> <span class='ocrx_word' id='word_1_104' title='bbox 583 1310 771 1363; x_wconf 82' lang='grc' dir='ltr'>οὐδένα</span> <span class='ocrx_word' id='word_1_105' title='bbox 794 1310 1037 1379; x_wconf 87' lang='grc' dir='ltr'>βούλεται</span> <span class='ocrx_word' id='word_1_106' title='bbox 1062 1315 1261 1385; x_wconf 84' lang='grc' dir='ltr'>ἀρετῆς</span> <span class='ocrx_word' id='word_1_107' title='bbox 1279 1318 1727 1386; x_wconf 82' lang='grc' dir='ltr'>ἀμελεῖν.¹’Ᾱκουε</span> 
     </span>
    </p>
   </div>
   <div class='ocr_carea' id='block_1_15' title="bbox 37 1392 1726 1476">
    <p class='ocr_par' dir='ltr' id='par_1_15' title="bbox 37 1392 1726 1476">
     <span class='ocr_line' id='line_1_15' title="bbox 37 1392 1726 1476; baseline 0.012 -33"><span class='ocrx_word' id='word_1_108' title='bbox 37 1392 136 1460; x_wconf 70' lang='grc' dir='ltr'>γάρ</span> <span class='ocrx_word' id='word_1_109' title='bbox 184 1393 376 1446; x_wconf 78' lang='grc' dir='ltr'>αὑτοῦ</span> <span class='ocrx_word' id='word_1_110' title='bbox 417 1393 507 1448; x_wconf 84' lang='grc' dir='ltr'>διά</span> <span class='ocrx_word' id='word_1_111' title='bbox 546 1395 641 1448; x_wconf 92' lang='grc' dir='ltr'>τοῦ</span> <span class='ocrx_word' id='word_1_112' title='bbox 685 1398 962 1468; x_wconf 82' lang='grc' dir='ltr'>προφήτου</span> <span class='ocrx_word' id='word_1_113' title='bbox 999 1399 1278 1468; x_wconf 89' lang='grc' dir='ltr'>λέγοντος·</span> <span class='ocrx_word' id='word_1_114' title='bbox 1318 1406 1400 1458; x_wconf 84' lang='grc' dir='ltr'>Οὐ</span> <span class='ocrx_word' id='word_1_115' title='bbox 1424 1406 1726 1476; x_wconf 79' lang='grc' dir='ltr'>,ϐούλομαι</span> 
     </span>
    </p>
   </div>
   <div class='ocr_carea' id='block_1_16' title="bbox 37 1479 1725 1562">
    <p class='ocr_par' dir='ltr' id='par_1_16' title="bbox 37 1479 1725 1562">
     <span class='ocr_line' id='line_1_16' title="bbox 37 1479 1725 1562; baseline 0.011 -32"><span class='ocrx_word' id='word_1_116' title='bbox 37 1480 136 1531; x_wconf 60' lang='grc' dir='ltr'>τὸν</span> <span class='ocrx_word' id='word_1_117' title='bbox 159 1479 446 1534; x_wconf 70' lang='grc' dir='ltr'>θάνατον</span> <span class='ocrx_word' id='word_1_118' title='bbox 486 1481 593 1536; x_wconf 84' lang='grc' dir='ltr'>τοῦ</span> <span class='ocrx_word' id='word_1_119' title='bbox 622 1484 991 1553; x_wconf 68' lang='grc' dir='ltr'>ἁμαρτωλοί),</span> <span class='ocrx_word' id='word_1_120' title='bbox 1027 1488 1107 1555; x_wconf 88' lang='grc' dir='ltr'>ὡς</span> <span class='ocrx_word' id='word_1_121' title='bbox 1146 1489 1213 1542; x_wconf 85' lang='grc' dir='ltr'>τὸ</span> <span class='ocrx_word' id='word_1_122' title='bbox 1244 1490 1601 1562; x_wconf 70' lang='grc' dir='ltr'>ἐπιστρέψαι</span> <span class='ocrx_word' id='word_1_123' title='bbox 1627 1495 1725 1549; x_wconf 80' lang='grc' dir='ltr'>καί</span> 
     </span>
    </p>
   </div>
   <div class='ocr_carea' id='block_1_17' title="bbox 38 1564 1724 1653">
    <p class='ocr_par' dir='ltr' id='par_1_17' title="bbox 38 1564 1724 1653">
     <span class='ocr_line' id='line_1_17' title="bbox 38 1564 1724 1653; baseline 0.011 -37"><span class='ocrx_word' id='word_1_124' title='bbox 38 1564 138 1632; x_wconf 67' lang='grc' dir='ltr'>ζῇν</span> <span class='ocrx_word' id='word_1_125' title='bbox 172 1568 409 1621; x_wconf 80' lang='grc' dir='ltr'>αὐτόν.</span> <span class='ocrx_word' id='word_1_126' title='bbox 451 1570 543 1639; x_wconf 85' lang='grc' dir='ltr'>Μή</span> <span class='ocrx_word' id='word_1_127' title='bbox 577 1588 631 1623; x_wconf 89' lang='grc' dir='ltr'>τι</span> <span class='ocrx_word' id='word_1_128' title='bbox 661 1572 901 1640; x_wconf 87' lang='grc' dir='ltr'>γέγονεν,</span> <span class='ocrx_word' id='word_1_129' title='bbox 931 1575 1051 1629; x_wconf 75' lang='grc' dir='ltr'>εἰπέ</span> <span class='ocrx_word' id='word_1_130' title='bbox 1082 1594 1191 1646; x_wconf 90' lang='grc' dir='ltr'>μοι,</span> <span class='ocrx_word' id='word_1_131' title='bbox 1218 1577 1392 1649; x_wconf 85' lang='grc' dir='ltr'>τούτῳ</span> <span class='ocrx_word' id='word_1_132' title='bbox 1422 1579 1501 1650; x_wconf 86' lang='grc' dir='ltr'>τῷ</span> <span class='ocrx_word' id='word_1_133' title='bbox 1531 1581 1724 1653; x_wconf 85' lang='grc' dir='ltr'>δικαίῳ</span> 
     </span>
    </p>
   </div>
   <div class='ocr_carea' id='block_1_18' title="bbox 38 1654 1724 1739">
    <p class='ocr_par' dir='ltr' id='par_1_18' title="bbox 38 1654 1724 1739">
     <span class='ocr_line' id='line_1_18' title="bbox 38 1654 1724 1739; baseline 0.012 -35"><span class='ocrx_word' id='word_1_134' title='bbox 38 1654 267 1725; x_wconf 74' lang='grc' dir='ltr'>κώλυμα</span> <span class='ocrx_word' id='word_1_135' title='bbox 297 1657 337 1726; x_wconf 80' lang='grc' dir='ltr'><strong>ἡ</strong></span> <span class='ocrx_word' id='word_1_136' title='bbox 375 1658 630 1711; x_wconf 79' lang='grc' dir='ltr'>συνουσία</span> <span class='ocrx_word' id='word_1_137' title='bbox 651 1660 751 1729; x_wconf 83' lang='grc' dir='ltr'>τῆς</span> <span class='ocrx_word' id='word_1_138' title='bbox 782 1664 1056 1729; x_wconf 85' lang='grc' dir='ltr'>γυναικὸς,</span> <span class='ocrx_word' id='word_1_139' title='bbox 1081 1664 1113 1734; x_wconf 83' lang='grc' dir='ltr'>ἢ</span> <span class='ocrx_word' id='word_1_140' title='bbox 1142 1667 1175 1735; x_wconf 86' lang='grc' dir='ltr'>ή</span> <span class='ocrx_word' id='word_1_141' title='bbox 1197 1665 1304 1719; x_wconf 89' lang='grc' dir='ltr'>τῶν</span> <span class='ocrx_word' id='word_1_142' title='bbox 1329 1668 1532 1721; x_wconf 78' lang='grc' dir='ltr'>παίδων</span> <span class='ocrx_word' id='word_1_143' title='bbox 1560 1686 1724 1739; x_wconf 84' lang='grc' dir='ltr'>φρον-</span> 
     </span>
    </p>
   </div>
   <div class='ocr_carea' id='block_1_19' title="bbox 35 1743 1724 1826">
    <p class='ocr_par' dir='ltr' id='par_1_19' title="bbox 35 1743 1724 1826">
     <span class='ocr_line' id='line_1_19' title="bbox 35 1743 1724 1826; baseline 0.009 -32"><span class='ocrx_word' id='word_1_144' title='bbox 35 1743 141 1805; x_wconf 77' lang='grc' dir='ltr'>τίςς</span> <span class='ocrx_word' id='word_1_145' title='bbox 175 1745 278 1815; x_wconf 82' lang='grc' dir='ltr'>Μὴ</span> <span class='ocrx_word' id='word_1_146' title='bbox 314 1745 525 1810; x_wconf 79' lang='grc' dir='ltr'>τοίνυν,</span> <span class='ocrx_word' id='word_1_147' title='bbox 554 1748 877 1818; x_wconf 84' lang='grc' dir='ltr'>παρακαλῶ,</span> <span class='ocrx_word' id='word_1_148' title='bbox 910 1750 1044 1820; x_wconf 87' lang='grc' dir='ltr'>μηδέ</span> <span class='ocrx_word' id='word_1_149' title='bbox 1073 1753 1233 1822; x_wconf 89' lang='grc' dir='ltr'>ήμεῖς</span> <span class='ocrx_word' id='word_1_150' title='bbox 1256 1753 1558 1826; x_wconf 89' lang='grc' dir='ltr'>ἀπατῶμεν</span> <span class='ocrx_word' id='word_1_151' title='bbox 1598 1758 1724 1810; x_wconf 80' lang='grc' dir='ltr'>ἐαυ-</span> 
     </span>
    </p>
   </div>
   <div class='ocr_carea' id='block_1_20' title="bbox 33 1832 1722 1916">
    <p class='ocr_par' dir='ltr' id='par_1_20' title="bbox 33 1832 1722 1916">
     <span class='ocr_line' id='line_1_20' title="bbox 33 1832 1722 1916; baseline 0.01 -35"><span class='ocrx_word' id='word_1_152' title='bbox 33 1832 175 1893; x_wconf 70' lang='grc' dir='ltr'>τοῦς,</span> <span class='ocrx_word' id='word_1_153' title='bbox 230 1833 365 1884; x_wconf 82' lang='grc' dir='ltr'>ἀλλ’</span> <span class='ocrx_word' id='word_1_154' title='bbox 416 1832 527 1905; x_wconf 79' lang='grc' dir='ltr'>ὅσῳ</span> <span class='ocrx_word' id='word_1_155' title='bbox 554 1834 778 1899; x_wconf 81' lang='grc' dir='ltr'>ταύταις</span> <span class='ocrx_word' id='word_1_156' title='bbox 804 1837 1096 1911; x_wconf 32' lang='grc' dir='ltr'>,φροντίσιν</span> <span class='ocrx_word' id='word_1_157' title='bbox 1128 1840 1447 1910; x_wconf 84' lang='grc' dir='ltr'>ἐνεχόμεθα,</span> <span class='ocrx_word' id='word_1_158' title='bbox 1484 1844 1722 1916; x_wconf 86' lang='grc' dir='ltr'>τοσούτῳ</span> 
     </span>
    </p>
   </div>
   <div class='ocr_carea' id='block_1_21' title="bbox 38 1920 1723 2000">
    <p class='ocr_par' dir='ltr' id='par_1_21' title="bbox 38 1920 1723 2000">
     <span class='ocr_line' id='line_1_21' title="bbox 38 1920 1723 2000; baseline 0.008 -29"><span class='ocrx_word' id='word_1_159' title='bbox 38 1920 241 1989; x_wconf 71' lang='grc' dir='ltr'>μᾶλλον</span> <span class='ocrx_word' id='word_1_160' title='bbox 278 1921 360 1974; x_wconf 78' lang='grc' dir='ltr'>τὰ</span> <span class='ocrx_word' id='word_1_161' title='bbox 390 1922 502 1976; x_wconf 84' lang='grc' dir='ltr'>ἀπὸ</span> <span class='ocrx_word' id='word_1_162' title='bbox 534 1922 634 1992; x_wconf 80' lang='grc' dir='ltr'>τῆς</span> <span class='ocrx_word' id='word_1_163' title='bbox 667 1924 1024 1990; x_wconf 84' lang='grc' dir='ltr'>ἀναγνώσεως</span> <span class='ocrx_word' id='word_1_164' title='bbox 1061 1927 1168 1980; x_wconf 91' lang='grc' dir='ltr'>τῶν</span> <span class='ocrx_word' id='word_1_165' title='bbox 1198 1926 1355 1981; x_wconf 88' lang='grc' dir='ltr'>θείων</span> <span class='ocrx_word' id='word_1_166' title='bbox 1383 1929 1613 2000; x_wconf 87' lang='grc' dir='ltr'>Γραφῶν</span> <span class='ocrx_word' id='word_1_167' title='bbox 1637 1932 1723 1985; x_wconf 90' lang='grc' dir='ltr'>δε-</span> 
     </span>
    </p>
   </div>
   <div class='ocr_carea' id='block_1_22' title="bbox 35 2008 1723 2091">
    <p class='ocr_par' dir='ltr' id='par_1_22' title="bbox 35 2008 1723 2091">
     <span class='ocr_line' id='line_1_22' title="bbox 35 2008 1723 2091; baseline 0.009 -32"><span class='ocrx_word' id='word_1_168' title='bbox 35 2009 266 2079; x_wconf 76' lang='grc' dir='ltr'>χώμεθα</span> <span class='ocrx_word' id='word_1_169' title='bbox 300 2011 600 2081; x_wconf 82' lang='grc' dir='ltr'>φάρμακα.</span> <span class='ocrx_word' id='word_1_170' title='bbox 652 2013 741 2081; x_wconf 82' lang='grc' dir='ltr'>Μὴ</span> <span class='ocrx_word' id='word_1_171' title='bbox 799 2012 906 2084; x_wconf 89' lang='grc' dir='ltr'>γάρ</span> <span class='ocrx_word' id='word_1_172' title='bbox 957 2014 1048 2066; x_wconf 78' lang='grc' dir='ltr'>καὶ</span> <span class='ocrx_word' id='word_1_173' title='bbox 1097 2008 1240 2069; x_wconf 78' lang='grc' dir='ltr'>οῦτοι</span> <span class='ocrx_word' id='word_1_174' title='bbox 1288 2016 1350 2069; x_wconf 82' lang='grc' dir='ltr'>οὐ</span> <span class='ocrx_word' id='word_1_175' title='bbox 1397 2019 1498 2088; x_wconf 82' lang='grc' dir='ltr'>τῆς</span> <span class='ocrx_word' id='word_1_176' title='bbox 1554 2020 1723 2091; x_wconf 82' lang='grc' dir='ltr'>αὐτῆς</span> 
     </span>
    </p>
   </div>
   <div class='ocr_carea' id='block_1_23' title="bbox 33 2093 1722 2179">
    <p class='ocr_par' dir='ltr' id='par_1_23' title="bbox 33 2093 1722 2179">
     <span class='ocr_line' id='line_1_23' title="bbox 33 2093 1722 2179; baseline 0.025 -47"><span class='ocrx_word' id='word_1_177' title='bbox 33 2097 163 2165; x_wconf 52' lang='grc' dir='ltr'>ἡμῖν</span> <span class='ocrx_word' id='word_1_178' title='bbox 220 2097 458 2164; x_wconf 74' lang='grc' dir='ltr'>φύσεως</span> <span class='ocrx_word' id='word_1_179' title='bbox 493 2093 651 2168; x_wconf 77' lang='grc' dir='ltr'>ἦσαν,</span> <span class='ocrx_word' id='word_1_180' title='bbox 699 2101 792 2152; x_wconf 78' lang='grc' dir='ltr'>καὶ</span> <span class='ocrx_word' id='word_1_181' title='bbox 826 2100 945 2155; x_wconf 85' lang='grc' dir='ltr'>ούδὲ</span> <span class='ocrx_word' id='word_1_182' title='bbox 976 2102 1244 2167; x_wconf 84' lang='grc' dir='ltr'>τοσαύτας</span> <span class='ocrx_word' id='word_1_183' title='bbox 1278 2105 1532 2177; x_wconf 77' lang='grc' dir='ltr'>ἀφορμὰς</span> <span class='ocrx_word' id='word_1_184' title='bbox 1577 2102 1722 2179; x_wconf 70' lang='grc' dir='ltr'>εἶχον</span> 
     </span>
    </p>
   </div>
   <div class='ocr_carea' id='block_1_24' title="bbox 29 2184 1717 2266">
    <p class='ocr_par' dir='ltr' id='par_1_24' title="bbox 29 2184 1717 2266">
     <span class='ocr_line' id='line_1_24' title="bbox 29 2184 1717 2266; baseline 0.009 -32"><span class='ocrx_word' id='word_1_185' title='bbox 29 2186 126 2247; x_wconf 75' lang='grc' dir='ltr'>τάς</span> <span class='ocrx_word' id='word_1_186' title='bbox 159 2184 488 2251; x_wconf 82' lang='grc' dir='ltr'>ἐναγούσας</span> <span class='ocrx_word' id='word_1_187' title='bbox 521 2186 718 2249; x_wconf 73' lang='grc' dir='ltr'>αὐτοὺς</span> <span class='ocrx_word' id='word_1_188' title='bbox 758 2187 896 2258; x_wconf 85' lang='grc' dir='ltr'>πρὸς</span> <span class='ocrx_word' id='word_1_189' title='bbox 935 2189 1035 2260; x_wconf 81' lang='grc' dir='ltr'>τὴν</span> <span class='ocrx_word' id='word_1_190' title='bbox 1065 2190 1164 2260; x_wconf 82' lang='grc' dir='ltr'>τῆς</span> <span class='ocrx_word' id='word_1_191' title='bbox 1192 2190 1391 2262; x_wconf 80' lang='grc' dir='ltr'>ἀρετῆς</span> <span class='ocrx_word' id='word_1_192' title='bbox 1420 2194 1717 2266; x_wconf 80' lang='grc' dir='ltr'>ἐργασίάν;</span> 
     </span>
    </p>
   </div>
   <div class='ocr_carea' id='block_1_25' title="bbox 33 2269 1719 2346">
    <p class='ocr_par' dir='ltr' id='par_1_25' title="bbox 33 2269 1719 2346">
     <span class='ocr_line' id='line_1_25' title="bbox 33 2269 1719 2346; baseline 0.009 -23"><span class='ocrx_word' id='word_1_193' title='bbox 33 2271 200 2335; x_wconf 80' lang='grc' dir='ltr'>Ποίας</span> <span class='ocrx_word' id='word_1_194' title='bbox 236 2269 347 2324; x_wconf 78' lang='grc' dir='ltr'>οὖν</span> <span class='ocrx_word' id='word_1_195' title='bbox 377 2272 444 2325; x_wconf 82' lang='grc' dir='ltr'>ἂν</span> <span class='ocrx_word' id='word_1_196' title='bbox 468 2274 658 2344; x_wconf 77' lang='grc' dir='ltr'>εἴημεν</span> <span class='ocrx_word' id='word_1_197' title='bbox 690 2273 1020 2346; x_wconf 79' lang='grc' dir='ltr'>συγγνώμης</span> <span class='ocrx_word' id='word_1_198' title='bbox 1049 2275 1207 2343; x_wconf 80' lang='grc' dir='ltr'>ἄξιοι,</span> <span class='ocrx_word' id='word_1_199' title='bbox 1245 2279 1293 2330; x_wconf 87' lang='grc' dir='ltr'>οί</span> <span class='ocrx_word' id='word_1_200' title='bbox 1336 2280 1431 2332; x_wconf 76' lang='grc' dir='ltr'>καὶ</span> <span class='ocrx_word' id='word_1_201' title='bbox 1467 2280 1719 2337; x_wconf 81' lang='grc' dir='ltr'>διδασκα-</span> 
     </span>
    </p>
   </div>
   <div class='ocr_carea' id='block_1_26' title="bbox 30 2352 1715 2438">
    <p class='ocr_par' dir='ltr' id='par_1_26' title="bbox 30 2352 1715 2438">
     <span class='ocr_line' id='line_1_26' title="bbox 30 2352 1715 2438; baseline 0.009 -28"><span class='ocrx_word' id='word_1_202' title='bbox 30 2359 148 2422; x_wconf 76' lang='grc' dir='ltr'>λίας</span> <span class='ocrx_word' id='word_1_203' title='bbox 169 2359 461 2429; x_wconf 72' lang='grc' dir='ltr'>τοσαύτης</span> <span class='ocrx_word' id='word_1_204' title='bbox 493 2360 876 2427; x_wconf 79' lang='grc' dir='ltr'>ἀπολαύοντες,</span> <span class='ocrx_word' id='word_1_205' title='bbox 906 2364 998 2416; x_wconf 74' lang='grc' dir='ltr'>καὶ</span> <span class='ocrx_word' id='word_1_206' title='bbox 1021 2352 1284 2435; x_wconf 79' lang='grc' dir='ltr'>τοσαύτης</span> <span class='ocrx_word' id='word_1_207' title='bbox 1303 2366 1522 2438; x_wconf 87' lang='grc' dir='ltr'>χάριτος</span> <span class='ocrx_word' id='word_1_208' title='bbox 1551 2370 1715 2435; x_wconf 83' lang='grc' dir='ltr'>ἀξιω-</span> 
     </span>
    </p>
   </div>
   <div class='ocr_carea' id='block_1_27' title="bbox 32 2446 1719 2522">
    <p class='ocr_par' dir='ltr' id='par_1_27' title="bbox 32 2446 1719 2522">
     <span class='ocr_line' id='line_1_27' title="bbox 32 2446 1719 2522; baseline 0.008 -24"><span class='ocrx_word' id='word_1_209' title='bbox 32 2446 238 2511; x_wconf 77' lang='grc' dir='ltr'>θέντες,</span> <span class='ocrx_word' id='word_1_210' title='bbox 298 2447 403 2500; x_wconf 70' lang='grc' dir='ltr'>καὶ</span> <span class='ocrx_word' id='word_1_211' title='bbox 452 2448 549 2518; x_wconf 79' lang='grc' dir='ltr'>τῆς</span> <span class='ocrx_word' id='word_1_212' title='bbox 582 2447 788 2502; x_wconf 81' lang='grc' dir='ltr'>ἀνωθεν</span> <span class='ocrx_word' id='word_1_213' title='bbox 832 2451 1147 2521; x_wconf 86' lang='grc' dir='ltr'>συμμαχίας</span> <span class='ocrx_word' id='word_1_214' title='bbox 1185 2454 1568 2522; x_wconf 81' lang='grc' dir='ltr'>ἀπολαύοντες,</span> <span class='ocrx_word' id='word_1_215' title='bbox 1623 2459 1719 2512; x_wconf 74' lang='grc' dir='ltr'>καὶ</span> 
     </span>
    </p>
   </div>
   <div class='ocr_carea' id='block_1_28' title="bbox 27 2535 1719 2609">
    <p class='ocr_par' dir='ltr' id='par_1_28' title="bbox 27 2535 1719 2609">
     <span class='ocr_line' id='line_1_28' title="bbox 27 2535 1719 2609; baseline 0.007 -22"><span class='ocrx_word' id='word_1_216' title='bbox 27 2535 135 2587; x_wconf 88' lang='grc' dir='ltr'>τῶν</span> <span class='ocrx_word' id='word_1_217' title='bbox 184 2535 535 2604; x_wconf 72' lang='grc' dir='ltr'>ἀπορρήτων</span> <span class='ocrx_word' id='word_1_218' title='bbox 572 2536 794 2589; x_wconf 80' lang='grc' dir='ltr'>ἐκείνων</span> <span class='ocrx_word' id='word_1_219' title='bbox 824 2537 1044 2603; x_wconf 82' lang='grc' dir='ltr'>ἀγαθῶν</span> <span class='ocrx_word' id='word_1_220' title='bbox 1072 2537 1169 2609; x_wconf 80' lang='grc' dir='ltr'>τὴν</span> <span class='ocrx_word' id='word_1_221' title='bbox 1208 2542 1539 2609; x_wconf 74' lang='grc' dir='ltr'>ἐπαγγελίαν</span> <span class='ocrx_word' id='word_1_222' title='bbox 1561 2544 1719 2608; x_wconf 80' lang='grc' dir='ltr'>δεξά-</span> 
     </span>
    </p>
   </div>
   <div class='ocr_carea' id='block_1_29' title="bbox 32 2622 1718 2702">
    <p class='ocr_par' dir='ltr' id='par_1_29' title="bbox 32 2622 1718 2702">
     <span class='ocr_line' id='line_1_29' title="bbox 32 2622 1718 2702; baseline 0.006 -26"><span class='ocrx_word' id='word_1_223' title='bbox 32 2640 211 2693; x_wconf 82' lang='grc' dir='ltr'>μενοι,</span> <span class='ocrx_word' id='word_1_224' title='bbox 242 2622 352 2676; x_wconf 84' lang='grc' dir='ltr'>ἐὰν</span> <span class='ocrx_word' id='word_1_225' title='bbox 384 2623 461 2694; x_wconf 83' lang='grc' dir='ltr'>μὴ</span> <span class='ocrx_word' id='word_1_226' title='bbox 491 2622 626 2692; x_wconf 78' lang='grc' dir='ltr'>πρὸς</span> <span class='ocrx_word' id='word_1_227' title='bbox 664 2623 723 2676; x_wconf 71' lang='grc' dir='ltr'>τὸ</span> <span class='ocrx_word' id='word_1_228' title='bbox 753 2624 861 2677; x_wconf 90' lang='grc' dir='ltr'>τῶν</span> <span class='ocrx_word' id='word_1_229' title='bbox 900 2624 1141 2678; x_wconf 88' lang='grc' dir='ltr'>παλαιῶν</span> <span class='ocrx_word' id='word_1_230' title='bbox 1180 2628 1386 2699; x_wconf 88' lang='grc' dir='ltr'>ἀνδρῶν</span> <span class='ocrx_word' id='word_1_231' title='bbox 1425 2630 1718 2702; x_wconf 81' lang='grc' dir='ltr'>φθάσωμεν</span> 
     </span>
    </p>
   </div>
   <div class='ocr_carea' id='block_1_30' title="bbox 26 2708 1719 2783">
    <p class='ocr_par' dir='ltr' id='par_1_30' title="bbox 26 2708 1719 2783">
     <span class='ocr_line' id='line_1_30' title="bbox 26 2708 1719 2783; baseline 0.011 -30"><span class='ocrx_word' id='word_1_232' title='bbox 26 2710 124 2779; x_wconf 70' lang='grc' dir='ltr'>τῆς</span> <span class='ocrx_word' id='word_1_233' title='bbox 159 2709 382 2779; x_wconf 79' lang='grc' dir='ltr'>ἀρετῆς</span> <span class='ocrx_word' id='word_1_234' title='bbox 414 2708 648 2779; x_wconf 90' lang='grc' dir='ltr'>μέτρον;</span> <span class='ocrx_word' id='word_1_235' title='bbox 682 2710 744 2762; x_wconf 85' lang='grc' dir='ltr'>Εἰ</span> <span class='ocrx_word' id='word_1_236' title='bbox 792 2709 904 2781; x_wconf 91' lang='grc' dir='ltr'>γάρ</span> <span class='ocrx_word' id='word_1_237' title='bbox 950 2711 1271 2781; x_wconf 86' lang='grc' dir='ltr'>βουλοίμεθα</span> <span class='ocrx_word' id='word_1_238' title='bbox 1313 2715 1522 2783; x_wconf 87' lang='grc' dir='ltr'>νήφειν,</span> <span class='ocrx_word' id='word_1_239' title='bbox 1558 2718 1719 2772; x_wconf 86' lang='grc' dir='ltr'>ἱκανά</span> 
     </span>
    </p>
   </div>
   <div class='ocr_carea' id='block_1_31' title="bbox 28 2796 1715 2873">
    <p class='ocr_par' dir='ltr' id='par_1_31' title="bbox 28 2796 1715 2873">
     <span class='ocr_line' id='line_1_31' title="bbox 28 2796 1715 2873; baseline 0.006 -25"><span class='ocrx_word' id='word_1_240' title='bbox 28 2798 94 2848; x_wconf 71' lang='grc' dir='ltr'>τὰ</span> <span class='ocrx_word' id='word_1_241' title='bbox 142 2799 406 2867; x_wconf 84' lang='grc' dir='ltr'>σήμερον</span> <span class='ocrx_word' id='word_1_242' title='bbox 448 2796 582 2866; x_wconf 78' lang='grc' dir='ltr'>ἡμῖν</span> <span class='ocrx_word' id='word_1_243' title='bbox 631 2796 919 2866; x_wconf 81' lang='grc' dir='ltr'>κινηθέντα</span> <span class='ocrx_word' id='word_1_244' title='bbox 960 2797 1220 2869; x_wconf 85' lang='grc' dir='ltr'>διεγεῖραι</span> <span class='ocrx_word' id='word_1_245' title='bbox 1268 2802 1413 2870; x_wconf 79' lang='grc' dir='ltr'>ἡμᾶς</span> <span class='ocrx_word' id='word_1_246' title='bbox 1460 2804 1595 2873; x_wconf 83' lang='grc' dir='ltr'>πρὸς</span> <span class='ocrx_word' id='word_1_247' title='bbox 1626 2806 1715 2858; x_wconf 86' lang='grc' dir='ltr'>τὸν</span> 
     </span>
    </p>
   </div>
   <div class='ocr_carea' id='block_1_32' title="bbox 27 2883 1716 2963">
    <p class='ocr_par' dir='ltr' id='par_1_32' title="bbox 27 2883 1716 2963">
     <span class='ocr_line' id='line_1_32' title="bbox 27 2883 1716 2963; baseline 0.006 -27"><span class='ocrx_word' id='word_1_248' title='bbox 27 2885 195 2937; x_wconf 76' lang='grc' dir='ltr'>πόθον</span> <span class='ocrx_word' id='word_1_249' title='bbox 223 2885 333 2953; x_wconf 80' lang='grc' dir='ltr'>τῆς</span> <span class='ocrx_word' id='word_1_250' title='bbox 361 2884 585 2954; x_wconf 79' lang='grc' dir='ltr'>ἀρετῆς,</span> <span class='ocrx_word' id='word_1_251' title='bbox 611 2883 704 2936; x_wconf 78' lang='grc' dir='ltr'>καὶ</span> <span class='ocrx_word' id='word_1_252' title='bbox 740 2884 1006 2953; x_wconf 75' lang='grc' dir='ltr'>μηδέποτε</span> <span class='ocrx_word' id='word_1_253' title='bbox 1048 2886 1286 2955; x_wconf 82' lang='grc' dir='ltr'>νομίζειν</span> <span class='ocrx_word' id='word_1_254' title='bbox 1325 2886 1554 2960; x_wconf 83' lang='grc' dir='ltr'>κώλυμα</span> <span class='ocrx_word' id='word_1_255' title='bbox 1583 2893 1716 2963; x_wconf 89' lang='grc' dir='ltr'>ήμῖν</span> 
     </span>
    </p>
   </div>
   <div class='ocr_carea' id='block_1_33' title="bbox 26 2970 1715 3051">
    <p class='ocr_par' dir='ltr' id='par_1_33' title="bbox 26 2970 1715 3051">
     <span class='ocr_line' id='line_1_33' title="bbox 26 2970 1715 3051; baseline 0.008 -30"><span class='ocrx_word' id='word_1_256' title='bbox 26 2971 292 3038; x_wconf 78' lang='grc' dir='ltr'>γενέσθαι</span> <span class='ocrx_word' id='word_1_257' title='bbox 327 2970 468 3042; x_wconf 81' lang='grc' dir='ltr'>πρὸς</span> <span class='ocrx_word' id='word_1_258' title='bbox 494 2970 592 3041; x_wconf 83' lang='grc' dir='ltr'>τὴν</span> <span class='ocrx_word' id='word_1_259' title='bbox 612 2970 814 3040; x_wconf 87' lang='grc' dir='ltr'>ταύτης</span> <span class='ocrx_word' id='word_1_260' title='bbox 833 2972 967 3025; x_wconf 84' lang='grc' dir='ltr'>ὁδόν.</span> <span class='ocrx_word' id='word_1_261' title='bbox 1007 2974 1069 3025; x_wconf 79' lang='grc' dir='ltr'><strong>Εἰ</strong></span> <span class='ocrx_word' id='word_1_262' title='bbox 1097 2974 1204 3043; x_wconf 85' lang='grc' dir='ltr'>γὰρ</span> <span class='ocrx_word' id='word_1_263' title='bbox 1228 2975 1277 3027; x_wconf 90' lang='grc' dir='ltr'>οἱ</span> <span class='ocrx_word' id='word_1_264' title='bbox 1299 2976 1404 3047; x_wconf 75' lang='grc' dir='ltr'>πρὸ</span> <span class='ocrx_word' id='word_1_265' title='bbox 1428 2977 1521 3030; x_wconf 87' lang='grc' dir='ltr'>τοῦ</span> <span class='ocrx_word' id='word_1_266' title='bbox 1548 2980 1715 3051; x_wconf 89' lang='grc' dir='ltr'>νόμου</span> 
     </span>
    </p>
   </div>
   <div class='ocr_carea' id='block_1_34' title="bbox 26 3053 1715 3140">
    <p class='ocr_par' dir='ltr' id='par_1_34' title="bbox 26 3053 1715 3140">
     <span class='ocr_line' id='line_1_34' title="bbox 26 3053 1715 3140; baseline 0.005 -27"><span class='ocrx_word' id='word_1_267' title='bbox 26 3062 133 3113; x_wconf 67' lang='grc' dir='ltr'>ἀπὸ</span> <span class='ocrx_word' id='word_1_268' title='bbox 163 3060 275 3129; x_wconf 74' lang='grc' dir='ltr'>τῆς</span> <span class='ocrx_word' id='word_1_269' title='bbox 298 3062 361 3114; x_wconf 76' lang='grc' dir='ltr'>ἐν</span> <span class='ocrx_word' id='word_1_270' title='bbox 389 3060 458 3131; x_wconf 80' lang='grc' dir='ltr'>τῇ</span> <span class='ocrx_word' id='word_1_271' title='bbox 492 3057 651 3126; x_wconf 89' lang='grc' dir='ltr'>φύσει</span> <span class='ocrx_word' id='word_1_272' title='bbox 688 3053 946 3128; x_wconf 75' lang='grc' dir='ltr'>κειμένης</span> <span class='ocrx_word' id='word_1_273' title='bbox 973 3057 1316 3125; x_wconf 80' lang='grc' dir='ltr'>διδασκαλίας</span> <span class='ocrx_word' id='word_1_274' title='bbox 1338 3064 1417 3127; x_wconf 87' lang='grc' dir='ltr'>εἰς</span> <span class='ocrx_word' id='word_1_275' title='bbox 1447 3066 1715 3140; x_wconf 83' lang='grc' dir='ltr'>τοσαύτην</span> 
     </span>
    </p>
   </div>
   <div class='ocr_carea' id='block_1_35' title="bbox 25 3144 1714 3219">
    <p class='ocr_par' dir='ltr' id='par_1_35' title="bbox 25 3144 1714 3219">
     <span class='ocr_line' id='line_1_35' title="bbox 25 3144 1714 3219; baseline -0.003 -19"><span class='ocrx_word' id='word_1_276' title='bbox 25 3148 281 3217; x_wconf 68' lang='grc' dir='ltr'>ἔφθασαν</span> <span class='ocrx_word' id='word_1_277' title='bbox 314 3145 541 3217; x_wconf 80' lang='grc' dir='ltr'>ἀρετὴν,</span> <span class='ocrx_word' id='word_1_278' title='bbox 569 3144 621 3198; x_wconf 90' lang='grc' dir='ltr'>τί</span> <span class='ocrx_word' id='word_1_279' title='bbox 660 3144 853 3215; x_wconf 77' lang='grc' dir='ltr'>ἔχομεν</span> <span class='ocrx_word' id='word_1_280' title='bbox 885 3148 1055 3199; x_wconf 79' lang='grc' dir='ltr'>εἰπεῖν</span> <span class='ocrx_word' id='word_1_281' title='bbox 1092 3150 1253 3217; x_wconf 88' lang='grc' dir='ltr'>ήμεῖς</span> <span class='ocrx_word' id='word_1_282' title='bbox 1281 3151 1328 3202; x_wconf 87' lang='grc' dir='ltr'>οί</span> <span class='ocrx_word' id='word_1_283' title='bbox 1360 3151 1498 3219; x_wconf 86' lang='grc' dir='ltr'>μετά</span> <span class='ocrx_word' id='word_1_284' title='bbox 1521 3153 1714 3207; x_wconf 84' lang='grc' dir='ltr'>τοσαύ..</span> 
     </span>
    </p>
   </div>
   <div class='ocr_carea' id='block_1_36' title="bbox 24 3231 1713 3305">
    <p class='ocr_par' dir='ltr' id='par_1_36' title="bbox 24 3231 1713 3305">
     <span class='ocr_line' id='line_1_36' title="bbox 24 3231 1713 3305; baseline 0.008 -23"><span class='ocrx_word' id='word_1_285' title='bbox 24 3253 124 3303; x_wconf 69' lang='grc' dir='ltr'>την</span> <span class='ocrx_word' id='word_1_286' title='bbox 168 3232 458 3305; x_wconf 77' lang='grc' dir='ltr'>βοήθειαν,</span> <span class='ocrx_word' id='word_1_287' title='bbox 490 3233 584 3284; x_wconf 79' lang='grc' dir='ltr'>καὶ</span> <span class='ocrx_word' id='word_1_288' title='bbox 627 3231 723 3303; x_wconf 83' lang='grc' dir='ltr'>τὴν</span> <span class='ocrx_word' id='word_1_289' title='bbox 752 3231 845 3285; x_wconf 81' lang='grc' dir='ltr'>τοῦ</span> <span class='ocrx_word' id='word_1_290' title='bbox 872 3233 1109 3304; x_wconf 78' lang='grc' dir='ltr'>Χριστοῦ</span> <span class='ocrx_word' id='word_1_291' title='bbox 1150 3237 1472 3304; x_wconf 81' lang='grc' dir='ltr'>παρουσίαν,</span> <span class='ocrx_word' id='word_1_292' title='bbox 1516 3240 1608 3292; x_wconf 73' lang='grc' dir='ltr'>καὶ</span> <span class='ocrx_word' id='word_1_293' title='bbox 1644 3241 1713 3296; x_wconf 79' lang='grc' dir='ltr'>τά</span> 
     </span>
    </p>
   </div>
   <div class='ocr_carea' id='block_1_37' title="bbox 25 3319 1708 3393">
    <p class='ocr_par' dir='ltr' id='par_1_37' title="bbox 25 3319 1708 3393">
     <span class='ocr_line' id='line_1_37' title="bbox 25 3319 1708 3393; baseline 0.005 -19"><span class='ocrx_word' id='word_1_294' title='bbox 25 3324 209 3393; x_wconf 84' lang='grc' dir='ltr'>μυρία</span> <span class='ocrx_word' id='word_1_295' title='bbox 256 3319 521 3391; x_wconf 84' lang='grc' dir='ltr'>θαύματα</span> <span class='ocrx_word' id='word_1_296' title='bbox 556 3319 746 3391; x_wconf 78' lang='grc' dir='ltr'>πόρῥω</span> <span class='ocrx_word' id='word_1_297' title='bbox 795 3320 894 3391; x_wconf 83' lang='grc' dir='ltr'>τῆς</span> <span class='ocrx_word' id='word_1_298' title='bbox 926 3321 1125 3393; x_wconf 79' lang='grc' dir='ltr'>ἀρετῆς</span> <span class='ocrx_word' id='word_1_299' title='bbox 1157 3325 1511 3393; x_wconf 78' lang='grc' dir='ltr'>τυγχάνοντες</span> <span class='ocrx_word' id='word_1_300' title='bbox 1541 3346 1555 3392; x_wconf 89' lang='lat'><strong>;</strong></span> <span class='ocrx_word' id='word_1_301' title='bbox 1597 3329 1708 3391; x_wconf 78' lang='grc' dir='ltr'>Διὸ,</span> 
     </span>
    </p>
   </div>
   <div class='ocr_carea' id='block_1_38' title="bbox 20 3406 1711 3481">
    <p class='ocr_par' dir='ltr' id='par_1_38' title="bbox 20 3406 1711 3481">
     <span class='ocr_line' id='line_1_38' title="bbox 20 3406 1711 3481; baseline 0.011 -31"><span class='ocrx_word' id='word_1_302' title='bbox 20 3407 377 3481; x_wconf 66' lang='grc' dir='ltr'>παρακαλῶ,</span> <span class='ocrx_word' id='word_1_303' title='bbox 432 3407 506 3477; x_wconf 79' lang='grc' dir='ltr'>μὴ</span> <span class='ocrx_word' id='word_1_304' title='bbox 556 3406 744 3470; x_wconf 83' lang='grc' dir='ltr'>ἁπλῶς</span> <span class='ocrx_word' id='word_1_305' title='bbox 784 3408 1143 3479; x_wconf 87' lang='grc' dir='ltr'>ἐπερχώμεθα</span> <span class='ocrx_word' id='word_1_306' title='bbox 1193 3410 1260 3463; x_wconf 81' lang='grc' dir='ltr'>τά</span> <span class='ocrx_word' id='word_1_307' title='bbox 1302 3414 1358 3465; x_wconf 82' lang='grc' dir='ltr'>ἐν</span> <span class='ocrx_word' id='word_1_308' title='bbox 1389 3416 1507 3477; x_wconf 88' lang='grc' dir='ltr'>ταῖς</span> <span class='ocrx_word' id='word_1_309' title='bbox 1542 3415 1711 3480; x_wconf 86' lang='grc' dir='ltr'>θείαις</span> 
     </span>
    </p>
   </div>
   <div class='ocr_carea' id='block_1_39' title="bbox 19 3494 1709 3573">
    <p class='ocr_par' dir='ltr' id='par_1_39' title="bbox 19 3494 1709 3573">
     <span class='ocr_line' id='line_1_39' title="bbox 19 3494 1709 3573; baseline 0.002 -22"><span class='ocrx_word' id='word_1_310' title='bbox 19 3498 61 3551; x_wconf 87' lang='grc' dir='ltr'><strong><em>Γ</em></strong></span> <span class='ocrx_word' id='word_1_311' title='bbox 66 3499 284 3567; x_wconf 79' lang='grc' dir='ltr'>ραφαῖς</span> <span class='ocrx_word' id='word_1_312' title='bbox 323 3494 575 3566; x_wconf 87' lang='grc' dir='ltr'>κείμενα,</span> <span class='ocrx_word' id='word_1_313' title='bbox 607 3494 740 3548; x_wconf 88' lang='grc' dir='ltr'>ἀλλά</span> <span class='ocrx_word' id='word_1_314' title='bbox 774 3495 911 3565; x_wconf 86' lang='grc' dir='ltr'>μετά</span> <span class='ocrx_word' id='word_1_315' title='bbox 943 3498 1216 3567; x_wconf 84' lang='grc' dir='ltr'>προσοχῆς</span> <span class='ocrx_word' id='word_1_316' title='bbox 1246 3499 1709 3573; x_wconf 86' lang='grc' dir='ltr'>ἀναγινώσκωμεν</span> 
     </span>
    </p>
   </div>
   <div class='ocr_carea' id='block_1_40' title="bbox 16 3580 1705 3657">
    <p class='ocr_par' dir='ltr' id='par_1_40' title="bbox 16 3580 1705 3657">
     <span class='ocr_line' id='line_1_40' title="bbox 16 3580 1705 3657; baseline 0.002 -20"><span class='ocrx_word' id='word_1_317' title='bbox 16 3586 87 3637; x_wconf 76' lang='grc' dir='ltr'>τά</span> <span class='ocrx_word' id='word_1_318' title='bbox 124 3582 460 3652; x_wconf 82' lang='grc' dir='ltr'>ἐγκείμενα,</span> <span class='ocrx_word' id='word_1_319' title='bbox 488 3580 574 3634; x_wconf 76' lang='grc' dir='ltr'>ἵνα</span> <span class='ocrx_word' id='word_1_320' title='bbox 592 3581 691 3652; x_wconf 73' lang='grc' dir='ltr'>τήν</span> <span class='ocrx_word' id='word_1_321' title='bbox 724 3582 782 3648; x_wconf 81' lang='grc' dir='ltr'>ἐξ</span> <span class='ocrx_word' id='word_1_322' title='bbox 816 3582 996 3636; x_wconf 82' lang='grc' dir='ltr'>αὐτῶν</span> <span class='ocrx_word' id='word_1_323' title='bbox 1022 3582 1292 3650; x_wconf 80' lang='grc' dir='ltr'>ὠφέλειαν</span> <span class='ocrx_word' id='word_1_324' title='bbox 1317 3586 1705 3657; x_wconf 84' lang='grc' dir='ltr'>καρπούμενοι,</span> 
     </span>
    </p>
   </div>
   <div class='ocr_carea' id='block_1_41' title="bbox 12 3667 1711 3746">
    <p class='ocr_par' dir='ltr' id='par_1_41' title="bbox 12 3667 1711 3746">
     <span class='ocr_line' id='line_1_41' title="bbox 12 3667 1711 3746; baseline 0.002 -23"><span class='ocrx_word' id='word_1_325' title='bbox 12 3672 116 3742; x_wconf 55' lang='grc' dir='ltr'>ἀψὲ</span> <span class='ocrx_word' id='word_1_326' title='bbox 154 3669 301 3739; x_wconf 86' lang='grc' dir='ltr'>γοῦν</span> <span class='ocrx_word' id='word_1_327' title='bbox 328 3685 460 3721; x_wconf 86' lang='grc' dir='ltr'>ποτε</span> <span class='ocrx_word' id='word_1_328' title='bbox 490 3668 592 3738; x_wconf 83' lang='grc' dir='ltr'>τῆς</span> <span class='ocrx_word' id='word_1_329' title='bbox 616 3668 757 3723; x_wconf 87' lang='grc' dir='ltr'>κατά</span> <span class='ocrx_word' id='word_1_330' title='bbox 780 3667 912 3721; x_wconf 81' lang='grc' dir='ltr'>Θεὸν</span> <span class='ocrx_word' id='word_1_331' title='bbox 936 3669 1136 3742; x_wconf 85' lang='grc' dir='ltr'>ἀρετῆς</span> <span class='ocrx_word' id='word_1_332' title='bbox 1157 3670 1536 3727; x_wconf 83' lang='grc' dir='ltr'>ἀντιλαϐέσθαι</span> <span class='ocrx_word' id='word_1_333' title='bbox 1557 3675 1711 3746; x_wconf 85' lang='grc' dir='ltr'>δυνη-</span> 
     </span>
    </p>
   </div>
   <div class='ocr_carea' id='block_1_42' title="bbox 14 3755 1708 3833">
    <p class='ocr_par' dir='ltr' id='par_1_42' title="bbox 14 3755 1708 3833">
     <span class='ocr_line' id='line_1_42' title="bbox 14 3755 1708 3833; baseline 0.002 -22"><span class='ocrx_word' id='word_1_334' title='bbox 14 3758 236 3829; x_wconf 81' lang='grc' dir='ltr'>θῶμεν.</span> <span class='ocrx_word' id='word_1_335' title='bbox 296 3757 363 3809; x_wconf 73' lang='lat' dir='ltr'>Ei</span> <span class='ocrx_word' id='word_1_336' title='bbox 408 3755 516 3827; x_wconf 84' lang='grc' dir='ltr'>γάρ</span> <span class='ocrx_word' id='word_1_337' title='bbox 562 3756 619 3808; x_wconf 84' lang='grc' dir='ltr'>δὲ</span> <span class='ocrx_word' id='word_1_338' title='bbox 651 3755 937 3826; x_wconf 84' lang='grc' dir='ltr'>μέλλοιμεν</span> <span class='ocrx_word' id='word_1_339' title='bbox 983 3756 1078 3809; x_wconf 72' lang='grc' dir='ltr'>καὶ</span> <span class='ocrx_word' id='word_1_340' title='bbox 1121 3759 1281 3827; x_wconf 83' lang='grc' dir='ltr'>ἡμεῖς</span> <span class='ocrx_word' id='word_1_341' title='bbox 1319 3758 1440 3812; x_wconf 86' lang='grc' dir='ltr'>καθ’</span> <span class='ocrx_word' id='word_1_342' title='bbox 1472 3761 1708 3833; x_wconf 77' lang='grc' dir='ltr'>ἑκάστην</span> 
     </span>
    </p>
   </div>
   <div class='ocr_carea' id='block_1_43' title="bbox 16 3843 1709 3917">
    <p class='ocr_par' dir='ltr' id='par_1_43' title="bbox 16 3843 1709 3917">
     <span class='ocr_line' id='line_1_43' title="bbox 16 3843 1709 3917; baseline 0.002 -19"><span class='ocrx_word' id='word_1_343' title='bbox 16 3848 251 3917; x_wconf 65' lang='grc' dir='ltr'>ἡμέραν</span> <span class='ocrx_word' id='word_1_344' title='bbox 283 3845 415 3913; x_wconf 82' lang='grc' dir='ltr'>ὑμῖν</span> <span class='ocrx_word' id='word_1_345' title='bbox 449 3846 663 3913; x_wconf 81' lang='grc' dir='ltr'>ἐνηχεῖν</span> <span class='ocrx_word' id='word_1_346' title='bbox 686 3843 784 3913; x_wconf 79' lang='grc' dir='ltr'>τὴν</span> <span class='ocrx_word' id='word_1_347' title='bbox 814 3844 1192 3913; x_wconf 85' lang='grc' dir='ltr'>πνευματικὴν</span> <span class='ocrx_word' id='word_1_348' title='bbox 1224 3845 1428 3914; x_wconf 87' lang='grc' dir='ltr'>ταύτην</span> <span class='ocrx_word' id='word_1_349' title='bbox 1454 3846 1709 3902; x_wconf 84' lang='grc' dir='ltr'>διδασκα-</span> 
     </span>
    </p>
   </div>
   <div class='ocr_carea' id='block_1_44' title="bbox 13 3928 1705 4001">
    <p class='ocr_par' dir='ltr' id='par_1_44' title="bbox 13 3928 1705 4001">
     <span class='ocr_line' id='line_1_44' title="bbox 13 3928 1705 4001; baseline 0.002 -17"><span class='ocrx_word' id='word_1_350' title='bbox 13 3933 166 3995; x_wconf 79' lang='grc' dir='ltr'>λίαν,</span> <span class='ocrx_word' id='word_1_351' title='bbox 199 3931 300 3984; x_wconf 72' lang='grc' dir='ltr'>καὶ</span> <span class='ocrx_word' id='word_1_352' title='bbox 340 3931 496 4001; x_wconf 80' lang='grc' dir='ltr'>ὑμεῖς</span> <span class='ocrx_word' id='word_1_353' title='bbox 521 3930 613 3982; x_wconf 70' lang='grc' dir='ltr'>ἐπὶ</span> <span class='ocrx_word' id='word_1_354' title='bbox 647 3929 743 3999; x_wconf 82' lang='grc' dir='ltr'>τῆς</span> <span class='ocrx_word' id='word_1_355' title='bbox 769 3928 939 3999; x_wconf 81' lang='grc' dir='ltr'>αὐτῆς</span> <span class='ocrx_word' id='word_1_356' title='bbox 970 3930 1243 4000; x_wconf 73' lang='grc' dir='ltr'>ῥᾳθυμίας</span> <span class='ocrx_word' id='word_1_357' title='bbox 1289 3932 1526 4001; x_wconf 81' lang='grc' dir='ltr'>μείνητε,</span> <span class='ocrx_word' id='word_1_358' title='bbox 1555 3937 1705 3989; x_wconf 87' lang='grc' dir='ltr'>ποῖον</span> 
     </span>
    </p>
   </div>
   <div class='ocr_carea' id='block_1_45' title="bbox 18 4016 1704 4092">
    <p class='ocr_par' dir='ltr' id='par_1_45' title="bbox 18 4016 1704 4092">
     <span class='ocr_line' id='line_1_45' title="bbox 18 4016 1704 4092; baseline 0.003 -21"><span class='ocrx_word' id='word_1_359' title='bbox 18 4021 154 4088; x_wconf 74' lang='grc' dir='ltr'>ὑμῖν</span> <span class='ocrx_word' id='word_1_360' title='bbox 196 4017 393 4086; x_wconf 69' lang='grc' dir='ltr'>ὄφελος</span> <span class='ocrx_word' id='word_1_361' title='bbox 429 4016 581 4069; x_wconf 80' lang='grc' dir='ltr'>ἔσται</span> <span class='ocrx_word' id='word_1_362' title='bbox 611 4017 673 4069; x_wconf 86' lang='grc' dir='ltr'>ἐκ</span> <span class='ocrx_word' id='word_1_363' title='bbox 704 4016 802 4086; x_wconf 84' lang='grc' dir='ltr'>τῆς</span> <span class='ocrx_word' id='word_1_364' title='bbox 832 4016 1091 4087; x_wconf 83' lang='grc' dir='ltr'>συνεχοῦς</span> <span class='ocrx_word' id='word_1_365' title='bbox 1120 4016 1486 4082; x_wconf 88' lang='grc' dir='ltr'>διδασκαλίας,</span> <span class='ocrx_word' id='word_1_366' title='bbox 1512 4019 1544 4090; x_wconf 82' lang='grc' dir='ltr'>ἢ</span> <span class='ocrx_word' id='word_1_367' title='bbox 1574 4023 1704 4092; x_wconf 88' lang='grc' dir='ltr'>ήμῖν</span> 
     </span>
    </p>
   </div>
   <div class='ocr_carea' id='block_1_46' title="bbox 13 4101 1704 4178">
    <p class='ocr_par' dir='ltr' id='par_1_46' title="bbox 13 4101 1704 4178">
     <span class='ocr_line' id='line_1_46' title="bbox 13 4101 1704 4178; baseline 0.004 -22"><span class='ocrx_word' id='word_1_368' title='bbox 13 4108 102 4169; x_wconf 73' lang='grc' dir='ltr'>τῖς</span> <span class='ocrx_word' id='word_1_369' title='bbox 134 4106 297 4158; x_wconf 71' lang='grc' dir='ltr'>ἔσται</span> <span class='ocrx_word' id='word_1_370' title='bbox 320 4102 640 4175; x_wconf 86' lang='grc' dir='ltr'>παραμυθία</span> <span class='ocrx_word' id='word_1_371' title='bbox 676 4101 844 4173; x_wconf 86' lang='grc' dir='ltr'>ὁρῶσι</span> <span class='ocrx_word' id='word_1_372' title='bbox 880 4102 972 4155; x_wconf 71' lang='grc' dir='ltr'>τὸν</span> <span class='ocrx_word' id='word_1_373' title='bbox 998 4102 1250 4156; x_wconf 81' lang='grc' dir='ltr'>τοσοῦτον</span> <span class='ocrx_word' id='word_1_374' title='bbox 1281 4104 1437 4175; x_wconf 87' lang='grc' dir='ltr'>ήμῶν</span> <span class='ocrx_word' id='word_1_375' title='bbox 1459 4106 1704 4178; x_wconf 86' lang='grc' dir='ltr'>κάματον</span> 
     </span>
    </p>
   </div>
   <div class='ocr_carea' id='block_1_47' title="bbox 12 4189 1702 4267">
    <p class='ocr_par' dir='ltr' id='par_1_47' title="bbox 12 4189 1702 4267">
     <span class='ocr_line' id='line_1_47' title="bbox 12 4189 1702 4267; baseline 0.001 -20"><span class='ocrx_word' id='word_1_376' title='bbox 12 4195 291 4264; x_wconf 71' lang='grc' dir='ltr'>ἀνόνητον</span> <span class='ocrx_word' id='word_1_377' title='bbox 330 4190 636 4261; x_wconf 83' lang='grc' dir='ltr'>γινόμενον,</span> <span class='ocrx_word' id='word_1_378' title='bbox 668 4189 760 4242; x_wconf 80' lang='grc' dir='ltr'>καὶ</span> <span class='ocrx_word' id='word_1_379' title='bbox 800 4189 1056 4261; x_wconf 83' lang='grc' dir='ltr'>ούδεμίαν</span> <span class='ocrx_word' id='word_1_380' title='bbox 1102 4191 1384 4262; x_wconf 80' lang='grc' dir='ltr'>προκοπήν</span> <span class='ocrx_word' id='word_1_381' title='bbox 1413 4194 1702 4267; x_wconf 87' lang='grc' dir='ltr'>γινομένην</span> 
     </span>
    </p>
   </div>
   <div class='ocr_carea' id='block_1_48' title="bbox 14 4275 1702 4351">
    <p class='ocr_par' dir='ltr' id='par_1_48' title="bbox 14 4275 1702 4351">
     <span class='ocr_line' id='line_1_48' title="bbox 14 4275 1702 4351; baseline 0.002 -18"><span class='ocrx_word' id='word_1_382' title='bbox 14 4281 85 4333; x_wconf 79' lang='grc' dir='ltr'>ἐκ</span> <span class='ocrx_word' id='word_1_383' title='bbox 114 4281 216 4351; x_wconf 71' lang='grc' dir='ltr'>τῆς</span> <span class='ocrx_word' id='word_1_384' title='bbox 245 4278 527 4350; x_wconf 88' lang='grc' dir='ltr'>ήμετέρας</span> <span class='ocrx_word' id='word_1_385' title='bbox 559 4276 824 4347; x_wconf 82' lang='grc' dir='ltr'>σπουδῆς;</span> <span class='ocrx_word' id='word_1_386' title='bbox 866 4275 1001 4331; x_wconf 83' lang='grc' dir='ltr'>Εἰπὲ</span> <span class='ocrx_word' id='word_1_387' title='bbox 1029 4277 1137 4348; x_wconf 88' lang='grc' dir='ltr'>γάρ</span> <span class='ocrx_word' id='word_1_388' title='bbox 1179 4295 1289 4347; x_wconf 89' lang='grc' dir='ltr'>μοι,</span> <span class='ocrx_word' id='word_1_389' title='bbox 1328 4279 1448 4349; x_wconf 78' lang='grc' dir='ltr'>οὐχὶ</span> <span class='ocrx_word' id='word_1_390' title='bbox 1477 4282 1585 4334; x_wconf 87' lang='grc' dir='ltr'>ἀπὸ</span> <span class='ocrx_word' id='word_1_391' title='bbox 1612 4282 1702 4337; x_wconf 90' lang='grc' dir='ltr'>δύο</span> 
     </span>
    </p>
   </div>
   <div class='ocr_carea' id='block_1_49' title="bbox 8 4364 1704 4436">
    <p class='ocr_par' dir='ltr' id='par_1_49' title="bbox 8 4364 1704 4436">
     <span class='ocr_line' id='line_1_49' title="bbox 8 4364 1704 4436; baseline 0 -12"><span class='ocrx_word' id='word_1_392' title='bbox 8 4368 223 4424; x_wconf 73' lang='grc' dir='ltr'>οὐσιῶν</span> <span class='ocrx_word' id='word_1_393' title='bbox 244 4366 755 4436; x_wconf 83' lang='grc' dir='ltr'>συνεστήκαμεν,ἐκ</span> <span class='ocrx_word' id='word_1_394' title='bbox 771 4364 950 4435; x_wconf 79' lang='grc' dir='ltr'>ψυχῆς</span> <span class='ocrx_word' id='word_1_395' title='bbox 974 4364 1115 4434; x_wconf 88' lang='grc' dir='ltr'>λέγω</span> <span class='ocrx_word' id='word_1_396' title='bbox 1136 4366 1227 4419; x_wconf 76' lang='grc' dir='ltr'>καὶ</span> <span class='ocrx_word' id='word_1_397' title='bbox 1248 4365 1495 4436; x_wconf 86' lang='grc' dir='ltr'>σώματος</span> <span class='ocrx_word' id='word_1_398' title='bbox 1513 4388 1529 4435; x_wconf 91' lang='grc'>;</span> <span class='ocrx_word' id='word_1_399' title='bbox 1548 4370 1704 4435; x_wconf 87' lang='grc' dir='ltr'>Τίνος</span> 
     </span>
    </p>
   </div>
   <div class='ocr_carea' id='block_1_50' title="bbox 10 4452 1705 4527">
    <p class='ocr_par' dir='ltr' id='par_1_50' title="bbox 10 4452 1705 4527">
     <span class='ocr_line' id='line_1_50' title="bbox 10 4452 1705 4527; baseline -0.001 -16"><span class='ocrx_word' id='word_1_400' title='bbox 10 4454 115 4511; x_wconf 68' lang='grc' dir='ltr'>οὖν</span> <span class='ocrx_word' id='word_1_401' title='bbox 152 4458 347 4509; x_wconf 73' lang='grc' dir='ltr'>ἕνεκεν</span> <span class='ocrx_word' id='word_1_402' title='bbox 373 4454 450 4524; x_wconf 83' lang='grc' dir='ltr'>μὴ</span> <span class='ocrx_word' id='word_1_403' title='bbox 475 4454 575 4525; x_wconf 81' lang='grc' dir='ltr'>τὴν</span> <span class='ocrx_word' id='word_1_404' title='bbox 607 4453 727 4525; x_wconf 86' lang='grc' dir='ltr'>ίσην</span> <span class='ocrx_word' id='word_1_405' title='bbox 760 4452 914 4507; x_wconf 76' lang='grc' dir='ltr'>αὐτοὶ</span> <span class='ocrx_word' id='word_1_406' title='bbox 933 4454 1191 4525; x_wconf 88' lang='grc' dir='ltr'>πρόνοιαν</span> <span class='ocrx_word' id='word_1_407' title='bbox 1216 4452 1546 4527; x_wconf 83' lang='grc' dir='ltr'>ἀμφοτέροις</span> <span class='ocrx_word' id='word_1_408' title='bbox 1576 4459 1705 4514; x_wconf 77' lang='grc' dir='ltr'>ἀπο-</span> 
     </span>
    </p>
   </div>
   <div class='ocr_carea' id='block_1_51' title="bbox 4 4540 1703 4615">
    <p class='ocr_par' dir='ltr' id='par_1_51' title="bbox 4 4540 1703 4615">
     <span class='ocr_line' id='line_1_51' title="bbox 4 4540 1703 4615; baseline 0.004 -22"><span class='ocrx_word' id='word_1_409' title='bbox 4 4548 296 4615; x_wconf 67' lang='grc' dir='ltr'>νέμομεν,</span> <span class='ocrx_word' id='word_1_410' title='bbox 343 4541 483 4595; x_wconf 86' lang='grc' dir='ltr'>ἀλλά</span> <span class='ocrx_word' id='word_1_411' title='bbox 528 4541 588 4594; x_wconf 82' lang='grc' dir='ltr'>τὸ</span> <span class='ocrx_word' id='word_1_412' title='bbox 630 4541 729 4611; x_wconf 85' lang='grc' dir='ltr'>μὲν</span> <span class='ocrx_word' id='word_1_413' title='bbox 776 4540 937 4612; x_wconf 88' lang='grc' dir='ltr'>σῶμα</span> <span class='ocrx_word' id='word_1_414' title='bbox 975 4542 1137 4594; x_wconf 78' lang='grc' dir='ltr'>παντὶ</span> <span class='ocrx_word' id='word_1_415' title='bbox 1173 4541 1360 4612; x_wconf 83' lang='grc' dir='ltr'>τρόπῳ</span> <span class='ocrx_word' id='word_1_416' title='bbox 1381 4541 1703 4613; x_wconf 86' lang='grc' dir='ltr'>θεραπεύειν</span> 
     </span>
    </p>
   </div>
   <div class='ocr_carea' id='block_1_52' title="bbox 10 4627 1704 4699">
    <p class='ocr_par' dir='ltr' id='par_1_52' title="bbox 10 4627 1704 4699">
     <span class='ocr_line' id='line_1_52' title="bbox 10 4627 1704 4699; baseline 0.011 -30"><span class='ocrx_word' id='word_1_417' title='bbox 10 4632 439 4699; x_wconf 66' lang='grc' dir='ltr'>σπωδάςομεν,</span> <span class='ocrx_word' id='word_1_418' title='bbox 471 4630 565 4682; x_wconf 74' lang='grc' dir='ltr'>καὶ</span> <span class='ocrx_word' id='word_1_419' title='bbox 602 4629 805 4698; x_wconf 81' lang='grc' dir='ltr'>ἰατροῖς</span> <span class='ocrx_word' id='word_1_420' title='bbox 838 4628 1097 4699; x_wconf 89' lang='grc' dir='ltr'>χρήματα</span> <span class='ocrx_word' id='word_1_421' title='bbox 1128 4627 1380 4694; x_wconf 84' lang='grc' dir='ltr'>διδόντες,</span> <span class='ocrx_word' id='word_1_422' title='bbox 1422 4631 1519 4684; x_wconf 75' lang='grc' dir='ltr'>καὶ</span> <span class='ocrx_word' id='word_1_423' title='bbox 1550 4633 1704 4687; x_wconf 76' lang='grc' dir='ltr'>αὐτοὶ</span> 
     </span>
    </p>
   </div>
   <div class='ocr_carea' id='block_1_53' title="bbox 6 4716 1703 4791">
    <p class='ocr_par' dir='ltr' id='par_1_53' title="bbox 6 4716 1703 4791">
     <span class='ocr_line' id='line_1_53' title="bbox 6 4716 1703 4791; baseline 0.001 -16"><span class='ocrx_word' id='word_1_424' title='bbox 6 4722 230 4791; x_wconf 71' lang='grc' dir='ltr'>πολλὴν</span> <span class='ocrx_word' id='word_1_425' title='bbox 259 4719 394 4789; x_wconf 71' lang='grc' dir='ltr'>περὶ</span> <span class='ocrx_word' id='word_1_426' title='bbox 439 4717 570 4771; x_wconf 72' lang='grc' dir='ltr'>αὐτὸ</span> <span class='ocrx_word' id='word_1_427' title='bbox 621 4717 722 4788; x_wconf 81' lang='grc' dir='ltr'>τὴν</span> <span class='ocrx_word' id='word_1_428' title='bbox 774 4716 1090 4786; x_wconf 85' lang='grc' dir='ltr'>ἐπιμέλειαν</span> <span class='ocrx_word' id='word_1_429' title='bbox 1120 4717 1574 4789; x_wconf 86' lang='grc' dir='ltr'>ἐπιδεικνύμενοι,</span> <span class='ocrx_word' id='word_1_430' title='bbox 1605 4730 1703 4776; x_wconf 79' lang='grc' dir='ltr'>καὶ</span> 
     </span>
    </p>
   </div>
   <div class='ocr_carea' id='block_1_54' title="bbox 6 4803 1701 4879">
    <p class='ocr_par' dir='ltr' id='par_1_54' title="bbox 6 4803 1701 4879">
     <span class='ocr_line' id='line_1_54' title="bbox 6 4803 1701 4879; baseline 0.021 -27"><span class='ocrx_word' id='word_1_431' title='bbox 6 4811 214 4879; x_wconf 60' lang='grc' dir='ltr'>ἐσθῆτι</span> <span class='ocrx_word' id='word_1_432' title='bbox 244 4805 535 4860; x_wconf 83' lang='grc' dir='ltr'>πολυτελεῖ</span> <span class='ocrx_word' id='word_1_433' title='bbox 576 4803 1015 4876; x_wconf 63' lang='grc' dir='ltr'>περιϐάλλοντες,</span> <span class='ocrx_word' id='word_1_434' title='bbox 1041 4804 1137 4858; x_wconf 57' lang='grc' dir='ltr'>καὶ</span> <span class='ocrx_word' id='word_1_435' title='bbox 1177 4805 1386 4877; x_wconf 72' lang='grc' dir='ltr'>τροφὴν</span> <span class='ocrx_word' id='word_1_436' title='bbox 1418 4806 1580 4861; x_wconf 74' lang='grc' dir='ltr'>πλέον</span> <span class='ocrx_word' id='word_1_437' title='bbox 1606 4809 1701 4863; x_wconf 66' lang='grc' dir='ltr'>τοῦ</span> 
     </span>
    </p>
   </div>
   <div class='ocr_carea' id='block_1_55' title="bbox 4 4892 1701 4967">
    <p class='ocr_par' dir='ltr' id='par_1_55' title="bbox 4 4892 1701 4967">
     <span class='ocr_line' id='line_1_55' title="bbox 4 4892 1701 4967; baseline -0.001 -15"><span class='ocrx_word' id='word_1_438' title='bbox 4 4902 235 4961; x_wconf 75' lang='grc' dir='ltr'>δέοντος</span> <span class='ocrx_word' id='word_1_439' title='bbox 278 4895 638 4967; x_wconf 79' lang='grc' dir='ltr'>παρέχοντες,</span> <span class='ocrx_word' id='word_1_440' title='bbox 686 4892 777 4946; x_wconf 73' lang='grc' dir='ltr'>καὶ</span> <span class='ocrx_word' id='word_1_441' title='bbox 824 4894 880 4945; x_wconf 87' lang='grc' dir='ltr'>ἐν</span> <span class='ocrx_word' id='word_1_442' title='bbox 910 4893 1095 4946; x_wconf 86' lang='grc' dir='ltr'>ἀνέσει</span> <span class='ocrx_word' id='word_1_443' title='bbox 1135 4893 1374 4965; x_wconf 86' lang='grc' dir='ltr'>διηνεκεῖ</span> <span class='ocrx_word' id='word_1_444' title='bbox 1402 4895 1531 4949; x_wconf 77' lang='grc' dir='ltr'>αὐτὸ</span> <span class='ocrx_word' id='word_1_445' title='bbox 1564 4893 1701 4951; x_wconf 72' lang='grc' dir='ltr'>εἶναι</span> 
     </span>
    </p>
   </div>
   <div class='ocr_carea' id='block_1_56' title="bbox 10 4980 1699 5057">
    <p class='ocr_par' dir='ltr' id='par_1_56' title="bbox 10 4980 1699 5057">
     <span class='ocr_line' id='line_1_56' title="bbox 10 4980 1699 5057; baseline 0 -18"><span class='ocrx_word' id='word_1_446' title='bbox 10 4984 354 5057; x_wconf 70' lang='grc' dir='ltr'>βουλόμεθα,</span> <span class='ocrx_word' id='word_1_447' title='bbox 408 4984 504 5037; x_wconf 74' lang='grc' dir='ltr'>καὶ</span> <span class='ocrx_word' id='word_1_448' title='bbox 535 4981 640 5035; x_wconf 75' lang='grc' dir='ltr'>ὑπὸ</span> <span class='ocrx_word' id='word_1_449' title='bbox 682 4980 908 5052; x_wconf 82' lang='grc' dir='ltr'>μηδενὸς</span> <span class='ocrx_word' id='word_1_450' title='bbox 933 4980 1068 5044; x_wconf 82' lang='grc' dir='ltr'>ὅλως</span> <span class='ocrx_word' id='word_1_451' title='bbox 1101 4980 1431 5052; x_wconf 76' lang='grc' dir='ltr'>ἐνοχλεῖσθαι</span> <span class='ocrx_word' id='word_1_452' title='bbox 1457 4985 1699 5055; x_wconf 84' lang='grc' dir='ltr'>νοσήμα-</span> 
     </span>
    </p>
   </div>
   <div class='ocr_carea' id='block_1_57' title="bbox 4 5061 1699 5143">
    <p class='ocr_par' dir='ltr' id='par_1_57' title="bbox 4 5061 1699 5143">
     <span class='ocr_line' id='line_1_57' title="bbox 4 5061 1699 5143; baseline -0.001 -16"><span class='ocrx_word' id='word_1_453' title='bbox 4 5091 107 5137; x_wconf 66' lang='grc' dir='ltr'>τος</span> <span class='ocrx_word' id='word_1_454' title='bbox 132 5090 147 5103; x_wconf 90' lang='grc'><strong>·</strong></span> <span class='ocrx_word' id='word_1_455' title='bbox 182 5070 325 5127; x_wconf 83' lang='grc' dir='ltr'>ἀλλά</span> <span class='ocrx_word' id='word_1_456' title='bbox 354 5070 458 5124; x_wconf 81' lang='grc' dir='ltr'>κᾶν</span> <span class='ocrx_word' id='word_1_457' title='bbox 488 5068 550 5121; x_wconf 84' lang='grc' dir='ltr'>τὸ</span> <span class='ocrx_word' id='word_1_458' title='bbox 577 5068 738 5139; x_wconf 75' lang='grc' dir='ltr'>τυχὸν</span> <span class='ocrx_word' id='word_1_459' title='bbox 764 5067 824 5121; x_wconf 86' lang='grc' dir='ltr'>τὸ</span> <span class='ocrx_word' id='word_1_460' title='bbox 860 5067 1111 5139; x_wconf 77' lang='grc' dir='ltr'>ἐνοχλοῦν</span> <span class='ocrx_word' id='word_1_461' title='bbox 1139 5061 1198 5141; x_wconf 83' lang='grc' dir='ltr'>ᾖ,</span> <span class='ocrx_word' id='word_1_462' title='bbox 1238 5070 1416 5125; x_wconf 82' lang='grc' dir='ltr'>πᾶσαν</span> <span class='ocrx_word' id='word_1_463' title='bbox 1443 5070 1699 5143; x_wconf 88' lang='grc' dir='ltr'>κινοῦμεν</span> 
     </span>
    </p>
   </div>
   <div class='ocr_carea' id='block_1_58' title="bbox 9 5154 1701 5232">
    <p class='ocr_par' dir='ltr' id='par_1_58' title="bbox 9 5154 1701 5232">
     <span class='ocr_line' id='line_1_58' title="bbox 9 5154 1701 5232; baseline -0.001 -16"><span class='ocrx_word' id='word_1_464' title='bbox 9 5162 298 5232; x_wconf 78' lang='grc' dir='ltr'>μηχανὴν,</span> <span class='ocrx_word' id='word_1_465' title='bbox 346 5159 489 5213; x_wconf 79' lang='grc' dir='ltr'>ὥστε</span> <span class='ocrx_word' id='word_1_466' title='bbox 533 5157 593 5211; x_wconf 85' lang='grc' dir='ltr'>τὸ</span> <span class='ocrx_word' id='word_1_467' title='bbox 636 5155 839 5210; x_wconf 85' lang='grc' dir='ltr'>λυποῦν</span> <span class='ocrx_word' id='word_1_468' title='bbox 879 5154 1305 5227; x_wconf 84' lang='grc' dir='ltr'>διορθώσασθαι;</span> <span class='ocrx_word' id='word_1_469' title='bbox 1337 5159 1448 5213; x_wconf 80' lang='grc' dir='ltr'>Καὶ</span> <span class='ocrx_word' id='word_1_470' title='bbox 1473 5161 1566 5214; x_wconf 64' lang='grc' dir='ltr'>ἐπὶ⁴</span> <span class='ocrx_word' id='word_1_471' title='bbox 1600 5161 1701 5231; x_wconf 84' lang='grc' dir='ltr'>μὲν</span> 
     </span>
    </p>
   </div>
   <div class='ocr_carea' id='block_1_59' title="bbox 4 5242 1698 5320">
    <p class='ocr_par' dir='ltr' id='par_1_59' title="bbox 4 5242 1698 5320">
     <span class='ocr_line' id='line_1_59' title="bbox 4 5242 1698 5320; baseline -0.001 -17"><span class='ocrx_word' id='word_1_472' title='bbox 4 5250 111 5303; x_wconf 77' lang='grc' dir='ltr'>τοῦ</span> <span class='ocrx_word' id='word_1_473' title='bbox 140 5250 420 5320; x_wconf 84' lang='grc' dir='ltr'>σώματος,</span> <span class='ocrx_word' id='word_1_474' title='bbox 464 5245 558 5300; x_wconf 83' lang='grc' dir='ltr'>τοῦ</span> <span class='ocrx_word' id='word_1_475' title='bbox 597 5245 879 5307; x_wconf 86' lang='grc' dir='ltr'>ἐλάττονος</span> <span class='ocrx_word' id='word_1_476' title='bbox 926 5242 1068 5312; x_wconf 88' lang='grc' dir='ltr'>λέγω</span> <span class='ocrx_word' id='word_1_477' title='bbox 1112 5244 1211 5315; x_wconf 78' lang='grc' dir='ltr'>τὴν</span> <span class='ocrx_word' id='word_1_478' title='bbox 1244 5245 1467 5301; x_wconf 78' lang='grc' dir='ltr'>οὐσίανο</span> <span class='ocrx_word' id='word_1_479' title='bbox 1512 5248 1567 5301; x_wconf 89' lang='grc' dir='ltr'>τί</span> <span class='ocrx_word' id='word_1_480' title='bbox 1591 5249 1698 5320; x_wconf 87' lang='grc' dir='ltr'>γάρ</span> 
     </span>
    </p>
   </div>
   <div class='ocr_carea' id='block_1_60' title="bbox 6 5330 1699 5406">
    <p class='ocr_par' dir='ltr' id='par_1_60' title="bbox 6 5330 1699 5406">
     <span class='ocr_line' id='line_1_60' title="bbox 6 5330 1699 5406; baseline -0.001 -15"><span class='ocrx_word' id='word_1_481' title='bbox 6 5342 132 5392; x_wconf 67' lang='lat' dir='ltr'>[sm</span> <span class='ocrx_word' id='word_1_482' title='bbox 160 5338 284 5391; x_wconf 75' lang='grc' dir='ltr'>εἰπέ</span> <span class='ocrx_word' id='word_1_483' title='bbox 323 5352 436 5405; x_wconf 91' lang='grc' dir='ltr'>μοι,</span> <span class='ocrx_word' id='word_1_484' title='bbox 463 5332 610 5404; x_wconf 77' lang='grc' dir='ltr'>ψυχὴ</span> <span class='ocrx_word' id='word_1_485' title='bbox 637 5333 730 5385; x_wconf 73' lang='grc' dir='ltr'>καὶ</span> <span class='ocrx_word' id='word_1_486' title='bbox 756 5332 950 5402; x_wconf 87' lang='grc' dir='ltr'>σῶμα;</span> <span class='ocrx_word' id='word_1_487' title='bbox 977 5332 1039 5384; x_wconf 78' lang='lat' dir='ltr'>El</span> <span class='ocrx_word' id='word_1_488' title='bbox 1068 5330 1177 5403; x_wconf 85' lang='grc' dir='ltr'>γὰρ</span> <span class='ocrx_word' id='word_1_489' title='bbox 1210 5332 1387 5402; x_wconf 90' lang='grc' dir='ltr'>βούλει</span> <span class='ocrx_word' id='word_1_490' title='bbox 1404 5346 1431 5375; x_wconf 79' lang='grc' dir='ltr'>ι</span> <span class='ocrx_word' id='word_1_491' title='bbox 1458 5335 1558 5406; x_wconf 78' lang='grc' dir='ltr'>τὴν</span> <span class='ocrx_word' id='word_1_492' title='bbox 1584 5336 1699 5389; x_wconf 87' lang='grc' dir='ltr'>δια-</span> 
     </span>
    </p>
   </div>
   <div class='ocr_carea' id='block_1_61' title="bbox 5 5419 1697 5498">
    <p class='ocr_par' dir='ltr' id='par_1_61' title="bbox 5 5419 1697 5498">
     <span class='ocr_line' id='line_1_61' title="bbox 5 5419 1697 5498; baseline -0.001 -18"><span class='ocrx_word' id='word_1_493' title='bbox 5 5428 191 5498; x_wconf 74' lang='grc' dir='ltr'>φορὰν</span> <span class='ocrx_word' id='word_1_494' title='bbox 229 5426 385 5488; x_wconf 86' lang='grc' dir='ltr'>ἰδεῖν,</span> <span class='ocrx_word' id='word_1_495' title='bbox 410 5423 600 5475; x_wconf 87' lang='grc' dir='ltr'>σκόπει</span> <span class='ocrx_word' id='word_1_496' title='bbox 624 5421 741 5484; x_wconf 86' lang='grc' dir='ltr'>πῶς</span> <span class='ocrx_word' id='word_1_497' title='bbox 768 5419 983 5483; x_wconf 78' lang='grc' dir='ltr'>οὐδενὸς</span> <span class='ocrx_word' id='word_1_498' title='bbox 1010 5419 1171 5489; x_wconf 89' lang='grc' dir='ltr'>λόγου</span> <span class='ocrx_word' id='word_1_499' title='bbox 1202 5420 1351 5485; x_wconf 83' lang='grc' dir='ltr'>ἀξιον</span> <span class='ocrx_word' id='word_1_500' title='bbox 1383 5423 1697 5495; x_wconf 85' lang='grc' dir='ltr'>εὑρίσκεται</span> 
     </span>
    </p>
   </div>
   <div class='ocr_carea' id='block_1_62' title="bbox 4 5509 1694 5585">
    <p class='ocr_par' dir='ltr' id='par_1_62' title="bbox 4 5509 1694 5585">
     <span class='ocr_line' id='line_1_62' title="bbox 4 5509 1694 5585; baseline -0.002 -17"><span class='ocrx_word' id='word_1_501' title='bbox 4 5517 78 5568; x_wconf 64' lang='grc' dir='ltr'>τὸ</span> <span class='ocrx_word' id='word_1_502' title='bbox 111 5516 271 5585; x_wconf 82' lang='grc' dir='ltr'>σῶμα</span> <span class='ocrx_word' id='word_1_503' title='bbox 297 5513 400 5581; x_wconf 80' lang='grc' dir='ltr'>τῆς</span> <span class='ocrx_word' id='word_1_504' title='bbox 441 5510 622 5581; x_wconf 69' lang='grc' dir='ltr'>ψυχῆς</span> <span class='ocrx_word' id='word_1_505' title='bbox 655 5509 1108 5580; x_wconf 86' lang='grc' dir='ltr'>ἀναχωρησάσης.</span> <span class='ocrx_word' id='word_1_506' title='bbox 1176 5509 1235 5562; x_wconf 91' lang='lat'>&#39;0</span> <span class='ocrx_word' id='word_1_507' title='bbox 1272 5510 1452 5563; x_wconf 85' lang='grc' dir='ltr'>τοίνυν</span> <span class='ocrx_word' id='word_1_508' title='bbox 1477 5510 1574 5564; x_wconf 88' lang='grc' dir='ltr'>τοῦ</span> <span class='ocrx_word' id='word_1_509' title='bbox 1601 5513 1694 5565; x_wconf 68' lang='grc' dir='ltr'>σὼς</span> 
     </span>
    </p>
   </div>
   <div class='ocr_carea' id='block_1_63' title="bbox 8 5592 1695 5672">
    <p class='ocr_par' dir='ltr' id='par_1_63' title="bbox 8 5592 1695 5672">
     <span class='ocr_line' id='line_1_63' title="bbox 8 5592 1695 5672; baseline -0.004 -20"><span class='ocrx_word' id='word_1_510' title='bbox 8 5618 183 5672; x_wconf 57' lang='grc' dir='ltr'>ματκ</span> <span class='ocrx_word' id='word_1_511' title='bbox 217 5595 493 5666; x_wconf 87' lang='grc' dir='ltr'>τοσαύτην</span> <span class='ocrx_word' id='word_1_512' title='bbox 527 5592 782 5665; x_wconf 83' lang='grc' dir='ltr'>πρόνοιαν</span> <span class='ocrx_word' id='word_1_513' title='bbox 814 5592 1154 5664; x_wconf 87' lang='grc' dir='ltr'>ποιούμενος,</span> <span class='ocrx_word' id='word_1_514' title='bbox 1191 5592 1333 5657; x_wconf 90' lang='grc' dir='ltr'>τίνος</span> <span class='ocrx_word' id='word_1_515' title='bbox 1365 5593 1568 5660; x_wconf 73' lang='grc' dir='ltr'>ἕνεκεν,</span> <span class='ocrx_word' id='word_1_516' title='bbox 1601 5594 1695 5647; x_wconf 78' lang='grc' dir='ltr'>καὶ</span> 
     </span>
    </p>
   </div>
   <div class='ocr_carea' id='block_1_64' title="bbox 75 5744 1695 5818">
    <p class='ocr_par' dir='ltr' id='par_1_64' title="bbox 75 5744 1695 5818">
     <span class='ocr_line' id='line_1_64' title="bbox 75 5744 1695 5818; baseline -0.004 -17"><span class='ocrx_word' id='word_1_517' title='bbox 75 5758 99 5784; x_wconf 81' lang='grc'><strong><em>³</em></strong></span> <span class='ocrx_word' id='word_1_518' title='bbox 122 5755 277 5804; x_wconf 78' lang='lat' dir='ltr'>Savil.</span> <span class='ocrx_word' id='word_1_519' title='bbox 306 5755 400 5802; x_wconf 79' lang='grc' dir='ltr'>Καὶ</span> <span class='ocrx_word' id='word_1_520' title='bbox 423 5754 499 5801; x_wconf 83' lang='grc' dir='ltr'>ἐπὶ</span> <span class='ocrx_word' id='word_1_521' title='bbox 522 5753 604 5814; x_wconf 84' lang='grc' dir='ltr'>μὲν</span> <span class='ocrx_word' id='word_1_522' title='bbox 641 5750 727 5800; x_wconf 82' lang='grc' dir='ltr'>τοῦ</span> <span class='ocrx_word' id='word_1_523' title='bbox 742 5753 979 5818; x_wconf 32' lang='grc' dir='ltr'>’σώματος</span> <span class='ocrx_word' id='word_1_524' title='bbox 1013 5748 1210 5818; x_wconf 74' lang='grc' dir='ltr'>τοιαῦτα</span> <span class='ocrx_word' id='word_1_525' title='bbox 1240 5744 1586 5818; x_wconf 27' lang='grc' dir='ltr'>καὶλποιοῦμεν</span> <span class='ocrx_word' id='word_1_526' title='bbox 1614 5747 1695 5818; x_wconf 77' lang='grc' dir='ltr'>καὶ</span> 
     </span>
    </p>
   </div>
   <div class='ocr_carea' id='block_1_65' title="bbox 4 5810 1691 5876">
    <p class='ocr_par' dir='ltr' id='par_1_65' title="bbox 4 5810 1691 5876">
     <span class='ocr_line' id='line_1_65' title="bbox 4 5810 1691 5876; baseline -0.007 -8"><span class='ocrx_word' id='word_1_527' title='bbox 4 5818 343 5868; x_wconf 65' lang='grc' dir='ltr'>βιαινοούιιεθα.</span> <span class='ocrx_word' id='word_1_528' title='bbox 374 5816 467 5864; x_wconf 84' lang='grc' dir='ltr'>Καὶ</span> <span class='ocrx_word' id='word_1_529' title='bbox 492 5810 531 5861; x_wconf 74' lang='grc' dir='ltr'>εί</span> <span class='ocrx_word' id='word_1_530' title='bbox 562 5816 626 5876; x_wconf 80' lang='grc' dir='ltr'>β..</span> <span class='ocrx_word' id='word_1_531' title='bbox 656 5813 817 5863; x_wconf 64' lang='grc' dir='ltr'>νει-ωδ</span> <span class='ocrx_word' id='word_1_532' title='bbox 838 5810 944 5862; x_wconf 72' lang='grc' dir='ltr'>τί...</span> <span class='ocrx_word' id='word_1_533' title='bbox 974 5814 1142 5876; x_wconf 83' lang='grc' dir='ltr'>σῶμα;</span> <span class='ocrx_word' id='word_1_534' title='bbox 1170 5810 1450 5874; x_wconf 73' lang='lat' dir='ltr'>parenthesi</span> <span class='ocrx_word' id='word_1_535' title='bbox 1474 5811 1691 5860; x_wconf 80' lang='lat' dir='ltr'>inclusis.</span> 
     </span>
    </p>
   </div>
   <div class='ocr_carea' id='block_1_66' title="bbox 1122 144 2446 212">
    <p class='ocr_par' dir='ltr' id='par_1_66' title="bbox 1122 144 2446 212">
     <span class='ocr_line' id='line_1_66' title="bbox 1122 144 2446 212; baseline 0.007 -13"><span class='ocrx_word' id='word_1_536' title='bbox 1122 153 1189 209; x_wconf 79' lang='lat' dir='ltr'><strong>1N</strong></span> <span class='ocrx_word' id='word_1_537' title='bbox 1228 154 1378 212; x_wconf 65' lang='lat' dir='ltr'><strong>CAP,</strong></span> <span class='ocrx_word' id='word_1_538' title='bbox 1418 154 1463 210; x_wconf 74' lang='grc' dir='ltr'>ν</span> <span class='ocrx_word' id='word_1_539' title='bbox 1502 144 1587 199; x_wconf 83' lang='lat' dir='ltr'>ET</span> <span class='ocrx_word' id='word_1_540' title='bbox 1627 149 1710 207; x_wconf 73' lang='lat' dir='ltr'>Vl.</span> <span class='ocrx_word' id='word_1_541' title='bbox 1746 146 1995 205; x_wconf 81' lang='lat' dir='ltr'>GENES.</span> <span class='ocrx_word' id='word_1_542' title='bbox 2034 146 2271 206; x_wconf 81' lang='lat' dir='ltr'>HOMIL.</span> <span class='ocrx_word' id='word_1_543' title='bbox 2304 151 2446 209; x_wconf 78' lang='lat' dir='ltr'>XXI.</span> 
     </span>
    </p>
   </div>
   <div class='ocr_carea' id='block_1_67' title="bbox 3394 164 3498 226">
    <p class='ocr_par' dir='ltr' id='par_1_67' title="bbox 3394 164 3498 226">
     <span class='ocr_line' id='line_1_67' title="bbox 3394 164 3498 226; baseline 0.029 -3"><span class='ocrx_word' id='word_1_544' title='bbox 3394 164 3498 226; x_wconf 65' lang='grc'>484</span> 
     </span>
    </p>
   </div>
   <div class='ocr_carea' id='block_1_68' title="bbox 1842 265 3497 354">
    <p class='ocr_par' dir='ltr' id='par_1_68' title="bbox 1842 265 3497 354">
     <span class='ocr_line' id='line_1_68' title="bbox 1842 265 3497 354; baseline 0.012 -36"><span class='ocrx_word' id='word_1_545' title='bbox 1842 265 1930 320; x_wconf 81' lang='grc' dir='ltr'>διὰ</span> <span class='ocrx_word' id='word_1_546' title='bbox 1951 268 2003 320; x_wconf 90' lang='grc' dir='ltr'>τί</span> <span class='ocrx_word' id='word_1_547' title='bbox 2018 269 2251 343; x_wconf 82' lang='grc' dir='ltr'>τοσαύτῃ</span> <span class='ocrx_word' id='word_1_548' title='bbox 2277 272 2401 345; x_wconf 80' lang='grc' dir='ltr'>περὶ</span> <span class='ocrx_word' id='word_1_549' title='bbox 2418 272 2515 344; x_wconf 83' lang='grc' dir='ltr'>τὴν</span> <span class='ocrx_word' id='word_1_550' title='bbox 2532 273 2633 344; x_wconf 81' lang='grc' dir='ltr'>τῆς</span> <span class='ocrx_word' id='word_1_551' title='bbox 2653 275 2828 349; x_wconf 80' lang='grc' dir='ltr'>ψυχῆς</span> <span class='ocrx_word' id='word_1_552' title='bbox 2843 276 3098 350; x_wconf 86' lang='grc' dir='ltr'>πρόνοιαν</span> <span class='ocrx_word' id='word_1_553' title='bbox 3115 275 3385 354; x_wconf 74' lang='grc' dir='ltr'>ὑπεροψίᾳ</span> <span class='ocrx_word' id='word_1_554' title='bbox 3408 301 3497 337; x_wconf 88' lang='grc' dir='ltr'>κε-</span> 
     </span>
    </p>
   </div>
   <div class='ocr_carea' id='block_1_69' title="bbox 1837 354 3497 441">
    <p class='ocr_par' dir='ltr' id='par_1_69' title="bbox 1837 354 3497 441">
     <span class='ocr_line' id='line_1_69' title="bbox 1837 354 3497 441; baseline 0.01 -34"><span class='ocrx_word' id='word_1_555' title='bbox 1837 354 2067 441; x_wconf 78' lang='grc' dir='ltr'>χρῆσθαι</span> <span class='ocrx_word' id='word_1_556' title='bbox 2092 355 2291 427; x_wconf 83' lang='grc' dir='ltr'>βούλει,</span> <span class='ocrx_word' id='word_1_557' title='bbox 2319 361 2413 414; x_wconf 78' lang='grc' dir='ltr'>καὶ</span> <span class='ocrx_word' id='word_1_558' title='bbox 2440 359 2565 415; x_wconf 76' lang='grc' dir='ltr'>οὔτε</span> <span class='ocrx_word' id='word_1_559' title='bbox 2597 365 2801 435; x_wconf 82' lang='grc' dir='ltr'>τροφὴν</span> <span class='ocrx_word' id='word_1_560' title='bbox 2822 366 2959 437; x_wconf 82' lang='grc' dir='ltr'>αὑτῇ</span> <span class='ocrx_word' id='word_1_561' title='bbox 2984 366 3315 438; x_wconf 86' lang='grc' dir='ltr'>κατάλληλον</span> <span class='ocrx_word' id='word_1_562' title='bbox 3331 387 3497 441; x_wconf 88' lang='grc' dir='ltr'>προσ-</span> 
     </span>
    </p>
   </div>
   <div class='ocr_carea' id='block_1_70' title="bbox 1835 440 3495 525">
    <p class='ocr_par' dir='ltr' id='par_1_70' title="bbox 1835 440 3495 525">
     <span class='ocr_line' id='line_1_70' title="bbox 1835 440 3495 525; baseline 0.011 -33"><span class='ocrx_word' id='word_1_563' title='bbox 1835 440 2011 507; x_wconf 84' lang='grc' dir='ltr'>άγειν,</span> <span class='ocrx_word' id='word_1_564' title='bbox 2046 442 2144 514; x_wconf 82' lang='grc' dir='ltr'>τὴν</span> <span class='ocrx_word' id='word_1_565' title='bbox 2169 447 2233 499; x_wconf 84' lang='grc' dir='ltr'>ἐκ</span> <span class='ocrx_word' id='word_1_566' title='bbox 2260 447 2368 499; x_wconf 91' lang='grc' dir='ltr'>τῶν</span> <span class='ocrx_word' id='word_1_567' title='bbox 2392 448 2551 503; x_wconf 85' lang='grc' dir='ltr'>θείων</span> <span class='ocrx_word' id='word_1_568' title='bbox 2584 444 2816 520; x_wconf 86' lang='grc' dir='ltr'>Γραφῶν</span> <span class='ocrx_word' id='word_1_569' title='bbox 2837 452 2979 520; x_wconf 88' lang='grc' dir='ltr'>λέγω</span> <span class='ocrx_word' id='word_1_570' title='bbox 3008 455 3343 525; x_wconf 89' lang='grc' dir='ltr'>παραίνεσιν,</span> <span class='ocrx_word' id='word_1_571' title='bbox 3371 440 3495 510; x_wconf 75' lang='grc' dir='ltr'>οὔτε</span> 
     </span>
    </p>
   </div>
   <div class='ocr_carea' id='block_1_71' title="bbox 1832 528 3495 613">
    <p class='ocr_par' dir='ltr' id='par_1_71' title="bbox 1832 528 3495 613">
     <span class='ocr_line' id='line_1_71' title="bbox 1832 528 3495 613; baseline 0.011 -35"><span class='ocrx_word' id='word_1_572' title='bbox 1832 529 1943 589; x_wconf 89' lang='grc' dir='ltr'>τοῖς</span> <span class='ocrx_word' id='word_1_573' title='bbox 1970 528 2280 598; x_wconf 83' lang='grc' dir='ltr'>τραύμασιν</span> <span class='ocrx_word' id='word_1_574' title='bbox 2308 533 2500 602; x_wconf 80' lang='grc' dir='ltr'>αὐτῆς,</span> <span class='ocrx_word' id='word_1_575' title='bbox 2526 536 2751 599; x_wconf 79' lang='grc' dir='ltr'>καὶτοῖς</span> <span class='ocrx_word' id='word_1_576' title='bbox 2784 537 2965 591; x_wconf 75' lang='grc' dir='ltr'>ἕλκεσι</span> <span class='ocrx_word' id='word_1_577' title='bbox 3002 543 3114 603; x_wconf 89' lang='grc' dir='ltr'>τοῖς</span> <span class='ocrx_word' id='word_1_578' title='bbox 3146 540 3495 613; x_wconf 86' lang='grc' dir='ltr'>καθαιροῦσιν</span> 
     </span>
    </p>
   </div>
   <div class='ocr_carea' id='block_1_72' title="bbox 1832 613 3496 700">
    <p class='ocr_par' dir='ltr' id='par_1_72' title="bbox 1832 613 3496 700">
     <span class='ocr_line' id='line_1_72' title="bbox 1832 613 3496 700; baseline 0.01 -35"><span class='ocrx_word' id='word_1_579' title='bbox 1832 613 2173 687; x_wconf 72' lang='grc' dir='ltr'>αὐτῆςμθι]</span> <span class='ocrx_word' id='word_1_580' title='bbox 2208 618 2305 688; x_wconf 79' lang='grc' dir='ltr'>τὴν</span> <span class='ocrx_word' id='word_1_581' title='bbox 2344 621 2513 689; x_wconf 81' lang='grc' dir='ltr'>ίσχὺν,</span> <span class='ocrx_word' id='word_1_582' title='bbox 2542 622 2641 675; x_wconf 74' lang='grc' dir='ltr'>καὶ</span> <span class='ocrx_word' id='word_1_583' title='bbox 2673 622 2770 693; x_wconf 80' lang='grc' dir='ltr'>τὴν</span> <span class='ocrx_word' id='word_1_584' title='bbox 2794 626 3105 696; x_wconf 71' lang='grc' dir='ltr'>παρρησίαν</span> <span class='ocrx_word' id='word_1_585' title='bbox 3130 626 3496 700; x_wconf 80' lang='grc' dir='ltr'>ὑποτεμνομέ-</span> 
     </span>
    </p>
   </div>
   <div class='ocr_carea' id='block_1_73' title="bbox 1834 702 3492 786">
    <p class='ocr_par' dir='ltr' id='par_1_73' title="bbox 1834 702 3492 786">
     <span class='ocr_line' id='line_1_73' title="bbox 1834 702 3492 786; baseline 0.01 -34"><span class='ocrx_word' id='word_1_586' title='bbox 1834 717 1943 764; x_wconf 91' lang='grc' dir='ltr'>νοις</span> <span class='ocrx_word' id='word_1_587' title='bbox 1976 702 2044 755; x_wconf 83' lang='grc' dir='ltr'>τὰ</span> <span class='ocrx_word' id='word_1_588' title='bbox 2084 705 2365 773; x_wconf 83' lang='grc' dir='ltr'>ἐπιτήδεια</span> <span class='ocrx_word' id='word_1_589' title='bbox 2408 708 2675 777; x_wconf 87' lang='grc' dir='ltr'>φάρμακα</span> <span class='ocrx_word' id='word_1_590' title='bbox 2719 710 3039 775; x_wconf 88' lang='grc' dir='ltr'>ἐπιτιθέναι,</span> <span class='ocrx_word' id='word_1_591' title='bbox 3074 711 3315 767; x_wconf 77' lang='grc' dir='ltr'>ἀλλὰκαὶ</span> <span class='ocrx_word' id='word_1_592' title='bbox 3338 732 3492 786; x_wconf 85' lang='grc' dir='ltr'>περι-</span> 
     </span>
    </p>
   </div>
   <div class='ocr_carea' id='block_1_74' title="bbox 1832 786 3493 868">
    <p class='ocr_par' dir='ltr' id='par_1_74' title="bbox 1832 786 3493 868">
     <span class='ocr_line' id='line_1_74' title="bbox 1832 786 3493 868; baseline 0.01 -29"><span class='ocrx_word' id='word_1_593' title='bbox 1832 786 1963 860; x_wconf 85' lang='grc' dir='ltr'>ορᾷν</span> <span class='ocrx_word' id='word_1_594' title='bbox 2010 789 2176 862; x_wconf 80' lang='grc' dir='ltr'>ἀνέχῃ</span> <span class='ocrx_word' id='word_1_595' title='bbox 2225 792 2413 862; x_wconf 84' lang='grc' dir='ltr'>αὐτὴν,</span> <span class='ocrx_word' id='word_1_596' title='bbox 2449 794 2543 846; x_wconf 80' lang='grc' dir='ltr'>καὶ</span> <span class='ocrx_word' id='word_1_597' title='bbox 2583 794 2725 864; x_wconf 90' lang='grc' dir='ltr'>λιμῷ</span> <span class='ocrx_word' id='word_1_598' title='bbox 2775 797 3103 868; x_wconf 83' lang='grc' dir='ltr'>τηκομένην,</span> <span class='ocrx_word' id='word_1_599' title='bbox 3130 801 3222 853; x_wconf 78' lang='grc' dir='ltr'>καὶ</span> <span class='ocrx_word' id='word_1_600' title='bbox 3248 801 3353 854; x_wconf 70' lang='grc' dir='ltr'>ὑπὸ</span> <span class='ocrx_word' id='word_1_601' title='bbox 3385 804 3493 856; x_wconf 87' lang='grc' dir='ltr'>τῶν</span> 
     </span>
    </p>
   </div>
   <div class='ocr_carea' id='block_1_75' title="bbox 1832 874 3493 952">
    <p class='ocr_par' dir='ltr' id='par_1_75' title="bbox 1832 874 3493 952">
     <span class='ocr_line' id='line_1_75' title="bbox 1832 874 3493 952; baseline 0.007 -25"><span class='ocrx_word' id='word_1_602' title='bbox 1832 874 2005 927; x_wconf 79' lang='grc' dir='ltr'>ἑλκῶν</span> <span class='ocrx_word' id='word_1_603' title='bbox 2029 875 2508 947; x_wconf 78' lang='grc' dir='ltr'>διαφθειρομένην,</span> <span class='ocrx_word' id='word_1_604' title='bbox 2537 879 2630 931; x_wconf 81' lang='grc' dir='ltr'>καὶ</span> <span class='ocrx_word' id='word_1_605' title='bbox 2656 880 3041 952; x_wconf 79' lang='grc' dir='ltr'>προκειμένην,</span> <span class='ocrx_word' id='word_1_606' title='bbox 3073 883 3148 946; x_wconf 83' lang='grc' dir='ltr'>ὡς</span> <span class='ocrx_word' id='word_1_607' title='bbox 3175 885 3368 950; x_wconf 76' lang='grc' dir='ltr'>εἰπεῖν,</span> <span class='ocrx_word' id='word_1_608' title='bbox 3395 904 3493 939; x_wconf 86' lang='grc' dir='ltr'>κα-</span> 
     </span>
    </p>
   </div>
   <div class='ocr_carea' id='block_1_76' title="bbox 1832 960 3490 1039">
    <p class='ocr_par' dir='ltr' id='par_1_76' title="bbox 1832 960 3490 1039">
     <span class='ocr_line' id='line_1_76' title="bbox 1832 960 3490 1039; baseline 0.008 -25"><span class='ocrx_word' id='word_1_609' title='bbox 1832 960 2006 1034; x_wconf 86' lang='grc' dir='ltr'>θάπερ</span> <span class='ocrx_word' id='word_1_610' title='bbox 2034 965 2180 1026; x_wconf 74' lang='grc' dir='ltr'>κυσὶ,</span> <span class='ocrx_word' id='word_1_611' title='bbox 2211 967 2323 1027; x_wconf 88' lang='grc' dir='ltr'>τοῖς</span> <span class='ocrx_word' id='word_1_612' title='bbox 2353 967 2607 1034; x_wconf 88' lang='grc' dir='ltr'>πονηροῖς</span> <span class='ocrx_word' id='word_1_613' title='bbox 2628 966 2723 1018; x_wconf 72' lang='grc' dir='ltr'>καὶ</span> <span class='ocrx_word' id='word_1_614' title='bbox 2763 966 2984 1030; x_wconf 80' lang='grc' dir='ltr'>ἀτόποις</span> <span class='ocrx_word' id='word_1_615' title='bbox 3022 968 3321 1039; x_wconf 86' lang='grc' dir='ltr'>λογισμοῖς,</span> <span class='ocrx_word' id='word_1_616' title='bbox 3349 972 3490 1027; x_wconf 82' lang='grc' dir='ltr'>ὥστε</span> 
     </span>
    </p>
   </div>
   <div class='ocr_carea' id='block_1_77' title="bbox 1827 1047 3285 1124">
    <p class='ocr_par' dir='ltr' id='par_1_77' title="bbox 1827 1047 3285 1124">
     <span class='ocr_line' id='line_1_77' title="bbox 1827 1047 3285 1124; baseline 0.004 -24"><span class='ocrx_word' id='word_1_617' title='bbox 1827 1047 2083 1119; x_wconf 85' lang='grc' dir='ltr'>διασπᾷν,</span> <span class='ocrx_word' id='word_1_618' title='bbox 2120 1048 2215 1102; x_wconf 74' lang='grc' dir='ltr'>καὶ</span> <span class='ocrx_word' id='word_1_619' title='bbox 2241 1048 2335 1101; x_wconf 82' lang='grc' dir='ltr'>τὸν</span> <span class='ocrx_word' id='word_1_620' title='bbox 2363 1049 2517 1103; x_wconf 88' lang='grc' dir='ltr'>τόνον</span> <span class='ocrx_word' id='word_1_621' title='bbox 2540 1050 2711 1121; x_wconf 85' lang='grc' dir='ltr'>αὐτῆς</span> <span class='ocrx_word' id='word_1_622' title='bbox 2732 1052 2945 1105; x_wconf 76' lang='grc' dir='ltr'>ᾶπαντα</span> <span class='ocrx_word' id='word_1_623' title='bbox 2972 1053 3285 1124; x_wconf 85' lang='grc' dir='ltr'>καθαιρεῖν;</span> 
     </span>
    </p>
   </div>
   <div class='ocr_carea' id='block_1_78' title="bbox 1899 1134 3489 1209">
    <p class='ocr_par' dir='ltr' id='par_1_78' title="bbox 1899 1134 3489 1209">
     <span class='ocr_line' id='line_1_78' title="bbox 1899 1134 3489 1209; baseline 0.006 -23"><span class='ocrx_word' id='word_1_624' title='bbox 1899 1134 1998 1187; x_wconf 85' lang='grc' dir='ltr'>Διά</span> <span class='ocrx_word' id='word_1_625' title='bbox 2023 1134 2076 1187; x_wconf 88' lang='grc' dir='ltr'>τί</span> <span class='ocrx_word' id='word_1_626' title='bbox 2109 1135 2181 1205; x_wconf 84' lang='grc' dir='ltr'>μὴ</span> <span class='ocrx_word' id='word_1_627' title='bbox 2206 1134 2457 1206; x_wconf 84' lang='grc' dir='ltr'>καθάπερ</span> <span class='ocrx_word' id='word_1_628' title='bbox 2482 1136 2576 1190; x_wconf 90' lang='grc' dir='ltr'>τοῦ</span> <span class='ocrx_word' id='word_1_629' title='bbox 2612 1136 2862 1207; x_wconf 84' lang='grc' dir='ltr'>σώματος</span> <span class='ocrx_word' id='word_1_630' title='bbox 2892 1137 2985 1191; x_wconf 89' lang='grc' dir='ltr'>τοῦ</span> <span class='ocrx_word' id='word_1_631' title='bbox 3007 1140 3282 1209; x_wconf 81' lang='grc' dir='ltr'>ὁρωμένου</span> <span class='ocrx_word' id='word_1_632' title='bbox 3306 1142 3489 1196; x_wconf 87' lang='grc' dir='ltr'>ποιού-</span> 
     </span>
    </p>
   </div>
   <div class='ocr_carea' id='block_1_79' title="bbox 1831 1220 3490 1298">
    <p class='ocr_par' dir='ltr' id='par_1_79' title="bbox 1831 1220 3490 1298">
     <span class='ocr_line' id='line_1_79' title="bbox 1831 1220 3490 1298; baseline 0.006 -27"><span class='ocrx_word' id='word_1_633' title='bbox 1831 1220 1968 1290; x_wconf 89' lang='grc' dir='ltr'>μεθα</span> <span class='ocrx_word' id='word_1_634' title='bbox 1997 1222 2094 1292; x_wconf 82' lang='grc' dir='ltr'>τὴν</span> <span class='ocrx_word' id='word_1_635' title='bbox 2123 1222 2399 1292; x_wconf 87' lang='grc' dir='ltr'>πρόνοιαν,</span> <span class='ocrx_word' id='word_1_636' title='bbox 2438 1222 2530 1275; x_wconf 75' lang='grc' dir='ltr'>τὸν</span> <span class='ocrx_word' id='word_1_637' title='bbox 2559 1223 2722 1276; x_wconf 82' lang='grc' dir='ltr'>αὐτὸν</span> <span class='ocrx_word' id='word_1_638' title='bbox 2746 1223 2808 1294; x_wconf 83' lang='grc' dir='ltr'>δὴ</span> <span class='ocrx_word' id='word_1_639' title='bbox 2847 1224 3047 1295; x_wconf 86' lang='grc' dir='ltr'>τρόπον</span> <span class='ocrx_word' id='word_1_640' title='bbox 3074 1226 3167 1278; x_wconf 78' lang='grc' dir='ltr'>καὶ</span> <span class='ocrx_word' id='word_1_641' title='bbox 3193 1227 3291 1297; x_wconf 85' lang='grc' dir='ltr'>τῆς</span> <span class='ocrx_word' id='word_1_642' title='bbox 3314 1227 3490 1298; x_wconf 81' lang='grc' dir='ltr'>ψυχῆς</span> 
     </span>
    </p>
   </div>
   <div class='ocr_carea' id='block_1_80' title="bbox 1826 1305 3490 1384">
    <p class='ocr_par' dir='ltr' id='par_1_80' title="bbox 1826 1305 3490 1384">
     <span class='ocr_line' id='line_1_80' title="bbox 1826 1305 3490 1384; baseline 0.005 -27"><span class='ocrx_word' id='word_1_643' title='bbox 1826 1305 1924 1375; x_wconf 83' lang='grc' dir='ltr'>τῆς</span> <span class='ocrx_word' id='word_1_644' title='bbox 1945 1306 2257 1377; x_wconf 87' lang='grc' dir='ltr'>ἀσωμάτου,</span> <span class='ocrx_word' id='word_1_645' title='bbox 2286 1309 2379 1361; x_wconf 76' lang='grc' dir='ltr'>καὶ</span> <span class='ocrx_word' id='word_1_646' title='bbox 2413 1308 2487 1380; x_wconf 85' lang='grc' dir='ltr'>μὴ</span> <span class='ocrx_word' id='word_1_647' title='bbox 2516 1310 2820 1381; x_wconf 83' lang='grc' dir='ltr'>ὁρωμένης,</span> <span class='ocrx_word' id='word_1_648' title='bbox 2849 1311 3007 1363; x_wconf 84' lang='grc' dir='ltr'>ὁπότε</span> <span class='ocrx_word' id='word_1_649' title='bbox 3039 1311 3133 1364; x_wconf 75' lang='grc' dir='ltr'>καὶ</span> <span class='ocrx_word' id='word_1_650' title='bbox 3152 1315 3186 1382; x_wconf 88' lang='grc' dir='ltr'>ή</span> <span class='ocrx_word' id='word_1_651' title='bbox 3213 1314 3341 1384; x_wconf 81' lang='grc' dir='ltr'>περὶ</span> <span class='ocrx_word' id='word_1_652' title='bbox 3358 1314 3490 1367; x_wconf 86' lang='grc' dir='ltr'>ταύ-</span> 
     </span>
    </p>
   </div>
   <div class='ocr_carea' id='block_1_81' title="bbox 1824 1394 3490 1467">
    <p class='ocr_par' dir='ltr' id='par_1_81' title="bbox 1824 1394 3490 1467">
     <span class='ocr_line' id='line_1_81' title="bbox 1824 1394 3490 1467; baseline 0.005 -22"><span class='ocrx_word' id='word_1_653' title='bbox 1824 1408 1926 1465; x_wconf 85' lang='grc' dir='ltr'>την</span> <span class='ocrx_word' id='word_1_654' title='bbox 1968 1394 2250 1465; x_wconf 86' lang='grc' dir='ltr'>ἐπιμέλεια</span> <span class='ocrx_word' id='word_1_655' title='bbox 2302 1396 2364 1449; x_wconf 83' lang='grc' dir='ltr'>οὐ</span> <span class='ocrx_word' id='word_1_656' title='bbox 2411 1396 2569 1467; x_wconf 89' lang='grc' dir='ltr'>μόνον</span> <span class='ocrx_word' id='word_1_657' title='bbox 2625 1396 2845 1461; x_wconf 77' lang='grc' dir='ltr'>εὔκολος</span> <span class='ocrx_word' id='word_1_658' title='bbox 2875 1397 2971 1451; x_wconf 77' lang='grc' dir='ltr'>καὶ</span> <span class='ocrx_word' id='word_1_659' title='bbox 3003 1398 3202 1467; x_wconf 87' lang='grc' dir='ltr'>κούφη,</span> <span class='ocrx_word' id='word_1_660' title='bbox 3232 1399 3368 1454; x_wconf 84' lang='grc' dir='ltr'>ἀλλὰ</span> <span class='ocrx_word' id='word_1_661' title='bbox 3394 1401 3490 1454; x_wconf 76' lang='grc' dir='ltr'>καὶ</span> 
     </span>
    </p>
   </div>
   <div class='ocr_carea' id='block_1_82' title="bbox 1826 1479 3488 1555">
    <p class='ocr_par' dir='ltr' id='par_1_82' title="bbox 1826 1479 3488 1555">
     <span class='ocr_line' id='line_1_82' title="bbox 1826 1479 3488 1555; baseline 0.005 -23"><span class='ocrx_word' id='word_1_662' title='bbox 1826 1479 2117 1545; x_wconf 87' lang='grc' dir='ltr'>ἀδάπανος,</span> <span class='ocrx_word' id='word_1_663' title='bbox 2150 1482 2244 1535; x_wconf 73' lang='grc' dir='ltr'>καὶ</span> <span class='ocrx_word' id='word_1_664' title='bbox 2273 1479 2485 1546; x_wconf 82' lang='grc' dir='ltr'>οὐδενὸς</span> <span class='ocrx_word' id='word_1_665' title='bbox 2518 1482 2765 1553; x_wconf 81' lang='grc' dir='ltr'>καμάτου</span> <span class='ocrx_word' id='word_1_666' title='bbox 2799 1483 3066 1555; x_wconf 78' lang='grc' dir='ltr'>δεομένης</span> <span class='ocrx_word' id='word_1_667' title='bbox 3111 1485 3225 1539; x_wconf 72' lang='grc' dir='ltr'>Καὶ</span> <span class='ocrx_word' id='word_1_668' title='bbox 3253 1486 3488 1541; x_wconf 84' lang='grc' dir='ltr'>ἐνταῦθα</span> 
     </span>
    </p>
   </div>
   <div class='ocr_carea' id='block_1_83' title="bbox 1829 1566 3486 1642">
    <p class='ocr_par' dir='ltr' id='par_1_83' title="bbox 1829 1566 3486 1642">
     <span class='ocr_line' id='line_1_83' title="bbox 1829 1566 3486 1642; baseline 0.005 -24"><span class='ocrx_word' id='word_1_669' title='bbox 1829 1566 1926 1637; x_wconf 84' lang='grc' dir='ltr'>μὲν</span> <span class='ocrx_word' id='word_1_670' title='bbox 1950 1568 2043 1619; x_wconf 74' lang='grc' dir='ltr'>ἐπὶ</span> <span class='ocrx_word' id='word_1_671' title='bbox 2068 1569 2167 1639; x_wconf 83' lang='grc' dir='ltr'>τῆς</span> <span class='ocrx_word' id='word_1_672' title='bbox 2191 1568 2283 1621; x_wconf 89' lang='grc' dir='ltr'>τοῦ</span> <span class='ocrx_word' id='word_1_673' title='bbox 2308 1568 2557 1639; x_wconf 85' lang='grc' dir='ltr'>σώματος</span> <span class='ocrx_word' id='word_1_674' title='bbox 2577 1569 2911 1640; x_wconf 85' lang='grc' dir='ltr'>ἐπιμελείας,</span> <span class='ocrx_word' id='word_1_675' title='bbox 2936 1572 3030 1623; x_wconf 77' lang='grc' dir='ltr'>καὶ</span> <span class='ocrx_word' id='word_1_676' title='bbox 3052 1570 3159 1623; x_wconf 90' lang='grc' dir='ltr'>τῶν</span> <span class='ocrx_word' id='word_1_677' title='bbox 3180 1570 3274 1624; x_wconf 87' lang='grc' dir='ltr'>τοῦ</span> <span class='ocrx_word' id='word_1_678' title='bbox 3300 1572 3486 1642; x_wconf 80' lang='grc' dir='ltr'>σώμα-</span> 
     </span>
    </p>
   </div>
   <div class='ocr_carea' id='block_1_84' title="bbox 1824 1654 3486 1731">
    <p class='ocr_par' dir='ltr' id='par_1_84' title="bbox 1824 1654 3486 1731">
     <span class='ocr_line' id='line_1_84' title="bbox 1824 1654 3486 1731; baseline 0.005 -26"><span class='ocrx_word' id='word_1_679' title='bbox 1824 1670 1914 1717; x_wconf 88' lang='grc' dir='ltr'>τος</span> <span class='ocrx_word' id='word_1_680' title='bbox 1945 1654 2392 1727; x_wconf 74' lang='grc' dir='ltr'>ἀρρωστημάτων</span> <span class='ocrx_word' id='word_1_681' title='bbox 2422 1657 2635 1727; x_wconf 80' lang='grc' dir='ltr'>ἀνάγκη</span> <span class='ocrx_word' id='word_1_682' title='bbox 2659 1656 2752 1709; x_wconf 72' lang='grc' dir='ltr'>καὶ</span> <span class='ocrx_word' id='word_1_683' title='bbox 2777 1658 3073 1731; x_wconf 88' lang='grc' dir='ltr'>χρημάτων</span> <span class='ocrx_word' id='word_1_684' title='bbox 3096 1658 3294 1729; x_wconf 85' lang='grc' dir='ltr'>πολλὴν</span> <span class='ocrx_word' id='word_1_685' title='bbox 3313 1660 3486 1714; x_wconf 84' lang='grc' dir='ltr'>δαπά-</span> 
     </span>
    </p>
   </div>
   <div class='ocr_carea' id='block_1_85' title="bbox 1825 1743 3486 1819">
    <p class='ocr_par' dir='ltr' id='par_1_85' title="bbox 1825 1743 3486 1819">
     <span class='ocr_line' id='line_1_85' title="bbox 1825 1743 3486 1819; baseline 0.004 -25"><span class='ocrx_word' id='word_1_686' title='bbox 1825 1759 1921 1813; x_wconf 91' lang='grc' dir='ltr'>νην</span> <span class='ocrx_word' id='word_1_687' title='bbox 1954 1743 2221 1811; x_wconf 88' lang='grc' dir='ltr'>γενέσθαι,</span> <span class='ocrx_word' id='word_1_688' title='bbox 2250 1743 2342 1797; x_wconf 76' lang='grc' dir='ltr'>καὶ</span> <span class='ocrx_word' id='word_1_689' title='bbox 2368 1744 2437 1799; x_wconf 83' lang='grc' dir='ltr'>τὰ</span> <span class='ocrx_word' id='word_1_690' title='bbox 2470 1744 2567 1815; x_wconf 86' lang='grc' dir='ltr'>μὲν</span> <span class='ocrx_word' id='word_1_691' title='bbox 2598 1744 2776 1798; x_wconf 82' lang='grc' dir='ltr'>αὐτῶν</span> <span class='ocrx_word' id='word_1_692' title='bbox 2814 1747 2928 1807; x_wconf 88' lang='grc' dir='ltr'>τοῖς</span> <span class='ocrx_word' id='word_1_693' title='bbox 2969 1746 3171 1817; x_wconf 77' lang='grc' dir='ltr'>ἰατροῖς</span> <span class='ocrx_word' id='word_1_694' title='bbox 3209 1764 3486 1819; x_wconf 89' lang='grc' dir='ltr'>προσανα-</span> 
     </span>
    </p>
   </div>
   <div class='ocr_carea' id='block_1_86' title="bbox 1822 1827 3487 1905">
    <p class='ocr_par' dir='ltr' id='par_1_86' title="bbox 1822 1827 3487 1905">
     <span class='ocr_line' id='line_1_86' title="bbox 1822 1827 3487 1905; baseline 0.004 -25"><span class='ocrx_word' id='word_1_695' title='bbox 1822 1827 2049 1894; x_wconf 89' lang='grc' dir='ltr'>λίσκειν,</span> <span class='ocrx_word' id='word_1_696' title='bbox 2088 1829 2156 1883; x_wconf 84' lang='grc' dir='ltr'>τὰ</span> <span class='ocrx_word' id='word_1_697' title='bbox 2191 1828 2247 1883; x_wconf 90' lang='grc' dir='ltr'>δέ</span> <span class='ocrx_word' id='word_1_698' title='bbox 2290 1832 2370 1894; x_wconf 84' lang='grc' dir='ltr'>είς</span> <span class='ocrx_word' id='word_1_699' title='bbox 2406 1831 2505 1902; x_wconf 84' lang='grc' dir='ltr'>τὴν</span> <span class='ocrx_word' id='word_1_700' title='bbox 2540 1830 2704 1901; x_wconf 80' lang='grc' dir='ltr'>ἄλλην</span> <span class='ocrx_word' id='word_1_701' title='bbox 2750 1829 2963 1885; x_wconf 76' lang='grc' dir='ltr'>ἃπασαν</span> <span class='ocrx_word' id='word_1_702' title='bbox 2997 1832 3310 1903; x_wconf 89' lang='grc' dir='ltr'>θεραπείαν,</span> <span class='ocrx_word' id='word_1_703' title='bbox 3351 1834 3487 1905; x_wconf 76' lang='grc' dir='ltr'>πρὸς</span> 
     </span>
    </p>
   </div>
   <div class='ocr_carea' id='block_1_87' title="bbox 1822 1916 3486 1992">
    <p class='ocr_par' dir='ltr' id='par_1_87' title="bbox 1822 1916 3486 1992">
     <span class='ocr_line' id='line_1_87' title="bbox 1822 1916 3486 1992; baseline 0.004 -23"><span class='ocrx_word' id='word_1_704' title='bbox 1822 1916 2027 1988; x_wconf 84' lang='grc' dir='ltr'>τροφὴν</span> <span class='ocrx_word' id='word_1_705' title='bbox 2064 1917 2206 1987; x_wconf 87' lang='grc' dir='ltr'>λέγω</span> <span class='ocrx_word' id='word_1_706' title='bbox 2255 1919 2350 1971; x_wconf 79' lang='grc' dir='ltr'>καὶ</span> <span class='ocrx_word' id='word_1_707' title='bbox 2383 1918 2518 1990; x_wconf 79' lang='grc' dir='ltr'>πρὸς</span> <span class='ocrx_word' id='word_1_708' title='bbox 2571 1916 2861 1989; x_wconf 85' lang='grc' dir='ltr'>ἐνδύματα,</span> <span class='ocrx_word' id='word_1_709' title='bbox 2904 1920 2996 1972; x_wconf 74' lang='grc' dir='ltr'>καὶ</span> <span class='ocrx_word' id='word_1_710' title='bbox 3023 1919 3176 1974; x_wconf 76' lang='grc' dir='ltr'>οὔπω</span> <span class='ocrx_word' id='word_1_711' title='bbox 3206 1922 3366 1992; x_wconf 73' lang='grc' dir='ltr'>φημὶ.</span> <span class='ocrx_word' id='word_1_712' title='bbox 3404 1924 3486 1975; x_wconf 80' lang='grc' dir='ltr'>ὅτι</span> 
     </span>
    </p>
   </div>
   <div class='ocr_carea' id='block_1_88' title="bbox 1823 2004 3488 2079">
    <p class='ocr_par' dir='ltr' id='par_1_88' title="bbox 1823 2004 3488 2079">
     <span class='ocr_line' id='line_1_88' title="bbox 1823 2004 3488 2079; baseline 0.002 -22"><span class='ocrx_word' id='word_1_713' title='bbox 1823 2006 1918 2057; x_wconf 74' lang='grc' dir='ltr'>καὶ</span> <span class='ocrx_word' id='word_1_714' title='bbox 1948 2005 2087 2076; x_wconf 78' lang='grc' dir='ltr'>ὑπὲρ</span> <span class='ocrx_word' id='word_1_715' title='bbox 2130 2005 2227 2077; x_wconf 84' lang='grc' dir='ltr'>τὴν</span> <span class='ocrx_word' id='word_1_716' title='bbox 2255 2005 2443 2077; x_wconf 88' lang='grc' dir='ltr'>χρείαν</span> <span class='ocrx_word' id='word_1_717' title='bbox 2490 2004 2539 2058; x_wconf 86' lang='grc' dir='ltr'>οί</span> <span class='ocrx_word' id='word_1_718' title='bbox 2568 2005 2782 2069; x_wconf 89' lang='grc' dir='ltr'>πλείους</span> <span class='ocrx_word' id='word_1_719' title='bbox 2810 2006 2982 2060; x_wconf 89' lang='grc' dir='ltr'>ταῦτα</span> <span class='ocrx_word' id='word_1_720' title='bbox 3008 2006 3314 2061; x_wconf 84' lang='grc' dir='ltr'>δαπανῶσιν</span> <span class='ocrx_word' id='word_1_721' title='bbox 3347 2009 3488 2079; x_wconf 86' lang='grc' dir='ltr'>ἀμε-</span> 
     </span>
    </p>
   </div>
   <div class='ocr_carea' id='block_1_89' title="bbox 1821 2090 3486 2163">
    <p class='ocr_par' dir='ltr' id='par_1_89' title="bbox 1821 2090 3486 2163">
     <span class='ocr_line' id='line_1_89' title="bbox 1821 2090 3486 2163; baseline 0.004 -21"><span class='ocrx_word' id='word_1_722' title='bbox 1821 2091 1947 2162; x_wconf 84' lang='grc' dir='ltr'>τρίᾳ</span> <span class='ocrx_word' id='word_1_723' title='bbox 1972 2092 2139 2162; x_wconf 84' lang='grc' dir='ltr'>πολλῇ</span> <span class='ocrx_word' id='word_1_724' title='bbox 2169 2093 2495 2162; x_wconf 84' lang='grc' dir='ltr'>κεχρημένοι</span> <span class='ocrx_word' id='word_1_725' title='bbox 2522 2109 2537 2124; x_wconf 75' lang='grc' dir='ltr'><strong>ο</strong></span> <span class='ocrx_word' id='word_1_726' title='bbox 2592 2092 2686 2145; x_wconf 72' lang='grc' dir='ltr'>ἐπὶ</span> <span class='ocrx_word' id='word_1_727' title='bbox 2710 2090 2766 2145; x_wconf 88' lang='grc' dir='ltr'>δέ</span> <span class='ocrx_word' id='word_1_728' title='bbox 2801 2092 2901 2163; x_wconf 80' lang='grc' dir='ltr'>τῆς</span> <span class='ocrx_word' id='word_1_729' title='bbox 2933 2092 3105 2163; x_wconf 79' lang='grc' dir='ltr'>ψυχῆς</span> <span class='ocrx_word' id='word_1_730' title='bbox 3135 2094 3345 2158; x_wconf 77' lang='grc' dir='ltr'>οὐδενὸς</span> <span class='ocrx_word' id='word_1_731' title='bbox 3376 2096 3486 2149; x_wconf 91' lang='grc' dir='ltr'>τῶν</span> 
     </span>
    </p>
   </div>
   <div class='ocr_carea' id='block_1_90' title="bbox 1821 2179 3484 2254">
    <p class='ocr_par' dir='ltr' id='par_1_90' title="bbox 1821 2179 3484 2254">
     <span class='ocr_line' id='line_1_90' title="bbox 1821 2179 3484 2254; baseline 0.004 -23"><span class='ocrx_word' id='word_1_732' title='bbox 1821 2179 2077 2233; x_wconf 89' lang='grc' dir='ltr'>τοιούτων</span> <span class='ocrx_word' id='word_1_733' title='bbox 2107 2182 2207 2242; x_wconf 86' lang='grc' dir='ltr'>δεῖ,</span> <span class='ocrx_word' id='word_1_734' title='bbox 2239 2180 2354 2233; x_wconf 86' lang='grc' dir='ltr'>ἀλλ’</span> <span class='ocrx_word' id='word_1_735' title='bbox 2390 2182 2439 2234; x_wconf 86' lang='grc' dir='ltr'>εί</span> <span class='ocrx_word' id='word_1_736' title='bbox 2485 2180 2823 2252; x_wconf 87' lang='grc' dir='ltr'>βουληθείης,</span> <span class='ocrx_word' id='word_1_737' title='bbox 2852 2180 3101 2252; x_wconf 87' lang='grc' dir='ltr'>καθάπερ</span> <span class='ocrx_word' id='word_1_738' title='bbox 3131 2181 3215 2250; x_wconf 79' lang='grc' dir='ltr'>ἐφ’</span> <span class='ocrx_word' id='word_1_739' title='bbox 3249 2184 3484 2254; x_wconf 82' lang='grc' dir='ltr'>ἑκάστης</span> 
     </span>
    </p>
   </div>
   <div class='ocr_carea' id='block_1_91' title="bbox 1820 2267 3485 2341">
    <p class='ocr_par' dir='ltr' id='par_1_91' title="bbox 1820 2267 3485 2341">
     <span class='ocr_line' id='line_1_91' title="bbox 1820 2267 3485 2341; baseline 0.003 -21"><span class='ocrx_word' id='word_1_740' title='bbox 1820 2267 2031 2338; x_wconf 77' lang='grc' dir='ltr'>ἡμέρας</span> <span class='ocrx_word' id='word_1_741' title='bbox 2059 2267 2136 2338; x_wconf 85' lang='grc' dir='ltr'>τῷ</span> <span class='ocrx_word' id='word_1_742' title='bbox 2158 2268 2370 2339; x_wconf 86' lang='grc' dir='ltr'>σώματι</span> <span class='ocrx_word' id='word_1_743' title='bbox 2398 2267 2495 2340; x_wconf 77' lang='grc' dir='ltr'>τὴν</span> <span class='ocrx_word' id='word_1_744' title='bbox 2514 2267 2718 2339; x_wconf 84' lang='grc' dir='ltr'>τροφὴν</span> <span class='ocrx_word' id='word_1_745' title='bbox 2734 2271 3006 2339; x_wconf 88' lang='grc' dir='ltr'>χορηγεῖς,</span> <span class='ocrx_word' id='word_1_746' title='bbox 3025 2270 3118 2323; x_wconf 74' lang='grc' dir='ltr'>καὶ</span> <span class='ocrx_word' id='word_1_747' title='bbox 3136 2269 3203 2322; x_wconf 80' lang='grc' dir='ltr'>τά</span> <span class='ocrx_word' id='word_1_748' title='bbox 3231 2272 3485 2341; x_wconf 87' lang='grc' dir='ltr'>χρήματα</span> 
     </span>
    </p>
   </div>
   <div class='ocr_carea' id='block_1_92' title="bbox 1820 2354 3487 2429">
    <p class='ocr_par' dir='ltr' id='par_1_92' title="bbox 1820 2354 3487 2429">
     <span class='ocr_line' id='line_1_92' title="bbox 1820 2354 3487 2429; baseline 0.002 -22"><span class='ocrx_word' id='word_1_749' title='bbox 1820 2355 2247 2421; x_wconf 86' lang='grc' dir='ltr'>καταναλίσκων,</span> <span class='ocrx_word' id='word_1_750' title='bbox 2292 2355 2434 2409; x_wconf 72' lang='grc' dir='ltr'>οὕτω</span> <span class='ocrx_word' id='word_1_751' title='bbox 2478 2356 2572 2409; x_wconf 73' lang='grc' dir='ltr'>καὶ</span> <span class='ocrx_word' id='word_1_752' title='bbox 2598 2355 2693 2427; x_wconf 81' lang='grc' dir='ltr'>τήν</span> <span class='ocrx_word' id='word_1_753' title='bbox 2720 2354 2898 2426; x_wconf 83' lang='grc' dir='ltr'>ψυχὴν</span> <span class='ocrx_word' id='word_1_754' title='bbox 2932 2355 3005 2426; x_wconf 83' lang='grc' dir='ltr'>μὴ</span> <span class='ocrx_word' id='word_1_755' title='bbox 3053 2360 3312 2427; x_wconf 76' lang='grc' dir='ltr'>περιορᾷν</span> <span class='ocrx_word' id='word_1_756' title='bbox 3340 2358 3487 2429; x_wconf 85' lang='grc' dir='ltr'>λιμῷ</span> 
     </span>
    </p>
   </div>
   <div class='ocr_carea' id='block_1_93' title="bbox 1820 2442 3485 2518">
    <p class='ocr_par' dir='ltr' id='par_1_93' title="bbox 1820 2442 3485 2518">
     <span class='ocr_line' id='line_1_93' title="bbox 1820 2442 3485 2518; baseline 0.004 -23"><span class='ocrx_word' id='word_1_757' title='bbox 1820 2442 2202 2515; x_wconf 89' lang='grc' dir='ltr'>φθειρομένην,</span> <span class='ocrx_word' id='word_1_758' title='bbox 2231 2444 2324 2497; x_wconf 73' lang='grc' dir='ltr'>καὶ</span> <span class='ocrx_word' id='word_1_759' title='bbox 2351 2443 2611 2513; x_wconf 88' lang='grc' dir='ltr'>παρέχειν</span> <span class='ocrx_word' id='word_1_760' title='bbox 2641 2444 2775 2514; x_wconf 80' lang='grc' dir='ltr'>αὐτῇ</span> <span class='ocrx_word' id='word_1_761' title='bbox 2800 2443 2896 2513; x_wconf 86' lang='grc' dir='ltr'>τὴν</span> <span class='ocrx_word' id='word_1_762' title='bbox 2917 2443 3250 2514; x_wconf 86' lang='grc' dir='ltr'>κατάλληλον</span> <span class='ocrx_word' id='word_1_763' title='bbox 3279 2448 3485 2518; x_wconf 79' lang='grc' dir='ltr'>τροφὴν</span> 
     </span>
    </p>
   </div>
   <div class='ocr_carea' id='block_1_94' title="bbox 1816 2528 3482 2602">
    <p class='ocr_par' dir='ltr' id='par_1_94' title="bbox 1816 2528 3482 2602">
     <span class='ocr_line' id='line_1_94' title="bbox 1816 2528 3482 2602; baseline 0.001 -19"><span class='ocrx_word' id='word_1_764' title='bbox 1816 2529 1915 2600; x_wconf 83' lang='grc' dir='ltr'>τὴν</span> <span class='ocrx_word' id='word_1_765' title='bbox 1952 2532 2015 2582; x_wconf 88' lang='grc' dir='ltr'>ἐκ</span> <span class='ocrx_word' id='word_1_766' title='bbox 2032 2530 2129 2599; x_wconf 85' lang='grc' dir='ltr'>τῆς</span> <span class='ocrx_word' id='word_1_767' title='bbox 2156 2529 2263 2582; x_wconf 82' lang='grc' dir='ltr'>τῶν</span> <span class='ocrx_word' id='word_1_768' title='bbox 2290 2529 2520 2601; x_wconf 83' lang='grc' dir='ltr'>Γραφῶν</span> <span class='ocrx_word' id='word_1_769' title='bbox 2555 2528 2930 2597; x_wconf 85' lang='grc' dir='ltr'>ἀναγνώσεως,</span> <span class='ocrx_word' id='word_1_770' title='bbox 2963 2530 3056 2582; x_wconf 71' lang='grc' dir='ltr'>καὶ</span> <span class='ocrx_word' id='word_1_771' title='bbox 3101 2533 3200 2602; x_wconf 84' lang='grc' dir='ltr'>τῆς</span> <span class='ocrx_word' id='word_1_772' title='bbox 3236 2549 3482 2599; x_wconf 84' lang='grc' dir='ltr'>πνευμα-</span> 
     </span>
    </p>
   </div>
   <div class='ocr_carea' id='block_1_95' title="bbox 1817 2615 3481 2689">
    <p class='ocr_par' dir='ltr' id='par_1_95' title="bbox 1817 2615 3481 2689">
     <span class='ocr_line' id='line_1_95' title="bbox 1817 2615 3481 2689; baseline 0.002 -21"><span class='ocrx_word' id='word_1_773' title='bbox 1817 2616 1973 2686; x_wconf 85' lang='grc' dir='ltr'>τικῆς</span> <span class='ocrx_word' id='word_1_774' title='bbox 2000 2616 2282 2679; x_wconf 89' lang='grc' dir='ltr'>νουθεσίας</span> <span class='ocrx_word' id='word_1_775' title='bbox 2301 2617 2621 2686; x_wconf 79' lang='grc' dir='ltr'>παραίνεσιν</span> <span class='ocrx_word' id='word_1_776' title='bbox 2639 2632 2653 2645; x_wconf 71' lang='grc' dir='ltr'>ο</span> <span class='ocrx_word' id='word_1_777' title='bbox 2694 2618 2813 2669; x_wconf 83' lang='grc' dir='ltr'>Οὐκ</span> <span class='ocrx_word' id='word_1_778' title='bbox 2841 2616 2932 2668; x_wconf 82' lang='grc' dir='ltr'>ἐπ’</span> <span class='ocrx_word' id='word_1_779' title='bbox 2954 2615 3109 2683; x_wconf 78' lang='grc' dir='ltr'>ἄρτῳ</span> <span class='ocrx_word' id='word_1_780' title='bbox 3134 2620 3316 2686; x_wconf 73' lang='grc' dir='ltr'>μόνον</span> <span class='ocrx_word' id='word_1_781' title='bbox 3353 2620 3481 2689; x_wconf 78' lang='grc' dir='ltr'>γὰρ,</span> 
     </span>
    </p>
   </div>
   <div class='ocr_carea' id='block_1_96' title="bbox 1818 2699 3482 2771">
    <p class='ocr_par' dir='ltr' id='par_1_96' title="bbox 1818 2699 3482 2771">
     <span class='ocr_line' id='line_1_96' title="bbox 1818 2699 3482 2771; baseline 0.002 -16"><span class='ocrx_word' id='word_1_782' title='bbox 1818 2702 1974 2771; x_wconf 76' lang='grc' dir='ltr'>φησὶ,</span> <span class='ocrx_word' id='word_1_783' title='bbox 2006 2699 2249 2768; x_wconf 72' lang='grc' dir='ltr'>ζήσεται</span> <span class='ocrx_word' id='word_1_784' title='bbox 2281 2702 2608 2769; x_wconf 62' lang='grc' dir='ltr'>ἄνθρωπος,</span> <span class='ocrx_word' id='word_1_785' title='bbox 2631 2702 2769 2756; x_wconf 74' lang='grc' dir='ltr'>ἀλλ’</span> <span class='ocrx_word' id='word_1_786' title='bbox 2797 2701 2896 2755; x_wconf 78' lang='grc' dir='ltr'>ἐπὶ</span> <span class='ocrx_word' id='word_1_787' title='bbox 2930 2701 3104 2755; x_wconf 80' lang='grc' dir='ltr'>παντί</span> <span class='ocrx_word' id='word_1_788' title='bbox 3143 2703 3361 2771; x_wconf 76' lang='grc' dir='ltr'>ῥήματι</span> <span class='ocrx_word' id='word_1_789' title='bbox 3386 2706 3482 2758; x_wconf 80' lang='grc' dir='ltr'>ἐκ·</span> 
     </span>
    </p>
   </div>
   <div class='ocr_carea' id='block_1_97' title="bbox 1816 2789 3481 2863">
    <p class='ocr_par' dir='ltr' id='par_1_97' title="bbox 1816 2789 3481 2863">
     <span class='ocr_line' id='line_1_97' title="bbox 1816 2789 3481 2863; baseline 0.004 -22"><span class='ocrx_word' id='word_1_790' title='bbox 1816 2789 2195 2859; x_wconf 79' lang='grc' dir='ltr'>πορευομένῳ</span> <span class='ocrx_word' id='word_1_791' title='bbox 2223 2790 2318 2843; x_wconf 84' lang='grc' dir='ltr'>διὰ</span> <span class='ocrx_word' id='word_1_792' title='bbox 2346 2790 2643 2858; x_wconf 79' lang='grc' dir='ltr'>στόματος</span> <span class='ocrx_word' id='word_1_793' title='bbox 2678 2789 2825 2843; x_wconf 83' lang='grc' dir='ltr'>Θεοῦ</span> <span class='ocrx_word' id='word_1_794' title='bbox 2851 2806 2865 2820; x_wconf 92' lang='grc'><strong>·</strong></span> <span class='ocrx_word' id='word_1_795' title='bbox 2908 2791 3102 2861; x_wconf 87' lang='grc' dir='ltr'>ἄριστα</span> <span class='ocrx_word' id='word_1_796' title='bbox 3129 2794 3481 2863; x_wconf 77' lang='grc' dir='ltr'>περὶτούτων</span> 
     </span>
    </p>
   </div>
   <div class='ocr_carea' id='block_1_98' title="bbox 1815 2875 3480 2953">
    <p class='ocr_par' dir='ltr' id='par_1_98' title="bbox 1815 2875 3480 2953">
     <span class='ocr_line' id='line_1_98' title="bbox 1815 2875 3480 2953; baseline 0.003 -23"><span class='ocrx_word' id='word_1_797' title='bbox 1815 2876 2181 2947; x_wconf 87' lang='grc' dir='ltr'>διατιθέμενος</span> <span class='ocrx_word' id='word_1_798' title='bbox 2215 2877 2334 2948; x_wconf 75' lang='grc' dir='ltr'>ἔσῃ,</span> <span class='ocrx_word' id='word_1_799' title='bbox 2380 2877 2475 2930; x_wconf 76' lang='grc' dir='ltr'>καὶ</span> <span class='ocrx_word' id='word_1_800' title='bbox 2521 2877 2650 2947; x_wconf 76' lang='grc' dir='ltr'>περὶ</span> <span class='ocrx_word' id='word_1_801' title='bbox 2691 2875 2785 2929; x_wconf 90' lang='grc' dir='ltr'>τοῦ</span> <span class='ocrx_word' id='word_1_802' title='bbox 2822 2878 2947 2948; x_wconf 85' lang='grc' dir='ltr'>παρ’</span> <span class='ocrx_word' id='word_1_803' title='bbox 2991 2879 3123 2947; x_wconf 90' lang='grc' dir='ltr'>ήμῖν</span> <span class='ocrx_word' id='word_1_804' title='bbox 3155 2880 3480 2953; x_wconf 76' lang='grc' dir='ltr'>οἰκειοτέρου</span> 
     </span>
    </p>
   </div>
   <div class='ocr_carea' id='block_1_99' title="bbox 1815 2963 3481 3038">
    <p class='ocr_par' dir='ltr' id='par_1_99' title="bbox 1815 2963 3481 3038">
     <span class='ocr_line' id='line_1_99' title="bbox 1815 2963 3481 3038; baseline 0.003 -21"><span class='ocrx_word' id='word_1_805' title='bbox 1815 2965 2198 3038; x_wconf 83' lang='grc' dir='ltr'>προσηκόντως</span> <span class='ocrx_word' id='word_1_806' title='bbox 2224 2963 2615 3034; x_wconf 87' lang='grc' dir='ltr'>διανοούμενος.</span> <span class='ocrx_word' id='word_1_807' title='bbox 2668 2964 2877 3035; x_wconf 84' lang='grc' dir='ltr'>Ὥσπερ</span> <span class='ocrx_word' id='word_1_808' title='bbox 2917 2964 3093 3019; x_wconf 85' lang='grc' dir='ltr'>τοίνυν</span> <span class='ocrx_word' id='word_1_809' title='bbox 3116 2965 3192 3036; x_wconf 85' lang='grc' dir='ltr'>τῷ</span> <span class='ocrx_word' id='word_1_810' title='bbox 3220 2967 3430 3036; x_wconf 86' lang='grc' dir='ltr'>σώματι</span> <span class='ocrx_word' id='word_1_811' title='bbox 3453 2970 3481 3009; x_wconf 75' lang='grc' dir='ltr'>δ</span> 
     </span>
    </p>
   </div>
   <div class='ocr_carea' id='block_1_100' title="bbox 1817 3051 3481 3127">
    <p class='ocr_par' dir='ltr' id='par_1_100' title="bbox 1817 3051 3481 3127">
     <span class='ocr_line' id='line_1_100' title="bbox 1817 3051 3481 3127; baseline 0.001 -21"><span class='ocrx_word' id='word_1_812' title='bbox 1817 3053 2048 3123; x_wconf 85' lang='grc' dir='ltr'>διάφορα</span> <span class='ocrx_word' id='word_1_813' title='bbox 2085 3052 2344 3124; x_wconf 87' lang='grc' dir='ltr'>παρέχεις</span> <span class='ocrx_word' id='word_1_814' title='bbox 2376 3051 2669 3121; x_wconf 82' lang='grc' dir='ltr'>ἐνδύματα,</span> <span class='ocrx_word' id='word_1_815' title='bbox 2701 3051 2794 3103; x_wconf 70' lang='grc' dir='ltr'>καὶ</span> <span class='ocrx_word' id='word_1_816' title='bbox 2837 3052 3173 3122; x_wconf 87' lang='grc' dir='ltr'>ἐπιτηδεύεις</span> <span class='ocrx_word' id='word_1_817' title='bbox 3216 3053 3351 3126; x_wconf 81' lang='grc' dir='ltr'>πρὸς</span> <span class='ocrx_word' id='word_1_818' title='bbox 3383 3055 3481 3127; x_wconf 80' lang='grc' dir='ltr'>τὴν</span> 
     </span>
    </p>
   </div>
   <div class='ocr_carea' id='block_1_101' title="bbox 1812 3141 3477 3214">
    <p class='ocr_par' dir='ltr' id='par_1_101' title="bbox 1812 3141 3477 3214">
     <span class='ocr_line' id='line_1_101' title="bbox 1812 3141 3477 3214; baseline 0.002 -18"><span class='ocrx_word' id='word_1_819' title='bbox 1812 3143 1921 3197; x_wconf 85' lang='grc' dir='ltr'>τῶν</span> <span class='ocrx_word' id='word_1_820' title='bbox 1949 3143 2157 3213; x_wconf 89' lang='grc' dir='ltr'>καιρῶν</span> <span class='ocrx_word' id='word_1_821' title='bbox 2181 3142 2389 3214; x_wconf 84' lang='grc' dir='ltr'>τροπὴν</span> <span class='ocrx_word' id='word_1_822' title='bbox 2423 3143 2517 3195; x_wconf 76' lang='grc' dir='ltr'>καὶ</span> <span class='ocrx_word' id='word_1_823' title='bbox 2556 3141 2655 3213; x_wconf 81' lang='grc' dir='ltr'>τὴν</span> <span class='ocrx_word' id='word_1_824' title='bbox 2694 3141 2804 3195; x_wconf 86' lang='grc' dir='ltr'>τῶν</span> <span class='ocrx_word' id='word_1_825' title='bbox 2840 3142 3157 3213; x_wconf 83' lang='grc' dir='ltr'>ἐνδυμάτων</span> <span class='ocrx_word' id='word_1_826' title='bbox 3187 3146 3477 3213; x_wconf 86' lang='grc' dir='ltr'>ποικιλίαν,</span> 
     </span>
    </p>
   </div>
   <div class='ocr_carea' id='block_1_102' title="bbox 1814 3228 3479 3304">
    <p class='ocr_par' dir='ltr' id='par_1_102' title="bbox 1814 3228 3479 3304">
     <span class='ocr_line' id='line_1_102' title="bbox 1814 3228 3479 3304; baseline -0.005 -20"><span class='ocrx_word' id='word_1_827' title='bbox 1814 3230 1954 3284; x_wconf 88' lang='grc' dir='ltr'>κατά</span> <span class='ocrx_word' id='word_1_828' title='bbox 1985 3230 2046 3283; x_wconf 83' lang='grc' dir='ltr'>τὸ</span> <span class='ocrx_word' id='word_1_829' title='bbox 2075 3230 2205 3283; x_wconf 81' lang='grc' dir='ltr'>αὐτὸ</span> <span class='ocrx_word' id='word_1_830' title='bbox 2240 3230 2373 3300; x_wconf 84' lang='grc' dir='ltr'>μηδὲ</span> <span class='ocrx_word' id='word_1_831' title='bbox 2396 3230 2495 3298; x_wconf 75' lang='grc' dir='ltr'>τήν</span> <span class='ocrx_word' id='word_1_832' title='bbox 2516 3228 2695 3299; x_wconf 77' lang='grc' dir='ltr'>ψυχὴν</span> <span class='ocrx_word' id='word_1_833' title='bbox 2724 3229 2956 3300; x_wconf 88' lang='grc' dir='ltr'>περιόρα</span> <span class='ocrx_word' id='word_1_834' title='bbox 2985 3230 3198 3301; x_wconf 76' lang='grc' dir='ltr'>γυμνήν</span> <span class='ocrx_word' id='word_1_835' title='bbox 3233 3234 3479 3304; x_wconf 72' lang='grc' dir='ltr'>περιιοῦ..</span> 
     </span>
    </p>
   </div>
   <div class='ocr_carea' id='block_1_103' title="bbox 1815 3310 3480 3384">
    <p class='ocr_par' dir='ltr' id='par_1_103' title="bbox 1815 3310 3480 3384">
     <span class='ocr_line' id='line_1_103' title="bbox 1815 3310 3480 3384; baseline 0.004 -19"><span class='ocrx_word' id='word_1_836' title='bbox 1815 3329 1913 3366; x_wconf 90' lang='grc' dir='ltr'>σαν</span> <span class='ocrx_word' id='word_1_837' title='bbox 1947 3312 2056 3365; x_wconf 86' lang='grc' dir='ltr'>τῶν</span> <span class='ocrx_word' id='word_1_838' title='bbox 2073 3312 2293 3380; x_wconf 85' lang='grc' dir='ltr'>ἀγαθῶν</span> <span class='ocrx_word' id='word_1_839' title='bbox 2315 3310 2587 3380; x_wconf 82' lang='grc' dir='ltr'>πράξεων,</span> <span class='ocrx_word' id='word_1_840' title='bbox 2616 3311 2751 3365; x_wconf 88' lang='grc' dir='ltr'>ἀλλά</span> <span class='ocrx_word' id='word_1_841' title='bbox 2772 3313 2867 3366; x_wconf 79' lang='grc' dir='ltr'>καὶ</span> <span class='ocrx_word' id='word_1_842' title='bbox 2888 3312 3057 3382; x_wconf 81' lang='grc' dir='ltr'>αὐτὴν</span> <span class='ocrx_word' id='word_1_843' title='bbox 3082 3314 3374 3384; x_wconf 78' lang='grc' dir='ltr'>περίϐαλλε</span> <span class='ocrx_word' id='word_1_844' title='bbox 3400 3320 3480 3371; x_wconf 83' lang='grc' dir='ltr'>ἐν·</span> 
     </span>
    </p>
   </div>
   <div class='ocr_carea' id='block_1_104' title="bbox 1810 3394 3477 3473">
    <p class='ocr_par' dir='ltr' id='par_1_104' title="bbox 1810 3394 3477 3473">
     <span class='ocr_line' id='line_1_104' title="bbox 1810 3394 3477 3473; baseline 0.007 -24"><span class='ocrx_word' id='word_1_845' title='bbox 1810 3396 2011 3466; x_wconf 85' lang='grc' dir='ltr'>δύμασι</span> <span class='ocrx_word' id='word_1_846' title='bbox 2052 3399 2163 3458; x_wconf 88' lang='grc' dir='ltr'>τοῖς</span> <span class='ocrx_word' id='word_1_847' title='bbox 2204 3396 2339 3465; x_wconf 81' lang='grc' dir='ltr'>αὐτῇ</span> <span class='ocrx_word' id='word_1_848' title='bbox 2373 3394 2641 3466; x_wconf 87' lang='grc' dir='ltr'>πρέπουσι</span> <span class='ocrx_word' id='word_1_849' title='bbox 2669 3412 2683 3427; x_wconf 68' lang='grc'><strong><em>⁸</em></strong></span> <span class='ocrx_word' id='word_1_850' title='bbox 2719 3395 2928 3466; x_wconf 89' lang='grc' dir='ltr'>ταχέως</span> <span class='ocrx_word' id='word_1_851' title='bbox 2968 3397 3136 3469; x_wconf 82' lang='grc' dir='ltr'>αὐτὴν</span> <span class='ocrx_word' id='word_1_852' title='bbox 3175 3398 3477 3473; x_wconf 77' lang='grc' dir='ltr'>ἀνακτήσῃ.</span> 
     </span>
    </p>
   </div>
   <div class='ocr_carea' id='block_1_105' title="bbox 1810 3477 3477 3551">
    <p class='ocr_par' dir='ltr' id='par_1_105' title="bbox 1810 3477 3477 3551">
     <span class='ocr_line' id='line_1_105' title="bbox 1810 3477 3477 3551; baseline 0.002 -18"><span class='ocrx_word' id='word_1_853' title='bbox 1810 3480 1904 3533; x_wconf 77' lang='grc' dir='ltr'>καὶ</span> <span class='ocrx_word' id='word_1_854' title='bbox 1931 3478 2066 3550; x_wconf 77' lang='grc' dir='ltr'>πρὸς</span> <span class='ocrx_word' id='word_1_855' title='bbox 2093 3478 2190 3545; x_wconf 81' lang='grc' dir='ltr'>τὴν</span> <span class='ocrx_word' id='word_1_856' title='bbox 2218 3477 2358 3530; x_wconf 87' lang='grc' dir='ltr'>κατά</span> <span class='ocrx_word' id='word_1_857' title='bbox 2385 3477 2547 3547; x_wconf 85' lang='grc' dir='ltr'>φύσιν</span> <span class='ocrx_word' id='word_1_858' title='bbox 2591 3478 2797 3546; x_wconf 86' lang='grc' dir='ltr'>ὑγίειαν</span> <span class='ocrx_word' id='word_1_859' title='bbox 2823 3479 3198 3551; x_wconf 80' lang='grc' dir='ltr'>ἐπαναγάγῃς.</span> <span class='ocrx_word' id='word_1_860' title='bbox 3253 3483 3386 3536; x_wconf 84' lang='grc' dir='ltr'>Ποῖα</span> <span class='ocrx_word' id='word_1_861' title='bbox 3420 3484 3477 3538; x_wconf 83' lang='grc' dir='ltr'>δὲ</span> 
     </span>
    </p>
   </div>
   <div class='ocr_carea' id='block_1_106' title="bbox 1808 3559 3478 3635">
    <p class='ocr_par' dir='ltr' id='par_1_106' title="bbox 1808 3559 3478 3635">
     <span class='ocr_line' id='line_1_106' title="bbox 1808 3559 3478 3635; baseline 0.002 -18"><span class='ocrx_word' id='word_1_862' title='bbox 1808 3561 1873 3617; x_wconf 82' lang='grc' dir='ltr'>ἃν</span> <span class='ocrx_word' id='word_1_863' title='bbox 1903 3562 1987 3631; x_wconf 75' lang='grc' dir='ltr'>εἴη</span> <span class='ocrx_word' id='word_1_864' title='bbox 2016 3560 2218 3631; x_wconf 88' lang='grc' dir='ltr'>ταύτης</span> <span class='ocrx_word' id='word_1_865' title='bbox 2246 3559 2515 3630; x_wconf 87' lang='grc' dir='ltr'>ἐνδύματα</span> <span class='ocrx_word' id='word_1_866' title='bbox 2541 3578 2555 3627; x_wconf 88' lang='grc'>;</span> <span class='ocrx_word' id='word_1_867' title='bbox 2607 3561 2971 3633; x_wconf 88' lang='grc' dir='ltr'>Ἐλεημοσύνη</span> <span class='ocrx_word' id='word_1_868' title='bbox 3000 3564 3094 3616; x_wconf 79' lang='grc' dir='ltr'>καὶ</span> <span class='ocrx_word' id='word_1_869' title='bbox 3129 3565 3162 3635; x_wconf 87' lang='grc' dir='ltr'>ή</span> <span class='ocrx_word' id='word_1_870' title='bbox 3200 3566 3328 3635; x_wconf 76' lang='grc' dir='ltr'>περὶ</span> <span class='ocrx_word' id='word_1_871' title='bbox 3353 3569 3478 3632; x_wconf 81' lang='grc' dir='ltr'>τοὺς</span> 
     </span>
    </p>
   </div>
   <div class='ocr_carea' id='block_1_107' title="bbox 1808 3641 3477 3719">
    <p class='ocr_par' dir='ltr' id='par_1_107' title="bbox 1808 3641 3477 3719">
     <span class='ocr_line' id='line_1_107' title="bbox 1808 3641 3477 3719; baseline 0.002 -23"><span class='ocrx_word' id='word_1_872' title='bbox 1808 3644 2046 3714; x_wconf 89' lang='grc' dir='ltr'>πένητας</span> <span class='ocrx_word' id='word_1_873' title='bbox 2086 3641 2364 3711; x_wconf 75' lang='grc' dir='ltr'>δαψίλειαο</span> <span class='ocrx_word' id='word_1_874' title='bbox 2404 3641 2563 3695; x_wconf 87' lang='grc' dir='ltr'>τοῦτο</span> <span class='ocrx_word' id='word_1_875' title='bbox 2590 3642 2652 3695; x_wconf 84' lang='grc' dir='ltr'>τὸ</span> <span class='ocrx_word' id='word_1_876' title='bbox 2690 3644 2945 3712; x_wconf 88' lang='grc' dir='ltr'>μέγιστον</span> <span class='ocrx_word' id='word_1_877' title='bbox 2992 3645 3092 3716; x_wconf 83' lang='grc' dir='ltr'>τῆς</span> <span class='ocrx_word' id='word_1_878' title='bbox 3117 3646 3295 3718; x_wconf 82' lang='grc' dir='ltr'>ψυχῆς</span> <span class='ocrx_word' id='word_1_879' title='bbox 3324 3666 3477 3719; x_wconf 86' lang='grc' dir='ltr'>περι-</span> 
     </span>
    </p>
   </div>
   <div class='ocr_carea' id='block_1_108' title="bbox 1808 3724 3476 3800">
    <p class='ocr_par' dir='ltr' id='par_1_108' title="bbox 1808 3724 3476 3800">
     <span class='ocr_line' id='line_1_108' title="bbox 1808 3724 3476 3800; baseline 0.004 -23"><span class='ocrx_word' id='word_1_880' title='bbox 1808 3724 2039 3788; x_wconf 79' lang='grc' dir='ltr'>ϐόλαιον,</span> <span class='ocrx_word' id='word_1_881' title='bbox 2072 3724 2228 3778; x_wconf 87' lang='grc' dir='ltr'>τοῦτο</span> <span class='ocrx_word' id='word_1_882' title='bbox 2260 3724 2321 3777; x_wconf 83' lang='grc' dir='ltr'>τὸ</span> <span class='ocrx_word' id='word_1_883' title='bbox 2358 3724 2580 3795; x_wconf 74' lang='grc' dir='ltr'>φαιδρὸν</span> <span class='ocrx_word' id='word_1_884' title='bbox 2624 3725 2794 3796; x_wconf 82' lang='grc' dir='ltr'>αὐτῆς</span> <span class='ocrx_word' id='word_1_885' title='bbox 2835 3726 3068 3796; x_wconf 77' lang='grc' dir='ltr'>ἱμάτιον.</span> <span class='ocrx_word' id='word_1_886' title='bbox 3118 3728 3180 3781; x_wconf 78' lang='lat' dir='ltr'><strong><em>El</em></strong></span> <span class='ocrx_word' id='word_1_887' title='bbox 3208 3731 3264 3782; x_wconf 81' lang='grc' dir='ltr'>δὲ</span> <span class='ocrx_word' id='word_1_888' title='bbox 3297 3731 3476 3800; x_wconf 87' lang='grc' dir='ltr'>βούλει</span> 
     </span>
    </p>
   </div>
   <div class='ocr_carea' id='block_1_109' title="bbox 1811 3807 3475 3885">
    <p class='ocr_par' dir='ltr' id='par_1_109' title="bbox 1811 3807 3475 3885">
     <span class='ocr_line' id='line_1_109' title="bbox 1811 3807 3475 3885; baseline 0.005 -25"><span class='ocrx_word' id='word_1_889' title='bbox 1811 3807 2072 3879; x_wconf 85' lang='grc' dir='ltr'>μὴμόνον</span> <span class='ocrx_word' id='word_1_890' title='bbox 2119 3807 2389 3878; x_wconf 90' lang='grc' dir='ltr'>ἐνδύματα</span> <span class='ocrx_word' id='word_1_891' title='bbox 2432 3807 2713 3878; x_wconf 89' lang='grc' dir='ltr'>παρέχειν,</span> <span class='ocrx_word' id='word_1_892' title='bbox 2761 3810 2876 3863; x_wconf 86' lang='grc' dir='ltr'>ἀλλ’</span> <span class='ocrx_word' id='word_1_893' title='bbox 2904 3811 3105 3880; x_wconf 85' lang='grc' dir='ltr'>ὁμοίως</span> <span class='ocrx_word' id='word_1_894' title='bbox 3150 3812 3229 3882; x_wconf 80' lang='grc' dir='ltr'>τῷ</span> <span class='ocrx_word' id='word_1_895' title='bbox 3259 3813 3475 3885; x_wconf 87' lang='grc' dir='ltr'>σώματι</span> 
     </span>
    </p>
   </div>
   <div class='ocr_carea' id='block_1_110' title="bbox 1806 3891 3474 3969">
    <p class='ocr_par' dir='ltr' id='par_1_110' title="bbox 1806 3891 3474 3969">
     <span class='ocr_line' id='line_1_110' title="bbox 1806 3891 3474 3969; baseline 0.001 -24"><span class='ocrx_word' id='word_1_896' title='bbox 1806 3891 2201 3956; x_wconf 74' lang='grc' dir='ltr'>καλλωπίζειν,</span> <span class='ocrx_word' id='word_1_897' title='bbox 2252 3891 2533 3962; x_wconf 83' lang='grc' dir='ltr'>προστίθει</span> <span class='ocrx_word' id='word_1_898' title='bbox 2572 3894 2668 3945; x_wconf 78' lang='grc' dir='ltr'>καὶ</span> <span class='ocrx_word' id='word_1_899' title='bbox 2718 3892 2814 3964; x_wconf 80' lang='grc' dir='ltr'>τήν</span> <span class='ocrx_word' id='word_1_900' title='bbox 2864 3892 2952 3946; x_wconf 82' lang='grc' dir='ltr'>διὰ</span> <span class='ocrx_word' id='word_1_901' title='bbox 2988 3893 3095 3947; x_wconf 88' lang='grc' dir='ltr'>τῶν</span> <span class='ocrx_word' id='word_1_902' title='bbox 3133 3895 3307 3965; x_wconf 77' lang='grc' dir='ltr'>εὐχῶν</span> <span class='ocrx_word' id='word_1_903' title='bbox 3347 3897 3474 3969; x_wconf 77' lang='grc' dir='ltr'>βοή-</span> 
     </span>
    </p>
   </div>
   <div class='ocr_carea' id='block_1_111' title="bbox 1808 3975 3475 4050">
    <p class='ocr_par' dir='ltr' id='par_1_111' title="bbox 1808 3975 3475 4050">
     <span class='ocr_line' id='line_1_111' title="bbox 1808 3975 3475 4050; baseline 0.005 -21"><span class='ocrx_word' id='word_1_904' title='bbox 1808 3976 1992 4041; x_wconf 87' lang='grc' dir='ltr'>θειαν,</span> <span class='ocrx_word' id='word_1_905' title='bbox 2038 3976 2133 4029; x_wconf 75' lang='grc' dir='ltr'>καὶ</span> <span class='ocrx_word' id='word_1_906' title='bbox 2179 3975 2277 4046; x_wconf 76' lang='grc' dir='ltr'>τὴν</span> <span class='ocrx_word' id='word_1_907' title='bbox 2326 3975 2436 4029; x_wconf 91' lang='grc' dir='ltr'>τῶν</span> <span class='ocrx_word' id='word_1_908' title='bbox 2475 3977 2887 4047; x_wconf 82' lang='grc' dir='ltr'>ἁμαρτημάτων</span> <span class='ocrx_word' id='word_1_909' title='bbox 2925 3977 3331 4050; x_wconf 81' lang='grc' dir='ltr'>ἐξομολόγησιν,</span> <span class='ocrx_word' id='word_1_910' title='bbox 3380 3984 3475 4038; x_wconf 80' lang='grc' dir='ltr'>καὶ</span> 
     </span>
    </p>
   </div>
   <div class='ocr_carea' id='block_1_112' title="bbox 1806 4060 3473 4138">
    <p class='ocr_par' dir='ltr' id='par_1_112' title="bbox 1806 4060 3473 4138">
     <span class='ocr_line' id='line_1_112' title="bbox 1806 4060 3473 4138; baseline 0.005 -25"><span class='ocrx_word' id='word_1_911' title='bbox 1806 4063 1871 4132; x_wconf 78' lang='grc' dir='ltr'>τῇ</span> <span class='ocrx_word' id='word_1_912' title='bbox 1919 4060 2170 4131; x_wconf 76' lang='grc' dir='ltr'>συνεχείᾳ</span> <span class='ocrx_word' id='word_1_913' title='bbox 2198 4060 2307 4114; x_wconf 90' lang='grc' dir='ltr'>τῶν</span> <span class='ocrx_word' id='word_1_914' title='bbox 2347 4060 2597 4131; x_wconf 89' lang='grc' dir='ltr'>δακρύων</span> <span class='ocrx_word' id='word_1_915' title='bbox 2634 4061 2971 4132; x_wconf 85' lang='grc' dir='ltr'>ἀποσμήχων</span> <span class='ocrx_word' id='word_1_916' title='bbox 2996 4063 3177 4132; x_wconf 83' lang='grc' dir='ltr'>ἀὐτῆς</span> <span class='ocrx_word' id='word_1_917' title='bbox 3205 4064 3266 4118; x_wconf 83' lang='grc' dir='ltr'>τὸ</span> <span class='ocrx_word' id='word_1_918' title='bbox 3304 4068 3473 4138; x_wconf 86' lang='grc' dir='ltr'>πρόσ-</span> 
     </span>
    </p>
   </div>
   <div class='ocr_carea' id='block_1_113' title="bbox 1806 4144 3475 4223">
    <p class='ocr_par' dir='ltr' id='par_1_113' title="bbox 1806 4144 3475 4223">
     <span class='ocr_line' id='line_1_113' title="bbox 1806 4144 3475 4223; baseline 0.004 -25"><span class='ocrx_word' id='word_1_919' title='bbox 1806 4161 1954 4198; x_wconf 88' lang='grc' dir='ltr'>ωπον</span> <span class='ocrx_word' id='word_1_920' title='bbox 2008 4144 2081 4215; x_wconf 83' lang='grc' dir='ltr'>μὴ</span> <span class='ocrx_word' id='word_1_921' title='bbox 2131 4144 2406 4218; x_wconf 81' lang='grc' dir='ltr'>διαλίπῃς.</span> <span class='ocrx_word' id='word_1_922' title='bbox 2465 4144 2735 4217; x_wconf 85' lang='grc' dir='ltr'>Καθάπερ</span> <span class='ocrx_word' id='word_1_923' title='bbox 2776 4146 2885 4216; x_wconf 86' lang='grc' dir='ltr'>γὰρ</span> <span class='ocrx_word' id='word_1_924' title='bbox 2939 4145 3088 4218; x_wconf 80' lang='grc' dir='ltr'>πάσῃ</span> <span class='ocrx_word' id='word_1_925' title='bbox 3142 4150 3342 4221; x_wconf 83' lang='grc' dir='ltr'>σπουδῇ</span> <span class='ocrx_word' id='word_1_926' title='bbox 3377 4151 3475 4223; x_wconf 74' lang='grc' dir='ltr'>τὴν</span> 
     </span>
    </p>
   </div>
   <div class='ocr_carea' id='block_1_114' title="bbox 1804 4227 3473 4303">
    <p class='ocr_par' dir='ltr' id='par_1_114' title="bbox 1804 4227 3473 4303">
     <span class='ocr_line' id='line_1_114' title="bbox 1804 4227 3473 4303; baseline 0.004 -22"><span class='ocrx_word' id='word_1_927' title='bbox 1804 4228 1925 4298; x_wconf 77' lang='grc' dir='ltr'>ὄψιν</span> <span class='ocrx_word' id='word_1_928' title='bbox 1974 4229 2068 4281; x_wconf 88' lang='grc' dir='ltr'>τοῦ</span> <span class='ocrx_word' id='word_1_929' title='bbox 2125 4227 2377 4299; x_wconf 82' lang='grc' dir='ltr'>σώματος</span> <span class='ocrx_word' id='word_1_930' title='bbox 2438 4228 2562 4282; x_wconf 86' lang='grc' dir='ltr'>καθ’</span> <span class='ocrx_word' id='word_1_931' title='bbox 2616 4230 2853 4302; x_wconf 88' lang='grc' dir='ltr'>ἐκάστην</span> <span class='ocrx_word' id='word_1_932' title='bbox 2905 4230 3117 4303; x_wconf 80' lang='grc' dir='ltr'>ἡμέραν</span> <span class='ocrx_word' id='word_1_933' title='bbox 3167 4232 3473 4299; x_wconf 88' lang='grc' dir='ltr'>ἐκπλύνεις,</span> 
     </span>
    </p>
   </div>
   <div class='ocr_carea' id='block_1_115' title="bbox 1804 4309 3475 4385">
    <p class='ocr_par' dir='ltr' id='par_1_115' title="bbox 1804 4309 3475 4385">
     <span class='ocr_line' id='line_1_115' title="bbox 1804 4309 3475 4385; baseline 0.004 -21"><span class='ocrx_word' id='word_1_934' title='bbox 1804 4309 1945 4365; x_wconf 82' lang='grc' dir='ltr'>ὥστε</span> <span class='ocrx_word' id='word_1_935' title='bbox 1995 4311 2247 4383; x_wconf 82' lang='grc' dir='ltr'>μηδαμοῦ</span> <span class='ocrx_word' id='word_1_936' title='bbox 2299 4311 2470 4383; x_wconf 83' lang='grc' dir='ltr'>ῥύπον</span> <span class='ocrx_word' id='word_1_937' title='bbox 2495 4310 2620 4365; x_wconf 83' lang='grc' dir='ltr'>τινὰ</span> <span class='ocrx_word' id='word_1_938' title='bbox 2665 4312 3012 4384; x_wconf 87' lang='grc' dir='ltr'>ἐπικείμενον</span> <span class='ocrx_word' id='word_1_939' title='bbox 3056 4316 3124 4385; x_wconf 76' lang='grc' dir='ltr'>τῇ</span> <span class='ocrx_word' id='word_1_940' title='bbox 3178 4314 3297 4384; x_wconf 80' lang='grc' dir='ltr'>ὄψει</span> <span class='ocrx_word' id='word_1_941' title='bbox 3352 4316 3475 4371; x_wconf 84' lang='grc' dir='ltr'>δυσ-</span> 
     </span>
    </p>
   </div>
   <div class='ocr_carea' id='block_1_116' title="bbox 1805 4392 3475 4472">
    <p class='ocr_par' dir='ltr' id='par_1_116' title="bbox 1805 4392 3475 4472">
     <span class='ocr_line' id='line_1_116' title="bbox 1805 4392 3475 4472; baseline 0.003 -24"><span class='ocrx_word' id='word_1_942' title='bbox 1805 4395 1919 4465; x_wconf 88' lang='grc' dir='ltr'>ειδῆ</span> <span class='ocrx_word' id='word_1_943' title='bbox 1970 4394 2140 4465; x_wconf 82' lang='grc' dir='ltr'>αὐτὴν</span> <span class='ocrx_word' id='word_1_944' title='bbox 2192 4394 2496 4449; x_wconf 87' lang='grc' dir='ltr'>δεικνύναι·</span> <span class='ocrx_word' id='word_1_945' title='bbox 2552 4392 2820 4460; x_wconf 83' lang='grc' dir='ltr'>ὡσαύτως</span> <span class='ocrx_word' id='word_1_946' title='bbox 2864 4396 2961 4450; x_wconf 76' lang='grc' dir='ltr'>καὶ</span> <span class='ocrx_word' id='word_1_947' title='bbox 3007 4397 3099 4450; x_wconf 82' lang='grc' dir='ltr'>ἐπὶ</span> <span class='ocrx_word' id='word_1_948' title='bbox 3154 4400 3255 4469; x_wconf 83' lang='grc' dir='ltr'>τῆς</span> <span class='ocrx_word' id='word_1_949' title='bbox 3298 4398 3475 4472; x_wconf 82' lang='grc' dir='ltr'>ψυχῆς</span> 
     </span>
    </p>
   </div>
   <div class='ocr_carea' id='block_1_117' title="bbox 1805 4476 3472 4552">
    <p class='ocr_par' dir='ltr' id='par_1_117' title="bbox 1805 4476 3472 4552">
     <span class='ocr_line' id='line_1_117' title="bbox 1805 4476 3472 4552; baseline 0.004 -20"><span class='ocrx_word' id='word_1_950' title='bbox 1805 4480 1980 4532; x_wconf 86' lang='grc' dir='ltr'>ποιεῖν</span> <span class='ocrx_word' id='word_1_951' title='bbox 2032 4476 2334 4544; x_wconf 84' lang='grc' dir='ltr'>σπούδαζε,</span> <span class='ocrx_word' id='word_1_952' title='bbox 2394 4478 2487 4531; x_wconf 75' lang='grc' dir='ltr'>καὶ</span> <span class='ocrx_word' id='word_1_953' title='bbox 2536 4478 2662 4532; x_wconf 86' lang='grc' dir='ltr'>καθ’</span> <span class='ocrx_word' id='word_1_954' title='bbox 2698 4479 2935 4550; x_wconf 87' lang='grc' dir='ltr'>ἐκάστην</span> <span class='ocrx_word' id='word_1_955' title='bbox 2979 4478 3149 4552; x_wconf 78' lang='grc' dir='ltr'>αὐτὴν</span> <span class='ocrx_word' id='word_1_956' title='bbox 3194 4482 3472 4538; x_wconf 87' lang='grc' dir='ltr'>ἀπόπλυνε</span> 
     </span>
    </p>
   </div>
   <div class='ocr_carea' id='block_1_118' title="bbox 1805 4560 3469 4637">
    <p class='ocr_par' dir='ltr' id='par_1_118' title="bbox 1805 4560 3469 4637">
     <span class='ocr_line' id='line_1_118' title="bbox 1805 4560 3469 4637; baseline 0.004 -23"><span class='ocrx_word' id='word_1_957' title='bbox 1805 4560 1981 4634; x_wconf 84' lang='grc' dir='ltr'>θερμὰ</span> <span class='ocrx_word' id='word_1_958' title='bbox 2011 4560 2219 4632; x_wconf 87' lang='grc' dir='ltr'>δάκρυα</span> <span class='ocrx_word' id='word_1_959' title='bbox 2254 4561 2557 4633; x_wconf 86' lang='grc' dir='ltr'>προσχέων.</span> <span class='ocrx_word' id='word_1_960' title='bbox 2612 4562 2799 4634; x_wconf 87' lang='grc' dir='ltr'>Τούτῳ</span> <span class='ocrx_word' id='word_1_961' title='bbox 2832 4563 2940 4636; x_wconf 86' lang='grc' dir='ltr'>γάρ</span> <span class='ocrx_word' id='word_1_962' title='bbox 2975 4564 3054 4637; x_wconf 84' lang='grc' dir='ltr'>τῷ</span> <span class='ocrx_word' id='word_1_963' title='bbox 3100 4564 3253 4619; x_wconf 78' lang='grc' dir='ltr'>ὕδατι</span> <span class='ocrx_word' id='word_1_964' title='bbox 3288 4566 3469 4637; x_wconf 86' lang='grc' dir='ltr'>ἐκείνη</span> 
     </span>
    </p>
   </div>
   <div class='ocr_carea' id='block_1_119' title="bbox 1802 4641 3470 4719">
    <p class='ocr_par' dir='ltr' id='par_1_119' title="bbox 1802 4641 3470 4719">
     <span class='ocr_line' id='line_1_119' title="bbox 1802 4641 3470 4719; baseline 0.003 -22"><span class='ocrx_word' id='word_1_965' title='bbox 1802 4642 1894 4697; x_wconf 80' lang='grc' dir='ltr'>τὸν</span> <span class='ocrx_word' id='word_1_966' title='bbox 1926 4643 2092 4714; x_wconf 80' lang='grc' dir='ltr'>ῥύπον</span> <span class='ocrx_word' id='word_1_967' title='bbox 2125 4641 2490 4714; x_wconf 89' lang='grc' dir='ltr'>ἀποτιθεμένη</span> <span class='ocrx_word' id='word_1_968' title='bbox 2523 4644 2856 4717; x_wconf 90' lang='grc' dir='ltr'>φαιδροτέρα</span> <span class='ocrx_word' id='word_1_969' title='bbox 2881 4646 3110 4715; x_wconf 88' lang='grc' dir='ltr'>γίνεται.</span> <span class='ocrx_word' id='word_1_970' title='bbox 3145 4649 3255 4701; x_wconf 76' lang='grc' dir='ltr'>Καὶ</span> <span class='ocrx_word' id='word_1_971' title='bbox 3281 4650 3470 4719; x_wconf 80' lang='grc' dir='ltr'>ἐπειδὴ</span> 
     </span>
    </p>
   </div>
   <div class='ocr_carea' id='block_1_120' title="bbox 1803 4725 3469 4801">
    <p class='ocr_par' dir='ltr' id='par_1_120' title="bbox 1803 4725 3469 4801">
     <span class='ocr_line' id='line_1_120' title="bbox 1803 4725 3469 4801; baseline 0.001 -20"><span class='ocrx_word' id='word_1_972' title='bbox 1803 4729 1859 4781; x_wconf 91' lang='grc' dir='ltr'>αἱ</span> <span class='ocrx_word' id='word_1_973' title='bbox 1890 4727 2105 4790; x_wconf 87' lang='grc' dir='ltr'>πλείους</span> <span class='ocrx_word' id='word_1_974' title='bbox 2127 4725 2235 4780; x_wconf 90' lang='grc' dir='ltr'>τῶν</span> <span class='ocrx_word' id='word_1_975' title='bbox 2263 4727 2536 4794; x_wconf 89' lang='grc' dir='ltr'>γυναικῶν</span> <span class='ocrx_word' id='word_1_976' title='bbox 2562 4727 2649 4781; x_wconf 85' lang='grc' dir='ltr'>διὰ</span> <span class='ocrx_word' id='word_1_977' title='bbox 2694 4728 2895 4801; x_wconf 80' lang='grc' dir='ltr'>πολλὴν</span> <span class='ocrx_word' id='word_1_978' title='bbox 2924 4729 3177 4796; x_wconf 87' lang='grc' dir='ltr'>βλακείαν</span> <span class='ocrx_word' id='word_1_979' title='bbox 3207 4730 3303 4783; x_wconf 91' lang='grc' dir='ltr'>τοῦ</span> <span class='ocrx_word' id='word_1_980' title='bbox 3335 4748 3469 4800; x_wconf 90' lang='grc' dir='ltr'>παρ-</span> 
     </span>
    </p>
   </div>
   <div class='ocr_carea' id='block_1_121' title="bbox 1803 4807 3470 4884">
    <p class='ocr_par' dir='ltr' id='par_1_121' title="bbox 1803 4807 3470 4884">
     <span class='ocr_line' id='line_1_121' title="bbox 1803 4807 3470 4884; baseline 0.001 -21"><span class='ocrx_word' id='word_1_981' title='bbox 1803 4807 2146 4879; x_wconf 84' lang='grc' dir='ltr'>αγγέλματος</span> <span class='ocrx_word' id='word_1_982' title='bbox 2161 4808 2252 4861; x_wconf 88' lang='grc' dir='ltr'>τοῦ</span> <span class='ocrx_word' id='word_1_983' title='bbox 2275 4808 2629 4863; x_wconf 87' lang='grc' dir='ltr'>ἀποστολικοῦ</span> <span class='ocrx_word' id='word_1_984' title='bbox 2654 4810 2755 4864; x_wconf 83' lang='grc' dir='ltr'>ύπε</span> <span class='ocrx_word' id='word_1_985' title='bbox 2766 4812 3091 4884; x_wconf 89' lang='grc' dir='ltr'>ρφρονοῦσαι</span> <span class='ocrx_word' id='word_1_986' title='bbox 3120 4813 3212 4866; x_wconf 89' lang='grc' dir='ltr'>τοῦ</span> <span class='ocrx_word' id='word_1_987' title='bbox 3232 4813 3470 4865; x_wconf 85' lang='grc' dir='ltr'>κελεύον-</span> 
     </span>
    </p>
   </div>
   <div class='ocr_carea' id='block_1_122' title="bbox 1802 4891 3465 4964">
    <p class='ocr_par' dir='ltr' id='par_1_122' title="bbox 1802 4891 3465 4964">
     <span class='ocr_line' id='line_1_122' title="bbox 1802 4891 3465 4964; baseline 0 -17"><span class='ocrx_word' id='word_1_988' title='bbox 1802 4910 1909 4956; x_wconf 88' lang='grc' dir='ltr'>τος.</span> <span class='ocrx_word' id='word_1_989' title='bbox 1951 4891 2046 4960; x_wconf 79' lang='grc' dir='ltr'>Μὴ</span> <span class='ocrx_word' id='word_1_990' title='bbox 2077 4892 2147 4946; x_wconf 82' lang='grc' dir='ltr'>ἐν</span> <span class='ocrx_word' id='word_1_991' title='bbox 2186 4894 2546 4960; x_wconf 74' lang='grc' dir='ltr'>πλέγμασιν,</span> <span class='ocrx_word' id='word_1_992' title='bbox 2575 4893 2614 4961; x_wconf 77' lang='grc' dir='ltr'><strong>ἢ</strong></span> <span class='ocrx_word' id='word_1_993' title='bbox 2654 4894 2880 4962; x_wconf 82' lang='grc' dir='ltr'>χρυσῷ,</span> <span class='ocrx_word' id='word_1_994' title='bbox 2912 4894 2951 4963; x_wconf 78' lang='grc' dir='ltr'><em>ἢ</em></span> <span class='ocrx_word' id='word_1_995' title='bbox 2980 4895 3385 4964; x_wconf 80' lang='grc' dir='ltr'>μαργαρίταις,</span> <span class='ocrx_word' id='word_1_996' title='bbox 3425 4894 3465 4963; x_wconf 77' lang='grc' dir='ltr'>ἢ</span> 
     </span>
    </p>
   </div>
   <div class='ocr_carea' id='block_1_123' title="bbox 1802 4973 3466 5047">
    <p class='ocr_par' dir='ltr' id='par_1_123' title="bbox 1802 4973 3466 5047">
     <span class='ocr_line' id='line_1_123' title="bbox 1802 4973 3466 5047; baseline -0.001 -18"><span class='ocrx_word' id='word_1_997' title='bbox 1802 4973 2093 5045; x_wconf 72' lang='grc' dir='ltr'>ἱματισμῷ</span> <span class='ocrx_word' id='word_1_998' title='bbox 2121 4974 2447 5029; x_wconf 75' lang='grc' dir='ltr'>πολυτελεῖ</span> <span class='ocrx_word' id='word_1_999' title='bbox 2473 4975 2670 5039; x_wconf 87' lang='grc' dir='ltr'>ἐαυτάς</span> <span class='ocrx_word' id='word_1_1000' title='bbox 2692 4978 2937 5045; x_wconf 86' lang='grc' dir='ltr'>κοσμεῖν,</span> <span class='ocrx_word' id='word_1_1001' title='bbox 2976 4976 3112 5046; x_wconf 86' lang='grc' dir='ltr'>μετά</span> <span class='ocrx_word' id='word_1_1002' title='bbox 3142 4975 3339 5046; x_wconf 83' lang='grc' dir='ltr'>πολλῆς</span> <span class='ocrx_word' id='word_1_1003' title='bbox 3364 4976 3466 5047; x_wconf 75' lang='grc' dir='ltr'>τῆς</span> 
     </span>
    </p>
   </div>
   <div class='ocr_carea' id='block_1_124' title="bbox 1799 5056 3468 5129">
    <p class='ocr_par' dir='ltr' id='par_1_124' title="bbox 1799 5056 3468 5129">
     <span class='ocr_line' id='line_1_124' title="bbox 1799 5056 3468 5129; baseline 0.001 -17"><span class='ocrx_word' id='word_1_1004' title='bbox 1799 5058 2079 5128; x_wconf 78' lang='grc' dir='ltr'>δαψιλείας</span> <span class='ocrx_word' id='word_1_1005' title='bbox 2105 5057 2261 5111; x_wconf 88' lang='grc' dir='ltr'>τοῦτο</span> <span class='ocrx_word' id='word_1_1006' title='bbox 2289 5056 2631 5129; x_wconf 79' lang='grc' dir='ltr'>ἐργάζονται,</span> <span class='ocrx_word' id='word_1_1007' title='bbox 2662 5057 2723 5110; x_wconf 86' lang='grc' dir='ltr'>ού</span> <span class='ocrx_word' id='word_1_1008' title='bbox 2747 5059 3003 5125; x_wconf 87' lang='grc' dir='ltr'>γυναῖκες</span> <span class='ocrx_word' id='word_1_1009' title='bbox 3025 5057 3083 5110; x_wconf 83' lang='grc' dir='ltr'>δὲ</span> <span class='ocrx_word' id='word_1_1010' title='bbox 3119 5057 3299 5127; x_wconf 88' lang='grc' dir='ltr'>μόνον,</span> <span class='ocrx_word' id='word_1_1011' title='bbox 3330 5058 3468 5113; x_wconf 89' lang='grc' dir='ltr'>ἀλλά</span> 
     </span>
    </p>
   </div>
   <div class='ocr_carea' id='block_1_125' title="bbox 1801 5139 3467 5213">
    <p class='ocr_par' dir='ltr' id='par_1_125' title="bbox 1801 5139 3467 5213">
     <span class='ocr_line' id='line_1_125' title="bbox 1801 5139 3467 5213; baseline 0 -16"><span class='ocrx_word' id='word_1_1012' title='bbox 1801 5144 1895 5197; x_wconf 77' lang='grc' dir='ltr'>καὶ</span> <span class='ocrx_word' id='word_1_1013' title='bbox 1926 5141 2132 5213; x_wconf 89' lang='grc' dir='ltr'>ἀνδρῶν</span> <span class='ocrx_word' id='word_1_1014' title='bbox 2159 5142 2273 5195; x_wconf 83' lang='grc' dir='ltr'>ὅσοι</span> <span class='ocrx_word' id='word_1_1015' title='bbox 2296 5140 2610 5211; x_wconf 86' lang='grc' dir='ltr'>βλακώδεις,</span> <span class='ocrx_word' id='word_1_1016' title='bbox 2646 5141 2741 5193; x_wconf 73' lang='grc' dir='ltr'>καὶ</span> <span class='ocrx_word' id='word_1_1017' title='bbox 2766 5141 2901 5211; x_wconf 84' lang='grc' dir='ltr'>πρὸς</span> <span class='ocrx_word' id='word_1_1018' title='bbox 2932 5139 3029 5211; x_wconf 79' lang='grc' dir='ltr'>τήν</span> <span class='ocrx_word' id='word_1_1019' title='bbox 3060 5140 3169 5193; x_wconf 86' lang='grc' dir='ltr'>τῶν</span> <span class='ocrx_word' id='word_1_1020' title='bbox 3187 5143 3467 5209; x_wconf 88' lang='grc' dir='ltr'>γυκαικῶν</span> 
     </span>
    </p>
   </div>
   <div class='ocr_carea' id='block_1_126' title="bbox 1801 5222 3468 5299">
    <p class='ocr_par' dir='ltr' id='par_1_126' title="bbox 1801 5222 3468 5299">
     <span class='ocr_line' id='line_1_126' title="bbox 1801 5222 3468 5299; baseline -0.001 -18"><span class='ocrx_word' id='word_1_1021' title='bbox 1801 5225 1949 5299; x_wconf 74' lang='grc'>[192]</span> <span class='ocrx_word' id='word_1_1022' title='bbox 1971 5225 2247 5279; x_wconf 81' lang='grc' dir='ltr'>εὐτέλειαν</span> <span class='ocrx_word' id='word_1_1023' title='bbox 2264 5225 2489 5287; x_wconf 79' lang='grc' dir='ltr'>ἑαυτοὺς</span> <span class='ocrx_word' id='word_1_1024' title='bbox 2517 5224 2813 5292; x_wconf 86' lang='grc' dir='ltr'>κατάγουσι</span> <span class='ocrx_word' id='word_1_1025' title='bbox 2846 5222 3164 5287; x_wconf 88' lang='grc' dir='ltr'>δακτυλίους</span> <span class='ocrx_word' id='word_1_1026' title='bbox 3196 5225 3468 5295; x_wconf 86' lang='grc' dir='ltr'>περιτιθέ-</span> 
     </span>
    </p>
   </div>
   <div class='ocr_carea' id='block_1_127' title="bbox 1803 5304 3472 5380">
    <p class='ocr_par' dir='ltr' id='par_1_127' title="bbox 1803 5304 3472 5380">
     <span class='ocr_line' id='line_1_127' title="bbox 1803 5304 3472 5380; baseline -0.001 -18"><span class='ocrx_word' id='word_1_1027' title='bbox 1803 5326 1973 5380; x_wconf 88' lang='grc' dir='ltr'>μενοι,</span> <span class='ocrx_word' id='word_1_1028' title='bbox 1997 5309 2091 5362; x_wconf 76' lang='grc' dir='ltr'>καὶ</span> <span class='ocrx_word' id='word_1_1029' title='bbox 2119 5307 2196 5379; x_wconf 84' lang='grc' dir='ltr'>τῷ</span> <span class='ocrx_word' id='word_1_1030' title='bbox 2226 5306 2443 5377; x_wconf 84' lang='grc' dir='ltr'>μεγέθει</span> <span class='ocrx_word' id='word_1_1031' title='bbox 2478 5305 2570 5359; x_wconf 78' lang='grc' dir='ltr'>καὶ</span> <span class='ocrx_word' id='word_1_1032' title='bbox 2588 5305 2665 5377; x_wconf 86' lang='grc' dir='ltr'>τῷ</span> <span class='ocrx_word' id='word_1_1033' title='bbox 2689 5305 2837 5376; x_wconf 75' lang='grc' dir='ltr'>ὄγκῳ</span> <span class='ocrx_word' id='word_1_1034' title='bbox 2865 5304 2974 5358; x_wconf 89' lang='grc' dir='ltr'>τῶν</span> <span class='ocrx_word' id='word_1_1035' title='bbox 3003 5304 3163 5359; x_wconf 88' lang='grc' dir='ltr'>λίθων</span> <span class='ocrx_word' id='word_1_1036' title='bbox 3196 5306 3472 5362; x_wconf 84' lang='grc' dir='ltr'>καλλωπι-</span> 
     </span>
    </p>
   </div>
   <div class='ocr_carea' id='block_1_128' title="bbox 1800 5387 3463 5463">
    <p class='ocr_par' dir='ltr' id='par_1_128' title="bbox 1800 5387 3463 5463">
     <span class='ocr_line' id='line_1_128' title="bbox 1800 5387 3463 5463; baseline -0.001 -17"><span class='ocrx_word' id='word_1_1037' title='bbox 1800 5393 2037 5463; x_wconf 81' lang='grc' dir='ltr'>ζόμενοι,</span> <span class='ocrx_word' id='word_1_1038' title='bbox 2066 5395 2152 5462; x_wconf 79' lang='grc' dir='ltr'>ἐφ’</span> <span class='ocrx_word' id='word_1_1039' title='bbox 2187 5387 2267 5455; x_wconf 76' lang='grc' dir='ltr'>οἷς</span> <span class='ocrx_word' id='word_1_1040' title='bbox 2297 5388 2647 5461; x_wconf 75' lang='grc' dir='ltr'>αἰσχύνεσθαι</span> <span class='ocrx_word' id='word_1_1041' title='bbox 2674 5388 2768 5442; x_wconf 76' lang='grc' dir='ltr'>καὶ</span> <span class='ocrx_word' id='word_1_1042' title='bbox 2796 5388 3232 5456; x_wconf 83' lang='grc' dir='ltr'>ὲγκαλύπτεσθαι</span> <span class='ocrx_word' id='word_1_1043' title='bbox 3260 5390 3429 5461; x_wconf 77' lang='grc' dir='ltr'>ἐχρῆν</span> <span class='ocrx_word' id='word_1_1044' title='bbox 3449 5409 3463 5423; x_wconf 88' lang='grc'><strong>·</strong></span> 
     </span>
    </p>
   </div>
   <div class='ocr_carea' id='block_1_129' title="bbox 1800 5468 3470 5545">
    <p class='ocr_par' dir='ltr' id='par_1_129' title="bbox 1800 5468 3470 5545">
     <span class='ocr_line' id='line_1_129' title="bbox 1800 5468 3470 5545; baseline 0.002 -16"><span class='ocrx_word' id='word_1_1045' title='bbox 1800 5477 1891 5529; x_wconf 77' lang='grc' dir='ltr'>καὶ</span> <span class='ocrx_word' id='word_1_1046' title='bbox 1920 5468 2066 5529; x_wconf 75' lang='grc' dir='ltr'>οὗτοι</span> <span class='ocrx_word' id='word_1_1047' title='bbox 2109 5476 2289 5529; x_wconf 90' lang='grc' dir='ltr'>τοίνυν</span> <span class='ocrx_word' id='word_1_1048' title='bbox 2314 5475 2565 5528; x_wconf 87' lang='grc' dir='ltr'>κάκεῖναι</span> <span class='ocrx_word' id='word_1_1049' title='bbox 2598 5474 2645 5526; x_wconf 87' lang='grc' dir='ltr'>εί</span> <span class='ocrx_word' id='word_1_1050' title='bbox 2682 5473 2792 5526; x_wconf 90' lang='grc' dir='ltr'>τῶν</span> <span class='ocrx_word' id='word_1_1051' title='bbox 2830 5472 3112 5543; x_wconf 80' lang='grc' dir='ltr'>ἡμετέρων</span> <span class='ocrx_word' id='word_1_1052' title='bbox 3154 5474 3470 5545; x_wconf 83' lang='grc' dir='ltr'>ἀνάσχοιντο</span> 
     </span>
    </p>
   </div>
   <div class='ocr_carea' id='block_1_130' title="bbox 1802 5555 3469 5631">
    <p class='ocr_par' dir='ltr' id='par_1_130' title="bbox 1802 5555 3469 5631">
     <span class='ocr_line' id='line_1_130' title="bbox 1802 5555 3469 5631; baseline 0.001 -20"><span class='ocrx_word' id='word_1_1053' title='bbox 1802 5560 1999 5627; x_wconf 86' lang='grc' dir='ltr'>λόγων,</span> <span class='ocrx_word' id='word_1_1054' title='bbox 2032 5559 2101 5614; x_wconf 85' lang='grc' dir='ltr'>τὰ</span> <span class='ocrx_word' id='word_1_1055' title='bbox 2130 5558 2329 5631; x_wconf 88' lang='grc' dir='ltr'>χρυσία</span> <span class='ocrx_word' id='word_1_1056' title='bbox 2352 5555 2527 5611; x_wconf 86' lang='grc' dir='ltr'>ταῦτα</span> <span class='ocrx_word' id='word_1_1057' title='bbox 2550 5556 2617 5611; x_wconf 84' lang='grc' dir='ltr'>τά</span> <span class='ocrx_word' id='word_1_1058' title='bbox 2642 5556 2842 5629; x_wconf 86' lang='grc' dir='ltr'>πολλὴν</span> <span class='ocrx_word' id='word_1_1059' title='bbox 2866 5558 2959 5611; x_wconf 75' lang='grc' dir='ltr'>καὶ</span> <span class='ocrx_word' id='word_1_1060' title='bbox 2990 5560 3100 5620; x_wconf 89' lang='grc' dir='ltr'>τοῖς</span> <span class='ocrx_word' id='word_1_1061' title='bbox 3122 5557 3346 5627; x_wconf 87' lang='grc' dir='ltr'>ἀνδράσι</span> <span class='ocrx_word' id='word_1_1062' title='bbox 3373 5560 3469 5612; x_wconf 75' lang='grc' dir='ltr'>καὶ</span> 
     </span>
    </p>
   </div>
   <div class='ocr_carea' id='block_1_131' title="bbox 1801 5638 3467 5713">
    <p class='ocr_par' dir='ltr' id='par_1_131' title="bbox 1801 5638 3467 5713">
     <span class='ocr_line' id='line_1_131' title="bbox 1801 5638 3467 5713; baseline -0.001 -19"><span class='ocrx_word' id='word_1_1063' title='bbox 1801 5645 1920 5706; x_wconf 89' lang='grc' dir='ltr'>ταῖς</span> <span class='ocrx_word' id='word_1_1064' title='bbox 1961 5641 2175 5711; x_wconf 75' lang='grc' dir='ltr'>γυναιξὶ</span> <span class='ocrx_word' id='word_1_1065' title='bbox 2216 5640 2311 5713; x_wconf 84' lang='grc' dir='ltr'>τὴν</span> <span class='ocrx_word' id='word_1_1066' title='bbox 2354 5638 2533 5711; x_wconf 86' lang='grc' dir='ltr'>λύμην</span> <span class='ocrx_word' id='word_1_1067' title='bbox 2567 5640 2870 5712; x_wconf 86' lang='grc' dir='ltr'>παρέχοντα</span> <span class='ocrx_word' id='word_1_1068' title='bbox 2912 5640 2990 5703; x_wconf 88' lang='grc' dir='ltr'>εἰς</span> <span class='ocrx_word' id='word_1_1069' title='bbox 3025 5639 3116 5692; x_wconf 79' lang='grc' dir='ltr'>τὸν</span> <span class='ocrx_word' id='word_1_1070' title='bbox 3153 5642 3251 5709; x_wconf 82' lang='grc' dir='ltr'>τῆς</span> <span class='ocrx_word' id='word_1_1071' title='bbox 3291 5640 3467 5710; x_wconf 81' lang='grc' dir='ltr'>ψυχῆς</span> 
     </span>
    </p>
   </div>
   <div class='ocr_carea' id='block_1_132' title="bbox 1864 5740 3464 5807">
    <p class='ocr_par' dir='ltr' id='par_1_132' title="bbox 1864 5740 3464 5807">
     <span class='ocr_line' id='line_1_132' title="bbox 1864 5740 3464 5807; baseline -0.004 -13"><span class='ocrx_word' id='word_1_1072' title='bbox 1864 5746 1892 5785; x_wconf 79' lang='lat' dir='ltr'><strong>b</strong></span> <span class='ocrx_word' id='word_1_1073' title='bbox 1926 5746 2073 5795; x_wconf 80' lang='lat' dir='ltr'>Savil.</span> <span class='ocrx_word' id='word_1_1074' title='bbox 2095 5751 2148 5795; x_wconf 76' lang='lat' dir='ltr'><strong>et</strong></span> <span class='ocrx_word' id='word_1_1075' title='bbox 2165 5744 2361 5807; x_wconf 84' lang='lat' dir='ltr'>quidam</span> <span class='ocrx_word' id='word_1_1076' title='bbox 2379 5755 2497 5794; x_wconf 84' lang='lat' dir='ltr'>mss.</span> <span class='ocrx_word' id='word_1_1077' title='bbox 2519 5744 2855 5805; x_wconf 80' lang='grc' dir='ltr'>διανοούμενος.</span> <span class='ocrx_word' id='word_1_1078' title='bbox 2888 5742 2980 5790; x_wconf 82' lang='grc' dir='ltr'>Καὶ</span> <span class='ocrx_word' id='word_1_1079' title='bbox 3005 5741 3043 5788; x_wconf 87' lang='grc' dir='ltr'>εἱ</span> <span class='ocrx_word' id='word_1_1080' title='bbox 3067 5740 3208 5788; x_wconf 82' lang='grc' dir='ltr'>τοῦτο</span> <span class='ocrx_word' id='word_1_1081' title='bbox 3230 5742 3464 5801; x_wconf 55' lang='grc' dir='ltr'>ποιήσας,</span> 
     </span>
    </p>
   </div>
   <div class='ocr_carea' id='block_1_133' title="bbox 1803 5808 2385 5873">
    <p class='ocr_par' dir='ltr' id='par_1_133' title="bbox 1803 5808 2385 5873">
     <span class='ocr_line' id='line_1_133' title="bbox 1803 5808 2385 5873; baseline -0.005 -16"><span class='ocrx_word' id='word_1_1082' title='bbox 1803 5810 2069 5873; x_wconf 37' lang='grc' dir='ltr'>καὶρῶσπερ</span> <span class='ocrx_word' id='word_1_1083' title='bbox 2092 5810 2159 5871; x_wconf 87' lang='grc' dir='ltr'>τῶ</span> <span class='ocrx_word' id='word_1_1084' title='bbox 2180 5808 2385 5869; x_wconf 79' lang='grc' dir='ltr'>σώματι.</span> 
     </span>
    </p>
   </div>
  </div>
