3804 6308
154 187 261 239 185

147 306 393 360 reddunt
421 324 435 360 :
465 306 538 360 ita
566 305 610 360 si
636 304 828 360 anima
861 305 1347 374 circumponantur,
1393 305 1603 360 etiamsi
1642 305 1740 360 de-

145 398 318 451 formi
338 412 602 451 summam
616 396 1060 465 pulchritudinem
1074 396 1343 451 afferrent.
1369 396 1435 450 Et
1452 394 1740 465 quomodo,

145 490 331 553 dices,
361 496 581 555 possunt
599 487 791 541 animae
819 487 1146 557 circumponi
1162 501 1324 541 aurea
1341 487 1364 540 ‘P
1383 486 1576 540 Illarum
1603 486 1742 550 dico,

147 594 257 648 per
277 592 474 633 manus
494 591 799 646 pauperum.
824 576 901 631 llli
926 578 1068 632 enim
1089 577 1428 646 accipientes,
1460 575 1745 632 formosam

146 670 307 725 illam
338 668 585 724 reddunt.
613 668 723 723 lllis
744 682 959 722 auream
991 668 1267 737 pecuniam
1292 666 1462 732 trade,
1498 675 1553 722 et
1580 667 1631 720 in
1676 666 1747 719 il-

146 762 338 814 lorum
363 770 579 813 ventres
599 758 938 827 dispensata,
966 767 1270 828 tantamque
1306 758 1377 813 ibi
1397 756 1629 811 vicissim
1652 756 1748 811 da-

148 853 298 906 bunt
324 851 793 921 pulchritudinem,
816 860 878 905 ut
896 849 1064 905 forma
1092 860 1177 905 tua
1203 866 1386 905 verum
1411 832 1557 904 illum
1585 865 1745 919 spon-

148 958 283 997 sum
313 944 531 1006 alliciat,
556 944 934 1011 innumeraque
959 941 1097 995 dona
1122 942 1385 997 conciliet.
1407 941 1539 996 Cum
1567 950 1744 995 autem

150 1032 563 1102 pulchritudine
605 1032 885 1086 Dominum
939 1032 1223 1097 allexeris,
1273 1032 1749 1101 suppeditabantur

153 1125 262 1179 tibi
306 1124 452 1177 bona
479 1123 676 1186 Omnia,
723 1131 777 1177 et
808 1122 1082 1176 immensis
1123 1122 1313 1191 opibus
1339 1122 1651 1176 abundabis.
1689 1121 1746 1175 Si

153 1230 295 1286 ergo
320 1214 579 1269 amabiles
605 1212 718 1268 ﬁeri
746 1213 971 1267 Domino
995 1213 1259 1279 volumus,
1288 1211 1396 1281 jam
1440 1210 1542 1266 non
1585 1228 1745 1265 orna-

152 1316 277 1361 tum
304 1305 548 1373 corporis
576 1304 708 1358 tanti
735 1304 1005 1366 faciamus,
1035 1302 1127 1357 sed
1151 1304 1338 1357 animae
1364 1303 1746 1357 formositatem

156 1397 408 1468 quotidie
437 1411 624 1466 magna
653 1395 925 1464 diligentia
955 1410 1224 1460 curemus,
1258 1403 1313 1448 ut
1333 1402 1386 1449 et
1409 1394 1629 1464 gratiam
1650 1394 1748 1448 be-

156 1490 315 1559 nigni
349 1488 444 1542 Dei
473 1486 627 1542 nobis
650 1485 1014 1549 conciliemus,
1046 1495 1099 1539 et
1125 1484 1404 1539 inelfahilia
1445 1484 1580 1539 bona
1617 1499 1748 1538 con-

154 1594 480 1649 sequamur,
511 1578 675 1647 gratia
707 1585 762 1631 et
806 1576 1129 1644 benignitate
1168 1576 1374 1629 Domini
1414 1575 1581 1630 nostri
1622 1575 1749 1630 Jesu

155 1672 391 1735 Christi,
417 1685 539 1724 cum
576 1684 682 1738 quo
719 1668 882 1734 Patri,
909 1667 1066 1722 simul
1103 1680 1159 1721 et
1197 1666 1412 1736 Spiritui
1457 1674 1641 1721 sancto
1682 1666 1751 1720 sit

157 1762 364 1831 gloria,
402 1758 707 1829 imperium,
733 1758 927 1826 honor,
966 1774 1108 1813 nunc
1135 1766 1190 1813 et
1216 1771 1447 1827 semper,
1478 1764 1533 1812 et
1560 1758 1611 1811 in
1651 1771 1751 1811 sa:-

154 1854 285 1911 cula
316 1853 656 1909 saeculorum.
688 1853 877 1906 Amen.

717 1984 995 2040 HOMILIA
1036 1983 1202 2040 XXII.

160 2101 239 2155 Et
267 2110 378 2154 erat
406 2098 524 2154 Noe
551 2115 800 2152 annorum
818 2099 1219 2169 quingentorum,
1249 2106 1293 2150 et
1320 2096 1490 2167 genuit
1514 2093 1565 2147 Ν
1570 2110 1627 2148 oe
1653 2102 1751 2147 tres

239 2194 398 2262 ﬁlios,
431 2192 573 2257 Sent,
608 2190 785 2256 Chatti,
814 2199 860 2244 et
883 2188 1128 2257 lup/retia.
1156 2188 1221 2242 Et
1247 2193 1438 2259 factum
1460 2195 1531 2239 est
1550 2183 1750 2255 quando

240 2290 502 2352 coeperunt
532 2281 754 2335 homines
785 2279 1112 2349 multiplicari
1153 2295 1304 2348 super
1330 2287 1532 2342 terram,
1560 2286 1606 2330 et
1632 2276 1755 2345 ﬁlia:

243 2384 382 2427 nata:
404 2381 523 2427 sunt
548 2371 618 2426 eis
644 2370 793 2441 (Gen.
822 2372 875 2426 5.
907 2370 994 2425 3i.
1025 2380 1070 2424 et
1096 2370 1146 2425 6.
1183 2370 1258 2441 1).

243 2487 297 2541 1.
339 2485 679 2539 Attentionem
704 2484 992 2537 auditorum
1012 2491 1203 2553 captat.
1235 2481 1362 2549 Qua:
1379 2481 1443 2534 sit
1467 2491 1647 2534 natura
1668 2482 1754 2533 de-

161 2579 259 2633 biti
282 2576 591 2648 spiritualis.
607 2575 960 2645 --Reliquias
982 2574 1243 2629 hesternre
1264 2587 1463 2627 mensa:
1484 2570 1633 2626 vobis
1656 2570 1755 2625 ho-

162 2674 258 2727 die
282 2686 589 2742 preponere
613 2671 731 2724 volo
759 2693 773 2725 :
805 2670 899 2725 sed
922 2685 989 2724 ne
1014 2684 1152 2739 aegre
1177 2667 1340 2732 feras,
1371 2667 1583 2731 dilecte,
1611 2665 1754 2736 quod

163 2767 433 2836 reliquias
462 2763 601 2818 dico.
632 2763 762 2817 Nam
793 2764 844 2818 in
874 2762 1213 2818 sensibilibus
1239 2761 1450 2831 quidem
1491 2759 1755 2814 alimentis

164 2871 292 2931 post
327 2874 493 2913 unum
525 2867 578 2913 et
604 2858 829 2912 alterum
860 2855 999 2911 diem
1031 2854 1263 2909 marcida
1305 2853 1439 2907 ﬁunt
1466 2852 1663 2919 edulia,
1704 2860 1755 2905 et

161 2952 240 3006 ad
271 2949 598 3005 vescendum
625 2948 826 3003 inutilia
858 2946 953 3001 :in
979 2945 1238 3016 spirituali
1261 2958 1389 2999 vero
1416 2958 1597 2997 mensa
1625 2942 1755 2997 nihil

163 3046 279 3100 tale
307 3043 485 3098 vereri
512 3047 743 3111 oportet.
778 3039 894 3109 lpsa
919 3040 1083 3105 enim,
1114 3048 1313 3109 quanto
1351 3037 1468 3107 plus
1502 3038 1756 3106 temporis

165 3133 458 3206 praeteriit,
492 3141 640 3187 tanto
670 3130 924 3201 majorem
948 3131 1170 3201 gratiam
1201 3129 1382 3197 habet,
1412 3138 1465 3183 et
1493 3128 1758 3183 recentior

162 3239 333 3297 atque
364 3227 601 3296 vegetior
638 3223 925 3279 invenitur.
966 3223 1077 3292 Age
1123 3222 1281 3292 igitur
1326 3221 1755 3292 promissionem,

162 3333 334 3391 quam
358 3317 474 3372 heri
501 3316 791 3379 emisimus,
820 3314 1152 3385 impleamus,
1173 3322 1224 3368 et
1246 3313 1482 3368 debitum
1502 3312 1759 3367 doctrina:

162 3421 329 3483 grato
376 3407 725 3464 exhibeamus
769 3409 966 3461 animo.
1016 3405 1131 3461 Non
1175 3406 1316 3461 enim
1357 3405 1459 3460 hoc
1509 3405 1635 3460 utile
1679 3413 1761 3461 est

164 3500 563 3570 accipientibus
608 3498 921 3563 dumtaxat;
962 3506 1019 3552 ut
1058 3498 1111 3551 in
1155 3497 1273 3551 aliis
1317 3496 1528 3560 debitis,
1572 3497 1667 3552 sed
1706 3505 1761 3551 et

165 3593 308 3648 mihi
348 3592 727 3647 dinumeranti.
768 3589 837 3644 Et
861 3589 985 3659 quid
1030 3588 1151 3644 dico
1194 3588 1324 3644 mihi
1362 3588 1761 3643 dinumeranti?

166 3687 325 3742 Talis
373 3694 455 3739 est
491 3682 781 3753 spiritualis
828 3681 991 3737 debiti
1038 3692 1247 3746 natura,
1292 3689 1351 3735 ut
1391 3688 1590 3750 quanto
1640 3695 1756 3733 ma-

166 3782 257 3851 gis
309 3777 569 3843 solvitur,
624 3784 769 3829 tanto
816 3773 985 3843 magis
1047 3781 1331 3843 augeatur,
1393 3779 1449 3826 et
1513 3770 1758 3824 substan-

170 3872 308 3925 tiam
355 3868 525 3938 magis
580 3867 921 3936 multiplicet,
976 3873 1135 3935 atque
1198 3864 1494 3920 inell‘abiles
1550 3863 1762 3918 divitias

168 3960 368 4015 afferat
387 3970 495 4014 tam
526 3958 694 4026 danti,
721 3972 877 4027 quam
918 3955 1318 4025 accipientibus.
1348 3954 1541 4010 Vidisti
1570 3970 1763 4010 novam

168 4052 343 4107 debiti
365 4058 628 4116 naturam,
652 4058 707 4104 et
732 4063 907 4103 raram
935 4047 1219 4103 solutionis
1239 4047 1515 4118 speciem?
1542 4048 1598 4102 In
1625 4048 1765 4104 hunc

169 4143 321 4197 enim
346 4139 564 4195 modum
604 4153 663 4193 se
692 4137 890 4193 habent
928 4136 1224 4208 spiritualia
1249 4178 1263 4204 ,
1298 4147 1356 4191 ut
1393 4137 1765 4192 distributione

170 4234 349 4304 magis
377 4239 641 4293 crescant,
666 4239 720 4286 et
747 4244 868 4284 cum
890 4229 1043 4284 multi
1074 4239 1197 4283 sunt
1222 4229 1524 4299 participes,
1550 4229 1765 4285 uberior

169 4329 248 4380 sit
275 4322 634 4388 abundantia;
660 4330 715 4376 et
741 4320 833 4391 qui
858 4320 1177 4387 numeravit,
1211 4336 1319 4375 non
1347 4321 1540 4376 sentiat
1580 4335 1639 4376 se
1662 4320 1762 4374 ali-

168 4418 305 4490 quid
324 4429 661 4481 numerasse,
688 4413 1116 4484 quandoquidem
1146 4412 1264 4483 ejus
1292 4427 1425 4482 opes
1471 4422 1717 4468 crescunt
1746 4428 1762 4478 ;

166 4524 227 4567 et
282 4511 351 4565 iis
396 4509 489 4579 qui
531 4515 857 4577 acceperunt
894 4506 1065 4575 major
1082 4506 1243 4561 etiam
1281 4505 1432 4574 c0pia
1475 4514 1762 4559 accrescat.

168 4604 311 4672 Quia
347 4601 508 4672 igitur
536 4601 656 4654 talis
684 4608 767 4654 est
785 4597 1139 4668 spiritualium
1171 4596 1392 4651 istorum
1411 4603 1620 4660 natura,
1647 4610 1765 4649 ma-

167 4710 278 4766 gna
304 4691 585 4748 alacritate
610 4691 774 4746 etiam
823 4704 920 4744 nos
957 4689 1026 4744 ad
1068 4689 1385 4744 solutionem
1430 4686 1762 4753 festinemus,

169 4795 230 4842 et
259 4800 360 4840 vos
383 4784 449 4839 ad
475 4781 872 4853 suscipiendum
900 4794 1058 4835 aures
1081 4780 1519 4847 accommodatis,
1554 4790 1611 4835 ut
1651 4796 1767 4834 om-

169 4895 276 4934 nes
303 4893 428 4933 cum
450 4877 572 4931 latis
587 4875 750 4930 animi
771 4874 977 4929 sinibus
999 4872 1334 4943 sumpseritis
1375 4888 1495 4941 qua:
1537 4888 1569 4927 a
1613 4872 1767 4927 nobis

170 4974 454 5035 dicuntur,
504 4970 575 5023 ita
612 4968 828 5023 domum
878 4965 1306 5037 proﬁciscamini.
1350 4966 1544 5021 lterum
1586 4976 1763 5022 autem

170 5072 558 5134 argumentum
587 5061 656 5116 de
694 5060 841 5131 justo
879 5059 991 5114 Noe
1015 5059 1069 5114 in
1099 5056 1334 5113 medium
1384 5056 1577 5113 afferre
1619 5059 1763 5123 volo,

172 5166 237 5209 ut
253 5154 389 5224 justi
415 5167 663 5224 magnam
688 5153 961 5218 virtutem,
986 5158 1044 5206 et
1071 5149 1392 5206 ineffabilem
1433 5150 1527 5205 Dei
1553 5152 1766 5205 miseri-

172 5248 451 5313 cordiam,
481 5260 545 5300 ac
564 5244 905 5299 tolerantiam
932 5259 1051 5313 quae
1100 5258 1312 5299 omnem
1359 5243 1523 5298 animi
1554 5252 1763 5313 captum

175 5338 550 5404 transcendit,
604 5337 844 5393 discatis.
888 5337 1155 5392 Didicistis
1198 5336 1333 5403 heri,
1378 5337 1645 5408 quomodo
1700 5339 1767 5393 ab

173 5442 303 5488 ortu
343 5445 446 5487 suo
464 5430 643 5502 justus
672 5430 781 5495 ille,
808 5436 1029 5499 accepto
1063 5443 1094 5483 a
1118 5439 1271 5507 patre
1299 5429 1514 5485 nomine
1535 5470 1551 5495 ,
1591 5429 1767 5483 obam-

174 5526 420 5587 bulabat,
450 5523 703 5579 omnibus
722 5522 811 5594 qui
834 5531 960 5577 tunc
987 5531 1142 5578 erant
1162 5521 1351 5578 doctor
1373 5521 1732 5577 calamitatum
1748 5560 1764 5585 ,

172 5633 334 5690 quasi
390 5616 628 5671 clamans
653 5622 708 5671 et
751 5629 847 5694 per
889 5614 1062 5685 ipsum
1090 5628 1291 5671 nomen
1332 5628 1488 5671 suum
1526 5614 1710 5671 dicens
1746 5629 1761 5668 :

1074 188 1144 246 IN
1166 189 1322 245 CAP.
1366 186 1430 243 ν.
1463 186 1553 245 ΕΤ
1587 189 1673 245 Vl.
1716 190 1959 247 GENES.
1999 188 2231 245 liOMlL.
2270 188 2434 245 XXII.

3326 203 3427 261 186

1853 302 2104 359 Desistite
2127 318 2157 358 a
2178 303 2340 370 malo,
2367 302 2664 374 operemini
2687 305 2960 375 virtutem,
2991 308 3175 365 timete
3211 322 3426 380 pmnam

1853 394 2245 464 impendentem
2278 409 2599 451 :commune
2628 395 2883 453 diluvium
2913 398 2966 453 in
2994 407 3105 453 toto
3142 401 3273 456 orbe
3302 401 3424 457 erit.

1851 483 2041 553 lugens
2069 484 2168 540 Dei
2194 484 2486 554 indignatio
2511 486 2694 552 instat,
2728 488 2849 557 quia
2871 497 2925 544 et
2946 502 3136 560 magna
3177 491 3428 560 nequitiae

1851 574 2131 629 colluvies.
2162 574 2231 629 Et
2252 574 2353 629 hoc
2373 590 2479 630 non
2507 591 2601 645 per
2623 576 2758 633 duos
2788 579 2870 632 vel
2896 586 3006 634 tres
3028 588 3229 634 tantum
3258 590 3431 637 annos

1851 662 2101 729 faciebat,
2138 664 2233 719 sed
2259 667 2577 736 quingentos
2602 682 2770 722 annos
2792 669 2923 723 vixit
2953 669 3068 725 haec
3110 671 3424 728 admonens.

1851 752 2072 808 Vidistis
2094 755 2428 809 tolerantiam
2460 757 2708 812 Domini?
2742 759 2949 814 vidistis
2974 760 3226 815 bonitatis
3245 764 3427 817 excel—

1852 843 2106 898 lentiam?
2135 844 2343 898 vidistis
2369 846 2685 901 inell'abilem
2714 850 3064 917 patientiam?
3090 852 3297 907 vidistis
3310 868 3430 905 ma-

1851 932 1977 987 litia:
1994 934 2355 989 incrementa?
2377 936 2582 991 vidistis
2598 937 2950 1007 improbitatis
2973 942 3387 1010 magnitudinem
3404 944 3430 997 τ

1845 1023 2134 1094 Hucusque
2163 1026 2326 1091 enim,
2355 1036 2411 1082 ut
2438 1028 2606 1095 scitis,
2654 1029 2769 1085 heri
2809 1046 2987 1087 sermo
3008 1043 3193 1088 noster
3218 1050 3433 1103 proces-

1852 1115 1922 1169 sit
1952 1132 1966 1169 :
1990 1131 2165 1185 operte
2191 1117 2418 1185 pretium
2446 1128 2527 1173 est
2551 1120 2707 1189 igitur
2727 1130 2785 1174 ut
2809 1121 2967 1176 hodie
2988 1121 3273 1191 discamus,
3294 1139 3432 1194 quo-

1854 1207 2014 1260 modo
2040 1208 2344 1263 misericors
2367 1211 2507 1264 Deus
2544 1226 2642 1278 pro
2669 1226 2761 1265 sua
2793 1212 3029 1269 bonitate
3058 1230 3230 1285 neque
3273 1216 3433 1286 quin¢

1853 1299 2024 1367 gentis
2049 1299 2202 1352 annis
2231 1300 2294 1352 ad
2315 1301 2646 1355 tolerantiam
2670 1312 2955 1359 contentus
2977 1304 3091 1370 fuit,
3120 1306 3214 1361 sed
3232 1306 3435 1362 addidit

1855 1405 2027 1444 annos
2052 1391 2185 1444 alios
2212 1391 2277 1445 ad
2309 1392 2614 1461 superiores
2640 1394 2691 1447 in
2734 1396 2958 1464 gratiam
2984 1412 3168 1452 eorum
3198 1398 3288 1468 qui
3311 1407 3435 1453 tan-

1856 1491 1964 1536 tum
1998 1492 2365 1550 peccaverant.
2407 1483 2476 1536 Et
2502 1494 2608 1538 erat
2649 1484 2784 1553 Noe,
2837 1487 3025 1557 inquit,
3053 1489 3436 1558 quingentorum

1854 1565 2123 1629 cinnorum.
2176 1575 2257 1629 Ad
2310 1576 2592 1631 utilitatem
2645 1587 2880 1632 nostram
2929 1577 3106 1633 divina
3157 1579 3434 1649 Scriptura

1856 1681 2138 1720 numerum
2188 1680 2449 1721 annorum
2514 1666 2647 1737 justi
2698 1668 3023 1737 assignavit,
3056 1677 3121 1724 ut
3166 1670 3437 1725 discamus

1855 1768 2055 1827 quanto
2085 1767 2323 1828 tempore
2350 1759 2563 1824 vixerit,
2593 1759 2889 1815 admonens
2919 1761 3058 1827 illos,
3088 1770 3142 1816 et
3166 1762 3437 1831 quomodo

1856 1848 1929 1903 illi
1959 1848 2174 1917 quidem
2204 1849 2420 1905 malitize
2437 1850 2573 1903 viam
2591 1852 2799 1917 sectati,
2824 1851 2876 1905 in
2903 1867 2964 1905 ea
2985 1853 3284 1921 consumpti
3306 1852 3431 1918 sint;

1851 1938 2027 2009 justus
2058 1948 2235 1995 autem
2260 1955 2414 1996 secus
2444 1957 2601 2010 quam
2637 1941 2729 1996 alii
2756 1942 3033 1998 ambulans
3066 1951 3210 1997 tanta
3240 1946 3438 1998 virtute

1856 2032 2218 2101 praecelluerit
2249 2048 2263 2085 :
2295 2040 2430 2087 utet
2464 2033 2564 2087 sibi
2595 2032 2687 2087 Dei
2714 2033 3139 2088 benevolentiam
3179 2034 3440 2088 concilia-

1856 2133 1959 2189 ret,
1987 2133 2039 2178 et
2076 2139 2195 2179 cum
2220 2139 2407 2179 omnes
2438 2124 2528 2178 alii
2574 2128 2747 2194 poenis
2788 2125 3006 2179 obnoxii
3061 2126 3269 2192 fierent,
3322 2126 3437 2196 ipse

1856 2217 2002 2272 solus
2024 2232 2143 2272 cum
2167 2225 2273 2271 tota
2304 2216 2504 2271 familia
2549 2216 2822 2287 effugeret.
2870 2217 3004 2271 llinc
3030 2216 3304 2281 discimus,
3338 2232 3437 2270 no-

1856 2308 1960 2373 bis,
2011 2308 2056 2362 si
2097 2307 2259 2362 sobrii
2310 2307 2564 2362 fuerimus
2591 2316 2645 2364 et
2675 2322 2781 2362 non
2826 2307 3060 2375 desides,
3114 2322 3219 2361 non
3265 2308 3435 2361 solum

1857 2400 1991 2454 nihil
2016 2414 2212 2455 nocere
2242 2400 2286 2455 si
2314 2402 2453 2454 inter
2482 2399 2687 2454 medios
2710 2400 2882 2455 malos
2910 2414 3223 2462 versemur;
3264 2398 3358 2453 sed
3385 2397 3437 2452 id

1859 2505 1957 2546 nos
1984 2490 2209 2546 reddere
2239 2491 2451 2546 virtutis
2477 2491 2845 2546 studiosiores.
2874 2491 3005 2545 Nam
3030 2490 3151 2545 ideo
3178 2490 3440 2559 benignus

1861 2585 2005 2640 Deus
2033 2585 2112 2639 sic
2135 2585 2483 2653 dispensavit,
2514 2594 2571 2639 ut
2619 2585 2776 2639 simul
2812 2593 2992 2639 essent
3037 2582 3161 2637 boni
3192 2591 3245 2637 et
3290 2582 3437 2647 mali,

1857 2692 1967 2747 quo
1995 2677 2281 2739 .malorum
2331 2678 2776 2733 subenervaretur
2819 2676 3040 2741 malitia,
3074 2676 3442 2745 bonorumque

1858 2769 2029 2824 virtus
2057 2769 2251 2824 clarius
2281 2770 2609 2824 eluccsceret
2638 2786 2650 2822 :
2682 2776 2736 2823 et
2758 2767 2970 2823 desides
2995 2782 3027 2822 a
3054 2766 3435 2821 studiosiorum

1859 2861 2239 2917 consuetudine
2258 2862 2481 2931 plurima
2508 2860 2789 2916 commoda
2833 2859 3222 2925 Iucrifacerent,
3279 2859 3443 2914 modo

1861 2954 2077 3009 vellent.
2107 2953 2204 3008 llic
2229 2953 2434 3023 cogites
2456 2952 2639 3019 velim,
2672 2960 2884 3023 quanta:
2920 2952 3129 3006 virtutis
3160 2950 3321 3006 fuerit
3348 2951 3443 3006 ille

1857 3045 2052 3115 justus,
2107 3043 2376 3113 quomodo
2424 3044 2478 3099 in
2514 3052 2661 3099 tanta
2704 3043 3062 3107 multitudine,
3094 3058 3214 3113 quae
3250 3057 3445 3112 magno

1863 3137 2064 3205 impetu
2093 3136 2146 3190 in
2173 3136 2375 3190 malum
2406 3136 2614 3204 ruebat,
2647 3137 2794 3191 solus
2839 3136 2953 3205 ipse
3003 3135 3214 3190 diversa
3254 3135 3446 3189 ambu-

1864 3228 1992 3284 lavit
2014 3229 2122 3296 via,
2154 3229 2403 3284 virtutem
2430 3229 2646 3283 malitiae
2671 3229 2992 3298 przeferens:
3026 3243 3089 3283 ac
3111 3242 3285 3297 neque
3309 3228 3445 3282 alio-

1864 3335 1980 3388 rum
2006 3334 2322 3387 consensus,
2355 3334 2455 3374 nec
2500 3327 2645 3374 tanta
2694 3319 2997 3389 frequentia
3033 3319 3293 3374 reddebat
3321 3334 3444 3374 eum

1864 3411 1929 3466 ad
1961 3411 2170 3466 virtutis
2200 3412 2302 3466 iter
2352 3411 2651 3481 segniorem
2682 3411 2811 3466 :sed
2854 3411 2963 3481 jam
3009 3411 3154 3480 prius
3199 3410 3447 3480 implebat

1865 3505 2007 3575 quod
2056 3506 2242 3561 beatus
2288 3505 2461 3560 Moses
2510 3516 2693 3574 postea
2733 3504 2972 3560 dicturus
3008 3513 3124 3559 erat
3158 3524 3171 3559 :
3203 3502 3324 3557 Non
3350 3503 3448 3557 eris

1870 3613 1985 3651 cum
2016 3597 2245 3667 pluribus
2272 3598 2325 3651 in
2362 3597 2557 3650 malitia
2587 3596 2782 3665 (Exod.
2809 3596 2898 3651 2'5.
2925 3596 3003 3667 2).
3027 3596 3094 3651 Ει
3113 3595 3254 3665 quod
3280 3596 3449 3666 magis

1867 3688 2200 3752 admirabile,
2232 3702 2352 3743 cum
2382 3688 2579 3742 multos
2611 3687 2851 3753 haberet,
2902 3687 3011 3741 imo
3053 3701 3244 3741 omnes
3264 3686 3351 3754 qui
3380 3685 3445 3738 ad

1868 3779 2065 3832 malum
2095 3789 2149 3832 et
2176 3778 2243 3833 ad
2288 3793 2450 3848 prava
2499 3793 2660 3847 opera
2685 3776 3112 3841 cohortarentur,
3165 3785 3221 3830 et
3275 3775 3448 3829 nullus

1866 3878 2011 3924 esset
2051 3869 2140 3939 qui
2182 3868 2247 3923 ad
2274 3870 2519 3924 virtutem
2557 3868 2829 3922 induceret
2861 3884 2877 3923 :
2908 3875 3051 3920 tanta
3094 3866 3183 3919 ille
3223 3864 3275 3919 in
3326 3881 3443 3921 eam

1868 3962 2204 4017 vehementia
2235 3961 2525 4028 ferebatur,
2554 3969 2614 4016 ut
2640 3962 2778 4015 viam
2806 3968 2969 4014 tantze
2994 3957 3316 4014 multitudini
3351 3972 3445 4027 op-

1869 4054 2094 4125 positam
2120 4062 2174 4109 et
2216 4055 2535 4109 contrariam
2580 4060 2818 4116 teneret;
2874 4065 3046 4120 neque
3094 4049 3331 4111 timebat.
3359 4057 3449 4103 aut

1869 4147 2154 4202 verebatur
2176 4160 2458 4215 pravorum
2485 4143 2847 4207 concordiam,
2878 4156 3054 4212 neque
3074 4141 3147 4195 illi
3176 4141 3280 4195 tale
3320 4139 3446 4209 quid

1869 4239 2067 4303 evenit,
2098 4238 2254 4307 quale
2291 4239 2428 4291 solet
2467 4236 2671 4306 ignavis
2718 4234 2979 4300 accidere,
3015 4233 3105 4303 qui
3148 4233 3192 4286 si
3237 4231 3450 4301 quando

1871 4330 2101 4385 viderint
2146 4327 2343 4383 multos
2383 4328 2541 4388 simul
2590 4340 2928 4385 concurrere.
2984 4324 3085 4377 hoc
3125 4323 3369 4378 velamen
3397 4332 3451 4377 et

1871 4420 2010 4475 hanc
2035 4419 2371 4476 occasionem
2395 4434 2503 4473 sua:
2533 4419 2759 4488 ignaviae
2788 4424 3111 4487 praetexunt,
3135 4430 3200 4470 ac
3226 4415 3448 4470 dicunt:

1871 4516 1979 4571 Cur
2005 4529 2103 4585 ego
2133 4529 2326 4568 novum
2373 4513 2643 4583 quidpiam
2692 4522 2746 4566 et
2794 4510 3059 4580 singulare
3099 4518 3294 4577 prteter
3333 4508 3451 4563 illos

1871 4621 2060 4661 omnes
2099 4619 2445 4675 aggressurus
2474 4618 2624 4669 sum,
2648 4601 2984 4673 adversarius
3016 4609 3177 4654 tanta:
3203 4598 3450 4653 multitu-

1871 4697 2003 4763 dini,
2036 4706 2226 4750 etcum
2254 4703 2400 4749 tanto
2424 4693 2618 4764 populo
2648 4684 2849 4747 bellum
2875 4690 3256 4761 suscepturus?
3290 4690 3450 4744 Numa

1872 4786 1998 4856 quid
2030 4788 2131 4841 illis
2171 4786 2418 4841 omnibus
2457 4786 2651 4855 justior
2698 4782 2860 4838 sum?
2889 4783 3016 4852 Qua:
3070 4783 3264 4836 utilitas
3318 4781 3451 4835 foret

1874 4888 2139 4933 tantarum
2168 4877 2600 4931 inimicitiarum?
2620 4875 2760 4946 quod
2782 4873 3119 4928 commodum
3144 4872 3272 4925 tanti
3303 4871 3406 4924 odii
3431 4871 3452 4924 ἲ

1870 4969 2013 5025 Nihil
2054 4967 2360 5038 hujusmodi
2410 4966 2668 5022 inutiliter
2713 4964 2999 5035 cogitabat,
3050 4979 3220 5031 neque
3272 4961 3449 5014 animo

1869 5062 2153 5116 versabat:
2177 5060 2271 5116 sed
2297 5059 2493 5126 ethoc,
2524 5058 2665 5129 quod
2696 5068 2877 5127 pOSlea
2907 5070 2936 5109 a
2964 5054 3219 5126 propheta
3248 5052 3447 5106 dictum

1872 5161 1975 5217 est,
2024 5152 2172 5222 prius
2209 5152 2323 5221 ipse
2373 5150 2630 5219 implebat
2670 5164 2683 5203 :
2737 5146 2923 5201 Melior
2962 5155 3033 5199 cst
3083 5160 3216 5197 unus
3260 5145 3450 5213 faciens

1871 5245 2175 5298 voluntatem
2224 5241 2470 5307 Domini,
2534 5256 2686 5310 quam
2731 5237 2981 5291 innumeri
3040 5236 3453 5306 prwvaricatores

1874 5336 2061 5410 (Eccti.
2090 5336 2178 5392 16.
2205 5334 2284 5406 5).
2326 5333 2461 5389 Num
2487 5333 2745 5398 societas,
2778 5330 2967 5402 inquit,
2994 5328 3348 5384 multitudinis
3384 5329 3453 5384 ad

1872 5431 2068 5486 malum
2096 5429 2320 5494 ruentis,
2353 5437 2406 5482 et
2430 5426 2587 5481 simul
2614 5425 2889 5496 rapientis,
2921 5440 2952 5480 a
2978 5424 3214 5479 cruciatu
3241 5438 3327 5476 me
3358 5436 3454 5490 po-

1873 5524 1995 5577 terit
2015 5520 2268 5591 eripere?
2291 5518 2503 5576 Sciebat
2529 5517 2690 5582 enim,
2718 5516 2923 5573 sciebat
2965 5514 3165 5587 liquido
3190 5528 3454 5585 quemque

1874 5628 1972 5689 pro
1999 5628 2095 5671 sua
2118 5613 2289 5670 salute
2315 5611 2576 5669 rationem
2592 5610 2923 5669 redditurum
2952 5622 3073 5667 esse
3090 5648 3107 5678 ,
3133 5621 3305 5678 neque
3330 5620 3449 5660 um-
