3754 6254
342 154 447 212 137

343 282 503 339 quam
532 266 669 333 fore,
694 272 756 323 ut
777 266 884 323 alio
910 276 1163 337 peccante
1206 266 1344 321 alius
1376 277 1596 335 pinnam
1640 260 1930 327 sustineat,

344 362 430 417 vel
455 360 760 417 mercedem
787 360 1058 416 sortiatur.
1078 358 1290 414 Idcirco
1306 356 1487 426 justus
1526 353 1675 424 quasi
1696 352 1936 409 scintilla

345 452 403 505 in
417 450 592 506 medio
619 449 752 504 mari
774 463 1009 513 versans,
1034 462 1139 502 non
1159 447 1331 501 solum
1350 459 1459 500 non
1477 440 1937 512 exstinguebatur,

347 540 441 596 sed
470 541 706 610 quotidie
725 540 994 611 fulgidiori
1014 538 1133 595 luce
1160 538 1648 610 ,prodibat,tomnos
1672 535 1784 591 suis
1808 549 1941 604 ope-

350 633 497 687 ribus
524 632 741 687 docens.

425 723 663 779 Liberum
682 722 973 779 arbitrium.
1001 754 1074 765 —
1097 723 1289 779 Vidisti
1317 719 1588 792 quomodo
1606 720 1687 775 sui
1714 718 1853 789 juris
1886 728 1942 775 et

351 815 558 870 arbitrii
610 824 852 870 naturam
892 823 1131 870 nostram
1154 815 1417 869 Dominus
1462 812 1748 867 formavit?
1787 810 1943 866 Unde

352 907 518 973 enim,
550 906 666 973 dic,
689 922 806 971 oro,
837 908 910 961 illi
936 907 1277 962 admalitiam
1314 905 1690 976 properabant,
1719 912 1774 959 et
1796 903 1944 971 seip-

353 1010 443 1051 sos
477 999 649 1066 poenis
680 998 953 1053 iaciebant
1001 1000 1299 1063 obuoxios;
1328 999 1429 1053 iste
1470 1005 1647 1051 autem
1692 996 1944 1050 virtutem

355 1088 606 1159 eligebat,
651 1101 705 1144 et
752 1090 959 1159 fugiens
1006 1106 1192 1146 eorum
1244 1090 1577 1151 societatem,
1610 1102 1781 1157 poma:
1838 1100 1944 1141 non

356 1181 619 1235 obnoxius
651 1181 789 1235 fuit?
819 1181 1384 1243 Nonnemanilestum,
1412 1194 1506 1234 sua
1554 1193 1819 1247 quemque
1851 1193 1947 1230 vo-

359 1272 561 1327 luntate
582 1273 664 1327 vel
694 1273 973 1338 malitiam,
1000 1273 1080 1327 vel
1110 1272 1362 1326 virtutem
1398 1270 1637 1339 eligere?
1682 1269 1812 1322 Nam
1846 1268 1945 1322 nisi

359 1364 430 1417 ita
451 1374 614 1431 esset,
637 1374 691 1419 et
717 1366 817 1419 nisi
849 1374 1048 1419 naturae
1077 1374 1273 1419 nostra:
1288 1371 1531 1433 potestas
1572 1363 1731 1417 insita
1768 1370 1944 1427 esset,

360 1470 532 1525 neque
563 1457 680 1511 illos
720 1457 913 1526 punini,
945 1472 1118 1527 neque
1163 1456 1294 1511 istos
1322 1456 1532 1511 virtutis
1558 1455 1773 1526 prmmia
1807 1455 1949 1509 acci-

362 1563 489 1616 pere
514 1548 811 1616 oportebat.
829 1549 1021 1603 Verum
1048 1550 1170 1618 quia
1200 1549 1253 1603 in
1279 1560 1459 1604 nostra
1483 1548 1754 1603 voluntate
1778 1554 1951 1602 totum

364 1642 710 1711 postgratiam
734 1642 1083 1697 Deirelietum
1104 1650 1205 1707 est,
1233 1640 1430 1696 ideoret
1457 1640 1798 1710 peccantibus
1825 1656 1936 1710 sup

361 1731 517 1799 plicia
545 1740 723 1801 parata
755 1738 918 1798 sunt,
950 1733 1165 1787 athene
1193 1731 1539 1800 aperantibus
1574 1730 1859 1786 mercedes
1898 1738 1954 1785 et

364 1823 601 1890 prtcmia.
630 1822 698 1877 Et
720 1833 827 1877 erat
849 1861 864 1889 ,
891 1824 1079 1893 inquit,
1114 1822 1230 1877 Noe
1251 1840 1500 1877 annorum
1527 1823 1949 1894 quingentorum,

363 1922 411 1965 et
430 1913 600 1983 genuit
627 1922 725 1967 tre:
754 1914 887 1982 ﬁlios
914 1913 1054 1979 Sam,
1081 1912 1241 1968 Cham
1287 1925 1334 1968 et
1370 1908 1618 1984 Iaplteth.
1658 1914 1952 1969 Considera

364 2003 557 2057 divinae
586 2002 879 2073 Scriptura:
907 2007 1321 2060 accurationcm.
1339 2006 1634 2076 Postquam
1672 2018 1953 2061 numerum

363 2110 625 2150 annorum
662 2096 792 2166 justi
834 2097 986 2153 nobis
1014 2099 1280 2163 narravit,
1307 2098 1649 2168 exhibuitque
1688 2097 1955 2168 ingentem

366 2188 577 2244 Domini
601 2190 928 2258 patientiam,
951 2190 1143 2246 iterum
1170 2206 1434 2246 summam
1464 2191 1797 2246 tolerantiam
1817 2191 1956 2260 ejus,

368 2287 424 2334 et
468 2282 716 2351 nequitia:
756 2282 1029 2337 hominum
1072 2284 1503 2355 exsuperantiam
1550 2282 1826 2341 declarare
1861 2286 1959 2340 .ni»

372 2372 516 2424 titur.

441 2462 498 2516 2.
540 2464 790 2519 Adversus
810 2482 894 2521 eos
910 2468 1252 2539 quisdiceban't
1271 2468 1477 2541 mtgelos
1503 2485 1617 2523 cum
1630 2470 1839 2540 ﬁliabus
1865 2470 1962 2524 ho-

374 2556 889 2613 minum-commixtos
927 2576 1050 2615 esse.
1073 2560 1278 2616 —-‘Sed
1323 2562 1601 2617 audiamus
1644 2563 1755 2634 ipsa
1798 2564 1963 2619 verba

368 2646 535 2703 Mosis
564 2667 578 2704 :
610 2652 805 2720 Spiritu
840 2652 994 2707 enim
1044 2654 1497 2723 loquens,~omnia
1540 2670 1638 2710 nos
1686 2655 1967 2727 diligenter

371 2740 485 2793 vult
511 2741 768 2797 doceret
798 2742 957 2813 (ϐαρ.
987 2744 1065 2814 6).
1091 2744 1161 2798 Et
1200 2745 1389 2813 factum
1410 2754 1509 2812 est,
1530 2746 1732 2817 inquit,
1752 2746 1966 2817 quando

375 2844 629 2902 eruperunt
683 2835 911 2891 homines
940 2838 1283 2907 [multiplicari
1329 2846 1724 2907 superterram,
1748 2849 1805 2895 :et
1842 2841 1969 2909 filia:

379 2936 516 2979 nata:
545 2936 661 2979 sunt
690 2927 812 2983 illis.
834 2926 960 2982 Non
1003 2929 1205 2998 absque
1228 2930 1447 2985 ratione
1483 2928 1706 2997 addidit,
1734 2931 1799 2986 Et
1844 2933 1969 3001 ﬁlia:

377 3026 513 3071 natat
537 3017 779 3071 suutillis
806 3033 824 3071 :
855 3018 946 3073 scd
980 3028 1037 3073 ut
1069 3035 1312 3091 magnam
1345 3021 1734 3077 multitudinem
1766 3025 1844 3079 sic
1888 3024 1969 3078 in-

380 3110 636 3164 sinuarct.
668 3110 798 3164 Nam
837 3111 923 3166 ubi
956 3122 1096 3166 tanta
1139 3113 1375 3169 radicum
1405 3114 1837 3183 estmtdtitudo,
1872 3131 1973 3173 Ite-

379 3214 641 3258 cosse-est
663 3206 823 3259 etiam
855 3208 1049 3261 multos
1079 3223 1257 3263 ramos
1278 3212 1483 3265 enasci.
1520 3210 1582 3263 2.
1607 3210 1969 3281 ευιθὶάονιιηι,

384 3295 587 3365 inquit,
613 3297 709 3365 ﬁlii
739 3296 835 3351 Dei
880 3300 1014 3367 filias
1048 3300 1308 3355 hominum
1342 3304 1475 3371 quod
1502 3305 1729 3374 pulchra:
1765 3316 1924 3361 essent
1952 3348 1969 3373 ,

383 3401 706 3457 sitmpserunt
757 3390 850 3444 sibi
892 3408 1078 3447 tutores
1126 3410 1189 3448 ex
1228 3396 1491 3461 omnibus,
1529 3412 1655 3466 quas
1697 3398 1969 3469 elegerant.

385 3480 631 3549 Singulas
657 3482 918 3539 dictiones
946 3485 1228 3554 diligenter
1255 3488 1657 3544 consideremus
1680 3532 1694 3556 ,
1738 3506 1806 3545 ne
1830 3490 1971 3561 tquid

386 3572 440 3628 in
470 3574 632 3629 tundo
660 3576 832 3631 latens
861 3591 959 3631 nos
990 3587 1301 3649 prmtereat.
1333 3579 1521 3651 Operm
1552 3582 1797 3650 pretium
1829 3581 1971 3637 enim

389 3664 551 3721 fuerit
588 3667 726 3723 bene
752 3671 1160 3725 ‘scnutari'hunc
1188 3671 1383 3739 locum,
1406 3683 1469 3729 ut
1498 3673 1868 3730 subvertamus
1900 3675 1975 3730 fa-

387 3757 542 3813 bulas
584 3761 759 3814 omnia
812 3761 1202 3818 inconsiderate
1243 3764 1569 3835 loquentium
1602 3775 1703 3821 :-et
1730 3768 1972 3837 primum

383 3850 655 3906 clierenda
686 3867 746 3905 ea
776 3868 893 3922 qua:
916 3853 1095 3909 dicere
1124 3855 1342 3923 audent,
1366 3865 1423 3911 et
1456 3866 1747 3912 monstrata
1774 3873 1975 3913 :corum

384 3959 509 4013 quae
551 3946 619 3999 ab
654 3946 759 3999 illis
792 3945 1045 4001 dicuntur
1062 3947 1423 4015 absurditate,
1453 3965 1739 4020 germanus
1765 3966 1978 4020 quoque

390 4036 681 4106 Scriptura:
722 4052 911 4093 sensus
951 4042 1378 4095 vestrarcaritati
1410 4042 1728 4111 aperiendus
1750 4052 1849 4098 est
1871 4084 1887 4109 ,
1922 4052 1976 4097 ut

390 4139 461 4183 ne
489 4126 802 4196 simpliciter
826 4138 882 4182 et
924 4130 1078 4185 facile
1102 4132 1700 4187 auresaccommodetis
1724 4139 1834 4187 tam
1846 4133 1981 4189 blas-

392 4218 589 4291 pbema
642 4218 941 4276 dicentibus
960 4261 975 4285 ,
1007 4230 1062 4277 et
1088 4222 1369 4278 adversum
1394 4224 1565 4293 capita
1595 4240 1688 4279 sna
1718 4225 1982 4282 blaterare

394 4308 732 4364 audentibus.
760 4310 1019 4365 Asscrunt
1046 4313 1188 4367 enim
1221 4312 1324 4368 hoc
1346 4328 1452 4368 non
1480 4314 1548 4370 dc
1572 4314 1878 4371 hominibus
1903 4317 1983 4371 di-

393 4411 537 4456 ctum
566 4416 707 4468 esse,
730 4402 823 4457 sed
850 4402 917 4457 de
941 4403 1146 4473 angelis
1173 4423 1187 4459 :
1212 4404 1321 4459 Hos
1342 4406 1507 4473 enim,
1532 4407 1699 4469 aiunt,
1727 4408 1864 4462 ﬁlios
1889 4409 1981 4464 Dei

392 4494 700 4563 appellavit.
734 4494 968 4549 Primum
994 4496 1297 4563 ostendant,
1328 4498 1413 4552 ubi
1454 4499 1627 4569 angeli
1655 4500 1745 4553 lilii
1771 4500 1862 4554 Dei
1891 4514 1985 4569 ap-

396 4587 578 4657 pellati
596 4587 712 4641 sint
734 4587 809 4661 (a)
842 4606 855 4643 :
880 4587 978 4643 sed
1008 4604 1113 4645 non
1144 4600 1393 4661 poterunt
1422 4607 1643 4663 usquam
1664 4602 1983 4650 monstrare.

442 4722 518 4785 (α)
536 4721 777 4788 Veterum
788 4721 1048 4788 multorum
1061 4724 1223 4785 opinio
1234 4723 1805 4788 fuitangcloscorporeos
1816 4724 1982 4785 fuisse,

402 4792 447 4833 rt
468 4798 579 4850 cum
603 4784 792 4833 ﬁliabus
826 4784 1075 4850 hominum
1096 4784 1215 4834 rem
1241 4784 1503 4850 habuisse;
1540 4784 1747 4850 illosque
1782 4784 1987 4849 angelos

398 4848 589 4921 quidam
624 4854 883 4921 vocarunt,
910 4845 1096 4921 vigiles.
1120 4848 1358 4921 losephus
1391 4849 1554 4921 tanti“.
1584 4845 1679 4897 libf
1698 4850 1756 4921 in,

394 4907 534 4959 nmlti
551 4908 712 4970 ant/eli
738 4908 823 4958 Dei
845 4922 957 4957 cum
979 4907 1443 4972 nullieribusmixti.
1473 4907 1681 4972 Idipsum
1706 4911 1813 4961 fere
1834 4907 1983 4960 Justi-

397 4983 519 5027 nus,
563 4969 1191 5035 Athenagoras,Clemens
1222 4969 1613 5035 Alexandrinus,
1650 4974 1988 5035 'l‘lteoguostus

394 5035 520 5094 apud
545 5033 776 5098 t‘botium,
799 5041 851 5083 et
874 5032 973 5098 alii.
1007 5040 1153 5098 Quam
1186 5046 1292 5098 rem
1318 5032 1536 5098 plurist
1560 5032 1889 5098 persequutus
1912 5044 1989 5085 est

397 5095 887 5161 ιοδεειοὶιιιξ,ὃίξςιιὶεξριιΔ
916 5096 966 5144 in
1004 5096 1132 5161 notis
1166 5095 1224 5143 ad
1262 5097 1451 5145 Eusebii
1485 5095 1745 5146 chronic-on
1768 5132 1792 5161 ._
1808 5106 1859 5147 et
1882 5104 1989 5161 post

398 5154 524 5204 eum
547 5157 624 5205 alii
651 5154 910 5215 innumeri,
928 5170 1051 5219 quos
1074 5154 1271 5219 longum
1297 5165 1737 5219 esset'recensere.
1760 5154 1987 5209 Cum'att-

398 5223 502 5291 tcm
520 5222 587 5290 ait
605 5218 989 5291 eiiqsostontus,
1012 5218 1275 5269 Ostendam
1305 5220 1387 5291 ubi
1408 5219 1568 5282 angeli
1588 5218 1678 5285 ﬁlii
1814 5219 1986 5291 appng

398 5277 483 5345 lati
523 5280 617 5331 sint
637 5282 674 5345 ζ’Δ
700 5277 817 5330 illud
853 5282 1051 5345 quidem
1090 5295 1263 5345 verum
1306 5288 1385 5345 est
1420 5277 1514 5331 non
1551 5277 1761 5345 reperiri
1795 5277 1856 5332 ιη’
1879 5277 1989 5345 LXX

398 5339 783 5407 interpretibus,
800 5339 922 5406 quos
943 5342 1074 5392 solos
1097 5341 1295 5407 legebat
1316 5339 1696 5407 Cbrysostom'us.
1716 5341 1905 5393 Verum
1940 5344 1989 5392 in

400 5402 651 5467 libro'Job.
689 5417 734 5453 c.
769 5402 831 5463 ιζ
850 5420 897 5453 v.
933 5402 1186 5467 6,angeli
1224 5402 1455 5457 vocantur
1488 5407 1813 5457 inrotiebraico
1846 5413 1990 5457 textu

398 5465 700 5559 amburit;
724 5504 775 5544 et
797 5465 1208 5559 in_Vulgata,ﬁﬁtii
1358 5497 1674 5548 nihilominus
1717 5506 1881 5548 tamen
1904 5498 1991 5559 hic

404 5557 795 5625 trabe-confluat
813 5557 1181 5625 _t;brysostomus
1204 5572 1291 5611 eos
1320 5561 1405 5624 qui
1437 5560 1661 5612 dicerent
1695 5560 1844 5612 hosce
1867 5558 1991 5611 ﬁlios

403 5622 487 5669 Dei
512 5620 659 5670 luisse
678 5620 904 5684 angelos.

1090 158 1147 214 S.
1186 149 1464 210 JOANNIS
1494 143 1974 205 CHRYSOSTOII
2011 145 2334 205 ARCﬁlEP.
2372 143 2915 205 CONSTANTINOP.

2042 259 2300 317 limine;
2332 261 2560 331 {quidem
2596 261 2700 316 lilii
2745 260 2842 315 Dei
2881 257 3009 314 dicti
3053 266 3213 323 sunt,
3248 254 3423 329 angeli
3452 268 3637 314 autem

2039 367 2351 423 numquam.
2372 354 2543 423 ,Διαιιί
2580 352 2653 408 de
2692 352 2898 422 angelis
2918 350 3056 406 (icit
3085 368 3099 405 :
3133 351 3233 417 Qui
3270 352 3395 421 facit
3426 352 3638 421 angelos

2039 461 2157 500 suos
2183 446 2432 515 spiritus,
2460 446 2790 500 etmiuistnoa
2820 461 2949 498 ato:
2985 442 3245 514 ﬂammam
3274 444 3408 513 ignis
3436 445 3455 511 (
3485 442 3633 497 Ρωι.

2040 536 2167 593 105.
2194 539 2229 593 4
2255 537 2314 609 ).;
2354 538 2422 593 de
2456 538 2771 593 hominibus
2806 546 2985 591 autem
3018 555 3031 592 :
3060 535 3176 608 Ego
3204 533 3313 591 dimi
3338 552 3358 590 :
3386 528 3477 590 Dii
3516 537 3637 590 estis

2043 630 2062 700 (
2087 630 2233 687 Psal.
2258 633 2349 687 8|.
2376 632 2487 702 6r);
2531 640 2587 687 et
2624 633 2820 687 iterum
2844 649 2867 684 -:
2896 630 3060 685 Filios
3094 632 3247 702 genui
3273 671 3287 695 ,
3316 642 3363 685 et
3408 632 3637 686 exaltari

2043 722 2208 792 (lsai.
2241 724 2289 778 ι.
2320 723 2416 793 Ξ)-;
2458 734 2515 780 et
2565 725 2759 779 iterum
2804 740 2821 778 ε
2878 718 3254 794 Primogenitm
3304 723 3442 792 ﬁlius
3492 741 3637 778 nisus

2043 813 2211 870 Israel
2237 818 2253 883 (
2281 815 2449 870 Exod.
2472 817 2535 871 Α.
2566 816 2662 879 ‘22)
2696 832 2709 869 :
2740 815 2963 885 augebis
2986 824 3163 869 autem
3189 830 3448 885 nusquam
3475 830 3636 868 voca.

2046 916 2241 961 tusest
2266 908 2424 973 titius,
2459 923 2631 978 neque
2654 907 2803 961 illius
2829 906 2943 960 Dei.
2964 903 3234 959 ‘Ca-terum
3266 904 3389 974 quid
3414 903 3636 959 dicunt?

2047 1000 2311 1063 Proiecto,
2336 1002 2516 1071 angeli
2562 1002 2775 1071 quidem
2797 1009 2957 1055 erant
2984 1016 2997 1051 :
3028 998 3123 1052 sed
3149 998 3270 1068 quia
3296 998 3360 1051 ad
3392 998 3632 1067 iniquum

2047 1092 2150 1146 hoc
2176 1109 2309 1162 opus
2339 1091 2726 1146 descenderunt
2753 1133 2766 1155 ,
2796 1091 3051 1161 dignitate
3070 1098 3171 1142 sua
3199 1088 3527 1143 exciderunt.
3554 1088 3633 1143 En

2048 1168 2245 1238 iterum
2278 1182 2567 1237 fabulo-sius
2601 1181 2763 1237 aliud.
2790 1182 3005 1251 Ergone
3021 1192 3173 1234 mine
3190 1178 3514 1235 exciderunt
3538 1222 3554 1243 ,
3582 1189 3637 1234 et

2050 1273 2163 1329 hare
2189 1275 2357 1328 ruina:
2380 1274 2587 1327 illorum
2610 1289 2766 1327 causa
2788 1275 2810 1325 ν
2834 1266 3029 1327 Verum
3060 1272 3333 1339 Scriptura
3356 1285 3461 1325 nos
3484 1272 3639 1325 aliter

2049 1366 2240 1432 docet,
2268 1380 2465 1435 acinpc
2490 1376 2773 1435 antequam
2805 1365 3124 1419 [armaretur
3144 1364 3355 1433 primus
3382 1362 3543 1415 homo
3562 1403 3576 1425 ,
3605 1376 3638 1414 ιι

2049 1473 2143 1512 sua
2178 1457 2434 1527 dignitate
2472 1456 2734 1512 excidisse
2773 1463 2828 1510 ct
2851 1454 3119 1525 diabolum
3145 1462 3243 1520 ,et
3265 1468 3362 1509 eos
3386 1455 3477 1523 qui
3514 1466 3639 1507 cum

2050 1566 2117 1606 eo
2162 1552 2420 1621 majorem
2467 1564 2626 1620 quam
2670 1548 2893 1604 decebat
2923 1548 3247 1617 .tlign'itattem
3288 1546 3640 1601 ambiebant:

2052 1645 2189 1699 sicut
2214 1653 2268 1699 et
2292 1644 2504 1712 sapiens
2533 1644 2747 1714 quidam
2784 1643 2989 1713 inquit:
3016 1640 3219 1695 Ιιιιυὶόἱα
3259 1649 3427 1695 autem
3453 1638 3645 1695 diaboli

2052 1752 2188 1790 mors
2202 1736 2407 1789 intravit
2424 1736 2477 1789 in
2492 1733 2911 1804 "tundunt-(Sep.
2933 1734 2989 1787 2.
3006 1730 3249 1804 24).ὒὶε,
3269 1731 3641 1802 ᾳυωεοδιιίΙιί,

2054 1827 2101 1882 si
2145 1842 2252 1881 non
2291 1836 2415 1880 ante
2460 1825 2655 1880 factum
2696 1824 2966 1879 hominem
3007 1823 3237 1887 excidit,
3270 1822 3540 1893 quomodo
3591 1823 3644 1877 in

2057 1926 2199 1972 tanta
2221 1917 2478 1987 dignitate
2504 1915 2938 1972 manensint'idit
2982 1914 3223 1970 homini?
3250 1913 3533 1981 Quomodo
3556 1930 3644 1968 ra-

2058 2009 2193 2063 tioni
2220 2022 2513 2063 consonum
2542 2017 2625 2062 est
2648 2049 2661 2072 ,
2693 2007 2937 2077 angelum
2969 2006 3448 2075 incorporeum,.ct
3476 2006 3530 2061 in
3558 2006 3647 2061 tali

2058 2101 2314 2172 dignitate
2343 2101 2732 2166 constitutum,
2761 2099 2962 2154 homini
2997 2098 3234 2153 invidere
3270 2112 3496 2168 corpore
3540 2097 3647 2151 cir-

2059 2194 2378 2250 cumamicto
2398 2194 2421 2247 ?
2444 2193 2549 2248 Sed
2575 2192 2824 2263 quoniam
2861 2207 2891 2247 a
2916 2205 3148 2261 superna
3177 2190 3343 2261 gloria
3386 2190 3437 2244 in
3473 2197 3650 2244 extre-

2062 2302 2202 2341 mam
2227 2285 2571 2356 ignominiam
2593 2285 2836 2355 deiectus
2861 2279 3053 2351 fuerat,
3081 2283 3206 2338 licet
3226 2292 3363 2337 esset
3398 2282 3647 2351 incorpo—

2061 2393 2220 2443 reus;
2249 2378 2437 2433 videns
2469 2377 2755 2432 formatum
2782 2376 3077 2442 hominem,
3109 2376 3161 2431 in
3190 2390 3415 2445 corpore
3447 2385 3651 2429 tantum

2064 2472 2321 2528 honorem
2369 2470 2675 2527 Conditoris
2716 2470 3086 2526 benevolentia
3130 2470 3372 2524 sortitum
3401 2510 3416 2534 ,
3450 2468 3648 2523 invidia

2064 2564 2284 2631 exarsit,
2316 2573 2370 2619 et
2394 2564 2727 2634 deceptione,
2755 2561 2820 2618 ad
2860 2577 3016 2632 quam
3047 2558 3309 2632 serpentis
3333 2576 3495 2631 opera
3527 2574 3655 2613 usus

2066 2666 2167 2724 est,
2182 2656 2463 2711 hominem
2482 2655 2669 2711 mortis
2688 2669 2861 2725 parum
2883 2654 3169 2709 obnoxium
3188 2652 3336 2709 fecit.
3350 2652 3497 2707 Talis
3512 2653 3653 2708 enim

2066 2758 2147 2804 est
2178 2749 2409 2813 malitia;
2442 2762 2548 2803 non
2574 2755 2754 2817 potest
2774 2762 2884 2800 non
2907 2745 3138 2815 graviter
3167 2745 3305 2800 ferre
3326 2744 3552 2799 aliorum
3582 2743 3657 2797 fee

2068 2840 2341 2895 Iicitalem.
2373 2838 2525 2907 Quod
2566 2839 2725 2909 igitur
2750 2836 2991 2892 diabolus
3018 2844 3073 2891 et
3100 2835 3286 2891 omnis
3316 2835 3431 2905 eius
3460 2834 3657 2889 cohors

2069 2932 2196 2988 olim
2222 2947 2251 2985 a
2273 2930 2438 3003 gloria
2456 2930 2554 2984 illa
2580 2929 2895 2995 exciderint,
2914 2937 2968 2984 et
2998 2926 3335 2999 ignominiosi
3366 2926 3655 2991 eraserim,

2070 3022 2540 3078 manifestnnrest.
2574 3020 2820 3091 Alioquin
2846 3020 3005 3075 etiam
3033 3028 3227 3088 quanta
3256 3032 3361 3073 non
3387 3018 3660 3072 dementia

2072 3116 2286 3187 plenum
2322 3115 2525 3181 inerit,
2546 3114 2738 3170 dicere
2770 3112 3002 3185 “angelos
3042 3113 3113 3168 ita
3151 3113 3387 3183 dejectos
3408 3155 3421 3176 ,
3452 3123 3510 3167 ut
3539 3128 3659 3167 cum

2073 3207 2384 3263 mulieribus
2424 3222 2536 3262 rem
2583 3206 2877 3270 haberent,
2905 3214 2958 3260 ct
2988 3205 3299 3274 incorporea
3342 3204 3427 3259 illa
3474 3215 3661 3258 natura

2073 3302 2413 3371 copularetur
2440 3298 2765 3370 corporibus
2788 3297 2816 3350 ἲ
2852 3300 3041 3352 Annon
3082 3297 3234 3353 audis
3277 3296 3558 3352 Dominum
3584 3296 3665 3350 di-

2074 3404 2283 3450 centem
2331 3393 2397 3449 de
2450 3394 2759 3464 angelorum
2806 3393 3105 3447 substantia
3141 3409 3155 3448 :
3194 3388 3261 3446 'Iu
3304 3393 3667 3447 resurrectione

2074 3486 2206 3539 enim
2250 3502 2408 3555 neque
2453 3486 2829 3539 matrimonium
2869 3484 3192 3549 contrahunt,
3226 3499 3385 3551 neque
3426 3486 3665 3547 nubunt;

2076 3582 2165 3634 sed
2188 3591 2304 3635 sunt
2328 3578 2455 3632 sicut
2476 3578 2640 3647 angeli
2667 3576 2758 3631 Dei
2787 3574 2998 3645 (Matth.
3021 3574 3112 3628 2‘2.
3147 3574 3237 3630 30.
3266 3574 3431 3629 Marc.
3454 3576 3540 3630 12.
3570 3574 3665 3631 25.

2079 3672 2202 3727 lsttc.
2234 3671 2324 3726 20.
2357 3670 2444 3738 55)
2469 3668 2699 3741 ?'Ncque
2730 3669 2884 3724 “cnim
2916 3667 3167 3738 possibile
3189 3676 3270 3722 est
3298 3666 3666 3737 incorpoream

2079 3774 2339 3826 naturam,
2372 3762 2530 3816 talem
2548 3777 2806 3831 umquam
2832 3760 3321 3829 concupiscentiam
3348 3758 3566 3813 habere.
3588 3760 3669 3814 Ad

2079 3853 2194 3910 her
2232 3854 2391 3908 etiam
2416 3852 2903 3921 cogitantium-cst,
2944 3850 3045 3906 hoc
3086 3850 3332 3905 omnibus
3361 3850 3537 3905 modis
3577 3851 3673 3905 ab-

2076 3945 2451 3999 surdissimum
2483 3942 2645 3997 fuisse
2668 3944 2718 3997 in
2743 3942 2979 3997 animum
3010 3940 3284 3996 inducere.
3318 3939 3447 3995 Nam
3472 3941 3518 3995 si
3549 3956 3674 3994 53η-

2080 4038 2151 4092 eti
2185 4047 2237 4090 ct
2263 4037 2351 4107 qtti
2383 4035 2638 4105 Spiritum
2670 4043 2911 4089 sanctum
2934 4042 3273 4103 acceperant,
3304 4048 3477 4102 neque
3506 4034 3671 4087 visio—

2082 4143 2203 4183 ncm
2234 4128 2542 4198 angelorum
2578 4125 2770 4181 videre
2801 4134 3088 4195 potuerunt
3121 4122 3293 4194 (Dan.
3331 4126 3414 4179 10.
3442 4126 3569 4179 7-H
3606 4126 3625 4194 )
3659 4144 3671 4178 :

2082 4220 2358 4275 enimvero
2383 4219 2463 4272 vir
2487 4218 2872 4274 desideriorum
2900 4226 3182 4288 conspecta
3220 4217 3394 4289 angeli
3439 4232 3676 4287 [mesen-

2085 4312 2153 4366 tia
2180 4352 2195 4378 ,
2237 4326 2341 4365 non
2373 4321 2548 4364 tamen
2591 4310 2908 4375 subStantia,
2932 4308 2961 4377 ‘(
2982 4324 3086 4379 quo
3128 4317 3282 4378 pacto
3320 4309 3466 4363 cnim
3506 4309 3674 4364 videri

2086 4412 2267 4473 posset
2298 4403 2646 4473 incorporalis
2675 4400 3051 4471 substantia?)
3080 4400 3173 4457 sed
3206 4400 3678 4455 transformationc

2084 4494 2255 4549 solum
2284 4493 2511 4565 quadam
2542 4496 2675 4561 visa,
2706 4508 2893 4563 partnn
2933 4490 3099 4547 abfuit
3128 4492 3253 4562 quin
3290 4491 3493 4546 viribus
3516 4490 3683 4545 desti-

2087 4596 2230 4642 tutus
2274 4596 2329 4642 ct
2371 4587 2604 4641 animam
2635 4586 2938 4649 amitteret;
2984 4594 3143 4655 atque
3172 4584 3217 4639 si
3246 4591 3427 4638 tantus
3465 4597 3530 4638 ac
3558 4583 3681 4636 talis

2084 4682 2169 4734 vir
2198 4695 2333 4749 pene
2362 4679 2560 4749 absque
2598 4678 2784 4748 Spiritu
2812 4677 3043 4747 jaccbat,
3075 4677 3192 4747 quis
3220 4677 3381 4730 etiam
3408 4674 3567 4729 valde
3602 4675 3681 4728 in—

2088 4787 2251 4826 sanus
2280 4769 2653 4841 comprobaret
2688 4769 2802 4823 lnec
2836 4768 3151 4838 ’blasphema
3197 4767 3359 4821 verba
3393 4765 3681 4821 dementire

2089 4865 2265 4935 plena,
2294 4863 2433 4932 quml
2479 4863 2790 4930 incorporea
2821 4869 2877 4916 et
2904 4858 3193 4930 spiritualis
3212 4868 3411 4913 natura
3437 4860 3681 4928 corporis

2088 4956 2424 5021 complexum
2471 4952 2666 5008 ferret?

2161 5050 2215 5103 ὅ.
2263 5044 2627 5113 Hominesﬁlii
2670 5041 2917 5099 Dci'dicli
2953 5042 3005 5097 in
3046 5040 3336 5111 Scriptura.
3366 5038 3563 5095 —'Sed
3616 5054 3678 5092 ne

2092 5142 2332 5214 pluribus
2362 5142 2459 5195 ista
2488 5138 2817 5195 excutientes
2833 5146 3006 5192 terere
3032 5145 3240 5204 tempus
3255 5132 3553 5197 videamur,
3588 5146 3683 5201 ago

2092 5237 2212 5307 quia
2251 5232 2638 5289 sufﬁcientibus
2677 5229 3005 5301 argumentis
3037 5225 3243 5281 caritati
3269 5233 3467 5280 vestrm
3511 5224 3687 5278 decla-

2093 5330 2327 5383 ravimus
2349 5368 2363 5393 ,
2395 5340 2552 5397 quam
2572 5324 2652 5377 sit
2679 5323 2780 5378 hoc
2806 5319 3134 5391 impossibile
3162 5318 3501 5372 :-dooeamus
3545 5330 3683 5369 nunc

2094 5437 2213 5492 quas
2236 5420 2312 5475 rei
2344 5419 2412 5474 sit
2450 5416 2680 5481 veritas;
2731 5416 2923 5470 iterum
2969 5422 3147 5467 tamen
3195 5411 3347 5466 lectis
3376 5411 3441 5465 iis
3472 5425 3594 5479 qua:
3635 5411 3681 5460 in

2095 5513 2271 5567 divina
2287 5510 2562 5581 Scriptura
2584 5504 2923 5563 feruntur.‘Et
2936 5507 3128 5575 factum
3142 5511 3237 5564 est.
3270 5502 3461 5571 inquit,
3483 5502 3683 5568 quando

2096 5613 2350 5677 ceperunt
2392 5604 2620 5658 homines
2659 5599 2989 5671 multiplicari
3024 5613 3187 5669 super
3232 5606 3435 5663 terram,
3485 5606 3531 5649 et
3570 5595 3686 5663 filia
