3804 6248
27 273 121 328 187

16 404 152 447 τινος
186 383 492 451 ἐπιτυχεῖν.
527 380 626 433 Διά
668 378 825 432 τοῦτο
867 376 895 430 ό
931 374 1134 435 δίκαιος
1175 370 1423 439 καθάπερ
1457 366 1688 436 σπινθὴρ

16 486 69 536 ἐν
107 481 265 550 μέσῳ
317 478 550 544 πελάγει
594 474 893 544 τυγχάνων,
944 471 1005 523 οὐ
1042 468 1199 539 μόνον
1246 465 1346 518 οὐκ
1382 463 1687 524 ἐσϐέννυτο,

16 578 145 632 ἀλλά
195 577 295 630 καὶ
342 573 465 627 καθ’
499 572 737 641 ἑκάστην
780 568 989 640 ἡμέραν
1029 562 1404 635 λαμπρότερον
1446 557 1596 629 ἠφίει
1631 555 1693 609 τὸ

20 677 163 745 φῶς,
217 668 550 732 διδάσκαλος
604 669 737 721 πᾶσι
805 662 1085 733 γινόμενος
1144 658 1233 714 διὰ
1281 656 1391 711 τῶν
1443 651 1632 706 ἐαυτοῦ
1665 663 1692 692 ι

20 773 207 843 ἔργων.

82 864 236 928 Εἶδες
272 864 359 927 ὡς
404 856 748 933 αὐτεξούσιον
794 854 950 927 ήμῶν
997 850 1097 921 τήν
1148 846 1308 917 φύσιν
1356 847 1384 899 ὁ
1419 842 1694 910 Δεσπότης

20 960 454 1033 ἐδημιούργησες
505 956 675 1009 Πόθεν
704 953 834 1023 γὰρ,
866 948 985 1003 εἰπέ
1034 962 1143 1017 μοι.
1179 945 1375 996 ἐκεῖνοι
1428 939 1526 1009 μὲν
1561 936 1695 1007 πρὸς

19 1063 105 1129 τὴν
135 1059 351 1112 κακίαν
393 1053 669 1115 ἔσπευδον,
696 1049 792 1104 καὶ¹
820 1051 886 1119 τῇ
921 1044 1161 1116 τιμωρίᾳ
1208 1038 1540 1099 ὑπευθύνους
1570 1036 1695 1087 ἐαυ-

19 1161 133 1220 τοὺς
158 1147 629 1219 καθίστων,οὗτος
647 1150 705 1205 δέ
722 1149 819 1219 τὴν
840 1145 1037 1217 ἀρετὴν
1051 1143 1322 1211 ἐλόμενος.
1334 1137 1428 1191 καὶ
1441 1136 1541 1206 τὴν
1561 1132 1696 1203 πρὸς

22 1254 254 1316 ἐκείνους
266 1248 562 1305 κοινωνίαν
580 1243 785 1316 φυγὼν,
800 1243 900 1313 τῆς
921 1226 1191 1312 τιμωρίας
1210 1238 1405 1306 πεῖραν
1421 1234 1521 1285 οὐκ
1536 1229 1698 1299 ἐλάμ-

22 1352 201 1413 ϐανεν;
226 1344 616 1415 οὐκςεῦδηλον,
648 1338 836 1395 ὅτιδιά
860 1337 921 1391 τδ
934 1338 1161 1391 ἕκαστον
1181 1332 1355 1404 οἰκεία
1379 1326 1696 1400 προαιρέσει

22 1451 158 1520 ῆτήν
186 1446 404 1517 ἀρετὴν
433 1440 739 1515 αίρεῖσθαις
771 1439 834 1490 Εἰ
862 1436 970 1507 γὰρ
998 1434 1070 1505 μὴ
1097 1432 1255 1485 τοῦτο
1268 1426 1357 1500 ἦν,
1381 1427 1515 1500 μηδὲ
1543 1428 1601 1480 ἐν
1627 1425 1694 1493 τῇ

23 1545 167 1612 φύσει
196 1544 267 1611 τῇ
303 1538 551 1610 ἡμετέρᾳ
576 1537 645 1589 τὰ
677 1535 775 1606 τῆς
801 1531 1045 1599 ἐξουσίας
1080 1528 1275 1591 ἔκειτο,
1308 1525 1430 1578 οὕτε
1458 1522 1696 1583 ἐκείνους

22 1639 349 1702 κολάζεσθαι
391 1636 519 1697 ἔδει,
561 1632 683 1687 οῦτε
726 1629 946 1692 τούτους
996 1626 1225 1698 ἀμοιϐὰς
1261 1622 1558 1694 λαμϐάνειν
1599 1619 1697 1690 τῆς

20 1736 211 1805 ἀρετῆς
237 1753 250 1765 ν
283 1733 406 1786 ἀλλ’
440 1730 627 1801 ἐπειδὴ
653 1731 711 1781 ἐν
738 1730 802 1799 τῇ
839 1724 1149 1797 προαιρέσει
1185 1724 1252 1792 τῇ
1294 1719 1533 1791 ἡμετέρᾳ
1564 1733 1695 1769 κατ-

20 1835 160 1886 έλιπε
196 1832 349 1901 μετά
377 1831 475 1899 τὴν
505 1825 709 1882 ἀνωθεν
733 1824 891 1896 χάριν
921 1822 981 1875 τὸ
1009 1816 1137 1883 πᾶν,
1160 1818 1247 1881 διά
1273 1816 1429 1871 τοῦτο
1466 1814 1558 1867 καὶ
1585 1815 1698 1875 τοῖς

20 1929 401 1999 ἁμαρτάνουσι
429 1924 676 1993 κολάσεις
706 1920 1045 1979 ἀπόκεινται,
1075 1914 1170 1970 καὶ
1204 1915 1316 1975 τοῖς
1345 1907 1697 1979 κατορθοῦσιν

20 2025 318 2085 ἀντιδόσεις
348 2022 441 2074 καὶ
465 2017 710 2089 ἀμοιϐαί.
756 2015 868 2069 Καὶ
904 2010 1001 2083 ἦν,
1035 2013 1188 2082 φησὶ,
1219 2008 1344 2063 Νῶε
1376 2005 1525 2060 ἐτῶν
1558 2019 1698 2056 πεν-

20 2124 346 2181 τακοσίων,
388 2117 486 2174 καὶ
524 2115 819 2184 ἐγέννησε
848 2110 1005 2178 τρεῖς
1040 2107 1230 2172 υἱοὺς,
1273 2104 1384 2158 τὸν
1409 2104 1560 2170 Σὴμ,
1592 2101 1699 2154 τὸν

22 2219 161 2285 Χὰμ.
196 2214 316 2267 τὸν
362 2212 577 2280 765980;
611 2208 807 2262 Σκόπει
837 2206 934 2277 τῆς
962 2204 1111 2266 θείας
1156 2204 1194 2255 Γ
1199 2200 1377 2274 ραφῆς
1406 2198 1505 2270 τὴν
1543 2197 1700 2268 ἀκρί-

25 2315 187 2366 ϐειαν.
238 2309 466 2379 Ἐπειδὴ
510 2307 804 2378 διηγήσατο
848 2304 982 2373 ἡμῖν
1026 2300 1134 2353 τῶν
1179 2298 1316 2351 ἐτῶν
1352 2296 1444 2349 τοῦ
1491 2294 1697 2347 δικαίου

26 2410 108 2461 τὸν
141 2406 407 2479 ἀριθμὸν,
437 2403 752 2457 δεικνύουσα
775 2400 874 2469 τῆς
906 2395 1284 2469 μακροθυμίας
1305 2392 1454 2465 [I95]
1486 2392 1577 2445 τοῦ
1604 2395 1700 2445 Ae-

27 2506 224 2558 σπότου
249 2503 357 2574 τὴν
390 2496 715 2571 ὑπερϐολὴν,
736 2495 990 2566 βούλεται
1022 2492 1182 2545 πάλιν
1208 2491 1302 2544 καὶ
1328 2490 1423 2561 τήν
1453 2490 1699 2542 ἐπίτασιν

26 2611 115 2679 τῆς
150 2604 513 2673 ἀνεξικακίας
546 2600 638 2655 τοῦ
671 2598 941 2652 Δεσπότου
969 2597 1134 2666 δήλην
1172 2595 1302 2666 ἡμῖν
1334 2594 1578 2666 ποιῆσαι,
1610 2595 1701 2647 καὶ

27 2708 119 2775 τῆς
148 2703 359 2765 κακίας
384 2699 492 2754 τῶν
521 2698 821 2769 ἀνθρώπων
852 2696 949 2766 τὴν
984 2693 1183 2765 πολλὴν
1214 2693 1405 2765 φοράν.

93 2811 163 2881 β’.
200 2810 348 2864 Ἀλλ’
368 2806 687 2875 ἀκούσωμεν
710 2799 887 2856 αὐτῶν
906 2800 1013 2854 τῶν
1036 2799 1186 2871 παρά
1201 2798 1295 2852 τοῦ
1318 2797 1591 2859 Μωῦσέως
1606 2799 1703 2868 ρη-

29 2909 229 2962 θέντων
248 2923 262 2936 ⁸
301 2902 581 2973 Πνεύματι
602 2901 709 2970 γὰρ
735 2898 1100 2968 φθεγγόμενος
1131 2897 1344 2951 ἅπαντα
1378 2894 1515 2965 μετά
1541 2894 1704 2964 ἀκρι-

30 3004 175 3067 ϐείας
198 3002 355 3073 ἡμᾶς
379 2998 589 3065 διδάξαι
613 2995 879 3067 βούλεται.
908 2994 1016 3047 Καὶ
1034 2992 1290 3061 ἐγένετο,
1317 2993 1497 3063 φησὶν,
1520 2992 1704 3059 ἡνίκα

30 3101 297 3169 ἤρξαντο
326 3100 379 3151 οι
414 3097 709 3164 ἄνθρωποι
737 3090 957 3146 πολλοὶ
998 3090 1267 3161 γίνεσθαι
1290 3089 1389 3142 ἐπί
1416 3088 1526 3165 τῆς
1567 3089 1701 3159 γῆς,

32 3198 125 3251 καὶ
191 3193 522 3264 θυγατέρες
580 3188 993 3259 ἐγεννήθησαν
1060 3186 1284 3253 αὐτοῖς.
1348 3186 1458 3257 Οὐχ
1519 3186 1705 3251 ἅπλῶς

33 3293 346 3366 προσέθηκε
384 3289 465 3355 τὸ,
513 3286 622 3343 Kal
660 3286 974 3356 θυγατέρες
1013 3284 1429 3354 ἐγεννήθησαν
1482 3284 1704 3350 αὐτοῖς,

34 3392 144 3445 ἀλλ’
174 3391 270 3442 ἶνα
303 3388 367 3440 τὸ
399 3380 532 3441 πολὺ
564 3382 765 3453 πλῆθος
806 3383 941 3453 ἡμῖν
988 3382 1224 3456 ἐμφήνῃ.
1259 3381 1431 3436 Ὅπου
1474 3383 1580 3454 γὰρ
1617 3401 1708 3435 το-

38 3492 229 3544 σοῦτον
268 3487 333 3540 τὸ
358 3484 465 3538 τῶν
493 3482 660 3556 ῥιζῶν
688 3481 909 3551 πλῆθος,
938 3481 1151 3551 ἀνάγκη
1185 3480 1411 3545 πολλοὺς
1436 3482 1708 3536 τίκτεσθαι

36 3590 159 3650 τοὺς
208 3582 460 3643 κλάδους.
527 3568 773 3643 Ἰδόντες
823 3577 910 3643 δὲ,
942 3576 1126 3647 φησὶν,
1170 3579 1225 3630 οἱ
1270 3577 1388 3631 υἱοὶ
1418 3578 1524 3632 τοῦ
1563 3579 1709 3633 Θεοῦ

38 3686 138 3750 τὰς
212 3677 542 3749 θυγατέρας
587 3673 705 3739 τῶν
748 3673 1093 3744 ἀνθρώπων,
1146 3672 1235 3727 ὅτι
1297 3676 1479 3727 καλαί
1531 3678 1708 3740 εἰσιν,
1790 3714 1797 3717 Α

39 3779 264 3834 ἔλαϐον
284 3773 523 3839 ἑαυτοῖς
542 3771 830 3842 γυναῖκας
851 3770 969 3824 ἀπὸ
990 3769 1203 3823 πασῶν
1220 3765 1309 3824 ὧν
1334 3769 1709 3835 ἐξελέξαντο.

50 3878 329 3943 Ἐκάστην
356 3870 503 3934 λέξιν
538 3867 646 3922 τῶν
675 3866 978 3937 εἰρημένων
1008 3866 1188 3934 σαφῶς
1235 3868 1711 3939 κατοπτεύσωμεν,

44 3976 127 4026 ενα
165 3971 338 4042 μηδὲν
362 3967 513 4040 ἡμᾶς
540 3963 872 4035 παραδράμῃ
895 3962 1003 4015 τῶν
1028 3966 1084 4017 ἐν
1118 3963 1195 4034 τῷ
1222 3962 1371 4033 βάθει
1402 3968 1716 4037 κεκρυμμέ-

44 4088 171 4123 νων.
209 4066 323 4121 Καὶ
350 4065 461 4134 γὰρ
488 4064 782 4130 ἀναγκαῖον
808 4059 995 4114 τούτου
1024 4061 1116 4114 τοῦ
1150 4063 1347 4133 χωρίου
1391 4063 1588 4135 πολλὴν
1621 4064 1715 4135 τὴν

48 4169 273 4235 ἔρευναν
305 4158 652 4230 ποιήσασθαι,
682 4156 774 4210 καὶ
800 4156 1095 4227 ἀνατρέψαι
1128 4156 1225 4219 τὰς
1267 4158 1586 4228 μυθολογίας
1611 4162 1717 4215 τῶν

52 4260 470 4333 ἀπερισκέπτως
500 4255 674 4309 πάντα
702 4253 1082 4323 φθεγγομένων
1104 4270 1117 4284 ·
1149 4254 1241 4305 καὶ
1267 4253 1478 4325 πρῶτον
1518 4259 1616 4325 μὲν
1641 4260 1717 4312 εί-

49 4362 169 4411 πεῖν
193 4358 333 4423 ειπερ
361 4354 539 4421 λέγειν
576 4349 831 4421 τολμῶσι,
848 4349 939 4402 καὶ
962 4349 1235 4415 δείξαντας
1254 4351 1353 4422 τήν
1373 4352 1600 4419 ἀτοπίαν
1614 4355 1720 4408 τῶν

52 4457 181 4526 παρ’
202 4452 381 4509 αὐτῶν
410 4449 738 4520 λεγομένων,
766 4446 908 4500 οὕτω
929 4447 1018 4501 τὸν
1051 4447 1221 4520 ἀληθῆ
1239 4450 1361 4502 νοῦν
1389 4455 1487 4523 τῆς
1502 4452 1541 4503 Γ
1548 4457 1720 4524 ραφῆς

48 4553 260 4618 διδάξαι
300 4550 399 4621 τὴν
431 4546 699 4619 ὑμετέραν
734 4545 973 4616 ἀγάπην,
995 4543 1134 4598 ὥστε
1176 4545 1250 4617 μὴ
1277 4546 1462 4611 ἀπλῶς
1503 4548 1723 4618 ὑπέχειν

48 4650 146 4713 τὰς
178 4647 351 4709 ἀκοὰς
392 4650 505 4709 τοῖς
534 4646 604 4698 τὰ
645 4642 936 4713 βλάσφημα
968 4643 1147 4695 ἐκεῖνα
1186 4642 1593 4714 φθεγγομένοις,
1630 4650 1723 4701 καὶ

48 4748 195 4800 κατά
218 4748 322 4816 τῆς
344 4741 552 4799 ἑαυτῶν
583 4740 821 4810 κεφαλῆς
850 4738 1088 4809 τολμῶσι
1110 4739 1308 4807 λέγειν.
1339 4742 1474 4795 Φασὶ
1517 4745 1618 4814 γὰρ
1642 4745 1721 4799 ὅτι

50 4844 111 4896 οὐ
144 4841 274 4913 περὶ⁵
320 4834 621 4909 ἀνθρώπων
650 4834 809 4889 τοῦτο
845 4836 1076 4907 εἴρηται,
1108 4835 1245 4890 ἀλλά
1288 4839 1414 4908 περὶ
1444 4840 1719 4908 ἀγγέλων·

50 4938 277 4999 τούτους
328 4934 439 5004 γάρ
486 4933 636 4995 υἱοὺς
680 4930 814 4985 Θεοῦ
875 4933 1301 5004 προσηγόρευσε.
1362 4936 1583 5006 Πρῶτον
1626 4938 1724 5004 μὲν

52 5034 409 5100 δειξάτωσαν,
456 5028 561 5082 ποῦ
600 5028 820 5096 ἄγγελοι
864 5029 969 5082 υἱοὶ
1000 5029 1132 5082 Θεοῦ
1178 5031 1721 5104 προσηγορεύθησαν·

55 5129 170 5180 ἀλλ’
209 5129 313 5182 οὐκ
339 5127 407 5179 ἀν
434 5124 611 5197 ἔχοιεν
645 5123 879 5194 οὐδαμοῦ
927 5125 1113 5190 δεῖξαι.
1155 5126 1463 5197 ’Ἄνθρωποι
1496 5129 1593 5199 μὲν
1618 5133 1725 5203 7&9

57 5220 368 5292 ἐκλήθησαν
409 5218 515 5270 υίοὶ
550 5215 706 5280 Θεοῦ,
749 5218 964 5287 ἄγγελοι
1006 5219 1061 5272 δὲ
1104 5219 1372 5289 οὐδαμῶς.
1404 5221 1564 5274 Ἀλλὰ
1603 5222 1727 5294 περὶ

62 5322 158 5391 μὲν
190 5320 301 5372 τῶν
348 5314 596 5386 ἀγγέλων
643 5318 806 5389 φησίν
833 5334 847 5347 ο
892 5316 944 5370 '0
1001 5316 1189 5371 ποιῶν
1242 5318 1382 5383 τοὺς
1432 5314 1730 5389 ἀγγέλοὺς

55 5416 243 5471 αὑτοῦ
281 5415 612 5482 πνεύματα,
654 5413 751 5465 καί
796 5413 938 5478 τοὺς
965 5414 1346 5483 λειτουργοὺς
1384 5416 1567 5471 αὐτοῦ
1614 5434 1727 5473 πυ-

50 5516 161 5585 ρὸς
188 5514 425 5585 φλόγα·
455 5511 584 5581 περὶ
620 5510 675 5564 δὲ
717 5510 823 5563 τῶν
854 5509 1175 5583 ἀνθρώπων,
1227 5511 1368 5583 Ἐγὼ
1393 5508 1562 5569 εἶπα·
1597 5516 1729 5570 Θεοί

119 5711 137 5734 ⁸
158 5712 239 5761 Sic
262 5708 417 5760 Savil.
447 5709 615 5758 Morel.
647 5716 699 5757 et
732 5708 897 5758 Monlf.
921 5711 1087 5765 αὐτῶν,
1122 5712 1252 5770 Eon.

349 5815 621 5876 PATBHL.
658 5811 774 5872 Gn.
812 5811 968 5875 [ιιι.

1076 262 1142 319 IN
1179 260 1337 318 CAP.
1374 256 1415 313 ν
1456 256 1543 316 ΕΤ
1582 254 1650 311 Ἦ
1691 253 1937 311 ῦΕΝΕὸ.
1978 252 2215 311 HOMIL.
2256 251 2417 309 XXII.

3366 239 3465 295 188

1796 364 1937 417 ἐστε
1956 379 1969 395 ο
2006 364 2101 416 καὶ
2148 360 2310 414 πάλιν
2332 376 2344 388 ·
2385 343 2558 421 Υίοὺς
2596 353 2916 424 ἐγέννησα,
2956 356 3054 409 καί
3094 356 3310 423 iis?an
3328 370 3344 385 ο
3371 355 3465 408 καὶ

1796 459 1960 513 πάλιν
1981 475 1995 491 ο
2041 460 2416 527 Πρωτότοκος
2460 455 2592 518 υἱός
2631 469 2750 522 μου
2806 450 3051 519 Ἰσραήλ
3071 467 3083 480 ·
3131 449 3359 519 ἄγγελος
3407 449 3469 503 δέ

1796 552 2035 624 οὐδαμοῦ
2088 552 2199 615 υίὸς
2244 549 2468 621 ἐκλήθη,
2508 547 2628 600 οὐδὲ
2662 546 2776 609 υίὸς
2812 546 2969 600 Θεοῦ.
3008 544 3171 600 Ἀλλά
3210 545 3263 598 τί
3296 560 3467 615 φας-ις

1797 650 1924 711 Ναὶ,
1957 648 2177 717 ἄγγελοι
2227 647 2327 719 μὲν
2355 641 2527 716 ἦσαν·
2574 642 2708 697 διότι
2735 643 2793 696 δέ
2823 642 2958 713 πρὸς
3008 642 3105 714 τὴν
3153 642 3471 712 παράνομον

1797 745 2002 817 ταύτην
2040 742 2238 816 πρᾶξιν
2291 741 2575 813 κατῆλθον,
2622 741 2720 809 τῆς
2772 737 2929 802 ἀξίας
2974 736 3249 801 ἐξέπεσον.
3302 737 3470 791 Πάλιν

1799 842 1986 910 ἕτερον
2034 837 2459 910 μυθωδέστερον.
2490 835 2555 887 Τί
2587 830 2712 901 οῦνς
2761 833 2857 887 νῦν
2885 832 3160 900 ἐξέπεσον,
3208 832 3302 887 καὶ
3330 830 3468 903 αὕτη

1800 938 1898 1007 τῆς
1931 935 2190 997 πτώσεως
2221 933 2403 994 αὐτοῖς
2432 930 2460 970 ι’
2492 931 2640 982 ἐστιν
2661 931 2694 999 ή
2721 928 2902 992 αίτία;
2935 928 3046 981 Καὶ
3076 927 3181 998 μὴν
3209 929 3242 998 ή
3278 927 3469 998 Γραφὴ

1800 1031 1973 1092 ἄλλως
1997 1029 2141 1101 ἡμᾶς
2166 1026 2429 1091 διδάσκει,
2451 1025 2531 1079 ὅτι
2553 1023 2646 1077 καὶ
2669 1022 2774 1095 πρὸ
2798 1022 2895 1089 τῆς
2924 1022 3017 1074 τοῦ
3043 1020 3468 1092 πρωτοπλάστου

1799 1124 2154 1197 δημιουργίας
2181 1124 2281 1192 τῆς
2309 1120 2467 1185 ἀξίας
2503 1117 2715 1187 ἐκείνης
2740 1114 3148 1186 κατηνέχθησαν
3178 1114 3271 1168 καὶ
3301 1117 3330 1168 ὁ
3357 1115 3470 1169 διά-

1802 1223 1955 1284 ϐολος
1985 1220 2079 1274 καὶ
2105 1220 2154 1272 οί
2178 1216 2291 1289 μετ’
2321 1214 2508 1281 αὐτοῦ,
2542 1213 2727 1283 μεῖζον
2764 1212 2862 1281 τῆς
2897 1210 3057 1276 ἀξίας
3086 1210 3468 1280 φρονήσαντες,

1807 1318 2056 1388 καθάπερ
2082 1319 2176 1371 καὶ
2208 1316 2369 1386 σοφός
2403 1315 2486 1379 τίς
2518 1328 2684 1383 φησιο
2716 1311 2920 1376 Φθόνῳ
2948 1309 3019 1363 δὲ
3056 1309 3161 1364 τοῦ
3190 1309 3472 1366 διαϐόλου

1802 1408 2058 1473 θάνατος
2089 1410 2176 1473 εις
2206 1407 2317 1460 τὸν
2360 1406 2592 1474 κόσμον
2619 1401 2924 1471 είσῆλθεν.
2970 1401 3107 1453 Είπέ
3139 1401 3247 1472 γάρ
3279 1419 3390 1472 μοι,
3422 1406 3471 1457 εί

1805 1496 1879 1567 μὴ
1907 1492 1976 1566 ἦν
2007 1495 2113 1567 πρὸ
2140 1495 2238 1564 τῆς
2266 1492 2359 1545 τοῦ
2387 1489 2673 1563 ἀνθρώπου
2702 1488 3060 1560 δημιουργίας
3082 1489 3470 1552 ἐκπεπτωκῶς,

1803 1594 1920 1657 πῶς
1959 1595 2025 1646 ἂν
2071 1593 2163 1644 ἐπὶ
2194 1592 2291 1660 τῆς
2334 1589 2489 1654 ἀξίας
2525 1588 2699 1659 μένων
2740 1586 3007 1657 ἐϐάσκηνε
3041 1585 3119 1656 τῷ
3164 1585 3470 1659 ἀνθρώπως

1804 1691 1962 1743 Ποῖον
1993 1690 2102 1760 γὰρ
2135 1689 2199 1743 ἂν
2247 1687 2359 1757 ἔχοι
2397 1686 2573 1754 λόγον,
2604 1683 2833 1753 ἄγγελον
2872 1682 3143 1754 ἀνθρώπῳ
3185 1684 3472 1755 βασκῆναι,

1803 1790 1895 1842 τὸν
1941 1788 2227 1860 ἀσώματον
2277 1788 2370 1841 καὶ
2428 1785 2497 1839 ἐν’
2542 1785 2779 1857 τοσαύτῃ
2823 1788 2957 1855 τιμῇ
3009 1786 3365 1855 τυγχάνοντα,
3393 1784 3475 1855 τῷ
3541 1816 3545 1821 -

1805 1885 1963 1955 σῶμα
2022 1883 2420 1955 περικειμένῳ;
2480 1880 2616 1932 Ἀλλ’
2676 1880 2862 1950 ἐπειδὴ
2916 1880 3024 1934 ἀπὸ
3067 1862 3182 1953 τῆς.
3214 1882 3474 1935 ἀνωτάτω

1803 1982 1959 2051 δόξης
1981 1970 2327 2049 εἰς’ἐσχάτην
2351 1977 2573 2047 ἀτιμίαν
2619 1975 2950 2046 κατηνέχθη,
2993 1979 3085 2029 καὶ
3122 1977 3292 2031 ταῦτα
3331 1977 3475 2031 ἀσὼο

1808 2095 1976 2151 ματος
2018 2076 2113 2135 ὢν.
2154 2072 2259 2128 εἶδε
2287 2075 2343 2128 δέ
2369 2073 2459 2127 τὸν
2487 2072 2635 2144 [196]
2667 2072 2951 2144 ἄνθρωπον
2977 2073 3473 2144 δημιουργηθέντα,

1805 2176 1899 2247 κριὶ
1928 2175 1984 2227 ἐν
2039 2171 2253 2242 σώματι
2289 2168 2555 2239 τοσαύτης
2584 2170 2749 2237 τιμῆς
2790 2166 3085 2233 ἀξιωθέντα
3118 2166 3204 2220 διὰ
3243 2167 3339 2238 τήν
3380 2168 3474 2221 του

1804 2271 2307 2341 δημιουργήσαντος
2363 2264 2802 2335 φιλανθρωπίαν,
2859 2264 2940 2327 είς
2994 2263 3186 2333 φθόνον
3242 2264 3473 2335 ἐξήφθη,

1805 2368 1899 2420 καὶ
1932 2366 2021 2418 διά
2048 2367 2149 2435 τῆς
2182 2363 2418 2432 ἀπάτης,
2458 2361 2526 2431 ἢν
2553 2360 2641 2414 διὰ
2683 2359 2775 2413 τοῦ
2809 2360 2984 2430 ὄφεως
3030 2362 3368 2431 προσήγαγε,
3398 2362 3478 2434 τῷ

1805 2463 1899 2516 τοῦ
1935 2461 2167 2515 θανάτου
2215 2458 2475 2530 ἐπιτιμίῳ
2529 2457 2827 2511 ὑπεύθυνον
2867 2458 2959 2511 τὸν
3001 2456 3285 2528 ἄνθρωπον
3341 2475 3480 2511 κατ-

1808 2558 2093 2612 εσκεύασε.
2138 2556 2390 2608 Τοιοῦτον
2435 2554 2542 2626 7&9
2578 2555 2613 2624 ή
2645 2552 2907 2623 πονηρίαι
2948 2554 3009 2606 ού
3042 2553 3259 2606 δύναται
3288 2554 3480 2623 πράως

1810 2659 1994 2726 φέρειν
2021 2653 2120 2725 τὴν
2147 2652 2350 2723 ἐτέρων
2391 2649 2709 2721 εὐημερίαν.
2738 2648 2861 2701 Ὀτι
2893 2648 2994 2720 μὲν
3015 2646 3109 2702 οὖν
3132 2649 3297 2702 πάλαι
3332 2650 3425 2701 καί
3449 2650 3480 2700 ό

1806 2752 2047 2814 διάϐολος
2077 2750 2170 2803 καὶ
2200 2749 2349 2801 πᾶσα
2369 2746 2533 2799 αὐτοῦ
2566 2746 2599 2816 ή
2626 2744 2838 2815 φάλαγξ
2865 2746 2929 2798 ἐκ
2964 2747 3061 2816 τῆς
3085 2744 3240 2816 δόξης
3265 2745 3480 2814 ἐκείνης

1808 2849 2084 2914 ἐξέπεσον,
2126 2847 2221 2900 καὶ
2254 2846 2361 2897 τῶν
2393 2842 2758 2914 ἡτιμωμένων
2806 2843 3078 2913 γεγόνασι,
3120 2843 3271 2914 δῆλον
3331 2844 3476 2897 άπα-

1812 2966 1895 3001 σιν
1914 2958 1960 3001 ε.
1985 2945 2189 3007 ’Ἄλλως
2210 2944 2266 2997 δὲ
2289 2943 2380 2995 καὶ
2404 2940 2561 3004 ποίας
2583 2941 2682 2993 οὐκ
2702 2939 2768 2993 ἂν
2788 2941 2872 3010 εἴη
2896 2940 3077 3003 ἀνοίας
3100 2941 3403 3011 ἀνάμεστον
3422 2942 3482 2994 τὸ

1809 3047 2006 3115 λέγειν,
2024 3045 2107 3096 ὅτι
2135 3041 2353 3112 ἄγγελοι
2382 3039 2516 3111 πρὸς
2545 3038 2831 3092 συνουσίαν
2854 3040 3124 3108 γυναικῶν
3148 3040 3482 3112 κατηνέχθη-

1813 3161 1931 3209 σαν,
1956 3142 2052 3196 καὶ
2074 3142 2108 3211 ή
2135 3138 2425 3210 ἀσώματος
2450 3137 2636 3205 ἐκείνη
2666 3136 2825 3205 φύσις
2851 3135 2983 3207 πρὸς
3012 3136 3110 3207 τὴν
3144 3136 3483 3209 συναλλαγὴν

1811 3240 1919 3292 τῶν
1940 3237 2202 3310 σωμάτων
2225 3235 2440 3307 ὑπήχθη
2459 3251 2473 3299 ;
2496 3236 2564 3287 Ἦ
2577 3235 2676 3287 οὐκ
2701 3234 2919 3299 ἀκούεις
2941 3234 3034 3287 τοῦ
3055 3235 3292 3307 Χριστοῦ
3309 3235 3485 3305 λέγον-

1812 3356 1903 3403 τος
1925 3338 2054 3409 περὶ
2076 3336 2176 3407 τῆς
2207 3335 2316 3389 τῶν
2346 3334 2590 3403 ἀγγέλων
2616 3333 2804 3397 οὐσίας
2822 3350 2836 3364 °
2872 3334 2967 3387 Ἐν
2988 3333 3097 3405 γὰρ
3127 3334 3204 3404 τῇ
3223 3336 3487 3390 ἀναστά-

1814 3452 1909 3489 σει
1940 3436 2078 3489 οὔτε
2102 3433 2420 3504 γαμοῦσιν,
2440 3432 2579 3486 οὔτε
2609 3432 3023 3501 γαμίσκονται,
3053 3432 3193 3487 ἀλλ’
3221 3433 3379 3486 εἰσιν
3405 3435 3475 3502 ὠς

1814 3533 2056 3602 ἄγγελοι
2080 3529 2226 3584 Θεοῦ
2247 3528 2411 3592 ;υύδὲ
2431 3528 2537 3601 γὰρ
2555 3521 2663 3581 οἷόν
2679 3544 2738 3579 τε
2756 3526 2851 3598 τὴν
2871 3525 3157 3597 ἀσώματον
3176 3527 3335 3596 φύσιν
3350 3529 3487 3581 ἐκεί-

1816 3649 1911 3701 νην
1930 3628 2181 3698 τοιαύτην
2213 3624 2506 3695 ἐπιθυμίαν
2538 3623 2792 3688 δέξασθαί
2827 3640 2977 3678 ποτε.
3022 3625 3164 3694 Πρὸς
3198 3624 3405 3690 τούτοις
3429 3627 3485 3680 δὲ

1817 3732 2037 3787 κάκεῖνο
2052 3730 2295 3798 ἐννοῆσαι
2308 3725 2405 3788 δεῖ,
2419 3726 2500 3778 ὃτι
2515 3724 2690 3794 πάντη
2704 3723 2809 3776 τῶν
2822 3723 3183 3778 ἀτοπωτάτων
3196 3725 3312 3778 ἐστὶ
3328 3726 3488 3780 τοῦτο

1818 3825 2069 3891 δέξασθαι
2110 3822 2188 3892 τῷ
2230 3820 2493 3890 λογισμῷ.
2536 3820 2598 3874 Εἰ
2623 3820 2733 3890 γὰρ
2767 3821 2814 3871 οί
2856 3821 2999 3887 ἀγιοι
3030 3821 3122 3874 καὶ
3174 3820 3487 3892 Πνεύματος

1821 3922 1975 3991 ἁγίου
2020 3917 2309 3989 ἠξιωμένοι
2354 3915 2476 3969 οὐδὲ
2519 3915 2783 3968 ὀπτασίαν
2819 3915 3063 3984 ἀγγέλων
3105 3915 3230 3971 ἰδεῖν
3262 3917 3487 3988 ἴσχυσαν

1821 4019 1939 4091 (καὶ
1963 4016 2070 4089 γάρ
2084 4019 2112 4069 ό
2132 4013 2271 4087 ἀνὴρ
2284 4012 2391 4066 τῶν
2409 4010 2711 4082 ἐπιθυμιῶν
2735 4010 3065 4081 θεασάμενος
3086 4012 3315 4080 ἀγγέλου
3347 4032 3488 4086 παρ..

1821 4115 2029 4179 ουσίαν,
2045 4113 2146 4166 οὐκ
2163 4111 2332 4182 αὐτὴν
2349 4109 2447 4179 τὴν
2467 4107 2671 4162 οὐσίανο
2701 4107 2818 4170 πῶς
2846 4108 2952 4178 7&9
2981 4101 3092 4160 οἶόν
3117 4124 3176 4161 τε
3199 4107 3489 4180 ἀσώματον

1822 4212 2011 4268 οὐσίαν
2045 4211 2203 4273 ίδεῖν;
2236 4206 2370 4271 ἀλλὰ
2402 4203 3023 4282 μετατχηματισθείσαν,
3075 4204 3171 4276 τὴν
3210 4205 3488 4277 ἐνέργειαν

1828 4307 2022 4382 μικροῦ
2046 4307 2155 4359 δεῖν
2180 4305 2275 4357 καὶ
2296 4301 2465 4371 αὐτὴν
2496 4302 2595 4371 τὴν
2611 4301 2787 4372 ψυχὴν
2810 4301 3041 4370 ἀφῆκεν,
3063 4303 3158 4354 καὶ
3184 4303 3214 4354 ό
3240 4305 3491 4369 τοσοῦτος

1826 4407 1917 4459 καὶ
1945 4401 2259 4478 τηλικοῦτος
2289 4400 2427 4469 ἀνὴρ
2457 4398 2663 4460 ἄπνους
2700 4397 2884 4467 σχεδὸν
2915 4397 3111 4465 ἔκειτο)
3133 4416 3147 4429 ο
3175 4401 3259 4463 τίς
3291 4401 3357 4455 ἂν
3385 4403 3491 4455 κᾶν

1828 4500 2033 4573 σφόδρα
2059 4491 2389 4570 μεμηνὼςῇ,
2412 4492 2761 4560 καταδέξαιτο
2784 4495 2844 4547 τὸ
2880 4495 3196 4567 βλάσφημον
3214 4497 3371 4551 τοῦτο
3400 4501 3489 4571 ρἧ

1832 4619 1908 4674 μα
1935 4600 2032 4655 καὶ
2062 4598 2259 4668 πολλῆς
2286 4598 2453 4666 γέμον
2478 4596 2575 4665 τῆς
2600 4595 2803 4659 ἀνοίας,
2835 4595 2918 4647 ὅτι
2952 4596 2984 4666 ή
3006 4594 3295 4666 ἀσώματος
3329 4598 3489 4666 φύσις

1830 4699 1923 4753 καὶ
1950 4695 2111 4769 νοερά
2144 4693 2409 4765 σωμάτων
2442 4691 2756 4762 συμπλοκῆς
2780 4691 3067 4763 ἡνέσχετο;

1897 4835 1968 4899 γ’.
1996 4825 2135 4880 Ἀλλ’
2163 4826 2251 4879 ἵνα
2275 4824 2349 4897 μὴ
2363 4824 2603 4896 ἐπὶξπολὺ
2629 4823 2799 4878 ταῦτα
2829 4823 3101 4888 κινοῦντες
3117 4824 3207 4880 καὶ
3235 4825 3389 4879 αὐτοὶ
3404 4826 3492 4879 δό-

1831 4925 2008 4995 ξωμεν
2032 4922 2155 4993 εἰκῆ
2175 4920 2267 4975 τὸν
2292 4922 2479 4993 χρόνον
2510 4921 2875 4993 κατατρίϐειν,
2903 4923 3033 4992 φέρε
3062 4924 3245 4994 ἐπειδὴ
3268 4924 3355 4977 διά
3384 4926 3492 4977 τῶν

1829 5021 2170 5093 πραγμάτων
2192 5018 2713 5090 ἐπληροφορήσαμεν
2738 5019 2765 5071 ὑ
2773 5017 2888 5087 μῶν
2911 5018 3006 5088 τὴν
3025 5018 3263 5089 ἀγάπην,
3285 5020 3359 5083 ὼς
3384 5022 3492 5074 τῶν

1832 5116 2109 5172 ἀδυνάτων
2139 5112 2297 5167 τοῦτο
2324 5112 2647 5184 καθέστηκε,
2676 5114 2774 5183 τὴν
2814 5112 3069 5183 ἀλήθειαν
3106 5114 3211 5168 τῶν
3241 5115 3492 5188 ἐγκειμέ‹

1833 5224 1940 5260 νων
1985 5205 2282 5276 διδάξωμεν
2321 5204 2483 5274 ὑμᾶς,
2523 5204 2682 5257 πάλιν
2732 5203 3054 5272 ἀναγνόντες
3102 5205 3171 5258 τά
3212 5209 3359 5280 παρὰ
3397 5211 3492 5280 τῆς

1835 5298 1984 5362 θείας
2010 5297 2232 5369 Γραφῆς
2257 5297 2537 5368 εἰρημέναθ
2565 5296 2671 5350 Καὶ
2699 5297 2955 5366 ἐγένετο,
2974 5300 3158 5372 φησὶν,
3178 5302 3357 5369 ἡνίκα
3390 5302 3491 5371 ἦρ-

1836 5393 2018 5460 ξαντο
2047 5394 2101 5447 οι
2123 5391 2417 5463 ἅνθρωποι
2440 5393 2653 5446 πολλοὶ
2676 5395 2942 5463 γίνεσθαι
2968 5396 3064 5451 ἐπὶ
3096 5395 3206 5464 τῆς
3242 5395 3374 5467 γῆς,
3396 5398 3493 5452 και

1901 5657 1928 5696 ἲ)
1953 5655 2050 5705 Alii
2075 5661 2157 5713 τῆς
2181 5656 2407 5711 πτώσεως
2432 5655 2602 5704 αὐτῶν.

1906 5720 1927 5747 ε
1954 5718 2099 5769 SaviL
2127 5718 2260 5767 addit
2289 5719 2341 5765 ἐκ
2375 5721 2468 5765 τῶν
2492 5719 2759 5782 εἰρημένων.

3145 5766 3219 5826 12
