3754 6264
263 360 578 431 θυγατέρες
633 360 1043 431 ἐγεννήθησαν
1075 357 1309 423 αὐτοῖς·
1348 357 1575 424 ιδόντες
1608 357 1676 409 δὲ
1724 360 1778 410 οί
1813 357 1929 411 υἱοὶ

264 450 369 503 τοῦ
415 448 561 502 Θεοῦ
591 447 697 513 τὰς
740 446 1064 516 θυγατέρας
1096 442 1212 497 τῶν
1245 444 1588 512 ἀνθρώπων,
1630 444 1717 496 ὅτι
1750 444 1931 498 καλαί

264 538 440 600 εἰσιν,
468 535 691 588 ἔλαϐον
721 531 953 597 ἑαυτοῖς
982 530 1268 600 γυναῖκας
1296 530 1413 584 ἀπὸ
1448 529 1681 593 πασῶν,
1715 523 1803 584 ὧν
1834 530 1928 595 ἐξ-

262 623 569 687 ελέξαντο.
612 620 976 692 Προλαϐόντες
1015 616 1332 687 ἐδιδάξαμεν
1378 618 1541 687 ὑμᾶς,
1578 618 1659 670 ὅτι
1703 616 1823 680 ἔθος
1860 620 1926 689 τῇ

264 718 473 787 Γραφῇ,
520 715 614 769 καὶ
659 715 786 777 τοὺς
812 712 1128 782 ἀνθρώπους
1175 712 1323 774 υἱοὺς
1365 710 1497 764 Θεοῦ
1526 711 1730 765 καλεῖν.
1779 712 1929 764 Ἐπεὶ

260 798 351 855 οῦν
384 802 489 854 ἀπὸ
518 800 611 854 τοῦ
651 799 755 870 Σὴο
794 792 940 851 οὗτοι
979 798 1216 867 κατῆγον
1253 797 1312 850 τὸ
1356 797 1531 865 γένος,
1561 797 1654 851 καὶ
1686 798 1795 851 ἀπὸ
1833 797 1926 850 τοῦ

262 886 351 936 ὑπ’
390 882 554 938 αὐτοῦ
589 882 869 952 τεχθέντος
899 880 991 933 καὶ
1028 878 1556 953 προσαγορευθέντος
1597 878 1763 942 Ἐνὼς
1798 874 1928 950 (Οὖ-

261 991 351 1037 τος
397 972 526 1041 7&9,
591 970 771 1041 φησὶν,
816 968 1080 1038 ἤλπισεν
1127 965 1537 1022 ἐπικαλεῖσθαι
1580 965 1647 1020 τὸ
1679 966 1864 1035 ὄνομα
1897 978 1924 1006 ι

264 1061 482 1126 Κυρίου
513 1059 618 1112 τοῦ
645 1057 837 1126 Θεοῦ),
866 1057 923 1122 ἐξ
954 1056 1159 1109 ἐκείνου
1191 1056 1373 1109 λοιπὸν
1395 1056 1442 1109 οἱ
1469 1054 1593 1125 ἑξῆς
1620 1055 1924 1124 τικτόμενοι

262 1147 365 1199 υἱοὶ
390 1145 523 1197 Θεοῦ
556 1142 1074 1214 προσηγορεύθησαν
1096 1143 1245 1214 παρά
1274 1144 1371 1211 τῆς
1403 1142 1554 1206 θείας
1576 1142 1813 1212 Γραφῆς,
1839 1140 1929 1193 διὰ

262 1236 318 1287 τὸ
356 1233 635 1305 μιμεῖσθαι
669 1233 863 1303 μέχρις
886 1233 1094 1285 ἐκείνου
1131 1231 1237 1283 τῶν
1266 1230 1545 1302 προγόνων
1578 1230 1673 1300 τὴν
1705 1229 1924 1300 ἀρετήν·

261 1323 407 1384 υἱοὺς
451 1322 506 1373 δὲ
543 1319 844 1390 ἀνθρώπων
874 1318 1099 1371 ἐκάλεσε
1136 1316 1261 1380 τοὺς
1299 1317 1405 1387 πρὸ
1443 1315 1536 1369 τοῦ
1576 1315 1683 1386 Σὴθ
1711 1315 1929 1384 γεγονό-

258 1426 376 1471 τας,
410 1408 535 1469 τούς
573 1406 681 1459 ἀπὺ
722 1406 814 1458 τοῦ
858 1406 1016 1467 Κάῖν,
1047 1404 1142 1457 καὶ
1180 1405 1305 1466 τοὺς
1337 1403 1396 1467 ἐξ
1427 1402 1633 1456 ἐκείνου
1680 1403 1742 1455 τὸ
1775 1402 1928 1470 γένος

260 1499 615 1566 κατάγοντας.
658 1493 929 1564 Ἐγένετο
967 1492 1095 1561 7&9,
1131 1492 1311 1561 φησὶν,
1354 1490 1537 1557 ἡνίκα
1576 1489 1835 1557 ἤρξαντο
1874 1492 1927 1542 οι

259 1588 555 1653 ἅνθρωποι
596 1583 812 1637 πολλοὶ
841 1582 1110 1651 γίνεσθαι
1136 1579 1235 1633 ἐπὶ
1259 1578 1367 1646 τῆς
1391 1577 1522 1649 γῆς,
1555 1579 1651 1631 καὶ
1684 1578 1929 1648 θυγατέ-

258 1691 359 1741 ρες
415 1671 836 1742 ἐγεννήθησαν
883 1667 1104 1732 αὐτοῖς⁸
1174 1667 1401 1731 ἰδόντες
1462 1664 1530 1718 δὲ
1569 1668 1623 1718 οὶ
1670 1666 1785 1719 υίσὶ
1820 1664 1926 1719 τοῦ

261 1762 409 1816 Θεοῦ
471 1763 539 1827 (οἱ
584 1760 691 1813 ἀπὸ
735 1758 828 1811 τοῦ
857 1757 962 1827 Σὴθ
992 1755 1203 1809 καὶτοῦ
1245 1755 1429 1825 Ἐνώς)
1468 1755 1573 1821 τὰς
1605 1753 1928 1823 θυγατέρας

253 1846 377 1901 τῶν
427 1845 751 1915 ἀνθρώπων
802 1844 1050 1915 (ἐκείνας
1083 1840 1182 1905 τὰς
1226 1841 1319 1894 ὑπ’
1358 1841 1580 1893 ἐκείνων
1621 1840 1924 1910 τεχθείσας,

260 1954 325 1987 πε
333 1936 386 2005 ρῖ
410 1928 483 1988 ὧν
500 1929 668 1995 εἶπεν,
686 1934 768 1984 ὅτι
787 1930 892 1983 Καὶ
911 1928 1228 1998 θυγατέρες
1251 1925 1665 1995 ἐγεννήθησαν
1679 1925 1926 1995 αὐτοῖς),

262 2023 346 2076 ὅτι
378 2022 556 2075 καλαί
579 2022 758 2073 εἰσιν.
777 2018 919 2087 Ὅρα
943 2015 1056 2079 πῶς
1078 2014 1165 2068 διὰ
1184 2014 1283 2085 τῆς
1306 2012 1500 2078 λέξεως
1525 2015 1724 2081 ταύτης
1750 2014 1927 2066 πᾶσαν

270 2114 397 2181 ἡμῖν
439 2107 615 2162 αὐτῶν
652 2108 752 2178 τὴν
776 2103 929 2177 [197]
957 2103 1241 2171 ἀσέλγειαν
1271 2102 1547 2172 ἐνέφηνεν.
1581 2100 1712 2155 Οὐδὲ
1733 2100 1840 2171 7&9
1861 2101 1927 2153 δι’

264 2197 552 2268 ἐπιθυμίαν
578 2193 920 2254 παιδοποιίας
950 2191 1040 2245 ἐπὶ
1062 2191 1161 2260 τὴν
1192 2190 1386 2260 πρᾶξιν
1406 2188 1610 2265 ταύτην
1641 2187 1926 2259 ὥρμησαν,

262 2285 395 2339 ἀλλὰ
420 2285 485 2337 δι’
516 2281 784 2354 ἀκρασίαν
809 2280 1001 2349 ἡδονῆς
1022 2294 1036 2307 ’
1079 2276 1325 2342 Ἰδόντες
1355 2276 1483 2347 γὰρ,
1517 2275 1670 2346 φησὶ,
1701 2276 1807 2340 τὰς
1836 2278 1930 2329 θυ-

265 2373 511 2444 πατέρας
538 2370 656 2424 τῶν
682 2366 1030 2436 ἀνθρώπων,
1056 2364 1145 2418 ὅτι
1164 2365 1343 2418 καλαί
1362 2366 1539 2418 εἰσιν.
1575 2364 1640 2415 Ἠ
1666 2363 1929 2435 ἐπιθυμία

265 2464 361 2532 τῆς
395 2457 698 2529 εὐμορφίας
728 2457 755 2496 b
792 2456 871 2519 είς
909 2454 1001 2509 τὸν
1030 2452 1247 2522 ὄλεθρον
1278 2451 1471 2514 αὐτοὺς
1500 2448 1686 2504 τοῦτον
1709 2452 1926 2521 ἤνεγκε,

265 2551 356 2603 καὶ
399 2549 458 2602 τὸ
502 2545 694 2608 κάλλος
749 2544 848 2612 τῆς
906 2541 1081 2610 ὅψεως
1131 2541 1227 2593 καὶ
1275 2542 1375 2609 τῆς
1412 2537 1666 2609 πορνείας
1704 2540 1930 2609 καὶτῆς

266 2636 547 2705 ἀσελγείας
580 2633 763 2693 αὑτοῖς
795 2628 1085 2698 γεγένηται
1118 2628 1308 2680 αἴτιον.
1342 2627 1452 2679 Καὶ
1487 2626 1607 2680 οὑδέ
1631 2626 1804 2697 τούτῳ
1831 2628 1931 2698 ἡρ-

264 2724 453 2794 κέσθη,
493 2721 629 2775 ἀλλὰ
676 2716 1029 2787 προσέθηκεν
1067 2716 1321 2768 Ἔλαϐον
1360 2714 1427 2766 δὲ
1470 2714 1703 2780 ἑαυτοῖς
1739 2714 1931 2783 γυναῖ-

263 2829 373 2878 κας
400 2811 517 2865 ἀπὸ
550 2806 781 2871 πασῶν,
809 2799 896 2859 ὧν
920 2803 1294 2868 ἐξελέξαντο.
1328 2803 1437 2854 Καὶ
1463 2802 1620 2855 τοῦτο
1650 2803 1810 2856 πάλιν
1842 2805 1930 2872 ἐμ-

264 2898 545 2969 φαίνοντός
575 2898 689 2949 ἐστι
718 2893 814 2964 τὴν
840 2891 1037 2962 πολλὴν
1064 2890 1241 2944 αὐτῶν
1266 2890 1573 2959 ἀσέλγειαν,
1601 2891 1681 2943 ὅτι
1700 2890 1777 2961 τῷ
1803 2889 1932 2943 κάλ-

265 2989 344 3040 λει
376 2985 712 3056 ἡττήθησαν,
752 2980 845 3034 καὶ
867 2979 1080 3049 χαλινὸν
1112 2976 1379 3030 ἐπιθεῖναι
1404 2980 1470 3048 τῇ
1498 2977 1715 3047 ἀτάκτῳ
1743 2977 1931 3030 ἐπιθυ-

269 3076 367 3146 μίᾳ
412 3074 512 3126 οὑκ
552 3067 953 3141 ἡϐουλήθησαψ
985 3066 1119 3119 ἀλλά
1149 3063 1467 3135 ὑποϐρύχιοι
1499 3064 1784 3133 γεγόνασιν
1828 3064 1931 3116 ὑπὸ

264 3164 362 3232 τῆς
408 3159 535 3221 θέας
571 3154 948 3227 χειρωθέντες,
984 3153 1077 3204 καὶ
1109 3151 1196 3204 διὰ
1233 3150 1331 3221 τὴν
1371 3151 1684 3222 παράνομον
1728 3150 1933 3220 ταύτην

266 3247 465 3320 πρᾶξιν
492 3247 727 3315 ἐρήμους
750 3241 974 3301 ἑαυτοὺς
993 3238 1426 3305 καταστήσαντες
1454 3237 1551 3306 τῆς
1572 3238 1775 3291 ἄνωθεν
1802 3253 1933 3307 προ.

268 3336 435 3398 νοίας.
457 3334 568 3387 Καὶ
596 3331 681 3384 ἵνα
714 3328 973 3399 μάθωμεν
988 3326 1067 3378 ὅτι
1098 3326 1156 3377 οὐ
1189 3325 1338 3394 νόμῳ
1366 3324 1567 3393 γάμου,
1597 3324 1716 3377 οὐδὲ
1745 3324 1931 3378 παιδο-

268 3422 446 3486 ποιίας
506 3420 691 3473 ’ἐνεκεν
752 3415 909 3468 τοῦτο
961 3413 1334 3483 διεπράξαντο,
1394 3412 1479 3464 διὰ
1530 3411 1686 3463 τοῦτό
1748 3427 1929 3480 φησιν·

280 3511 536 3573 Ἰδόντες
572 3505 661 3558 ὅτι
698 3502 880 3557 καλαί
907 3504 1084 3564 εἰσιν,
1121 3499 1341 3552 ἔλαϐον
1378 3498 1612 3565 ἑαυτοῖς
1649 3498 1934 3568 γυναῖκας

270 3597 388 3653 ἀπὸ
419 3592 652 3656 πασῶν,
691 3586 779 3644 ὧν
801 3586 1178 3654 ἐξελέξαντο.
1216 3586 1279 3638 Τί
1322 3583 1449 3651 οὖν;
1490 3586 1596 3638 τῶν
1644 3586 1934 3657 ὀφθαλμῶν

269 3687 364 3757 τὴν
392 3683 519 3737 θέαν
541 3680 605 3734 άν
626 3695 709 3742 τις
737 3676 1071 3741 αἱτιάσαιτο;
1096 3671 1378 3743 Οὐδαμῶς
1412 3672 1534 3725 οὐδὲ
1564 3672 1671 3743 γὰρ
1699 3673 1726 3725 ὁ
1748 3672 1935 3743 ὀφθαλ.

275 3775 371 3846 μδς
399 3769 492 3825 τοῦ
523 3768 735 3821 ὀλίσθου
759 3764 932 3825 αἴτιος
961 3763 1199 3832 γέγονεν,
1231 3762 1345 3814 ἀλλ’
1375 3763 1407 3833 ἡ
1440 3762 1537 3828 τῆς
1568 3762 1935 3833 προαιρέσεως

272 3860 534 3933 ῥᾳθυμία,
584 3858 675 3911 καὶ
728 3856 787 3908 τὸ
838 3854 935 3924 τῆς
984 3850 1278 3921 ἐπιθυμίας
1325 3851 1672 3921 ἀχαλίνωτον.
1722 3852 1780 3904 '0
1828 3851 1935 3923 7&9

271 3948 543 4019 ὀφθαλμὸς
564 3945 651 3999 διά
676 3942 830 3996 τοῦτο
853 3939 1272 4011 ἐδημιουργήθη,
1299 3939 1439 3992 ὥστε
1470 3938 1555 3992 διὰ
1587 3938 1775 3992 τούτου
1806 3957 1939 3992 κατ-

273 4036 596 4096 οπτεύοντας
640 4032 709 4083 τά
758 4028 852 4082 τοῦ
897 4027 1029 4079 Θεοῦ
1063 4028 1538 4098 δημιουργήματα,
1565 4027 1803 4091 δοξάζειν
1845 4027 1937 4081 τὸν

274 4125 480 4179 τούτων
523 4119 774 4189 ποιητήν.
819 4114 926 4168 Τοῦ
966 4112 1245 4183 ὀφθαλμοῦ
1280 4113 1457 4167 τοίνυν
1493 4112 1639 4165 ἐστὶν
1678 4112 1836 4185 ἔργον
1877 4114 1938 4167 τὸ

274 4215 425 4284 όρᾷν·
460 4210 522 4263 τδ
540 4208 596 4261 δὲ
625 4204 809 4267 κακῶς
846 4204 977 4283 ὁρᾷν
1005 4201 1222 4255 ἀπὸτοῦ
1252 4201 1463 4255 ἔνδοθεν
1483 4201 1821 4273 ἡνιοχοῦντος
1853 4203 1939 4255 λο-

275 4278 473 4369 γξέμοῦ
506 4295 732 4364 γίνεται.
762 4291 844 4345 Τά
868 4278 975 4360 7&9
999 4288 1133 4359 μέλη
1173 4288 1306 4359 πρὸς
1328 4288 1425 4358 τὴν
1446 4288 1553 4342 τῶν
1586 4288 1805 4358 ἀγαθῶν
1845 4291 1936 4362 ἐρ·-

276 4386 473 4454 γασίαν
508 4384 638 4453 ἡμῖν
676 4375 815 4432 εἶναι
844 4377 1086 4447 χρήσιμα
1113 4375 1543 4447 ἐδημιούργησεν
1576 4378 1605 4429 6
1641 4376 1935 4449 Δεσπότης,

276 4476 371 4527 καὶ
397 4467 724 4543 ἡνιοχεῖσθαι
752 4464 1124 4535 συνεχώρησεν
1151 4463 1256 4517 ὑπὸ
1284 4464 1380 4535 τῆς
1408 4464 1698 4535 ἀσωμάτου
1732 4464 1936 4530 οὐσίας,

275 4564 373 4631 τῆς
397 4558 573 4631 ψυχῆς
602 4556 764 4623 λέγω.
803 4551 1051 4606 Ἐπειδὰν
1077 4546 1169 4605 οῦν
1203 4551 1383 4624 ἐκείνη
1411 4554 1489 4615 είς
1521 4552 1789 4624 ρᾳθυμίαν
1808 4554 1941 4606 ἀπο-

277 4648 452 4720 κλίνῃ.
485 4642 579 4700 καὶ
598 4642 695 4705 τάς
719 4640 875 4712 ἡνίας
895 4639 1127 4710 χαλάσῃ,
1148 4640 1400 4707 καθάπερ
1427 4640 1640 4711 ἡνίοχος
1667 4640 1765 4694 οὐκ
1784 4638 1940 4703 εἰδὼς

276 4737 344 4788 τὰ
381 4735 593 4789 ἄτακτα
624 4729 731 4782 τῶν
781 4728 961 4779 ἵππων
994 4726 1340 4795 σκιρτήματα
1384 4726 1787 4790 καταστέλλειν,
1822 4730 1941 4789 ταῖς

278 4824 455 4893 ἡνίαις
488 4819 691 4881 ἐνδοὺς,
733 4816 827 4869 καὶ
858 4815 983 4876 τοὺς
1020 4814 1219 4876 ἵππους
1251 4815 1375 4877 τοὺς
1411 4814 1471 4867 τὸ
1506 4815 1658 4885 ἆρμα
1686 4815 1941 4878 ἕλκοντας

279 4912 369 4966 καὶ
394 4908 584 4964 ἑαυτὸν
620 4900 1072 4972 κατακρημνζεν
1104 4900 1245 4953 οὑτω
1267 4899 1329 4971 δὴ
1360 4902 1453 4954 καὶ
1483 4904 1515 4971 ἡ
1552 4902 1870 4972 προαίρεσις
1906 4904 1939 4973 ἡ

283 4998 542 5069 ἡμετέρα,
590 4991 806 5046 ἐπειδὰν
844 4988 920 5059 μὴ
966 4989 1081 5058 εἰδῇ
1121 4989 1230 5050 τοῖς
1269 4987 1449 5057 μέλεσι
1485 4988 1708 5051 δεόντως
1738 4989 1942 5059 κεχρῆ-

281 5086 424 5149 σθαι,
483 5083 602 5146 ταῖς
662 5080 915 5139 ἀτάκτοις
977 5074 1293 5144 ἐπιθυμίαις
1337 5073 1562 5126 ἐνδοῦσα
1614 5074 1941 5146 ὑποϐρύχιον

284 5171 477 5240 ἑαυτὴν
511 5166 817 5239 ἐργάζεται.
854 5162 952 5217 Διά
980 5161 1137 5215 τοῦτο
1157 5163 1184 5214 6
1212 5162 1487 5232 Δεσπότης
1518 5162 1673 5231 ἡμῶν
1712 5164 1942 5231 Χριστὸς

282 5258 435 5321 εἰδὼς
469 5255 566 5325 τῆς
599 5254 811 5323 φύσεως
838 5254 870 5323 ἡ
882 5250 996 5321 μῶν
1028 5249 1087 5302 τὸ
1121 5249 1522 5320 εὐεπηρέαστον
1557 5250 1649 5303 καὶ
1676 5250 1773 5320 τῆς
1820 5268 1942 5321 προσ

282 5346 543 5415 αιρέσεως
572 5340 668 5411 τὴν
698 5339 985 5411 ρᾳθυμίαν,
1014 5336 1177 5407 νόμον
1202 5336 1395 5407 ἔθηκεν
1420 5336 1828 5407 ἀποτειχίζοντα
1851 5339 1943 5392 καὶ

282 5429 556 5485 κωλύοντα
603 5426 700 5496 τὴν
753 5424 1039 5495 περίεργον
1088 5424 1338 5495 θεωρίαν,
1386 5423 1473 5478 ἵνα
1511 5425 1574 5476 ἐκ
1616 5423 1809 5477 πολλοῦ
1847 5425 1940 5477 τοῦ

281 5517 643 5588 διαστήματος
672 5511 768 5583 τὴν
802 5512 859 5562 ἐν
892 5513 1020 5581 ἡμῖν
1050 5511 1371 5582 τικτομένην
1403 5509 1580 5580 πυράν
1620 5511 1807 5581 σϐέσῃ,
1852 5512 1942 5564 καί

347 5682 373 5709 ι
398 5680 478 5725 Sic
501 5676 650 5725 Savil.
674 5680 727 5724 et
749 5680 937 5734 spptem
976 5687 1089 5720 mss.
1110 5673 1185 5734 ,Δὶ
1215 5673 1387 5721 Morel.
1414 5673 1478 5732 τῷ
1522 5671 1732 5734 ὀνόματι.

345 5744 378 5782 ὓ
398 5742 477 5790 Slc
499 5740 641 5788 SaVil.
673 5744 723 5786 et
746 5733 939 5798 quidam
960 5748 1077 5782 mss.
1107 5733 1156 5781 In
1177 5734 1287 5782 aliis
1312 5741 1395 5791 τῆς
1418 5734 1665 5793 εὐμορφίας
1686 5733 1829 5783 deest

1060 242 1114 296 S.
1157 241 1439 296 JOANNIS
1477 240 1968 299 CIIRYSOSTOMI
2013 242 2328 298 ARCIIIEP.
2366 243 2916 302 CONSTANTINOP.

3611 244 3729 303 {90

2038 374 2220 429 φησιν·
2262 360 2323 411 '0
2364 361 2668 429 ἐμϐλέψας
2696 360 2946 430 γυναῖκα
2996 373 3013 399 ³
3047 360 3195 428 πρὸς
3232 360 3297 413 τὸ
3333 359 3733 429 ἐπιθυμῆσαι

2034 447 2241 515 αὐτῆς,
2275 447 2393 516 ἤδη
2425 448 2781 517 ἐμοίχευσεν
2806 447 3002 517 αὺτῂ·
3034 448 3102 501 ἐν
3131 447 3204 516 τῇ
3243 448 3453 517 καρδίᾳ
3492 448 3729 503 αὑτοῦ.

2033 533 2130 586 Διά
2168 534 2343 595 τοῦτο,
2385 535 2567 604 φησὶν,
2612 533 2964 605 ἀπαγορεύδν
2979 536 3078 605 τὴν
3113 536 3408 589 ἀκόλαστον
3439 536 3602 605 δψιν,
3641 537 3737 587 ἵνα

2034 620 2383 692 ἐλευθερώσω
2417 622 2515 690 τῆς
2552 622 2753 675 ἀτόπου
2788 622 3055 694 πράξεως.
3097 623 3187 692 Μὴ
3220 622 3327 694 7&9
3352 623 3417 694 δὴ
3450 622 3731 691 νομίσῃς.

2036 707 2220 776 φησὶν,
2247 709 2328 760 ὅτι
2358 710 2392 779 ἡ
2423 707 2709 779 συμπλοκὴ
2746 708 2904 779 μόνον
2930 710 3029 778 τὴν
3061 709 3335 779 ἁμαρτίαν
3364 709 3690 779 ἐργάζεται
3717 725 3731 737 ·

2035 796 2068 865 ἡ
2109 793 2300 865 γνώμη
2341 797 2487 849 ἐστὶν
2518 797 2550 867 ἡ
2591 797 2689 867 τὴν
2727 796 3050 868 κατάκρισιν
3086 796 3367 867 δεχομένη.
3404 798 3524 850 Καὶ
3571 790 3734 851 οὗτοι

2031 881 2212 935 τοίνυν
2246 882 2434 953 ἐπειδὴ
2461 883 2521 936 τὸ
2550 884 2743 946 κάλλος
2766 883 2974 937 είδοσαν
3008 881 3058 945 ἀ,
3096 884 3338 937 ἑάλωσαν
3370 886 3435 956 τῇ
3460 885 3591 955 θέᾳσ
3631 880 3737 936 Εἶ-

2033 966 2143 1021 δον
2173 968 2299 1039 γὰρ,
2331 969 2514 1039 φησὶν,
2549 969 2637 1023 ὅτι
2667 971 2847 1023 καλαί
2883 973 3022 1034 είσι,
3066 971 3163 1023 καὶ
3195 971 3414 1025 ἔλαϐον
3468 972 3737 1036 ἑαυτοῖς

2032 1056 2151 1108 ἀπό
2204 1056 2436 1119 πασῶν,
2474 1052 2561 1111 ὧν
2596 1057 2972 1122 ἐξελέξαντο.
3019 1059 3157 1111 Ἀλλ’
3199 1059 3396 1129 ἴδωμεν
3431 1061 3534 1113 καὶ
3581 1061 3737 1129 μετὰ

2032 1142 2130 1212 τὴν
2165 1144 2364 1198 ἄτοπον
2399 1144 2602 1216 ταύτην
2631 1144 2850 1216 πρᾶξιν,
2879 1146 2974 1199 καὶ
3005 1144 3103 1215 τὴν
3131 1145 3427 1199 ἀκόλαστον
3452 1145 3731 1216 γνώμην.

2031 1229 2124 1281 τοῦ
2172 1230 2308 1283 Θεοῦ
2358 1231 2457 1301 τὴν
2493 1231 2823 1302 ἀγαθότητα.
2876 1233 2986 1284 Καὶ
3028 1228 3177 1294 εἶπε,
3221 1234 3375 1302 φησὶ,
3409 1235 3653 1300 Κύριος
3695 1236 3732 1284 ό

2035 1315 2178 1380 Θεός
2197 1332 2211 1345 ο
2249 1317 2331 1369 Οὐ
2359 1315 2445 1385 μὴ
2483 1318 2805 1386 καταμείνῃ
2833 1317 2895 1371 τὸ
2922 1317 3161 1387 Πνεῦμά
3192 1336 3311 1388 μου
3347 1320 3417 1372 ἐν
3443 1318 3583 1384 τοῖς
3614 1319 3733 1371 dr-

2033 1398 2282 1468 θρώποις
2317 1404 2549 1469 τούτοις
2582 1406 2667 1469 εἰς
2696 1403 2801 1456 τὸν
2831 1403 3035 1470 αἰῶνα,
3058 1404 3158 1458 διὰ
3200 1405 3265 1459 τὸ
3290 1402 3445 1460 εἷναι
3480 1407 3724 1469 αὐτοὺς

2032 1486 2283 1555 σάρκας.
2311 1490 2587 1543 Ἔσονται
2614 1489 2681 1542 δὲ
2707 1492 2766 1543 αἱ
2787 1489 2997 1558 ἡμέραι
3020 1490 3217 1544 αὐτῶν
3237 1491 3341 1559 ἐτη
3376 1492 3615 1545 ἑκατὸν
3641 1494 3728 1543 εἵ-

2034 1592 2188 1629 κοσι.
2219 1576 2488 1630 ’Λϐυσσον
2522 1578 2927 1650 φιλανθρωπίας
2960 1578 3103 1631 ἐστιν
3135 1579 3262 1631 ἰδεῖν
3299 1581 3355 1632 ἐν
3402 1583 3522 1642 τοῖς
3555 1579 3725 1652 [198]

2036 1662 2258 1731 βραχέσι
2313 1662 2521 1727 τούτοις
2580 1666 2807 1735 ῥήμασι.
2854 1666 2960 1720 Καὶ
3006 1661 3155 1730 εἷπε,
3212 1667 3366 1737 φησὶ,
3412 1668 3653 1735 Κύριος
3692 1671 3729 1720 ὁ

2036 1752 2198 1815 Θεός·
2231 1752 2313 1804 οὐ
2340 1751 2425 1819 μὴ
2463 1752 2787 1822 καταμείνῃ
2819 1752 2885 1806 τὸ
2915 1752 3155 1823 Πνεῦμά
3182 1771 3298 1823 μου
3326 1755 3397 1808 ἐν
3435 1754 3576 1820 τοῖς
3610 1756 3725 1808 ἀνι

2035 1838 2285 1905 θρώποις
2317 1840 2567 1905 τούτοις,
2615 1839 2713 1893 διὰ
2760 1840 2827 1893 τὸ
2884 1838 3033 1895 εἶναι
3074 1842 3295 1907 αὐτοὺς
3327 1842 3597 1912 σάρκας.
3650 1844 3729 1895 Τδ

2036 1925 2256 1996 Πνεῦμα
2290 1926 2523 1979 ἐνταῦθα
2549 1926 2648 1998 τὴν
2680 1930 3038 2000 προνοητικὴν
3082 1929 3247 1983 αὑτοῦ
3288 1930 3530 2002 δύναμιν
3577 1933 3727 1984 ἐκά-

2035 2010 2178 2075 λεσε,
2222 2011 2319 2084 τὴν
2363 2011 2635 2068 ἀπώλειαν
2680 2014 2856 2068 αὐτῶν
2906 2016 3005 2086 ήδη
3058 2016 3409 2088 προμηνύων.
3458 2020 3584 2072 Καὶ
3632 2021 3726 2073 ἶνα

2037 2099 2213 2171 μάθῃς
2252 2100 2333 2153 ὅτι
2373 2102 2502 2172 περὶ
2530 2100 2720 2155 τούτου
2745 2097 2813 2173 ἦν
2845 2104 2873 2156 6
2894 2102 3072 2173 λόγος,
3105 2106 3208 2176 δρα
3237 2107 3298 2159 τὸ
3332 2107 3721 2178 ἐπαγόμενον·

2034 2188 2137 2239 Διὰ
2165 2187 2231 2241 τὸ
2273 2184 2425 2241 εἶναι
2455 2188 2695 2255 αὐτοὺς,
2732 2191 2885 2260 φησὶ,
2928 2190 3196 2259 σάρκαςο
3230 2194 3504 2261 τουτέστι,
3536 2194 3638 2248 διὰ
3664 2196 3727 2248 τὸ

2038 2276 2327 2343 σαρκικαῖς
2365 2274 2624 2345 πράξεσιν
2671 2276 2865 2339 αὐτοὺς
2906 2280 3471 2350 καταδεδαπανῆσθαι.
3506 2283 3616 2335 καὶ
3644 2284 3724 2352 μὴ

2036 2362 2113 2423 είς
2139 2361 2254 2415 δέον
2280 2363 2578 2434 κεχρῆσθαι
2602 2368 2666 2435 τῇ
2705 2368 2808 2435 τῆς
2845 2365 3019 2439 ψυχῆς
3052 2367 3226 2439 οὐσίᾳ,
3261 2368 3372 2422 ἀλλ’
3401 2370 3486 2433 ὡς
3530 2372 3726 2441 σάρκα

2041 2447 2201 2517 μόνον
2231 2450 2647 2521 περικειμένους
2679 2453 2772 2504 καὶ
2794 2452 2969 2525 ψυχῆς
2991 2456 3227 2526 ἐρήμους
3246 2456 3422 2522 ὄντας,
3442 2456 3606 2511 οῦτω
3630 2459 3725 2510 τὸν

2036 2535 2241 2588 ἐαυτῶν
2262 2536 2373 2607 βίον
2391 2539 2820 2592 καταναλίσκειν.
2851 2540 3007 2604 Ἔθος
3027 2541 3132 2612 7&9
3153 2542 3238 2595 ἀεὶ
3258 2545 3324 2613 τῇ
3357 2544 3484 2615 θείᾳ
3517 2545 3721 2615 Γραφῇ

2039 2623 2217 2693 σάρκα
2255 2625 2382 2687 τοὺς
2424 2628 2719 2696 σαρκικοὺς
2749 2627 2952 2693 καλεῖν,
2998 2627 3183 2701 ὥσπερ
3234 2632 3359 2693 τοὺς
3410 2631 3725 2702 ἐναρέτους

2035 2708 2313 2781 ἀσάρκους
2358 2711 2662 2782 ὀνομάζειν,
2706 2716 2955 2786 καθάπερ
2987 2718 3015 2769 6
3046 2716 3254 2781 Παῦλός
3291 2734 3485 2785 φησιν,
3523 2720 3727 2788 ’Υμεῖς

2037 2794 2105 2848 δὲ
2130 2798 2241 2849 οὐκ
2288 2797 2429 2851 ἐστὲ
2472 2799 2541 2852 ἐν
2581 2803 2794 2868 σαρκίο
2832 2802 2930 2854 οὑκ
2977 2803 3161 2873 ἐπειδὴ
3212 2805 3389 2875 σάρκα
3428 2805 3496 2858 οὑ
3558 2824 3728 2875 περι-

2037 2882 2264 2947 έκειντο,
2299 2885 2412 2937 ἀλλ’
2444 2887 2629 2957 ἐπειδὴ
2678 2888 2856 2959 σάρκα
2899 2890 3267 2960 περικείμενοι
3288 2889 3579 2963 ἀνώτεροι,
3609 2894 3726 2946 τῶν

2040 2971 2313 3042 σαρκικῶν
2341 2968 2483 3041 ἦσαν
2509 2975 2890 3045 φρονημάτων.
2923 2976 3132 3047 Ὥσπερ
3164 2974 3256 3030 οὖν
3287 2979 3382 3032 καὶ
3412 2981 3609 3033 τοῖσδε
3636 2982 3727 3034 διὰ

2037 3058 2096 3109 τὸ
2129 3059 2400 3130 ὑπερορᾷν
2428 3060 2535 3113 τῶν
2564 3063 2836 3133 σαρκικῶν
2865 3062 3048 3132 ἔλεγεν
3067 3079 3081 3095 ⁸
3114 3066 3298 3134 Ὑμεῖς
3327 3065 3397 3119 δὲ
3421 3069 3543 3121 οὐκ
3574 3069 3728 3123 ἐστὲ

2038 3145 2106 3198 ὲν
2128 3148 2338 3215 σαρκί·
2374 3147 2516 3201 οὑτω
2545 3149 2639 3202 καὶ
2661 3149 2749 3201 ἐπὶ
2771 3150 2997 3215 τούτων,
3024 3152 3209 3223 ἐπειδὴ
3233 3153 3361 3225 περὶ
3384 3154 3491 3219 τὰς
3515 3172 3728 3227 σαρκιο

2040 3231 2141 3295 κάς
2179 3233 2403 3304 πράξεις
2428 3234 2842 3309 διηνεκῶςῆσαν
2870 3238 3247 3310 ῆσχολημένοι,
3277 3242 3494 3313 σάρκας
3514 3244 3727 3308 αὐτοὺς

2039 3320 2284 3373 ἐκάλεσε.
2322 3322 2423 3374 Διὰ
2460 3322 2526 3377 τὸ
2555 3320 2706 3378 εἶναι
2740 3326 2962 3393 αὐτοὺς
2997 3326 3248 3395 σάρκας,
3305 3330 3406 3382 οὐκ
3460 3330 3548 3384 ἔτι
3590 3350 3727 3402 συγ-

2039 3409 2273 3478 χωρήσω
2297 3413 2414 3473 ταῖς
2444 3412 2738 3481 ἁμαρτίαις
2760 3415 2954 3479 αὐτοὺς
2985 3416 3557 3488 καταρῤυπαίνεσθαι.

2111 3498 2172 3549 δ’.
2200 3494 2350 3560 Εἶδες
2369 3499 2791 3569 ἀγανακτήσεως
2810 3502 3056 3572 μέγεθος;
3075 3500 3210 3567 εἶδες
3226 3504 3455 3575 ἀπειλῆς
3483 3507 3730 3574 ὑπερϐο-

2042 3580 2171 3653 λήν;
2200 3585 2398 3637 Σκόπει
2452 3588 2568 3651 πῶς
2608 3592 2672 3659 τῇ
2703 3589 2895 3661 ἀπειλῇ
2956 3591 3049 3643 καὶ
3080 3593 3145 3662 τῇ
3169 3592 3570 3663 ἀγανακτήσει
3627 3596 3729 3662 τὴν

2043 3670 2448 3741 φιλανθρωπίαν
2478 3673 2651 3743 ἔμιξε.
2680 3675 2930 3739 Τοιοῦτος
2956 3677 3063 3748 7&9
3093 3678 3122 3730 6
3153 3677 3428 3748 Δεσπότης
3462 3681 3493 3731 6
3515 3680 3729 3751 ἡμέτεο

2044 3773 2136 3827 ρος
2165 3772 2179 3787 ο
2224 3758 2439 3812 ἀπειλεῖ
2484 3760 2763 3826 πολλάκις,
2805 3763 2901 3833 οὐχ
2950 3764 3036 3816 ἵνα
3068 3766 3148 3827 είς
3181 3764 3341 3835 ἔργον
3386 3767 3586 3839 ἀγάγῃ
3627 3771 3729 3839 τὴν

2042 3847 2291 3919 ἀπειλὴν,
2324 3848 2440 3902 ἀλλ’
2493 3851 2578 3905 ἵνα
2635 3852 3067 3923 διορθωσάμενος
3125 3854 3314 3918 αὐτοὺς
3378 3858 3595 3926 μηκέτι
3627 3859 3727 3927 τὴν

2042 3935 2269 4007 ἀπειλὴν
2291 3938 2371 4001 είς
2398 3938 2556 4009 ἔργον
2594 3939 2870 4012 ἐξενέγκῃ.
2898 3944 2959 3996 EE
2984 3944 3091 4015 7&9
3123 3942 3372 3997 ἐϐούλετο
3394 3950 3729 4018 τιμωρήσει⁶

2046 4022 2186 4086 σθαι,
2218 4023 2362 4088 τίνος
2385 4025 2567 4080 ἕνεκεν
2608 4027 2702 4080 καὶ
2738 4028 3064 4098 προέλεγεν;
3110 4031 3248 4083 Ἀλλ’
3273 4035 3466 4105 ἐπειδὴ
3494 4038 3579 4108 μὴ
3608 4039 3729 4108 βούο

2045 4109 2213 4169 λεται,
2242 4111 2329 4164 διὰ
2353 4112 2509 4165 τοῦτο
2537 4113 2622 4166 ἀεὶ
2651 4116 2832 4185 μέλλει
2857 4118 2949 4170 καὶ
2980 4118 3356 4187 ἀναϐάλλεται,
3392 4128 3491 4177 καὶ
3518 4129 3728 4198 προλέ-

2043 4198 2439 4286 γει,ᾼάφορμὴν
2469 4202 2725 4271 παρέχων
2756 4205 2866 4267 τοῖς
2888 4205 3204 4271 ὑπευθύνοις
3251 4212 3445 4277 φυγεῖν
3480 4213 3595 4281 μὲν
3630 4216 3729 4286 τίτί

2044 4284 2264 4350 κακίαν,
2298 4286 2510 4340 ἑλέσθαι
2538 4288 2593 4341 δέ
2632 4290 2730 4359 τὴν
2767 4290 2988 4362 ἀρετὴν,
3027 4295 3120 4347 καὶ
3152 4295 3249 4366 τῆς
3291 4299 3578 4368 τιμωρίας
3632 4284 3729 4371 τῆν

2044 4375 2237 4443 πεῖραν
2257 4374 2557 4444 διαφυγεῖν.
2588 4376 2736 4430 Ἐπεὶ
2758 4373 2851 4431 οὖν
2876 4379 3137 4451 ἠπείλησε
3158 4385 3221 4454 τῇ
3245 4384 3613 4459 πανωλεθρίᾳ
3643 4394 3728 4441 αὖ-

2043 4460 2170 4523 τοὺς
2190 4461 2526 4531 παραδώσειν
2552 4466 2729 4534 (τοῦτο
2752 4465 2861 4538 γάρ
2886 4468 3052 4531 ἐστιν,
3073 4470 3155 4524 Οὐ
3171 4469 3258 4539 μὴ
3283 4476 3633 4543 καταμείνῃ
3668 4482 3727 4531 τὸ

2044 4548 2285 4619 Πνεῦμά
2306 4566 2426 4619 μου
2445 4551 2516 4605 ἐν
2545 4551 2669 4618 τοῖς
2693 4553 3026 4622 ἀνθρώποις
3052 4557 3299 4623 τούτοις,
3331 4557 3429 4611 διὰ
3461 4562 3533 4613 τὸ
3567 4560 3725 4621 εἶναι

2045 4637 2267 4704 αὐτοὺς
2286 4636 2519 4706 σάρκας
2536 4656 2549 4668 ·
2573 4641 2694 4695 ἀντὶ
2712 4641 2826 4708 τοῦ,
2841 4643 2954 4696 Οὐκ
2974 4644 3120 4697 ἐάσω
3139 4645 3335 4709 αὑτοὺς
3355 4645 3552 4701 λοιπὸν
3577 4650 3727 4722 ζῇν),

2045 4724 2144 4777 οὑκ
2167 4726 2453 4797 ἀρκεσθεὶς
2489 4729 2555 4798 τῇ
2579 4729 2687 4781 τῶν
2719 4730 3086 4784 πεντακοσίων
3108 4731 3245 4785 ἐτῶν
3273 4735 3669 4809 μακροθυμία.

2044 4809 2132 4863 διὰ
2161 4813 2339 4883 πάσης
2369 4812 2468 4883 τῆς
2490 4811 2633 4885 ζωῆς
2657 4815 2750 4870 τοῦ
2781 4817 2904 4870 Νῶε
2930 4817 3016 4871 διὰ
3035 4818 3137 4887 τῆς
3164 4822 3543 4892 προσηγορίας
3568 4809 3726 4880 ἐπειιῖ

2046 4897 2280 4963 δεύοντο,
2322 4899 2415 4952 νῦν
2446 4900 2607 4956 πάλιν
2649 4903 2931 4959 ἐπιτείνων
2957 4907 3057 4977 τὴν
3095 4907 3491 4979 ἀγανάκτησιν,
3519 4913 3728 4984 ἑτέραν

2048 4988 2229 5072 αὐτοῖς
2256 4988 2594 5059 προθεσμίαν
2613 4990 2785 5062 ὁρίζει
2805 4992 2897 5046 καί
2923 5011 3084 5065 φησιν
3104 5012 3117 5023 ·
3156 4996 3616 5072 Ἦπειλησάμην,
3641 5006 3727 5056 καί

2048 5071 2219 5138 εἶπον,
2244 5076 2335 5127 καὶ
2364 5076 2528 5147 δήλην
2569 5078 2800 5151 ἐποίησα
2829 5084 2924 5152 τὴν
2952 5082 3089 5153 ἐμὴν
3118 5084 3515 5156 ἀγανάκτησιν,
3538 5091 3617 5161 ἢν
3646 5093 3727 5145 διὰ

2047 5164 2107 5216 τὸ
2136 5164 2336 5235 πλῆθος
2363 5165 2469 5218 τῶν
2492 5167 2899 5239 ἁμαρτημάτων
2924 5170 3029 5225 τῶν
3056 5173 3432 5243 εἰργασμένων
3467 5177 3724 5249 ἐπαχθῆο

2047 5270 2134 5306 ναι
2156 5252 2282 5321 ὑμῖν
2301 5254 2445 5306 ἐστιν
2466 5254 2752 5308 ἀκόλουθον
2772 5272 2788 5288 ·
2816 5258 2929 5309 ἀλλ’
2950 5259 3135 5331 ἐπειδὴ
3165 5260 3257 5314 καὶ
3283 5261 3408 5324 τοὺς
3431 5264 3503 5317 τά
3520 5266 3724 5321 ἀνίατα

2049 5340 2435 5411 ἡμαρτηκότας
2489 5342 2726 5412 σωθῆναι
2767 5343 3047 5414 βούλομαι,
3103 5347 3196 5399 καὶ
3241 5348 3448 5419 μηδένα
3476 5353 3723 5406 ἀπόλλυ·

2050 5428 2304 5490 σθαι,διά
2345 5428 2500 5481 τοῦτο
2545 5432 2636 5483 καὶ
2687 5434 2877 5485 ἐκατδν
2922 5433 3094 5487 εἴκοσι
3147 5435 3283 5488 ἐτῶν
3313 5438 3506 5507 χρόνον
3557 5442 3723 5495 πάλιν

2080 5515 2319 5585 νδίδωμι,
2355 5516 2461 5581 ἵνα,
2485 5519 2532 5570 εἰ
2583 5518 2833 5588 βούλεσθε
2871 5522 2962 5573 καὶ
3000 5521 3068 5575 τά
3111 5523 3481 5596 ἡμαρτημένα
3529 5528 3719 5583 duovi-

2112 5680 2135 5739 °_
2160 5677 2394 5727 Sex.mss.
2408 5681 2606 5739 γυναικί.

2114 5736 2139 5776 ά
2162 5740 2311 5789 Savil.
2363 5736 2574 5791 in'tcxtu
2600 5744 2801 5806 εἷδεσαν,
2826 5747 2875 5793 in
2901 5759 3053 5809 marg.
3076 5759 3104 5795 e
3132 5760 3228 5797 var.
3260 5748 3379 5798 Eccl.
3426 5749 3641 5806 ἰδόντες.
