3804 6244
146 289 252 347 189

143 414 282 456 nata:
301 415 422 456 sunt
455 404 560 458 illis
585 419 605 457 :
638 413 692 458 ut
733 404 963 459 viderunt
1004 405 1101 474 ﬁlii
1145 404 1238 458 Dei
1266 406 1401 474 ﬁlias
1440 406 1734 468 hominum,

141 495 280 563 quod
307 495 544 564 pulchra:
569 506 749 561 essent,
777 507 1094 566 sumpserunt
1126 498 1445 568 sibimetipsis
1472 513 1655 551 uxores
1683 499 1745 552 de

139 584 407 650 omnibus,
437 603 565 657 quas
593 588 867 657 elegerant.
900 588 1051 642 Prius
1079 588 1355 642 docuimus
1384 603 1507 652 vos,
1538 603 1740 643 morem

144 689 272 729 esse
301 674 618 746 Scriptura,
663 689 720 733 ut
765 679 1008 733 homines
1038 678 1174 734 ﬁlios
1203 680 1293 734 Dei
1319 690 1492 735 vocet.
1527 680 1593 734 Et
1619 681 1739 751 quia

137 766 226 820 isti
256 781 286 820 a
319 767 492 824 Setho
526 770 784 839 originem
815 771 1134 838 trahebant,
1167 782 1220 828 et
1265 774 1334 827 ab
1354 773 1471 842 ejus
1501 773 1610 828 ﬁlio
1649 774 1737 844 qui

133 858 449 925 appellatus
475 869 558 915 est
587 861 730 916 Enos
759 879 773 916 :
817 862 948 917 dicit
972 864 1112 917 enim
1157 881 1170 916 :
1217 862 1324 917 Iste
1346 866 1563 934 speravit
1591 865 1735 920 invo-

137 964 263 1002 care
303 967 490 1005 nomen
529 951 744 1008 Domini
776 953 876 1009 Bei
912 972 932 1011 :
961 957 1029 1011 ab
1058 958 1149 1012 illo
1179 967 1357 1027 postea
1383 960 1525 1025 nati,
1559 962 1732 1015 vocati

132 1050 264 1095 sunt
305 1041 402 1096 ﬁlii
434 1044 527 1099 Dei
566 1045 619 1098 in
661 1045 857 1101 divinis
904 1047 1223 1118 Scripturis,
1271 1060 1550 1120 propterea
1593 1053 1733 1122 quod

131 1145 385 1202 eousque
416 1145 692 1204 parentum
713 1139 961 1193 virtutem
992 1140 1178 1194 imitati
1199 1151 1360 1196 sunt:
1393 1142 1526 1197 ﬁlios
1554 1154 1731 1198 autem

131 1225 266 1278 Cain
298 1235 358 1279 et
383 1228 474 1297 qui
493 1243 558 1282 ex
583 1245 648 1284 eo
671 1231 803 1297 nati,
827 1241 879 1286 et
905 1232 991 1302 qui
1013 1228 1291 1288 ante‘Seth
1316 1235 1478 1304 geniti
1497 1234 1728 1301 fuerunt,

129 1314 281 1371 ﬁlios
307 1316 586 1374 hominum
616 1331 786 1375 vocat.
813 1321 1030 1376 Factum
1055 1333 1166 1391 est,
1203 1325 1393 1394 inquit,
1424 1341 1538 1380 cum
1566 1343 1730 1397 caepe-

129 1416 254 1460 ntnt
281 1408 514 1464 homines
539 1413 870 1480 multiplicari
911 1431 1064 1482 super
1106 1423 1295 1469 terram
1318 1456 1334 1480 ,
1375 1426 1422 1469 et
1452 1417 1574 1483 ﬁlite
1597 1427 1730 1471 natte

127 1508 248 1551 sunt
277 1500 385 1552 illis
404 1518 425 1553 ε
456 1503 753 1556 utviderunt
779 1503 874 1573 ﬁlii
905 1503 1017 1571 Dei,
1042 1505 1131 1575 qui
1165 1520 1192 1559 a
1225 1506 1351 1561 Seth
1382 1516 1436 1561 et
1473 1507 1540 1561 ab
1582 1506 1726 1563 Enos

129 1592 425 1660 progeniti,
441 1594 575 1660 ﬁlias
598 1595 876 1663 hominum,
907 1597 1020 1651 illas
1046 1614 1162 1668 quae
1183 1599 1248 1652 ab
1274 1599 1390 1653 aliis
1415 1609 1550 1654 nata:
1578 1609 1721 1666 sunt,

125 1681 196 1736 de
226 1683 428 1751 quibus
455 1683 588 1739 dixit
615 1687 757 1757 quod
801 1688 955 1743 Filia:
980 1700 1116 1744 nata:
1146 1690 1247 1745 sint
1269 1691 1392 1757 illis,
1429 1691 1577 1758 Quod
1603 1694 1721 1761 pul-

123 1775 470 1830 cltrcessent.
503 1777 633 1832 Vide
658 1781 928 1849 quomodo
971 1797 1068 1852 per
1093 1781 1312 1838 verbum
1361 1782 1462 1838 hoc
1506 1798 1719 1840 omnem

123 1867 287 1919 nobis
313 1881 500 1921 eorum
522 1869 990 1940 intemperantiam
1021 1874 1272 1929 insinuet.
1317 1874 1434 1929 Non
1471 1877 1612 1930 enim
1652 1876 1722 1932 ob

121 1955 460 2013 desiderium
504 1963 958 2028 procreandorum
1012 1965 1237 2021 ﬁliormn
1283 1967 1716 2036 conveniebant,

120 2047 220 2101 sed
249 2049 325 2102 ob
363 2050 690 2120 voluptatem
717 2062 772 2110 et
814 2057 1275 2126 intemperantiam
1307 2075 1320 2111 :
1357 2057 1426 2114 Ut
1451 2060 1677 2114 viderunt
1699 2101 1716 2128 ,

121 2140 299 2210 inquit
327 2180 344 2207 ,
370 2143 511 2210 filias
539 2145 821 2211 hominum,
853 2149 989 2216 quod
1026 2149 1255 2218 pulchra:
1292 2160 1474 2206 essent.
1511 2150 1719 2207 Concu—

122 2235 389 2302 piscentia
428 2235 642 2292 forrme'
687 2239 806 2294 illos
848 2239 900 2294 in
943 2239 1080 2297 hanc
1126 2242 1334 2299 induxit
1375 2245 1662 2314 perniciem
1697 2281 1713 2313 ,

121 2327 474 2394 pulchritudo
523 2341 772 2400 aspectus
824 2335 1165 2391 scortationis
1189 2346 1244 2391 et
1290 2337 1715 2408 intemperantius

117 2419 200 2473 eis
239 2421 461 2475 occasio
504 2421 622 2477 fuit.
677 2426 741 2478 lit
791 2441 963 2496 neque
1004 2427 1054 2481 id
1095 2430 1227 2482 satis
1275 2430 1479 2485 habens
1519 2431 1709 2488 addit:

117 2511 467 2579 Sumpserunt
481 2515 578 2568 sibi
592 2516 715 2586 ipsis
743 2534 926 2572 umores
953 2518 1016 2572 de
1031 2520 1278 2587 omnibus,
1299 2539 1423 2594 quas
1439 2525 1710 2595 elegerant:

113 2603 258 2671 quod
286 2605 452 2658 etiam
473 2621 716 2677 magnam
747 2609 956 2665 illorum
975 2611 1434 2682 intemperantiam
1456 2616 1708 2681 insinuat,

115 2694 261 2762 quod
292 2711 324 2748 a
348 2696 750 2765 pulchritudine
775 2702 900 2756 victi
936 2712 1080 2769 sunt,
1105 2714 1161 2758 et
1198 2704 1408 2760 frenum
1436 2707 1710 2776 imponere

116 2787 441 2842 inordinata:
465 2792 911 2861 concupiscentia:
940 2810 1052 2851 sua:
1093 2812 1201 2851 non
1234 2799 1517 2853 valuerunt
1552 2816 1566 2852 :
1612 2799 1705 2854 sed

113 2881 414 2948 spectando
453 2885 592 2952 capti
624 2886 992 2958 submersique
1021 2899 1165 2954 sunt,
1195 2899 1355 2960 atque
1390 2892 1458 2947 ob
1487 2893 1704 2961 impium

115 2974 216 3027 hoc
246 2989 385 3044 opus
427 2990 656 3045 superna
691 2978 1020 3046 providentia
1061 2995 1181 3036 sese
1219 2997 1415 3037 vacuos
1455 2983 1705 3040 reddide-

113 3076 258 3120 runt.
286 3067 358 3121 Et
379 3077 439 3122 ut
461 3067 732 3125 discamus
759 3072 902 3142 ipsos
922 3089 1028 3128 non
1056 3073 1170 3144 lege
1188 3077 1512 3146 nuptiarum,
1533 3094 1705 3148 neque

111 3160 572 3226 procreandorum
615 3162 844 3218 ﬁliorum
883 3166 1050 3234 gratia
1093 3168 1194 3224 hoc
1236 3171 1454 3236 fecisse,
1488 3184 1705 3242 propter

110 3249 212 3305 hoc
228 3249 364 3305 dicit
391 3267 403 3303 :
431 3251 498 3307 Ut
519 3253 748 3309 uiderunt
768 3258 902 3325 quod
929 3259 1156 3327 pulchra:
1183 3272 1362 3325 essent,
1385 3275 1704 3334 sumpserunt

106 3345 436 3414 sibimetipsis
475 3363 658 3400 uxores
697 3349 759 3402 de
786 3350 1050 3416 erunibus,
1091 3369 1216 3421 quas
1251 3354 1520 3425 elegerant.
1565 3357 1699 3425 Quid

107 3436 318 3506 igitur?
359 3438 788 3507 reprchcndetne
825 3441 1016 3512 aliquis
1057 3459 1328 3514 aspecwm
1373 3449 1700 3504 oculorum?

105 3526 223 3582 Non
259 3544 273 3581 :
312 3543 489 3599 neque
513 3531 655 3584 enim
679 3532 866 3587 oculus
889 3534 1056 3588 ruinae
1084 3550 1243 3590 causa
1287 3537 1426 3605 fuit,
1475 3539 1569 3595 sed
1608 3557 1701 3596 vo-

105 3623 333 3677 luntatis
362 3623 678 3694 negligentia
708 3635 760 3680 et
787 3625 1042 3681 elfrenata
1073 3629 1523 3699 concupiscentia.
1565 3633 1695 3688 Nam

103 3714 296 3768 oculus
328 3725 610 3784 propterea
653 3715 822 3770 factus
848 3726 931 3772 est
957 3760 972 3782 ,
1001 3727 1058 3772 ut
1102 3718 1227 3774 dum
1261 3721 1402 3776 videt
1428 3733 1699 3778 creaturas

105 3806 225 3870 Dei,
270 3807 507 3878 ipsarum
536 3807 876 3863 Conditorem
906 3810 1160 3867 celebret.
1194 3812 1374 3884 itaque
1399 3817 1537 3871 oculi
1564 3833 1698 3889 opus

103 3911 187 3955 cst
212 3901 401 3956 videre
435 3919 447 3954 :
489 3901 629 3958 male
664 3912 843 3958 autem
881 3902 1061 3960 videre
1084 3945 1099 3970 ,
1139 3921 1169 3959 a
1209 3915 1387 3963 mente
1413 3918 1528 3977 est,
1577 3927 1697 3982 qua:

103 3992 435 4049 intrinsecus
455 3993 735 4064 gubernat.
779 3993 912 4050 Nam
953 3996 1192 4052 membra
1233 4011 1413 4054 nostra
1440 4001 1584 4057 utilia
1627 4004 1693 4058 ad

103 4084 304 4139 unum
337 4085 665 4154 operandam
692 4085 903 4142 condita
925 4097 1048 4143 sunt
1070 4103 1100 4143 a
1129 4090 1353 4146 Domino
1372 4134 1388 4158 ,
1415 4103 1470 4149 et
1497 4097 1694 4164 guber-

103 4178 215 4230 nari
244 4191 311 4232 ea
346 4178 615 4234 concessit
639 4179 708 4235 ab
734 4179 1047 4252 incorporea
1075 4182 1392 4250 substantia,
1421 4187 1489 4243 de
1517 4190 1692 4245 anima

99 4269 242 4324 dico.
292 4268 584 4339 Postquam
607 4280 787 4328 autem
815 4272 931 4328 hinc
956 4274 1226 4344 negligens
1253 4293 1394 4344 esse,
1423 4289 1480 4336 et
1525 4282 1692 4337 liabe-

101 4377 198 4416 nas
227 4363 413 4419 laxare
455 4365 716 4435 coeperit,
759 4367 1206 4436 quemadmodum
1236 4373 1414 4442 auriga
1447 4375 1692 4433 nesciens

97 4469 363 4523 uiuorum
406 4452 660 4511 ferociam
686 4471 1033 4528 compescere
1056 4501 1071 4527 ,
1103 4462 1342 4517 remissis
1385 4463 1551 4521 frenis
1574 4508 1590 4531 ,
1638 4479 1693 4523 et

97 4563 266 4616 equos
292 4562 515 4604 currum
544 4549 817 4608 trahentes
848 4562 902 4607 et
928 4553 1163 4624 seipsum
1203 4556 1254 4611 in
1291 4571 1529 4628 praeceps
1559 4560 1691 4630 deji-

95 4637 206 4691 cit:
240 4636 323 4692 sic
351 4637 511 4707 plane
533 4648 587 4694 et
613 4641 861 4697 voluntas
907 4652 1086 4700 nostra
1121 4645 1548 4718 quandoquidem
1596 4667 1692 4707 ne-

93 4729 197 4781 scit
241 4727 502 4784 membris
546 4738 604 4786 ut
649 4741 862 4803 oportet
900 4735 1007 4800 uti,
1055 4735 1369 4794 inordinatis
1409 4740 1688 4814 indulgens

91 4819 547 4888 concupiscentiis
575 4822 805 4896 seipsum
835 4828 1146 4900 submergit.
1196 4830 1483 4902 Propterea
1511 4836 1690 4892 Domi-

93 4924 197 4965 nus
227 4920 418 4968 noster
440 4911 708 4984 Christus,
731 4917 906 4974 sciens
919 4918 1156 4990 fragilem
1183 4934 1418 4981 nostram
1441 4939 1686 4988 natm-am

89 5014 142 5057 et
172 5005 470 5061 voluntatis
492 5009 887 5080 negligentiam,
919 5014 1086 5086 legem
1118 5021 1289 5087 posuit
1315 5037 1434 5092 qua:
1456 5026 1687 5083 muniret

90 5110 152 5148 ac
180 5095 498 5163 prohiberet
523 5101 788 5157 curiosam
821 5106 1334 5178 considerationem,
1368 5124 1425 5170 ut
1461 5132 1684 5174 nascens

90 5186 142 5240 in
161 5188 658 5256 nobisincendium,
678 5209 797 5248 cum
819 5196 992 5252 adhuc
1025 5202 1203 5267 procul
1231 5213 1332 5268 est,
1349 5208 1646 5279 exstinguat
1666 5229 1680 5276 ;

88 5288 140 5332 et
168 5280 285 5334 ait:
320 5279 424 5348 Qui
451 5284 634 5353 aspicit
660 5285 939 5352 mulierem,
969 5301 1023 5343 ut
1043 5295 1362 5364 concupiscat
1388 5299 1548 5363 illam,
1568 5304 1681 5372 jam

85 5372 396 5426 adulterium
421 5374 672 5430 commisit
696 5394 810 5431 cum
839 5380 930 5434 illa
957 5382 1008 5435 in
1052 5386 1205 5440 corde
1245 5405 1336 5442 suo
1365 5389 1384 5460 (
1407 5390 1593 5448 Matth.
1624 5397 1678 5451 5.

83 5462 198 5534 28).
240 5464 472 5536 Propter
513 5466 653 5534 hoc,
707 5468 897 5540 inquit,
943 5473 1204 5532 interdico
1253 5480 1406 5537 vobis
1436 5484 1677 5544 illicitum

83 5555 253 5610 visum
280 5597 298 5621 ,
347 5564 406 5611 ut
433 5556 503 5612 ab
530 5572 692 5629 opere
722 5560 909 5620 illicito
953 5580 1048 5620 vos
1090 5567 1332 5627 liberem.
1379 5573 1455 5630 Ne
1483 5587 1633 5646 putes
1657 5620 1675 5648 ,

141 5739 158 5767 '
196 5736 324 5792 Vos.
344 5739 543 5804 larunt,
568 5740 711 5793 deest
737 5742 784 5793 in
811 5745 1095 5808 quihusdam
1115 5757 1220 5801 Mss.

996 288 1061 345 ΙΝ
1097 292 1248 347 CAP.
1295 292 1355 345 γ.
1400 285 1486 347 ΕΤ
1541 291 1624 344 γι.
1679 284 1927 345 GENES.
1969 291 2194 348 Hi’tlllln
2241 294 2404 352 XXII.

3338 317 3442 377 190

1854 400 2039 472 inquit.
2071 419 2359 476 congressu
2391 409 2564 468 solum
2587 427 2859 483 peccatum
2890 421 3000 477 ﬁeri
3029 443 3041 477 :
3075 427 3326 488 voluntas
3363 446 3443 489 est

1847 506 1966 560 quae
2010 496 2418 555 condemnatur.
2469 501 2632 574 Igitur
2673 517 2727 562 et
2767 507 2821 564 hi
2862 513 2988 568 visae
3025 517 3444 586 pulchritudinis

1846 588 2150 691 spectaculo
2188 593 2327 661 capti
2369 604 2512 650 sunt.
2567 597 2807 656 Viderunt
2850 607 3016 674 eulm,
3062 607 3272 683 inquit,
3301 631 3443 691 quod

1845 674 2072 744 pulchra:
2108 691 2288 746 essent,
2321 694 2368 737 et
2396 701 2713 758 sumpserunt
2737 694 2830 748 sibi
2856 713 3037 754 uxores
3081 720 3143 757 ea:
3181 674 3435 775 omnibus,

1843 782 1967 834 quas
2016 771 2284 842 elegerant.
2335 775 2442 831 Sed
2487 780 2764 840 videamus
2812 789 2973 844 etiam
3023 802 3144 863 post
3194 771 3434 856 illicitani

1843 855 2052 913 illorum
2079 866 2462 933 operationem,
2506 880 2561 927 et
2588 874 3031 948 intemperantem
3057 868 3310 946 animum
3330 895 3435 949 Do-

1837 1131 2027 1198 enlum,
2051 1152 2108 1189 eo
2127 1140 2264 1207 quod
2285 1142 2384 1208 ipsi
2410 1161 2588 1201 carnes
2617 1149 2735 1204 sint.
2767 1153 2932 1209 Erunt
2961 1169 3126 1215 autem
3153 1166 3258 1221 dies
3285 1169 3425 1239 ipso-

1835 1239 1948 1276 rum
1975 1238 2172 1282 centum
2193 1233 2370 1303 viginti
2389 1239 2529 1293 anni.
2571 1240 2669 1298 Hic
2697 1245 2748 1299 in
2785 1252 2966 1317 paucis
2998 1256 3172 1312 verbis
3199 1233 3423 1336 abyssus

1835 1316 2213 1417 misericordia:
2244 1325 2408 1382 videri
2437 1341 2634 1401 potest.
2679 1336 2748 1392 Et
2777 1316 2925 1408 dixit,
2956 1346 3144 1417 inquit,
3171 1316 3421 1413 οοιῖιίιζιξξ

1833 1404 1973 1463 Deus
2003 1426 2024 1464 :
2048 1411 2170 1468 Non
2200 1422 2508 1486 permanebit
2531 1425 2755 1496 Spiritus
2779 1449 2916 1488 meus
2945 1437 2996 1492 in
3025 1439 3310 1501 hominibus
3344 1451 3427 1506 Itis

1831 1498 1884 1552 in
1909 1505 2169 1572 saxulum,
2195 1524 2254 1562 eo
2285 1512 2420 1580 quod
2439 1516 2538 1586 ipsi
2565 1535 2740 1577 carnes
2765 1525 2886 1581 sint.
2928 1528 3180 1600 Spiritum
3213 1537 3298 1593 hic
3329 1556 3425 1610 po-

1835 1595 2051 1692 tentiam
2081 1613 2252 1665 suam,
2276 1620 2377 1673 qua
2404 1622 2586 1664 curam
2616 1616 2782 1670 nostri
2811 1620 2953 1690 agit,
2996 1638 3181 1692 vocat,
3206 1595 3419 1688 illoran

1832 1681 2106 1742 interitum
2137 1697 2520 1760 praenuntians.
2564 1700 2632 1756 Et
2661 1715 2716 1759 ut
2741 1709 2880 1763 scias
2912 1711 3011 1768 hac
3035 1714 3100 1771 dc
3129 1734 3187 1774 re
3216 1735 3422 1780 sermo-

1829 1789 1952 1830 nem
1973 1776 2180 1848 haberi,
2211 1785 2332 1842 vide
2356 1791 2480 1858 quid
2506 1793 2786 1854 subdatur.
2819 1800 2897 1856 Eo
2917 1807 3053 1872 quod
3085 1809 3201 1879 ipsi,
3227 1776 3418 1886 inquit,

1826 1882 2005 1923 carnes
2033 1873 2133 1927 sint
2174 1891 2193 1928 :
2236 1876 2336 1933 hoc
2380 1890 2489 1948 est,
2535 1900 2601 1940 eo
2639 1891 2778 1958 quod
2827 1898 3126 1956 carnalibus
3168 1873 3419 1975 operibus

1825 1962 2200 2067 seipsostotos
2226 1970 2441 2041 dedant,
2473 1986 2528 2032 et
2553 1981 2744 2038 animae
2782 1987 3075 2046 substantia
3105 1962 3414 2072 abutantur,

1823 2059 1879 2154 et
1908 2056 2058 2122 quasi
2099 2059 2212 2113 sola
2243 2076 2404 2121 carne
2445 2067 2759 2130 circumdati
2801 2081 2977 2138 anima
3027 2102 3304 2160 carerent,
3337 2056 3416 2155 sic

1824 2143 1986 2202 vitam
2029 2163 2181 2206 suam
2223 2156 2526 2216 absumant.
2583 2165 2877 2238 Perpetuus
2920 2179 3062 2233 enim
3124 2143 3413 2258 Scripfum:

1824 2250 1931 2292 mos
1973 2250 2075 2306 est,
2109 2258 2325 2302 carnem
2355 2265 2548 2310 vocare
2573 2262 2849 2318 carnales:
2878 2267 3015 2324 sicut
3054 2250 3258 2332 virtute
3275 2297 3412 2348 pra:-

1823 2336 2069 2430 s‘tarites,
2118 2340 2295 2393 carnis
2339 2354 2588 2412 expertes
2635 2354 2914 2410 nominat:
2959 2336 3410 2430 quemadmodum

1820 2417 2015 2476 Paulus
2035 2423 2199 2534 difit:
2231 2428 2330 2484 Vos
2353 2443 2520 2488 autent
2546 2454 2646 2493 non
2662 2443 2780 2498 estis
2805 2447 2858 2500 in
2880 2417 3030 2506 carne

1817 2527 1925 2568 non
1967 2517 2107 2584 quod
2153 2534 2259 2575 non
2302 2538 2467 2581 carne
2512 2529 2824 2591 circumdati
2874 2517 3093 2612 essent,
3144 2551 3239 2604 sed
3284 2517 3406 2623 quia

1817 2619 1977 2662 carne
2001 2610 2337 2681 circumdati,
2352 2622 2654 2688 superiores
2674 2639 2823 2684 erant
2840 2610 3144 2695 carnalibus
3163 2610 3406 2704 affeciio-

1817 2698 1972 2754 nibus
2001 2712 2056 2756 et
2073 2707 2340 2763 sensibus.
2363 2710 2494 2767 Nam
2525 2715 2661 2772 sicut
2693 2719 2808 2776 istis
2832 2725 3044 2783 dicebat
3075 2749 3088 2784 :
3118 2731 3218 2789 Vos
3236 2698 3405 2796 autem

1814 2806 1915 2844 non
1938 2794 2056 2849 estis
2081 2796 2133 2849 in
2163 2815 2332 2867 carne,
2365 2817 2430 2858 eo
2452 2808 2594 2874 quod
2625 2815 2856 2869 carnalia
2889 2818 3252 2889 despiciebant
3281 2846 3296 2885 :
3331 2831 3403 2889 ita

1814 2892 1868 2936 et
1893 2882 1960 2939 de
1989 2885 2093 2942 illis
2123 2888 2334 2959 dicitur,
2359 2897 2500 2963 quod
2524 2899 2627 2954 sint
2657 2918 2847 2961 carnes
2868 2949 2882 2968 ,
2909 2882 3142 2983 co-quod
3168 2882 3407 2979 carnali-

1812 2971 1916 3029 bus
1944 2976 2104 3034 rebus
2129 2986 2384 3038 continuo
2409 2987 2516 3042 sint
2542 2996 2806 3062 occupati.
2843 2996 2920 3052 Eo
2948 2971 3083 3072 quod
3104 2971 3404 3076 ipa-"ninia

1809 3063 1931 3131 sint,
1962 3083 2066 3123 non
2099 3071 2238 3127 ultra
2259 3077 2547 3134 concedam
2577 3083 2655 3138 eis
2681 3095 2734 3140 ut
2761 3063 2993 3156 peccatis
3021 3063 3134 3151 suis
3161 3101 3404 3176 coinqui-

1811 3169 2023 3214 nentur.

1878 3250 1937 3308 4.
1965 3251 2150 3310 Vidisti
2191 3257 2569 3331 indignationis
2598 3271 3060 3338 magnitudinem?
3089 3283 3262 3340 vidisti
3294 3290 3397 3344 mi-

1809 3357 1995 3400 narum
2027 3348 2467 3410 vehementiam?
2508 3359 2804 3419 Considera
2834 3369 2992 3424 etiam
3019 3379 3287 3443 quomodo
3313 3382 3398 3436 in-

1809 3437 2168 3497 terminationi
2195 3454 2248 3500 et
2274 3446 2621 3518 indignationi
2646 3457 3063 3519 misericordiam
3089 3467 3394 3530 admiscuit.

1806 3527 1952 3585 Talis
1981 3533 2123 3588 enim
2165 3547 2246 3592 est
2278 3538 2535 3599 Dominus
2578 3558 2762 3604 noster
2790 3567 2806 3605 :
2836 3556 3068 3610 minatur
3094 3574 3260 3630 smpe,
3291 3581 3395 3626 non

1807 3629 1865 3673 ut
1885 3636 2047 3692 opere
2061 3628 2326 3696 compleat
2354 3634 2546 3701 minas,
2574 3639 2668 3692 sed
2689 3649 2745 3695 ut
2768 3647 3025 3701 correctis
3052 3628 3206 3707 nobis
3225 3628 3394 3714 minas

1806 3727 1909 3768 non
1933 3715 2002 3812 ad
2029 3732 2162 3787 opus
2187 3723 2461 3790 perducat.
2505 3729 2716 3801 Alioqui
2749 3734 2794 3788 si
2837 3738 3028 3806 punire
3060 3744 3249 3812 vellet,
3297 3765 3395 3805 cur

1804 3807 2157 3874 prmdiceret?
2199 3812 2304 3869 Sed
2334 3818 2456 3886 quia
2485 3835 2590 3876 non
2617 3824 2764 3893 vult,
2800 3843 3012 3899 semper
3037 3807 3314 3894 cunctatur
3339 3855 3392 3898 et

1805 3912 2010 3954 moram
2041 3906 2224 3970 nectit,
2249 3917 2303 3961 et
2323 3907 2521 3977 differt,
2552 3922 2607 3969 et
2633 3917 2893 3984 praedicit,
2924 3927 3259 3985 occasionem
3290 3936 3392 3992 rcis

1801 4001 2083 4059 praestans,
2112 4005 2169 4050 ut
2199 3997 2447 4068 fugiendo
2476 4005 2732 4062 malitiam
2760 4021 2813 4066 et
2840 4018 3092 4072 sectando
3121 4023 3392 4093 virtutem,

1802 4100 1991 4156 poenas
2020 4104 2126 4144 non
2152 4095 2515 4162 experiantur.
2557 4098 2740 4172 Itaque
2769 4118 3051 4178 postquam
3074 4113 3355 4174 intermina
3375 4150 3394 4161 -

1804 4185 1887 4232 tus
1939 4189 2021 4234 est
2059 4180 2181 4237 illos
2224 4199 2284 4240 se
2321 4190 2751 4249 exterminationi
2792 4203 3026 4266 generali
3073 4206 3391 4268 traditurum

1799 4268 1926 4339 (hoc
1953 4273 2095 4328 enim
2121 4285 2222 4344 est,
2242 4277 2363 4332 Non
2391 4285 2700 4350 permanebit
2729 4287 2957 4358 Spiritus
2987 4311 3124 4352 meus
3144 4299 3195 4352 in
3225 4303 3390 4357 hami.

1797 4362 1944 4416 nibus
1978 4365 2122 4434 istis,
2164 4384 2222 4422 eo
2251 4371 2388 4439 quod
2427 4373 2528 4442 ipsi
2564 4377 2665 4431 sint
2694 4395 2872 4436 carnes
2905 4401 2923 4438 :
2963 4400 3029 4440 ac
3058 4389 3103 4442 si
3146 4390 3390 4463 diceret,

1797 4453 1912 4508 Non
1937 4455 2109 4513 sinam
2138 4460 2258 4516 illos
2289 4465 2510 4532 posthac
2536 4469 2763 4542 vivere),
2794 4489 2898 4529 non
2929 4489 3210 4539 contentus
3235 4488 3388 4557 quin-

1796 4560 2075 4618 gentorum
2101 4569 2365 4612 annorum
2394 4560 2681 4631 patientia,
2714 4581 2817 4636 qua
2850 4584 2943 4639 per
2979 4588 3192 4632 onmem
3222 4580 3383 4637 vitam

1795 4641 1928 4708 Noe,
1978 4645 2161 4701 audito
2199 4647 2341 4703 illius
2374 4653 2589 4709 nomine
2616 4655 2964 4729 docebantur,
3015 4681 3156 4723 nunc
3189 4669 3382 4728 iterum

1796 4734 2111 4801 protrahens
2132 4746 2187 4792 et
2210 4738 2463 4799 differens
2483 4743 2922 4820 indignationem,
2952 4755 3092 4811 aliud
3117 4758 3221 4813 illis
3250 4772 3383 4816 tem-

1795 4837 1893 4892 pus
1921 4827 2221 4893 praescribit
2245 4840 2297 4885 et
2322 4832 2449 4888 dicit
2477 4851 2490 4886 :
2523 4835 2897 4896 Interminatus
2927 4859 3067 4913 sum,
3100 4858 3152 4903 et
3179 4850 3286 4906 dixi
3326 4863 3381 4906 et

1795 4917 1967 4986 palam
1999 4918 2097 4975 feci
2120 4938 2293 4978 meam
2322 4925 2758 4998 indignationem,
2790 4952 2948 5006 quam
2985 4942 3054 4995 ob
3079 4945 3377 5001 multitudi-

1794 5025 1916 5065 nem
1965 5024 2305 5083 peccatorum
2333 5061 2349 5087 ,
2399 5037 2519 5091 qua:
2558 5028 2762 5096 operati
2793 5032 2922 5084 estis
2945 5075 2960 5096 ,
3017 5035 3166 5090 vobis
3196 5038 3380 5096 inferri

1787 5104 1992 5172 justum
2038 5117 2121 5163 est
2168 5127 2183 5163 :
2235 5113 2329 5166 sed
2358 5115 2479 5184 quia
2526 5117 2686 5172 etiam
2735 5135 2828 5175 eos
2875 5125 2963 5192 qui
3015 5126 3378 5188 incurabiliter

1792 5209 2166 5268 peccaverunt,
2204 5203 2430 5259 salutem
2460 5209 2713 5278 consequi
2744 5211 2882 5278 volo,
2916 5215 3226 5290 nullumque
3258 5239 3377 5293 per-

1790 5287 1889 5352 ire,
1921 5291 2119 5348 idcirco
2145 5295 2293 5351 vobis
2323 5298 2570 5370 indulgeo
2595 5311 2649 5356 et
2693 5312 2900 5376 tempus
2939 5287 3153 5368 centum
3191 5317 3372 5387 viginti

1787 5394 2046 5439 annorum
2077 5385 2152 5458 (a)
2181 5404 2195 5441 :
2229 5397 2305 5457 ut,
2336 5390 2380 5445 si
2412 5391 2683 5448 volueritis
2707 5437 2721 5462 ,
2756 5406 2811 5451 et
2843 5412 3056 5468 peccata
3096 5385 3376 5467 abludritis

1821 5582 1920 5661 tta!)
1952 5583 2096 5661 Quod
2118 5583 2199 5658 hic
2229 5587 2486 5661 subjungit
2516 5591 2906 5655 Chrysostomus,
2944 5598 3050 5650 illos
3081 5612 3277 5654 centum
3302 5611 3375 5656 vi-

1783 5652 2738 5731 ἐξξέἶέἒ.ς.ῗ¹2¹¹9ἓ..ἓῖἒ.ἒὲνίῗὲἓ.ηξξέητρθειοε
2782 5652 2976 5731 nimius
3018 5652 3230 5731 iudicare
3270 5652 3372 5731 ίηὶίο

1781 5706 2016 5786 diluvium
2042 5717 2300 5786 ventur-tun
2324 5721 2447 5786 erat,
2474 5706 3372 5786 illudquespatitim—quod—intiebc-lsi:

1785 5781 1814 5818 a
1839 5776 2062 5832 tempore
2085 5785 2183 5836 quo
2207 5780 2334 5826 Deus
2368 5774 2892 5847 diluviuni'przedixit,
2932 5774 2989 5834 ad
3027 5774 3186 5851 ipsum
3202 5774 3362 5851 usque
