3804 6236
393 267 492 324 l9!

393 376 759 451 resipiscendo
782 384 942 447 atque
975 374 1026 429 in
1066 374 1285 429 meliora
1312 386 1409 428 vos
1438 372 1825 439 convertendo,
1858 385 1984 426 nec—

396 487 499 526 non
530 470 709 526 virtuti
742 467 1085 532 studueritis,
1118 480 1394 536 plenarum
1418 464 1653 535 pericula
1679 463 1981 534 elIugiatis:

399 560 564 615 Erunt
589 561 731 615 enim
758 600 774 625 ,
822 561 1019 628 inquit,
1061 557 1169 611 dies
1195 572 1367 611 eorum
1394 556 1519 610 anni
1560 564 1761 610 centum
1788 554 1984 624 viginti.

394 655 448 710 4.
482 654 725 725 Gigantes
755 661 944 713 autem,
977 649 1165 719 inquit,
1189 657 1330 702 erant
1352 665 1505 719 super
1528 656 1713 701 terram
1732 647 1791 701 in
1810 645 1984 701 diebus

396 749 519 802 illis.
559 745 626 799 Et
654 754 976 814 posteaquam
1005 741 1217 811 ingressi
1234 750 1353 794 sunt
1383 740 1478 809 ﬁlii
1508 738 1606 793 Dei
1628 738 1698 794 ad
1723 738 1859 807 ﬁlias
1888 738 1983 793 ho-

397 839 611 903 minum,
639 836 841 903 illisque
861 833 955 889 sibi
979 840 1259 904 genuerunt
1282 872 1299 899 ,
1338 832 1416 887 illi
1439 839 1581 885 erant
1606 832 1864 902 gigantes,
1896 830 1983 897 qui

394 948 425 985 α
449 928 635 984 uetula
657 927 750 980 viri
777 924 981 996 famosi.
1023 923 1275 994 Gigantes
1296 922 1383 978 hic
1417 938 1449 977 a
1486 922 1663 977 divina
1709 921 1981 991 Scriptura

393 1021 497 1076 dici
529 1020 719 1090 opinor
742 1016 987 1072 robustos
1013 1030 1259 1086 corpore.
1299 1013 1380 1071 Ex
1404 1014 1529 1081 illis,
1558 1014 1773 1085 inquit,
1816 1028 1982 1084 gene-

396 1115 533 1171 ratio
578 1110 786 1167 illorum
833 1118 985 1165 aucta
1022 1117 1124 1165 est.
1170 1106 1227 1164 ld
1252 1106 1394 1179 quod
1422 1107 1615 1163 etalio
1659 1108 1778 1163 loco
1802 1107 1984 1162 videre

396 1207 520 1260 licet
554 1204 793 1257 dictum:
831 1200 1070 1270 Gigantes
1094 1239 1110 1265 ,
1164 1199 1369 1268 inquit,
1415 1199 1619 1252 veniunt
1658 1207 1712 1251 ut
1760 1199 1984 1269 furorem

396 1313 561 1352 meum
589 1295 789 1368 placent
819 1292 972 1365 (Isai.
1000 1290 1085 1347 i3.
1111 1294 1187 1361 ὅ).
1215 1291 1364 1345 Hunc
1383 1306 1551 1362 .porro
1566 1299 1778 1345 centum
1800 1289 1981 1359 viginti

395 1402 656 1449 annorum
676 1399 977 1447 numerum,
1009 1383 1168 1453 aliqui
1192 1390 1376 1450 putant
1392 1381 1675 1436 terminum
1698 1381 1817 1435 vita:
1829 1396 1978 1436 esse:

397 1495 503 1533 non
533 1478 635 1533 hoc
660 1487 837 1532 autem
861 1474 1147 1545 signiﬁcat,
1176 1472 1271 1529 sed
1302 1487 1443 1528 nunc
1470 1473 1777 1540 patientiam
1804 1473 1985 1527 decla-

402 1587 520 1626 rare
545 1570 678 1638 vult,
711 1584 868 1641 quam
899 1577 1095 1638 etpost
1133 1567 1246 1622 hzrc
1277 1575 1492 1638 peccata
1533 1567 1584 1621 in
1616 1567 1761 1636 ipsos
1799 1575 1982 1621 osten-

402 1664 500 1720 dit.
542 1662 704 1736 Igitur
743 1671 798 1718 ut
826 1660 1093 1717 discamus
1138 1661 1257 1716 illos
1307 1670 1428 1731 post
1475 1659 1889 1731 indignationem
1931 1669 1985 1717 et

401 1756 571 1811 minas
596 1797 613 1823 ,
661 1763 715 1810 et
758 1753 891 1809 tanti
934 1753 1186 1823 temporis
1213 1752 1643 1820 diuturnitatem,
1670 1766 1828 1821 quam
1853 1751 1984 1821 ipsis

399 1851 452 1904 in
491 1849 856 1921 paenitentiam
885 1847 1125 1914 dederat,
1156 1862 1262 1902 non
1294 1849 1465 1903 solum
1498 1848 1631 1903 nihil
1666 1847 1977 1917 profecisse,

401 1941 496 1995 sed
544 1941 596 1995 in
645 1939 831 1995 iisdem
886 1939 1122 1994 moribus
1165 1939 1593 2009 perseveravisse
1640 1958 1654 1996 :
1704 1950 1984 2011 propterea

402 2033 548 2099 dicit,
582 2030 860 2104 Postquam
900 2032 1111 2102 ingressi
1152 2041 1265 2086 sunt
1309 2030 1405 2102 ﬁlii
1431 2031 1526 2086 Dei
1552 2032 1622 2087 atl
1645 2033 1780 2102 ﬁlias
1819 2033 1986 2088 homi-

403 2139 555 2187 num,
596 2122 797 2193 illa'que
841 2122 936 2175 sibi
961 2131 1258 2193 genuerunt,
1289 2121 1366 2177 illi
1392 2132 1534 2177 erant
1559 2122 1807 2195 gigantes,
1839 2124 1927 2194 qui
1955 2141 1986 2177 a

402 2220 588 2271 saeculo
607 2215 697 2270 viri
714 2216 918 2287 famosi.
942 2215 1128 2271 Vidisti
1158 2215 1512 2285 improbitatis
1530 2215 1986 2287 magnitudinem?

401 2308 581 2364 vidisti
621 2307 860 2378 stupidas
900 2316 954 2362 et
998 2306 1201 2362 doloris
1249 2321 1414 2363 sensu
1454 2318 1700 2363 carentes
1740 2307 1986 2363 animas?

402 2401 585 2473 Neque
615 2417 789 2472 ptenae
828 2402 1018 2467 timor,
1050 2414 1224 2472 neque
1250 2399 1548 2455 tolerantia:
1576 2409 1782 2470 tempus
1820 2399 1989 2455 arcuit

404 2494 525 2552 illos
553 2509 584 2550 a
610 2494 761 2549 malis
782 2492 1033 2562 Operibus
1064 2510 1076 2545 :
1110 2492 1203 2547 sed
1228 2491 1395 2549 semel
1424 2491 1477 2545 in
1504 2505 1744 2562 praeoeps
1771 2490 1986 2561 dejecti,

403 2597 458 2643 et
504 2587 698 2642 mentis
744 2584 898 2640 oculo
950 2583 1242 2652 exctecati,
1286 2598 1316 2639 a
1355 2582 1490 2638 mala
1538 2582 1984 2653 concupiscentia,

403 2679 551 2750 quasi
583 2678 650 2734 ab
675 2677 930 2733 ebrietate
955 2675 1183 2746 quadam
1206 2673 1461 2740 demersi,
1480 2673 1548 2730 ad
1567 2689 1628 2731 se
1651 2673 1828 2730 redire
1854 2674 1990 2730 ultra

404 2772 691 2827 uoluerunt
720 2787 732 2822 :
765 2767 1216 2840 quemadmodum
1244 2776 1298 2822 ct
1325 2768 1539 2837 sapiens
1579 2766 1792 2837 quidam
1819 2765 1947 2822 dicit
1972 2783 1987 2820 :

404 2862 601 2935 Impius
622 2904 636 2928 ,
684 2878 798 2915 cum
825 2861 876 2914 in
907 2858 1214 2933 profundum
1242 2857 1473 2912 ceciderit
1501 2858 1775 2924 malorum,
1821 2867 1990 2912 conte-

406 2957 534 3010 mnit
566 2954 743 3025 (Prov.
781 2953 868 3008 i8.
902 2952 976 3022 5).
1007 2951 1179 3006 Grave
1217 2951 1382 3017 enim,
1419 2964 1583 3020 grave
1621 2957 1737 3015 est,
1766 2948 1989 3013 dilecte,

406 3049 527 3120 capi
571 3046 774 3117 laqueis
813 3043 1030 3099 diaboli.
1085 3043 1278 3098 Anima
1322 3042 1463 3098 enim
1506 3049 1694 3113 postea
1738 3043 1887 3112 quasi
1939 3042 1992 3096 in

404 3140 607 3195 retibus
643 3134 1028 3204 comprehensa
1062 3132 1319 3198 trahitur,
1368 3141 1423 3188 et
1465 3133 1605 3188 sicut
1650 3146 1743 3187 sus
1790 3133 1842 3185 in
1898 3131 1993 3187 luti

406 3230 685 3287 volutabro
714 3228 1033 3293 oblectatur,
1066 3226 1144 3281 sic
1169 3234 1224 3282 et
1251 3226 1350 3280 ista
1379 3240 1409 3279 a
1437 3225 1575 3280 mala
1606 3224 1995 3285 consuetudine

407 3323 618 3387 obruta,
650 3337 717 3377 ne
756 3321 919 3375 sentit
944 3318 1156 3391 quidem
1186 3326 1525 3389 peccatorum
1556 3316 1825 3373 fictorem.
1870 3316 1995 3372 ldeo

407 3431 542 3488 opus
581 3422 747 3469 estut
773 3410 936 3467 sobrii
964 3420 1019 3466 et
1047 3410 1232 3481 vigiles
1259 3409 1457 3475 simus,
1498 3423 1569 3464 ne
1604 3408 1672 3462 ab
1704 3408 1855 3464 initio
1882 3408 1996 3463 dia-

408 3509 532 3566 bolo
575 3508 872 3579 ingressum
916 3503 1306 3569 concedamus,
1346 3511 1404 3557 ut
1443 3518 1511 3558 ne
1539 3502 1883 3563 obtenebrata
1910 3517 1998 3557 ra-

409 3604 552 3660 tione
591 3612 805 3668 nostra,
846 3610 899 3656 et
937 3607 1202 3657 excaecata
1238 3597 1432 3655 mentis
1460 3597 1817 3668 perspicacia,
1842 3596 1994 3667 quasi

411 3698 646 3769 privatos
677 3696 833 3766 hujus
861 3694 991 3750 solis
1018 3693 1221 3751 lumine
1249 3690 1457 3758 reddat,
1492 3705 1593 3747 nec
1630 3690 1904 3749 valeamus
1942 3689 1994 3743 in

409 3790 587 3847 radios
612 3790 738 3845 solis
760 3788 980 3859 justitite
1008 3785 1271 3850 contueri,
1298 3795 1353 3842 et
1380 3785 1450 3839 ita
1478 3785 1528 3838 in
1568 3797 1808 3854 praeceps
1852 3781 1997 3839 fera-

410 3900 531 3939 ntur
563 3900 576 3936 :
607 3881 657 3937 id
687 3880 825 3950 quod
858 3888 910 3935 et
933 3880 1035 3935 illis
1062 3891 1186 3937 tunc
1210 3876 1433 3933 accidit.
1463 3876 1597 3933 Audi
1629 3875 1771 3931 enim
1800 3875 1995 3935 iterum

412 3973 664 4029 bonitatis
688 3971 778 4026 Dei
807 3969 1164 4025 tolerantiam.
1197 3968 1252 4023 5.
1302 3966 1368 4021 Ut
1407 3967 1531 4021 vidit
1569 3974 1756 4028 autem,
1804 3964 1995 4034 inquit,

408 4067 664 4122 Dominus
698 4063 855 4129 Deus,
887 4061 1021 4133 quod
1065 4060 1418 4129 multiplicata
1455 4066 1576 4113 sunt
1604 4057 1811 4112 malitia:
1835 4057 1999 4111 homi-

417 4174 539 4211 num
567 4171 717 4225 super
742 4164 947 4206 terram.
975 4151 1110 4219 Quid
1138 4151 1237 4206 sibi
1267 4150 1378 4204 vult
1406 4148 1509 4204 hoc
1532 4147 1754 4215 dictum,
1780 4146 1847 4202 Ut
1876 4147 1998 4203 vidit

412 4248 621 4306 autent?
668 4248 802 4303 Num
847 4245 1125 4317 ignorabat
1167 4244 1460 4299 Dominus?
1500 4243 1657 4299 Absit
1699 4259 1713 4295 :
1764 4241 1857 4297 sed
1902 4256 1999 4312 pro

415 4353 598 4400 nostra
631 4339 939 4399 inﬁrmitate
966 4338 1144 4393 omnia
1169 4344 1348 4391 narrat
1375 4334 1553 4390 divina
1582 4333 1855 4403 Scriptura
1880 4350 1894 4387 :
1941 4341 2000 4388 ut

415 4449 513 4492 uos
541 4434 766 4499 doceat,
798 4446 893 4487 eos
916 4430 1074 4486 etiam
1113 4437 1237 4500 post
1280 4434 1477 4481 tantam
1520 4423 1616 4481 Dei
1660 4423 1997 4480 tolerantiam

414 4529 470 4585 in
519 4525 710 4582 iisdem
759 4522 1020 4579 mansisse
1066 4521 1260 4581 malis.
1287 4520 1570 4579 autetiam
1617 4517 1671 4572 in
1714 4516 1892 4586 pejora
1937 4531 1998 4570 se

409 4620 739 4693 conjecisse,
784 4618 902 4672 ait:
940 4615 1006 4671 Ut
1044 4613 1168 4669 vidit
1216 4623 1421 4679 autem,
1463 4611 1598 4685 quod
1650 4610 2000 4680 multiplicatte

410 4724 529 4770 sunt
554 4710 764 4765 malitia
791 4707 1051 4762 hominum
1074 4721 1225 4775 super
1240 4715 1444 4759 terram.
1480 4705 1555 4758 Ex
1577 4702 1678 4756 hoc
1696 4702 1837 4758 enim
1860 4700 2002 4756 malo

410 4819 598 4878 opere,
624 4802 775 4874 quasi
802 4816 834 4856 e
855 4799 1000 4855 fonte
1027 4798 1257 4868 qundam
1284 4838 1300 4863 ,
1331 4796 1493 4850 multa
1540 4795 1701 4850 etiam
1731 4793 1835 4849 alia
1866 4792 1997 4849 sub-

411 4901 721 4958 oriebantur
736 4902 952 4968 peccata
980 4910 994 4948 :
1016 4892 1136 4948 ideo
1156 4891 1307 4956 dicit,
1333 4889 1546 4943 Malitia:
1561 4888 1842 4942 hominum.
1865 4886 1997 4941 Nam

414 4997 499 5052 ubi
553 4993 846 5060 scortatio,
897 4999 953 5047 et
980 4988 1186 5045 luxuria
1218 5029 1233 5053 ,
1288 4995 1343 5041 et
1385 4994 1528 5039 tanta
1561 4981 1997 5054 intemperantia,

414 5085 703 5143 verisinule
732 5093 814 5140 est
844 5083 916 5139 ibi
948 5091 1004 5138 et
1039 5080 1377 5143 ebrietatem,
1407 5086 1460 5131 et
1484 5076 1763 5146 crapulam,
1796 5084 1850 5130 et
1883 5089 1998 5127 ma-

414 5195 572 5251 gnam
627 5177 961 5248 iujustitiam,
1005 5184 1059 5231 et
1112 5173 1430 5235 avaritiam,
1487 5171 1870 5239 iuuumeraque
1892 5167 1998 5222 alia

415 5271 562 5326 nasci
613 5272 772 5325 mala.
806 5269 872 5324 Ut
902 5269 1023 5323 vidit
1065 5277 1236 5322 autem
1259 5307 1274 5329 ,
1308 5265 1516 5336 inquit,
1566 5263 1812 5321 Dominus
1861 5258 1999 5316 Deus

415 5360 548 5427 quod
574 5360 921 5429 multiplicant-
944 5368 1060 5415 sunt
1094 5359 1303 5415 malitia:
1330 5356 1588 5411 hominum
1609 5371 1761 5425 super
1790 5362 1998 5420 terram,

414 5538 686 5589 diluvium:
714 5534 1123 5599 illud_,_inqua_m,
1162 5544 1329 5599 contra
1364 5544 1667 5599 communem
1706 5529 2001 5599 sententiam

416 5609 511 5653 est.
532 5608 644 5669 Nam
668 5593 866 5669 putatur
878 5597 954 5669 his
965 5593 1174 5669 indicari
1206 5599 1413 5669 spatium
1436 5595 1561 5669 vitae
1576 5593 2000 5669 rhoun‘nishpostea

413 5651 874 5721 contrahendumet
896 5658 955 5707 ad
978 5664 1178 5721 centum
1199 5651 1368 5721 viginti
1392 5668 1543 5721 annos
1563 5651 1920 5721 redigendum;
1949 5661 2001 5702 et

414 5732 467 5776 ut
488 5724 603 5775 anni
624 5720 947 5786 chronologici
970 5719 1210 5784 quadrent
1228 5716 1333 5781 {sic
1354 5716 1725 5780 intelligendum
1747 5723 1841 5767 est.

1134 260 1188 315 S.
1228 258 1507 315 JOANNIS
1545 254 2019 343 CHRYSOSTOM!
2060 254 2371 312 ARClllEP.
2421 258 2957 320 CONSTANTINOP.

3568 273 3686 330 {93

2093 376 2297 444 etquod
2321 377 2660 450 unusquisque
2682 383 2867 452 cogitat
2907 384 2961 438 in
2995 385 3147 441 corde
3186 402 3277 443 suo
3321 390 3587 465 diligenter
3617 407 3691 453 ad

2091 465 2228 518 mala
2265 469 2495 525 omnibus
2513 472 2705 528 diebus.

2161 557 2216 611 5.
2259 557 2392 614 Vide
2430 564 2703 651 quomodo
2748 566 2951 637 singula
2996 587 3116 643 quas
3147 574 3395 636 dicuntur
3428 594 3686 651 peccati»

2090 661 2207 742 rum
2254 650 2541 742 ostendunt
2582 656 3019 725 magnitudinem.
3071 663 3204 733 Quia
3224 668 3372 724 enim
3400 650 3450 725 in
3479 687 3693 742 genere

2090 735 2242 804 dixit,
2266 738 2622 811 Multiplicatc
2638 757 2756 800 sunt
2783 750 2990 807 malitias
3007 752 3267 811 hominum
3292 775 3447 829 super
3464 735 3689 832 terram,

2093 832 2347 901 subdidit,
2368 835 2437 890 Et
2464 840 2825 911 unusquisque.
2838 843 3021 914 Magna
3049 846 3207 919 huius
3231 852 3380 908 verbi
3404 859 3694 925 emphasis

2090 937 2143 981 et
2171 928 2251 982 vis
2277 938 2379 984 est.
2421 929 2538 987 Non
2586 932 2776 1005 inquit,
2824 938 3136 996 adolescens
3162 943 3355 1011 solum,
3382 948 3481 1003 sed
3510 958 3568 1004 et
3598 964 3692 1004 se-

2091 1033 2194 1075 nex
2244 1021 2431 1078 eadem
2473 1025 2583 1096 agit
2627 1043 2746 1097 qua:
2792 1029 3145 1089 adolescens:
3177 1052 3352 1109 neqvis
3378 1041 3458 1095 vir
3477 1041 3688 1103 solum.

2090 1113 2183 1169 sed
2208 1124 2262 1171 et
2281 1117 2512 1174 mulier:
2540 1135 2714 1191 neque
2740 1137 2927 1180 servus
2952 1127 3143 1193 solum,
3173 1130 3267 1184 sed
3292 1140 3345 1185 et
3364 1132 3540 1189 liber:
3574 1151 3691 1190 nnn

2090 1205 2242 1263 dives
2270 1210 2467 1278 solum,
2496 1211 2590 1267 sed
2616 1217 2669 1268 et
2690 1230 2911 1285 pauper.
2939 1218 3005 1273 Et
3028 1221 3270 1287 verbum,
3296 1221 3518 1296 Cogitat,
3545 1229 3692 1281 mul-

2086 1306 2201 1353 tum
2246 1299 2403 1357 habet
2455 1307 2731 1363 momenti.
2780 1307 2896 1363 Non
2942 1312 3081 1366 enim
3110 1328 3176 1369 ex
3207 1316 3553 1388 subreptione
3581 1320 3690 1375 hoc

2090 1388 2196 1444 illis
2240 1392 2453 1459 accidit,
2503 1396 2597 1450 sed
2643 1397 2695 1451 in
2742 1400 2904 1455 corde
2929 1401 3181 1472 cogitant,
3213 1415 3268 1460 et
3306 1407 3419 1463 hinc
3444 1424 3541 1478 per
3566 1411 3689 1465 sin-

2088 1481 2237 1549 gulas
2266 1480 2428 1539 horas
2470 1486 2707 1554 volvunt,
2753 1491 2804 1544 in
2835 1491 2917 1545 his
2949 1494 3181 1549 studium
3206 1510 3360 1552 suum
3385 1500 3685 1565 collocant,

2091 1586 2143 1631 et
2188 1591 2359 1647 neque
2407 1577 2623 1635 fortuito
2647 1584 2814 1637 semel
2843 1593 2897 1638 et
2925 1586 3112 1641 iterum
3143 1590 3465 1660 supplantati
3492 1608 3525 1647 a
3554 1612 3686 1665 pec-

2088 1677 2229 1739 eato,
2276 1685 2307 1725 a
2351 1672 2553 1728 malitia
2594 1674 2696 1730 sibi
2739 1685 3052 1747 temperant,
3096 1682 3190 1736 sed
3245 1682 3529 1756 diligenter
3555 1703 3683 1743 eam

2089 1773 2363 1830 exercent,
2388 1775 2442 1820 et
2467 1765 2607 1820 mala
2631 1778 2957 1835 operantur:
2986 1769 3089 1826 hoc
3115 1781 3217 1839 est,
3246 1789 3438 1847 magno
3473 1779 3687 1846 studio,

2090 1855 2220 1911 nihil
2250 1856 2444 1925 obiter,
2490 1858 2626 1913 nihil
2669 1858 2999 1930 negligenter
3020 1862 3088 1918 ab
3112 1865 3192 1919 eis
3220 1867 3297 1931 iit,
3331 1881 3503 1937 neque
3528 1869 3687 1924 brevi

2094 1956 2351 2018 tempore,
2378 1948 2473 2003 sed
2498 1948 2746 2004 omnibus
2774 1950 2981 2018 diebus,
3013 1967 3227 2009 omnem
3254 1970 3404 2011 suam
3428 1957 3591 2012 vitam
3625 1961 3683 2013 in

2091 2038 2194 2095 hoc
2216 2038 2548 2110 impendunt.
2582 2040 2769 2097 Vidisti
2795 2043 3010 2099 malitia:
3030 2045 3453 2103 immanitatem?
3497 2050 3685 2105 vidisti

2088 2132 2361 2200 quomodo
2383 2130 2559 2188 dedita
2588 2147 2752 2204 opera
2776 2148 2888 2189 rem
2917 2135 3161 2201 fecerint,
3192 2138 3473 2209 diligenter
3496 2144 3684 2196 omnia

2091 2226 2228 2283 tnala
2271 2237 2589 2296 operantes;
2624 2234 2679 2282 et
2723 2228 2899 2283 omnis
2923 2238 3054 2283 tetas
3080 2229 3146 2283 ad
3185 2232 3447 2300 agendum
3478 2233 3684 2288 malum

2091 2335 2188 2377 sua
2204 2328 2399 2392 sponte
2414 2320 2736 2377 accesserit?
2758 2320 3123 2393 Unusquisque,
3148 2323 3338 2393 inquit,
3361 2339 3534 2395 neque
3550 2337 3688 2383 tetas

2092 2415 2398 2481 immatura,
2425 2426 2479 2470 et
2502 2413 2736 2484 alioquin
2756 2414 3033 2484 inexperta
3060 2416 3318 2470 malorum
3343 2430 3506 2475 vacua
3524 2426 3683 2472 erat:

2093 2507 2190 2564 sed
2212 2508 2391 2564 statim
2420 2506 2560 2562 etab
2601 2507 2935 2562 incunabulis
2962 2522 3149 2562 omnes
3180 2506 3378 2562 malum
3408 2507 3510 2563 hoc
3540 2524 3686 2579 pra--

2093 2599 2223 2655 lium
2251 2599 2551 2667 certabant,
2591 2601 2974 2654 contendentes
3006 2607 3061 2653 ut
3091 2599 3247 2654 malis
3269 2599 3518 2669 operibus
3542 2600 3688 2655 alter

2093 2692 2320 2748 alterum
2358 2698 2652 2761 superaret.
2699 2689 2812 2755 llic,
2868 2705 2984 2755 oro,
3011 2690 3192 2744 animo
3217 2689 3457 2760 expende
3486 2689 3685 2744 miram

2097 2783 2253 2852 hujus
2274 2781 2405 2853 justi
2431 2781 2769 2852 sapientiam,
2798 2780 2964 2850 quiin
2995 2789 3140 2834 tanta
3168 2779 3427 2834 malorum
3466 2784 3687 2849 conspi-

2095 2877 2304 2931 ratione
2334 2873 2588 2929 malitiam
2617 2871 2852 2942 eﬂ'ugere
2882 2871 3067 2939 valuit,
3097 2880 3151 2926 ct
3176 2872 3305 2927 nihil
3354 2871 3476 2927 inde
3499 2872 3687 2927 damni

2096 2968 2271 3023 sensit
2294 2985 2308 3021 :
2330 2968 2424 3022 sed
2449 2967 2601 3036 quasi
2629 2981 2695 3021 ex
2726 2964 2827 3018 alia
2852 2972 3038 3019 natura
3067 2967 3407 3030 constitutus,
3449 2965 3528 3020 sic
3558 2965 3688 3020 forti

2097 3059 2276 3113 animo
2316 3057 2590 3129 pra-ditus,
2639 3066 2695 3112 et
2734 3071 2829 3127 per
2870 3058 3103 3128 seipsum
3151 3058 3359 3113 virtutis
3387 3057 3689 3127 nperationi

2097 3151 2327 3215 deditus,
2352 3160 2407 3204 et
2431 3149 2625 3204 malam
2653 3164 2839 3205 eorum
2865 3148 3313 3219 coutSpirationem
3343 3148 3547 3219 effugit,
3576 3162 3630 3203 et
3656 3168 3689 3204 a

2098 3237 2365 3300 communi
2386 3241 2626 3297 omnium
2659 3241 2954 3311 perditione
2976 3248 3059 3297 est
3085 3251 3379 3311 exemptus.
3419 3242 3471 3297 6.
3504 3239 3572 3293 Et
3598 3258 3693 3296 se-

2099 3352 2214 3391 cum
2240 3336 2509 3407 reputavit,
2541 3336 2733 3407 inquit,
2764 3336 3015 3391 Dominus
3044 3335 3181 3391 Deus
3204 3336 3336 3407 quod
3365 3336 3563 3407 fecisset
3593 3337 3695 3389 ho-

2099 3430 2285 3483 minem
2333 3444 2485 3499 super
2526 3438 2733 3483 terram.
2787 3428 2915 3484 Vide
2952 3432 3142 3483 iterum
3172 3431 3389 3485 verbum
3416 3444 3688 3495 crassus“,

2099 3530 2154 3575 et
2181 3530 2377 3576 nostra:
2405 3522 2649 3590 parvitati
2674 3521 2943 3576 idoneum.
2972 3521 3158 3575 Secum
3193 3523 3459 3592 reputavit,
3492 3522 3691 3592 inquit,

2101 3614 2468 3686 pro,p(enituit
2493 3630 2507 3667 :
2537 3630 2641 3669 non
2663 3612 2805 3684 quod
2837 3613 3143 3683 pmnituerit
3178 3614 3361 3677 Deum,
3390 3613 3562 3677 absit;
3591 3617 3691 3667 sed

2100 3707 2390 3761 secundum
2437 3705 2720 3760 humanam
2770 3703 3212 3760 consuetudinem
3259 3705 3490 3774 loquitur
3534 3707 3695 3759 nobis

2099 3799 2277 3855 divina
2325 3797 2619 3869 Scriptura,
2671 3807 2731 3852 ut
2783 3812 2881 3852 nos
2931 3796 3125 3851 doceat
3171 3798 3409 3850 enormia
3472 3796 3691 3850 illorum

2101 3903 2317 3964 peccata
2332 3894 2650 3949 clementem
2674 3891 2839 3945 Deum
2864 3888 2915 3943 in
2939 3889 3353 3960 indignatiOuem
3368 3888 3693 3943 concitasse.

2100 3984 2169 4041 Et
2198 4002 2365 4041 secum
2390 3985 2660 4055 reputavit,
2690 3981 2879 4054 inquit,
2932 3981 3177 4036 Dominus
3206 3980 3346 4035 Deus
3372 3983 3503 4051 quod
3529 3981 3693 4049 fecis-

2100 4090 2173 4135 set
2217 4081 2471 4135 hominem
2513 4093 2667 4148 super
2710 4087 2914 4132 terram.
2965 4075 3101 4130 Num
3148 4074 3293 4131 enim
3326 4081 3541 4143 promer
3589 4073 3695 4130 hoc

2103 4179 2275 4248 ipsum
2302 4172 2545 4246 produxi,
2579 4173 2767 4244 inquit,
2794 4182 2851 4227 ut
2870 4172 2920 4226 in
2939 4178 3137 4224 tantam
3171 4169 3456 4239 perniciem
3488 4170 3693 4236 lapsus.

2102 4269 2308 4340 sibiipsi
2358 4265 2669 4338 perditionis
2716 4265 2869 4318 iicret
2905 4263 3130 4317 auctor?
3157 4261 3292 4316 Nutu
3319 4260 3415 4314 hac
3435 4260 3502 4313 de
3528 4276 3695 4315 causa

2102 4379 2132 4418 a
2179 4361 2439 4435 principio
2481 4368 2629 4413 tanto
2678 4356 2882 4412 honore
2921 4370 3044 4411 eum
3094 4350 3361 4425 insigniri,
3394 4360 3449 4407 et
3490 4362 3695 4406 tantam

2102 4461 2220 4533 ejus
2260 4470 2443 4513 curam
2492 4466 2580 4507 me
2630 4450 2827 4507 habere
2854 4448 3144 4515 declaravi,
3176 4457 3234 4502 ut
3253 4447 3433 4501 virtuti
3470 4460 3693 4511 vacans,

2102 4556 2309 4610 alienus
2330 4567 2360 4605 a
2388 4545 2683 4620 perditione
2706 4544 2888 4599 ﬁeret?
2920 4542 3181 4610 Quoniam
3209 4549 3383 4596 autem
3411 4538 3696 4615 clementia

2104 4663 2223 4704 mea
2274 4646 2471 4701 abusus
2518 4648 2622 4705 est,
2676 4639 2845 4694 satius
2902 4636 3124 4707 posthac
3169 4632 3329 4689 fuerit
3379 4629 3549 4685 malos
3576 4629 3697 4696 ejus

2103 4752 2325 4798 conatus
2376 4735 2652 4806 impedire.
2703 4731 2769 4786 Et
2806 4728 3064 4802 cogitavit,
3105 4729 3156 4782 7.
3177 4727 3407 4795 Dixitque
3446 4721 3699 4775 Dominus

2106 4837 2264 4900 Deus,
2293 4831 2464 4904 inquit
2488 4848 2501 4887 :
2525 4829 2715 4885 Delebo
2743 4827 2997 4881 hominem
3022 4838 3170 4893 quem
3195 4820 3293 4890 feci
3312 4834 3343 4870 a
3370 4817 3501 4888 {acie
3518 4826 3697 4880 teme,

2103 4934 2167 4985 ab
2197 4929 2397 4983 homine
2422 4939 2579 4995 usque
2604 4922 2674 4976 ad
2702 4935 2872 4991 pecus,
2903 4927 2950 4972 et
2976 4933 3008 4969 a
3029 4912 3293 4984 reptilibus
3323 4924 3479 4979 usque
3505 4907 3575 4959 ad
3606 4921 3697 4960 so-

2104 5024 2266 5080 latilia
2313 5020 2424 5074 caeli
2444 5034 2463 5072 :
2487 5018 2608 5088 quia
2653 5028 2849 5069 mecum
2902 5008 3129 5080 reputavi
3175 5002 3310 5077 quod
3353 5002 3555 5071 fecerim
3588 5014 3698 5055 eos.

2105 5119 2235 5189 Quae
2261 5115 2365 5171 mei
2392 5112 2554 5169 ofﬁcii
2582 5116 2757 5175 erant,
2785 5106 2976 5176 inquit,
3016 5101 3195 5158 omnia
3223 5096 3479 5189 exhibui.
3501 5094 3589 5151 Ex
3615 5092 3701 5148 ni-

2107 5188 2235 5277 hilo,
2263 5219 2320 5265 ut
2344 5215 2509 5273 esset,
2542 5204 2689 5260 illum
2718 5199 2967 5272 produxi,
3013 5204 3216 5252 natura:
3245 5192 3385 5247 illius
3409 5188 3701 5247 scientiam

2106 5302 2466 5361 faciendorum
2497 5307 2551 5355 et
2580 5310 2685 5352 non
2714 5291 3073 5349 faciendorum
3119 5284 3306 5351 indidi,
3354 5281 3582 5336 liberum
3618 5293 3703 5330 ar-

2106 5390 2560 5456 bitrinmdonavi,
2593 5384 2846 5444 ineil'abili
2879 5379 3158 5438 tolerantia
3178 5391 3309 5431 usus
3329 5379 3543 5436 sum,et
3583 5380 3697 5438 past

2108 5490 2321 5558 longum
2354 5482 2483 5539 illud
2509 5491 2738 5550 tempus,
2766 5483 2959 5547 etpost
2989 5470 3403 5558 indignationem
3424 5471 3481 5519 et
3519 5462 3702 5558 minas-

2106 5552 2239 5653 quas
2278 5578 2410 5643 dixi,
2437 5585 2493 5632 et
2536 5570 2681 5629 aliud
2727 5564 2981 5642 praetinivi
3027 5574 3257 5634 tempus,
3286 5556 3472 5613 volens
3519 5561 3576 5609 ut
3613 5552 3702 5653 illo

2108 5647 2204 5734 sua
2220 5680 2437 5749 peccata
2457 5668 2741 5735 sentiente,
2766 5662 3058 5735 indignatio
3079 5672 3195 5714 mea
3225 5665 3585 5713 revocaretur:
3609 5647 3696 5701 sed
