3754 6284
123 261 215 321 195

120 382 230 451 quia
257 382 415 436 etiam
437 380 515 437 sic
538 380 669 436 nihil
698 380 989 448 lucrifacio,
1021 397 1119 437 nec
1144 381 1382 452 proﬁcio.
1424 377 1567 451 cogit
1591 394 1687 434 ne-

119 474 329 527 cessitas
357 483 414 526 ut
439 472 612 527 minas
640 487 802 542 opere
823 473 1141 543 compleam,
1168 482 1222 528 et
1246 473 1493 527 omnibus
1513 472 1686 526 modis

120 561 274 617 deleri
299 563 420 619 illos
440 579 649 631 curem,
680 581 742 621 ac
765 566 903 620 sicut
940 566 1137 620 malum
1163 565 1426 637 quoddam
1456 565 1686 621 fermen-

118 674 217 716 tum
257 656 499 713 aboleam
550 666 718 713 totum
766 658 975 713 illorum
1019 672 1206 727 genus,
1244 667 1304 712 ut
1331 673 1400 711 ne
1430 659 1688 727 posterio-

117 753 253 806 ribus
279 749 711 820 generationibus
739 750 990 818 peccandi
1016 750 1261 804 doetores
1287 749 1435 803 ﬁant.
1463 748 1532 802 E:
1558 750 1686 803 dixit

118 845 357 899 Dominus
400 844 536 899 Deus
570 860 590 898 :
622 843 809 898 Delebo
851 844 1103 898 hominem
1144 860 1291 913 quem
1341 844 1440 914 feci
1491 860 1523 895 a
1558 843 1686 910 facie

115 948 273 999 teme,
320 934 383 988 ab
431 937 631 989 homine
673 951 827 1005 usque
871 937 939 989 ad
981 951 1151 1005 pecus.
1183 934 1299 990 Jam
1327 933 1467 988 forte
1490 934 1686 989 dixerit

112 1029 294 1099 aliquis
319 1047 332 1082 :
359 1031 532 1097 Quare
554 1044 674 1084 cum
698 1028 857 1084 homo
887 1031 938 1084 in
966 1030 1161 1084 malum
1190 1030 1493 1099 declinavit,
1524 1034 1685 1088 etiam

111 1119 254 1175 bruta
298 1121 540 1176 eamdem
584 1135 797 1192 ptenam
828 1122 1131 1177 sustinent?
1157 1122 1346 1179 Merito
1373 1139 1521 1181 sane.
1547 1124 1683 1181 Num

114 1222 321 1282 propter
365 1229 519 1268 suum
565 1215 798 1284 ipsorum
843 1231 995 1271 usum
1039 1216 1296 1286 producta
1347 1225 1474 1271 sunt
1502 1217 1687 1272 bruta?

113 1302 326 1373 Propter
353 1305 619 1361 hominem
639 1305 774 1362 facta
801 1317 924 1362 sunt
940 1307 1054 1378 (α).
1071 1307 1201 1362 Cum
1229 1307 1314 1362 hic
1338 1307 1497 1375 igitur
1518 1323 1550 1364 e
1574 1324 1688 1363 tne—

111 1397 187 1451 dio
237 1398 532 1467 auferatur,
578 1401 698 1471 quis
745 1401 955 1456 illorum
994 1415 1125 1457 usus
1163 1403 1343 1458 esset?
1390 1402 1592 1459 Idcirco
1631 1413 1687 1459 et

111 1489 256 1543 istam
308 1506 523 1559 pinnam
574 1507 912 1549 communem
963 1493 1158 1560 lerunt,
1208 1506 1260 1550 ut
1311 1496 1685 1567 indignationis

110 1582 411 1651 gravitatem
452 1584 756 1642 addiscatis.
790 1587 859 1642 Et
884 1587 1023 1643 sicut
1045 1587 1114 1643 ab
1146 1588 1299 1643 initio
1322 1604 1443 1644 cum
1485 1590 1684 1659 primus

110 1674 259 1729 homo
285 1688 583 1745 peccasset,
612 1688 753 1735 terra
783 1680 1211 1738 maledictionem
1241 1683 1447 1752 accepit
1478 1700 1492 1736 :
1524 1682 1601 1737 sic
1631 1691 1685 1737 et

109 1784 236 1823 nunc
260 1784 386 1823 cum
431 1770 725 1826 abolendus
754 1780 896 1827 esset
924 1771 1105 1835 homo,
1147 1773 1301 1827 bruta
1329 1788 1541 1843 quoque
1568 1773 1681 1827 cla-

105 1862 177 1916 dis
198 1865 350 1919 socia
381 1865 530 1919 ﬁunt.
560 1864 1015 1933 Quemadmodum
1042 1866 1183 1921 enim
1221 1880 1342 1921 cum
1371 1865 1531 1921 homo
1558 1881 1680 1936 gra-

107 1962 180 2007 tus
207 1953 264 2007 Iit
297 1954 433 2022 Deo,
462 1966 703 2011 creatura
751 1971 962 2027 quoque
999 1957 1245 2012 humana:
1271 1957 1539 2013 felicitatis
1563 1972 1684 2028 par-

105 2046 261 2114 ticeps
302 2055 411 2111 est,
461 2048 598 2102 sicut
639 2047 824 2104 beatus
853 2049 1046 2105 Paulus
1092 2050 1298 2121 inquit:
1335 2050 1468 2117 Quia
1499 2059 1545 2104 et
1571 2053 1683 2120 ipsa

103 2148 326 2191 «altera
356 2138 645 2192 liberabitur
684 2156 717 2192 a
748 2142 981 2196 servitute
1017 2143 1351 2213 corruptionis
1391 2143 1443 2196 in
1473 2142 1680 2198 liberta-

103 2238 189 2282 tem
232 2230 464 2297 filiorum
507 2231 685 2299 gloria:
728 2232 823 2287 Dei
869 2233 1041 2304 (Rom.
1070 2234 1123 2291 8.
1154 2234 1281 2305 21):
1309 2236 1388 2293 sic
1436 2244 1491 2291 et
1540 2249 1683 2290 nunc

101 2334 209 2373 cum
237 2318 406 2375 homo
430 2319 500 2375 ob
524 2321 910 2377 multitudinem
933 2333 1264 2394 peccatorum
1290 2325 1607 2397 puniendus,
1628 2334 1682 2380 et

101 2410 383 2465 universali
400 2413 678 2481 perditioni
694 2415 977 2471 tradendus
1003 2427 1161 2485 esset,
1177 2417 1606 2488 etiamjumenta,
1626 2429 1682 2475 et

102 2502 324 2570 reptilia,
345 2513 399 2558 ct
419 2505 643 2560 volatilia
668 2508 780 2561 εωΙί
798 2509 955 2563 simul
972 2520 1193 2579 pereunt
1210 2510 1426 2577 diluvio,
1446 2511 1584 2583 quod
1602 2522 1683 2567 to-

102 2602 199 2647 tutn
224 2594 420 2650 orbem
439 2597 742 2653 invasurum
773 2610 907 2655 erat.
934 2602 998 2655 Et
1020 2607 1155 2657 sicut
1179 2602 1233 2657 itt
1255 2602 1436 2671 domo,
1465 2601 1680 2676 quando

100 2685 139 2741 is
160 2687 246 2757 qui
276 2698 476 2757 praeest
505 2692 555 2744 in
605 2691 1017 2762 indignationem
1044 2697 1243 2749 domini
1268 2697 1474 2761 incidit,
1504 2697 1680 2753 solent

99 2780 448 2835 comministri
492 2796 679 2838 omnes
723 2785 772 2839 ei
800 2786 1124 2853 condolcre:
1156 2787 1225 2842 ita
1247 2796 1300 2843 et
1329 2787 1417 2843 hic
1442 2788 1593 2858 quasi
1625 2788 1676 2843 in

99 2870 246 2926 domo
292 2872 604 2927 hominibus
635 2876 999 2945 pereuntibus,
1046 2878 1223 2932 omnia
1268 2894 1386 2948 qua:
1417 2880 1467 2934 in
1496 2880 1674 2946 domo,

99 2974 144 3019 et
193 2980 320 3034 quae
373 2965 474 3021 sub
522 2966 665 3022 illius
713 2978 867 3024 erant
915 2968 1174 3037 dominio,
1227 2987 1447 3029 necesse
1497 2972 1677 3029 fuitin

97 3056 340 3111 eamdem
370 3071 579 3126 poenam
612 3059 863 3115 incidant.
893 3060 1183 3117 Et‘mecum
1215 3065 1461 3131 reputavi,
1485 3066 1673 3135 inquit,

97 3148 220 3212 quod
252 3150 464 3219 fecerim
505 3150 640 3205 illos.
698 3150 872 3207 Verbo
915 3152 1017 3207 hoc
1058 3163 1311 3222 quantum
1359 3168 1417 3210 se
1480 3166 1677 3212 nostra:

96 3239 382 3295 humilitati
426 3243 780 3311 attemperat?
820 3243 955 3298 Num
999 3245 1264 3309 volebam,
1311 3247 1497 3316 inquit,
1532 3256 1675 3301 tanta

96 3332 202 3387 illos
227 3346 395 3403 pmna
424 3333 617 3401 plecti?
657 3333 758 3402 Ipsi
787 3350 872 3389 me
894 3345 1232 3405 peccatorum
1270 3337 1596 3393 immanitate
1626 3339 1676 3392 in

94 3436 288 3480 tantam
343 3427 658 3481 invexerunt
704 3426 1140 3497 indignationem.
1190 3425 1452 3483 Cancrum
1480 3443 1547 3483 ne
1578 3445 1676 3498 pu-

94 3529 259 3572 temns
284 3518 652 3573 onmimodam
678 3520 1015 3575 abolitionem
1048 3519 1261 3575 humani
1304 3522 1512 3592 generis
1539 3522 1673 3589 ﬁeri,

92 3613 451 3682 radicitnsqne
478 3623 717 3668 naturam
745 3624 980 3670 nostram
1012 3615 1385 3671 eradicandam
1414 3634 1428 3671 :
1470 3616 1566 3673 sed
1592 3617 1675 3671 di-

90 3720 299 3759 scamus
348 3716 599 3773 quantum
646 3707 841 3760 malum
898 3708 966 3762 sit
1006 3718 1304 3779 peccatum,
1341 3719 1395 3765 et
1423 3721 1675 3780 quantum

91 3797 282 3852 bonum
307 3798 479 3851 virtus
510 3815 523 3850 :
553 3807 607 3853 et
631 3798 770 3868 quod
797 3799 983 3854 melior
1006 3801 1074 3855 sit
1100 3816 1235 3857 unus
1260 3800 1459 3857 faciens
1485 3802 1675 3857 volun-

90 3896 243 3942 tatem
296 3889 529 3954 Domini,
576 3905 732 3957 quam
774 3889 958 3946 decem
998 3892 1163 3948 millia
1208 3894 1674 3964 prazvaricatorum

91 3978 271 4047 (Ereti.
304 3980 398 4034 16.
420 3981 496 4048 '5),
527 3982 653 4035 dicit
688 3999 702 4035 :
734 3981 787 4039 8.
820 3981 935 4038 Noe
958 3994 1121 4039 autem
1149 3985 1334 4041 invenit
1353 3987 1567 4058 gratiam
1588 4004 1675 4041 co-

87 4087 187 4123 ram
220 4070 449 4125 Domino
479 4069 606 4129 Deo.
636 4072 870 4128 Tametsi
912 4076 1194 4131 multitudo
1236 4078 1441 4143 omnis,
1483 4076 1672 4149 inquit,

86 4164 131 4217 in
162 4174 376 4219 tantam
406 4166 663 4221 malitiam
693 4167 960 4236 inciderit,
1002 4169 1175 4239 justus
1205 4180 1382 4227 tamen
1415 4171 1500 4228 hic
1530 4174 1674 4227 scin-

86 4260 244 4315 tillam
274 4260 495 4315 virtutis
523 4264 787 4330 servavit,
824 4263 949 4318 dum
979 4262 1060 4319 his
1088 4265 1334 4319 omnibus
1362 4268 1506 4320 οηιηί
1536 4275 1672 4321 tem-

82 4367 204 4418 pore
257 4352 523 4422 loquitur,
572 4361 628 4408 et
652 4353 777 4408 dum
807 4354 1119 4409 adhortatur
1148 4364 1259 4409 uta
1286 4355 1485 4411 malitia
1528 4356 1676 4412 desi-

80 4452 241 4507 stant,
271 4445 440 4499 simul
468 4461 529 4501 se
553 4447 759 4502 interim
789 4447 1014 4503 liberant
1038 4448 1105 4503 ah
1134 4449 1342 4504 illorum
1374 4450 1460 4506 lue
1487 4466 1675 4507 serva-

78 4536 162 4589 vit.
189 4536 427 4607 Insuper
450 4537 590 4592 sicut
610 4538 686 4594 illi
709 4539 861 4593 malis
885 4539 1135 4609 operibus
1160 4541 1476 4597 clementem
1504 4543 1674 4598 Deum

77 4627 137 4680 ad
182 4628 619 4700 indignationem
665 4643 1079 4702 provocaverant
1123 4652 1137 4688 :
1187 4640 1265 4691 sic
1311 4635 1445 4706 ipse,
1480 4638 1674 4694 virtute

75 4720 315 4787 pollens,
358 4721 587 4776 Gratiam
630 4725 814 4778 invenit
840 4742 1008 4780 coram
1050 4726 1270 4781 Domino
1298 4726 1424 4786 Deo.
1455 4727 1576 4783 Non
1604 4741 1675 4784 est

72 4811 211 4865 enim
248 4829 592 4882 perseuerant
619 4826 851 4884 acceptor
875 4815 1008 4871 Deus
1029 4816 1168 4888 (Act.
1201 4818 1289 4873 I0.
1320 4818 1432 4889 54).
1477 4818 1672 4875 Verum

69 4911 118 4954 et
160 4903 209 4958 si
268 4903 331 4957 in
382 4913 526 4958 tanta
569 4906 907 4962 multitudine
936 4908 1169 4963 inveniat
1209 4908 1478 4966 hominem
1511 4928 1671 4968 unum

70 5008 185 5060 quae
230 4994 350 5049 sibi
389 4996 579 5065 placita
606 5006 729 5051 sunt
771 4997 1073 5066 facientem,
1124 5014 1229 5055 non
1278 5000 1673 5071 despicit:st

70 5099 160 5137 sua
190 5086 362 5140 illum
392 5086 643 5155 dignatur
670 5103 818 5155 cura,
858 5099 915 5145 et
953 5100 1100 5147 tanto
1128 5092 1381 5162 majorem
1414 5095 1556 5151 illius
1587 5112 1672 5151 ra-

70 5177 274 5232 tionem
330 5177 515 5245 hahet,
562 5190 781 5249 quanto,
828 5196 947 5237 cum
980 5192 1058 5238 tot
1094 5184 1332 5255 tantique
1357 5196 1463 5241 srnt
1487 5189 1575 5259 qui
1602 5189 1669 5243 ad

71 5284 271 5324 annum
327 5286 453 5325 eum
495 5271 730 5338 trahunt,
776 5274 889 5343 ipse
929 5277 1261 5334 constantius
1291 5280 1500 5335 virtutis
1531 5280 1666 5335 viam

68 5375 309 5419 sectatus
340 5376 447 5422 est.

118 5586 194 5650 (_a)
236 5592 386 5634 lianc
422 5587 683 5650 lectionem
720 5588 1071 5650 amplectimur.
1109 5591 1223 5642 licet
1262 5595 1309 5642 in
1346 5608 1442 5643 uno
1479 5606 1662 5647 tanturn

62 5647 228 5696 codice
252 5654 565 5710 compareat.
614 5648 670 5698 In
694 5647 810 5699 aliis
822 5653 1027 5701 deerant
1052 5655 1126 5701 lim
1152 5670 1311 5713 voces.
1337 5658 1507 5709 merito
1528 5674 1659 5719 srmo,

60 5722 356 5783 (εἰκότως),
380 5726 430 5769 et
454 5734 623 5770 manca
648 5721 896 5771 sententia
922 5719 1196 5773 videbatur.

911 313 915 317 .
1004 264 1069 319 IN
1107 262 1259 319 CAP.
1302 262 1364 316 v.
1407 260 1493 317 nr
1519 217 1621 315 vr.
1664 257 1909 315 cenes.
1952 262 2179 320 IIOMIL.
2224 266 2387 323 xxn.

3272 283 3373 337 191

1876 379 1929 435 6.
1967 378 2177 436 Horatia
2220 383 2519 450 exhortatio,
2572 386 2835 441 avaritiam
2864 389 2915 444 in
2961 393 3171 448 decursu
3213 398 3371 452 horta-

1796 470 1945 524 tionis
1974 474 2234 544 proﬂigat.
2263 504 2336 515 -—
2361 475 2416 529 Id
2444 477 2693 546 scientes,
2722 480 2786 534 ad
2812 479 2863 535 id
2891 498 3050 537 unum
3077 497 3379 554 spectemus

1793 561 1932 629 quod
1955 562 2052 631 ipsi
2081 564 2272 633 placet,
2295 575 2350 621 et
2372 567 2535 622 efﬁcit
2565 578 2620 623 ut
2642 569 2805 639 ipsius
2825 574 3045 642 gratiam
3069 577 3221 632 noh‘is
3243 593 3385 635 con-

1792 652 2030 708 ciliemus
2059 671 2072 707 :
2106 671 2277 726 neque
2298 657 2566 714 hominum
2597 662 2863 731 amicitiae,
2892 681 3062 736 neque
3094 681 3389 731 consuetu-

1792 740 1899 796 dini
1928 743 1997 797 ita
2034 745 2350 815 serviamus,
2384 757 2441 804 ut
2472 751 2679 807 virtutis
2704 754 2952 811 faciamus
2972 758 3257 827 jacturam,
3280 767 3382 823 sed

1797 832 1888 888 Dei
1942 834 2243 905 tolerantia,
2275 851 2432 910 prout
2472 842 2645 913 decet,
2678 856 2927 903 utamur:
2958 858 3011 905 et
3046 850 3171 907 dum
3201 853 3305 909 adh
3321 874 3387 913 uc

1793 933 2000 997 tempus
2039 928 2318 999 habemus,
2348 947 2561 990 omnem
2590 937 2919 1008 deponentes
2947 942 3231 1015 ignaviam,
3265 947 3381 1005 vlr-

1793 1026 1956 1074 tatem
2003 1036 2263 1091 amemus,
2313 1037 2695 1100 peccatumque
2739 1034 2863 1087 odio
2905 1035 3213 1095 habeamus.
3262 1040 3378 1099 Nisi

1791 1112 1933 1166 enim
1960 1122 2015 1169 et
2033 1114 2098 1170 ad
2127 1115 2280 1172 istam
2302 1133 2485 1176 amore
2507 1130 2561 1177 et
2579 1122 2844 1181 desiderio
2862 1128 3091 1199 quodam
3113 1132 3373 1195 immcnos

1790 1216 1890 1256 nos
1916 1205 2318 1277 contulerimus,
2366 1217 2422 1265 et
2447 1213 2729 1282 nequitiam
2758 1217 2911 1274 valde
2938 1219 3206 1276 oderimus
3239 1240 3253 1277 :
3282 1240 3372 1279 ne-

1790 1310 1894 1363 que
1921 1294 2078 1386 hujus
2107 1298 2356 1356 damnum
2384 1302 2637 1373 effugere,
2693 1324 2863 1379 neque
2912 1312 3053 1367 illam
3084 1317 3372 1386 antplerari
3432 1338 3437 1342 ‘

1794 1385 2101 1452 poterimus.
2131 1387 2281 1455 Quod
2310 1393 2449 1446 enim
2477 1396 2645 1450 virtus
2670 1412 2803 1467 opus
2835 1401 3029 1455 haheat
3049 1404 3112 1458 iis
3140 1385 3227 1476 qni
3254 1424 3370 1461 eam

1791 1477 2197 1545 concupiscunt,
2230 1490 2283 1535 et
2309 1482 2423 1553 ejus
2452 1486 2717 1543 desiderio
2760 1492 3129 1563 cxardescunt,
3177 1497 3244 1553 de
3274 1499 3374 1553 hoc

1792 1565 2105 1658 prophetam
2153 1571 2278 1626 audi
2343 1574 2606 1632 dicentem
2642 1578 2892 1635 :Judicia
2946 1584 3150 1641 Domini
3215 1605 3371 1658 vera,

1779 1655 2065 1725 justiﬁcata
2109 1661 2164 1714 in
2206 1663 2462 1734 idipsum,
2514 1668 2866 1727 desiderabilia
2910 1691 3061 1746 super
3102 1695 3282 1733 aurum
3329 1655 3374 1734 ct

1789 1747 2011 1821 lapidem
2049 1757 2321 1823 pretiosum
2347 1761 2557 1814 multum
2596 1762 2768 1831 (Psal.
2803 1767 2889 1822 18.
2924 1768 3009 1839 10)
3043 1786 3056 1823 :
3098 1786 3202 1825 non
3233 1776 3371 1844 quod

1789 1858 1893 1898 non
1923 1846 2092 1915 magis
2119 1847 2513 1918 desiderabilia,
2546 1856 2639 1910 sed
2670 1858 2791 1927 quia
2834 1862 2972 1931 apud
3014 1879 3111 1917 nos
3155 1882 3257 1920 non
3288 1869 3371 1922 in-

1787 1939 2070 1995 veniuntur
2096 1942 2218 2008 alia,
2265 1961 2386 2014 quae
2441 1945 2521 2001 his
2578 1951 2813 2006 materiis
2860 1954 2965 2007 sint
3013 1957 3370 2025 pretiosiora:

1791 2039 2068 2099 propterea
2117 2033 2292 2089 subdit
2326 2053 2340 2090 :
2372 2035 2439 2091 Et
2466 2038 2693 2094 dulciora
2718 2058 2870 2114 super
2894 2048 2991 2101 mel
3019 2058 3063 2102 et
3092 2054 3277 2121 favum.
3310 2054 3374 2106 Iit

1790 2121 1873 2177 hic
1898 2139 2109 2195 quoque
2139 2127 2260 2197 quia
2302 2145 2405 2184 non
2461 2133 2661 2189 invenit
2686 2136 2828 2206 quod
2858 2150 3044 2197 natura
3075 2146 3230 2201 melle
3253 2146 3371 2201 dul-

1788 2212 1900 2266 cius
1925 2224 2104 2281 esset,
2136 2216 2232 2270 hac
2262 2219 2607 2279 similitudine
2638 2241 2763 2282 usus
2814 2236 2915 2285 cst.
2969 2230 3132 2301 Igitur
3174 2236 3309 2290 sicut
3342 2240 3381 2290 ii»

1786 2303 1872 2371 qni
1899 2305 1950 2358 in
1989 2305 2178 2375 opibus
2206 2309 2518 2379 colligendis
2545 2311 2815 2373 insaniunt
2856 2319 3123 2378 desiderio
3150 2334 3202 2380 ct
3244 2341 3374 2380 con-

1788 2394 2110 2462 cupiscentia
2140 2388 2388 2467 quadam,
2420 2401 2472 2456 in
2507 2402 2607 2458 hoc
2636 2405 2949 2465 incumbunt
2977 2427 3167 2483 magno
3202 2418 3376 2472 studio

1789 2497 1844 2538 et
1869 2495 2082 2553 conatu,
2111 2498 2163 2543 et
2194 2507 2479 2562 numquam
2505 2496 2788 2564 explentur
2831 2518 2843 2553 :
2873 2504 3091 2560 avaritia
3118 2508 3257 2561 enim
3291 2509 3371 2563 in-

1789 2576 2045 2633 satiabilis
2089 2587 2171 2633 est
2220 2580 2573 2640 ehrietas:et
2619 2588 2757 2643 sicut
2805 2590 2958 2658 ebrii,
3007 2606 3203 2664 quanto
3255 2600 3374 2669 plus

1788 2667 1912 2720 vino
1936 2681 1997 2722 se
2044 2666 2386 2741 ingurgitant,
2419 2683 2566 2730 tanto
2593 2679 2757 2749 magis
2783 2681 2849 2735 ad
2875 2682 3016 2740 sitim
3046 2666 3375 2745 inti-annum-

1787 2760 2022 2815 tur:sic
2074 2770 2129 2816 et
2182 2763 2266 2818 isti
2310 2782 2520 2837 quoque
2570 2770 2828 2827 insaniam
2882 2775 3020 2832 hanc
3065 2779 3370 2837 indomitam

1786 2866 2073 2922 numquam
2098 2854 2287 2910 sistere
2312 2868 2552 2926 possunt,
2576 2863 2669 2917 sed
2695 2876 2894 2933 quanto
2919 2869 3084 2939 magis
3108 2887 3230 2927 snas
3246 2890 3372 2943 cpt-s

1784 2944 1966 3012 augeri
1995 2944 2191 3013 vident,
2218 2955 2366 3002 tanto
2391 2962 2442 3003 ct
2469 2954 2895 3022 concupiscentia
2924 2962 3089 3030 magis
3116 2961 3368 3034 ﬂagrant:

1784 3050 1957 3106 neque
1983 3047 2136 3093 antea
2166 3053 2195 3092 a
2223 3041 2457 3109 pessimo
2485 3048 2720 3114 appetitu
2765 3050 2864 3105 hoc
2893 3050 3174 3121 absistunt,
3207 3057 3373 3113 donec

1788 3129 1838 3180 in
1884 3127 2054 3195 ipsum
2096 3130 2313 3185 malitiae
2359 3132 2676 3201 profundunt
2709 3137 3102 3198 descenderint.
3130 3145 3294 3217 Igitur
3326 3151 3370 3203 si

1784 3218 1858 3272 illi
1891 3220 2243 3288 perniciosam
2274 3222 2411 3279 hanc
2453 3228 2934 3296 concupiscentiam
2963 3236 3219 3293 malorum
3258 3256 3373 3294 om-

1786 3310 1929 3363 nium
1979 3326 2194 3367 causam
2224 3328 2345 3369 cum
2392 3326 2534 3371 tanta
2575 3322 2918 3378 contentione
2946 3336 3133 3381 curant
3164 3345 3177 3382 :
3209 3332 3372 3386 multo

1779 3398 1973 3467 justius
1987 3410 2069 3456 est
2088 3417 2185 3457 nos
2193 3403 2390 3474 judicia
2415 3406 2642 3475 Domini,
2661 3426 2778 3481 qua:
2795 3427 2954 3483 super
2966 3431 3149 3471 aurum
3167 3429 3289 3475 sunt
3314 3433 3367 3476 et

1783 3492 2012 3563 lapidem
2042 3496 2331 3565 pretiosum
2374 3500 2624 3568 multum,
2655 3516 2871 3572 semper
2895 3507 2945 3560 in
2989 3522 3166 3565 mente
3193 3522 3371 3566 nostra

1784 3598 2019 3650 versare,
2053 3588 2289 3658 nihilque
2329 3592 2611 3660 pretiosius
2644 3594 2836 3651 virtute
2885 3598 2994 3669 ipsa
3026 3603 3331 3660 existimare
3355 3650 3381 3671 ,,

1785 3675 1880 3730 sed
1928 3680 2240 3735 exscindere
2267 3697 2330 3736 ex
2359 3684 2538 3737 aninto
2578 3696 2761 3741 nostro
2801 3689 3109 3750 aliectioncs
3137 3694 3252 3753 illas
3281 3713 3372 3767 pc-

1782 3769 1993 3825 stil‘eras
2019 3787 2227 3838 omnes,
2256 3784 2308 3827 et
2337 3776 2475 3830 seire
2504 3780 2846 3847 temporalem
2876 3781 3017 3839 illam
3049 3787 3367 3856 voluptatem

1783 3870 2095 3931 perpetuum
2128 3880 2314 3934 parcre
2356 3869 2533 3925 solere
2578 3871 2839 3938 dolorem,
2888 3884 2940 3930 et
2989 3877 3092 3933 line
3139 3884 3367 3941 carentia

1784 3965 2064 4029 tormenta,
2087 3961 2484 4032 cavendumque
2504 3979 2623 4019 esse
2645 3980 2709 4020 ne
2736 3967 3061 4037 decipiamus
3088 3988 3183 4026 nos
3203 3974 3333 4045 ipso-
3348 4017 3367 4044 ,

1782 4063 1955 4121 neque
1982 4060 2225 4121 putemus
2252 4053 2339 4109 hic
2369 4054 2525 4109 linem
2560 4055 2831 4114 habituras
2860 4075 2980 4116 esse
3022 4079 3107 4117 res
3138 4077 3365 4120 nostras.

1782 4139 1839 4194 Id
1866 4156 1996 4197 vero
2019 4143 2261 4199 sentiunt
2286 4145 2545 4216 plerique,
2574 4147 2697 4202 licet
2716 4150 2890 4205 verbis
2918 4167 3021 4207 non
3050 4153 3330 4225 loquantur
3356 4177 3366 4211 :

1783 4248 1904 4287 nam
1952 4234 2174 4291 credere
2203 4252 2261 4291 se
2306 4236 2492 4292 dicunt
2538 4242 3005 4309 resurrectionem,
3045 4253 3098 4300 et
3142 4244 3367 4301 futuram

1781 4325 2182 4383 retributionem
2217 4345 2232 4383 :
2260 4329 2352 4384 sed
2374 4345 2472 4400 ego
2496 4345 2602 4386 non
2630 4333 2845 4388 attendo
2865 4335 3046 4401 verba,
3070 4338 3163 4393 sed
3192 4343 3364 4410 quoti-

1781 4421 1938 4476 diana
1982 4430 2149 4492 gesta.
2197 4421 2329 4477 Nam
2359 4424 2402 4478 si
2433 4426 2877 4483 resurrectionem
2906 4439 3181 4499 exspectas
3210 4441 3264 4487 et
3287 4449 3369 4487 τρε

1784 4513 2149 4581 tributionem,
2176 4529 2340 4584 quare
2386 4514 2453 4568 ita
2483 4517 2762 4584 pratscntis
2792 4519 2912 4573 vitae
2940 4521 3121 4590 gloria:
3159 4523 3368 4578 deditus

1781 4620 1841 4660 es
1865 4605 1889 4659 ?
1915 4605 2110 4672 Quare,
2161 4605 2248 4660 dic
2284 4605 2434 4671 mihi,
2467 4608 2701 4677 quotidie
2744 4611 2949 4666 crucias
3001 4622 3071 4679 te,
3118 4615 3367 4683 pecunias

1786 4697 1965 4766 plures
1994 4712 2150 4767 quam
2183 4712 2341 4751 arena
2371 4697 2439 4751 sit
2462 4698 2738 4770 colligens,
2765 4711 2818 4755 et
2843 4716 3019 4771 agros,
3061 4712 3114 4759 et
3137 4704 3326 4762 domos
3347 4748 3375 4777 .,

1780 4794 1835 4840 et
1876 4786 2091 4842 balneas
2119 4801 2325 4854 emcns,
2372 4796 2532 4857 atque
2578 4790 2691 4846 lucc
2731 4807 2874 4861 saepe
2916 4809 3010 4864 per
3052 4796 3287 4865 rapinam
3314 4809 3365 4854 et

1780 4878 2053 4933 avaritiam
2098 4880 2445 4948 corradendo,
2472 4891 2527 4938 et
2557 4882 2682 4937 illud
2725 4884 2995 4955 prOphetae
3024 4887 3221 4943 dictum
3266 4891 3363 4945 ita-

1780 4972 2015 5041 plendo:
2058 4971 2142 5027 Va:
2182 4975 2269 5045 qui
2317 4976 2629 5046 conjunguut
2679 4978 2880 5032 domum
2925 4982 2995 5033 ad
3045 4983 3268 5049 domum,
3318 4994 3362 5036 et

1780 5080 1958 5134 agrum
1985 5080 2109 5136 agro
2136 5067 2395 5134 capulant,
2441 5078 2494 5120 ut
2524 5068 2683 5122 vicino
2728 5070 2962 5139 auferant
2984 5072 3178 5145 aliquid
3208 5073 3357 5143 (Isai.

1779 5158 1832 5212 5.
1866 5157 1961 5229 8)?
1991 5160 2179 5212 Annon
2204 5158 2319 5214 hmc
2342 5160 2576 5229 quotidie
2597 5161 2776 5216 videre
2793 5174 2869 5218 εει
2898 5164 2921 5217 ?
2952 5164 3016 5219 Et
3041 5166 3127 5221 ille
3148 5167 3359 5238 quidem

1777 5247 1947 5304 dicit:
1980 5248 2136 5318 hujus
2182 5250 2373 5305 domus
2420 5250 2794 5306 obscuritatem
2846 5262 2901 5308 et
2944 5256 3180 5312 umbram
3228 5275 3358 5317 mete

1781 5340 1916 5409 parit
1941 5357 1956 5407 ;
1984 5348 2040 5395 et
2065 5340 2298 5395 inﬁnitos
2320 5351 2604 5410 praetextas
2625 5346 2907 5415 excogitat,
2933 5357 2988 5402 ut
3012 5365 3128 5403 eam
3157 5353 3325 5423 rapiat

1776 5431 1912 5487 alius
1944 5438 2120 5486 autem
2165 5442 2375 5501 raptum
2421 5434 2637 5503 pauperi
2685 5451 2891 5505 agrum,
2935 5454 3033 5494 suo
3061 5442 3351 5513 conjungit.

1776 5523 1887 5579 Hoc
1930 5531 2105 5577 autem
2150 5523 2320 5579 multo
2367 5524 2559 5595 majus,
2588 5536 2639 5581 et
2669 5530 2836 5599 magis
2884 5531 3220 5600 admirabile,
3260 5539 3365 5589 mi»

1775 5631 1979 5687 nusque
2005 5616 2158 5672 venia
2185 5616 2424 5686 dignum,
2454 5618 2593 5688 quod
2624 5635 2758 5675 IIIIIIS
2788 5640 2887 5675 ιηιυ
2914 5625 3208 5697 eodemque
3237 5627 3355 5682 loeti

1776 5711 2017 5768 habitans
2043 5720 2094 5768 ct
2134 5711 2347 5782 sedens,
2380 5727 2521 5785 swpc
2567 5714 2673 5771 alio
2700 5728 2943 5789 transtro,
2976 5736 3147 5791 neque
3172 5724 3217 5780 si
3251 5720 3357 5779 vel?
