  <div class='ocr_page' id='page_1' title='image "/cluster/home/n/w/nwhite01/storage/ocr_20150623/53-54/hvd.32044012465829/196.png"; bbox 0 0 3804 6252; ppageno 0'>
   <div class='ocr_carea' id='block_1_1' title="bbox 64 212 149 268">
    <p class='ocr_par' dir='ltr' id='par_1_1' title="bbox 64 212 149 268">
     <span class='ocr_line' id='line_1_1' title="bbox 64 212 149 268; baseline -0.035 0"><span class='ocrx_word' id='word_1_1' title='bbox 64 212 149 268; x_wconf 78' lang='grc'>195</span> 
     </span>
    </p>
   </div>
   <div class='ocr_carea' id='block_1_2' title="bbox 54 322 1708 396">
    <p class='ocr_par' dir='ltr' id='par_1_2' title="bbox 54 322 1708 396">
     <span class='ocr_line' id='line_1_2' title="bbox 54 322 1708 396; baseline -0.002 -17"><span class='ocrx_word' id='word_1_2' title='bbox 54 345 217 396; x_wconf 77' lang='grc' dir='ltr'>μενος,</span> <span class='ocrx_word' id='word_1_3' title='bbox 250 327 289 393; x_wconf 71' lang='grc' dir='ltr'>ἦ</span> <span class='ocrx_word' id='word_1_4' title='bbox 318 325 388 377; x_wconf 84' lang='grc' dir='ltr'>δι’</span> <span class='ocrx_word' id='word_1_5' title='bbox 411 324 607 395; x_wconf 80' lang='grc' dir='ltr'>ἑτέραν</span> <span class='ocrx_word' id='word_1_6' title='bbox 636 324 760 376; x_wconf 82' lang='grc' dir='ltr'>τινα</span> <span class='ocrx_word' id='word_1_7' title='bbox 794 322 1134 394; x_wconf 76' lang='grc' dir='ltr'>πραγμάτων</span> <span class='ocrx_word' id='word_1_8' title='bbox 1161 324 1477 392; x_wconf 89' lang='grc' dir='ltr'>περίστασιν</span> <span class='ocrx_word' id='word_1_9' title='bbox 1498 362 1514 386; x_wconf 93' lang='grc'>,</span> <span class='ocrx_word' id='word_1_10' title='bbox 1552 324 1583 392; x_wconf 73' lang='grc' dir='ltr'>ἢ</span> <span class='ocrx_word' id='word_1_11' title='bbox 1615 324 1708 376; x_wconf 67' lang='grc' dir='ltr'>καῖ⁵</span> 
     </span>
    </p>
   </div>
   <div class='ocr_carea' id='block_1_3' title="bbox 52 411 1708 484">
    <p class='ocr_par' dir='ltr' id='par_1_3' title="bbox 52 411 1708 484">
     <span class='ocr_line' id='line_1_3' title="bbox 52 411 1708 484; baseline -0.004 -16"><span class='ocrx_word' id='word_1_12' title='bbox 52 418 143 469; x_wconf 71' lang='grc' dir='ltr'>ὑπὸ</span> <span class='ocrx_word' id='word_1_13' title='bbox 166 416 265 484; x_wconf 83' lang='grc' dir='ltr'>τῆς</span> <span class='ocrx_word' id='word_1_14' title='bbox 284 413 384 466; x_wconf 79' lang='grc' dir='ltr'>τοῦ</span> <span class='ocrx_word' id='word_1_15' title='bbox 412 412 666 483; x_wconf 85' lang='grc' dir='ltr'>σώματος</span> <span class='ocrx_word' id='word_1_16' title='bbox 681 412 990 482; x_wconf 76' lang='grc' dir='ltr'>ἀρρωστίας</span> <span class='ocrx_word' id='word_1_17' title='bbox 1022 413 1415 481; x_wconf 80' lang='grc' dir='ltr'>πεπεδημένος,</span> <span class='ocrx_word' id='word_1_18' title='bbox 1433 411 1708 479; x_wconf 84' lang='grc' dir='ltr'>πανταχοῦ</span> 
     </span>
    </p>
   </div>
   <div class='ocr_carea' id='block_1_4' title="bbox 50 497 1709 567">
    <p class='ocr_par' dir='ltr' id='par_1_4' title="bbox 50 497 1709 567">
     <span class='ocr_line' id='line_1_4' title="bbox 50 497 1709 567; baseline -0.003 -13"><span class='ocrx_word' id='word_1_19' title='bbox 50 505 132 555; x_wconf 81' lang='grc' dir='ltr'>καὶ</span> <span class='ocrx_word' id='word_1_20' title='bbox 164 504 219 553; x_wconf 83' lang='grc' dir='ltr'>ἐν</span> <span class='ocrx_word' id='word_1_21' title='bbox 246 503 475 563; x_wconf 86' lang='grc' dir='ltr'>πάσαις,</span> <span class='ocrx_word' id='word_1_22' title='bbox 499 500 578 562; x_wconf 83' lang='grc' dir='ltr'>ὡς</span> <span class='ocrx_word' id='word_1_23' title='bbox 605 501 801 561; x_wconf 88' lang='grc' dir='ltr'>εἰπεῖν,</span> <span class='ocrx_word' id='word_1_24' title='bbox 833 500 951 561; x_wconf 86' lang='grc' dir='ltr'>ταῖς</span> <span class='ocrx_word' id='word_1_25' title='bbox 982 497 1170 549; x_wconf 86' lang='grc' dir='ltr'>πόλεσι</span> <span class='ocrx_word' id='word_1_26' title='bbox 1196 497 1443 566; x_wconf 88' lang='grc' dir='ltr'>βούλεται</span> <span class='ocrx_word' id='word_1_27' title='bbox 1467 498 1709 567; x_wconf 84' lang='grc' dir='ltr'>ὑπομνή-</span> 
     </span>
    </p>
   </div>
   <div class='ocr_carea' id='block_1_5' title="bbox 55 584 1707 658">
    <p class='ocr_par' dir='ltr' id='par_1_5' title="bbox 55 584 1707 658">
     <span class='ocr_line' id='line_1_5' title="bbox 55 584 1707 658; baseline -0.002 -16"><span class='ocrx_word' id='word_1_28' title='bbox 55 606 181 658; x_wconf 80' lang='grc' dir='ltr'>ματα</span> <span class='ocrx_word' id='word_1_29' title='bbox 217 588 320 657; x_wconf 75' lang='grc' dir='ltr'>τῆς</span> <span class='ocrx_word' id='word_1_30' title='bbox 374 587 584 649; x_wconf 82' lang='grc' dir='ltr'>οἰκείας</span> <span class='ocrx_word' id='word_1_31' title='bbox 635 584 947 651; x_wconf 72' lang='grc' dir='ltr'>πλεονεξίας</span> <span class='ocrx_word' id='word_1_32' title='bbox 1005 584 1321 653; x_wconf 84' lang='grc' dir='ltr'>κεκτῆσθαι,</span> <span class='ocrx_word' id='word_1_33' title='bbox 1368 586 1462 637; x_wconf 77' lang='grc' dir='ltr'>καὶ</span> <span class='ocrx_word' id='word_1_34' title='bbox 1508 585 1707 653; x_wconf 80' lang='grc' dir='ltr'>στήλας</span> 
     </span>
    </p>
   </div>
   <div class='ocr_carea' id='block_1_6' title="bbox 52 672 1706 744">
    <p class='ocr_par' dir='ltr' id='par_1_6' title="bbox 52 672 1706 744">
     <span class='ocr_line' id='line_1_6' title="bbox 52 672 1706 744; baseline -0.001 -17"><span class='ocrx_word' id='word_1_35' title='bbox 52 676 336 737; x_wconf 75' lang='grc' dir='ltr'>ἀθανάτους</span> <span class='ocrx_word' id='word_1_36' title='bbox 363 675 465 744; x_wconf 81' lang='grc' dir='ltr'>τῆς</span> <span class='ocrx_word' id='word_1_37' title='bbox 486 674 697 736; x_wconf 83' lang='grc' dir='ltr'>οἰκείας</span> <span class='ocrx_word' id='word_1_38' title='bbox 726 674 926 736; x_wconf 89' lang='grc' dir='ltr'>κακίας</span> <span class='ocrx_word' id='word_1_39' title='bbox 953 673 1102 742; x_wconf 72' lang='grc' dir='ltr'>παρὰ</span> <span class='ocrx_word' id='word_1_40' title='bbox 1130 674 1293 725; x_wconf 84' lang='grc' dir='ltr'>πᾶσιν</span> <span class='ocrx_word' id='word_1_41' title='bbox 1313 672 1477 741; x_wconf 81' lang='grc' dir='ltr'>ἐχειν,</span> <span class='ocrx_word' id='word_1_42' title='bbox 1507 674 1600 725; x_wconf 74' lang='grc' dir='ltr'>καὶ</span> <span class='ocrx_word' id='word_1_43' title='bbox 1640 675 1706 725; x_wconf 85' lang='grc' dir='ltr'>τά</span> 
     </span>
    </p>
   </div>
   <div class='ocr_carea' id='block_1_7' title="bbox 55 755 1700 831">
    <p class='ocr_par' dir='ltr' id='par_1_7' title="bbox 55 755 1700 831">
     <span class='ocr_line' id='line_1_7' title="bbox 55 755 1700 831; baseline 0.001 -20"><span class='ocrx_word' id='word_1_44' title='bbox 55 763 137 829; x_wconf 73' lang='grc' dir='ltr'>μὲν</span> <span class='ocrx_word' id='word_1_45' title='bbox 160 762 566 831; x_wconf 81' lang='grc' dir='ltr'>ἁμαρτήματα,</span> <span class='ocrx_word' id='word_1_46' title='bbox 599 761 657 825; x_wconf 80' lang='grc' dir='ltr'>ἐξ</span> <span class='ocrx_word' id='word_1_47' title='bbox 678 755 753 813; x_wconf 78' lang='grc' dir='ltr'>ὧν</span> <span class='ocrx_word' id='word_1_48' title='bbox 778 762 992 813; x_wconf 74' lang='grc' dir='ltr'>ἅπαντα</span> <span class='ocrx_word' id='word_1_49' title='bbox 1021 759 1193 812; x_wconf 89' lang='grc' dir='ltr'>ταῦτα</span> <span class='ocrx_word' id='word_1_50' title='bbox 1224 761 1503 830; x_wconf 81' lang='grc' dir='ltr'>συνελέγη,</span> <span class='ocrx_word' id='word_1_51' title='bbox 1535 764 1599 830; x_wconf 81' lang='grc' dir='ltr'>τῇ</span> <span class='ocrx_word' id='word_1_52' title='bbox 1630 763 1700 812; x_wconf 85' lang='grc' dir='ltr'>οἰ-</span> 
     </span>
    </p>
   </div>
   <div class='ocr_carea' id='block_1_8' title="bbox 53 845 1704 917">
    <p class='ocr_par' dir='ltr' id='par_1_8' title="bbox 53 845 1704 917">
     <span class='ocr_line' id='line_1_8' title="bbox 53 845 1704 917; baseline 0.001 -20"><span class='ocrx_word' id='word_1_53' title='bbox 53 848 156 915; x_wconf 62' lang='grc' dir='ltr'>κεία</span> <span class='ocrx_word' id='word_1_54' title='bbox 184 846 469 916; x_wconf 78' lang='grc' dir='ltr'><strong>ἐπιτίθησι</strong></span> <span class='ocrx_word' id='word_1_55' title='bbox 499 846 731 917; x_wconf 74' lang='grc' dir='ltr'>κεφαλῇ,</span> <span class='ocrx_word' id='word_1_56' title='bbox 760 846 852 898; x_wconf 75' lang='grc' dir='ltr'>καὶ</span> <span class='ocrx_word' id='word_1_57' title='bbox 882 845 1099 916; x_wconf 83' lang='grc' dir='ltr'>φορτίον</span> <span class='ocrx_word' id='word_1_58' title='bbox 1123 846 1257 915; x_wconf 74' lang='grc' dir='ltr'>βαρὺ</span> <span class='ocrx_word' id='word_1_59' title='bbox 1281 846 1374 898; x_wconf 75' lang='grc' dir='ltr'>καὶ</span> <span class='ocrx_word' id='word_1_60' title='bbox 1404 846 1704 898; x_wconf 87' lang='grc' dir='ltr'>δυσϐάστα-</span> 
     </span>
    </p>
   </div>
   <div class='ocr_carea' id='block_1_9' title="bbox 51 932 1703 1002">
    <p class='ocr_par' dir='ltr' id='par_1_9' title="bbox 51 932 1703 1002">
     <span class='ocr_line' id='line_1_9' title="bbox 51 932 1703 1002; baseline 0 -17"><span class='ocrx_word' id='word_1_61' title='bbox 51 950 155 985; x_wconf 73' lang='grc' dir='ltr'>κτον</span> <span class='ocrx_word' id='word_1_62' title='bbox 186 933 592 1002; x_wconf 75' lang='grc' dir='ltr'>ἐπιφερόμενος</span> <span class='ocrx_word' id='word_1_63' title='bbox 641 934 743 985; x_wconf 85' lang='grc' dir='ltr'>οὑκ</span> <span class='ocrx_word' id='word_1_64' title='bbox 784 932 1131 986; x_wconf 83' lang='grc' dir='ltr'>αἰσθάνεται·</span> <span class='ocrx_word' id='word_1_65' title='bbox 1169 933 1266 1001; x_wconf 82' lang='grc' dir='ltr'>τὴν</span> <span class='ocrx_word' id='word_1_66' title='bbox 1312 932 1369 983; x_wconf 86' lang='grc' dir='ltr'>δὲ</span> <span class='ocrx_word' id='word_1_67' title='bbox 1398 933 1462 985; x_wconf 82' lang='grc' dir='ltr'>ἐκ</span> <span class='ocrx_word' id='word_1_68' title='bbox 1500 932 1703 985; x_wconf 89' lang='grc' dir='ltr'>τούτων</span> 
     </span>
    </p>
   </div>
   <div class='ocr_carea' id='block_1_10' title="bbox 49 1018 1702 1089">
    <p class='ocr_par' dir='ltr' id='par_1_10' title="bbox 49 1018 1702 1089">
     <span class='ocr_line' id='line_1_10' title="bbox 49 1018 1702 1089; baseline -0.001 -20"><span class='ocrx_word' id='word_1_69' title='bbox 49 1019 333 1071; x_wconf 80' lang='grc' dir='ltr'>ἀπόλαυσιν</span> <span class='ocrx_word' id='word_1_70' title='bbox 372 1018 582 1088; x_wconf 77' lang='grc' dir='ltr'>ἑτέροις</span> <span class='ocrx_word' id='word_1_71' title='bbox 629 1020 963 1088; x_wconf 87' lang='grc' dir='ltr'>παραχωρεῖ,</span> <span class='ocrx_word' id='word_1_72' title='bbox 1007 1020 1067 1071; x_wconf 89' lang='grc' dir='ltr'>οὑ</span> <span class='ocrx_word' id='word_1_73' title='bbox 1096 1019 1236 1087; x_wconf 82' lang='grc' dir='ltr'>μετά</span> <span class='ocrx_word' id='word_1_74' title='bbox 1279 1020 1379 1088; x_wconf 82' lang='grc' dir='ltr'>τὴν</span> <span class='ocrx_word' id='word_1_75' title='bbox 1412 1020 1508 1089; x_wconf 81' lang='grc' dir='ltr'>τῆς</span> <span class='ocrx_word' id='word_1_76' title='bbox 1560 1019 1702 1088; x_wconf 74' lang='grc' dir='ltr'>ζωῆς</span> 
     </span>
    </p>
   </div>
   <div class='ocr_carea' id='block_1_11' title="bbox 51 1104 1697 1175">
    <p class='ocr_par' dir='ltr' id='par_1_11' title="bbox 51 1104 1697 1175">
     <span class='ocr_line' id='line_1_11' title="bbox 51 1104 1697 1175; baseline 0.004 -22"><span class='ocrx_word' id='word_1_77' title='bbox 51 1105 370 1171; x_wconf 79' lang='grc' dir='ltr'>μετάστασιν</span> <span class='ocrx_word' id='word_1_78' title='bbox 406 1105 589 1175; x_wconf 83' lang='grc' dir='ltr'>μόνον,</span> <span class='ocrx_word' id='word_1_79' title='bbox 622 1104 759 1157; x_wconf 85' lang='grc' dir='ltr'>ἀλλά</span> <span class='ocrx_word' id='word_1_80' title='bbox 803 1106 893 1157; x_wconf 79' lang='grc' dir='ltr'>καὶ</span> <span class='ocrx_word' id='word_1_81' title='bbox 924 1104 1026 1175; x_wconf 86' lang='grc' dir='ltr'>πρὸ</span> <span class='ocrx_word' id='word_1_82' title='bbox 1056 1108 1153 1173; x_wconf 85' lang='grc' dir='ltr'>τῆς</span> <span class='ocrx_word' id='word_1_83' title='bbox 1199 1105 1447 1158; x_wconf 85' lang='grc' dir='ltr'>ἐντεῦθεν</span> <span class='ocrx_word' id='word_1_84' title='bbox 1497 1106 1697 1171; x_wconf 79' lang='grc' dir='ltr'>ἐξόδου.</span> 
     </span>
    </p>
   </div>
   <div class='ocr_carea' id='block_1_12' title="bbox 48 1191 1701 1263">
    <p class='ocr_par' dir='ltr' id='par_1_12' title="bbox 48 1191 1701 1263">
     <span class='ocr_line' id='line_1_12' title="bbox 48 1191 1701 1263; baseline 0.004 -22"><span class='ocrx_word' id='word_1_85' title='bbox 48 1192 148 1242; x_wconf 70' lang='grc' dir='ltr'>Κᾶν</span> <span class='ocrx_word' id='word_1_86' title='bbox 168 1191 277 1263; x_wconf 77' lang='grc' dir='ltr'>γὰρ</span> <span class='ocrx_word' id='word_1_87' title='bbox 303 1192 386 1263; x_wconf 81' lang='grc' dir='ltr'>μὴ</span> <span class='ocrx_word' id='word_1_88' title='bbox 409 1192 561 1245; x_wconf 80' lang='grc' dir='ltr'>ἄκων</span> <span class='ocrx_word' id='word_1_89' title='bbox 582 1194 761 1247; x_wconf 90' lang='grc' dir='ltr'>αὑτῶν</span> <span class='ocrx_word' id='word_1_90' title='bbox 786 1209 851 1260; x_wconf 90' lang='grc' dir='ltr'>γυ</span> <span class='ocrx_word' id='word_1_91' title='bbox 860 1192 1065 1262; x_wconf 77' lang='grc' dir='ltr'>μνωθῇ,</span> <span class='ocrx_word' id='word_1_92' title='bbox 1090 1192 1194 1244; x_wconf 75' lang='grc' dir='ltr'>ὑπὸ</span> <span class='ocrx_word' id='word_1_93' title='bbox 1214 1191 1320 1244; x_wconf 89' lang='grc' dir='ltr'>τῶν</span> <span class='ocrx_word' id='word_1_94' title='bbox 1341 1193 1701 1263; x_wconf 77' lang='grc' dir='ltr'>ᾠκειωμένων</span> 
     </span>
    </p>
   </div>
   <div class='ocr_carea' id='block_1_13' title="bbox 48 1278 1697 1349">
    <p class='ocr_par' dir='ltr' id='par_1_13' title="bbox 48 1278 1697 1349">
     <span class='ocr_line' id='line_1_13' title="bbox 48 1278 1697 1349; baseline 0.003 -22"><span class='ocrx_word' id='word_1_95' title='bbox 48 1278 342 1345; x_wconf 70' lang='grc' dir='ltr'>διασπᾶται,</span> <span class='ocrx_word' id='word_1_96' title='bbox 361 1280 437 1341; x_wconf 84' lang='grc' dir='ltr'>ῶς</span> <span class='ocrx_word' id='word_1_97' title='bbox 454 1282 650 1344; x_wconf 85' lang='grc' dir='ltr'>εἰπεῖν,</span> <span class='ocrx_word' id='word_1_98' title='bbox 671 1281 766 1333; x_wconf 75' lang='grc' dir='ltr'>καὶ</span> <span class='ocrx_word' id='word_1_99' title='bbox 789 1279 1245 1349; x_wconf 84' lang='grc' dir='ltr'>διασπαράττεται</span> <span class='ocrx_word' id='word_1_100' title='bbox 1270 1280 1486 1333; x_wconf 75' lang='grc' dir='ltr'>ἅπαντα</span> <span class='ocrx_word' id='word_1_101' title='bbox 1505 1280 1697 1343; x_wconf 83' lang='grc' dir='ltr'>ταῦτα,</span> 
     </span>
    </p>
   </div>
   <div class='ocr_carea' id='block_1_14' title="bbox 48 1366 1700 1436">
    <p class='ocr_par' dir='ltr' id='par_1_14' title="bbox 48 1366 1700 1436">
     <span class='ocr_line' id='line_1_14' title="bbox 48 1366 1700 1436; baseline 0.002 -20"><span class='ocrx_word' id='word_1_102' title='bbox 48 1368 124 1417; x_wconf 77' lang='grc' dir='ltr'>καὶ</span> <span class='ocrx_word' id='word_1_103' title='bbox 148 1366 265 1419; x_wconf 71' lang='grc' dir='ltr'>οὐδὲ</span> <span class='ocrx_word' id='word_1_104' title='bbox 291 1367 396 1419; x_wconf 87' lang='grc' dir='ltr'>τοῦ</span> <span class='ocrx_word' id='word_1_105' title='bbox 427 1368 719 1420; x_wconf 78' lang='grc' dir='ltr'>πολλοστοῦ</span> <span class='ocrx_word' id='word_1_106' title='bbox 751 1368 929 1421; x_wconf 88' lang='grc' dir='ltr'>αὑτῶν</span> <span class='ocrx_word' id='word_1_107' title='bbox 968 1367 1167 1436; x_wconf 81' lang='grc' dir='ltr'>μέρους</span> <span class='ocrx_word' id='word_1_108' title='bbox 1208 1370 1265 1421; x_wconf 89' lang='grc' dir='ltr'>ἐν</span> <span class='ocrx_word' id='word_1_109' title='bbox 1294 1366 1588 1421; x_wconf 81' lang='grc' dir='ltr'>ἀπολαύσει</span> <span class='ocrx_word' id='word_1_110' title='bbox 1617 1368 1700 1435; x_wconf 88' lang='grc' dir='ltr'>γί-</span> 
     </span>
    </p>
   </div>
   <div class='ocr_carea' id='block_1_15' title="bbox 47 1454 1699 1526">
    <p class='ocr_par' dir='ltr' id='par_1_15' title="bbox 47 1454 1699 1526">
     <span class='ocr_line' id='line_1_15' title="bbox 47 1454 1699 1526; baseline 0.003 -22"><span class='ocrx_word' id='word_1_111' title='bbox 47 1470 193 1506; x_wconf 80' lang='grc' dir='ltr'>νεται.</span> <span class='ocrx_word' id='word_1_112' title='bbox 219 1455 286 1506; x_wconf 85' lang='grc' dir='ltr'>Τί</span> <span class='ocrx_word' id='word_1_113' title='bbox 325 1455 387 1507; x_wconf 73' lang='grc' dir='ltr'>δὲ</span> <span class='ocrx_word' id='word_1_114' title='bbox 416 1454 558 1523; x_wconf 85' lang='grc' dir='ltr'>λέγω</span> <span class='ocrx_word' id='word_1_115' title='bbox 587 1457 644 1508; x_wconf 88' lang='grc' dir='ltr'>ἐν</span> <span class='ocrx_word' id='word_1_116' title='bbox 676 1455 967 1508; x_wconf 79' lang='grc' dir='ltr'>ἀπολαύσει</span> <span class='ocrx_word' id='word_1_117' title='bbox 992 1471 1005 1518; x_wconf 79' lang='grc' dir='ltr'>ς</span> <span class='ocrx_word' id='word_1_118' title='bbox 1043 1456 1139 1507; x_wconf 80' lang='grc' dir='ltr'>Ἂν</span> <span class='ocrx_word' id='word_1_119' title='bbox 1167 1456 1274 1526; x_wconf 74' lang='grc' dir='ltr'>γὰρ</span> <span class='ocrx_word' id='word_1_120' title='bbox 1301 1455 1553 1526; x_wconf 80' lang='grc' dir='ltr'>βουληθῇ,</span> <span class='ocrx_word' id='word_1_121' title='bbox 1582 1456 1699 1517; x_wconf 86' lang='grc' dir='ltr'>πῶς</span> 
     </span>
    </p>
   </div>
   <div class='ocr_carea' id='block_1_16' title="bbox 46 1540 1697 1613">
    <p class='ocr_par' dir='ltr' id='par_1_16' title="bbox 46 1540 1697 1613">
     <span class='ocr_line' id='line_1_16' title="bbox 46 1540 1697 1613; baseline 0.002 -23"><span class='ocrx_word' id='word_1_122' title='bbox 46 1540 243 1609; x_wconf 77' lang='grc' dir='ltr'>ἀρκέσει</span> <span class='ocrx_word' id='word_1_123' title='bbox 276 1540 415 1608; x_wconf 89' lang='grc' dir='ltr'>μίαν</span> <span class='ocrx_word' id='word_1_124' title='bbox 439 1540 580 1610; x_wconf 83' lang='grc' dir='ltr'>ἐχων</span> <span class='ocrx_word' id='word_1_125' title='bbox 606 1542 850 1611; x_wconf 81' lang='grc' dir='ltr'>γαστέρα</span> <span class='ocrx_word' id='word_1_126' title='bbox 879 1542 1013 1611; x_wconf 87' lang='grc' dir='ltr'>πρὸς</span> <span class='ocrx_word' id='word_1_127' title='bbox 1053 1540 1272 1594; x_wconf 90' lang='grc' dir='ltr'>τοσοῦτο</span> <span class='ocrx_word' id='word_1_128' title='bbox 1316 1541 1520 1611; x_wconf 79' lang='grc' dir='ltr'>πλῆθος</span> <span class='ocrx_word' id='word_1_129' title='bbox 1563 1560 1697 1613; x_wconf 90' lang='grc' dir='ltr'>χρη-</span> 
     </span>
    </p>
   </div>
   <div class='ocr_carea' id='block_1_17' title="bbox 46 1644 246 1695">
    <p class='ocr_par' dir='ltr' id='par_1_17' title="bbox 46 1644 246 1695">
     <span class='ocr_line' id='line_1_17' title="bbox 46 1644 246 1695; baseline -0.02 0"><span class='ocrx_word' id='word_1_130' title='bbox 46 1644 206 1695; x_wconf 64' lang='lat' dir='ltr'>tum</span> <span class='ocrx_word' id='word_1_131' title='bbox 230 1644 246 1691; x_wconf 86' lang='lat'><strong>;</strong></span> 
     </span>
    </p>
   </div>
   <div class='ocr_carea' id='block_1_18' title="bbox 97 1713 1697 1788">
    <p class='ocr_par' dir='ltr' id='par_1_18' title="bbox 97 1713 1697 1788">
     <span class='ocr_line' id='line_1_18' title="bbox 97 1713 1697 1788; baseline 0.004 -22"><span class='ocrx_word' id='word_1_132' title='bbox 97 1715 157 1775; x_wconf 78' lang='grc' dir='ltr'>ζ’.</span> <span class='ocrx_word' id='word_1_133' title='bbox 188 1713 359 1767; x_wconf 78' lang='grc' dir='ltr'>Ἀλλά</span> <span class='ocrx_word' id='word_1_134' title='bbox 375 1714 484 1768; x_wconf 89' lang='grc' dir='ltr'>τῶν</span> <span class='ocrx_word' id='word_1_135' title='bbox 501 1714 687 1768; x_wconf 81' lang='grc' dir='ltr'>κακῶν</span> <span class='ocrx_word' id='word_1_136' title='bbox 708 1716 961 1768; x_wconf 82' lang='grc' dir='ltr'>ἁπάντων</span> <span class='ocrx_word' id='word_1_137' title='bbox 976 1716 1036 1769; x_wconf 79' lang='grc' dir='ltr'>τὸ</span> <span class='ocrx_word' id='word_1_138' title='bbox 1051 1718 1268 1788; x_wconf 84' lang='grc' dir='ltr'>αίτιονή</span> <span class='ocrx_word' id='word_1_139' title='bbox 1286 1718 1579 1783; x_wconf 77' lang='grc' dir='ltr'>κενοδοξία,</span> <span class='ocrx_word' id='word_1_140' title='bbox 1603 1720 1697 1774; x_wconf 76' lang='grc' dir='ltr'>καὶ</span> 
     </span>
    </p>
   </div>
   <div class='ocr_carea' id='block_1_19' title="bbox 39 1802 1697 1878">
    <p class='ocr_par' dir='ltr' id='par_1_19' title="bbox 39 1802 1697 1878">
     <span class='ocr_line' id='line_1_19' title="bbox 39 1802 1697 1878; baseline 0.005 -25"><span class='ocrx_word' id='word_1_141' title='bbox 39 1802 87 1852; x_wconf 75' lang='grc' dir='ltr'>τὸ</span> <span class='ocrx_word' id='word_1_142' title='bbox 110 1802 405 1869; x_wconf 74' lang='grc' dir='ltr'>βούλεσθαι</span> <span class='ocrx_word' id='word_1_143' title='bbox 429 1803 531 1873; x_wconf 76' lang='grc' dir='ltr'>τὴν</span> <span class='ocrx_word' id='word_1_144' title='bbox 557 1803 927 1874; x_wconf 79' lang='grc' dir='ltr'>προσηγορίαν</span> <span class='ocrx_word' id='word_1_145' title='bbox 944 1806 1256 1860; x_wconf 70' lang='grc' dir='ltr'>ἐπικεῖσθαι</span> <span class='ocrx_word' id='word_1_146' title='bbox 1279 1806 1375 1878; x_wconf 81' lang='grc' dir='ltr'>τὴν</span> <span class='ocrx_word' id='word_1_147' title='bbox 1390 1807 1555 1860; x_wconf 88' lang='grc' dir='ltr'>αὑτοῦ</span> <span class='ocrx_word' id='word_1_148' title='bbox 1580 1811 1697 1871; x_wconf 82' lang='grc' dir='ltr'>τοῖς</span> 
     </span>
    </p>
   </div>
   <div class='ocr_carea' id='block_1_20' title="bbox 38 1888 1692 1964">
    <p class='ocr_par' dir='ltr' id='par_1_20' title="bbox 38 1888 1692 1964">
     <span class='ocr_line' id='line_1_20' title="bbox 38 1888 1692 1964; baseline 0.005 -25"><span class='ocrx_word' id='word_1_149' title='bbox 38 1890 225 1958; x_wconf 77' lang='grc' dir='ltr'>ἀγροῖς,</span> <span class='ocrx_word' id='word_1_150' title='bbox 256 1892 381 1951; x_wconf 61' lang='lat' dir='ltr'>tot;</span> <span class='ocrx_word' id='word_1_151' title='bbox 408 1888 730 1959; x_wconf 80' lang='grc' dir='ltr'>βαλανείοις,</span> <span class='ocrx_word' id='word_1_152' title='bbox 756 1894 877 1954; x_wconf 85' lang='grc' dir='ltr'>ταῖς</span> <span class='ocrx_word' id='word_1_153' title='bbox 907 1893 1126 1956; x_wconf 89' lang='grc' dir='ltr'>οἰκίαις.</span> <span class='ocrx_word' id='word_1_154' title='bbox 1178 1895 1242 1946; x_wconf 88' lang='grc' dir='ltr'>Τί</span> <span class='ocrx_word' id='word_1_155' title='bbox 1278 1911 1360 1948; x_wconf 90' lang='grc' dir='ltr'>σοι</span> <span class='ocrx_word' id='word_1_156' title='bbox 1395 1895 1457 1946; x_wconf 86' lang='grc' dir='ltr'>τὺ</span> <span class='ocrx_word' id='word_1_157' title='bbox 1481 1894 1692 1964; x_wconf 74' lang='grc' dir='ltr'>ὄφελος,</span> 
     </span>
    </p>
   </div>
   <div class='ocr_carea' id='block_1_21' title="bbox 36 1974 1691 2049">
    <p class='ocr_par' dir='ltr' id='par_1_21' title="bbox 36 1974 1691 2049">
     <span class='ocr_line' id='line_1_21' title="bbox 36 1974 1691 2049; baseline 0.006 -25"><span class='ocrx_word' id='word_1_158' title='bbox 36 1974 299 2042; x_wconf 77' lang='grc' dir='ltr'>ἀνθρωπε,</span> <span class='ocrx_word' id='word_1_159' title='bbox 355 1975 488 2028; x_wconf 84' lang='grc' dir='ltr'>ὅταν</span> <span class='ocrx_word' id='word_1_160' title='bbox 524 1976 642 2045; x_wconf 80' lang='grc' dir='ltr'>μετ’</span> <span class='ocrx_word' id='word_1_161' title='bbox 680 1978 741 2029; x_wconf 92' lang='grc' dir='ltr'>οὑ</span> <span class='ocrx_word' id='word_1_162' title='bbox 790 1977 948 2039; x_wconf 80' lang='grc' dir='ltr'>πολὺ,</span> <span class='ocrx_word' id='word_1_163' title='bbox 996 1979 1230 2049; x_wconf 76' lang='grc' dir='ltr'>πυρετοῦ</span> <span class='ocrx_word' id='word_1_164' title='bbox 1279 1980 1691 2044; x_wconf 87' lang='grc' dir='ltr'>καταλαϐόντος,</span> 
     </span>
    </p>
   </div>
   <div class='ocr_carea' id='block_1_22' title="bbox 35 2062 1694 2137">
    <p class='ocr_par' dir='ltr' id='par_1_22' title="bbox 35 2062 1694 2137">
     <span class='ocr_line' id='line_1_22' title="bbox 35 2062 1694 2137; baseline 0.006 -26"><span class='ocrx_word' id='word_1_165' title='bbox 35 2062 205 2127; x_wconf 61' lang='grc' dir='ltr'>ἁθρόον</span> <span class='ocrx_word' id='word_1_166' title='bbox 234 2062 602 2133; x_wconf 82' lang='grc' dir='ltr'>ἀφιπταμένη</span> <span class='ocrx_word' id='word_1_167' title='bbox 630 2063 830 2135; x_wconf 74' lang='grc' dir='ltr'>ἡψυχὴ</span> <span class='ocrx_word' id='word_1_168' title='bbox 869 2066 1250 2137; x_wconf 78' lang='grc' dir='ltr'>καταλιμπάνη</span> <span class='ocrx_word' id='word_1_169' title='bbox 1277 2083 1336 2119; x_wconf 91' lang='grc' dir='ltr'>σε</span> <span class='ocrx_word' id='word_1_170' title='bbox 1363 2066 1566 2136; x_wconf 66' lang='grc' dir='ltr'>ἔρημον</span> <span class='ocrx_word' id='word_1_171' title='bbox 1600 2069 1694 2121; x_wconf 79' lang='grc' dir='ltr'>καὶ</span> 
     </span>
    </p>
   </div>
   <div class='ocr_carea' id='block_1_23' title="bbox 38 2148 1694 2224">
    <p class='ocr_par' dir='ltr' id='par_1_23' title="bbox 38 2148 1694 2224">
     <span class='ocr_line' id='line_1_23' title="bbox 38 2148 1694 2224; baseline 0.005 -26"><span class='ocrx_word' id='word_1_172' title='bbox 38 2148 238 2215; x_wconf 59' lang='grc' dir='ltr'>γαμνὸν,</span> <span class='ocrx_word' id='word_1_173' title='bbox 276 2148 487 2219; x_wconf 78' lang='grc' dir='ltr'>μᾶλλον</span> <span class='ocrx_word' id='word_1_174' title='bbox 536 2150 591 2202; x_wconf 83' lang='grc' dir='ltr'>δὲ</span> <span class='ocrx_word' id='word_1_175' title='bbox 624 2151 824 2220; x_wconf 84' lang='grc' dir='ltr'>ἀρετῆς</span> <span class='ocrx_word' id='word_1_176' title='bbox 856 2152 952 2221; x_wconf 81' lang='grc' dir='ltr'>μὲν</span> <span class='ocrx_word' id='word_1_177' title='bbox 976 2154 1413 2224; x_wconf 84' lang='grc' dir='ltr'>γεγυμνωμένον,</span> <span class='ocrx_word' id='word_1_178' title='bbox 1464 2153 1694 2224; x_wconf 88' lang='grc' dir='ltr'>περιϐε-</span> 
     </span>
    </p>
   </div>
   <div class='ocr_carea' id='block_1_24' title="bbox 34 2235 1689 2311">
    <p class='ocr_par' dir='ltr' id='par_1_24' title="bbox 34 2235 1689 2311">
     <span class='ocr_line' id='line_1_24' title="bbox 34 2235 1689 2311; baseline 0.014 -26"><span class='ocrx_word' id='word_1_179' title='bbox 34 2235 283 2303; x_wconf 76' lang='grc' dir='ltr'>ϐλημένον</span> <span class='ocrx_word' id='word_1_180' title='bbox 312 2236 377 2289; x_wconf 78' lang='grc' dir='ltr'>δὲ</span> <span class='ocrx_word' id='word_1_181' title='bbox 405 2237 504 2299; x_wconf 65' lang='grc' dir='ltr'>τὰς</span> <span class='ocrx_word' id='word_1_182' title='bbox 532 2237 767 2301; x_wconf 80' lang='grc' dir='ltr'>ἀδικίας,</span> <span class='ocrx_word' id='word_1_183' title='bbox 802 2240 900 2303; x_wconf 80' lang='grc' dir='ltr'>τὰς</span> <span class='ocrx_word' id='word_1_184' title='bbox 939 2242 1212 2311; x_wconf 72' lang='grc' dir='ltr'>ἁρπαγάς,</span> <span class='ocrx_word' id='word_1_185' title='bbox 1234 2243 1332 2305; x_wconf 87' lang='grc' dir='ltr'>τάς</span> <span class='ocrx_word' id='word_1_186' title='bbox 1360 2243 1689 2309; x_wconf 64' lang='grc' dir='ltr'>πλεονεξίας,</span> 
     </span>
    </p>
   </div>
   <div class='ocr_carea' id='block_1_25' title="bbox 32 2325 1688 2401">
    <p class='ocr_par' dir='ltr' id='par_1_25' title="bbox 32 2325 1688 2401">
     <span class='ocr_line' id='line_1_25' title="bbox 32 2325 1688 2401; baseline 0.007 -28"><span class='ocrx_word' id='word_1_187' title='bbox 32 2325 137 2385; x_wconf 75' lang='grc' dir='ltr'>τοὺς</span> <span class='ocrx_word' id='word_1_188' title='bbox 166 2327 539 2392; x_wconf 76' lang='grc' dir='ltr'>στεναγμοὺς,</span> <span class='ocrx_word' id='word_1_189' title='bbox 568 2326 656 2378; x_wconf 85' lang='grc' dir='ltr'>τὸν</span> <span class='ocrx_word' id='word_1_190' title='bbox 680 2326 933 2397; x_wconf 80' lang='grc' dir='ltr'>όδυρμὸν,</span> <span class='ocrx_word' id='word_1_191' title='bbox 962 2329 1031 2381; x_wconf 84' lang='grc' dir='ltr'>τά</span> <span class='ocrx_word' id='word_1_192' title='bbox 1053 2330 1260 2399; x_wconf 86' lang='grc' dir='ltr'>δάκρυα</span> <span class='ocrx_word' id='word_1_193' title='bbox 1286 2331 1394 2384; x_wconf 89' lang='grc' dir='ltr'>τῶν</span> <span class='ocrx_word' id='word_1_194' title='bbox 1421 2332 1688 2401; x_wconf 73' lang='grc' dir='ltr'>ὀρφανῶν,</span> 
     </span>
    </p>
   </div>
   <div class='ocr_carea' id='block_1_26' title="bbox 32 2410 1693 2489">
    <p class='ocr_par' dir='ltr' id='par_1_26' title="bbox 32 2410 1693 2489">
     <span class='ocr_line' id='line_1_26' title="bbox 32 2410 1693 2489; baseline 0.007 -28"><span class='ocrx_word' id='word_1_195' title='bbox 32 2410 115 2471; x_wconf 68' lang='grc' dir='ltr'>τὰς</span> <span class='ocrx_word' id='word_1_196' title='bbox 144 2411 471 2477; x_wconf 82' lang='grc' dir='ltr'>ἐπιϐουλὰς,</span> <span class='ocrx_word' id='word_1_197' title='bbox 523 2414 647 2476; x_wconf 78' lang='grc' dir='ltr'>τοὺς</span> <span class='ocrx_word' id='word_1_198' title='bbox 697 2415 914 2479; x_wconf 89' lang='grc' dir='ltr'>δόλους;</span> <span class='ocrx_word' id='word_1_199' title='bbox 966 2418 1089 2480; x_wconf 85' lang='grc' dir='ltr'>Πῶς</span> <span class='ocrx_word' id='word_1_200' title='bbox 1140 2418 1339 2489; x_wconf 82' lang='grc' dir='ltr'>δυνήσῃ</span> <span class='ocrx_word' id='word_1_201' title='bbox 1370 2419 1440 2472; x_wconf 86' lang='grc' dir='ltr'>τά</span> <span class='ocrx_word' id='word_1_202' title='bbox 1482 2420 1693 2489; x_wconf 90' lang='grc' dir='ltr'>μεγάλα</span> 
     </span>
    </p>
   </div>
   <div class='ocr_carea' id='block_1_27' title="bbox 32 2497 1691 2578">
    <p class='ocr_par' dir='ltr' id='par_1_27' title="bbox 32 2497 1691 2578">
     <span class='ocr_line' id='line_1_27' title="bbox 32 2497 1691 2578; baseline 0.008 -31"><span class='ocrx_word' id='word_1_203' title='bbox 32 2497 179 2549; x_wconf 72' lang='grc' dir='ltr'>ταῦτα</span> <span class='ocrx_word' id='word_1_204' title='bbox 206 2498 417 2569; x_wconf 80' lang='grc' dir='ltr'>φορτία</span> <span class='ocrx_word' id='word_1_205' title='bbox 446 2500 553 2553; x_wconf 89' lang='grc' dir='ltr'>τῶν</span> <span class='ocrx_word' id='word_1_206' title='bbox 602 2502 1011 2574; x_wconf 81' lang='grc' dir='ltr'>ἁμαρτημάτων</span> <span class='ocrx_word' id='word_1_207' title='bbox 1061 2505 1195 2575; x_wconf 72' lang='grc' dir='ltr'>ἔχων</span> <span class='ocrx_word' id='word_1_208' title='bbox 1230 2507 1568 2577; x_wconf 89' lang='grc' dir='ltr'>ἐπικείμενα,</span> <span class='ocrx_word' id='word_1_209' title='bbox 1594 2508 1691 2578; x_wconf 75' lang='grc' dir='ltr'>τὴν</span> 
     </span>
    </p>
   </div>
   <div class='ocr_carea' id='block_1_28' title="bbox 34 2586 1693 2664">
    <p class='ocr_par' dir='ltr' id='par_1_28' title="bbox 34 2586 1693 2664">
     <span class='ocr_line' id='line_1_28' title="bbox 34 2586 1693 2664; baseline 0.007 -30"><span class='ocrx_word' id='word_1_210' title='bbox 34 2586 203 2654; x_wconf 78' lang='grc' dir='ltr'>στενὴν</span> <span class='ocrx_word' id='word_1_211' title='bbox 236 2586 428 2656; x_wconf 83' lang='grc' dir='ltr'>πύλην</span> <span class='ocrx_word' id='word_1_212' title='bbox 456 2587 667 2657; x_wconf 86' lang='grc' dir='ltr'>ἐκείνην</span> <span class='ocrx_word' id='word_1_213' title='bbox 703 2588 984 2659; x_wconf 83' lang='grc' dir='ltr'>διαϐῆναι,</span> <span class='ocrx_word' id='word_1_214' title='bbox 1026 2593 1124 2660; x_wconf 79' lang='grc' dir='ltr'>τὴν</span> <span class='ocrx_word' id='word_1_215' title='bbox 1169 2593 1229 2644; x_wconf 86' lang='grc' dir='ltr'>οὑ</span> <span class='ocrx_word' id='word_1_216' title='bbox 1258 2594 1561 2664; x_wconf 82' lang='grc' dir='ltr'>δυναμένην</span> <span class='ocrx_word' id='word_1_217' title='bbox 1607 2595 1693 2646; x_wconf 81' lang='grc' dir='ltr'>δέ-</span> 
     </span>
    </p>
   </div>
   <div class='ocr_carea' id='block_1_29' title="bbox 30 2668 1691 2751">
    <p class='ocr_par' dir='ltr' id='par_1_29' title="bbox 30 2668 1691 2751">
     <span class='ocr_line' id='line_1_29' title="bbox 30 2668 1691 2751; baseline 0.008 -31"><span class='ocrx_word' id='word_1_218' title='bbox 30 2668 202 2733; x_wconf 75' lang='grc' dir='ltr'>ξασθαι</span> <span class='ocrx_word' id='word_1_219' title='bbox 231 2673 333 2726; x_wconf 72' lang='grc' dir='ltr'>τὸν</span> <span class='ocrx_word' id='word_1_220' title='bbox 361 2672 524 2740; x_wconf 85' lang='grc' dir='ltr'>δγκον</span> <span class='ocrx_word' id='word_1_221' title='bbox 556 2673 648 2725; x_wconf 91' lang='grc' dir='ltr'>τοῦ</span> <span class='ocrx_word' id='word_1_222' title='bbox 674 2675 930 2728; x_wconf 83' lang='grc' dir='ltr'>τοσούτου</span> <span class='ocrx_word' id='word_1_223' title='bbox 966 2678 1261 2746; x_wconf 82' lang='grc' dir='ltr'>μεγέθουςς</span> <span class='ocrx_word' id='word_1_224' title='bbox 1317 2680 1549 2751; x_wconf 78' lang='grc' dir='ltr'>Ἀνάγκη</span> <span class='ocrx_word' id='word_1_225' title='bbox 1585 2682 1691 2733; x_wconf 83' lang='grc' dir='ltr'>τοί-</span> 
     </span>
    </p>
   </div>
   <div class='ocr_carea' id='block_1_30' title="bbox 30 2760 1689 2839">
    <p class='ocr_par' dir='ltr' id='par_1_30' title="bbox 30 2760 1689 2839">
     <span class='ocr_line' id='line_1_30' title="bbox 30 2760 1689 2839; baseline 0.007 -32"><span class='ocrx_word' id='word_1_226' title='bbox 30 2771 107 2809; x_wconf 75' lang='grc' dir='ltr'>νυν</span> <span class='ocrx_word' id='word_1_227' title='bbox 130 2760 234 2824; x_wconf 77' lang='grc' dir='ltr'>ἐξω</span> <span class='ocrx_word' id='word_1_228' title='bbox 268 2760 528 2829; x_wconf 82' lang='grc' dir='ltr'>μένοντα.</span> <span class='ocrx_word' id='word_1_229' title='bbox 555 2762 646 2813; x_wconf 80' lang='grc' dir='ltr'>καί</span> <span class='ocrx_word' id='word_1_230' title='bbox 678 2761 783 2813; x_wconf 82' lang='grc' dir='ltr'>ὑπὸ</span> <span class='ocrx_word' id='word_1_231' title='bbox 803 2761 911 2815; x_wconf 87' lang='grc' dir='ltr'>τῶν</span> <span class='ocrx_word' id='word_1_232' title='bbox 942 2766 1173 2833; x_wconf 66' lang='grc' dir='ltr'>φορτίων</span> <span class='ocrx_word' id='word_1_233' title='bbox 1206 2764 1406 2818; x_wconf 89' lang='grc' dir='ltr'>τούτων</span> <span class='ocrx_word' id='word_1_234' title='bbox 1429 2766 1689 2839; x_wconf 81' lang='grc' dir='ltr'>βαρούμε-</span> 
     </span>
    </p>
   </div>
   <div class='ocr_carea' id='block_1_31' title="bbox 31 2846 1691 2923">
    <p class='ocr_par' dir='ltr' id='par_1_31' title="bbox 31 2846 1691 2923">
     <span class='ocr_line' id='line_1_31' title="bbox 31 2846 1691 2923; baseline 0.008 -30"><span class='ocrx_word' id='word_1_235' title='bbox 31 2860 102 2894; x_wconf 79' lang='grc' dir='ltr'>νον</span> <span class='ocrx_word' id='word_1_236' title='bbox 126 2846 377 2914; x_wconf 75' lang='grc' dir='ltr'>ἀνήνυτα</span> <span class='ocrx_word' id='word_1_237' title='bbox 408 2848 856 2915; x_wconf 84' lang='grc' dir='ltr'>μεταγινώσκειν,</span> <span class='ocrx_word' id='word_1_238' title='bbox 893 2850 989 2920; x_wconf 71' lang='grc' dir='ltr'>ἤδη</span> <span class='ocrx_word' id='word_1_239' title='bbox 1016 2850 1121 2919; x_wconf 85' lang='grc' dir='ltr'>πρὸ</span> <span class='ocrx_word' id='word_1_240' title='bbox 1151 2851 1257 2904; x_wconf 87' lang='grc' dir='ltr'>τῶν</span> <span class='ocrx_word' id='word_1_241' title='bbox 1303 2852 1594 2923; x_wconf 78' lang='grc' dir='ltr'>ὀφθαλμῶν</span> <span class='ocrx_word' id='word_1_242' title='bbox 1623 2854 1691 2907; x_wconf 87' lang='grc' dir='ltr'>τά</span> 
     </span>
    </p>
   </div>
   <div class='ocr_carea' id='block_1_32' title="bbox 33 2931 1692 3008">
    <p class='ocr_par' dir='ltr' id='par_1_32' title="bbox 33 2931 1692 3008">
     <span class='ocr_line' id='line_1_32' title="bbox 33 2931 1692 3008; baseline 0.007 -26"><span class='ocrx_word' id='word_1_243' title='bbox 33 2931 358 3003; x_wconf 69' lang='grc' dir='ltr'>κολαστήρια</span> <span class='ocrx_word' id='word_1_244' title='bbox 380 2931 592 3002; x_wconf 81' lang='grc' dir='ltr'>ὁρῶντα</span> <span class='ocrx_word' id='word_1_245' title='bbox 628 2934 1056 3004; x_wconf 77' lang='grc' dir='ltr'>ηὐτρεπισμένα,</span> <span class='ocrx_word' id='word_1_246' title='bbox 1092 2938 1182 2989; x_wconf 79' lang='grc' dir='ltr'>καὶ</span> <span class='ocrx_word' id='word_1_247' title='bbox 1204 2938 1264 2989; x_wconf 87' lang='grc' dir='ltr'>τὸ</span> <span class='ocrx_word' id='word_1_248' title='bbox 1302 2938 1411 3008; x_wconf 89' lang='grc' dir='ltr'>πῦρ</span> <span class='ocrx_word' id='word_1_249' title='bbox 1434 2941 1606 2992; x_wconf 86' lang='grc' dir='ltr'>ἐκεῖνο</span> <span class='ocrx_word' id='word_1_250' title='bbox 1631 2941 1692 2995; x_wconf 82' lang='grc' dir='ltr'>τὸ</span> 
     </span>
    </p>
   </div>
   <div class='ocr_carea' id='block_1_33' title="bbox 29 3018 1691 3099">
    <p class='ocr_par' dir='ltr' id='par_1_33' title="bbox 29 3018 1691 3099">
     <span class='ocr_line' id='line_1_33' title="bbox 29 3018 1691 3099; baseline 0.008 -30"><span class='ocrx_word' id='word_1_251' title='bbox 29 3018 238 3087; x_wconf 73' lang='grc' dir='ltr'>φοϐερὸν</span> <span class='ocrx_word' id='word_1_252' title='bbox 267 3020 371 3071; x_wconf 81' lang='grc' dir='ltr'>καὶ</span> <span class='ocrx_word' id='word_1_253' title='bbox 404 3021 675 3089; x_wconf 78' lang='grc' dir='ltr'>μηδέποτε</span> <span class='ocrx_word' id='word_1_254' title='bbox 728 3021 1105 3091; x_wconf 88' lang='grc' dir='ltr'>σϐεννύμενον,</span> <span class='ocrx_word' id='word_1_255' title='bbox 1166 3026 1259 3078; x_wconf 71' lang='grc' dir='ltr'>καὶ</span> <span class='ocrx_word' id='word_1_256' title='bbox 1294 3027 1383 3079; x_wconf 82' lang='grc' dir='ltr'>τὸν</span> <span class='ocrx_word' id='word_1_257' title='bbox 1433 3028 1691 3099; x_wconf 80' lang='grc' dir='ltr'>σκώληκα</span> 
     </span>
    </p>
   </div>
   <div class='ocr_carea' id='block_1_34' title="bbox 25 3104 1691 3186">
    <p class='ocr_par' dir='ltr' id='par_1_34' title="bbox 25 3104 1691 3186">
     <span class='ocr_line' id='line_1_34' title="bbox 25 3104 1691 3186; baseline 0.008 -31"><span class='ocrx_word' id='word_1_258' title='bbox 25 3104 101 3156; x_wconf 79' lang='grc' dir='ltr'>τὸν</span> <span class='ocrx_word' id='word_1_259' title='bbox 118 3104 508 3176; x_wconf 79' lang='grc' dir='ltr'>ἀτελεύτητον.</span> <span class='ocrx_word' id='word_1_260' title='bbox 556 3106 694 3159; x_wconf 79' lang='grc' dir='ltr'>Ἀλλ’</span> <span class='ocrx_word' id='word_1_261' title='bbox 721 3108 775 3159; x_wconf 84' lang='grc' dir='ltr'>εί</span> <span class='ocrx_word' id='word_1_262' title='bbox 803 3125 885 3171; x_wconf 90' lang='grc' dir='ltr'>τις</span> <span class='ocrx_word' id='word_1_263' title='bbox 911 3111 1043 3179; x_wconf 85' lang='grc' dir='ltr'>ήμῖν</span> <span class='ocrx_word' id='word_1_264' title='bbox 1078 3110 1233 3179; x_wconf 84' lang='grc' dir='ltr'>λόγος</span> <span class='ocrx_word' id='word_1_265' title='bbox 1270 3114 1367 3183; x_wconf 83' lang='grc' dir='ltr'>τῆς</span> <span class='ocrx_word' id='word_1_266' title='bbox 1415 3117 1691 3186; x_wconf 85' lang='grc' dir='ltr'>σωτηρίας</span> 
     </span>
    </p>
   </div>
   <div class='ocr_carea' id='block_1_35' title="bbox 26 3192 1690 3276">
    <p class='ocr_par' dir='ltr' id='par_1_35' title="bbox 26 3192 1690 3276">
     <span class='ocr_line' id='line_1_35' title="bbox 26 3192 1690 3276; baseline 0.01 -35"><span class='ocrx_word' id='word_1_267' title='bbox 26 3192 107 3260; x_wconf 65' lang='grc' dir='ltr'>τῆς</span> <span class='ocrx_word' id='word_1_268' title='bbox 134 3194 445 3263; x_wconf 79' lang='grc' dir='ltr'>ἡμετέρας,</span> <span class='ocrx_word' id='word_1_269' title='bbox 494 3194 569 3257; x_wconf 86' lang='grc' dir='ltr'>ὠς</span> <span class='ocrx_word' id='word_1_270' title='bbox 625 3194 707 3247; x_wconf 79' lang='grc' dir='ltr'>ἐτι</span> <span class='ocrx_word' id='word_1_271' title='bbox 740 3195 929 3266; x_wconf 83' lang='grc' dir='ltr'>καιρὸν</span> <span class='ocrx_word' id='word_1_272' title='bbox 981 3198 1198 3268; x_wconf 73' lang='grc' dir='ltr'>ἔχομεν,</span> <span class='ocrx_word' id='word_1_273' title='bbox 1231 3201 1554 3272; x_wconf 88' lang='grc' dir='ltr'>ἀποστῶμεν</span> <span class='ocrx_word' id='word_1_274' title='bbox 1592 3206 1690 3276; x_wconf 75' lang='grc' dir='ltr'>τῆς</span> 
     </span>
    </p>
   </div>
   <div class='ocr_carea' id='block_1_36' title="bbox 25 3281 1689 3359">
    <p class='ocr_par' dir='ltr' id='par_1_36' title="bbox 25 3281 1689 3359">
     <span class='ocr_line' id='line_1_36' title="bbox 25 3281 1689 3359; baseline 0.007 -26"><span class='ocrx_word' id='word_1_275' title='bbox 25 3281 223 3345; x_wconf 77' lang='grc' dir='ltr'>κακίας,</span> <span class='ocrx_word' id='word_1_276' title='bbox 262 3282 371 3333; x_wconf 75' lang='grc' dir='ltr'>καὶ</span> <span class='ocrx_word' id='word_1_277' title='bbox 398 3281 496 3352; x_wconf 75' lang='grc' dir='ltr'>τήν</span> <span class='ocrx_word' id='word_1_278' title='bbox 535 3283 735 3354; x_wconf 81' lang='grc' dir='ltr'>ἀρετήν</span> <span class='ocrx_word' id='word_1_279' title='bbox 771 3284 1213 3356; x_wconf 78' lang='grc' dir='ltr'>μεταδιώξωμεν,</span> <span class='ocrx_word' id='word_1_280' title='bbox 1263 3290 1353 3359; x_wconf 85' lang='grc' dir='ltr'>τῆς</span> <span class='ocrx_word' id='word_1_281' title='bbox 1388 3292 1689 3358; x_wconf 79' lang='grc' dir='ltr'>κενοδοξίας</span> 
     </span>
    </p>
   </div>
   <div class='ocr_carea' id='block_1_37' title="bbox 22 3364 1689 3453">
    <p class='ocr_par' dir='ltr' id='par_1_37' title="bbox 22 3364 1689 3453">
     <span class='ocr_line' id='line_1_37' title="bbox 22 3364 1689 3453; baseline 0.011 -37"><span class='ocrx_word' id='word_1_282' title='bbox 22 3364 385 3453; x_wconf 76' lang='grc' dir='ltr'>ὑπερίδωμεν.</span> <span class='ocrx_word' id='word_1_283' title='bbox 454 3370 548 3422; x_wconf 79' lang='grc' dir='ltr'>Διὰ</span> <span class='ocrx_word' id='word_1_284' title='bbox 591 3369 745 3423; x_wconf 79' lang='grc' dir='ltr'>τοῦτο</span> <span class='ocrx_word' id='word_1_285' title='bbox 800 3373 910 3442; x_wconf 85' lang='grc' dir='ltr'>γάρ</span> <span class='ocrx_word' id='word_1_286' title='bbox 957 3376 1051 3426; x_wconf 79' lang='grc' dir='ltr'>καὶ</span> <span class='ocrx_word' id='word_1_287' title='bbox 1089 3377 1218 3445; x_wconf 87' lang='grc' dir='ltr'>κενὴ</span> <span class='ocrx_word' id='word_1_288' title='bbox 1258 3376 1495 3444; x_wconf 84' lang='grc' dir='ltr'>λέγεται,</span> <span class='ocrx_word' id='word_1_289' title='bbox 1537 3379 1689 3453; x_wconf 70' lang='grc'>[204]</span> 
     </span>
    </p>
   </div>
   <div class='ocr_carea' id='block_1_38' title="bbox 22 3452 1688 3537">
    <p class='ocr_par' dir='ltr' id='par_1_38' title="bbox 22 3452 1688 3537">
     <span class='ocr_line' id='line_1_38' title="bbox 22 3452 1688 3537; baseline 0.011 -33"><span class='ocrx_word' id='word_1_290' title='bbox 22 3452 192 3524; x_wconf 77' lang='grc' dir='ltr'>ἐπειδὴ</span> <span class='ocrx_word' id='word_1_291' title='bbox 207 3456 466 3518; x_wconf 79' lang='grc' dir='ltr'>διάκενός</span> <span class='ocrx_word' id='word_1_292' title='bbox 492 3461 607 3512; x_wconf 81' lang='grc' dir='ltr'>ἐστι</span> <span class='ocrx_word' id='word_1_293' title='bbox 640 3460 733 3512; x_wconf 76' lang='grc' dir='ltr'>καὶ</span> <span class='ocrx_word' id='word_1_294' title='bbox 756 3459 907 3511; x_wconf 74' lang='grc' dir='ltr'>οὐδὲν</span> <span class='ocrx_word' id='word_1_295' title='bbox 937 3460 1133 3530; x_wconf 77' lang='grc' dir='ltr'>ἔχουσα</span> <span class='ocrx_word' id='word_1_296' title='bbox 1160 3463 1392 3532; x_wconf 81' lang='grc' dir='ltr'>βέϐαιον.</span> <span class='ocrx_word' id='word_1_297' title='bbox 1420 3467 1540 3521; x_wconf 77' lang='grc' dir='ltr'>οὑδὲ</span> <span class='ocrx_word' id='word_1_298' title='bbox 1587 3471 1688 3537; x_wconf 87' lang='grc' dir='ltr'>μό-</span> 
     </span>
    </p>
   </div>
   <div class='ocr_carea' id='block_1_39' title="bbox 22 3544 1684 3628">
    <p class='ocr_par' dir='ltr' id='par_1_39' title="bbox 22 3544 1684 3628">
     <span class='ocr_line' id='line_1_39' title="bbox 22 3544 1684 3628; baseline 0.01 -37"><span class='ocrx_word' id='word_1_299' title='bbox 22 3558 177 3610; x_wconf 83' lang='grc' dir='ltr'>νιμον,</span> <span class='ocrx_word' id='word_1_300' title='bbox 211 3544 340 3597; x_wconf 75' lang='grc' dir='ltr'>ἀλλ’</span> <span class='ocrx_word' id='word_1_301' title='bbox 379 3545 563 3614; x_wconf 85' lang='grc' dir='ltr'>ἀπάτη</span> <span class='ocrx_word' id='word_1_302' title='bbox 604 3546 764 3615; x_wconf 90' lang='grc' dir='ltr'>μόνον</span> <span class='ocrx_word' id='word_1_303' title='bbox 815 3547 1108 3615; x_wconf 79' lang='grc' dir='ltr'>ὀφθαλμῶν</span> <span class='ocrx_word' id='word_1_304' title='bbox 1140 3551 1434 3620; x_wconf 88' lang='grc' dir='ltr'>τυγχάνει,</span> <span class='ocrx_word' id='word_1_305' title='bbox 1487 3556 1615 3624; x_wconf 76' lang='grc' dir='ltr'>πρὶν</span> <span class='ocrx_word' id='word_1_306' title='bbox 1652 3557 1684 3628; x_wconf 82' lang='grc' dir='ltr'>ἢ</span> 
     </span>
    </p>
   </div>
   <div class='ocr_carea' id='block_1_40' title="bbox 22 3629 1686 3711">
    <p class='ocr_par' dir='ltr' id='par_1_40' title="bbox 22 3629 1686 3711">
     <span class='ocr_line' id='line_1_40' title="bbox 22 3629 1686 3711; baseline 0.012 -35"><span class='ocrx_word' id='word_1_307' title='bbox 22 3629 243 3696; x_wconf 67' lang='grc' dir='ltr'>φανῆναι</span> <span class='ocrx_word' id='word_1_308' title='bbox 279 3632 663 3701; x_wconf 82' lang='grc' dir='ltr'>άφιπταμένη.</span> <span class='ocrx_word' id='word_1_309' title='bbox 709 3634 779 3687; x_wconf 79' lang='grc' dir='ltr'><em>Ἢ</em></span> <span class='ocrx_word' id='word_1_310' title='bbox 809 3635 906 3704; x_wconf 82' lang='grc' dir='ltr'>οὑχ</span> <span class='ocrx_word' id='word_1_311' title='bbox 937 3634 1152 3705; x_wconf 84' lang='grc' dir='ltr'>ὁρῶμεν</span> <span class='ocrx_word' id='word_1_312' title='bbox 1189 3639 1279 3690; x_wconf 71' lang='grc' dir='ltr'>τὸν</span> <span class='ocrx_word' id='word_1_313' title='bbox 1309 3642 1543 3711; x_wconf 78' lang='grc' dir='ltr'>σήμερον</span> <span class='ocrx_word' id='word_1_314' title='bbox 1582 3645 1686 3696; x_wconf 71' lang='grc' dir='ltr'>ὑπὸ</span> 
     </span>
    </p>
   </div>
   <div class='ocr_carea' id='block_1_41' title="bbox 21 3716 1685 3803">
    <p class='ocr_par' dir='ltr' id='par_1_41' title="bbox 21 3716 1685 3803">
     <span class='ocr_line' id='line_1_41' title="bbox 21 3716 1685 3803; baseline 0.011 -38"><span class='ocrx_word' id='word_1_315' title='bbox 21 3716 109 3767; x_wconf 75' lang='grc' dir='ltr'>τῶν</span> <span class='ocrx_word' id='word_1_316' title='bbox 138 3719 466 3788; x_wconf 70' lang='grc' dir='ltr'>ῥαϐδούχων</span> <span class='ocrx_word' id='word_1_317' title='bbox 492 3724 970 3793; x_wconf 82' lang='grc' dir='ltr'>προπεμπόμενον,</span> <span class='ocrx_word' id='word_1_318' title='bbox 994 3727 1088 3778; x_wconf 81' lang='grc' dir='ltr'>καὶ</span> <span class='ocrx_word' id='word_1_319' title='bbox 1113 3727 1217 3778; x_wconf 80' lang='grc' dir='ltr'>ὑπὸ</span> <span class='ocrx_word' id='word_1_320' title='bbox 1239 3728 1346 3781; x_wconf 90' lang='grc' dir='ltr'>τῶν</span> <span class='ocrx_word' id='word_1_321' title='bbox 1374 3729 1685 3803; x_wconf 84' lang='grc' dir='ltr'>δορυφόρων</span> 
     </span>
    </p>
   </div>
   <div class='ocr_carea' id='block_1_42' title="bbox 22 3803 1682 3886">
    <p class='ocr_par' dir='ltr' id='par_1_42' title="bbox 22 3803 1682 3886">
     <span class='ocr_line' id='line_1_42' title="bbox 22 3803 1682 3886; baseline 0.013 -35"><span class='ocrx_word' id='word_1_322' title='bbox 22 3803 410 3876; x_wconf 75' lang='grc' dir='ltr'>κυκλούμενον,</span> <span class='ocrx_word' id='word_1_323' title='bbox 466 3808 654 3879; x_wconf 77' lang='grc' dir='ltr'>αὔριον</span> <span class='ocrx_word' id='word_1_324' title='bbox 707 3811 967 3875; x_wconf 72' lang='grc' dir='ltr'>πολλάκις</span> <span class='ocrx_word' id='word_1_325' title='bbox 998 3813 1366 3883; x_wconf 81' lang='grc' dir='ltr'>δεσμωτήριον</span> <span class='ocrx_word' id='word_1_326' title='bbox 1411 3818 1682 3886; x_wconf 80' lang='grc' dir='ltr'>οἰκοῦντα,</span> 
     </span>
    </p>
   </div>
   <div class='ocr_carea' id='block_1_43' title="bbox 21 3895 1684 3977">
    <p class='ocr_par' dir='ltr' id='par_1_43' title="bbox 21 3895 1684 3977">
     <span class='ocr_line' id='line_1_43' title="bbox 21 3895 1684 3977; baseline 0.011 -35"><span class='ocrx_word' id='word_1_327' title='bbox 21 3895 96 3942; x_wconf 71' lang='grc' dir='ltr'>καὶ</span> <span class='ocrx_word' id='word_1_328' title='bbox 131 3896 277 3962; x_wconf 71' lang='grc' dir='ltr'>μετὰ</span> <span class='ocrx_word' id='word_1_329' title='bbox 318 3895 429 3947; x_wconf 89' lang='grc' dir='ltr'>τῶν</span> <span class='ocrx_word' id='word_1_330' title='bbox 454 3896 774 3968; x_wconf 78' lang='grc' dir='ltr'>κακούργων</span> <span class='ocrx_word' id='word_1_331' title='bbox 817 3902 1212 3970; x_wconf 79' lang='grc' dir='ltr'>στρεφόμενονς</span> <span class='ocrx_word' id='word_1_332' title='bbox 1263 3905 1325 3956; x_wconf 88' lang='grc' dir='ltr'>Τί</span> <span class='ocrx_word' id='word_1_333' title='bbox 1353 3905 1556 3976; x_wconf 84' lang='grc' dir='ltr'>ταύτης</span> <span class='ocrx_word' id='word_1_334' title='bbox 1586 3910 1684 3977; x_wconf 86' lang='grc' dir='ltr'>τῆς</span> 
     </span>
    </p>
   </div>
   <div class='ocr_carea' id='block_1_44' title="bbox 21 3980 1681 4066">
    <p class='ocr_par' dir='ltr' id='par_1_44' title="bbox 21 3980 1681 4066">
     <span class='ocr_line' id='line_1_44' title="bbox 21 3980 1681 4066; baseline 0.01 -36"><span class='ocrx_word' id='word_1_335' title='bbox 21 3980 165 4066; x_wconf 64' lang='grc' dir='ltr'>κενῆς</span> <span class='ocrx_word' id='word_1_336' title='bbox 197 3983 299 4034; x_wconf 81' lang='grc' dir='ltr'>καὶ</span> <span class='ocrx_word' id='word_1_337' title='bbox 333 3983 569 4049; x_wconf 78' lang='grc' dir='ltr'>ματαίας</span> <span class='ocrx_word' id='word_1_338' title='bbox 597 3984 752 4056; x_wconf 75' lang='grc' dir='ltr'>δόξης</span> <span class='ocrx_word' id='word_1_339' title='bbox 781 3987 1217 4058; x_wconf 72' lang='grc' dir='ltr'>άπατηλότερονς</span> <span class='ocrx_word' id='word_1_340' title='bbox 1275 3991 1338 4043; x_wconf 84' lang='grc' dir='ltr'>Εἰ</span> <span class='ocrx_word' id='word_1_341' title='bbox 1369 3993 1425 4045; x_wconf 76' lang='grc' dir='ltr'>δὲ</span> <span class='ocrx_word' id='word_1_342' title='bbox 1478 3994 1571 4047; x_wconf 76' lang='grc' dir='ltr'>καὶ</span> <span class='ocrx_word' id='word_1_343' title='bbox 1608 3998 1681 4066; x_wconf 84' lang='grc' dir='ltr'>μὴ</span> 
     </span>
    </p>
   </div>
   <div class='ocr_carea' id='block_1_45' title="bbox 21 4065 1683 4150">
    <p class='ocr_par' dir='ltr' id='par_1_45' title="bbox 21 4065 1683 4150">
     <span class='ocr_line' id='line_1_45' title="bbox 21 4065 1683 4150; baseline 0.012 -34"><span class='ocrx_word' id='word_1_344' title='bbox 21 4065 64 4116; x_wconf 76' lang='grc' dir='ltr'>ἰν</span> <span class='ocrx_word' id='word_1_345' title='bbox 85 4068 158 4137; x_wconf 82' lang='grc' dir='ltr'>τῷ</span> <span class='ocrx_word' id='word_1_346' title='bbox 197 4070 440 4138; x_wconf 81' lang='grc' dir='ltr'>παρόντι</span> <span class='ocrx_word' id='word_1_347' title='bbox 467 4072 535 4123; x_wconf 75' lang='grc' dir='ltr'>τά</span> <span class='ocrx_word' id='word_1_348' title='bbox 563 4072 661 4141; x_wconf 81' lang='grc' dir='ltr'>τῆς</span> <span class='ocrx_word' id='word_1_349' title='bbox 686 4074 987 4145; x_wconf 83' lang='grc' dir='ltr'>μεταϐολῆς</span> <span class='ocrx_word' id='word_1_350' title='bbox 1010 4076 1169 4129; x_wconf 76' lang='grc' dir='ltr'>αὑτὸν</span> <span class='ocrx_word' id='word_1_351' title='bbox 1199 4077 1495 4150; x_wconf 79' lang='grc' dir='ltr'>ἐκδέξηται,</span> <span class='ocrx_word' id='word_1_352' title='bbox 1530 4084 1558 4135; x_wconf 90' lang='lat'>6</span> <span class='ocrx_word' id='word_1_353' title='bbox 1588 4065 1683 4135; x_wconf 56' lang='grc' dir='ltr'>θάέ</span> 
     </span>
    </p>
   </div>
   <div class='ocr_carea' id='block_1_46' title="bbox 22 4157 1684 4242">
    <p class='ocr_par' dir='ltr' id='par_1_46' title="bbox 22 4157 1684 4242">
     <span class='ocr_line' id='line_1_46' title="bbox 22 4157 1684 4242; baseline 0.013 -39"><span class='ocrx_word' id='word_1_354' title='bbox 22 4171 156 4218; x_wconf 68' lang='lat' dir='ltr'>nuto;</span> <span class='ocrx_word' id='word_1_355' title='bbox 190 4157 419 4221; x_wconf 82' lang='grc' dir='ltr'>πάντως</span> <span class='ocrx_word' id='word_1_356' title='bbox 450 4160 690 4213; x_wconf 83' lang='grc' dir='ltr'>ἐπελθὼν</span> <span class='ocrx_word' id='word_1_357' title='bbox 717 4161 930 4231; x_wconf 68' lang='grc' dir='ltr'>διέκοψε</span> <span class='ocrx_word' id='word_1_358' title='bbox 950 4164 1045 4234; x_wconf 74' lang='grc' dir='ltr'>τὴν</span> <span class='ocrx_word' id='word_1_359' title='bbox 1075 4164 1390 4235; x_wconf 81' lang='grc' dir='ltr'>εὐημερίαν,</span> <span class='ocrx_word' id='word_1_360' title='bbox 1414 4169 1507 4221; x_wconf 81' lang='grc' dir='ltr'>καὶ</span> <span class='ocrx_word' id='word_1_361' title='bbox 1534 4172 1561 4223; x_wconf 97' lang='lat'>6</span> <span class='ocrx_word' id='word_1_362' title='bbox 1587 4172 1684 4242; x_wconf 79' lang='grc' dir='ltr'>σή-</span> 
     </span>
    </p>
   </div>
   <div class='ocr_carea' id='block_1_47' title="bbox 21 4242 1683 4328">
    <p class='ocr_par' dir='ltr' id='par_1_47' title="bbox 21 4242 1683 4328">
     <span class='ocr_line' id='line_1_47' title="bbox 21 4242 1683 4328; baseline 0.011 -36"><span class='ocrx_word' id='word_1_363' title='bbox 21 4258 169 4328; x_wconf 73' lang='grc' dir='ltr'>μερον</span> <span class='ocrx_word' id='word_1_364' title='bbox 211 4242 388 4295; x_wconf 89' lang='grc' dir='ltr'>σοϐῶν</span> <span class='ocrx_word' id='word_1_365' title='bbox 420 4245 515 4297; x_wconf 73' lang='grc' dir='ltr'>ἐπὶ</span> <span class='ocrx_word' id='word_1_366' title='bbox 544 4247 640 4317; x_wconf 78' lang='grc' dir='ltr'>τῆς</span> <span class='ocrx_word' id='word_1_367' title='bbox 666 4247 891 4319; x_wconf 85' lang='grc' dir='ltr'>ἀγορᾶς,</span> <span class='ocrx_word' id='word_1_368' title='bbox 941 4251 1033 4302; x_wconf 81' lang='grc' dir='ltr'>καί</span> <span class='ocrx_word' id='word_1_369' title='bbox 1080 4254 1157 4314; x_wconf 85' lang='grc' dir='ltr'>εἰς</span> <span class='ocrx_word' id='word_1_370' title='bbox 1194 4252 1562 4327; x_wconf 81' lang='grc' dir='ltr'>δεσμωτήριον</span> <span class='ocrx_word' id='word_1_371' title='bbox 1592 4260 1683 4328; x_wconf 83' lang='grc' dir='ltr'>ἐμ-</span> 
     </span>
    </p>
   </div>
   <div class='ocr_carea' id='block_1_48' title="bbox 21 4327 1682 4412">
    <p class='ocr_par' dir='ltr' id='par_1_48' title="bbox 21 4327 1682 4412">
     <span class='ocr_line' id='line_1_48' title="bbox 21 4327 1682 4412; baseline 0.013 -36"><span class='ocrx_word' id='word_1_372' title='bbox 21 4327 243 4389; x_wconf 73' lang='grc' dir='ltr'>Βάλλων,</span> <span class='ocrx_word' id='word_1_373' title='bbox 307 4332 405 4383; x_wconf 73' lang='grc' dir='ltr'>καὶ</span> <span class='ocrx_word' id='word_1_374' title='bbox 456 4332 550 4385; x_wconf 78' lang='grc' dir='ltr'>ἐπὶ</span> <span class='ocrx_word' id='word_1_375' title='bbox 607 4333 693 4386; x_wconf 81' lang='grc' dir='ltr'>τοῦ</span> <span class='ocrx_word' id='word_1_376' title='bbox 727 4335 917 4404; x_wconf 62' lang='grc' dir='ltr'>θρόνου</span> <span class='ocrx_word' id='word_1_377' title='bbox 966 4336 1295 4407; x_wconf 85' lang='grc' dir='ltr'>καθήμενος,</span> <span class='ocrx_word' id='word_1_378' title='bbox 1334 4344 1425 4394; x_wconf 78' lang='grc' dir='ltr'>καὶ</span> <span class='ocrx_word' id='word_1_379' title='bbox 1470 4327 1682 4412; x_wconf 86' lang='grc' dir='ltr'>μεγάλα</span> 
     </span>
    </p>
   </div>
   <div class='ocr_carea' id='block_1_49' title="bbox 21 4418 1677 4503">
    <p class='ocr_par' dir='ltr' id='par_1_49' title="bbox 21 4418 1677 4503">
     <span class='ocr_line' id='line_1_49' title="bbox 21 4418 1677 4503; baseline 0.011 -37"><span class='ocrx_word' id='word_1_380' title='bbox 21 4418 217 4481; x_wconf 53' lang='grc' dir='ltr'>φυσῶν,</span> <span class='ocrx_word' id='word_1_381' title='bbox 274 4418 370 4469; x_wconf 74' lang='grc' dir='ltr'>καὶ</span> <span class='ocrx_word' id='word_1_382' title='bbox 414 4421 541 4483; x_wconf 76' lang='grc' dir='ltr'>τοὺς</span> <span class='ocrx_word' id='word_1_383' title='bbox 570 4421 813 4486; x_wconf 79' lang='grc' dir='ltr'>ἅπαντας</span> <span class='ocrx_word' id='word_1_384' title='bbox 847 4424 1166 4496; x_wconf 81' lang='grc' dir='ltr'>ἀνθρώπους</span> <span class='ocrx_word' id='word_1_385' title='bbox 1207 4427 1281 4490; x_wconf 84' lang='grc' dir='ltr'>ὡς</span> <span class='ocrx_word' id='word_1_386' title='bbox 1313 4430 1467 4492; x_wconf 87' lang='grc' dir='ltr'>σκιάς</span> <span class='ocrx_word' id='word_1_387' title='bbox 1514 4433 1677 4503; x_wconf 80' lang='grc' dir='ltr'>ὁρῶν,</span> 
     </span>
    </p>
   </div>
   <div class='ocr_carea' id='block_1_50' title="bbox 21 4504 1677 4589">
    <p class='ocr_par' dir='ltr' id='par_1_50' title="bbox 21 4504 1677 4589">
     <span class='ocr_line' id='line_1_50' title="bbox 21 4504 1677 4589; baseline 0.011 -35"><span class='ocrx_word' id='word_1_388' title='bbox 21 4504 207 4573; x_wconf 73' lang='grc' dir='ltr'>ὶθρόον</span> <span class='ocrx_word' id='word_1_389' title='bbox 235 4510 305 4576; x_wconf 77' lang='grc' dir='ltr'>τῇ</span> <span class='ocrx_word' id='word_1_390' title='bbox 340 4506 470 4576; x_wconf 75' lang='grc' dir='ltr'>ἑξῆς</span> <span class='ocrx_word' id='word_1_391' title='bbox 500 4512 670 4562; x_wconf 88' lang='grc' dir='ltr'>κεῖται</span> <span class='ocrx_word' id='word_1_392' title='bbox 707 4512 900 4581; x_wconf 85' lang='grc' dir='ltr'>νεκρὸς</span> <span class='ocrx_word' id='word_1_393' title='bbox 940 4514 1160 4577; x_wconf 81' lang='grc' dir='ltr'>ἄπνους,</span> <span class='ocrx_word' id='word_1_394' title='bbox 1200 4515 1462 4580; x_wconf 88' lang='grc' dir='ltr'>δυσωδίας</span> <span class='ocrx_word' id='word_1_395' title='bbox 1515 4521 1677 4589; x_wconf 83' lang='grc' dir='ltr'>ἐμπε-</span> 
     </span>
    </p>
   </div>
   <div class='ocr_carea' id='block_1_51' title="bbox 21 4592 1677 4672">
    <p class='ocr_par' dir='ltr' id='par_1_51' title="bbox 21 4592 1677 4672">
     <span class='ocr_line' id='line_1_51' title="bbox 21 4592 1677 4672; baseline 0.011 -30"><span class='ocrx_word' id='word_1_396' title='bbox 21 4592 346 4662; x_wconf 60' lang='grc' dir='ltr'>πλησμένος,</span> <span class='ocrx_word' id='word_1_397' title='bbox 404 4596 623 4666; x_wconf 80' lang='grc' dir='ltr'>μυρίαις</span> <span class='ocrx_word' id='word_1_398' title='bbox 661 4600 1013 4669; x_wconf 78' lang='grc' dir='ltr'>κατηγορίαις</span> <span class='ocrx_word' id='word_1_399' title='bbox 1057 4600 1399 4672; x_wconf 88' lang='grc' dir='ltr'>βαλλόμενος,</span> <span class='ocrx_word' id='word_1_400' title='bbox 1434 4606 1537 4658; x_wconf 76' lang='grc' dir='ltr'>ὑπὸ</span> <span class='ocrx_word' id='word_1_401' title='bbox 1572 4609 1677 4661; x_wconf 88' lang='grc' dir='ltr'>τῶν</span> 
     </span>
    </p>
   </div>
   <div class='ocr_carea' id='block_1_52' title="bbox 21 4680 1678 4761">
    <p class='ocr_par' dir='ltr' id='par_1_52' title="bbox 21 4680 1678 4761">
     <span class='ocr_line' id='line_1_52' title="bbox 21 4680 1678 4761; baseline 0.011 -30"><span class='ocrx_word' id='word_1_402' title='bbox 21 4681 402 4751; x_wconf 74' lang='grc' dir='ltr'>ἰδικηθέντων,</span> <span class='ocrx_word' id='word_1_403' title='bbox 431 4684 535 4735; x_wconf 79' lang='grc' dir='ltr'>ὑπὸ</span> <span class='ocrx_word' id='word_1_404' title='bbox 554 4684 662 4737; x_wconf 87' lang='grc' dir='ltr'>τῶν</span> <span class='ocrx_word' id='word_1_405' title='bbox 685 4680 849 4755; x_wconf 79' lang='grc' dir='ltr'>μηδὲν</span> <span class='ocrx_word' id='word_1_406' title='bbox 874 4687 1255 4757; x_wconf 76' lang='grc' dir='ltr'>ἀδικηθέντων,</span> <span class='ocrx_word' id='word_1_407' title='bbox 1278 4692 1678 4761; x_wconf 85' lang='grc' dir='ltr'>συναλγούντων</span> 
     </span>
    </p>
   </div>
   <div class='ocr_carea' id='block_1_53' title="bbox 22 4769 1675 4852">
    <p class='ocr_par' dir='ltr' id='par_1_53' title="bbox 22 4769 1675 4852">
     <span class='ocr_line' id='line_1_53' title="bbox 22 4769 1675 4852; baseline 0.012 -34"><span class='ocrx_word' id='word_1_408' title='bbox 22 4772 108 4829; x_wconf 73' lang='grc' dir='ltr'>;οἰς</span> <span class='ocrx_word' id='word_1_409' title='bbox 130 4769 466 4838; x_wconf 82' lang='grc' dir='ltr'>ἀδικηθεῖσι.</span> <span class='ocrx_word' id='word_1_410' title='bbox 500 4772 565 4823; x_wconf 89' lang='grc' dir='ltr'>Τί</span> <span class='ocrx_word' id='word_1_411' title='bbox 589 4772 681 4824; x_wconf 88' lang='grc' dir='ltr'>τοῦ</span> <span class='ocrx_word' id='word_1_412' title='bbox 710 4773 950 4825; x_wconf 87' lang='grc' dir='ltr'>τοιούτου</span> <span class='ocrx_word' id='word_1_413' title='bbox 975 4775 1332 4847; x_wconf 80' lang='grc' dir='ltr'>ἐλεεινότερον</span> <span class='ocrx_word' id='word_1_414' title='bbox 1361 4779 1554 4847; x_wconf 84' lang='grc' dir='ltr'>γένοιτ’</span> <span class='ocrx_word' id='word_1_415' title='bbox 1578 4783 1675 4852; x_wconf 83' lang='grc' dir='ltr'>ἄν;</span> 
     </span>
    </p>
   </div>
   <div class='ocr_carea' id='block_1_54' title="bbox 21 4853 1678 4935">
    <p class='ocr_par' dir='ltr' id='par_1_54' title="bbox 21 4853 1678 4935">
     <span class='ocr_line' id='line_1_54' title="bbox 21 4853 1678 4935; baseline 0.01 -29"><span class='ocrx_word' id='word_1_416' title='bbox 21 4853 100 4907; x_wconf 73' lang='grc' dir='ltr'>ἰαὶ</span> <span class='ocrx_word' id='word_1_417' title='bbox 135 4856 212 4908; x_wconf 76' lang='grc' dir='ltr'>τὰ</span> <span class='ocrx_word' id='word_1_418' title='bbox 238 4857 340 4925; x_wconf 82' lang='grc' dir='ltr'>μὲν</span> <span class='ocrx_word' id='word_1_419' title='bbox 371 4857 699 4926; x_wconf 86' lang='grc' dir='ltr'>συλλεγέντα</span> <span class='ocrx_word' id='word_1_420' title='bbox 720 4860 933 4914; x_wconf 76' lang='grc' dir='ltr'>ἅπαντα</span> <span class='ocrx_word' id='word_1_421' title='bbox 968 4862 1225 4925; x_wconf 79' lang='grc' dir='ltr'>πολλάκις</span> <span class='ocrx_word' id='word_1_422' title='bbox 1254 4864 1439 4935; x_wconf 79' lang='grc' dir='ltr'>ἐχθροὶ</span> <span class='ocrx_word' id='word_1_423' title='bbox 1469 4869 1560 4921; x_wconf 84' lang='grc' dir='ltr'>καὶ</span> <span class='ocrx_word' id='word_1_424' title='bbox 1585 4887 1678 4923; x_wconf 83' lang='grc' dir='ltr'>πο-</span> 
     </span>
    </p>
   </div>
   <div class='ocr_carea' id='block_1_55' title="bbox 22 4945 1677 5018">
    <p class='ocr_par' dir='ltr' id='par_1_55' title="bbox 22 4945 1677 5018">
     <span class='ocr_line' id='line_1_55' title="bbox 22 4945 1677 5018; baseline 0.012 -28"><span class='ocrx_word' id='word_1_425' title='bbox 22 4945 182 5012; x_wconf 60' lang='grc' dir='ltr'>ιέμιοι</span> <span class='ocrx_word' id='word_1_426' title='bbox 218 4945 359 5015; x_wconf 84' lang='grc' dir='ltr'>πρὸς</span> <span class='ocrx_word' id='word_1_427' title='bbox 374 4945 638 5015; x_wconf 83' lang='grc' dir='ltr'>ἀλλήλους</span> <span class='ocrx_word' id='word_1_428' title='bbox 666 4947 1002 5018; x_wconf 84' lang='grc' dir='ltr'>διενείμαντο</span> <span class='ocrx_word' id='word_1_429' title='bbox 1020 4966 1032 4980; x_wconf 73' lang='grc'><strong><em>⁸</em></strong></span> <span class='ocrx_word' id='word_1_430' title='bbox 1070 4952 1136 5003; x_wconf 81' lang='grc' dir='ltr'>τά</span> <span class='ocrx_word' id='word_1_431' title='bbox 1162 4950 1217 5002; x_wconf 86' lang='grc' dir='ltr'>δὲ</span> <span class='ocrx_word' id='word_1_432' title='bbox 1246 4953 1310 5005; x_wconf 90' lang='grc' dir='ltr'>ἐκ</span> <span class='ocrx_word' id='word_1_433' title='bbox 1336 4953 1537 5008; x_wconf 90' lang='grc' dir='ltr'>τούτων</span> <span class='ocrx_word' id='word_1_434' title='bbox 1558 4958 1677 5009; x_wconf 85' lang='grc' dir='ltr'>ἐπι-</span> 
     </span>
    </p>
   </div>
   <div class='ocr_carea' id='block_1_56' title="bbox 21 5031 1678 5108">
    <p class='ocr_par' dir='ltr' id='par_1_56' title="bbox 21 5031 1678 5108">
     <span class='ocr_line' id='line_1_56' title="bbox 21 5031 1678 5108; baseline 0.01 -28"><span class='ocrx_word' id='word_1_435' title='bbox 21 5031 354 5100; x_wconf 71' lang='grc' dir='ltr'>ῖωρευθέντα</span> <span class='ocrx_word' id='word_1_436' title='bbox 415 5044 441 5072; x_wconf 77' lang='grc' dir='ltr'>ι</span> <span class='ocrx_word' id='word_1_437' title='bbox 502 5034 649 5105; x_wconf 87' lang='grc' dir='ltr'>αὑτῷ</span> <span class='ocrx_word' id='word_1_438' title='bbox 706 5036 1075 5107; x_wconf 80' lang='grc' dir='ltr'>ἁμαρτήματα</span> <span class='ocrx_word' id='word_1_439' title='bbox 1123 5037 1299 5091; x_wconf 84' lang='grc' dir='ltr'>λαϐὼν</span> <span class='ocrx_word' id='word_1_440' title='bbox 1347 5041 1551 5106; x_wconf 77' lang='grc' dir='ltr'>ἄπεισι,</span> <span class='ocrx_word' id='word_1_441' title='bbox 1581 5045 1678 5108; x_wconf 73' lang='grc' dir='ltr'>τὰς</span> 
     </span>
    </p>
   </div>
   <div class='ocr_carea' id='block_1_57' title="bbox 21 5119 1678 5204">
    <p class='ocr_par' dir='ltr' id='par_1_57' title="bbox 21 5119 1678 5204">
     <span class='ocr_line' id='line_1_57' title="bbox 21 5119 1678 5204; baseline 0.01 -36"><span class='ocrx_word' id='word_1_442' title='bbox 21 5121 141 5189; x_wconf 62' lang='grc' dir='ltr'>νπὲρ</span> <span class='ocrx_word' id='word_1_443' title='bbox 178 5119 391 5173; x_wconf 80' lang='grc' dir='ltr'>τούτων</span> <span class='ocrx_word' id='word_1_444' title='bbox 422 5122 717 5191; x_wconf 78' lang='grc' dir='ltr'>ἀπολογίας</span> <span class='ocrx_word' id='word_1_445' title='bbox 758 5126 895 5193; x_wconf 86' lang='grc' dir='ltr'>μετά</span> <span class='ocrx_word' id='word_1_446' title='bbox 929 5125 1125 5195; x_wconf 82' lang='grc' dir='ltr'>πολλῆς</span> <span class='ocrx_word' id='word_1_447' title='bbox 1152 5128 1551 5199; x_wconf 84' lang='grc' dir='ltr'>ἀπαιτούμενος</span> <span class='ocrx_word' id='word_1_448' title='bbox 1580 5136 1678 5204; x_wconf 79' lang='grc' dir='ltr'>τῆς</span> 
     </span>
    </p>
   </div>
   <div class='ocr_carea' id='block_1_58' title="bbox 21 5208 1676 5290">
    <p class='ocr_par' dir='ltr' id='par_1_58' title="bbox 21 5208 1676 5290">
     <span class='ocr_line' id='line_1_58' title="bbox 21 5208 1676 5290; baseline 0.01 -34"><span class='ocrx_word' id='word_1_449' title='bbox 21 5208 319 5275; x_wconf 79' lang='grc' dir='ltr'>ικριϐείας.</span> <span class='ocrx_word' id='word_1_450' title='bbox 361 5208 453 5261; x_wconf 80' lang='grc' dir='ltr'>Διὸ</span> <span class='ocrx_word' id='word_1_451' title='bbox 474 5211 797 5279; x_wconf 84' lang='grc' dir='ltr'>παρακαλῶ,</span> <span class='ocrx_word' id='word_1_452' title='bbox 829 5211 1119 5280; x_wconf 87' lang='grc' dir='ltr'>φεύγοντες</span> <span class='ocrx_word' id='word_1_453' title='bbox 1153 5213 1250 5285; x_wconf 84' lang='grc' dir='ltr'>τὴν</span> <span class='ocrx_word' id='word_1_454' title='bbox 1284 5218 1443 5287; x_wconf 80' lang='grc' dir='ltr'>κενὴν</span> <span class='ocrx_word' id='word_1_455' title='bbox 1475 5219 1676 5290; x_wconf 85' lang='grc' dir='ltr'>ταύτην</span> 
     </span>
    </p>
   </div>
   <div class='ocr_carea' id='block_1_59' title="bbox 22 5296 1699 5370">
    <p class='ocr_par' dir='ltr' id='par_1_59' title="bbox 22 5296 1699 5370">
     <span class='ocr_line' id='line_1_59' title="bbox 22 5296 1699 5370; baseline 0.008 -24"><span class='ocrx_word' id='word_1_456' title='bbox 22 5298 185 5360; x_wconf 65' lang='grc' dir='ltr'>ὁξαν,</span> <span class='ocrx_word' id='word_1_457' title='bbox 230 5296 333 5366; x_wconf 82' lang='grc' dir='ltr'>τὴν</span> <span class='ocrx_word' id='word_1_458' title='bbox 360 5297 537 5369; x_wconf 85' lang='grc' dir='ltr'>ἀληθῆ</span> <span class='ocrx_word' id='word_1_459' title='bbox 598 5300 939 5370; x_wconf 88' lang='grc' dir='ltr'>ποθήσωμεν,</span> <span class='ocrx_word' id='word_1_460' title='bbox 978 5303 1071 5354; x_wconf 82' lang='grc' dir='ltr'>καὶ</span> <span class='ocrx_word' id='word_1_461' title='bbox 1111 5300 1550 5366; x_wconf 75' lang='grc' dir='ltr'>διαιωνίζουσαν·</span> <span class='ocrx_word' id='word_1_462' title='bbox 1582 5310 1699 5361; x_wconf 53' lang='grc' dir='ltr'>καὶν</span> 
     </span>
    </p>
   </div>
   <div class='ocr_carea' id='block_1_60' title="bbox 21 5388 1678 5466">
    <p class='ocr_par' dir='ltr' id='par_1_60' title="bbox 21 5388 1678 5466">
     <span class='ocr_line' id='line_1_60' title="bbox 21 5388 1678 5466; baseline 0.008 -32"><span class='ocrx_word' id='word_1_463' title='bbox 21 5389 143 5454; x_wconf 69' lang='grc' dir='ltr'>ιήτε</span> <span class='ocrx_word' id='word_1_464' title='bbox 176 5388 480 5457; x_wconf 71' lang='grc' dir='ltr'>χρημάτων</span> <span class='ocrx_word' id='word_1_465' title='bbox 514 5388 651 5459; x_wconf 69' lang='grc' dir='ltr'>ἔρως</span> <span class='ocrx_word' id='word_1_466' title='bbox 692 5391 838 5460; x_wconf 81' lang='grc' dir='ltr'>ἡμᾶς</span> <span class='ocrx_word' id='word_1_467' title='bbox 865 5391 1285 5458; x_wconf 64' lang='grc' dir='ltr'>ὑποηελιζέτω,</span> <span class='ocrx_word' id='word_1_468' title='bbox 1326 5396 1463 5466; x_wconf 87' lang='grc' dir='ltr'>μήτε</span> <span class='ocrx_word' id='word_1_469' title='bbox 1498 5395 1678 5449; x_wconf 69' lang='grc' dir='ltr'>ἐπιθυι</span> 
     </span>
    </p>
   </div>
   <div class='ocr_carea' id='block_1_61' title="bbox 65 5534 1671 5609">
    <p class='ocr_par' dir='ltr' id='par_1_61' title="bbox 65 5534 1671 5609">
     <span class='ocr_line' id='line_1_61' title="bbox 65 5534 1671 5609; baseline 0.007 -27"><span class='ocrx_word' id='word_1_470' title='bbox 65 5536 81 5556; x_wconf 88' lang='grc'><strong><em>⁸</em></strong></span> <span class='ocrx_word' id='word_1_471' title='bbox 107 5534 287 5607; x_wconf 68' lang='lat' dir='ltr'>Morel.</span> <span class='ocrx_word' id='word_1_472' title='bbox 331 5538 699 5600; x_wconf 75' lang='grc' dir='ltr'>ἐκσωρευθέντα.</span> <span class='ocrx_word' id='word_1_473' title='bbox 747 5539 856 5590; x_wconf 69' lang='lat' dir='ltr'>Mox</span> <span class='ocrx_word' id='word_1_474' title='bbox 882 5540 1022 5591; x_wconf 80' lang='grc' dir='ltr'>ωυιυ</span> <span class='ocrx_word' id='word_1_475' title='bbox 1066 5554 1178 5593; x_wconf 59' lang='grc' dir='ltr'>ωδε.</span> <span class='ocrx_word' id='word_1_476' title='bbox 1221 5544 1302 5599; x_wconf 82' lang='grc' dir='ltr'>τάς</span> <span class='ocrx_word' id='word_1_477' title='bbox 1344 5546 1458 5609; x_wconf 77' lang='grc' dir='ltr'>ὑπὲρ</span> <span class='ocrx_word' id='word_1_478' title='bbox 1491 5547 1671 5595; x_wconf 82' lang='grc' dir='ltr'>τούτων</span> 
     </span>
    </p>
   </div>
   <div class='ocr_carea' id='block_1_62' title="bbox 21 5611 321 5660">
    <p class='ocr_par' dir='ltr' id='par_1_62' title="bbox 21 5611 321 5660">
     <span class='ocr_line' id='line_1_62' title="bbox 21 5611 321 5660; baseline -0.017 0"><span class='ocrx_word' id='word_1_479' title='bbox 21 5611 321 5660; x_wconf 56' lang='lat' dir='ltr'>unam;-</span> 
     </span>
    </p>
   </div>
   <div class='ocr_carea' id='block_1_63' title="bbox 1190 206 2338 265">
    <p class='ocr_par' dir='ltr' id='par_1_63' title="bbox 1190 206 2338 265">
     <span class='ocr_line' id='line_1_63' title="bbox 1190 206 2338 265; baseline 0.003 -3"><span class='ocrx_word' id='word_1_480' title='bbox 1190 208 1254 263; x_wconf 78' lang='grc' dir='ltr'>ΙΝ</span> <span class='ocrx_word' id='word_1_481' title='bbox 1294 209 1445 264; x_wconf 80' lang='lat' dir='ltr'>CAP.</span> <span class='ocrx_word' id='word_1_482' title='bbox 1488 210 1555 263; x_wconf 75' lang='grc' dir='ltr'>γι</span> <span class='ocrx_word' id='word_1_483' title='bbox 1595 206 1844 263; x_wconf 69' lang='grc' dir='ltr'>ϐΕΝΕδ.</span> <span class='ocrx_word' id='word_1_484' title='bbox 1884 206 2115 265; x_wconf 76' lang='grc' dir='ltr'>ιιωιιι..</span> <span class='ocrx_word' id='word_1_485' title='bbox 2150 209 2338 265; x_wconf 78' lang='lat' dir='ltr'>XXIII.</span> 
     </span>
    </p>
   </div>
   <div class='ocr_carea' id='block_1_64' title="bbox 3371 212 3467 270">
    <p class='ocr_par' dir='ltr' id='par_1_64' title="bbox 3371 212 3467 270">
     <span class='ocr_line' id='line_1_64' title="bbox 3371 212 3467 270; baseline 0 0"><span class='ocrx_word' id='word_1_486' title='bbox 3371 212 3467 270; x_wconf 64' lang='lat'>196</span> 
     </span>
    </p>
   </div>
   <div class='ocr_carea' id='block_1_65' title="bbox 1822 323 3456 400">
    <p class='ocr_par' dir='ltr' id='par_1_65' title="bbox 1822 323 3456 400">
     <span class='ocr_line' id='line_1_65' title="bbox 1822 323 3456 400; baseline 0.005 -25"><span class='ocrx_word' id='word_1_487' title='bbox 1822 323 1950 392; x_wconf 88' lang='grc' dir='ltr'>μίας</span> <span class='ocrx_word' id='word_1_488' title='bbox 1971 324 2102 392; x_wconf 77' lang='grc' dir='ltr'>φλὸξ</span> <span class='ocrx_word' id='word_1_489' title='bbox 2130 324 2492 387; x_wconf 82' lang='grc' dir='ltr'>κατακαιέτω,</span> <span class='ocrx_word' id='word_1_490' title='bbox 2539 327 2673 397; x_wconf 88' lang='grc' dir='ltr'>μήτε</span> <span class='ocrx_word' id='word_1_491' title='bbox 2712 326 2907 396; x_wconf 75' lang='grc' dir='ltr'>φθόνος</span> <span class='ocrx_word' id='word_1_492' title='bbox 2935 326 3029 383; x_wconf 78' lang='grc' dir='ltr'>καὶ</span> <span class='ocrx_word' id='word_1_493' title='bbox 3081 326 3347 396; x_wconf 77' lang='grc' dir='ltr'>βασκανία</span> <span class='ocrx_word' id='word_1_494' title='bbox 3372 346 3456 400; x_wconf 84' lang='grc' dir='ltr'>τη·</span> 
     </span>
    </p>
   </div>
   <div class='ocr_carea' id='block_1_66' title="bbox 1814 408 3465 485">
    <p class='ocr_par' dir='ltr' id='par_1_66' title="bbox 1814 408 3465 485">
     <span class='ocr_line' id='line_1_66' title="bbox 1814 408 3465 485; baseline 0.005 -24"><span class='ocrx_word' id='word_1_495' title='bbox 1814 408 1979 473; x_wconf 74' lang='grc' dir='ltr'>κέτω,</span> <span class='ocrx_word' id='word_1_496' title='bbox 2014 413 2153 481; x_wconf 87' lang='grc' dir='ltr'>μήτε</span> <span class='ocrx_word' id='word_1_497' title='bbox 2171 412 2339 481; x_wconf 78' lang='grc' dir='ltr'>θυμὸς</span> <span class='ocrx_word' id='word_1_498' title='bbox 2370 414 2697 483; x_wconf 80' lang='grc' dir='ltr'>ἐμπρησμὸν</span> <span class='ocrx_word' id='word_1_499' title='bbox 2728 417 2858 484; x_wconf 87' lang='grc' dir='ltr'>ήμῖν</span> <span class='ocrx_word' id='word_1_500' title='bbox 2883 415 3307 485; x_wconf 81' lang='grc' dir='ltr'>ἀπεργαζέσθω·</span> <span class='ocrx_word' id='word_1_501' title='bbox 3333 416 3465 469; x_wconf 71' lang='grc' dir='ltr'>ἀλλὰ</span> 
     </span>
    </p>
   </div>
   <div class='ocr_carea' id='block_1_67' title="bbox 1812 496 3464 575">
    <p class='ocr_par' dir='ltr' id='par_1_67' title="bbox 1812 496 3464 575">
     <span class='ocr_line' id='line_1_67' title="bbox 1812 496 3464 575; baseline 0.005 -27"><span class='ocrx_word' id='word_1_502' title='bbox 1812 496 1988 549; x_wconf 83' lang='grc' dir='ltr'>πάντα</span> <span class='ocrx_word' id='word_1_503' title='bbox 2011 498 2178 552; x_wconf 86' lang='grc' dir='ltr'>ταῦτα</span> <span class='ocrx_word' id='word_1_504' title='bbox 2203 498 2271 551; x_wconf 90' lang='grc' dir='ltr'>τά</span> <span class='ocrx_word' id='word_1_505' title='bbox 2291 500 2501 569; x_wconf 81' lang='grc' dir='ltr'>πονηρὰ</span> <span class='ocrx_word' id='word_1_506' title='bbox 2540 501 2630 553; x_wconf 74' lang='grc' dir='ltr'>καὶ</span> <span class='ocrx_word' id='word_1_507' title='bbox 2652 501 2867 570; x_wconf 78' lang='grc' dir='ltr'>ὀλέθρια</span> <span class='ocrx_word' id='word_1_508' title='bbox 2897 502 3044 575; x_wconf 84' lang='grc' dir='ltr'>πάθῃ</span> <span class='ocrx_word' id='word_1_509' title='bbox 3082 506 3145 573; x_wconf 80' lang='grc' dir='ltr'>τῇ</span> <span class='ocrx_word' id='word_1_510' title='bbox 3174 502 3353 574; x_wconf 78' lang='grc' dir='ltr'>δρόσῳ</span> <span class='ocrx_word' id='word_1_511' title='bbox 3373 503 3464 556; x_wconf 82' lang='grc' dir='ltr'>τοῦ</span> 
     </span>
    </p>
   </div>
   <div class='ocr_carea' id='block_1_68' title="bbox 1812 582 3464 659">
    <p class='ocr_par' dir='ltr' id='par_1_68' title="bbox 1812 582 3464 659">
     <span class='ocr_line' id='line_1_68' title="bbox 1812 582 3464 659; baseline 0.004 -23"><span class='ocrx_word' id='word_1_512' title='bbox 1812 582 2127 652; x_wconf 85' lang='grc' dir='ltr'>Πνεύματος</span> <span class='ocrx_word' id='word_1_513' title='bbox 2175 586 2606 649; x_wconf 84' lang='grc' dir='ltr'>κατασϐέσαντες</span> <span class='ocrx_word' id='word_1_514' title='bbox 2638 588 2975 657; x_wconf 83' lang='grc' dir='ltr'>ὑπερίδωμεν</span> <span class='ocrx_word' id='word_1_515' title='bbox 3018 590 3126 641; x_wconf 88' lang='grc' dir='ltr'>τῶν</span> <span class='ocrx_word' id='word_1_516' title='bbox 3164 590 3464 659; x_wconf 83' lang='grc' dir='ltr'>παρόντων,</span> 
     </span>
    </p>
   </div>
   <div class='ocr_carea' id='block_1_69' title="bbox 1812 668 3460 745">
    <p class='ocr_par' dir='ltr' id='par_1_69' title="bbox 1812 668 3460 745">
     <span class='ocr_line' id='line_1_69' title="bbox 1812 668 3460 745; baseline 0.005 -25"><span class='ocrx_word' id='word_1_517' title='bbox 1812 668 2136 738; x_wconf 87' lang='grc' dir='ltr'>ποθήσωμεν</span> <span class='ocrx_word' id='word_1_518' title='bbox 2167 670 2235 723; x_wconf 74' lang='grc' dir='ltr'>τὰ</span> <span class='ocrx_word' id='word_1_519' title='bbox 2273 671 2549 740; x_wconf 84' lang='grc' dir='ltr'>μέλλοντα,</span> <span class='ocrx_word' id='word_1_520' title='bbox 2575 672 2779 727; x_wconf 78' lang='grc' dir='ltr'>ἔννοιάν</span> <span class='ocrx_word' id='word_1_521' title='bbox 2804 690 2923 726; x_wconf 86' lang='grc' dir='ltr'>τινα</span> <span class='ocrx_word' id='word_1_522' title='bbox 2945 674 3196 745; x_wconf 75' lang='grc' dir='ltr'>λάϐωμεν</span> <span class='ocrx_word' id='word_1_523' title='bbox 3219 676 3318 744; x_wconf 83' lang='grc' dir='ltr'>τῆς</span> <span class='ocrx_word' id='word_1_524' title='bbox 3341 675 3460 744; x_wconf 86' lang='grc' dir='ltr'>μελ-</span> 
     </span>
    </p>
   </div>
   <div class='ocr_carea' id='block_1_70' title="bbox 1809 754 3462 830">
    <p class='ocr_par' dir='ltr' id='par_1_70' title="bbox 1809 754 3462 830">
     <span class='ocr_line' id='line_1_70' title="bbox 1809 754 3462 830; baseline 0.005 -23"><span class='ocrx_word' id='word_1_525' title='bbox 1809 754 2007 825; x_wconf 82' lang='grc' dir='ltr'>λούσης</span> <span class='ocrx_word' id='word_1_526' title='bbox 2044 756 2273 826; x_wconf 83' lang='grc' dir='ltr'>ήμέρας.</span> <span class='ocrx_word' id='word_1_527' title='bbox 2305 757 2397 809; x_wconf 83' lang='grc' dir='ltr'>καὶ</span> <span class='ocrx_word' id='word_1_528' title='bbox 2426 758 2625 829; x_wconf 79' lang='grc' dir='ltr'>πολλὴν</span> <span class='ocrx_word' id='word_1_529' title='bbox 2648 758 2740 812; x_wconf 89' lang='grc' dir='ltr'>τοῦ</span> <span class='ocrx_word' id='word_1_530' title='bbox 2775 760 2888 829; x_wconf 86' lang='grc' dir='ltr'>βίου</span> <span class='ocrx_word' id='word_1_531' title='bbox 2917 759 3011 830; x_wconf 82' lang='grc' dir='ltr'>τὴν</span> <span class='ocrx_word' id='word_1_532' title='bbox 3032 761 3314 830; x_wconf 84' lang='grc' dir='ltr'>ἀκρίϐειαν</span> <span class='ocrx_word' id='word_1_533' title='bbox 3344 763 3462 815; x_wconf 75' lang='grc' dir='ltr'>ἐπιο</span> 
     </span>
    </p>
   </div>
   <div class='ocr_carea' id='block_1_71' title="bbox 1807 839 3462 918">
    <p class='ocr_par' dir='ltr' id='par_1_71' title="bbox 1807 839 3462 918">
     <span class='ocr_line' id='line_1_71' title="bbox 1807 839 3462 918; baseline 0.004 -24"><span class='ocrx_word' id='word_1_534' title='bbox 1807 839 2128 911; x_wconf 77' lang='grc' dir='ltr'>δειξώμεθα.</span> <span class='ocrx_word' id='word_1_535' title='bbox 2161 842 2293 894; x_wconf 75' lang='grc' dir='ltr'>Οὐδὲ</span> <span class='ocrx_word' id='word_1_536' title='bbox 2323 843 2429 913; x_wconf 76' lang='grc' dir='ltr'>γὰρ</span> <span class='ocrx_word' id='word_1_537' title='bbox 2456 843 2542 897; x_wconf 88' lang='grc' dir='ltr'>διά</span> <span class='ocrx_word' id='word_1_538' title='bbox 2569 845 2726 897; x_wconf 90' lang='grc' dir='ltr'>τοῦτο</span> <span class='ocrx_word' id='word_1_539' title='bbox 2754 846 2831 907; x_wconf 82' lang='grc' dir='ltr'>εἰς</span> <span class='ocrx_word' id='word_1_540' title='bbox 2861 846 2951 898; x_wconf 82' lang='grc' dir='ltr'>τὸν</span> <span class='ocrx_word' id='word_1_541' title='bbox 2980 846 3094 915; x_wconf 91' lang='grc' dir='ltr'>βίον</span> <span class='ocrx_word' id='word_1_542' title='bbox 3121 846 3308 901; x_wconf 83' lang='grc' dir='ltr'>τοῦτον</span> <span class='ocrx_word' id='word_1_543' title='bbox 3331 864 3462 918; x_wconf 85' lang='grc' dir='ltr'>παρ-</span> 
     </span>
    </p>
   </div>
   <div class='ocr_carea' id='block_1_72' title="bbox 1806 927 3093 1002">
    <p class='ocr_par' dir='ltr' id='par_1_72' title="bbox 1806 927 3093 1002">
     <span class='ocr_line' id='line_1_72' title="bbox 1806 927 3093 1002; baseline 0.002 -22"><span class='ocrx_word' id='word_1_544' title='bbox 1806 927 2072 997; x_wconf 84' lang='grc' dir='ltr'>ήχθημεν,</span> <span class='ocrx_word' id='word_1_545' title='bbox 2106 929 2189 981; x_wconf 83' lang='grc' dir='ltr'>ἴνα</span> <span class='ocrx_word' id='word_1_546' title='bbox 2224 929 2385 999; x_wconf 89' lang='grc' dir='ltr'>μόνον</span> <span class='ocrx_word' id='word_1_547' title='bbox 2403 930 2671 1001; x_wconf 72' lang='grc' dir='ltr'>ἐσθίωμεν</span> <span class='ocrx_word' id='word_1_548' title='bbox 2702 933 2795 986; x_wconf 78' lang='grc' dir='ltr'>καὶ</span> <span class='ocrx_word' id='word_1_549' title='bbox 2832 931 3093 1002; x_wconf 85' lang='grc' dir='ltr'>πίνωμεν.</span> 
     </span>
    </p>
   </div>
   <div class='ocr_carea' id='block_1_73' title="bbox 1875 1014 3461 1087">
    <p class='ocr_par' dir='ltr' id='par_1_73' title="bbox 1875 1014 3461 1087">
     <span class='ocr_line' id='line_1_73' title="bbox 1875 1014 3461 1087; baseline 0.004 -20"><span class='ocrx_word' id='word_1_550' title='bbox 1875 1015 1949 1067; x_wconf 89' lang='grc' dir='ltr'>Οὑ</span> <span class='ocrx_word' id='word_1_551' title='bbox 1985 1015 2048 1067; x_wconf 83' lang='grc' dir='ltr'>τὸ</span> <span class='ocrx_word' id='word_1_552' title='bbox 2074 1014 2173 1086; x_wconf 79' lang='grc' dir='ltr'>ζῇν</span> <span class='ocrx_word' id='word_1_553' title='bbox 2199 1016 2287 1070; x_wconf 79' lang='grc' dir='ltr'>διά</span> <span class='ocrx_word' id='word_1_554' title='bbox 2314 1017 2375 1070; x_wconf 83' lang='grc' dir='ltr'>τὸ</span> <span class='ocrx_word' id='word_1_555' title='bbox 2402 1020 2592 1085; x_wconf 85' lang='grc' dir='ltr'>φαγεῖν</span> <span class='ocrx_word' id='word_1_556' title='bbox 2621 1018 2714 1071; x_wconf 78' lang='grc' dir='ltr'>καὶ</span> <span class='ocrx_word' id='word_1_557' title='bbox 2747 1022 2886 1072; x_wconf 85' lang='grc' dir='ltr'>πιεῖν</span> <span class='ocrx_word' id='word_1_558' title='bbox 2936 1020 3175 1087; x_wconf 82' lang='grc' dir='ltr'>γέγονεν,</span> <span class='ocrx_word' id='word_1_559' title='bbox 3208 1019 3341 1073; x_wconf 86' lang='grc' dir='ltr'>ἀλλά</span> <span class='ocrx_word' id='word_1_560' title='bbox 3372 1018 3461 1073; x_wconf 76' lang='grc' dir='ltr'>διὰ</span> 
     </span>
    </p>
   </div>
   <div class='ocr_carea' id='block_1_74' title="bbox 1802 1100 3461 1177">
    <p class='ocr_par' dir='ltr' id='par_1_74' title="bbox 1802 1100 3461 1177">
     <span class='ocr_line' id='line_1_74' title="bbox 1802 1100 3461 1177; baseline 0.003 -22"><span class='ocrx_word' id='word_1_561' title='bbox 1802 1102 1863 1155; x_wconf 83' lang='grc' dir='ltr'>τὸ</span> <span class='ocrx_word' id='word_1_562' title='bbox 1892 1100 1990 1171; x_wconf 77' lang='grc' dir='ltr'>ζῇν</span> <span class='ocrx_word' id='word_1_563' title='bbox 2019 1102 2079 1154; x_wconf 78' lang='grc' dir='ltr'>τὸ</span> <span class='ocrx_word' id='word_1_564' title='bbox 2107 1107 2299 1171; x_wconf 83' lang='grc' dir='ltr'>φαγεῖν</span> <span class='ocrx_word' id='word_1_565' title='bbox 2337 1105 2430 1157; x_wconf 75' lang='grc' dir='ltr'>καὶ</span> <span class='ocrx_word' id='word_1_566' title='bbox 2461 1107 2621 1158; x_wconf 86' lang='grc' dir='ltr'>πιεῖν.</span> <span class='ocrx_word' id='word_1_567' title='bbox 2658 1105 2747 1176; x_wconf 82' lang='grc' dir='ltr'>Μή</span> <span class='ocrx_word' id='word_1_568' title='bbox 2792 1107 2970 1158; x_wconf 80' lang='grc' dir='ltr'>τοίνυν</span> <span class='ocrx_word' id='word_1_569' title='bbox 3021 1108 3461 1177; x_wconf 81' lang='grc' dir='ltr'>ἀντιστρέφωμεν</span> 
     </span>
    </p>
   </div>
   <div class='ocr_carea' id='block_1_75' title="bbox 1801 1190 3458 1265">
    <p class='ocr_par' dir='ltr' id='par_1_75' title="bbox 1801 1190 3458 1265">
     <span class='ocr_line' id='line_1_75' title="bbox 1801 1190 3458 1265; baseline 0.002 -22"><span class='ocrx_word' id='word_1_570' title='bbox 1801 1190 1900 1260; x_wconf 79' lang='grc' dir='ltr'>τὴν</span> <span class='ocrx_word' id='word_1_571' title='bbox 1929 1191 2100 1257; x_wconf 81' lang='grc' dir='ltr'>τάξιν,</span> <span class='ocrx_word' id='word_1_572' title='bbox 2130 1193 2263 1261; x_wconf 86' lang='grc' dir='ltr'>μήτε</span> <span class='ocrx_word' id='word_1_573' title='bbox 2292 1191 2365 1254; x_wconf 86' lang='grc' dir='ltr'>ὼς</span> <span class='ocrx_word' id='word_1_574' title='bbox 2406 1191 2471 1244; x_wconf 83' lang='grc' dir='ltr'>δι’</span> <span class='ocrx_word' id='word_1_575' title='bbox 2502 1192 2633 1244; x_wconf 82' lang='grc' dir='ltr'>αὑτὸ</span> <span class='ocrx_word' id='word_1_576' title='bbox 2666 1193 2946 1262; x_wconf 87' lang='grc' dir='ltr'>γενόμενοι</span> <span class='ocrx_word' id='word_1_577' title='bbox 2972 1192 3114 1265; x_wconf 76' lang='grc' dir='ltr'>οὑτω</span> <span class='ocrx_word' id='word_1_578' title='bbox 3164 1195 3227 1263; x_wconf 78' lang='grc' dir='ltr'>τῇ</span> <span class='ocrx_word' id='word_1_579' title='bbox 3264 1196 3458 1265; x_wconf 79' lang='grc' dir='ltr'>γαστρὶ</span> 
     </span>
    </p>
   </div>
   <div class='ocr_carea' id='block_1_76' title="bbox 1800 1277 3459 1351">
    <p class='ocr_par' dir='ltr' id='par_1_76' title="bbox 1800 1277 3459 1351">
     <span class='ocr_line' id='line_1_76' title="bbox 1800 1277 3459 1351; baseline 0.004 -23"><span class='ocrx_word' id='word_1_580' title='bbox 1800 1277 2159 1346; x_wconf 86' lang='grc' dir='ltr'>δουλεύωμεν,</span> <span class='ocrx_word' id='word_1_581' title='bbox 2189 1278 2281 1330; x_wconf 76' lang='grc' dir='ltr'>καὶ</span> <span class='ocrx_word' id='word_1_582' title='bbox 2310 1282 2429 1341; x_wconf 86' lang='grc' dir='ltr'>ταῖς</span> <span class='ocrx_word' id='word_1_583' title='bbox 2465 1281 2562 1348; x_wconf 84' lang='grc' dir='ltr'>τῆς</span> <span class='ocrx_word' id='word_1_584' title='bbox 2590 1280 2789 1348; x_wconf 83' lang='grc' dir='ltr'>σαρκὸς</span> <span class='ocrx_word' id='word_1_585' title='bbox 2817 1280 3058 1350; x_wconf 78' lang='grc' dir='ltr'>ἡδοναῖς·</span> <span class='ocrx_word' id='word_1_586' title='bbox 3090 1280 3225 1334; x_wconf 79' lang='grc' dir='ltr'>ἀλλὰ</span> <span class='ocrx_word' id='word_1_587' title='bbox 3252 1282 3350 1351; x_wconf 75' lang='grc' dir='ltr'>τὴν</span> <span class='ocrx_word' id='word_1_588' title='bbox 3373 1282 3459 1334; x_wconf 81' lang='grc' dir='ltr'>ἐν·</span> 
     </span>
    </p>
   </div>
   <div class='ocr_carea' id='block_1_77' title="bbox 1799 1364 3460 1437">
    <p class='ocr_par' dir='ltr' id='par_1_77' title="bbox 1799 1364 3460 1437">
     <span class='ocr_line' id='line_1_77' title="bbox 1799 1364 3460 1437; baseline 0.004 -22"><span class='ocrx_word' id='word_1_589' title='bbox 1799 1364 1987 1416; x_wconf 88' lang='grc' dir='ltr'>τεῦθεν</span> <span class='ocrx_word' id='word_1_590' title='bbox 2023 1367 2155 1435; x_wconf 88' lang='grc' dir='ltr'>ήμῖν</span> <span class='ocrx_word' id='word_1_591' title='bbox 2180 1365 2502 1435; x_wconf 83' lang='grc' dir='ltr'>τικτομένην</span> <span class='ocrx_word' id='word_1_592' title='bbox 2553 1366 2755 1437; x_wconf 88' lang='grc' dir='ltr'>βλάϐην</span> <span class='ocrx_word' id='word_1_593' title='bbox 2808 1368 3265 1437; x_wconf 73' lang='grc' dir='ltr'>ἀναλογιζόμενοι,</span> <span class='ocrx_word' id='word_1_594' title='bbox 3300 1385 3460 1421; x_wconf 72' lang='grc' dir='ltr'>καταο</span> 
     </span>
    </p>
   </div>
   <div class='ocr_carea' id='block_1_78' title="bbox 1800 1452 3454 1526">
    <p class='ocr_par' dir='ltr' id='par_1_78' title="bbox 1800 1452 3454 1526">
     <span class='ocr_line' id='line_1_78' title="bbox 1800 1452 3454 1526; baseline 0.004 -23"><span class='ocrx_word' id='word_1_595' title='bbox 1800 1452 2105 1520; x_wconf 86' lang='grc' dir='ltr'>στέλλωμεν</span> <span class='ocrx_word' id='word_1_596' title='bbox 2126 1454 2223 1522; x_wconf 76' lang='grc' dir='ltr'>τῆς</span> <span class='ocrx_word' id='word_1_597' title='bbox 2249 1453 2449 1522; x_wconf 87' lang='grc' dir='ltr'>σαρκὸς</span> <span class='ocrx_word' id='word_1_598' title='bbox 2478 1452 2547 1506; x_wconf 88' lang='grc' dir='ltr'>τά</span> <span class='ocrx_word' id='word_1_599' title='bbox 2566 1455 2861 1523; x_wconf 84' lang='grc' dir='ltr'>κινήματα,</span> <span class='ocrx_word' id='word_1_600' title='bbox 2883 1457 2978 1507; x_wconf 71' lang='grc' dir='ltr'>καί⁸</span> <span class='ocrx_word' id='word_1_601' title='bbox 3007 1455 3084 1525; x_wconf 84' lang='grc' dir='ltr'>μὴ</span> <span class='ocrx_word' id='word_1_602' title='bbox 3105 1455 3454 1526; x_wconf 72' lang='grc' dir='ltr'>ῥᾳθυμῶμεν.</span> 
     </span>
    </p>
   </div>
   <div class='ocr_carea' id='block_1_79' title="bbox 1803 1539 3453 1615">
    <p class='ocr_par' dir='ltr' id='par_1_79' title="bbox 1803 1539 3453 1615">
     <span class='ocr_line' id='line_1_79' title="bbox 1803 1539 3453 1615; baseline 0.005 -24"><span class='ocrx_word' id='word_1_603' title='bbox 1803 1540 1937 1610; x_wconf 85' lang='grc' dir='ltr'>μηδέ</span> <span class='ocrx_word' id='word_1_604' title='bbox 1965 1539 2337 1609; x_wconf 82' lang='grc' dir='ltr'>συγχωρῶμεν</span> <span class='ocrx_word' id='word_1_605' title='bbox 2368 1540 2538 1609; x_wconf 82' lang='grc' dir='ltr'>αὑτὴν</span> <span class='ocrx_word' id='word_1_606' title='bbox 2587 1542 3070 1605; x_wconf 82' lang='grc' dir='ltr'>κατεξανίστασθαι</span> <span class='ocrx_word' id='word_1_607' title='bbox 3108 1542 3231 1615; x_wconf 36' lang='grc' dir='ltr'>τῆς,</span> <span class='ocrx_word' id='word_1_608' title='bbox 3258 1542 3453 1612; x_wconf 68' lang='grc' dir='ltr'>ψυχῆς.</span> 
     </span>
    </p>
   </div>
   <div class='ocr_carea' id='block_1_80' title="bbox 1800 1627 3458 1699">
    <p class='ocr_par' dir='ltr' id='par_1_80' title="bbox 1800 1627 3458 1699">
     <span class='ocr_line' id='line_1_80' title="bbox 1800 1627 3458 1699; baseline 0.001 -19"><span class='ocrx_word' id='word_1_609' title='bbox 1800 1629 1861 1680; x_wconf 85' lang='grc' dir='ltr'>Εἰ</span> <span class='ocrx_word' id='word_1_610' title='bbox 1891 1627 2002 1697; x_wconf 88' lang='grc' dir='ltr'>γάρ</span> <span class='ocrx_word' id='word_1_611' title='bbox 2056 1628 2260 1690; x_wconf 78' lang='grc' dir='ltr'>Παῦλος</span> <span class='ocrx_word' id='word_1_612' title='bbox 2308 1630 2337 1680; x_wconf 93' lang='lat'>6</span> <span class='ocrx_word' id='word_1_613' title='bbox 2360 1628 2608 1691; x_wconf 87' lang='grc' dir='ltr'>τοσοῦτος</span> <span class='ocrx_word' id='word_1_614' title='bbox 2661 1630 2755 1681; x_wconf 78' lang='grc' dir='ltr'>καὶ</span> <span class='ocrx_word' id='word_1_615' title='bbox 2792 1628 3121 1698; x_wconf 86' lang='grc' dir='ltr'>τηλικοῦτος,</span> <span class='ocrx_word' id='word_1_616' title='bbox 3154 1631 3182 1681; x_wconf 93' lang='lat'>6</span> <span class='ocrx_word' id='word_1_617' title='bbox 3209 1628 3458 1699; x_wconf 79' lang='grc' dir='ltr'>καθάπερ</span> 
     </span>
    </p>
   </div>
   <div class='ocr_carea' id='block_1_81' title="bbox 1800 1714 3455 1787">
    <p class='ocr_par' dir='ltr' id='par_1_81' title="bbox 1800 1714 3455 1787">
     <span class='ocr_line' id='line_1_81' title="bbox 1800 1714 3455 1787; baseline 0.002 -20"><span class='ocrx_word' id='word_1_618' title='bbox 1800 1714 2103 1785; x_wconf 79' lang='grc' dir='ltr'>ὑπόπτερος</span> <span class='ocrx_word' id='word_1_619' title='bbox 2130 1714 2226 1785; x_wconf 78' lang='grc' dir='ltr'>τὴν</span> <span class='ocrx_word' id='word_1_620' title='bbox 2255 1716 2577 1786; x_wconf 83' lang='grc' dir='ltr'>οἰκουμένην</span> <span class='ocrx_word' id='word_1_621' title='bbox 2624 1715 2936 1787; x_wconf 86' lang='grc' dir='ltr'>διαδραμὼν</span> <span class='ocrx_word' id='word_1_622' title='bbox 2965 1719 3199 1781; x_wconf 67' lang='grc' dir='ltr'>ἃπασαν,</span> <span class='ocrx_word' id='word_1_623' title='bbox 3229 1717 3455 1771; x_wconf 78' lang='grc' dir='ltr'>καὶτῶν</span> 
     </span>
    </p>
   </div>
   <div class='ocr_carea' id='block_1_82' title="bbox 1797 1788 3457 1876">
    <p class='ocr_par' dir='ltr' id='par_1_82' title="bbox 1797 1788 3457 1876">
     <span class='ocr_line' id='line_1_82' title="bbox 1797 1788 3457 1876; baseline 0.011 -24"><span class='ocrx_word' id='word_1_624' title='bbox 1797 1788 2121 1869; x_wconf 84' lang='grc' dir='ltr'>σωματικῶν</span> <span class='ocrx_word' id='word_1_625' title='bbox 2149 1801 2404 1868; x_wconf 81' lang='grc' dir='ltr'>ἀναγκῶν</span> <span class='ocrx_word' id='word_1_626' title='bbox 2435 1800 2702 1871; x_wconf 86' lang='grc' dir='ltr'>ἀνώτερος</span> <span class='ocrx_word' id='word_1_627' title='bbox 2738 1804 2997 1870; x_wconf 69' lang='grc' dir='ltr'>γεγονὼς.</span> <span class='ocrx_word' id='word_1_628' title='bbox 3036 1805 3125 1857; x_wconf 72' lang='grc' dir='ltr'>καὶ</span> <span class='ocrx_word' id='word_1_629' title='bbox 3148 1805 3256 1856; x_wconf 75' lang='grc' dir='ltr'>τῶν</span> <span class='ocrx_word' id='word_1_630' title='bbox 3283 1805 3457 1876; x_wconf 64' lang='grc' dir='ltr'>ἀίδρἡ</span> 
     </span>
    </p>
   </div>
   <div class='ocr_carea' id='block_1_83' title="bbox 1794 1885 3450 1963">
    <p class='ocr_par' dir='ltr' id='par_1_83' title="bbox 1794 1885 3450 1963">
     <span class='ocr_line' id='line_1_83' title="bbox 1794 1885 3450 1963; baseline 0.004 -24"><span class='ocrx_word' id='word_1_631' title='bbox 1794 1905 1902 1941; x_wconf 85' lang='grc' dir='ltr'>των</span> <span class='ocrx_word' id='word_1_632' title='bbox 1934 1888 2155 1942; x_wconf 83' lang='grc' dir='ltr'>ἐκείνων</span> <span class='ocrx_word' id='word_1_633' title='bbox 2199 1888 2459 1959; x_wconf 77' lang='grc' dir='ltr'>ῥημάτων</span> <span class='ocrx_word' id='word_1_634' title='bbox 2505 1888 2735 1943; x_wconf 86' lang='grc' dir='ltr'>ἀκοῦσαι</span> <span class='ocrx_word' id='word_1_635' title='bbox 2764 1888 3134 1956; x_wconf 77' lang='grc' dir='ltr'>καταξιωθεὶς,</span> <span class='ocrx_word' id='word_1_636' title='bbox 3163 1885 3237 1944; x_wconf 80' lang='grc' dir='ltr'>ὧν</span> <span class='ocrx_word' id='word_1_637' title='bbox 3292 1892 3450 1963; x_wconf 77' lang='grc' dir='ltr'>μέχρι</span> 
     </span>
    </p>
   </div>
   <div class='ocr_carea' id='block_1_84' title="bbox 1793 1975 3449 2047">
    <p class='ocr_par' dir='ltr' id='par_1_84' title="bbox 1793 1975 3449 2047">
     <span class='ocr_line' id='line_1_84' title="bbox 1793 1975 3449 2047; baseline 0.003 -19"><span class='ocrx_word' id='word_1_638' title='bbox 1793 1975 1893 2045; x_wconf 78' lang='grc' dir='ltr'>τῆς</span> <span class='ocrx_word' id='word_1_639' title='bbox 1920 1977 2156 2045; x_wconf 88' lang='grc' dir='ltr'>σήμερον</span> <span class='ocrx_word' id='word_1_640' title='bbox 2173 1976 2344 2038; x_wconf 72' lang='grc' dir='ltr'>οὐδεὶς</span> <span class='ocrx_word' id='word_1_641' title='bbox 2373 1975 2530 2039; x_wconf 80' lang='grc' dir='ltr'>ἄλλος</span> <span class='ocrx_word' id='word_1_642' title='bbox 2546 1977 2765 2045; x_wconf 70' lang='grc' dir='ltr'>ἢκουσε,</span> <span class='ocrx_word' id='word_1_643' title='bbox 2785 1978 3008 2047; x_wconf 74' lang='grc' dir='ltr'>γράφων</span> <span class='ocrx_word' id='word_1_644' title='bbox 3022 1978 3205 2045; x_wconf 81' lang='grc' dir='ltr'>ἐλεγεν</span> <span class='ocrx_word' id='word_1_645' title='bbox 3221 1996 3234 2009; x_wconf 91' lang='grc'><strong>·</strong></span> <span class='ocrx_word' id='word_1_646' title='bbox 3277 1979 3449 2033; x_wconf 81' lang='grc' dir='ltr'>Ύπω·</span> 
     </span>
    </p>
   </div>
   <div class='ocr_carea' id='block_1_85' title="bbox 1795 2062 3451 2135">
    <p class='ocr_par' dir='ltr' id='par_1_85' title="bbox 1795 2062 3451 2135">
     <span class='ocr_line' id='line_1_85' title="bbox 1795 2062 3451 2135; baseline 0.002 -19"><span class='ocrx_word' id='word_1_647' title='bbox 1795 2062 1971 2123; x_wconf 79' lang='grc' dir='ltr'>πιὰζω</span> <span class='ocrx_word' id='word_1_648' title='bbox 1998 2080 2111 2131; x_wconf 85' lang='grc' dir='ltr'>μου</span> <span class='ocrx_word' id='word_1_649' title='bbox 2144 2063 2211 2117; x_wconf 85' lang='grc' dir='ltr'>τὸ</span> <span class='ocrx_word' id='word_1_650' title='bbox 2246 2062 2435 2133; x_wconf 82' lang='grc' dir='ltr'>σῶμα,</span> <span class='ocrx_word' id='word_1_651' title='bbox 2470 2064 2566 2117; x_wconf 81' lang='grc' dir='ltr'>καί</span> <span class='ocrx_word' id='word_1_652' title='bbox 2594 2063 2969 2134; x_wconf 71' lang='grc' dir='ltr'>δουλαγωγῶ,</span> <span class='ocrx_word' id='word_1_653' title='bbox 2995 2066 3205 2135; x_wconf 75' lang='grc' dir='ltr'>μήπως</span> <span class='ocrx_word' id='word_1_654' title='bbox 3240 2066 3451 2134; x_wconf 67' lang='grc' dir='ltr'>ἄλλοις</span> 
     </span>
    </p>
   </div>
   <div class='ocr_carea' id='block_1_86' title="bbox 1796 2150 3453 2220">
    <p class='ocr_par' dir='ltr' id='par_1_86' title="bbox 1796 2150 3453 2220">
     <span class='ocr_line' id='line_1_86' title="bbox 1796 2150 3453 2220; baseline 0.002 -16"><span class='ocrx_word' id='word_1_655' title='bbox 1796 2153 2060 2218; x_wconf 79' lang='grc' dir='ltr'>κηρύξας</span> <span class='ocrx_word' id='word_1_656' title='bbox 2092 2150 2274 2216; x_wconf 81' lang='grc' dir='ltr'>αὐτὸς</span> <span class='ocrx_word' id='word_1_657' title='bbox 2298 2150 2579 2219; x_wconf 81' lang='grc' dir='ltr'>ἀδόκιμος</span> <span class='ocrx_word' id='word_1_658' title='bbox 2613 2151 2895 2220; x_wconf 76' lang='grc' dir='ltr'>γένωμαι’</span> <span class='ocrx_word' id='word_1_659' title='bbox 2928 2154 2974 2206; x_wconf 82' lang='grc' dir='ltr'>εἰ</span> <span class='ocrx_word' id='word_1_660' title='bbox 3026 2154 3201 2206; x_wconf 86' lang='grc' dir='ltr'>τοίνυν</span> <span class='ocrx_word' id='word_1_661' title='bbox 3249 2155 3453 2216; x_wconf 83' lang='grc' dir='ltr'>ἐκεῖνος</span> 
     </span>
    </p>
   </div>
   <div class='ocr_carea' id='block_1_87' title="bbox 1792 2236 3455 2310">
    <p class='ocr_par' dir='ltr' id='par_1_87' title="bbox 1792 2236 3455 2310">
     <span class='ocr_line' id='line_1_87' title="bbox 1792 2236 3455 2310; baseline 0.002 -20"><span class='ocrx_word' id='word_1_662' title='bbox 1792 2239 1821 2290; x_wconf 92' lang='lat'>6</span> <span class='ocrx_word' id='word_1_663' title='bbox 1851 2236 2116 2307; x_wconf 88' lang='grc' dir='ltr'>τοσαύτης</span> <span class='ocrx_word' id='word_1_664' title='bbox 2144 2236 2392 2303; x_wconf 76' lang='grc' dir='ltr'>ἀξιωθεὶς</span> <span class='ocrx_word' id='word_1_665' title='bbox 2436 2238 2673 2307; x_wconf 77' lang='grc' dir='ltr'>χάριτος,</span> <span class='ocrx_word' id='word_1_666' title='bbox 2711 2238 2847 2308; x_wconf 86' lang='grc' dir='ltr'>μετά</span> <span class='ocrx_word' id='word_1_667' title='bbox 2891 2238 3127 2293; x_wconf 87' lang='grc' dir='ltr'>τοσαῦτα</span> <span class='ocrx_word' id='word_1_668' title='bbox 3182 2241 3273 2293; x_wconf 78' lang='grc' dir='ltr'>καὶ</span> <span class='ocrx_word' id='word_1_669' title='bbox 3312 2241 3455 2310; x_wconf 78' lang='grc' dir='ltr'>τηλιο</span> 
     </span>
    </p>
   </div>
   <div class='ocr_carea' id='block_1_88' title="bbox 1794 2323 3455 2395">
    <p class='ocr_par' dir='ltr' id='par_1_88' title="bbox 1794 2323 3455 2395">
     <span class='ocr_line' id='line_1_88' title="bbox 1794 2323 3455 2395; baseline 0.003 -19"><span class='ocrx_word' id='word_1_670' title='bbox 1794 2324 1967 2377; x_wconf 86' lang='grc' dir='ltr'>καῦτα</span> <span class='ocrx_word' id='word_1_671' title='bbox 2006 2323 2404 2395; x_wconf 81' lang='grc' dir='ltr'>κατορθώματα</span> <span class='ocrx_word' id='word_1_672' title='bbox 2433 2324 2600 2377; x_wconf 84' lang='grc' dir='ltr'>ἐδεῖτο</span> <span class='ocrx_word' id='word_1_673' title='bbox 2636 2325 2727 2377; x_wconf 87' lang='grc' dir='ltr'>τοῦ</span> <span class='ocrx_word' id='word_1_674' title='bbox 2763 2326 3122 2390; x_wconf 74' lang='grc' dir='ltr'>ὑπωπιάζειν,</span> <span class='ocrx_word' id='word_1_675' title='bbox 3164 2328 3258 2381; x_wconf 80' lang='grc' dir='ltr'>καὶ</span> <span class='ocrx_word' id='word_1_676' title='bbox 3310 2328 3455 2381; x_wconf 83' lang='grc' dir='ltr'>δουλ-</span> 
     </span>
    </p>
   </div>
   <div class='ocr_carea' id='block_1_89' title="bbox 1794 2413 3454 2485">
    <p class='ocr_par' dir='ltr' id='par_1_89' title="bbox 1794 2413 3454 2485">
     <span class='ocr_line' id='line_1_89' title="bbox 1794 2413 3454 2485; baseline 0.002 -20"><span class='ocrx_word' id='word_1_677' title='bbox 1794 2414 2050 2482; x_wconf 83' lang='grc' dir='ltr'>αγωγεῖν,</span> <span class='ocrx_word' id='word_1_678' title='bbox 2078 2415 2169 2465; x_wconf 77' lang='grc' dir='ltr'>καὶ</span> <span class='ocrx_word' id='word_1_679' title='bbox 2194 2413 2512 2466; x_wconf 83' lang='grc' dir='ltr'>ὑποτάττειν</span> <span class='ocrx_word' id='word_1_680' title='bbox 2534 2414 2600 2483; x_wconf 74' lang='grc' dir='ltr'>τῇ</span> <span class='ocrx_word' id='word_1_681' title='bbox 2636 2413 2733 2482; x_wconf 81' lang='grc' dir='ltr'>τῆς</span> <span class='ocrx_word' id='word_1_682' title='bbox 2759 2413 2932 2483; x_wconf 76' lang='grc' dir='ltr'>ψυχῆς</span> <span class='ocrx_word' id='word_1_683' title='bbox 2965 2413 3197 2485; x_wconf 79' lang='grc' dir='ltr'>ἐξουσίᾳ,</span> <span class='ocrx_word' id='word_1_684' title='bbox 3227 2417 3319 2470; x_wconf 80' lang='grc' dir='ltr'>καὶ</span> <span class='ocrx_word' id='word_1_685' title='bbox 3350 2417 3454 2470; x_wconf 86' lang='grc' dir='ltr'>ὑπὸ</span> 
     </span>
    </p>
   </div>
   <div class='ocr_carea' id='block_1_90' title="bbox 1792 2494 3454 2574">
    <p class='ocr_par' dir='ltr' id='par_1_90' title="bbox 1792 2494 3454 2574">
     <span class='ocr_line' id='line_1_90' title="bbox 1792 2494 3454 2574; baseline 0.001 -22"><span class='ocrx_word' id='word_1_686' title='bbox 1792 2500 1888 2569; x_wconf 78' lang='grc' dir='ltr'>τὴν</span> <span class='ocrx_word' id='word_1_687' title='bbox 1922 2501 2122 2567; x_wconf 84' lang='grc' dir='ltr'>ταύτης</span> <span class='ocrx_word' id='word_1_688' title='bbox 2158 2498 2355 2569; x_wconf 80' lang='grc' dir='ltr'>ἀρετὴν</span> <span class='ocrx_word' id='word_1_689' title='bbox 2382 2494 2521 2552; x_wconf 78' lang='grc' dir='ltr'>εἶναι</span> <span class='ocrx_word' id='word_1_690' title='bbox 2573 2500 2744 2551; x_wconf 89' lang='grc' dir='ltr'>ποιεῖν</span> <span class='ocrx_word' id='word_1_691' title='bbox 2769 2500 2863 2551; x_wconf 87' lang='grc' dir='ltr'>τοῦ</span> <span class='ocrx_word' id='word_1_692' title='bbox 2911 2498 3158 2569; x_wconf 88' lang='grc' dir='ltr'>σώματος</span> <span class='ocrx_word' id='word_1_693' title='bbox 3210 2501 3278 2554; x_wconf 72' lang='grc' dir='ltr'>τά</span> <span class='ocrx_word' id='word_1_694' title='bbox 3308 2518 3454 2574; x_wconf 88' lang='grc' dir='ltr'>σκιρ-</span> 
     </span>
    </p>
   </div>
   <div class='ocr_carea' id='block_1_91' title="bbox 1790 2586 3452 2657">
    <p class='ocr_par' dir='ltr' id='par_1_91' title="bbox 1790 2586 3452 2657">
     <span class='ocr_line' id='line_1_91' title="bbox 1790 2586 3452 2657; baseline 0.004 -19"><span class='ocrx_word' id='word_1_695' title='bbox 1790 2587 2010 2656; x_wconf 87' lang='grc' dir='ltr'>τήματα</span> <span class='ocrx_word' id='word_1_696' title='bbox 2061 2587 2398 2652; x_wconf 77' lang='grc' dir='ltr'>(ὑπωπιάζει</span> <span class='ocrx_word' id='word_1_697' title='bbox 2430 2587 2537 2656; x_wconf 89' lang='grc' dir='ltr'>γάρ</span> <span class='ocrx_word' id='word_1_698' title='bbox 2577 2603 2659 2649; x_wconf 89' lang='grc' dir='ltr'>τις</span> <span class='ocrx_word' id='word_1_699' title='bbox 2694 2586 2753 2638; x_wconf 85' lang='grc' dir='ltr'>τὸ</span> <span class='ocrx_word' id='word_1_700' title='bbox 2787 2586 3325 2657; x_wconf 78' lang='grc' dir='ltr'>κατεξανιστάμενον,</span> <span class='ocrx_word' id='word_1_701' title='bbox 3359 2591 3452 2644; x_wconf 80' lang='grc' dir='ltr'>καὶ</span> 
     </span>
    </p>
   </div>
   <div class='ocr_carea' id='block_1_92' title="bbox 1789 2669 3451 2746">
    <p class='ocr_par' dir='ltr' id='par_1_92' title="bbox 1789 2669 3451 2746">
     <span class='ocr_line' id='line_1_92' title="bbox 1789 2669 3451 2746; baseline 0.004 -22"><span class='ocrx_word' id='word_1_702' title='bbox 1789 2673 2118 2741; x_wconf 87' lang='grc' dir='ltr'>δουλαγωγεῖ</span> <span class='ocrx_word' id='word_1_703' title='bbox 2143 2674 2201 2726; x_wconf 76' lang='grc' dir='ltr'>τὸ</span> <span class='ocrx_word' id='word_1_704' title='bbox 2234 2672 2476 2743; x_wconf 84' lang='grc' dir='ltr'>ἀφηνιῶν</span> <span class='ocrx_word' id='word_1_705' title='bbox 2510 2674 2590 2741; x_wconf 78' lang='grc' dir='ltr'>ὶι)·</span> <span class='ocrx_word' id='word_1_706' title='bbox 2625 2674 2676 2725; x_wconf 93' lang='grc' dir='ltr'>τί</span> <span class='ocrx_word' id='word_1_707' title='bbox 2705 2669 2797 2726; x_wconf 77' lang='grc' dir='ltr'>οὖν</span> <span class='ocrx_word' id='word_1_708' title='bbox 2829 2673 2893 2727; x_wconf 87' lang='grc' dir='ltr'>ἂν</span> <span class='ocrx_word' id='word_1_709' title='bbox 2941 2675 3185 2745; x_wconf 70' lang='grc' dir='ltr'>εἴποιμεν</span> <span class='ocrx_word' id='word_1_710' title='bbox 3210 2679 3451 2746; x_wconf 81' lang='grc' dir='ltr'>ήμεῖςόί</span> 
     </span>
    </p>
   </div>
   <div class='ocr_carea' id='block_1_93' title="bbox 1792 2759 3451 2831">
    <p class='ocr_par' dir='ltr' id='par_1_93' title="bbox 1792 2759 3451 2831">
     <span class='ocr_line' id='line_1_93' title="bbox 1792 2759 3451 2831; baseline 0.002 -19"><span class='ocrx_word' id='word_1_711' title='bbox 1792 2761 2007 2812; x_wconf 79' lang='grc' dir='ltr'>πάντων</span> <span class='ocrx_word' id='word_1_712' title='bbox 2042 2761 2235 2829; x_wconf 74' lang='grc' dir='ltr'>ἔρημοι</span> <span class='ocrx_word' id='word_1_713' title='bbox 2269 2759 2376 2811; x_wconf 88' lang='grc' dir='ltr'>τῶν</span> <span class='ocrx_word' id='word_1_714' title='bbox 2398 2760 2637 2826; x_wconf 88' lang='grc' dir='ltr'>ἀγαθῶν,</span> <span class='ocrx_word' id='word_1_715' title='bbox 2689 2760 2738 2811; x_wconf 92' lang='grc' dir='ltr'>οἱ</span> <span class='ocrx_word' id='word_1_716' title='bbox 2772 2760 3011 2831; x_wconf 77' lang='grc' dir='ltr'>φορτίοις</span> <span class='ocrx_word' id='word_1_717' title='bbox 3040 2762 3451 2831; x_wconf 77' lang='grc' dir='ltr'>ἁμαρτημάτων</span> 
     </span>
    </p>
   </div>
   <div class='ocr_carea' id='block_1_94' title="bbox 1793 2846 3451 2920">
    <p class='ocr_par' dir='ltr' id='par_1_94' title="bbox 1793 2846 3451 2920">
     <span class='ocr_line' id='line_1_94' title="bbox 1793 2846 3451 2920; baseline 0.001 -20"><span class='ocrx_word' id='word_1_718' title='bbox 1793 2846 1941 2920; x_wconf 68' lang='lat'>[9.05]</span> <span class='ocrx_word' id='word_1_719' title='bbox 1976 2848 2361 2918; x_wconf 83' lang='grc' dir='ltr'>βεϐαρημένοι,</span> <span class='ocrx_word' id='word_1_720' title='bbox 2390 2849 2481 2899; x_wconf 77' lang='grc' dir='ltr'>καὶ</span> <span class='ocrx_word' id='word_1_721' title='bbox 2514 2846 2650 2916; x_wconf 77' lang='grc' dir='ltr'>πρὸς</span> <span class='ocrx_word' id='word_1_722' title='bbox 2696 2846 2905 2909; x_wconf 83' lang='grc' dir='ltr'>τούτοις</span> <span class='ocrx_word' id='word_1_723' title='bbox 2937 2848 3135 2919; x_wconf 79' lang='grc' dir='ltr'>πολλὴν</span> <span class='ocrx_word' id='word_1_724' title='bbox 3166 2848 3261 2915; x_wconf 81' lang='grc' dir='ltr'>τὴν</span> <span class='ocrx_word' id='word_1_725' title='bbox 3293 2849 3451 2920; x_wconf 78' lang='grc' dir='ltr'>ρᾳθυ-</span> 
     </span>
    </p>
   </div>
   <div class='ocr_carea' id='block_1_95' title="bbox 1794 2934 3456 3006">
    <p class='ocr_par' dir='ltr' id='par_1_95' title="bbox 1794 2934 3456 3006">
     <span class='ocr_line' id='line_1_95' title="bbox 1794 2934 3456 3006; baseline 0.002 -19"><span class='ocrx_word' id='word_1_726' title='bbox 1794 2937 1921 3006; x_wconf 88' lang='grc' dir='ltr'>μίαν</span> <span class='ocrx_word' id='word_1_727' title='bbox 1940 2935 2408 3005; x_wconf 84' lang='grc' dir='ltr'>ἐπιδεικνύμενοι;</span> <span class='ocrx_word' id='word_1_728' title='bbox 2442 2934 2531 3005; x_wconf 84' lang='grc' dir='ltr'><strong>Μὴ</strong></span> <span class='ocrx_word' id='word_1_729' title='bbox 2563 2934 2671 3003; x_wconf 85' lang='grc' dir='ltr'>γάρ</span> <span class='ocrx_word' id='word_1_730' title='bbox 2699 2934 2985 3005; x_wconf 80' lang='grc' dir='ltr'>ἀνακωχὴν</span> <span class='ocrx_word' id='word_1_731' title='bbox 3014 2935 3123 3005; x_wconf 74' lang='grc' dir='ltr'>ἔχει</span> <span class='ocrx_word' id='word_1_732' title='bbox 3150 2937 3178 2988; x_wconf 88' lang='lat'>6</span> <span class='ocrx_word' id='word_1_733' title='bbox 3217 2936 3456 3005; x_wconf 87' lang='grc' dir='ltr'>πόλεμος</span> 
     </span>
    </p>
   </div>
   <div class='ocr_carea' id='block_1_96' title="bbox 1790 3018 3455 3094">
    <p class='ocr_par' dir='ltr' id='par_1_96' title="bbox 1790 3018 3455 3094">
     <span class='ocr_line' id='line_1_96' title="bbox 1790 3018 3455 3094; baseline 0.001 -17"><span class='ocrx_word' id='word_1_734' title='bbox 1790 3018 1973 3091; x_wconf 48' lang='grc' dir='ltr'>οὗτος</span> <span class='ocrx_word' id='word_1_735' title='bbox 2004 3022 2076 3093; x_wconf 86' lang='grc' dir='ltr'>μὴ</span> <span class='ocrx_word' id='word_1_736' title='bbox 2126 3023 2233 3092; x_wconf 75' lang='grc' dir='ltr'>γάρ</span> <span class='ocrx_word' id='word_1_737' title='bbox 2278 3022 2466 3091; x_wconf 84' lang='grc' dir='ltr'>καιρὸν</span> <span class='ocrx_word' id='word_1_738' title='bbox 2525 3021 2817 3085; x_wconf 79' lang='grc' dir='ltr'>ἐπιθέσεως</span> <span class='ocrx_word' id='word_1_739' title='bbox 2868 3024 3160 3094; x_wconf 80' lang='grc' dir='ltr'>κέκτηταις</span> <span class='ocrx_word' id='word_1_740' title='bbox 3214 3026 3455 3079; x_wconf 71' lang='grc' dir='ltr'>Πάντοτε</span> 
     </span>
    </p>
   </div>
   <div class='ocr_carea' id='block_1_97' title="bbox 1792 3108 3446 3183">
    <p class='ocr_par' dir='ltr' id='par_1_97' title="bbox 1792 3108 3446 3183">
     <span class='ocr_line' id='line_1_97' title="bbox 1792 3108 3446 3183; baseline 0 -17"><span class='ocrx_word' id='word_1_741' title='bbox 1792 3115 1977 3183; x_wconf 79' lang='grc' dir='ltr'>νήφειν</span> <span class='ocrx_word' id='word_1_742' title='bbox 2005 3113 2097 3165; x_wconf 76' lang='grc' dir='ltr'>καὶ</span> <span class='ocrx_word' id='word_1_743' title='bbox 2127 3110 2486 3181; x_wconf 77' lang='grc' dir='ltr'>ἐγρηγορέναι</span> <span class='ocrx_word' id='word_1_744' title='bbox 2503 3111 2599 3171; x_wconf 81' lang='grc' dir='ltr'>δεῖ,</span> <span class='ocrx_word' id='word_1_745' title='bbox 2624 3110 2718 3162; x_wconf 80' lang='grc' dir='ltr'>καὶ</span> <span class='ocrx_word' id='word_1_746' title='bbox 2749 3110 3014 3180; x_wconf 83' lang='grc' dir='ltr'>μηδέποτε</span> <span class='ocrx_word' id='word_1_747' title='bbox 3031 3112 3089 3164; x_wconf 80' lang='grc' dir='ltr'>ἐν</span> <span class='ocrx_word' id='word_1_748' title='bbox 3115 3111 3268 3179; x_wconf 79' lang='grc' dir='ltr'>ἀδείᾳ</span> <span class='ocrx_word' id='word_1_749' title='bbox 3286 3108 3446 3166; x_wconf 79' lang='grc' dir='ltr'>εἶναι’</span> 
     </span>
    </p>
   </div>
   <div class='ocr_carea' id='block_1_98' title="bbox 1790 3197 3451 3269">
    <p class='ocr_par' dir='ltr' id='par_1_98' title="bbox 1790 3197 3451 3269">
     <span class='ocr_line' id='line_1_98' title="bbox 1790 3197 3451 3269; baseline -0.002 -15"><span class='ocrx_word' id='word_1_750' title='bbox 1790 3200 1910 3254; x_wconf 76' lang='grc' dir='ltr'>ἐπεὶ</span> <span class='ocrx_word' id='word_1_751' title='bbox 1946 3198 2079 3269; x_wconf 86' lang='grc' dir='ltr'>μηδέ</span> <span class='ocrx_word' id='word_1_752' title='bbox 2119 3199 2234 3250; x_wconf 87' lang='grc' dir='ltr'>ἐστι</span> <span class='ocrx_word' id='word_1_753' title='bbox 2268 3197 2456 3268; x_wconf 80' lang='grc' dir='ltr'>καιρὸς</span> <span class='ocrx_word' id='word_1_754' title='bbox 2491 3198 2793 3267; x_wconf 83' lang='grc' dir='ltr'>ὡρισμένος</span> <span class='ocrx_word' id='word_1_755' title='bbox 2825 3198 2923 3267; x_wconf 82' lang='grc' dir='ltr'>τῆς</span> <span class='ocrx_word' id='word_1_756' title='bbox 2964 3197 3059 3250; x_wconf 89' lang='grc' dir='ltr'>τοῦ</span> <span class='ocrx_word' id='word_1_757' title='bbox 3089 3197 3451 3268; x_wconf 87' lang='grc' dir='ltr'>πολεμοῦντος</span> 
     </span>
    </p>
   </div>
   <div class='ocr_carea' id='block_1_99' title="bbox 1789 3283 3452 3355">
    <p class='ocr_par' dir='ltr' id='par_1_99' title="bbox 1789 3283 3452 3355">
     <span class='ocr_line' id='line_1_99' title="bbox 1789 3283 3452 3355; baseline -0.002 -15"><span class='ocrx_word' id='word_1_758' title='bbox 1789 3286 1883 3340; x_wconf 75' lang='grc' dir='ltr'>καί⁵</span> <span class='ocrx_word' id='word_1_759' title='bbox 1920 3283 2339 3355; x_wconf 83' lang='grc' dir='ltr'>ἐπεμϐαίνοντος</span> <span class='ocrx_word' id='word_1_760' title='bbox 2366 3295 2388 3322; x_wconf 73' lang='grc' dir='ltr'>ε</span> <span class='ocrx_word' id='word_1_761' title='bbox 2424 3285 2552 3353; x_wconf 78' lang='grc' dir='ltr'>ἡμῖν</span> <span class='ocrx_word' id='word_1_762' title='bbox 2582 3283 2895 3346; x_wconf 83' lang='grc' dir='ltr'>ἐπιθέσεως.</span> <span class='ocrx_word' id='word_1_763' title='bbox 2941 3283 3050 3336; x_wconf 78' lang='grc' dir='ltr'>Ἀεὶ</span> <span class='ocrx_word' id='word_1_764' title='bbox 3082 3284 3260 3338; x_wconf 87' lang='grc' dir='ltr'>τοίνυν</span> <span class='ocrx_word' id='word_1_765' title='bbox 3286 3302 3419 3355; x_wconf 89' lang='grc' dir='ltr'>φρον</span> <span class='ocrx_word' id='word_1_766' title='bbox 3439 3316 3452 3326; x_wconf 69' lang='grc' dir='ltr'><em>ς</em></span> 
     </span>
    </p>
   </div>
   <div class='ocr_carea' id='block_1_100' title="bbox 1786 3370 3451 3442">
    <p class='ocr_par' dir='ltr' id='par_1_100' title="bbox 1786 3370 3451 3442">
     <span class='ocr_line' id='line_1_100' title="bbox 1786 3370 3451 3442; baseline -0.002 -15"><span class='ocrx_word' id='word_1_767' title='bbox 1786 3374 2043 3441; x_wconf 77' lang='grc' dir='ltr'>τίζωμεν,</span> <span class='ocrx_word' id='word_1_768' title='bbox 2066 3372 2150 3425; x_wconf 76' lang='grc' dir='ltr'>ἀεὶ</span> <span class='ocrx_word' id='word_1_769' title='bbox 2181 3370 2531 3442; x_wconf 86' lang='grc' dir='ltr'>μεριμνῶμεν</span> <span class='ocrx_word' id='word_1_770' title='bbox 2555 3370 2681 3439; x_wconf 75' lang='grc' dir='ltr'>περὶ</span> <span class='ocrx_word' id='word_1_771' title='bbox 2706 3370 2804 3439; x_wconf 84' lang='grc' dir='ltr'>τῆς</span> <span class='ocrx_word' id='word_1_772' title='bbox 2832 3370 3103 3442; x_wconf 83' lang='grc' dir='ltr'>σωτηρίας</span> <span class='ocrx_word' id='word_1_773' title='bbox 3130 3370 3229 3440; x_wconf 84' lang='grc' dir='ltr'>τῆς</span> <span class='ocrx_word' id='word_1_774' title='bbox 3255 3371 3451 3440; x_wconf 74' lang='grc' dir='ltr'>ἡμετέ-</span> 
     </span>
    </p>
   </div>
   <div class='ocr_carea' id='block_1_101' title="bbox 1791 3456 3449 3531">
    <p class='ocr_par' dir='ltr' id='par_1_101' title="bbox 1791 3456 3449 3531">
     <span class='ocr_line' id='line_1_101' title="bbox 1791 3456 3449 3531; baseline 0 -21"><span class='ocrx_word' id='word_1_775' title='bbox 1791 3478 1911 3531; x_wconf 90' lang='grc' dir='ltr'>ρας,</span> <span class='ocrx_word' id='word_1_776' title='bbox 1947 3461 2030 3513; x_wconf 82' lang='grc' dir='ltr'>ἴνα</span> <span class='ocrx_word' id='word_1_777' title='bbox 2064 3459 2205 3513; x_wconf 83' lang='grc' dir='ltr'>οὑτω</span> <span class='ocrx_word' id='word_1_778' title='bbox 2254 3456 2566 3527; x_wconf 85' lang='grc' dir='ltr'>δυνηθῶμεν</span> <span class='ocrx_word' id='word_1_779' title='bbox 2623 3459 2716 3509; x_wconf 69' lang='grc' dir='ltr'>καὶ</span> <span class='ocrx_word' id='word_1_780' title='bbox 2744 3458 2897 3509; x_wconf 84' lang='grc' dir='ltr'>αὑτοί</span> <span class='ocrx_word' id='word_1_781' title='bbox 2950 3457 3213 3512; x_wconf 84' lang='grc' dir='ltr'>ἀνάλωτοι</span> <span class='ocrx_word' id='word_1_782' title='bbox 3247 3462 3449 3529; x_wconf 86' lang='grc' dir='ltr'>μεῖναι,</span> 
     </span>
    </p>
   </div>
   <div class='ocr_carea' id='block_1_102' title="bbox 1788 3544 3449 3616">
    <p class='ocr_par' dir='ltr' id='par_1_102' title="bbox 1788 3544 3449 3616">
     <span class='ocr_line' id='line_1_102' title="bbox 1788 3544 3449 3616; baseline -0.007 -15"><span class='ocrx_word' id='word_1_783' title='bbox 1788 3549 1881 3601; x_wconf 73' lang='grc' dir='ltr'>καὶ</span> <span class='ocrx_word' id='word_1_784' title='bbox 1913 3547 2009 3611; x_wconf 84' lang='grc' dir='ltr'>τὰς</span> <span class='ocrx_word' id='word_1_785' title='bbox 2044 3544 2195 3615; x_wconf 74' lang='grc' dir='ltr'>παρὰ</span> <span class='ocrx_word' id='word_1_786' title='bbox 2244 3544 2336 3596; x_wconf 86' lang='grc' dir='ltr'>τοῦ</span> <span class='ocrx_word' id='word_1_787' title='bbox 2372 3544 2629 3612; x_wconf 87' lang='grc' dir='ltr'>πολεμίου</span> <span class='ocrx_word' id='word_1_788' title='bbox 2680 3544 2921 3613; x_wconf 76' lang='grc' dir='ltr'>μηχανὰς</span> <span class='ocrx_word' id='word_1_789' title='bbox 2967 3545 3314 3614; x_wconf 78' lang='grc' dir='ltr'>διαφυγόντες</span> <span class='ocrx_word' id='word_1_790' title='bbox 3352 3548 3449 3616; x_wconf 73' lang='grc' dir='ltr'>τῆς</span> 
     </span>
    </p>
   </div>
   <div class='ocr_carea' id='block_1_103' title="bbox 1789 3629 3451 3705">
    <p class='ocr_par' dir='ltr' id='par_1_103' title="bbox 1789 3629 3451 3705">
     <span class='ocr_line' id='line_1_103' title="bbox 1789 3629 3451 3705; baseline 0.001 -18"><span class='ocrx_word' id='word_1_791' title='bbox 1789 3633 1940 3705; x_wconf 85' lang='grc' dir='ltr'>παρά</span> <span class='ocrx_word' id='word_1_792' title='bbox 1974 3632 2066 3686; x_wconf 87' lang='grc' dir='ltr'>τοῦ</span> <span class='ocrx_word' id='word_1_793' title='bbox 2116 3630 2249 3684; x_wconf 86' lang='grc' dir='ltr'>Θεοῦ</span> <span class='ocrx_word' id='word_1_794' title='bbox 2302 3629 2710 3700; x_wconf 88' lang='grc' dir='ltr'>φιλανθρωπίας</span> <span class='ocrx_word' id='word_1_795' title='bbox 2762 3630 3100 3699; x_wconf 82' lang='grc' dir='ltr'>ἀξιωθῶμεν,</span> <span class='ocrx_word' id='word_1_796' title='bbox 3149 3633 3328 3701; x_wconf 85' lang='grc' dir='ltr'>χάριτι</span> <span class='ocrx_word' id='word_1_797' title='bbox 3357 3634 3451 3688; x_wconf 83' lang='grc' dir='ltr'>καί</span> 
     </span>
    </p>
   </div>
   <div class='ocr_carea' id='block_1_104' title="bbox 1787 3712 3449 3789">
    <p class='ocr_par' dir='ltr' id='par_1_104' title="bbox 1787 3712 3449 3789">
     <span class='ocr_line' id='line_1_104' title="bbox 1787 3712 3449 3789; baseline -0.002 -14"><span class='ocrx_word' id='word_1_798' title='bbox 1787 3721 2085 3789; x_wconf 86' lang='grc' dir='ltr'>οἰκτιρμοίς</span> <span class='ocrx_word' id='word_1_799' title='bbox 2106 3717 2198 3770; x_wconf 87' lang='grc' dir='ltr'>τοῦ</span> <span class='ocrx_word' id='word_1_800' title='bbox 2222 3714 2556 3784; x_wconf 85' lang='grc' dir='ltr'>Μονογενοῦς</span> <span class='ocrx_word' id='word_1_801' title='bbox 2586 3714 2770 3777; x_wconf 83' lang='grc' dir='ltr'>αὑτοῦ,</span> <span class='ocrx_word' id='word_1_802' title='bbox 2798 3716 2916 3785; x_wconf 82' lang='grc' dir='ltr'>μεθ’</span> <span class='ocrx_word' id='word_1_803' title='bbox 2943 3712 3002 3769; x_wconf 80' lang='grc' dir='ltr'>οὗ</span> <span class='ocrx_word' id='word_1_804' title='bbox 3028 3716 3104 3786; x_wconf 82' lang='grc' dir='ltr'>τῷ</span> <span class='ocrx_word' id='word_1_805' title='bbox 3136 3719 3308 3788; x_wconf 72' lang='grc' dir='ltr'>Πατρὶ</span> <span class='ocrx_word' id='word_1_806' title='bbox 3333 3720 3449 3788; x_wconf 74' lang='grc' dir='ltr'>ἅμα</span> 
     </span>
    </p>
   </div>
   <div class='ocr_carea' id='block_1_105' title="bbox 1785 3800 3447 3875">
    <p class='ocr_par' dir='ltr' id='par_1_105' title="bbox 1785 3800 3447 3875">
     <span class='ocr_line' id='line_1_105' title="bbox 1785 3800 3447 3875; baseline 0.002 -19"><span class='ocrx_word' id='word_1_807' title='bbox 1785 3806 1863 3875; x_wconf 85' lang='grc' dir='ltr'>τῷ</span> <span class='ocrx_word' id='word_1_808' title='bbox 1896 3803 2036 3873; x_wconf 82' lang='grc' dir='ltr'>ἁγίῳ</span> <span class='ocrx_word' id='word_1_809' title='bbox 2072 3801 2345 3872; x_wconf 90' lang='grc' dir='ltr'>Πνεύματι</span> <span class='ocrx_word' id='word_1_810' title='bbox 2377 3800 2521 3865; x_wconf 80' lang='grc' dir='ltr'>δόξα,</span> <span class='ocrx_word' id='word_1_811' title='bbox 2549 3802 2768 3873; x_wconf 89' lang='grc' dir='ltr'>κράτος,</span> <span class='ocrx_word' id='word_1_812' title='bbox 2798 3802 2953 3873; x_wconf 85' lang='grc' dir='ltr'>τιμὴ,</span> <span class='ocrx_word' id='word_1_813' title='bbox 2986 3802 3079 3856; x_wconf 87' lang='grc' dir='ltr'>νῦν</span> <span class='ocrx_word' id='word_1_814' title='bbox 3104 3804 3198 3856; x_wconf 76' lang='grc' dir='ltr'>καὶ</span> <span class='ocrx_word' id='word_1_815' title='bbox 3224 3805 3332 3867; x_wconf 78' lang='grc' dir='ltr'>ἀεὶ,</span> <span class='ocrx_word' id='word_1_816' title='bbox 3355 3807 3447 3859; x_wconf 87' lang='grc' dir='ltr'>καί</span> 
     </span>
    </p>
   </div>
   <div class='ocr_carea' id='block_1_106' title="bbox 1786 3887 2883 3958">
    <p class='ocr_par' dir='ltr' id='par_1_106' title="bbox 1786 3887 2883 3958">
     <span class='ocr_line' id='line_1_106' title="bbox 1786 3887 2883 3958; baseline -0.001 -14"><span class='ocrx_word' id='word_1_817' title='bbox 1786 3893 1862 3955; x_wconf 87' lang='grc' dir='ltr'>εἰς</span> <span class='ocrx_word' id='word_1_818' title='bbox 1896 3893 2020 3953; x_wconf 76' lang='grc' dir='ltr'>τοὺς</span> <span class='ocrx_word' id='word_1_819' title='bbox 2052 3889 2252 3952; x_wconf 90' lang='grc' dir='ltr'>αἰῶνας</span> <span class='ocrx_word' id='word_1_820' title='bbox 2280 3887 2388 3942; x_wconf 87' lang='grc' dir='ltr'>τῶν</span> <span class='ocrx_word' id='word_1_821' title='bbox 2418 3887 2647 3941; x_wconf 90' lang='grc' dir='ltr'>αἰώνων.</span> <span class='ocrx_word' id='word_1_822' title='bbox 2694 3888 2883 3958; x_wconf 82' lang='grc' dir='ltr'>Ἀμήν.</span> 
     </span>
    </p>
   </div>
   <div class='ocr_carea' id='block_1_107' title="bbox 2414 3978 2816 4031">
    <p class='ocr_par' dir='ltr' id='par_1_107' title="bbox 2414 3978 2816 4031">
     <span class='ocr_line' id='line_1_107' title="bbox 2414 3978 2816 4031; baseline 0.005 -2"><span class='ocrx_word' id='word_1_823' title='bbox 2414 3978 2655 4030; x_wconf 78' lang='grc' dir='ltr'>ΟΜΙΛΙΑ</span> <span class='ocrx_word' id='word_1_824' title='bbox 2688 3978 2816 4031; x_wconf 82' lang='lat' dir='ltr'>Kl&quot;.</span> 
     </span>
    </p>
   </div>
   <div class='ocr_carea' id='block_1_108' title="bbox 1784 4058 3447 4132">
    <p class='ocr_par' dir='ltr' id='par_1_108' title="bbox 1784 4058 3447 4132">
     <span class='ocr_line' id='line_1_108' title="bbox 1784 4058 3447 4132; baseline 0.002 -13"><span class='ocrx_word' id='word_1_825' title='bbox 1784 4064 1911 4121; x_wconf 70' lang='grc' dir='ltr'>Νῶε</span> <span class='ocrx_word' id='word_1_826' title='bbox 1938 4064 2005 4118; x_wconf 85' lang='grc' dir='ltr'>δὲ</span> <span class='ocrx_word' id='word_1_827' title='bbox 2026 4058 2163 4132; x_wconf 84' lang='grc' dir='ltr'>εὗρε</span> <span class='ocrx_word' id='word_1_828' title='bbox 2192 4062 2365 4131; x_wconf 74' lang='grc' dir='ltr'>χάριν</span> <span class='ocrx_word' id='word_1_829' title='bbox 2391 4063 2668 4116; x_wconf 78' lang='grc' dir='ltr'>ἐναντίον</span> <span class='ocrx_word' id='word_1_830' title='bbox 2686 4066 2905 4131; x_wconf 80' lang='grc' dir='ltr'>Κυρίου</span> <span class='ocrx_word' id='word_1_831' title='bbox 2932 4064 3037 4119; x_wconf 84' lang='grc' dir='ltr'>τοῦ</span> <span class='ocrx_word' id='word_1_832' title='bbox 3068 4066 3235 4122; x_wconf 82' lang='grc' dir='ltr'>Θεοῦ.</span> <span class='ocrx_word' id='word_1_833' title='bbox 3265 4064 3447 4123; x_wconf 77' lang='grc' dir='ltr'>Αὖται</span> 
     </span>
    </p>
   </div>
   <div class='ocr_carea' id='block_1_109' title="bbox 1852 4132 3445 4203">
    <p class='ocr_par' dir='ltr' id='par_1_109' title="bbox 1852 4132 3445 4203">
     <span class='ocr_line' id='line_1_109' title="bbox 1852 4132 3445 4203; baseline -0.006 -15"><span class='ocrx_word' id='word_1_834' title='bbox 1852 4136 1920 4189; x_wconf 84' lang='grc' dir='ltr'>δὲ</span> <span class='ocrx_word' id='word_1_835' title='bbox 1968 4138 2026 4187; x_wconf 83' lang='grc' dir='ltr'>αἱ</span> <span class='ocrx_word' id='word_1_836' title='bbox 2071 4132 2339 4203; x_wconf 66' lang='grc' dir='ltr'>γενέσεις</span> <span class='ocrx_word' id='word_1_837' title='bbox 2381 4133 2527 4187; x_wconf 81' lang='grc' dir='ltr'>Νῶε.</span> <span class='ocrx_word' id='word_1_838' title='bbox 2556 4132 2686 4187; x_wconf 82' lang='grc' dir='ltr'>Νῶε</span> <span class='ocrx_word' id='word_1_839' title='bbox 2731 4134 3039 4202; x_wconf 79' lang='grc' dir='ltr'>ἄνθρωπος</span> <span class='ocrx_word' id='word_1_840' title='bbox 3067 4136 3311 4203; x_wconf 78' lang='grc' dir='ltr'>δίκαιος,</span> <span class='ocrx_word' id='word_1_841' title='bbox 3355 4138 3445 4192; x_wconf 75' lang='grc' dir='ltr'>τέ..</span> 
     </span>
    </p>
   </div>
   <div class='ocr_carea' id='block_1_110' title="bbox 1848 4202 3445 4275">
    <p class='ocr_par' dir='ltr' id='par_1_110' title="bbox 1848 4202 3445 4275">
     <span class='ocr_line' id='line_1_110' title="bbox 1848 4202 3445 4275; baseline 0.003 -16"><span class='ocrx_word' id='word_1_842' title='bbox 1848 4210 2011 4270; x_wconf 73' lang='grc' dir='ltr'>λείως</span> <span class='ocrx_word' id='word_1_843' title='bbox 2044 4202 2129 4257; x_wconf 87' lang='grc' dir='ltr'>ὢν</span> <span class='ocrx_word' id='word_1_844' title='bbox 2158 4203 2227 4257; x_wconf 73' lang='grc' dir='ltr'>ἐν</span> <span class='ocrx_word' id='word_1_845' title='bbox 2249 4202 2322 4272; x_wconf 75' lang='grc' dir='ltr'>τῇ</span> <span class='ocrx_word' id='word_1_846' title='bbox 2357 4203 2533 4272; x_wconf 79' lang='grc' dir='ltr'>γενεᾷ</span> <span class='ocrx_word' id='word_1_847' title='bbox 2559 4204 2777 4258; x_wconf 80' lang='grc' dir='ltr'>αὑτοῦ·</span> <span class='ocrx_word' id='word_1_848' title='bbox 2811 4204 2888 4270; x_wconf 85' lang='grc' dir='ltr'>τῷ</span> <span class='ocrx_word' id='word_1_849' title='bbox 2918 4204 3038 4271; x_wconf 86' lang='grc' dir='ltr'>Θεῷ</span> <span class='ocrx_word' id='word_1_850' title='bbox 3074 4202 3445 4275; x_wconf 79' lang='grc' dir='ltr'>εὐηρέο-τησε</span> 
     </span>
    </p>
   </div>
   <div class='ocr_carea' id='block_1_111' title="bbox 1849 4275 1995 4331">
    <p class='ocr_par' dir='ltr' id='par_1_111' title="bbox 1849 4275 1995 4331">
     <span class='ocr_line' id='line_1_111' title="bbox 1849 4275 1995 4331; baseline -0.014 0"><span class='ocrx_word' id='word_1_851' title='bbox 1849 4275 1995 4331; x_wconf 83' lang='grc' dir='ltr'>Νῶε.</span> 
     </span>
    </p>
   </div>
   <div class='ocr_carea' id='block_1_112' title="bbox 1852 4360 3445 4434">
    <p class='ocr_par' dir='ltr' id='par_1_112' title="bbox 1852 4360 3445 4434">
     <span class='ocr_line' id='line_1_112' title="bbox 1852 4360 3445 4434; baseline -0.001 -16"><span class='ocrx_word' id='word_1_852' title='bbox 1852 4371 1922 4418; x_wconf 88' lang='grc' dir='ltr'>α’.</span> <span class='ocrx_word' id='word_1_853' title='bbox 1953 4361 2135 4416; x_wconf 83' lang='grc' dir='ltr'>Είδετε</span> <span class='ocrx_word' id='word_1_854' title='bbox 2163 4362 2219 4415; x_wconf 94' lang='grc' dir='ltr'>ἐν</span> <span class='ocrx_word' id='word_1_855' title='bbox 2238 4362 2349 4423; x_wconf 81' lang='grc' dir='ltr'>τοῖς</span> <span class='ocrx_word' id='word_1_856' title='bbox 2364 4360 2462 4431; x_wconf 80' lang='grc' dir='ltr'>ήδη</span> <span class='ocrx_word' id='word_1_857' title='bbox 2495 4360 2752 4431; x_wconf 79' lang='grc' dir='ltr'>ῥηθεῖσιν,</span> <span class='ocrx_word' id='word_1_858' title='bbox 2776 4362 2896 4414; x_wconf 83' lang='grc' dir='ltr'>ὅσον</span> <span class='ocrx_word' id='word_1_859' title='bbox 2912 4361 3011 4431; x_wconf 78' lang='grc' dir='ltr'>τῆς</span> <span class='ocrx_word' id='word_1_860' title='bbox 3041 4363 3445 4434; x_wconf 74' lang='grc' dir='ltr'>φιλανθρωπίας</span> 
     </span>
    </p>
   </div>
   <div class='ocr_carea' id='block_1_113' title="bbox 1780 4447 3443 4522">
    <p class='ocr_par' dir='ltr' id='par_1_113' title="bbox 1780 4447 3443 4522">
     <span class='ocr_line' id='line_1_113' title="bbox 1780 4447 3443 4522; baseline 0 -17"><span class='ocrx_word' id='word_1_861' title='bbox 1780 4452 1873 4505; x_wconf 80' lang='grc' dir='ltr'>τοῦ</span> <span class='ocrx_word' id='word_1_862' title='bbox 1900 4453 2034 4505; x_wconf 86' lang='grc' dir='ltr'>Θεοῦ</span> <span class='ocrx_word' id='word_1_863' title='bbox 2062 4452 2123 4504; x_wconf 81' lang='grc' dir='ltr'>τὸ</span> <span class='ocrx_word' id='word_1_864' title='bbox 2152 4448 2398 4520; x_wconf 85' lang='grc' dir='ltr'>μέγεθος,</span> <span class='ocrx_word' id='word_1_865' title='bbox 2429 4448 2520 4500; x_wconf 77' lang='grc' dir='ltr'>καὶ</span> <span class='ocrx_word' id='word_1_866' title='bbox 2553 4449 2689 4515; x_wconf 87' lang='grc' dir='ltr'>πόση</span> <span class='ocrx_word' id='word_1_867' title='bbox 2717 4447 2880 4501; x_wconf 84' lang='grc' dir='ltr'>αὑτοῦ</span> <span class='ocrx_word' id='word_1_868' title='bbox 2909 4451 3007 4517; x_wconf 80' lang='grc' dir='ltr'>τῆς</span> <span class='ocrx_word' id='word_1_869' title='bbox 3030 4449 3375 4513; x_wconf 79' lang='grc' dir='ltr'>ἀνεξικακίας</span> <span class='ocrx_word' id='word_1_870' title='bbox 3411 4453 3443 4522; x_wconf 86' lang='grc' dir='ltr'>ή</span> 
     </span>
    </p>
   </div>
   <div class='ocr_carea' id='block_1_114' title="bbox 1783 4534 3443 4611">
    <p class='ocr_par' dir='ltr' id='par_1_114' title="bbox 1783 4534 3443 4611">
     <span class='ocr_line' id='line_1_114' title="bbox 1783 4534 3443 4611; baseline -0.002 -19"><span class='ocrx_word' id='word_1_871' title='bbox 1783 4538 2095 4611; x_wconf 77' lang='grc' dir='ltr'>ὑπερϐολής</span> <span class='ocrx_word' id='word_1_872' title='bbox 2129 4538 2299 4589; x_wconf 80' lang='grc' dir='ltr'>εἰδετε</span> <span class='ocrx_word' id='word_1_873' title='bbox 2337 4535 2445 4587; x_wconf 81' lang='grc' dir='ltr'>τῶν</span> <span class='ocrx_word' id='word_1_874' title='bbox 2473 4535 2594 4587; x_wconf 87' lang='grc' dir='ltr'>τότε</span> <span class='ocrx_word' id='word_1_875' title='bbox 2628 4534 2928 4604; x_wconf 86' lang='grc' dir='ltr'>ἀνθρώπων</span> <span class='ocrx_word' id='word_1_876' title='bbox 2974 4537 3071 4606; x_wconf 85' lang='grc' dir='ltr'>τῆς</span> <span class='ocrx_word' id='word_1_877' title='bbox 3115 4538 3310 4599; x_wconf 89' lang='grc' dir='ltr'>κακίας</span> <span class='ocrx_word' id='word_1_878' title='bbox 3345 4536 3443 4607; x_wconf 78' lang='grc' dir='ltr'>τὴν</span> 
     </span>
    </p>
   </div>
   <div class='ocr_carea' id='block_1_115' title="bbox 1782 4622 3442 4694">
    <p class='ocr_par' dir='ltr' id='par_1_115' title="bbox 1782 4622 3442 4694">
     <span class='ocr_line' id='line_1_115' title="bbox 1782 4622 3442 4694; baseline -0.003 -15"><span class='ocrx_word' id='word_1_879' title='bbox 1782 4628 2028 4679; x_wconf 85' lang='grc' dir='ltr'>ἐπίτασιν</span> <span class='ocrx_word' id='word_1_880' title='bbox 2052 4640 2065 4687; x_wconf 90' lang='lat'><strong>;</strong></span> <span class='ocrx_word' id='word_1_881' title='bbox 2090 4623 2427 4694; x_wconf 84' lang='grc' dir='ltr'>κατεμάθετε</span> <span class='ocrx_word' id='word_1_882' title='bbox 2467 4624 2523 4674; x_wconf 91' lang='grc' dir='ltr'>ἐν</span> <span class='ocrx_word' id='word_1_883' title='bbox 2551 4622 2700 4692; x_wconf 85' lang='grc' dir='ltr'>μέσῳ</span> <span class='ocrx_word' id='word_1_884' title='bbox 2732 4622 2968 4693; x_wconf 87' lang='grc' dir='ltr'>τοσούτῳ</span> <span class='ocrx_word' id='word_1_885' title='bbox 3001 4623 3193 4692; x_wconf 85' lang='grc' dir='ltr'>πλήθει</span> <span class='ocrx_word' id='word_1_886' title='bbox 3214 4624 3314 4692; x_wconf 86' lang='grc' dir='ltr'>ὅση</span> <span class='ocrx_word' id='word_1_887' title='bbox 3347 4623 3442 4675; x_wconf 81' lang='grc' dir='ltr'>τοῦ</span> 
     </span>
    </p>
   </div>
   <div class='ocr_carea' id='block_1_116' title="bbox 1780 4709 3438 4781">
    <p class='ocr_par' dir='ltr' id='par_1_116' title="bbox 1780 4709 3438 4781">
     <span class='ocr_line' id='line_1_116' title="bbox 1780 4709 3438 4781; baseline -0.004 -15"><span class='ocrx_word' id='word_1_888' title='bbox 1780 4712 1986 4766; x_wconf 87' lang='grc' dir='ltr'>δικαίου</span> <span class='ocrx_word' id='word_1_889' title='bbox 2017 4714 2237 4780; x_wconf 83' lang='grc' dir='ltr'>γέγονεν</span> <span class='ocrx_word' id='word_1_890' title='bbox 2276 4712 2310 4778; x_wconf 89' lang='grc' dir='ltr'>ή</span> <span class='ocrx_word' id='word_1_891' title='bbox 2336 4710 2522 4781; x_wconf 83' lang='grc' dir='ltr'>ἀρετὴ.</span> <span class='ocrx_word' id='word_1_892' title='bbox 2543 4709 2635 4761; x_wconf 72' lang='grc' dir='ltr'>καί</span> <span class='ocrx_word' id='word_1_893' title='bbox 2655 4710 2733 4761; x_wconf 86' lang='grc' dir='ltr'>ὅτι</span> <span class='ocrx_word' id='word_1_894' title='bbox 2754 4709 2902 4763; x_wconf 79' lang='grc' dir='ltr'>οὐδὲν</span> <span class='ocrx_word' id='word_1_895' title='bbox 2932 4709 3092 4762; x_wconf 81' lang='grc' dir='ltr'>αὑτὸν</span> <span class='ocrx_word' id='word_1_896' title='bbox 3117 4710 3438 4780; x_wconf 86' lang='grc' dir='ltr'>ἐλυμήνατο,</span> 
     </span>
    </p>
   </div>
   <div class='ocr_carea' id='block_1_117' title="bbox 1780 4795 3438 4870">
    <p class='ocr_par' dir='ltr' id='par_1_117' title="bbox 1780 4795 3438 4870">
     <span class='ocr_line' id='line_1_117' title="bbox 1780 4795 3438 4870; baseline -0.006 -16"><span class='ocrx_word' id='word_1_897' title='bbox 1780 4801 1900 4854; x_wconf 71' lang='grc' dir='ltr'>οὔτε</span> <span class='ocrx_word' id='word_1_898' title='bbox 1930 4802 1962 4870; x_wconf 87' lang='grc' dir='ltr'>ή</span> <span class='ocrx_word' id='word_1_899' title='bbox 1994 4797 2281 4869; x_wconf 88' lang='grc' dir='ltr'>συμφωνία</span> <span class='ocrx_word' id='word_1_900' title='bbox 2313 4796 2534 4849; x_wconf 86' lang='grc' dir='ltr'>ἐκείνων</span> <span class='ocrx_word' id='word_1_901' title='bbox 2556 4796 2647 4848; x_wconf 73' lang='grc' dir='ltr'>ἐπὶ</span> <span class='ocrx_word' id='word_1_902' title='bbox 2670 4796 2768 4865; x_wconf 84' lang='grc' dir='ltr'>τὴν</span> <span class='ocrx_word' id='word_1_903' title='bbox 2802 4795 2997 4848; x_wconf 89' lang='grc' dir='ltr'>κακίαν</span> <span class='ocrx_word' id='word_1_904' title='bbox 3033 4796 3291 4864; x_wconf 77' lang='grc' dir='ltr'>ῥέπουσα.</span> <span class='ocrx_word' id='word_1_905' title='bbox 3316 4796 3438 4847; x_wconf 73' lang='grc' dir='ltr'>οὔτε.</span> 
     </span>
    </p>
   </div>
   <div class='ocr_carea' id='block_1_118' title="bbox 1779 4880 3440 4955">
    <p class='ocr_par' dir='ltr' id='par_1_118' title="bbox 1779 4880 3440 4955">
     <span class='ocr_line' id='line_1_118' title="bbox 1779 4880 3440 4955; baseline -0.005 -16"><span class='ocrx_word' id='word_1_906' title='bbox 1779 4886 1840 4939; x_wconf 60' lang='grc' dir='ltr'>τὸ</span> <span class='ocrx_word' id='word_1_907' title='bbox 1876 4887 2033 4955; x_wconf 87' lang='grc' dir='ltr'>μόνον</span> <span class='ocrx_word' id='word_1_908' title='bbox 2064 4887 2121 4937; x_wconf 90' lang='grc' dir='ltr'>ἐν</span> <span class='ocrx_word' id='word_1_909' title='bbox 2154 4884 2302 4953; x_wconf 81' lang='grc' dir='ltr'>μέσῳ</span> <span class='ocrx_word' id='word_1_910' title='bbox 2318 4882 2521 4934; x_wconf 89' lang='grc' dir='ltr'>τούτων</span> <span class='ocrx_word' id='word_1_911' title='bbox 2558 4880 2909 4951; x_wconf 83' lang='grc' dir='ltr'>ἀπειλῆφθαι,</span> <span class='ocrx_word' id='word_1_912' title='bbox 2943 4883 3033 4934; x_wconf 72' lang='grc' dir='ltr'>καὶ</span> <span class='ocrx_word' id='word_1_913' title='bbox 3060 4883 3160 4951; x_wconf 77' lang='grc' dir='ltr'>τήν</span> <span class='ocrx_word' id='word_1_914' title='bbox 3192 4880 3440 4932; x_wconf 87' lang='grc' dir='ltr'>ἐναντίαν</span> 
     </span>
    </p>
   </div>
   <div class='ocr_carea' id='block_1_119' title="bbox 1780 4967 3436 5039">
    <p class='ocr_par' dir='ltr' id='par_1_119' title="bbox 1780 4967 3436 5039">
     <span class='ocr_line' id='line_1_119' title="bbox 1780 4967 3436 5039; baseline -0.004 -13"><span class='ocrx_word' id='word_1_915' title='bbox 1780 4974 1984 5026; x_wconf 77' lang='grc' dir='ltr'>ὁδεύειν</span> <span class='ocrx_word' id='word_1_916' title='bbox 2017 4972 2170 5035; x_wconf 86' lang='grc' dir='ltr'>ὁδόν;</span> <span class='ocrx_word' id='word_1_917' title='bbox 2232 4968 2495 5039; x_wconf 84' lang='grc' dir='ltr'>Καθάπερ</span> <span class='ocrx_word' id='word_1_918' title='bbox 2555 4968 2663 5038; x_wconf 71' lang='grc' dir='ltr'>γὰρ</span> <span class='ocrx_word' id='word_1_919' title='bbox 2712 4967 3049 5037; x_wconf 85' lang='grc' dir='ltr'>κυϐερνήτης</span> <span class='ocrx_word' id='word_1_920' title='bbox 3072 4968 3290 5037; x_wconf 74' lang='grc' dir='ltr'>ἀριστος</span> <span class='ocrx_word' id='word_1_921' title='bbox 3311 4969 3436 5032; x_wconf 71' lang='grc' dir='ltr'>τοὺς</span> 
     </span>
    </p>
   </div>
   <div class='ocr_carea' id='block_1_120' title="bbox 1779 5055 3436 5131">
    <p class='ocr_par' dir='ltr' id='par_1_120' title="bbox 1779 5055 3436 5131">
     <span class='ocr_line' id='line_1_120' title="bbox 1779 5055 3436 5131; baseline -0.005 -16"><span class='ocrx_word' id='word_1_922' title='bbox 1779 5062 1876 5131; x_wconf 84' lang='grc' dir='ltr'>τῆς</span> <span class='ocrx_word' id='word_1_923' title='bbox 1906 5059 2142 5121; x_wconf 74' lang='grc' dir='ltr'>διανοίας</span> <span class='ocrx_word' id='word_1_924' title='bbox 2171 5058 2360 5119; x_wconf 76' lang='grc' dir='ltr'>οἴακας</span> <span class='ocrx_word' id='word_1_925' title='bbox 2394 5056 2531 5126; x_wconf 74' lang='grc' dir='ltr'>μετὰ</span> <span class='ocrx_word' id='word_1_926' title='bbox 2566 5056 2761 5124; x_wconf 82' lang='grc' dir='ltr'>πολλῆς</span> <span class='ocrx_word' id='word_1_927' title='bbox 2802 5055 2902 5123; x_wconf 80' lang='grc' dir='ltr'>τῆς</span> <span class='ocrx_word' id='word_1_928' title='bbox 2932 5055 3236 5125; x_wconf 79' lang='grc' dir='ltr'>ἀγρυπνίας</span> <span class='ocrx_word' id='word_1_929' title='bbox 3270 5071 3436 5124; x_wconf 72' lang='grc' dir='ltr'>μετα-ι</span> 
     </span>
    </p>
   </div>
   <div class='ocr_carea' id='block_1_121' title="bbox 1778 5140 3439 5217">
    <p class='ocr_par' dir='ltr' id='par_1_121' title="bbox 1778 5140 3439 5217">
     <span class='ocr_line' id='line_1_121' title="bbox 1778 5140 3439 5217; baseline -0.002 -18"><span class='ocrx_word' id='word_1_930' title='bbox 1778 5146 2168 5217; x_wconf 80' lang='grc' dir='ltr'>χειριζόμενος,</span> <span class='ocrx_word' id='word_1_931' title='bbox 2198 5146 2297 5197; x_wconf 88' lang='grc' dir='ltr'>οὑκ</span> <span class='ocrx_word' id='word_1_932' title='bbox 2323 5143 2473 5211; x_wconf 76' lang='grc' dir='ltr'>ἠφίει</span> <span class='ocrx_word' id='word_1_933' title='bbox 2501 5140 3001 5211; x_wconf 83' lang='grc' dir='ltr'>καταϐαπτισθῆναι</span> <span class='ocrx_word' id='word_1_934' title='bbox 3027 5141 3089 5193; x_wconf 78' lang='grc' dir='ltr'>τὸ</span> <span class='ocrx_word' id='word_1_935' title='bbox 3110 5142 3314 5210; x_wconf 75' lang='grc' dir='ltr'>σκάφος</span> <span class='ocrx_word' id='word_1_936' title='bbox 3332 5143 3439 5196; x_wconf 75' lang='grc' dir='ltr'>ὑπὸ</span> 
     </span>
    </p>
   </div>
   <div class='ocr_carea' id='block_1_122' title="bbox 1777 5228 3438 5303">
    <p class='ocr_par' dir='ltr' id='par_1_122' title="bbox 1777 5228 3438 5303">
     <span class='ocr_line' id='line_1_122' title="bbox 1777 5228 3438 5303; baseline -0.002 -17"><span class='ocrx_word' id='word_1_937' title='bbox 1777 5233 1875 5303; x_wconf 80' lang='grc' dir='ltr'>τῆς</span> <span class='ocrx_word' id='word_1_938' title='bbox 1908 5231 2263 5302; x_wconf 86' lang='grc' dir='ltr'>σφοδρότητος</span> <span class='ocrx_word' id='word_1_939' title='bbox 2289 5229 2398 5284; x_wconf 88' lang='grc' dir='ltr'>τῶν</span> <span class='ocrx_word' id='word_1_940' title='bbox 2443 5228 2545 5299; x_wconf 82' lang='grc' dir='ltr'>τῆς</span> <span class='ocrx_word' id='word_1_941' title='bbox 2582 5229 2779 5291; x_wconf 86' lang='grc' dir='ltr'>κακίας</span> <span class='ocrx_word' id='word_1_942' title='bbox 2815 5228 3091 5297; x_wconf 85' lang='grc' dir='ltr'>κυμάτων,</span> <span class='ocrx_word' id='word_1_943' title='bbox 3138 5230 3276 5284; x_wconf 91' lang='grc' dir='ltr'>ἀλλά</span> <span class='ocrx_word' id='word_1_944' title='bbox 3299 5230 3438 5285; x_wconf 75' lang='grc' dir='ltr'>ἀνώο</span> 
     </span>
    </p>
   </div>
   <div class='ocr_carea' id='block_1_123' title="bbox 1779 5312 3457 5389">
    <p class='ocr_par' dir='ltr' id='par_1_123' title="bbox 1779 5312 3457 5389">
     <span class='ocr_line' id='line_1_123' title="bbox 1779 5312 3457 5389; baseline -0.001 -18"><span class='ocrx_word' id='word_1_945' title='bbox 1779 5335 1934 5389; x_wconf 86' lang='grc' dir='ltr'>τερος</span> <span class='ocrx_word' id='word_1_946' title='bbox 1965 5316 2060 5369; x_wconf 89' lang='grc' dir='ltr'>τοῦ</span> <span class='ocrx_word' id='word_1_947' title='bbox 2090 5316 2354 5387; x_wconf 89' lang='grc' dir='ltr'>χειμῶνος</span> <span class='ocrx_word' id='word_1_948' title='bbox 2374 5312 2635 5383; x_wconf 81' lang='grc' dir='ltr'>γεγονὼς,</span> <span class='ocrx_word' id='word_1_949' title='bbox 2669 5314 2763 5366; x_wconf 83' lang='grc' dir='ltr'>καὶ</span> <span class='ocrx_word' id='word_1_950' title='bbox 2799 5313 3054 5383; x_wconf 82' lang='grc' dir='ltr'>πελάγιος</span> <span class='ocrx_word' id='word_1_951' title='bbox 3077 5314 3334 5381; x_wconf 88' lang='grc' dir='ltr'>σαλεύων,</span> <span class='ocrx_word' id='word_1_952' title='bbox 3361 5316 3457 5382; x_wconf 75' lang='grc' dir='ltr'>ώςσ</span> 
     </span>
    </p>
   </div>
   <div class='ocr_carea' id='block_1_124' title="bbox 1844 5396 3438 5492">
    <p class='ocr_par' dir='ltr' id='par_1_124' title="bbox 1844 5396 3438 5492">
     <span class='ocr_line' id='line_1_124' title="bbox 1844 5396 3438 5492; baseline 0.006 -30"><span class='ocrx_word' id='word_1_953' title='bbox 1844 5424 1871 5462; x_wconf 71' lang='grc' dir='ltr'>ιι</span> <span class='ocrx_word' id='word_1_954' title='bbox 1905 5396 2140 5492; x_wconf 47' lang='grc' dir='ltr'>Ἀ-φηῖριῶν</span> <span class='ocrx_word' id='word_1_955' title='bbox 2183 5433 2245 5468; x_wconf 78' lang='lat' dir='ltr'><strong>ex</strong></span> <span class='ocrx_word' id='word_1_956' title='bbox 2287 5420 2478 5469; x_wconf 75' lang='lat' dir='ltr'><strong>duobus</strong></span> <span class='ocrx_word' id='word_1_957' title='bbox 2513 5431 2627 5467; x_wconf 81' lang='lat' dir='ltr'>mss.</span> <span class='ocrx_word' id='word_1_958' title='bbox 2655 5416 2962 5469; x_wconf 78' lang='lat' dir='ltr'><strong>resliluimus</strong></span> <span class='ocrx_word' id='word_1_959' title='bbox 2984 5438 2996 5468; x_wconf 89' lang='lat'><strong>:</strong></span> <span class='ocrx_word' id='word_1_960' title='bbox 3022 5426 3137 5470; x_wconf 81' lang='lat' dir='ltr'><strong>ante</strong></span> <span class='ocrx_word' id='word_1_961' title='bbox 3178 5420 3438 5485; x_wconf 74' lang='lat' dir='ltr'>legebatur</span> 
     </span>
    </p>
   </div>
   <div class='ocr_carea' id='block_1_125' title="bbox 1779 5487 2024 5549">
    <p class='ocr_par' dir='ltr' id='par_1_125' title="bbox 1779 5487 2024 5549">
     <span class='ocr_line' id='line_1_125' title="bbox 1779 5487 2024 5549; baseline 0 0"><span class='ocrx_word' id='word_1_962' title='bbox 1779 5487 2024 5549; x_wconf 65' lang='grc' dir='ltr'>ἀφηνξρῖδν-</span> 
     </span>
    </p>
   </div>
   <div class='ocr_carea' id='block_1_126' title="bbox 1845 5542 3434 5607">
    <p class='ocr_par' dir='ltr' id='par_1_126' title="bbox 1845 5542 3434 5607">
     <span class='ocr_line' id='line_1_126' title="bbox 1845 5542 3434 5607; baseline 0.003 -16"><span class='ocrx_word' id='word_1_963' title='bbox 1845 5544 1869 5607; x_wconf 62' lang='grc' dir='ltr'>ὲ</span> <span class='ocrx_word' id='word_1_964' title='bbox 1906 5544 2038 5601; x_wconf 65' lang='lat' dir='ltr'><strong>Haec,</strong></span> <span class='ocrx_word' id='word_1_965' title='bbox 2068 5542 2574 5607; x_wconf 43' lang='lat' dir='ltr'>xaluénsp6aiyov‘toh</span> <span class='ocrx_word' id='word_1_966' title='bbox 2617 5544 2796 5596; x_wconf 83' lang='lat' dir='ltr'><strong>desqu</strong></span> <span class='ocrx_word' id='word_1_967' title='bbox 2837 5546 2885 5596; x_wconf 86' lang='lat' dir='ltr'>in</span> <span class='ocrx_word' id='word_1_968' title='bbox 2928 5544 3150 5607; x_wconf 83' lang='lat' dir='ltr'>plurimis</span> <span class='ocrx_word' id='word_1_969' title='bbox 3178 5560 3314 5607; x_wconf 59' lang='lat' dir='ltr'>mu,</span> <span class='ocrx_word' id='word_1_970' title='bbox 3346 5544 3434 5595; x_wconf 75' lang='lat' dir='ltr'>sed</span> 
     </span>
    </p>
   </div>
   <div class='ocr_carea' id='block_1_127' title="bbox 1792 5604 2485 5657">
    <p class='ocr_par' dir='ltr' id='par_1_127' title="bbox 1792 5604 2485 5657">
     <span class='ocr_line' id='line_1_127' title="bbox 1792 5604 2485 5657; baseline -0.006 0"><span class='ocrx_word' id='word_1_971' title='bbox 1792 5606 2039 5657; x_wconf 73' lang='lat' dir='ltr'>habentur</span> <span class='ocrx_word' id='word_1_972' title='bbox 2073 5607 2125 5656; x_wconf 83' lang='lat' dir='ltr'>iu</span> <span class='ocrx_word' id='word_1_973' title='bbox 2148 5604 2265 5654; x_wconf 74' lang='lat' dir='ltr'>Mor.</span> <span class='ocrx_word' id='word_1_974' title='bbox 2290 5610 2343 5654; x_wconf 68' lang='lat' dir='ltr'><strong>et</strong></span> <span class='ocrx_word' id='word_1_975' title='bbox 2373 5606 2485 5653; x_wconf 81' lang='lat' dir='ltr'>Sav.</span> 
     </span>
    </p>
   </div>
  </div>
