3804 6250
66 197 167 255 197

67 309 171 361 Inm
197 303 493 376 dirigebat,
519 310 574 359 et
598 315 629 357 a
649 296 853 358 diluvio
878 309 1066 354 omnes
1088 294 1234 350 orbis
1266 290 1466 351 incolas
1490 287 1651 345 deva-

66 408 280 450 staturo
320 408 386 449 se
413 392 692 464 eripiebat.
720 388 895 445 Tanta
941 399 1029 441 res
1071 392 1155 441 est
1176 383 1365 448 virtus,
1410 389 1518 434 tam
1557 377 1657 431 im-

64 484 339 547 mortalis,
391 492 501 537 tam
541 482 762 545 invicta,
806 488 913 533 tam
943 473 1078 531 nihil
1117 472 1318 530 cedens
1353 470 1509 539 hujus
1534 468 1656 522 vita:

64 572 430 629 varietatibus
456 588 471 625 :
501 570 596 625 sed
636 584 799 639 super
836 566 1049 622 malitiae
1077 564 1208 619 retia
1235 562 1476 624 volitans,
1505 556 1654 629 quasi

66 680 94 717 ο
117 662 346 718 sublimi
374 660 589 731 specula
610 659 860 729 quadam,
904 657 983 711 sic
1007 654 1185 709 omnia
1213 652 1438 707 humana
1473 648 1657 717 despi-

66 753 155 815 cit,
186 751 331 805 nihil
358 749 501 821 quod
528 749 649 803 aliis
678 748 961 804 molestum
1002 746 1072 800 sit
1095 743 1279 800 sentit.
1309 740 1413 798 Sed
1446 740 1585 795 sicut
1611 741 1658 793 is

68 842 151 912 qui
182 856 364 910 super
400 839 669 896 excelsam
711 848 914 910 petram
964 845 1089 901 stat,
1120 834 1313 889 lluctus
1337 831 1492 897 ridet,
1521 845 1656 901 quos

69 933 206 987 videt
237 932 311 987 ad
342 944 549 1002 petram
582 944 774 998 magno
801 928 1001 999 impetu
1025 926 1302 998 disrumpi,
1325 939 1388 979 ac
1416 922 1657 993 protinus

64 1024 113 1077 in
152 1036 416 1091 spumam
458 1020 592 1074 solvi
626 1037 638 1073 :
670 1020 741 1074 ita
772 1028 825 1073 et
867 1019 956 1089 qui
1001 1016 1187 1072 virtuti
1213 1015 1304 1069 dat
1344 1027 1560 1082 operam
1600 1011 1656 1066 in

65 1128 263 1169 securo
290 1113 623 1169 constitutus
660 1110 801 1176 loco,
852 1108 985 1164 nihil
1026 1109 1242 1163 insuave
1279 1107 1380 1160 fert
1425 1120 1455 1158 a
1496 1106 1658 1159 rebus

67 1205 422 1269 turbulentis,
450 1203 543 1260 sed
580 1201 894 1272 tranquiilus
933 1200 1111 1255 animo
1154 1209 1209 1254 et
1248 1197 1459 1269 quietus
1485 1195 1654 1261 sedet,

67 1294 433 1365 intelligitque
470 1306 559 1349 res
584 1292 741 1360 hujus
769 1290 891 1345 vita:
914 1289 1046 1345 nihil
1077 1288 1292 1343 dill'erre
1325 1287 1392 1341 ab
1420 1285 1657 1341 amnium

66 1385 307 1447 liuentis,
337 1391 528 1453 utpote
555 1396 674 1453 quae
696 1391 800 1435 tam
823 1380 1008 1451 rapido
1027 1394 1184 1434 cursu
1208 1384 1495 1433 transeant.
1524 1375 1656 1431 Nam

66 1478 203 1532 sicut
225 1476 427 1531 videre
453 1476 577 1530 licet
602 1474 766 1529 maris
782 1472 974 1528 ﬂuctus
1002 1486 1144 1526 nunc
1171 1469 1385 1536 quidem
1414 1468 1466 1523 in
1492 1467 1657 1521 altum

68 1567 278 1635 extolli,
313 1581 446 1622 mox
471 1573 650 1621 autem
676 1563 905 1634 deprimi
931 1580 945 1619 :
970 1562 1041 1618 ita
1078 1571 1132 1618 et
1167 1560 1411 1616 videmus
1447 1572 1543 1613 eos
1568 1571 1656 1626 qut

70 1658 335 1712 virtutem
366 1662 734 1719 contemnunt,
762 1662 815 1709 et
842 1652 1091 1723 nequilize
1108 1651 1235 1707 dant
1259 1665 1496 1720 operam,
1517 1663 1659 1703 nunc

65 1747 284 1819 quidem
312 1747 548 1802 sublime
572 1759 782 1815 sapere,
822 1753 875 1798 et
893 1741 1173 1812 supercilia
1197 1742 1473 1807 extollere,
1501 1748 1658 1809 atque

66 1839 223 1906 hujus
254 1837 391 1891 vita:
428 1834 574 1890 curis
616 1835 852 1889 intentos
881 1848 1023 1900 esse,
1068 1832 1245 1887 subito
1271 1839 1447 1886 autem
1477 1828 1655 1898 dejici,

64 1936 115 1981 et
138 1926 207 1980 ad
240 1934 556 1981 extremam
583 1923 770 1979 venire
814 1922 1069 1992 inopiam.
1110 1920 1256 1987 Quos
1282 1921 1468 1976 beatus
1494 1918 1657 1974 David

63 2015 443 2079 subindicans,
485 2014 696 2069 dicebat
728 2030 742 2067 :
776 2010 860 2066 Ne
902 2012 1127 2066 timueris
1157 2027 1272 2065 cum
1312 2010 1448 2064 dives
1490 2013 1659 2080 factus

65 2108 219 2175 fuerit
250 2105 436 2169 homo,
477 2103 557 2158 vel
600 2119 715 2156 cum
755 2101 1089 2171 multiplicata
1113 2101 1262 2170 fuerit
1287 2100 1452 2171 gloria
1479 2100 1659 2154 domus

64 2200 172 2264 ejus
191 2213 213 2250 :
239 2196 375 2266 quia
410 2212 526 2249 cum
559 2194 801 2248 interierit
829 2210 930 2246 non
956 2202 1119 2246 sumet
1161 2191 1330 2245 omnia
1360 2189 1533 2263 (Psal.
1565 2190 1655 2245 68.

68 2288 179 2357 l7).
224 2287 300 2342 Et
347 2286 485 2341 bene
529 2286 682 2351 dixit,
724 2284 808 2338 Ne
845 2283 1092 2339 timueris.
1142 2282 1222 2337 Ne
1262 2292 1314 2337 te
1354 2282 1657 2348 conturbet,

67 2376 247 2431 dicere
279 2375 424 2443 vult,
446 2375 625 2429 divitis
640 2374 959 2429 abundantia
980 2382 1035 2427 et
1059 2373 1240 2443 gloriae
1267 2371 1537 2442 splendor.
1573 2371 1662 2428 Vi—

68 2466 220 2520 debis
250 2465 406 2521 enim
457 2479 563 2519 non
595 2463 763 2519 multo
790 2471 910 2533 post
936 2463 1082 2518 humi
1106 2462 1392 2533 jacentem,
1432 2471 1487 2519 et
1527 2464 1658 2519 nihil

67 2556 284 2626 operari
340 2555 640 2621 valentem,
697 2563 963 2611 mortuum
1010 2555 1236 2609 cadaver
1294 2554 1560 2610 vermibus
1609 2556 1660 2609 in

69 2650 215 2704 cibos
242 2648 548 2718 obiectum,
591 2646 899 2718 nudumque
937 2646 1023 2702 his
1051 2647 1298 2701 omnibus
1324 2646 1543 2711 factum,
1570 2646 1661 2717 qui

68 2740 199 2796 nihil
229 2741 435 2794 horum
475 2739 695 2793 omnino
720 2753 902 2793 secum
929 2736 1140 2794 auferre
1169 2738 1418 2808 potuerit,
1450 2737 1545 2792 sed
1574 2737 1662 2792 hic

68 2831 248 2886 omnia
296 2829 601 2899 reliquerit.
642 2827 722 2883 Ne
757 2828 915 2898 igitur
954 2828 1142 2893 anxius
1179 2828 1254 2882 sis
1298 2842 1418 2882 cum
1465 2826 1662 2882 videris

68 2921 368 2993 presentia
399 2935 413 2973 :
444 2935 617 2990 neque
659 2917 876 2973 beatum
911 2917 1059 2972 dicas
1086 2933 1208 2973 eum
1238 2919 1327 2990 qui
1353 2925 1474 2988 post
1501 2919 1661 2973 breve

69 3026 288 3085 tempus
318 3012 391 3070 ab
433 3012 518 3070 bis
545 3011 794 3066 omnibus
822 3010 1159 3067 destituetur.
1202 3010 1476 3081 Ejusmodi
1518 3010 1660 3065 enim

69 3115 148 3161 est
169 3118 423 3177 prtesens
447 3104 688 3170 felicitas,
712 3114 764 3159 et
789 3103 1087 3159 divitiarum
1118 3112 1322 3171 natura,
1350 3111 1407 3158 ιιι
1429 3119 1537 3158 non
1559 3120 1661 3158 una

70 3190 476 3267 commigrent,
536 3197 660 3251 cun't
704 3194 831 3251 hinc
880 3194 1037 3252 fuerit
1089 3194 1410 3252 abeundum.
1464 3194 1663 3249 Divites

69 3296 217 3346 enim
250 3289 345 3344 his
372 3289 620 3344 omnibus
645 3287 866 3353 relictis,
898 3287 1024 3343 nudi
1049 3286 1173 3343 hinc
1200 3285 1514 3352 abscedunt,
1550 3298 1665 3341 tan-

74 3393 190 3437 tum
212 3380 432 3436 malitia
465 3380 662 3442 vestiti,
691 3388 746 3434 et
769 3388 1105 3451 peccatorum
1131 3378 1383 3437 oneribus
1408 3378 1530 3434 inde
1554 3378 1666 3434 col-

69 3474 253 3529 lectis.
296 3472 373 3526 At
402 3470 559 3540 longe
590 3483 745 3524 secus
784 3468 942 3524 habet
970 3471 1155 3535 virtus,
1182 3484 1303 3539 qure
1342 3469 1428 3524 hic
1454 3485 1665 3541 quoque

74 3564 423 3636 potentiores
450 3560 886 3627 insidiatoribus,
932 3567 986 3615 et
1028 3558 1185 3629 plane
1226 3559 1450 3615 invictos
1493 3559 1666 3616 reddit

69 3670 231 3720 suos,
256 3652 677 3722 eontinuamque
698 3650 899 3722 praebet
919 3650 1263 3720 voluptatem,
1291 3660 1342 3705 et
1374 3667 1441 3707 ne
1464 3651 1665 3708 sentire

68 3748 301 3818 quidem
348 3744 475 3800 sinit
505 3759 685 3798 rerum
730 3743 953 3798 istarum
996 3743 1404 3813 inaequalitatem
1432 3761 1448 3799 :
1474 3742 1569 3798 sed
1611 3753 1664 3799 et

74 3838 213 3893 hinc
232 3835 632 3906 emigrantibus
659 3834 909 3889 comitem
936 3849 997 3889 se
1029 3833 1194 3898 addit,
1222 3843 1277 3889 et
1313 3842 1434 3888 tunc
1461 3834 1666 3903 potissi-

70 3944 255 3993 mum,
280 3942 406 3982 eum
429 3926 546 3994 ejus
573 3924 809 3981 subsidio
832 3938 1070 3995 egemus.
1100 3924 1152 3978 in
1173 3924 1363 3995 dieque
1391 3922 1480 3979 illo
1507 3924 1665 3980 terri.

73 4019 168 4072 bili
214 4030 472 4086 niagnum
518 4014 670 4069 nobis
706 4021 919 4083 przestat
962 4012 1239 4078 auxilium,
1271 4014 1484 4083 placans
1514 4012 1666 4069 nobis

72 4106 291 4163 Judicis
317 4104 529 4159 oculum
555 4121 569 4158 :
596 4113 651 4158 et
678 4103 816 4161 sicut
844 4103 928 4159 hic
952 4104 1019 4157 ab
1047 4103 1410 4173 ingruentibus
1440 4103 1666 4161 infortu-

74 4200 212 4259 niis,
258 4197 335 4250 ita
383 4205 438 4251 et
484 4195 536 4249 in
578 4196 754 4250 futuro
795 4210 854 4250 se
896 4194 1135 4250 colentes
1175 4210 1205 4250 a
1249 4196 1529 4250 tormentis
1566 4196 1669 4256 illis

73 4287 267 4359 eripit.
293 4284 481 4356 Neque
512 4287 613 4340 hoc
642 4287 811 4340 solum
839 4285 966 4357 agit,
1002 4285 1096 4340 sed
1131 4294 1185 4341 et
1208 4284 1488 4344 ineffabilia
1514 4286 1669 4343 nobis

76 4382 251 4438 bona,
288 4375 482 4445 quibus
511 4374 766 4441 fruamur,
797 4375 1063 4431 conciliat.
1100 4375 1167 4429 Et
1193 4383 1249 4428 ut
1273 4375 1411 4431 scias
1446 4375 1561 4431 haec
1596 4376 1669 4432 ita

73 4485 206 4523 sese
244 4467 467 4531 habere,
493 4481 666 4536 neque
694 4480 793 4520 nos
822 4466 874 4521 in
902 4480 1093 4520 vanum
1124 4474 1177 4520 et
1208 4464 1401 4521 frustra
1428 4467 1494 4522 ad
1520 4466 1669 4522 blan-

75 4557 347 4613 diendum
387 4555 473 4611 his
521 4556 699 4611 verbis
744 4555 817 4612 uti
844 4556 1094 4615 :tcntabo
1148 4571 1290 4616 nunc
1325 4572 1395 4611 ex
1432 4558 1514 4612 his
1552 4574 1671 4629 quae

79 4650 367 4721 proposita
416 4656 544 4703 sunt
592 4648 804 4705 earitati
850 4657 1039 4704 vestrze
1083 4647 1135 4702 id
1189 4647 1492 4703 ostendere.
1542 4650 1672 4705 Vide

73 4743 236 4797 enim
274 4740 548 4810 quomodo
589 4740 932 4797 admirandus
962 4740 1051 4796 ille
1080 4740 1182 4807 vir,
1224 4740 1339 4797 Noe
1364 4742 1504 4806 dico,
1553 4743 1672 4798 uni-

77 4847 248 4889 verso
279 4830 555 4887 hominum
578 4845 773 4900 genere
797 4830 1050 4888 adversus
1074 4833 1417 4903 semetipsum
1443 4836 1678 4891 clemen-

78 4928 223 4981 tiam
252 4921 464 4979 Domini
486 4920 555 4977 ad
584 4922 906 4981 iracundiam
932 4935 1252 4994 provocante
1276 4943 1288 4978 :
1309 4927 1414 4994 ille,
1436 4928 1670 4997 inquam,

76 5018 239 5071 solus
280 5029 380 5071 sua
422 5014 621 5069 virtute
666 5016 833 5084 potuit
874 5025 928 5070 et
970 5016 1343 5091 indignationis
1384 5020 1673 5089 periculum

79 5108 355 5177 eﬂugere,
389 5113 447 5161 et
492 5120 737 5175 magnam
781 5106 873 5161 Dei
903 5106 1323 5163 benevolentiam
1366 5111 1467 5165 sibi
1492 5114 1673 5168 conci-

92 5200 251 5252 liare.
277 5198 379 5262 Ac,
407 5194 453 5251 si
482 5195 676 5265 placet,
705 5196 982 5266 loquamur
1009 5197 1078 5255 de
1114 5198 1179 5254 iis
1202 5215 1320 5270 quae
1347 5200 1397 5255 in
1429 5205 1675 5271 prtesenti

88 5291 205 5343 vita
244 5287 521 5343 eveniunt.
565 5288 705 5343 Sunt
744 5290 887 5344 enim
918 5289 1159 5346 fortassis
1204 5293 1363 5364 aliqui
1394 5293 1584 5353 futuris
1623 5307 1678 5353 et

81 5376 463 5434 invisibilibns
494 5393 682 5449 parum
722 5380 1021 5436 credentes.
1072 5381 1356 5439 Videamus
1395 5384 1572 5459 itaque
1609 5404 1677 5444 ex

88 5468 159 5522 iis
187 5481 313 5537 qtae
338 5466 428 5520 hic
451 5468 726 5533 eveniunt,
759 5469 930 5539 qualia
952 5471 1264 5542 contingunt
1294 5474 1357 5528 iis
1376 5476 1464 5543 qui
1495 5481 1678 5549 nequi-

85 5562 176 5620 Ital:
208 5572 271 5618 se
298 5555 524 5626 dedunt,
553 5566 608 5615 et
627 5561 801 5630 qualia
832 5563 1022 5636 accipit
1047 5565 1091 5621 is
1115 5567 1204 5635 qui
1233 5568 1479 5625 virtutem
1508 5584 1675 5633 secta-

1081 183 1147 243 ΙΝ
1184 182 1335 240 CAP.
1378 179 1463 236 Vl.
1493 173 1735 235 GENES.
1777 173 2006 232 IIOMIL.
2048 177 2233 233 XXIII.

3236 194 3339 253 I93

1770 293 1872 340 tur.
1916 286 2197 359 Postquam
2237 290 2378 345 enim
2415 289 2584 347 bonus
2626 293 2765 351 Deus
2805 297 2875 353 ob
2912 298 3097 373 ingens
3121 308 3338 366 malitia

1759 390 2099 449 augmentum
2144 383 2461 439 sententiam
2507 386 2623 440 tulit
2661 403 2784 444 esse
2838 390 3125 451 humanum
3168 414 3337 469 genus

1759 469 2047 524 universali
2088 471 2321 540 pernicie
2351 475 2696 545 puniendum,
2724 488 2779 534 et
2804 479 2942 538 dixit
2969 501 2984 538 :
3016 484 3204 543 Delebo
3243 492 3336 545 lto-

1759 557 1945 651 minem
1969 576 2113 627 quem
2140 562 2259 632 feci,
2281 579 2313 615 a
2333 564 2461 630 facie
2485 576 2632 621 teme
2652 584 2671 622 :
2690 579 2743 623 et
2774 582 3074 631 monstrans
3097 578 3337 651 indigna-

1760 648 1920 703 tionis
1972 664 2083 704 sute
2136 651 2591 721 magnitudinem,
2648 674 2752 713 non
2801 672 2985 718 contra
3042 648 3328 727 humanum

1760 735 2038 791 dumtaxat
2075 755 2243 809 genus
2283 746 2604 799 sententiam
2648 750 2887 816 protulit,
2933 754 3029 811 sed
3056 765 3114 813 et
3148 774 3335 818 contra

1759 828 1937 882 omnia
1962 828 2223 897 jumenta,
2272 841 2327 886 et
2363 835 2589 902 reptilia,
2634 845 2690 892 et
2732 839 2961 897 Volatilia
2991 862 3005 899 :
3033 862 3153 902 cum
3193 853 3334 907 enim

1760 917 1981 1011 perituri
2011 929 2065 974 et
2087 920 2460 991 submergendi
2488 924 2731 983 homines
2748 941 2946 999 essent,
2970 949 3184 1007 propter
3201 956 3337 1011 quos

1762 1003 1879 1060 haec
1916 1005 2055 1098 facta
2098 1018 2243 1075 sunt,
2265 1010 2385 1079 jure
2427 1027 2492 1067 ac
2545 1017 2737 1071 merito
2775 1019 2863 1075 illa
2908 1003 3118 1094 quoque
3161 1003 3333 1098 paenae

1757 1096 2030 1150 consortio
2061 1097 2208 1166 paria
2241 1098 2388 1155 fuere
2413 1118 2427 1157 :
2461 1102 2620 1171 igitur
2660 1120 2781 1161 cum
2808 1113 3072 1169 sententia
3102 1096 3335 1176 nondum

1760 1187 2019 1255 praeﬁnita
2059 1198 2222 1256 esset,
2276 1206 2380 1261 qua
2419 1194 2510 1248 alii
2562 1195 2631 1250 ab
2667 1197 2787 1253 aliis
2826 1206 3252 1275 secernerenttir,
3282 1223 3339 1267 ut

1760 1275 1935 1367 discas
1953 1292 2115 1367 quam
2143 1295 2249 1334 non
2275 1282 2344 1335 sit
2382 1297 2728 1352 personarum
2758 1301 3006 1360 acceptor
3044 1294 3203 1367 Deus,
3241 1302 3339 1357 sed

1761 1364 1815 1419 in
1839 1365 1999 1421 corda
2025 1378 2205 1423 nostra
2236 1369 2539 1440 ingrediens
2565 1375 2770 1433 nullum
2791 1379 3067 1453 despiciat,
3097 1398 3150 1443 et
3176 1364 3219 1444 si
3253 1393 3337 1449 vel

1768 1470 1985 1525 parvam
2010 1459 2295 1528 quamdam
2319 1464 2652 1520 occasionem
2688 1482 2786 1523 nos
2809 1471 3112 1544 aderamus,
3152 1480 3337 1537 inell‘a-

1762 1545 1922 1602 bilem
1947 1564 2096 1603 suam
2127 1550 2363 1607 declaret
2380 1555 2821 1643 misericordiam,
2852 1563 3020 1635 inquit
3044 1568 3336 1643 Scriptura,

1761 1646 1929 1734 ut-ne
1946 1646 2126 1734 totum
2166 1655 2339 1734 genus
2382 1642 2671 1703 humanum
2713 1649 3029 1711 abolendum
3071 1642 3337 1734 putemus,

1759 1727 1853 1824 sed
1883 1729 2133 1824 sciamus,
2180 1732 2352 1801 ipsum
2394 1750 2488 1806 per
2524 1753 2676 1794 suam
2706 1738 2995 1803 bonitatem
3038 1727 3342 1824 relinquere
3386 1746 3389 1747 7

1759 1820 2043 1876 scintillam
2091 1832 2146 1878 et
2188 1825 2422 1881 radicem
2464 1830 2746 1899 quamdam
2783 1836 3003 1904 salvam,
3053 1853 3111 1900 ut
3144 1820 3334 1905 iterum

1766 1912 2052 1970 humanum
2081 1932 2247 1987 genus
2275 1918 2328 1972 in
2373 1935 2621 1989 proceros
2650 1927 2861 1982 extendi
2906 1934 3075 2000 possit
3116 1950 3333 1995 ramos:

1763 2005 1898 2075 Noe,
1928 2007 2118 2078 inquit,
2150 2010 2336 2065 invenit
2362 2014 2578 2082 gratiam
2600 2032 2772 2073 coram
2794 2019 2920 2077 Deo.

1830 2097 1883 2151 '2.
1930 2098 2057 2194 Vide
2085 2099 2373 2171 Scriptum
2397 2104 2748 2176 diligentiam,
2779 2115 3047 2181 quomodo
3077 2134 3146 2175 ne
3169 2123 3330 2194 sylla-

1762 2186 1882 2242 bam
1904 2189 2115 2285 quidem
2139 2207 2295 2246 unam
2320 2194 2560 2252 inutilem
2582 2201 2869 2258 contineat.
2900 2206 3031 2264 Nam
3060 2186 3337 2285 postquam

1762 2294 1861 2335 nos
1889 2280 2069 2375 docuit
2112 2285 2423 2353 gravitatem
2465 2292 2715 2360 nequitiae
2752 2280 3142 2367 hominutnpet
3166 2280 3338 2375 pinna:

1765 2373 2182 2444 magnitudinem
2233 2376 2489 2448 improbis
2530 2380 2895 2452 inferendam,
2942 2391 3139 2451 indicat
3168 2373 3339 2455 nobis

1765 2479 1887 2519 eum
1914 2466 2003 2534 qui
2041 2464 2094 2519 in
2126 2474 2267 2546 tanta
2300 2469 2637 2529 multitudine
2668 2481 2896 2545 potuerit
2932 2483 3193 2542 sinceram
3222 2505 3339 2547 ser-

1763 2570 1901 2648 vare
1930 2556 2200 2648 virtutem.
2247 2557 2344 2613 Est
2380 2561 2523 2615 enim
2557 2563 2723 2620 virtus
2772 2570 2933 2624 etiam
2974 2588 3069 2642 per
3108 2579 3336 2648 seipsam

1762 2644 2108 2701 admirabilis.
2137 2646 2287 2716 Quod
2328 2650 2375 2704 si
2415 2652 2535 2721 quis
2564 2655 2703 2711 illam
2746 2660 2799 2714 in
2836 2664 3015 2719 medio
3052 2644 3338 2737 prohiben—

1766 2737 1895 2792 tium
1939 2738 2112 2807 colat,
2166 2741 2335 2796 multo
2385 2746 2830 2806 admirabiliorem
2875 2755 3042 2824 ipsam
3081 2766 3333 2823 ostendit.

1766 2830 2055 2922 Propterea
2089 2831 2266 2887 divina
2295 2832 2568 2904 Scriptura
2610 2842 2758 2908 quasi
2784 2844 3095 2905 admirando
3135 2853 3336 2922 justum

1764 2921 1892 2978 dicit
1914 2924 1981 2979 de
2010 2923 2123 2993 illo,
2152 2926 2203 2979 in
2225 2926 2403 2983 medio
2431 2927 2644 2985 illorum
2672 2936 2759 3004 qui
2800 2921 3215 3011 indignationem
3243 2949 3341 3007 Dei

1764 3015 2037 3110 expertnri
2076 3026 2241 3110 erant
2263 3029 2527 3087 versante,
2562 3022 2679 3079 Noe
2710 3037 2875 3082 autem
2918 3037 3103 3090 inuenit
3124 3042 3341 3110 gratiam

1771 3122 1942 3159 coram
1972 3106 2188 3163 Domino
2208 3107 2333 3164 Deo.
2360 3109 2560 3168 Invenit
2582 3118 2819 3188 gratiam,
2842 3124 2954 3188 sed,
2983 3106 3164 3184 Coram
3188 3131 3295 3188 Deo
3320 3151 3340 3192 :

1778 3213 1884 3252 non
1915 3198 2247 3269 simpliciter,
2277 3200 2477 3257 Invenit
2508 3209 2743 3278 gratiam,
2770 3212 2885 3279 sed,
2916 3216 3099 3274 Coram
3125 3221 3341 3281 Domino

1770 3288 1923 3385 Dea:
1945 3298 2123 3385 u‘t-nos
2170 3290 2378 3385 doceat,
2408 3294 2580 3365 ipsum
2606 3314 2768 3355 unum
2805 3302 3053 3363 habuisse
3096 3326 3338 3385 scopum,

1768 3392 1827 3436 ut
1860 3382 1929 3478 ab
1967 3380 2062 3478 illo
2071 3382 2251 3478 oculo
2278 3383 2605 3452 laudaretur,
2638 3392 2725 3461 qui
2750 3393 3039 3455 dormitare
3065 3380 3337 3478 sopiriqne

1768 3473 1975 3539 nescit,
2013 3471 2248 3542 nihilque
2300 3479 2570 3535 curavisse
2624 3480 2909 3542 humanam
2958 3471 3205 3564 gloriam,
3249 3471 3342 3557 vel

1769 3563 2132 3634 ignominiam,
2155 3569 2238 3625 vel
2268 3571 2586 3626 irrisioncm.
2606 3573 2906 3634 Ve‘risimile
2932 3582 3071 3637 enim
3093 3596 3175 3641 est
3192 3563 3339 3658 eum,

1769 3670 1889 3711 cum
1921 3670 2114 3727 praeter
2138 3676 2342 3717 morem
2372 3663 2607 3718 omnium
2638 3664 2886 3723 virtutem
2927 3672 3148 3742 coleret,
3177 3677 3344 3739 fuisse

1770 3748 2149 3805 subsannatum
2185 3762 2241 3808 et
2268 3753 2484 3809 irrisum
2525 3756 2594 3811 ab
2634 3760 2882 3815 omnibus
2922 3767 3212 3836 nequitiam
3253 3788 3339 3830 se-

1770 3842 2055 3911 ctantibus,
2086 3844 2173 3915 qui
2190 3855 2577 3902 consueverant
2605 3862 2701 3904 eos
2725 3853 2816 3921 qui
2844 3852 2985 3910 illam
3013 3860 3261 3929 vitarent,
3287 3874 3344 3921 et

1772 3934 2017 3990 virtutem
2060 3937 2515 4006 amplexarentur,
2563 3941 2825 4011 irridere;
2866 3946 2918 4002 id
2945 3952 3084 4018 quod
3113 3964 3167 4010 et
3203 3972 3345 4015 nunc

1771 4038 1914 4095 saepe
1958 4025 2072 4082 fieri
2111 4026 2269 4085 solet.
2301 4028 2659 4103 Videmusque
2684 4050 2876 4106 segnes
2905 4042 3103 4100 multos
3125 4049 3217 4116 qui
3261 4052 3344 4104 ri-

1771 4131 1890 4177 sum
1923 4126 1977 4171 et
2016 4118 2481 4179 subsannationem
2521 4122 2663 4181 ferre
2700 4140 2990 4198 nequeunt,
3025 4136 3120 4191 sed
3153 4142 3342 4208 prtere-

1772 4216 1898 4263 runt
1923 4208 2208 4265 humanam
2234 4211 2457 4282 gloriam
2485 4229 2626 4270 verte
2666 4225 2723 4271 et
2747 4218 3053 4291 immortali,
3093 4228 3345 4289 abstracti

1773 4307 1829 4354 et
1854 4298 2029 4360 allecti
2058 4301 2126 4356 ab
2153 4302 2378 4357 aliorum
2408 4303 2683 4363 hominum
2725 4311 2944 4367 malitia.
2970 4317 3177 4375 Anima;
3198 4324 3344 4380 enim

1776 4391 1924 4445 fortis
1948 4401 2003 4446 et
2032 4394 2326 4448 constantis
2371 4405 2474 4462 est,
2517 4410 2674 4466 posse
2695 4399 2955 4459 obsistere
2986 4405 3052 4462 iis
3074 4410 3163 4478 qui
3196 4415 3345 4468 avel-

1776 4482 1884 4537 lere
1910 4482 2220 4549 moliuntnr,
2251 4493 2304 4539 et
2332 4485 2459 4539 nihil
2482 4483 2657 4543 facere
2684 4500 2743 4545 ut
2769 4491 3074 4552 hominibus
3096 4499 3305 4568 placeat
3330 4522 3343 4558 :

1775 4572 1868 4628 sed
1893 4574 2102 4628 oculum
2132 4589 2285 4628 suum
2325 4576 2600 4633 intendere
2626 4578 2694 4634 ad
2723 4580 2873 4638 illum
2905 4583 3192 4658 insopitum
3218 4608 3349 4650 ocu-

1778 4665 1907 4731 lum,
1938 4673 1993 4721 et
2019 4665 2087 4720 ab
2114 4681 2180 4721 eo
2207 4667 2382 4723 solum
2416 4669 2639 4739 gloriam
2663 4681 3348 4757 exspectare.istorumque

1774 4757 1994 4826 gloriam
2039 4757 2333 4827 despicere,
2377 4761 2676 4832 nulliusqne
2720 4764 2808 4833 pili
2848 4765 3023 4825 facere
3062 4771 3347 4832 humanam

1778 4846 1987 4903 laudem
2013 4846 2093 4902 vel
2124 4849 2385 4917 convicia,
2411 4849 2508 4905 sed
2536 4865 2598 4906 ea
2625 4856 3030 4922 praetermittere
3050 4870 3109 4916 ut
3135 4864 3349 4921 umbras

1778 4948 1832 4990 et
1871 4938 2098 4993 somnia.
2120 4938 2238 4995 .lam
2267 4938 2354 4995 hic
2395 4955 2538 5012 saepe
2563 4943 2713 4999 multi
2741 4960 2847 5002 non
2878 4946 3109 5005 ferentes
3131 4951 3350 5021 injurias

1776 5026 1962 5082 decem
2002 5037 2094 5083 aut
2129 5028 2315 5099 viginti
2359 5030 2658 5101 hominum,
2701 5034 2787 5089 vel
2829 5037 2988 5092 etiam
3019 5041 3346 5111 pauciorum,

1777 5119 2097 5188 supplantati
2122 5128 2247 5175 sunt
2267 5129 2323 5176 et
2348 5132 2685 5178 corruerunt.
2712 5122 2805 5180 Est
2836 5126 2969 5180 enim
2991 5133 3225 5201 confusio
3251 5149 3349 5189 αα-
3420 5160 3441 5201 ,ί

1778 5227 1895 5265 cens
1935 5212 1988 5264 in
2025 5222 2283 5282 peccatum
2309 5211 2498 5282 (Eccti.
2538 5213 2595 5268 4.
2633 5212 2748 5283 25).
2792 5213 2974 5286 Neque
3011 5234 3229 5289 parvum
3269 5235 3350 5283 est

1779 5300 2057 5371 despicere
2078 5301 2363 5357 irridentes
2389 5312 2443 5356 et
2466 5303 2849 5372 exprobrantes
2875 5316 2929 5363 et
2955 5309 3155 5368 salibus
3180 5316 3352 5371 inces-

1779 5402 2007 5449 sentes:
2038 5405 2093 5449 at
2130 5393 2306 5463 justus
2344 5394 2433 5450 ille
2484 5410 2591 5449 non
2636 5396 2761 5453 talis
2808 5410 2942 5455 erat.
2985 5402 3167 5475 Neque
3208 5410 3351 5465 enim

1784 5494 1988 5540 tantum
2016 5484 2201 5541 decem
2232 5494 2287 5539 et
2329 5485 2511 5555 viginti
2538 5498 2595 5543 et
2620 5499 2832 5545 centum
2864 5491 3126 5562 homines,
3168 5500 3259 5554 sed
3298 5510 3349 5557 et

1783 5593 1997 5635 omnem
2029 5577 2300 5635 hominum
2323 5589 2587 5650 naturam,
2613 5592 2665 5638 et
2689 5591 2768 5638 tot
2793 5586 3058 5656 myriadas
3081 5588 3345 5662 despexit.
