3754 6280
423 212 522 266 illi)

423 320 723 378 Verisimile
746 319 887 375 enim
920 327 1002 373 est
1031 332 1218 371 omnes
1261 316 1381 370 illos
1435 315 1636 382 risisse,
1670 313 1988 387 traduxisse,

419 412 850 474 subsannavisse,
890 406 1244 463 debacchatus
1282 420 1421 471 esse,
1464 420 1526 458 ac
1552 404 1689 458 forte
1724 404 1903 467 etiam,
1947 405 1993 459 si

421 502 669 573 possibile
713 498 918 561 fuisset,
969 497 1260 551 dilacerare
1289 496 1540 549 voluisse.
1581 493 1805 564 Semper
1845 496 1990 549 enim

418 603 602 648 contra
650 592 896 644 virtutem
943 586 1135 641 insanit
1189 587 1387 641 malitia
1420 604 1433 640 :
1465 586 1608 655 atqui
1657 601 1762 639 non
1818 586 1990 639 solum

420 682 547 737 nihil
575 682 647 735 illi
688 687 865 744 nocet,
909 676 1001 732 sed
1043 686 1096 731 et
1137 676 1435 731 infestando
1480 675 1750 728 fortiorem
1798 675 1989 728 reddit.

420 773 647 827 Tantum
671 771 813 824 enim
854 768 1063 823 virtutis
1093 777 1174 821 est
1202 768 1381 832 robur,
1419 776 1473 821 ut
1505 765 1753 835 patiendo
1779 775 1993 835 superet

417 880 511 919 eos
538 863 626 933 qui
654 862 921 929 negotium
968 860 1067 914 sibi
1108 859 1325 920 faciant,
1376 868 1430 913 et
1468 874 1586 912 cum
1632 857 1989 926 impugnatur,

420 956 658 1009 hostibus
689 953 777 1006 liat
803 953 1089 1022 potentior.
1125 952 1294 1019 Atque
1342 950 1392 1003 id
1446 951 1495 1003 in
1525 950 1703 1002 multis
1730 950 1988 1002 videmus.

417 1047 680 1100 Caeterum
709 1053 764 1096 ut
802 1043 949 1096 vobis
978 1043 1289 1096 occasiones
1313 1042 1642 1109 prmbeamus
1668 1059 1680 1094 :
1713 1040 1791 1093 Da
1821 1041 1986 1107 enim,

419 1137 609 1207 inquit,
641 1136 854 1205 sapienti
882 1135 1210 1197 occasionem,
1243 1148 1289 1186 et
1317 1134 1588 1202 sapientior
1614 1135 1703 1186 erit
1736 1132 1913 1202 (Prov.
1936 1132 1988 1187 9.

417 1228 512 1299 9):
545 1242 721 1295 Operae
766 1226 992 1293 pretium
1037 1224 1191 1277 fuerit
1230 1233 1282 1277 et
1321 1241 1382 1276 ex
1433 1224 1626 1290 Veteri,
1670 1238 1720 1278 et
1750 1240 1815 1277 ex
1846 1224 1992 1277 Novo

417 1319 760 1373 Testamento
799 1314 1085 1383 Scriptura:
1126 1315 1275 1368 vobis
1303 1315 1490 1369 afferre
1518 1316 1780 1385 exempla.
1808 1314 1991 1384 Itaque

417 1410 607 1478 cogita,
643 1404 867 1459 obsecro
914 1416 992 1469 te,
1031 1405 1162 1460 Abel
1191 1420 1364 1460 nmine
1404 1406 1611 1460 occisus
1653 1416 1735 1461 est
1782 1421 1811 1459 a
1860 1406 1991 1461 Cain

422 1498 572 1569 (Gen.
605 1497 700 1567 4)?
743 1512 919 1551 nonne
965 1496 1109 1550 humi
1151 1498 1484 1566 prostratus?
1526 1497 1629 1553 Sed
1674 1513 1741 1551 ne
1779 1506 1991 1568 Species

415 1588 554 1658 quod
599 1587 957 1658 praevaluerit,
1002 1587 1365 1656 occideritque
1407 1603 1526 1641 eum
1570 1588 1652 1642 cui
1702 1586 1988 1655 invidebat,

417 1678 541 1732 nihi'
570 1677 637 1731 ab
667 1678 757 1731 illo
782 1677 971 1739 lassus;
1004 1677 1096 1731 sed
1134 1678 1408 1746 sequentia
1442 1678 1685 1747 expende
1717 1696 1729 1731 :
1760 1687 1817 1731 ut
1843 1679 1985 1733 scili-

415 1778 500 1822 cet
529 1767 738 1822 occisus
780 1766 868 1821 ille
908 1766 973 1819 ad
1016 1767 1118 1821 hoc
1161 1782 1327 1837 usque
1371 1777 1575 1836 tempus
1605 1768 1918 1837 prtedicetur
1938 1779 1990 1823 et

413 1867 721 1925 coronetur,
754 1872 851 1911 nec
875 1864 1075 1911 tantum
1102 1864 1307 1927 tempus
1331 1858 1445 1925 ejus
1474 1860 1781 1913 memoriam
1811 1860 1989 1913 immi-

414 1954 573 2013 nuat;
614 1955 669 2000 at
704 1945 792 2016 qui
820 1946 1014 2001 occidit
1063 1955 1116 2000 et
1147 1948 1445 2016 praevaluit,
1482 1948 1790 2003 etiamtunc
1826 1950 1988 2003 vitam

414 2052 583 2095 morte
635 2041 931 2109 graviorem
982 2040 1324 2103 sustinuerit,
1369 2049 1525 2109 atque
1554 2057 1618 2095 ex
1656 2057 1721 2096 eo
1754 2052 1990 2110 tempore

415 2140 581 2199 uSque
606 2131 657 2183 iu
689 2129 1003 2184 hodiernum
1047 2129 1351 2191 infametur,
1385 2139 1438 2183 et
1462 2131 1711 2184 munibus
1737 2146 1987 2186 exsecra.

414 2220 543 2275 tioui
586 2220 859 2283 habeatur,
892 2236 1011 2274 cum
1054 2220 1143 2275 ille
1183 2220 1418 2289 quotidie
1448 2222 1685 2273 omnium
1712 2235 1805 2275 ore
1843 2221 1985 2276 eele-

420 2316 616 2366 bretur.
645 2310 711 2366 Et
752 2312 867 2366 hzrc
893 2312 1102 2381 quidem
1132 2313 1184 2365 in
1214 2313 1463 2380 praesenti
1490 2314 1595 2366 vita
1622 2330 1634 2365 :
1658 2330 1776 2380 quae
1805 2323 1984 2368 autem

415 2404 467 2455 in
503 2401 679 2455 futuro
704 2402 900 2455 smculo
931 2401 1258 2470 contingent,
1290 2403 1407 2470 quis
1438 2416 1634 2465 sermo,
1676 2420 1793 2472 qua:
1832 2418 1985 2459 meus

412 2508 662 2547 enarrare
693 2493 910 2561 posset?
934 2492 1010 2546 Ac
1036 2493 1151 2545 scio
1170 2492 1380 2561 quidem
1419 2508 1533 2556 vos,
1565 2502 1744 2563 utpote
1777 2495 1985 2549 intelle-

410 2591 497 2637 ctu
528 2583 798 2652 praeditos,
844 2583 1006 2636 multa
1036 2583 1158 2636 talia
1190 2584 1241 2636 in
1275 2582 1562 2652 Scripturis
1602 2594 1852 2639 coiitenta
1898 2601 1987 2639 re-

412 2682 655 2742 perturos
699 2688 836 2727 esse.
888 2672 1017 2727 Nam
1066 2674 1167 2727 illa:
1209 2673 1304 2728 hac
1334 2674 1400 2727 de
1447 2690 1605 2730 causa
1656 2678 1705 2730 iu
1751 2688 1986 2732 nostram

411 2762 688 2816 utilitatem
737 2770 859 2815 sunt
901 2763 1134 2833 scriptas.
1177 2772 1234 2817 ut
1266 2765 1376 2818 ιιωο
1410 2764 1695 2831 discentes,
1726 2768 1981 2823 malitiam

410 2855 667 2924 fugiamus
696 2854 1048 2923 virtutemque
1079 2854 1333 2908 colamus.
1357 2855 1448 2909 Vis
1473 2869 1525 2911 et
1555 2858 1603 2910 in
1625 2858 1774 2913 Novo
1802 2860 1986 2915 Testa-

414 2956 597 2998 mento
636 2943 860 3013 idipsum
920 2944 1137 2999 videre?
1180 2944 1310 2999 Audi
1352 2946 1564 3002 beatum
1608 2947 1802 3004 Lucam
1846 2952 1983 3007 istud

410 3035 579 3103 ipsum
623 3034 690 3089 de
716 3036 970 3103 apostolis
995 3046 1318 3100 narrantem,
1352 3038 1440 3107 qui
1470 3037 1715 3109 ﬂagellati
1746 3057 1775 3095 a
1805 3044 1985 3098 conci-

410 3125 478 3177 lio
522 3123 883 3178 discesserunt
927 3125 1240 3194 gaudentes,
1281 3143 1345 3182 eo
1386 3130 1523 3198 quod
1570 3131 1713 3201 digni
1761 3132 1984 3189 fuissent

409 3212 571 3267 habiti
615 3216 702 3282 qui
746 3228 841 3283 pro
886 3215 1099 3269 nomine
1140 3214 1339 3271 Christi
1391 3218 1592 3273 ferrent
1644 3223 1981 3291 ignominiam

410 3305 542 3375 (.rict.
567 3305 620 3359 5.
654 3304 763 3373 4|}.
789 3304 1023 3359 Tametsi
1055 3304 1257 3376 ﬂagella
1288 3324 1390 3361 non
1413 3311 1588 3377 gaudii
1616 3314 1719 3366 sint
1745 3317 1983 3370 occasio-

408 3410 523 3462 nes,
564 3396 656 3449 sed
706 3396 932 3449 tristittaa
973 3403 1029 3450 et
1067 3399 1311 3451 [tuereris
1344 3417 1356 3452 :
1390 3400 1734 3456 nihilominus
1778 3404 1979 3475 flagella

410 3496 626 3556 propter
655 3487 841 3550 Deum,
871 3495 925 3540 et
944 3502 1100 3541 causa
1134 3501 1520 3559 propterquam
1553 3491 1977 3565 llagellabantur,

408 3577 654 3646 gaudium
679 3577 758 3632 eis
786 3578 1079 3646 pariebant.
1124 3582 1191 3633 At
1221 3580 1254 3634 ii
1284 3583 1370 3651 qui
1402 3583 1748 3652 ﬂagellarant,
1780 3588 1829 3641 in
1864 3606 1978 3645 ma-

406 3685 506 3740 gna
547 3670 707 3723 animi
738 3670 1171 3726 consternatione
1210 3680 1263 3727 et
1310 3672 1640 3733 lia-sitatione
1670 3682 1979 3736 nesciebant

404 3763 531 3832 quid
570 3762 822 3817 facerent.
853 3762 988 3816 Audi
1015 3764 1155 3817 enim
1184 3763 1323 3831 illos,
1354 3769 1623 3835 quomodo
1652 3782 1771 3840 post
1798 3771 1978 3842 ﬂagel-

406 3853 655 3907 lationem
696 3851 875 3905 animo
903 3854 1179 3917 iluctuent,
1221 3863 1276 3908 et
1313 3856 1492 3911 dicant
1522 3876 1534 3910 :
1571 3859 1706 3925 Quid
1738 3864 1978 3933 faciemus

405 3943 687 3997 hominibus
716 3941 823 3997 istis
848 3939 982 4012 (Act.
1014 3933 1065 3997 δ.
1102 3944 1230 4011 16)?
1253 3946 1387 4012 Quid
1421 3947 1599 4003 dicis?
1630 3950 1975 4022 Flagellaslis,

408 4032 700 4086 innumeris
743 4031 897 4085 malis
941 4047 1035 4087 eos
1063 4034 1338 4102 ail’ecistis,
1371 4048 1426 4092 et
1467 4039 1642 4095 adhuc
1685 4042 1978 4099 dubitatis?

404 4120 534 4176 Tam
574 4121 723 4174 fortis
759 4120 1059 4191 invictaque
1092 4139 1177 4179 res
1202 4136 1285 4181 est
1309 4130 1491 4196 virtus,
1522 4140 1574 4187 et
1603 4132 1726 4187 dum
1758 4138 1975 4205 patitur,

406 4216 657 4270 lasdentes
682 4215 865 4268 vincit.

477 4307 530 4361 3.
570 4306 677 4361 Sed
717 4321 785 4361 ne
815 4306 1068 4377 prolixior
1104 4308 1175 4363 sit
1198 4324 1395 4376 sermo,
1427 4317 1784 4371 necessarium
1819 4318 1977 4376 fuerit

406 4408 462 4452 ut
482 4398 677 4452 iterum
704 4396 769 4451 ad
796 4398 997 4467 justutn
1026 4409 1263 4455 nostrum
1297 4403 1597 4474 redeamus,
1625 4420 1677 4463 et
1714 4425 1831 4463 cum
1861 4422 1978 4467 stu-

402 4503 530 4557 pore
555 4488 877 4542 admiremur
902 4490 1040 4543 illius
1068 4491 1276 4546 virtutis
1307 4499 1685 4562 prmstantiam.
1709 4510 1977 4569 quomodo

404 4594 598 4648 nempe
624 4580 876 4648 populum
918 4581 1201 4650 ridentem,
1232 4584 1612 4655 ludificantem,
1643 4593 1977 4648 subsannan-

403 4680 530 4735 tem,
564 4669 926 4725 traducentem
961 4671 1172 4743 (iterum
1198 4676 1337 4729 enim
1358 4679 1541 4733 eadem
1568 4681 1687 4736 dico
1714 4697 1767 4737 et
1794 4684 1972 4739 dicere

399 4775 505 4814 non
546 4758 789 4827 cessabo)
836 4759 1114 4828 despicere
1154 4770 1207 4816 et
1239 4779 1491 4834 superare
1534 4773 1784 4837 potuerit.
1830 4773 1975 4840 Quo—

403 4850 601 4904 modo?
644 4849 756 4919 Ego
786 4851 982 4905 dicam.
1013 4850 1146 4917 Quia
1172 4856 1422 4910 continuo
1460 4858 1524 4913 ad
1554 4862 1764 4916 oculum
1803 4864 1971 4932 illum,

397 4942 486 5012 qui
516 4940 623 4995 falli
650 4940 919 5011 sopirique
946 4942 1148 5011 nequit,
1168 4954 1345 5000 mente
1369 4951 1623 5017 respexit,
1650 4962 1828 5021 postea
1858 4954 1974 5013 hate

400 5032 570 5086 animo
600 5032 750 5102 quasi
775 5045 881 5085 non
903 5040 1084 5086 essent
1111 5034 1331 5088 curavit.
1362 5036 1425 5090 Et
1447 5040 1683 5108 profecto
1699 5043 1775 5098 sic
1803 5058 1861 5100 se
1889 5060 1975 5101 res

399 5124 578 5191 habet,
605 5133 660 5177 ut
684 5137 805 5177 cum
824 5124 944 5192 quis
970 5122 1072 5178 hoc
1090 5140 1271 5181 amore
1295 5130 1504 5185 saucius
1526 5140 1625 5198 est,
1651 5143 1705 5187 et
1733 5135 1782 5188 in
1810 5136 1974 5191 Deum

397 5215 665 5270 desiderio
686 5230 785 5271 suo
814 5217 997 5282 tendit,
1031 5218 1161 5272 nihil
1188 5218 1471 5277 visibilium
1496 5223 1703 5292 videat;
1731 5227 1822 5282 sed
1855 5244 1970 5297 per-

401 5315 558 5373 petuo
586 5320 707 5359 eum
747 5322 903 5375 quem
935 5307 1202 5364 desiderat
1230 5312 1563 5381 imaginetttr,
1592 5327 1747 5372 nocte
1773 5321 1973 5375 scilicet

397 5405 559 5465 atque
595 5395 702 5461 die,
736 5398 936 5452 cubans
964 5409 1019 5454 et
1059 5402 1301 5472 surgens.
1343 5404 1419 5460 Ne
1446 5404 1606 5477 igitur
1643 5402 1833 5465 mirum
1878 5412 1971 5466 tibi

397 5486 487 5547 sit,
535 5485 581 5539 si
615 5493 670 5540 et
692 5486 868 5555 justus
894 5488 981 5543 ille
1018 5491 1182 5545 semel
1213 5508 1279 5547 eo
1309 5495 1478 5550 solum
1515 5499 1823 5568 respiciens,
1866 5518 1969 5556 non

398 5575 611 5633 curam
652 5583 750 5627 eos
767 5570 862 5643 qui
890 5575 1234 5645 supplantare
1265 5585 1433 5657 ipsum
1460 5590 1809 5648 conabantur.
1836 5594 1965 5652 Nam

1113 204 1172 260 S.
1212 201 1489 259 JOANNIS
1525 199 2000 257 CllRYSOS'lOMl
2039 199 2357 256 ARCIIIEP.
2397 202 2933 259 CONSTANTINOP.

3571 208 3676 264 ΞΜ

2102 314 2340 369 exhibito
2376 316 2550 387 studio
2578 331 2696 382 suo,
2728 327 2783 372 et
2819 316 3055 372 divinam
3099 317 3327 387 gratiam
3363 327 3575 386 nactus,
3601 321 3681 375 bis

2085 404 2347 458 .omnlbus
2372 406 2617 474 superior
2645 417 2776 460 erat.
2810 405 2924 461 Noe
2944 396 3108 472 enim,
3139 407 3326 478 inquit,
3352 409 3542 465 invenit
3567 428 3707 481 ςγειο⁸

2102 496 2221 547 tiam
2246 512 2415 549 coram
2443 496 2661 552 Domino
2688 497 2817 552 Deo.
2850 497 3083 553 Tametsi
3104 500 3249 554 omni
3280 501 3560 556 hominum
3590 518 3683 573 ge-

2102 586 2234 650 neri,
2262 587 2405 656 quod
2436 596 2560 642 tunc
2599 598 2735 653 erat,
2782 604 2886 643 non
2917 597 3060 644 esset
3095 600 3299 659 gratus,
3330 606 3505 662 neque
3536 608 3681 646 ama-

2102 673 2243 739 bilis,
2276 689 2340 729 eo
2373 676 2513 748 quod
2542 678 2756 733 nolebat
2793 680 3036 734 eamdem
3065 680 3310 737 incedere
3339 683 3499 752 viam,
3524 699 3683 755 quam

2100 764 2174 818 illi
2206 782 2218 818 :
2248 766 2385 836 apud
2426 781 2546 821 eum
2593 778 2769 823 tamen
2825 770 2915 839 qui
2958 770 3119 824 corda
3169 780 3438 826 scrutatur
3482 774 3682 829 invenit

2100 858 2348 928 gratiam,
2382 860 2472 930 qui
2517 870 2571 915 et
2610 861 2751 918 illius
2793 872 3027 917 mentem
3076 865 3408 935 approbavit.
3460 865 3529 920 Et
3559 866 3683 936 quid

2098 948 2300 1014 damni,
2329 951 2437 1019 die,
2476 951 2766 1020 oriebatur,
2790 954 2933 1024 quod
2978 969 3007 1008 a
3033 956 3423 1025 congeneribus
3452 957 3679 1011 subsano

2098 1051 2316 1095 naretur
2340 1051 2395 1096 et
2438 1043 2753 1099 irrideretur
2781 1063 2794 1098 :
2823 1060 2943 1099 cum
2977 1046 3021 1100 is
3063 1048 3151 1116 qui
3193 1044 3349 1101 ﬁnxit
3377 1048 3544 1103 corda
3591 1064 3683 1101 no-

2097 1137 2230 1196 stra,
2284 1140 2339 1185 et
2388 1132 2637 1203 intelligit
2683 1134 2860 1189 omnia
2907 1150 3066 1205 opera
3115 1146 3319 1201 nostra,
3366 1137 3686 1207 prtediearet

2099 1222 2246 1277 illum
2282 1234 2334 1278 et
2363 1228 2685 1280 coronaret?
2712 1238 2765 1282 et
2792 1243 2909 1298 qua:
2936 1229 3135 1283 utilitas
3166 1228 3389 1294 homini,
3422 1231 3468 1283 si
3509 1232 3680 1297 ipsum

2100 1320 2241 1366 totus
2283 1313 2431 1368 orbis
2486 1315 2781 1370 admiretur
2830 1326 2885 1372 et
2927 1317 3137 1382 laudet;
3186 1316 3449 1373 Conditor
3501 1330 3678 1373 autem

2096 1405 2357 1471 omnium,
2392 1416 2446 1460 et
2471 1405 2643 1461 Judex
2687 1408 2775 1477 qui
2803 1409 2973 1479 decipi
3005 1410 3211 1481 nequit,
3239 1410 3291 1464 in
3323 1409 3412 1465 die
3441 1411 3538 1465 iL‘o
3574 1421 3679 1465 ter-

2097 1492 2233 1548 ribili
2280 1494 2732 1552 condemnaturus
2776 1497 2880 1553 sit?
2920 1499 3119 1570 Itaque,
3152 1500 3350 1566 dilecti,
3400 1516 3527 1555 cum
3570 1502 3684 1557 base

2097 1585 2249 1640 nobis
2293 1595 2566 1656 comperta
2610 1588 2739 1656 sint,
2768 1590 2965 1644 nullius
2998 1592 3147 1661 pensi
3175 1591 3473 1648 habeamus
3505 1594 3678 1648 homi-

2097 1691 2221 1729 num
2270 1677 2503 1745 laudem,
2538 1694 2712 1749 neque
2742 1682 2808 1736 ab
2852 1682 2956 1737 illis
2982 1684 3244 1740 celebrari
3279 1688 3473 1757 quovis
3523 1688 3681 1741 modo

2095 1782 2435 1836 quaaram‘us:
2465 1769 2559 1825 sed
2606 1784 2823 1843 propter
2861 1774 3009 1829 illum
3058 1777 3230 1831 solum
3273 1779 3365 1848 qui
3412 1787 3682 1834 scrutatur

2095 1858 2254 1913 corda
2307 1870 2362 1913 et
2400 1876 2579 1930 renes,
2620 1864 2832 1919 virtutis
2860 1879 3021 1935 Opera
3062 1864 3335 1933 faciamus,
3378 1879 3434 1925 et
3462 1882 3679 1939 peccata

2094 1947 2375 2017 fugiamus.

2162 2037 2395 2095 Laudari
2438 2040 2753 2098 Christianus
2796 2046 2858 2100 ab
2885 2047 3112 2101 omnibus
3163 2049 3347 2119 nequit.
3376 2080 3449 2090 —
3482 2050 3681 2117 Quamc

2092 2132 2291 2187 obrem‘
2311 2133 2553 2190 Christus
2578 2137 2827 2193 erudiens
2866 2154 2964 2193 nos
2987 2148 3044 2194 ut
3074 2155 3139 2194 ne
3188 2142 3467 2211 captandis
3502 2145 3679 2197 homi-

2093 2242 2219 2280 num
2263 2226 2508 2282 laudibus
2541 2229 2827 2297 inhicmus,
2874 2242 2995 2301 post
3038 2234 3201 2287 multa
3231 2234 3331 2287 alia
3378 2235 3597 2290 tandem
3630 2248 3677 2290 et

2094 2316 2193 2371 hoc
2233 2318 2429 2383 intulit,
2476 2318 2657 2373 dicens
2692 2339 2705 2373 :
2740 2320 2828 2374 Va:
2876 2324 3029 2388 vobis,
3079 2326 3280 2391 quando
3330 2325 3678 2381 benedixerin:

2091 2408 2225 2463 vobis
2249 2426 2418 2464 omnes
2448 2412 2671 2465 homines
2694 2412 2840 2484 (Luc.
2866 2413 2918 2468 6.
2945 2414 3058 2484 26).
3090 2413 3375 2470 Considera
3408 2420 3681 2485 quomodo

2093 2515 2186 2568 per
2221 2497 2309 2554 νω
2331 2500 2485 2556 nobis
2512 2501 2748 2557 declarat
2775 2505 3067 2574 quotuplex
3097 2506 3215 2559 illos
3246 2521 3404 2576 poena
3438 2519 3675 2563 maneat.

2097 2590 2183 2643 Vae
2210 2593 2350 2645 enim
2381 2591 2887 2668 lamenti‘nuntium
2937 2597 3156 2651 verbum
3201 2608 3321 2655 est:
3354 2600 3497 2655 unde
3526 2604 3677 2669 quasi

2091 2683 2313 2739 miseros
2359 2702 2451 2740 cos
2494 2702 2690 2740 vocans
2713 2729 2725 2749 ,
2770 2688 2897 2743 dicit
2928 2706 2943 2742 :
2976 2687 3065 2743 Va:
3106 2691 3261 2756 vobis,
3294 2693 3498 2760 quando
3531 2694 3677 2747 bene-

2089 2778 2306 2831 dixerint
2332 2780 2467 2833 vobis
2496 2796 2666 2834 omnes
2705 2780 2948 2835 homines.
2975 2783 3042 2836 Et
3076 2782 3194 2837 vide
3221 2799 3376 2852 quam
3410 2796 3570 2840 caute
3596 2787 3677 2838 di-

2088 2878 2251 2923 ctum.
2280 2868 2395 2922 Non
2425 2870 2733 2939 simpliciter
2756 2870 2906 2936 dixit,
2927 2872 3192 2939 homines,
3213 2873 3328 2940 sed,
3360 2871 3550 2928 Omnes
3578 2876 3674 2927 ha-

2088 2962 2264 3013 mines.
2298 2961 2628 3031 lmpossibile
2669 2962 2810 3016 enim
2844 2973 2946 3029 est,
2994 2974 3051 3018 ut
3092 2964 3174 3019 vir
3213 2966 3411 3035 probus
3445 2967 3537 3033 qui
3581 2983 3681 3036 per

2087 3060 2363 3120 angustam
2393 3061 2447 3105 et
2469 3060 2668 3106 arctam
2699 3051 2911 3107 virtutis
2954 3052 3095 3108 viam
3132 3053 3386 3118 ambulat,
3417 3064 3473 3109 et
3517 3071 3682 3110 man-

2087 3143 2209 3196 data
2238 3145 2479 3211 sequitur
2506 3143 2721 3208 Christi,
2754 3145 2819 3198 ab
2844 3144 3091 3199 omnibus
3118 3143 3383 3213 laudetur,
3416 3155 3469 3200 et
3496 3146 3676 3200 admi-

2087 3234 2273 3287 rationi
2307 3233 2580 3290 habeatur.
2610 3235 2702 3289 Est
2729 3237 2870 3291 enim
2901 3246 2955 3291 et
2981 3237 3069 3291 illa
3092 3239 3279 3308 ingens
3306 3240 3531 3305 malitia,
3563 3242 3678 3293 vir-

2089 3326 2183 3378 tuti
2213 3326 2500 3380 adversari.
2525 3327 2753 3383 Proinde
2776 3329 3028 3384 Dominus
3050 3334 3225 3385 sciens
3249 3348 3350 3385 non
3376 3348 3537 3401 po:se
3558 3334 3675 3388 fieri

2087 3426 2143 3469 ut
2171 3416 2215 3469 is
2242 3416 2330 3486 qui
2349 3418 2589 3472 virtutem
2620 3417 2897 3489 diligenter
2913 3432 3148 3487 exercet,
3171 3431 3222 3476 et
3239 3422 3306 3475 ab
3328 3424 3442 3491 ipso
3464 3432 3678 3479 tantum

2086 3507 2293 3561 laudem
2314 3509 2609 3579 utaccipiat
2628 3512 2982 3579 priestolatur,
3005 3513 3072 3567 ab
3096 3513 3340 3568 omnibus
3364 3513 3679 3571 [nominibus

2087 3597 2346 3661 laudetur,
2378 3608 2431 3653 et
2460 3600 2596 3655 bene
2623 3601 2820 3667 audiat,
2864 3602 2982 3656 ideo
3020 3604 3244 3658 miseros
3272 3615 3429 3681 vocat
3457 3622 3555 3660 eos
3580 3611 3675 3678 qui

2085 3700 2299 3761 propter
2344 3690 2626 3746 humanam
2677 3693 2884 3749 laudem
2915 3695 3164 3749 virtutem
3209 3699 3501 3767 negligunt.
3536 3698 3674 3756 Nam

2081 3783 2339 3838 celebrari
2369 3783 2437 3837 ab
2464 3785 2727 3849 omnibus,
2762 3787 3048 3841 maximum
3094 3786 3250 3843 fuerit
3290 3800 3673 3860 argumentum

2082 3891 2185 3927 non
2209 3888 2449 3945 magnam
2473 3875 2652 3930 haberi
2678 3877 2883 3931 virtutis
2910 3880 3187 3933 rationem.
3213 3881 3495 3949 Quomodo
3522 3884 3673 3937 enim

2082 3965 2149 4019 ab
2176 3966 2423 4019 omnibus
2450 3966 2663 4036 probari
2695 3970 2888 4037 poterit
2914 3971 2993 4023 vir
3019 3971 3209 4037 bonus,
3239 3972 3283 4026 si
3324 3972 3435 4025 vult
3472 3973 3670 4043 injuria

2080 4054 2298 4110 aﬂ‘ectos
2327 4056 2534 4126 eripere
2555 4059 2621 4110 ab
2647 4058 2710 4112 iis
2734 4060 2820 4127 qui
2849 4061 3036 4130 injuria
3065 4061 3320 4129 afﬁciunt,
3348 4073 3401 4117 et
3432 4078 3533 4119 eos
3569 4069 3667 4135 qui

2083 4155 2359 4210 vexantur,
2392 4146 2459 4201 ab
2483 4148 2548 4202 iis
2573 4148 2661 4218 qui
2693 4150 2827 4204 male
2864 4150 3100 4207 faciunt?
3140 4154 3206 4208 Et
3247 4153 3436 4208 iterum
3478 4156 3525 4210 si
3557 4159 3671 4210 vult

2081 4238 2349 4307 corrigere
2374 4248 2675 4309 peccantes,
2702 4250 2756 4296 et
2781 4242 2998 4299 laudare
3024 4246 3158 4300 bene
3195 4258 3434 4317 agentes,
3484 4264 3671 4305 nonne

2082 4326 2368 4383 verisimile
2399 4338 2501 4396 est,
2529 4345 2651 4385 eum
2691 4330 2759 4387 ab
2786 4332 2905 4389 aliis
2948 4334 3291 4403 laudandum,
3327 4335 3397 4394 ab
3435 4340 3559 4395 aliis
3589 4341 3673 4395 vi-

2078 4421 2437 4492 tuperandum
2465 4425 2609 4478 esse?
2626 4422 2912 4492 Propterea
2936 4431 3128 4492 inquit:
3152 4425 3235 4477 l’a:
3257 4425 3418 4489 vobis,
3440 4438 3663 4493 quando

2072 4514 2215 4568 vobis
2238 4512 2592 4565 benedixerint
2606 4526 2782 4564 omnes
2796 4512 3049 4565 homines.
3068 4511 3351 4576 Quomodo
3365 4512 3531 4581 igitur
3544 4531 3664 4569 non

2073 4605 2175 4660 erit
2205 4604 2565 4658 admiratione
2598 4615 2653 4660 et
2682 4605 2843 4659 laude
2869 4604 3066 4675 dignus
3094 4604 3275 4673 justus
3302 4604 3422 4669 iste,
3470 4606 3565 4672 qui
3594 4623 3663 4661 ea

2073 4712 2195 4765 qua:
2214 4696 2466 4751 Christus
2494 4696 2789 4750 adveniens
2813 4693 3019 4757 docuit,
3050 4694 3201 4764 prius
3228 4694 3339 4763 ipse
3364 4709 3393 4747 a
3415 4695 3535 4765 lege
3558 4711 3665 4747 na-

2076 4795 2129 4840 tu
2141 4802 2211 4840 rae
2228 4787 2475 4851 edoctus,
2498 4786 2835 4841 deditissitna
2860 4802 3021 4855 opera
3047 4784 3381 4854 adimplevit,
3410 4785 3667 4840 laudem-

2074 4892 2180 4945 que
2204 4876 2499 4930 humanam
2522 4877 3179 4946 contemuendo,gratiam
3204 4876 3345 4948 apud
3361 4875 3534 4930 Deum
3561 4894 3666 4947 per

2074 4967 2330 5022 virtutem
2361 4967 2603 5023 invenire
2636 4968 2879 5022 studuit?
2907 4966 3021 5021 Noe
3042 4968 3210 5033 enim,
3237 4969 3432 5039 inquit,
3456 4971 3663 5023 invenit

2075 5063 2302 5132 gratiam
2325 5077 2502 5114 coram
2534 5060 2751 5114 Domino
2779 5059 2903 5115 Deo.
2935 5060 3199 5116 Caeterum
3225 5062 3401 5131 ipsum
3434 5073 3669 5132 propter

2074 5155 2304 5209 virtutes
2334 5169 2470 5224 quas
2512 5152 2739 5208 habebat
2763 5153 3054 5221 [invenisse
3077 5153 3308 5223 gratiam
3338 5168 3528 5207 coram
3552 5154 3668 5207 Do-

2076 5247 2226 5299 mino
2268 5244 2399 5311 Deo,
2434 5242 2672 5300 narravit
2706 5245 2864 5299 nobis
2894 5243 3237 5298 admirabilis
3269 5243 3359 5297 ille
3386 5244 3663 5313 propheta

2077 5338 2280 5407 Spiritu
2310 5346 2498 5391 sancto
2525 5336 2737 5391 alllatus
2772 5353 2784 5388 :
2819 5348 2996 5405 operae
3028 5335 3259 5405 pretium
3298 5334 3483 5404 itaque
3519 5346 3579 5387 ut
3606 5348 3667 5389 et

2076 5430 2357 5500 Sequentia
2385 5431 2682 5493 discamus,
2706 5436 2762 5484 et
2786 5428 3069 5483 videamus
3091 5426 3219 5496 quid
3248 5426 3314 5479 de
3340 5426 3431 5479 illo
3454 5426 3667 5480 sentiat

2079 5524 2241 5578 Deus.
2275 5523 2329 5577 9.
2370 5521 2469 5577 Ha:
2492 5532 2687 5588 autent,
2713 5522 2911 5593 inquit,
2943 5532 3063 5575 sunt
3087 5520 3446 5591 generationes
3487 5518 3609 5573 Noe
3650 5537 3665 5571 :

2079 5612 2194 5670 Noe
2220 5616 2372 5669 homo
2399 5615 2589 5681 iustus,
2620 5614 2883 5684 perfectus
2922 5614 2974 5668 in
3014 5614 3344 5683 generatione
3371 5627 3470 5665 sua
3498 5627 3517 5676 ;
3551 5610 3665 5665 Deo
