3804 6242
86 246 189 302 ΞΜ

86 360 297 424 placuit
329 358 466 412 Noe.
497 357 667 412 Rarus
691 364 744 408 et
771 366 945 407 novus
973 351 1296 422 genealogice
1323 348 1534 403 modus.
1565 349 1697 403 Nam

85 463 142 504 ut
176 451 379 505 divina
406 451 678 520 Scriptura
703 447 855 510 dixit,
888 445 987 499 Ila:
1011 454 1129 498 sunt
1166 445 1510 514 generationes
1539 441 1655 495 Noe
1681 457 1700 496 :

80 554 138 597 et
167 558 349 598 aures
393 552 606 597 nostras
648 537 920 602 excitavit,
971 535 1119 605 quasi
1162 534 1526 604 genealogiam
1556 533 1699 588 illius

81 645 408 698 narratura,
442 642 494 687 et
522 632 641 701 quis
678 630 795 699 ejus
833 637 985 697 pater
1029 625 1209 689 fuerit,
1249 634 1304 681 et
1347 625 1490 679 unde
1530 639 1698 694 genus

82 727 335 791 duxerit,
369 737 423 780 et
448 721 719 796 quomodo
751 722 803 776 in
838 721 975 773 hanc
1015 719 1178 772 vitam
1223 717 1382 772 luerit
1408 716 1602 781 editus,
1643 725 1698 770 et

85 821 182 873 alia
216 828 425 874 cuncta
456 832 575 887 qtae
601 829 717 869 mos
742 824 825 870 est
859 813 1199 883 genealogias
1226 812 1566 865 narrantibus
1605 824 1692 864 re-

78 925 322 964 censere
351 927 369 964 τ
394 909 593 963 relictis
622 917 795 960 tamen
818 905 922 959 illis
942 904 1210 969 omnibus,
1238 911 1292 956 et
1311 902 1535 956 aliorum
1561 914 1694 954 con-

76 1001 386 1054 suetudine
430 999 697 1068 superior,
741 996 916 1066 inquit
946 1013 958 1049 :
994 993 1112 1048 Noe
1150 994 1298 1046 homo
1319 993 1492 1063 justus
1519 1007 1538 1044 :
1575 1007 1694 1060 per-

76 1099 254 1159 fectus
294 1094 352 1145 in
398 1091 717 1161 generatione
744 1105 838 1141 sua
881 1102 900 1140 :
946 1085 1050 1139 Deo
1092 1085 1282 1155 placuit
1321 1083 1454 1137 Noe.
1503 1081 1690 1137 Vidisti

74 1181 473 1236 admirabilem
500 1178 908 1250 genealogiam?
936 1177 1070 1241 Noe,
1113 1177 1302 1246 inquit,
1347 1175 1514 1228 homo.
1561 1173 1692 1228 Vide

72 1279 247 1328 etiam
280 1285 493 1328 naturae
518 1286 802 1326 commune
829 1284 1022 1323 nomen
1055 1284 1148 1336 pro
1177 1266 1334 1321 laude
1371 1265 1502 1337 justi
1527 1280 1688 1320 usur-

77 1378 294 1435 patum.
332 1367 467 1421 Nam
495 1364 616 1433 quia
640 1362 820 1416 cmteri
847 1363 916 1415 ob
938 1361 1182 1414 carnales
1220 1360 1541 1427 voluptates,
1570 1358 1690 1426 qui-

76 1461 174 1513 bus
207 1456 463 1513 immersi
494 1463 664 1516 erant,
697 1453 987 1505 amiserant
1011 1465 1132 1504 esse
1160 1448 1402 1502 homines
1430 1465 1442 1501 :
1474 1447 1592 1514 iste,
1618 1448 1688 1500 in-

74 1555 214 1618 quit,
268 1551 324 1602 in
378 1554 524 1600 tanto
574 1543 770 1614 populo
817 1541 1050 1594 hominis
1099 1539 1381 1608 imaginem
1434 1539 1683 1592 servavit.

74 1642 235 1694 Tunc
260 1640 466 1709 quippe
496 1635 656 1688 homo
681 1644 782 1698 est,
809 1631 1022 1703 quando
1047 1632 1297 1685 virtutem
1324 1629 1471 1685 colit.
1506 1627 1687 1699 Neque

72 1735 224 1788 enim
256 1731 500 1802 Speciem
527 1727 723 1783 habere
748 1725 999 1789 hominis,
1025 1733 1078 1778 et
1098 1725 1306 1790 oculos,
1336 1731 1392 1779 et
1417 1737 1595 1788 nares,
1631 1731 1687 1777 et

68 1843 152 1888 os,
188 1835 250 1880 et
273 1839 467 1894 genas,
495 1833 548 1878 et
582 1831 777 1876 caetera
805 1818 1065 1882 membra,
1109 1817 1210 1870 hoc
1254 1817 1522 1870 hominem
1565 1830 1685 1869 esse

67 1919 323 1974 ostendit
367 1936 381 1972 :
415 1917 531 1972 lucc
572 1916 715 1972 enim
762 1913 1000 1969 membra
1038 1919 1162 1965 sunt
1199 1911 1461 1980 corporis.
1503 1908 1684 1962 Homi-

69 2031 196 2067 nem
247 2013 404 2065 illum
447 2011 696 2073 dicimus,
737 2008 830 2077 qui
873 2005 1157 2074 imaginem
1204 2003 1436 2057 hominis
1483 2001 1680 2055 salvam

65 2108 299 2161 retinet.
343 2104 475 2172 Quae
501 2113 677 2157 autem
708 2109 792 2156 est
818 2099 994 2168 imago
1036 2095 1306 2150 hominis?
1343 2093 1677 2149 Rationalem

62 2217 212 2256 esse.
248 2198 396 2266 Quid
431 2195 598 2268 ergo?
637 2208 816 2249 annon
865 2200 920 2248 et
965 2191 1040 2244 illi
1090 2188 1306 2244 fuerunt
1350 2184 1677 2240 rationales?

64 2295 278 2349 Verum
329 2307 436 2346 non
483 2290 587 2344 hoc
615 2289 791 2342 solum
823 2285 980 2341 luerit
1009 2282 1277 2338 hominem
1320 2294 1459 2343 esse,
1491 2277 1584 2332 sed
1624 2285 1679 2331 et

64 2384 370 2440 virtutibus
395 2397 515 2437 esse
539 2379 796 2445 deditum,
829 2386 884 2432 et
907 2376 1031 2430 vitia
1060 2374 1264 2444 lugere,
1296 2380 1349 2427 et
1375 2370 1575 2426 illicitis
1600 2369 1680 2423 al-

63 2476 404 2533 feetionibus
447 2475 735 2544 imperare,
776 2479 832 2527 et
868 2467 1133 2525 mandatis
1157 2466 1440 2522 dominicis
1466 2464 1678 2519 obtem-

63 2585 288 2639 perare,
326 2569 431 2620 hoc
459 2574 542 2621 est
570 2579 690 2619 esse
719 2562 1016 2617 hominem.

132 2664 191 2716 4.
249 2658 523 2727 Improbos
574 2672 674 2710 non
719 2654 944 2708 homines
993 2650 1217 2720 appellat
1271 2648 1560 2717 Scriptura.
1604 2675 1676 2684 —

61 2756 239 2807 νυνι-ο
273 2762 335 2806 ut
359 2750 534 2805 discas
566 2762 770 2801 morem
800 2759 920 2799 esse
948 2744 1236 2812 Scripturae
1255 2783 1268 2805 ,
1303 2751 1362 2794 ut
1390 2740 1531 2794 vitiis
1557 2747 1672 2792 stu-

61 2847 262 2898 dentes
331 2850 388 2895 et
456 2841 704 2894 virtutem
751 2836 1078 2906 negligentes
1133 2833 1406 2887 hominum
1458 2830 1673 2886 nomine

61 2950 264 2989 vocare
303 2948 414 2985 non
459 2931 742 3000 dignetur,
774 2926 896 2982 audi
944 2926 1120 2980 Deum‘
1153 2924 1492 2994 loquentem,
1533 2922 1673 2976 sicut

65 3028 183 3081 heri
248 3022 569 3078 dicebamus
603 3037 616 3073 :
651 3017 774 3072 Non
819 3015 1124 3088 permanebit
1172 3013 1398 3080 Spiritus
1441 3028 1579 3066 meus
1617 3012 1670 3065 in

57 3118 365 3173 hominibus
413 3115 553 3179 istis,
586 3129 642 3166 eo
680 3111 817 3181 quod
841 3109 941 3179 ipsi
964 3123 1139 3162 carnes
1167 3116 1282 3160 sunt
1309 3104 1468 3178 (Gen.
1491 3104 1543 3161 6.
1571 3105 1605 3159 5
1623 3102 1667 3176 ).

61 3213 176 3279 Ego
207 3209 384 3272 enim,
414 3205 596 3260 dicere
621 3203 750 3267 vult,
777 3201 1125 3255 substantiam
1152 3214 1216 3254 ex
1240 3213 1399 3253 carne
1419 3205 1473 3252 et
1491 3197 1667 3251 anima

60 3307 166 3357 illis
212 3301 342 3356 dedi
379 3318 391 3354 :
436 3298 537 3369 ipsi
565 3305 743 3352 autem
785 3294 936 3366 quasi
979 3294 1089 3350 sola
1131 3308 1294 3347 carne
1320 3292 1664 3356 circumdati,

57 3401 129 3450 ita
159 3396 399 3450 virtutes
428 3390 588 3446 animi
618 3388 888 3460 negligant
909 3428 924 3452 ,
953 3395 1007 3441 et
1034 3386 1201 3440 solam
1230 3398 1445 3439 carnem
1476 3382 1668 3438 deinde

53 3499 367 3545 sectantur.
416 3484 602 3538 Vidisti
646 3481 914 3553 quomodo
939 3479 1010 3534 ob
1048 3478 1300 3533 malitiam
1328 3491 1542 3531 carnem
1571 3491 1664 3531 eos

57 3589 225 3637 vocat
249 3588 310 3634 et
336 3593 445 3632 non
474 3575 719 3630 homines
743 3573 766 3625 ?
797 3573 859 3627 Et
890 3572 1103 3636 iterum,
1132 3580 1188 3624 ut
1215 3568 1390 3623 statim
1416 3567 1660 3635 audietis,

53 3687 262 3728 terram
290 3682 389 3724 eos
412 3668 654 3722 nominat
671 3665 847 3719 divina
870 3663 1165 3732 Scriptura,
1189 3675 1254 3715 eo
1274 3659 1413 3729 quod
1438 3661 1663 3713 terrenis

52 3761 478 3835 cogitationibus
518 3757 901 3812 absumantur:
931 3753 1063 3808 dicit
1083 3751 1223 3806 enim
1251 3769 1264 3805 :
1297 3751 1386 3805 ll.
1413 3747 1662 3818 Corrupto

54 3869 231 3910 autem
262 3862 377 3909 erat
405 3860 535 3904 terra
562 3865 732 3903 coram
759 3847 885 3901 Deo.
914 3845 1028 3899 Non
1054 3844 1120 3898 de
1146 3854 1284 3898 terra
1314 3839 1553 3896 sensibili
1586 3839 1663 3894 lo-

55 3951 285 4021 quitur,
337 3945 432 4002 sed
473 3943 855 3999 inhabitatores
898 3949 1094 3995 terram
1132 3946 1306 3991 vocat.
1339 3935 1456 3990 Alio
1484 3944 1658 3988 autem

55 4050 179 4101 loco
202 4056 382 4112 neque
406 4049 600 4094 terram
631 4052 803 4107 neque
832 4049 1047 4088 carnem
1072 4033 1308 4088 nominat
1333 4047 1346 4083 :
1367 4029 1462 4084 sed
1489 4044 1660 4097 neque

51 4154 179 4193 esse
211 4150 309 4191 eos
339 4143 486 4204 putat
517 4133 567 4186 in
599 4133 697 4185 hac
733 4127 979 4200 pra-senti
1011 4127 1113 4180 vita
1135 4166 1151 4193 ,
1188 4140 1255 4181 eo
1292 4123 1432 4194 quod
1463 4125 1659 4178 virtute

58 4236 313 4284 careant.
351 4223 487 4279 Audi
517 4222 658 4277 enim
688 4219 999 4291 prophetam
1037 4218 1351 4271 clamantem
1393 4224 1447 4270 et
1479 4214 1660 4269 dicen-

55 4333 169 4374 tem
206 4319 259 4372 in
293 4313 472 4370 media
502 4311 1067 4382 .Ierosolymitanorum
1100 4305 1410 4376 metropoli,
1468 4306 1554 4359 ulti
1585 4316 1660 4360 tot

60 4412 236 4466 millia
270 4407 498 4463 millium
526 4412 581 4460 et
611 4401 890 4458 multitudo
919 4401 1195 4454 innumera
1224 4415 1238 4452 :
1277 4396 1400 4451 Veni
1424 4437 1438 4463 ,
1483 4406 1528 4450 et
1558 4412 1659 4450 non

50 4514 161 4558 erat
193 4503 388 4563 homo;
418 4497 609 4561 vocavi,
633 4505 679 4549 et
705 4510 806 4548 non
825 4502 932 4548 erat
951 4492 1036 4562 qui
1060 4489 1258 4544 audiret
1275 4489 1425 4561 (Isai.
1451 4490 1538 4544 50.
1559 4489 1654 4560 2):

49 4613 162 4650 non
194 4593 324 4663 quia
346 4607 452 4644 nun
479 4588 725 4650 aderant,
756 4582 848 4640 sed
879 4583 1000 4654 quia
1034 4590 1325 4651 praesentes
1353 4579 1517 4633 nihilo
1541 4594 1657 4634 me-

49 4693 225 4744 liores
253 4691 432 4745 erant,
462 4694 622 4750 quam
649 4676 695 4732 si
731 4691 835 4730 non
865 4674 1089 4728 fuissent
1115 4678 1427 4741 prmsentes.
1458 4668 1526 4723 Et
1553 4669 1660 4723 alio

48 4792 278 4848 quoque
307 4775 426 4828 loco
454 4791 467 4826 :
505 4769 786 4824 Discurrite
805 4777 851 4822 et
873 4767 1052 4829 videte,
1084 4764 1129 4818 si
1154 4773 1225 4817 est
1243 4778 1372 4815 unus
1397 4761 1484 4830 qui
1507 4759 1660 4828 faciat

38 4874 318 4944 judicium
349 4878 394 4922 et
417 4867 702 4938 justitiam,
726 4874 770 4917 et
794 4861 1040 4934 propitius
1061 4875 1144 4913 ero
1167 4856 1309 4929 (Jer.
1340 4857 1392 4912 5.
1422 4857 1444 4910 l
1474 4857 1511 4925 ).

131 4963 278 5016 Deus
309 4959 562 5013 hominem
587 4973 699 5010 eum
721 4955 883 5008 solum
907 4961 1050 5006 vocat
1070 4951 1154 5022 qui
1179 4950 1403 5004 virtutem
1426 4947 1560 5000 colit.
1589 4975 1661 4985 --

59 5055 256 5109 Vidisti
289 5049 560 5122 quomodo
588 5049 734 5102 illum
762 5048 932 5101 solum
961 5044 1235 5112 Scriptura
1275 5051 1457 5095 sancta
1489 5038 1659 5093 homi-

55 5166 182 5205 nem
216 5160 415 5199 vocare
445 5142 613 5208 solet,
641 5140 727 5210 qui
760 5140 1006 5192 virtutem
1037 5135 1165 5192 colit
1193 5152 1206 5187 :
1238 5143 1459 5189 caeteros
1482 5143 1658 5186 autem

61 5254 237 5309 neque
265 5250 388 5290 esse
415 5242 582 5304 putat,
616 5231 709 5286 sed
735 5227 1023 5299 aliquando
1051 5233 1208 5281 vocat
1229 5234 1446 5289 terram,
1478 5233 1531 5279 et
1560 5223 1658 5276 ali-

63 5329 283 5402 quando
328 5325 594 5381 carnem‘l
641 5323 751 5378 Bac
796 5322 864 5377 de
913 5334 1070 5374 causa
1125 5316 1484 5387 genealogiam
1515 5341 1517 5344 -
1532 5313 1661 5383 justi

60 5431 404 5480 narraturum
428 5435 485 5473 se
508 5416 822 5488 promittens
846 5414 1024 5468 divina
1052 5411 1323 5481 Scriptura
1354 5408 1481 5462 dicit
1509 5425 1522 5460 :
1549 5405 1664 5460 Noe

60 5519 211 5568 homo
243 5531 261 5568 :
294 5512 384 5566 hic
404 5511 548 5566 enim
571 5508 716 5563 solus
742 5507 923 5570 homo,
953 5503 1130 5559 czctcri
1157 5510 1333 5557 autem
1365 5515 1470 5554 non
1493 5497 1663 5553 homi-

60 5622 158 5663 nes
179 5649 194 5671 ,
223 5605 321 5660 sed
353 5604 641 5658 humanam
671 5610 914 5670 gerentes
954 5597 1176 5652 formam
1203 5636 1218 5662 ,
1255 5604 1310 5650 et
1338 5610 1400 5650 ex
1432 5591 1663 5648 homini-

63 5703 159 5756 bus
191 5701 246 5756 iu
275 5697 478 5755 bestias
509 5694 735 5765 mutati,
780 5691 979 5749 malitia
1003 5689 1289 5747 voluntatis
1332 5687 1660 5744 nobilitatem

1091 237 1156 293 IN
1194 235 1348 293 CAP.
1394 233 1480 287 VI.
1510 231 1758 288 GENES.
1800 232 2032 294 IIUMII..
2074 243 2263 300 XXIII.

3293 245 3425 316 eoa

1817 360 2021 406 natura:
2068 357 2378 412 amiserunt.
2423 359 2575 428 Quod
2607 362 2748 423 enim
2774 379 2894 420 cum
2927 367 2979 422 in
3007 370 3203 426 malum
3230 373 3395 429 decli~
3429 376 3438 410 ‘

1811 452 1940 498 nant
1969 445 2213 504 homines
2240 452 2553 519 rationales,
2593 464 2647 510 et
2676 458 2817 511 servi
2849 457 2980 513 liunt
3007 461 3390 519 irrationalium

1806 532 2167 604 aﬂ‘cctionum,
2196 539 2373 596 divina
2403 544 2674 614 Scriptura
2703 547 2940 618 imponat
2970 551 3074 606 illis
3095 552 3388 611 bestiarum
3440 566 3443 569 '

1805 625 2043 693 nomina,
2074 631 2194 684 audi
2222 642 2280 686 ut
2304 635 2530 703 quodam
2563 637 2680 693 loco
2697 639 2826 694 dicit
2856 657 2872 695 :
2909 641 3044 714 Equi
3085 648 3391 715 feminarum

1803 728 2053 773 amatores
2079 722 2201 789 facti
2228 736 2345 777 sunt
2379 725 2510 796 (Jer.
2547 729 2601 784 5.
2631 730 2706 797 8).
2740 731 2868 787 Vide
2896 737 3164 804 quomodo
3187 741 3259 792 ob
3287 739 3388 792 im-

1801 807 2062 863 modicam
2100 812 2426 870 salacitatem
2479 818 2616 873 hanc
2660 820 2933 878 brutorum
2961 830 3384 896 cognominatio-

1801 909 1921 949 nem
1953 897 2120 953 indal.
2152 901 2284 956 Alibi
2316 915 2492 958 autem
2521 924 2534 960 :
2577 905 2831 963 Venenum
2849 911 3093 982 ‘aspidum
3125 919 3217 971 sub
3237 918 3384 975 labiis

1799 1000 1968 1039 eorum
1996 989 2166 1058 (Psal.
2199 994 2284 1048 15.
2315 995 2366 1058 5,
2400 1006 2445 1048 et
2473 995 2596 1052 l39.
2622 999 2703 1067 4),
2735 1001 2822 1054 ubi
2851 1004 2965 1070 ejus
2995 1006 3176 1062 bestia:
3201 1010 3382 1065 dolqu

1797 1088 1850 1131 et
1875 1077 2138 1136 fallaciam
2171 1084 2366 1141 imitari
2399 1103 2492 1143 eos
2523 1090 2741 1145 indicat.
2767 1094 2939 1150 Canes
2969 1114 3179 1168 quoque
3208 1115 3383 1158 mutos

1796 1169 1931 1222 alios
1954 1183 2104 1226 vocat
2127 1173 2279 1243 (lsai.
2312 1178 2401 1232 56.
2435 1180 2512 1248 l).
2539 1181 2604 1235 Et
2631 1182 2822 1238 iterum
2845 1186 2992 1252 dicit,
3022 1189 3166 1243 Sicut
3192 1195 3384 1260 aspidis

1795 1262 1965 1315 surdis
1995 1275 2040 1317 et
2071 1266 2351 1322 obturantis
2377 1287 2522 1325 aures
2543 1289 2663 1328 suas
2689 1275 2858 1346 (Psal.
2891 1279 2979 1333 57.
3004 1281 3081 1350 5),
3113 1283 3230 1337 illos
3255 1287 3382 1340 sub-

1794 1353 2035 1410 iudicans
2059 1360 2147 1427 qui
2176 1377 2330 1417 aures
2350 1363 2416 1417 ad
2445 1364 2739 1421 doctrinam
2771 1371 2982 1426 virtutis
3017 1375 3286 1431 obturant.
3316 1379 3381 1433 Et

1793 1446 1956 1500 multa
2001 1449 2102 1502 alia
2145 1453 2265 1520 quis
2306 1455 2519 1508 nomina
2571 1457 2808 1513 inveniet
2847 1461 3091 1531 imposita
3135 1479 3163 1518 a
3204 1466 3378 1521 divina

1790 1533 2060 1606 Scriptura
2115 1540 2181 1594 iis
2213 1544 2299 1612 qui
2332 1545 2384 1598 in
2414 1546 2688 1602 brutorum
2715 1551 2938 1605 allectus
2978 1569 3073 1622 per
3114 1555 3376 1626 ignaviam

1793 1636 2084 1684 transeunt.
2119 1631 2301 1704 Neque
2341 1637 2392 1690 in
2430 1639 2596 1693 veteri
2638 1641 2808 1695 solum
2842 1643 2978 1698 ismd
3012 1648 3191 1703 videre
3214 1649 3334 1705 licet
3357 1692 3373 1717 ,

1789 1719 1881 1772 sed
1910 1729 1964 1774 et
1991 1722 2040 1775 in
2070 1739 2201 1777 nova
2244 1725 2379 1795 lege.
2423 1729 2558 1782 Audi
2602 1731 2742 1784 enim
2780 1733 3068 1803 Baptistam
3109 1738 3377 1795 dicentem

1788 1809 2032 1866 Judmis:
2077 1812 2351 1886 Pragenies
2392 1821 2695 1888 viperarum,
2742 1826 2852 1891 quis
2896 1827 3030 1880 vobis
3082 1835 3376 1886 monstravit

1786 1905 1964 1972 fugere
1989 1922 2020 1958 a
2044 1918 2250 1961 ventura
2276 1909 2353 1962 ira
2394 1910 2608 1978 (Matth.
2642 1914 2694 1967 5.
2724 1915 2834 1984 7)?
2877 1915 3065 1972 Vidisti
3104 1923 3372 1989 quomodo

1787 2003 1839 2048 et
1867 1996 1951 2050 llic
1978 1996 2158 2052 dolum
2189 2001 2383 2056 tuentis
2411 2002 2621 2058 illorum
2655 2005 2837 2060 bestiae
2865 2010 3080 2065 nomine
3105 2013 3375 2083 significa-

1787 2087 1898 2141 vit?
1923 2089 2058 2155 Quid
2083 2107 2209 2162 ergo
2235 2095 2592 2150 miserabilius
2619 2096 2775 2153 fuerit
2799 2104 3182 2170 peccatoribus,
3208 2107 3294 2176 qui
3319 2118 3371 2164 et

1786 2180 1901 2250 ipso
1933 2181 2162 2238 hominis
2193 2187 2407 2242 nomine
2437 2189 2728 2258 privamur,
2755 2201 2808 2245 et
2837 2203 3052 2262 propter
3077 2194 3178 2250 hoc
3203 2199 3370 2267 majo-

1783 2275 1930 2330 ribus
1961 2278 2129 2345 pmnis
2154 2278 2296 2349 digni
2327 2291 2480 2346 sunt;
2512 2283 2652 2352 quod
2699 2293 2818 2353 post
2858 2296 3154 2356 acceptasa
3181 2299 3365 2350 natura

1782 2365 2040 2435 plurimas
2060 2370 2366 2424 occasiones
2393 2370 2457 2426 ad
2490 2371 2926 2428 benefaciendum
2948 2386 3246 2445 monentes,
3274 2379 3370 2434 de-

1780 2467 1923 2511 serta
1956 2473 2018 2513 ac
2051 2459 2255 2529 prodita
2283 2462 2476 2517 virtute
2521 2463 2659 2516 ultro
2702 2463 2766 2518 ad
2808 2465 2932 2520 vitia
2978 2467 3372 2539 transfugiant?

1780 2546 2040 2613 Quoniam
2070 2550 2227 2619 igitur
2250 2553 2336 2620 qui
2363 2562 2487 2606 tunc
2521 2562 2673 2608 erant
2692 2597 2706 2617 ,
2754 2571 2940 2609 omnes
2962 2572 3023 2611 ea
3052 2571 3110 2610 se
3136 2557 3369 2615 hominis

1779 2641 2134 2709 appellatione
2160 2643 2403 2712 indignos
2426 2646 2766 2713 praestabant,
2790 2646 2964 2715 justus
2991 2657 3168 2704 autem
3198 2650 3286 2706 ille
3313 2651 3368 2707 in

1784 2739 1929 2786 tanta
1957 2733 2167 2788 virtutis
2194 2733 2470 2788 sterilitate
2493 2776 2508 2800 ,
2563 2744 2669 2788 tam
2705 2736 2983 2791 excellenti
3034 2739 3226 2794 virtute
3267 2742 3364 2795 llo-

1779 2827 1903 2891 ruit,
1935 2827 2054 2882 ideo
2080 2826 2348 2897 Scriptura
2377 2844 2497 2882 cum
2520 2828 2768 2897 cmpisset
2799 2844 3014 2886 narrare
3044 2831 3141 2885 viri
3171 2847 3365 2901 genea-

1778 2920 1971 2989 logiam
1996 2961 2011 2988 ,
2042 2921 2175 2975 dixit
2207 2940 2221 2976 :
2255 2921 2370 2975 Noe
2399 2931 2567 2974 autem
2596 2923 2765 2975 homo.
2804 2923 2897 2976 Est
2934 2933 2986 2976 et
3015 2925 3151 2978 alius
3187 2925 3363 2993 justus

1774 3010 2010 3080 quidam,
2035 3011 2119 3065 cui
2143 3011 2244 3066 hoc
2272 3026 2463 3065 nomen
2491 3025 2586 3080 pro
2612 3025 2820 3065 summo
2851 3014 3092 3068 encomio
3117 3016 3360 3086 contigit,

1774 3110 1829 3156 et
1852 3117 1962 3172 pra:
1986 3102 2107 3157 aliis
2129 3103 2377 3157 omnibus
2425 3103 2526 3156 hoc
2568 3102 2785 3156 nomine
2815 3104 3164 3173 praedicatur,
3198 3116 3258 3161 ut
3284 3111 3362 3164 sic

1773 3193 1943 3248 virtus
1972 3193 2112 3248 illius
2139 3192 2423 3263 diligenter
2456 3201 2775 3262 exponatur.
2807 3193 2935 3261 Quis
2961 3195 3051 3250 ille
3073 3205 3155 3251 est
3175 3197 3198 3251 ἲ
3222 3199 3359 3255 Bea-

1774 3294 1856 3340 tus
1880 3284 2001 3349 Job,
2029 3285 2117 3339 ille
2143 3285 2285 3355 pugil
2313 3285 2542 3354 pietatis,
2574 3284 2771 3338 athleta
2801 3284 2966 3348 orbis,
2991 3286 3078 3356 qui
3103 3288 3247 3341 solus
3279 3288 3362 3342 iu-

1769 3376 2024 3432 curabilia
2053 3376 2142 3430 illa
2168 3376 2450 3442 sustinuit,
2498 3383 2552 3430 et
2580 3376 2814 3444 acceptis
2844 3377 3137 3432 innumeris
3179 3393 3206 3429 a
3244 3378 3359 3432 dia-

1770 3467 1892 3523 bolo
1933 3468 2051 3522 telis
2079 3509 2095 3535 ,
2141 3467 2331 3522 vulnus
2382 3481 2487 3520 non
2510 3465 2714 3536 accepit
2763 3482 2777 3519 :
2824 3466 2917 3520 sed
2966 3467 3096 3521 sicut
3141 3466 3358 3524 adamas

1768 3559 1981 3631 quidam
2010 3575 2196 3614 omnes
2225 3560 2454 3629 impetus
2477 3559 2617 3612 ferre
2647 3558 2835 3627 potuit,
2863 3569 2918 3611 et
2943 3573 2971 3611 a
3001 3557 3159 3613 tantis
3185 3560 3357 3615 ﬂucti-

1769 3652 1868 3706 bus
1898 3667 2002 3706 non
2028 3650 2199 3706 solum
2229 3665 2334 3704 non
2361 3658 2443 3704 est
2466 3650 2776 3704 submersus
2795 3688 2811 3714 ,
2842 3649 2936 3702 sed
2963 3657 3017 3702 et
3044 3651 3314 3717 praevaluit
3339 3669 3352 3718 ;

1767 3742 2077 3812 etacccptis
2115 3742 2166 3795 in
2212 3754 2406 3810 corpus
2437 3755 2590 3794 suum
2643 3739 2890 3793 omnibus
2927 3738 3015 3807 qui
3063 3741 3113 3792 in
3157 3743 3356 3794 mundo

1767 3845 1922 3890 erant
1949 3834 2260 3900 doloribus,
2311 3833 2410 3886 hac
2459 3832 2667 3886 ratione
2707 3830 2874 3884 multo
2923 3831 3114 3884 clarior
3163 3834 3351 3886 evasit.

1765 3930 1879 3985 Non
1909 3929 2078 3983 solum
2107 3926 2247 3982 enim
2271 3940 2376 3979 non
2405 3923 2552 3978 illum
2591 3924 2796 3977 terrore
2845 3922 3066 3991 perculit
3096 3923 3352 3991 ingruen—

1766 4023 1894 4076 tium
1922 4019 2165 4075 dolorum
2198 4015 2494 4086 frequentia
2515 4055 2531 4082 ,
2560 4013 2654 4068 sed
2683 4022 2737 4068 et
2766 4013 2829 4065 ad
2858 4012 3114 4082 majorem
3154 4015 3353 4083 gratia-

1765 4132 1882 4172 rum
1910 4114 2172 4169 actionem
2200 4111 2449 4166 excitavit
2478 4126 2490 4162 :
2515 4115 2672 4178 atque
2698 4107 2750 4160 in
2779 4105 3025 4160 omnibus
3051 4120 3202 4160 suum
3230 4121 3354 4176 gra-

1767 4221 1876 4265 tum
1907 4207 2144 4262 animum
2164 4202 2475 4266 declarans,
2527 4199 2739 4254 letalem
2761 4197 2972 4252 diabolo
3011 4197 3218 4267 plagam
3268 4199 3355 4252 in-

1764 4303 2052 4372 llixit,quo
2080 4298 2166 4352 ille
2193 4295 2514 4364 intelligeret
2544 4304 2663 4346 sese
2681 4289 2872 4343 frustra
2904 4289 3076 4343 moliri
3098 4298 3151 4343 et
3170 4297 3354 4343 contra

1765 4393 2037 4450 stimulum
2065 4388 2362 4444 calcitrare.
2414 4383 2566 4440 llunc
2591 4379 2751 4452 igitur
2778 4390 3016 4435 sanctum
3045 4381 3203 4435 etiam
3231 4390 3355 4435 ante

1765 4497 1842 4544 tot
1868 4499 2064 4558 agones
2091 4492 2144 4539 et
2170 4479 2495 4540 certamina,
2537 4483 2740 4529 tantum
2773 4471 3006 4526 laudavit
3049 4471 3354 4526 misericors

1766 4579 1926 4640 Deus,
1957 4585 2012 4630 et
2038 4571 2336 4642 praedicans
2363 4567 2496 4622 dixit
2515 4564 2725 4619 diabolo
2750 4580 2764 4617 :
2796 4561 2846 4616 Ν
2853 4580 2935 4615 um
2963 4562 3132 4615 animo
3156 4571 3241 4615 tuo
3260 4561 3353 4614 ad-

1764 4667 1950 4723 vertisti
1978 4664 2222 4736 fantulum
2250 4676 2412 4713 meum
2441 4657 2560 4720 Job,
2593 4655 2726 4727 quod
2767 4670 2867 4708 non
2897 4654 2959 4706 sit
2999 4652 3146 4706 homo
3174 4653 3352 4706 similis

1763 4762 1840 4815 illi
1869 4774 2021 4825 super
2039 4766 2244 4820 terram,
2272 4752 2420 4806 homo
2442 4750 2751 4819 inculpatus,
2770 4747 2961 4816 justus,
2994 4760 3163 4810 verax,
3191 4742 3351 4796 Deum

1763 4853 1960 4915 colens,
1988 4848 2239 4901 abstinens
2267 4843 2328 4896 ab
2350 4841 2487 4895 omni
2512 4855 2662 4908 opere
2681 4838 2815 4891 malo
2843 4835 2996 4906 (Job.
3037 4836 3085 4889 l.
3115 4831 3226 4904 8)?
3260 4833 3351 4885 Vi-

1765 4946 1887 5002 disti
1915 4953 1968 4998 et
1997 4943 2139 4995 hunc
2169 4955 2198 4992 a
2226 4934 2494 4993 communi
2528 4942 2729 4987 natura!
2757 4930 2969 4984 nomine
2991 4927 3135 4996 prius
3163 4923 3352 4994 pracdi-

1764 5036 1917 5093 cari?
1942 5031 2230 5095 Advertisti,
2256 5028 2447 5098 inquit,
2477 5023 2724 5096 famulum
2757 5037 2921 5082 meum
2951 5017 3071 5081 Job,
3094 5015 3228 5087 quod
3254 5031 3355 5066 non

1765 5131 1828 5184 sit
1854 5129 2034 5183 similis
2065 5126 2142 5178 illi
2165 5124 2313 5175 homo
2333 5121 2358 5173 Ρ
2401 5119 2466 5172 Et
2497 5115 2697 5171 similes
2723 5114 2902 5182 utique
2929 5125 3116 5165 omnes
3145 5124 3352 5169 sumus,

1767 5219 1862 5276 sed
1892 5235 1998 5273 non
2044 5212 2335 5270 secundum
2374 5210 2653 5270 virtutem,
2695 5202 2788 5258 sed
2834 5200 3124 5255 secundum
3171 5198 3355 5253 forma:

1767 5311 2025 5368 rationem
2062 5324 2074 5360 :
2107 5313 2161 5357 at
2194 5304 2295 5356 hoc
2323 5314 2426 5353 non
2463 5303 2546 5351 est
2583 5295 2776 5358 homo,
2828 5291 2922 5347 sed
2947 5290 3160 5362 quando
3189 5290 3350 5343 absti-

1769 5417 1903 5458 nens
1921 5415 1950 5453 a
1982 5396 2180 5451 malitia
2204 5392 2448 5446 virtutem
2477 5391 2749 5457 operatur.

1841 5495 1890 5550 5.
1923 5489 2111 5548 Vidisti
2142 5499 2275 5557 quos
2309 5481 2487 5538 divina
2517 5477 2790 5547 Scriptura
2818 5474 3061 5530 homines
3087 5472 3356 5543 appellare

1770 5586 1946 5646 solet?
1974 5579 2232 5652 Quocirca
2277 5584 2330 5630 et
2371 5572 2438 5628 ab
2480 5569 2632 5626 initio
2659 5583 2780 5624 cum
2801 5567 3019 5622 vidisset
3060 5565 3199 5620 Deus
3230 5578 3352 5618 eum

1770 5683 1862 5755 qui
1890 5693 1920 5733 a
1941 5692 1998 5732 se
2023 5679 2193 5729 lactus
2220 5675 2360 5735 erat,
2387 5661 2599 5720 dicebat
2628 5677 2640 5716 :
2691 5658 2966 5713 Faciamus
3005 5656 3253 5711 hominem
3274 5669 3346 5707 se-
