3754 6242
441 238 548 294 905

440 349 662 406 cundum
687 346 958 416 imaginem
986 350 1208 397 nostram
1242 350 1289 394 et
1320 338 1595 393 secundum
1630 333 2009 390 similitudinem

447 441 598 510 (Gen.
633 440 684 492 ί.
704 436 819 505 28),
849 435 953 489 hoc
976 443 1079 500 est,
1110 442 1166 489 ut
1180 432 1412 502 imperet
1445 437 1499 482 et
1522 425 1812 482 visibilibus
1837 421 2011 477 omni-

442 533 542 587 bus
565 538 621 584 et
654 526 928 582 affectibus
952 525 1101 579 suis:
1131 523 1376 589 imperet,
1421 532 1527 572 non
1554 516 1689 571 ferat
1709 513 2011 584 imperium.

444 619 596 688 Quod
648 618 693 672 si
738 632 888 672 suam
941 613 1168 682 prodens
1206 610 1512 680 dignitatem
1560 605 1839 674 imperium
1879 602 2015 658 ferat

445 711 642 780 potius,
671 722 828 777 quam
857 707 1109 774 imperet,
1152 703 1311 755 homo
1334 714 1455 754 esse
1480 696 1711 760 desinit,
1744 703 1799 749 et
1831 694 2016 747 bruto-

438 817 558 855 rum
589 800 641 853 in
670 814 730 853 se
760 812 952 851 nomen
982 791 1251 847 transfert.
1281 792 1458 858 Atque
1478 788 1577 842 hac
1604 785 1672 840 de
1690 798 1848 839 causa
1875 794 2016 837 nunc

441 893 616 947 divina
659 889 931 956 Scriptura
977 886 1226 939 virtutem
1277 882 1404 950 justi
1450 879 1593 934 illius
1643 872 2017 937 commendare

450 985 653 1046 volens,
681 982 816 1034 dixit
846 997 860 1032 :
896 977 990 1032 Ha:
1016 987 1129 1030 sum
1154 974 1494 1046 generationes
1520 967 1636 1023 Noe
1666 983 1684 1021 :
1716 966 1831 1021 Noe
1867 967 2017 1019 homo

449 1077 611 1145 justus
643 1070 806 1143 (Gen.
839 1070 892 1122 6.
922 1067 1013 1135 9).
1044 1067 1181 1123 Ecce
1207 1076 1258 1119 et
1283 1064 1436 1118 aliam
1460 1062 1739 1115 maximam
1764 1055 2017 1128 praeconii

449 1164 674 1233 speciem
699 1201 712 1223 ,
747 1158 926 1213 Justus
958 1175 975 1210 :
1004 1156 1103 1209 hac
1135 1152 1489 1222 appellatione
1526 1163 1739 1204 omnem
1770 1147 2016 1200 virtutem

451 1252 835 1320 complectitur.
870 1248 978 1301 Hoc
999 1246 1137 1299 enim
1168 1258 1363 1298 nomen
1381 1282 1397 1308 ,
1423 1241 1620 1310 justus,
1647 1238 2019 1291 consuevimus

450 1343 623 1397 dicere
662 1340 728 1395 de
768 1340 832 1393 iis
861 1338 947 1408 qui
991 1335 1327 1403 omnigeuam
1363 1340 1612 1387 exercent
1642 1330 1887 1381 virtutem
1916 1325 2016 1396 (α).

451 1433 637 1487 Postea
662 1440 717 1484 ut
736 1429 909 1484 discas
931 1423 1197 1496 quomodo
1226 1421 1291 1475 ad
1314 1433 1585 1475 summum
1626 1415 1834 1471 virtutis
1876 1414 2022 1468 fasti-

453 1524 589 1594 gium
620 1520 941 1593 pervenerit,
970 1516 1023 1571 id
1047 1513 1187 1585 quod
1216 1522 1270 1568 et
1301 1522 1425 1566 tunc
1450 1508 1758 1579 exigebatur
1779 1522 1809 1560 a
1830 1513 2018 1559 natura

453 1624 630 1669 nostra
649 1653 666 1681 ,
695 1612 862 1681 inquit
892 1627 905 1663 :
944 1606 1125 1661 Justus
1150 1614 1196 1658 et
1221 1607 1468 1675 perfectus
1491 1601 1543 1653 in
1567 1597 1883 1669 generatione
1906 1610 2017 1648 sua.

440 1682 658 1771 Omnia,
684 1703 885 1773 inquit,
914 1698 1151 1768 implevit
1184 1707 1529 1766 quaecumque
1551 1691 1724 1746 facere
1773 1687 2023 1743 convenit

449 1813 570 1852 cum
594 1796 681 1865 qui
712 1796 957 1848 virtutem
988 1791 1354 1858 amplexatur:
1389 1785 1517 1840 illud
1546 1784 1687 1839 enim
1718 1780 1981 1851 signilicat
2001 1820 2019 1846 ,

452 1885 714 1955 Perfectus
739 1900 759 1937 :
781 1883 914 1939 nihil
950 1879 1256 1942 intermisit,
1285 1877 1337 1931 in
1368 1876 1513 1930 nullo
1542 1872 1879 1928 claudicavit.
1904 1869 2020 1924 Non

450 1981 504 2034 in
526 1979 626 2034 hoc
653 1986 796 2032 recte
823 1974 1045 2045 agebat,
1095 1972 1148 2025 in
1185 1969 1277 2025 illo
1310 1978 1487 2023 autem
1515 1965 1804 2035 peccabat,
1848 1961 1941 2017 sed
1969 1961 2021 2015 in

449 2068 591 2123 omni
618 2068 811 2122 virtute
836 2062 1101 2133 perfectus
1126 2070 1240 2116 erat
1271 2078 1284 2114 :
1318 2058 1442 2114 illud
1467 2058 1606 2112 enim
1632 2056 1883 2110 exhibere
1909 2052 2023 2120 ejus

451 2157 608 2212 ofﬁcii
648 2165 781 2211 erat.
814 2154 1111 2217 Praeterea,
1153 2160 1212 2205 nt
1248 2165 1311 2205 ex
1356 2160 1595 2217 tempore
1631 2161 1838 2217 quoque
1863 2153 1917 2197 et
1956 2159 2022 2197 ex

451 2248 846 2319 comparatione
893 2260 1011 2301 cum
1056 2244 1175 2298 aliis
1226 2241 1568 2296 illuStriorem
1623 2237 1775 2291 nobis
1823 2236 2023 2304 justum

451 2341 758 2402 exhiberet,
800 2337 968 2406 inquit
1006 2352 1020 2389 :
1056 2334 1325 2405 Perfectus
1351 2333 1404 2384 in
1437 2330 1752 2399 generatione
1793 2342 1926 2389 sua;
1970 2325 2023 2379 in

450 2442 691 2500 tempore
717 2430 806 2484 illo
825 2469 840 2494 ,
872 2428 923 2481 in
953 2425 1295 2496 generatione
1320 2423 1405 2478 illa
1436 2434 1681 2491 perversa
1703 2460 1719 2486 ,
1748 2433 1865 2488 qua:
1891 2415 2023 2471 adeo

453 2523 505 2576 in
555 2521 750 2575 malum
796 2518 1117 2582 declinavit,
1162 2530 1281 2586 quae
1308 2528 1479 2585 neque
1509 2510 1785 2579 vestigium
1815 2507 2024 2563 virtutis

454 2626 562 2680 pra:
598 2625 656 2665 se
681 2608 821 2664 ferre
845 2608 1028 2663 voluit.
1060 2607 1116 2660 ln
1160 2606 1247 2661 illa
1278 2604 1437 2675 igitur
1460 2601 1820 2673 generatione,
1849 2598 1901 2653 in
1924 2598 2024 2653 illis

455 2701 780 2770 temporibus
800 2699 974 2767 justus
1004 2698 1093 2753 ille
1109 2711 1212 2752 non
1238 2696 1409 2752 solum
1442 2696 1689 2749 virtutem
1715 2706 1826 2762 prae
1851 2705 1909 2745 se
1937 2697 2023 2743 tu-

455 2789 515 2844 lit
539 2831 553 2856 ,
585 2789 678 2844 sed
703 2798 758 2844 et
790 2790 841 2843 in
870 2797 1072 2844 tantum
1098 2786 1339 2857 pervenit
1364 2784 1574 2842 virtutis
1607 2782 1856 2848 culmen,
1899 2796 2023 2850 per-

452 2880 618 2934 fectus
638 2921 653 2944 ,
684 2886 740 2933 et
779 2880 830 2933 in
860 2878 1107 2934 omnibus
1131 2877 1425 2932 absolutus.
1468 2874 1601 2929 Nam
1644 2872 1695 2929 id
1734 2871 1874 2945 quod
1899 2880 2024 2927 ante

450 2969 589 3030 dixi,
634 2969 771 3025 bene
795 2984 949 3039 agere
992 2969 1130 3023 inter
1153 2967 1361 3023 virtutis
1404 2966 1618 3033 hostes,
1662 2975 1717 3021 et
1763 2965 1900 3018 inter
1930 2978 2024 3019 eos

450 3060 541 3131 qui
566 3060 815 3114 virtutem
861 3060 1143 3129 prohibent
1168 3058 1410 3113 eamdem
1437 3057 1772 3112 sedulitatem
1816 3071 1926 3127 pra:
1966 3070 2025 3111 se

452 3149 626 3216 ferre,
672 3149 840 3219 majus
865 3164 1074 3218 semper
1100 3149 1310 3203 virtutis
1340 3148 1546 3218 pondus
1586 3156 1827 3202 testatur.
1876 3146 2025 3202 Unde

454 3244 553 3295 hac
583 3240 787 3294 ratione
810 3240 982 3308 justus
1012 3238 1098 3293 ille
1116 3238 1345 3307 majores
1374 3238 1555 3293 laudes
1582 3250 1767 3293 nactus
1791 3246 1891 3293 est.
1919 3237 2024 3292 Ne-

452 3345 557 3400 que
583 3330 667 3385 hic
698 3323 854 3383 linem
894 3328 1138 3384 laudandi
1182 3330 1328 3383 illum
1369 3328 1492 3383 facit
1511 3328 1688 3383 divina
1716 3329 1983 3399 Scriptura
2005 3371 2022 3397 ,

450 3422 545 3478 sed
574 3422 744 3475 adhuc
766 3421 975 3475 virtutis
1005 3420 1145 3474 illius
1182 3420 1556 3475 excellentiam
1586 3419 1938 3491 demonstrat,
1972 3430 2027 3477 et

450 3512 589 3582 quod
628 3512 806 3565 divino
833 3510 1036 3565 calculo
1065 3510 1313 3580 probatus
1342 3511 1535 3576 fuerit,
1576 3511 1706 3580 quia
1747 3522 2023 3581 postquam

449 3602 616 3669 dixit,
646 3601 906 3670 Perfectus
927 3602 978 3655 in
998 3603 1318 3671 generatione
1336 3618 1430 3656 sua
1452 3643 1466 3667 ,
1490 3602 1663 3667 addit,
1697 3601 1805 3656 Deo
1830 3604 2024 3673 placuit

453 3694 585 3749 Nae.
619 3691 787 3748 Tanta
810 3701 927 3748 erat
946 3694 1115 3748 virtus
1136 3695 1293 3758 illius.
1322 3703 1379 3749 ut
1403 3705 1457 3749 et
1476 3710 1504 3748 a
1534 3695 1641 3749 Deo
1669 3694 1871 3749 laudari
1897 3712 2020 3763 pro-

449 3786 723 3842 meruerit.
750 3783 858 3840 Deo
888 3786 1061 3851 enim,
1090 3786 1291 3855 inquit,
1323 3785 1510 3855 placuit
1534 3783 1683 3848 Noe;
1709 3800 1772 3840 ac
1798 3787 1841 3839 si
1869 3786 2015 3840 dice-

446 3887 529 3932 ret
561 3894 574 3931 :
609 3877 931 3947 approbatus
959 3876 1055 3931 fuit
1078 3892 1108 3929 a
1136 3876 1285 3942 Deo;
1329 3892 1423 3947 per
1450 3876 1588 3931 bona
1628 3892 1787 3946 opera
1830 3877 2022 3945 placuit

452 3971 529 4026 illi
555 3971 713 4026 oculo
737 3971 827 4039 qui
858 3970 1020 4039 sopiri
1048 3985 1153 4024 non
1179 3979 1371 4040 potest,
1410 3976 1466 4024 et
1494 3970 1634 4023 illius
1664 3970 1760 4024 sibi
1788 3970 2018 4023 favorem

447 4069 649 4115 tantum
666 4060 970 4115 conciliavit
991 4074 1086 4130 per
1100 4060 1292 4114 bonam
1309 4060 1489 4123 vitam,
1510 4072 1565 4113 ut
1585 4077 1704 4115 eum
1724 4078 1828 4114 non
1846 4062 2016 4115 solum

446 4151 514 4205 ab
548 4151 906 4221 indignatione
935 4151 988 4205 in
1018 4166 1207 4205 omnes
1232 4150 1543 4205 effundenda
1565 4152 1821 4217 liberarit,
1845 4153 1936 4207 sed
1967 4163 2019 4207 et

444 4241 668 4296 aliorum
695 4250 973 4310 patronum
1003 4240 1207 4295 fecerit.
1256 4234 1365 4295 Deo
1394 4243 1564 4305 enim,
1597 4243 1797 4312 inquit,
1832 4243 2018 4315 placuit

448 4330 582 4386 Noe.
613 4332 740 4400 Quis
760 4330 861 4385 hoc
886 4332 1091 4387 beatior
1111 4330 1290 4396 fuerit,
1320 4334 1408 4401 qui
1437 4340 1634 4385 tantam
1661 4348 1768 4401 pra:
1795 4348 1853 4387 se
1876 4334 2015 4389 ferre

446 4422 617 4490 potuit
640 4422 908 4487 virtutem,
929 4432 986 4476 ut
1009 4423 1287 4476 Dominum
1312 4422 1540 4477 universi
1565 4424 1781 4478 haberet
1803 4425 2014 4479 laudum

442 4530 657 4570 suarum
699 4530 994 4583 praeconem
1014 4515 1037 4568 ?

517 4604 735 4672 Quinam
759 4620 869 4658 vere
896 4615 1134 4676 regnent;
1159 4603 1464 4676 genealogia:
1488 4605 1664 4658 modus
1684 4607 1923 4676 Optimus.
1946 4638 2017 4647 —-

446 4693 571 4751 Haec
592 4695 659 4748 ab
681 4710 745 4749 eo
771 4702 894 4748 sunt
922 4695 1052 4748 facta
1080 4734 1096 4759 ,
1144 4711 1260 4763 qua:
1286 4695 1553 4763 quibusvis
1579 4695 1804 4761 divitiis,
1832 4698 2016 4765 quavis

441 4785 785 4845 abundantia,
817 4787 999 4854 quavis
1027 4786 1192 4854 gloria
1217 4794 1268 4839 et
1293 4786 1547 4855 potentia,
1576 4787 1759 4856 quavis
1785 4787 2011 4842 humana

438 4874 689 4932 felicitate
710 4878 914 4945 potiora
935 4876 1145 4929 duxerit
1164 4876 1402 4945 quisquis
1424 4886 1651 4949 mentem
1678 4877 1839 4934 habet
1862 4896 1873 4931 :
1899 4878 2013 4934 hmc

439 4981 602 5035 regno
627 4967 792 5035 magis
817 4964 1186 5019 desiderabilia
1218 4966 1416 5019 fuerint
1441 4965 1520 5030 ei,
1567 4967 1654 5036 qui
1696 4968 1859 5023 Deum
1899 4970 2011 5023 sin-

434 5069 560 5110 cero
605 5070 788 5110 amore
822 5054 1012 5125 diligit.
1046 5054 1239 5109 Verum
1276 5056 1416 5108 enim
1459 5070 1677 5125 regnum
1712 5058 1848 5112 istud
1887 5071 1969 5115 est
1992 5101 2009 5126 ,

437 5160 593 5213 posse
617 5160 712 5199 nos
740 5146 940 5215 optima
967 5147 1073 5200 vita
1105 5147 1388 5216 prapitium
1417 5154 1471 5201 et
1494 5145 1811 5203 clementem
1856 5151 2009 5207 nobis

436 5234 659 5289 reddere
689 5235 989 5291 Dominum.
1033 5235 1342 5291 Gehennam
1371 5238 1513 5292 enim
1545 5238 1732 5294 timere
1771 5255 1876 5295 non
1911 5243 2006 5298 de-

443 5320 632 5378 bemus
653 5335 875 5395 pr0pter
900 5328 1077 5399 ignem
1103 5330 1255 5385 illum
1283 5331 1803 5405 inexstinguibilem,
1821 5347 1870 5393 et
1899 5355 2015 5410 poc-

500 5476 573 5552 (a)
598 5476 691 5552 ille
706 5482 860 5552 llocus
897 5483 1031 5533 hunc
1066 5498 1262 5536 versum
1301 5488 1611 5552 Empedoclis
1643 5491 1693 5541 in
1729 5494 2008 5546 memoriam

437 5538 673 5637 :
701 5538 750 5588 tv
771 5547 813 5590 at
828 5552 1036 5613 δῳκρνι
1057 5558 1264 5610 alligant
1282 5538 1497 5621 aiojipuys
1709 5538 2012 5620 ait:

668 5601 937 5649 vir-ivener
962 5611 1222 5651 Includit!"
1249 5626 1403 5651 nmine
1434 5622 1581 5651 »νυ-1ης

849 5616 937 5649 sun
962 5611 1222 5659 includitur
1249 5612 1403 5663 omnis
1418 5611 1598 5665 virtus.

1176 227 1232 283 S.
1272 223 1546 281 JO.\NNlS
1580 217 2053 278 CHRYSOSTOMI
2090 218 2407 276 ARClllEP.
2446 220 2976 281 CONSTANTINOP.

3580 226 3684 283 ΞΜ

2120 347 2218 387 nas
2243 336 2540 402 terribiles,
2572 348 2625 393 et
2663 349 2943 409 perpetuos
2969 341 3269 397 cruciatus:
3305 341 3399 396 sed
3441 341 3566 412 quia
3606 343 3686 395 of.

2116 423 2382 482 fendimus
2403 439 2510 484 tam
2542 432 2736 486 bonum
2766 433 3095 499 Dominum,‘
3136 444 3192 489 et
3230 435 3300 489 ab
3336 435 3479 491 illius
3520 437 3687 503 gratia

2118 532 2301 573 sumus
2326 520 2483 575 alieni
2527 539 2541 576 :
2584 525 2655 579 ita
2696 533 2749 578 et
2771 525 2836 579 ad
2876 541 3094 593 regnum
3132 528 3285 582 nobis
3333 528 3688 584 festinandum

2119 611 2329 665 nonnisi
2359 623 2572 684 propter
2600 630 2833 670 amorem
2852 617 2909 670 in
2939 617 3104 683 illum,
3135 627 3193 673 ut
3210 619 3327 687 ejus
3348 622 3519 691 gratia
3542 620 3691 675 (rua-

2122 717 2260 756 mur.
2308 701 2440 755 Nam
2494 712 2551 757 ut
2568 718 2734 773 regno
2775 705 3178 764 desiderabilius
3225 718 3336 774 est,
3371 711 3691 765 clementem

2123 792 2400 846 Dominum
2447 805 2687 849 nostrum
2739 795 3053 852 benevolum
3092 813 3213 854 esse
3254 800 3408 854 nobis
3439 818 3453 853 :
3485 802 3561 856 ita
3602 817 3695 870 ge-

2122 883 2293 937 henna
2324 886 2553 953 gravius,
2583 887 2651 941 ab
2676 887 2814 941 illius
2839 889 3203 945 benevolentia
3232 894 3504 948 excidere.

2199 975 2414 1030 Vidistis
2451 987 2661 1046 quanta:
2703 980 2855 1035 nobis
2906 982 3143 1037 utilitatis
3184 982 3281 1037 fuit
3322 996 3691 1053 argumemum

2123 1067 2573 1135 appellatiojusti,
2599 1079 2654 1123 et
2679 1081 2931 1139 quantum
2961 1078 3344 1128 sententiarum
3381 1075 3691 1131 thesaurum

2123 1158 2328 1227 peperit
2350 1159 2675 1214 admirabilis
2715 1160 2873 1228 hujus
2896 1163 2995 1217 viri
3016 1165 3367 1235 genealogia?
3398 1166 3695 1235 Seqnamur

2122 1248 2283 1318 igitur
2306 1257 2361 1305 et
2385 1265 2481 1305 nos
2508 1250 2701 1307 divinae
2729 1252 3015 1322 Scriptura:
3042 1255 3254 1323 regulus
3271 1296 3286 1317 ,
3318 1268 3373 1311 et
3400 1257 3446 1311 si
3473 1257 3696 1312 velimus

2122 1339 2423 1411 aliquorum
2447 1343 2780 1411 genealogias
2802 1358 3073 1409 enarrare,
3105 1360 3207 1399 non
3238 1355 3416 1415 patres
3456 1360 3513 1402 et
3546 1364 3694 1409 avos,

2123 1440 2177 1486 et
2203 1431 2398 1489 abavos
2424 1433 2477 1487 in
2508 1433 2739 1487 medium
2765 1433 3051 1491 offeramus
3072 1476 3088 1501 ,
3117 1437 3209 1493 sed
3235 1439 3349 1507 ejus
3374 1441 3550 1495 solum
3572 1484 3589 1505 ,
3606 1457 3694 1493 cu-

2120 1523 2209 1593 jus
2233 1533 2316 1580 est
2340 1527 2663 1597 geneaIOgia,
2696 1528 2948 1583 virtutem
2971 1529 3301 1601 delegamus.
3331 1534 3427 1589 Hic
3460 1535 3697 1603 optimus

2124 1616 2446 1687 genealogis:
2474 1618 2665 1673 modus
2686 1630 2786 1673 est.
2817 1620 2946 1686 Qua:
2976 1623 3119 1677 enim
3144 1624 3344 1678 utilitas
3366 1641 3436 1679 ex
3462 1627 3627 1680 claris
3646 1640 3698 1681 et

2126 1706 2306 1774 probis
2340 1710 2648 1775 parentibus
2687 1710 2943 1779 originem
2971 1711 3170 1767 ducere
3194 1754 3211 1778 ,
3243 1724 3295 1769 te
3336 1725 3514 1769 autem
3545 1717 3698 1771 bona:

2127 1796 2247 1850 vitae
2268 1810 2385 1850 esse
2404 1806 2675 1865 expertem
2700 1797 2723 1851 ’ἶ
2748 1801 2999 1868 autquod
3027 1800 3277 1856 damnum
3303 1802 3498 1870 fuerit,
3536 1807 3581 1858 si
3604 1824 3701 1875 pa-

2127 1896 2304 1940 rentes
2340 1893 2396 1941 et
2438 1889 2801 1956 progenitores
2837 1889 3036 1945 fuerint
3079 1892 3337 1961 ignobiles
3358 1896 3650 1961 etobscuri
3682 1942 3697 1963 ,

2127 1976 2239 2045 ipse
2268 1988 2442 2032 autem
2470 1980 2751 2035 virtutibus
2780 1981 3011 2049 ﬂoreas?
3036 1984 3165 2051 Quia
3192 1996 3244 2040 et
3261 1985 3435 2053 justus
3461 1988 3554 2042 ille
3583 1991 3701 2042 talis

2129 2069 2241 2133 fuit,
2275 2078 2331 2124 et
2359 2072 2661 2127 conciliavit
2693 2074 2792 2130 sibi
2818 2077 3039 2145 gratiam
3070 2078 3201 2143 Dei,
3229 2095 3330 2133 non
3357 2081 3499 2149 quod
3533 2098 3563 2133 a
3585 2085 3703 2135 tali-

2127 2159 2226 2215 bus
2252 2160 2409 2215 fuerit
2438 2164 2774 2232 parentibus:
2801 2180 2972 2235 neque
2993 2169 3132 2220 enim
3162 2169 3233 2221 ita
3260 2184 3353 2223 eos
3368 2186 3704 2226 commemo-

2127 2262 2210 2304 rat
2249 2252 2521 2320 Scriptura
2568 2265 2625 2308 ut
2676 2256 2872 2311 virtute
2910 2258 3136 2312 nobiles.
3179 2258 3539 2315 Nihilominus
3580 2276 3702 2315 cum

2129 2354 2273 2398 tanta
2299 2356 2479 2399 essent
2503 2344 2775 2401 obStacula
2802 2357 2856 2402 et
2892 2357 2970 2403 tot
3013 2350 3409 2420 impedimenta,
3442 2354 3496 2407 in
3530 2354 3702 2422 ipsum

2127 2439 2406 2503 pervenire
2446 2439 2614 2507 potuit
2655 2440 3321 2514 virtutis‘fastigiumzut
3352 2446 3533 2503 discas
3578 2463 3701 2503 eum

2127 2527 2214 2594 qui
2246 2526 2427 2595 vigilat
2455 2538 2507 2581 et
2530 2530 2740 2583 sobrius
2764 2540 2867 2598 est,
2896 2541 2948 2585 ct
2975 2547 3085 2586 sua:
3119 2535 3302 2588 salutis
3330 2551 3513 2590 curam
3551 2539 3663 2607 agit
3685 2581 3698 2599 .

2128 2618 2260 2673 nihil
2287 2634 2407 2674 esse
2432 2620 2572 2690 quod
2598 2622 2898 2691 prohibeat.
2925 2623 3057 2679 Nam
3087 2626 3226 2680 sicut
3255 2627 3340 2681 ubi
3372 2630 3708 2699 negligentes

2126 2712 2445 2778 ceperimus
2469 2728 2605 2779 esse,
2638 2716 2798 2768 etiam
2826 2730 2856 2770 a
2896 2717 3055 2771 rebus
3080 2718 3311 2773 minimis
3334 2719 3664 2777 oﬂ’endimur
3691 2743 3704 2775 :

2130 2801 2201 2854 ita
2216 2801 2262 2854 si
2294 2802 2616 2857 voluerimus
2645 2806 2808 2859 sobrii
2837 2820 2955 2860 esse
2983 2848 2998 2871 ,
3031 2810 3276 2877 quamvis
3306 2810 3578 2866 innumeri
3600 2816 3710 2867 sint

2129 2896 2217 2964 qui
2242 2895 2308 2949 ad
2332 2895 2582 2949 malitiam
2611 2896 2844 2963 trahant,
2876 2900 3178 2968 neutiquam
3208 2909 3447 2956 nostrum
3468 2905 3710 2959 studium

2130 2996 2373 3055 poterunt
2401 2986 2748 3041 labefactare:
2769 2990 2909 3043 sicut
2932 3006 3104 3059 neque
3131 2992 3275 3045 illum
3293 2994 3533 3061 justum,
3569 3007 3707 3049 tam-

2129 3078 2229 3132 etsi
2260 3087 2337 3132 tot
2361 3089 2540 3133 essent
2567 3079 2618 3133 id
2642 3090 2890 3147 curantes
2915 3122 2929 3140 .
2963 3083 3262 3151 segniorem
3297 3086 3348 3139 in
3388 3089 3701 3142 exercenda

2128 3169 2320 3223 virtute
2342 3170 2516 3225 facere
2537 3180 2845 3239 potuerunt.
2864 3173 3092 3229 Proinde
3112 3176 3292 3231 nullus
3317 3178 3480 3233 alium
3499 3192 3711 3250 arguat,

2129 3270 2183 3315 et
2212 3261 2264 3315 in
2292 3261 2425 3315 alios
2444 3263 2652 3333 culpam
2676 3265 3012 3332 transcribat,
3034 3266 3129 3322 sed
3154 3270 3510 3338 sumignaviae
3537 3283 3711 3327 totum

2130 3351 2372 3420 itnputct.
2402 3352 2470 3407 Et
2499 3354 2621 3424 quid
2649 3355 2766 3409 dico
2811 3357 2863 3411 in
2910 3357 3089 3412 alios?
3116 3358 3298 3431 Neque
3322 3361 3601 3417 diabolum
3635 3366 3712 3433 ip-

2129 3459 2245 3498 sum
2274 3443 2391 3514 quis
2414 3453 2520 3498 tam
2542 3455 2811 3516 potentem
2836 3458 3002 3518 putet,
3030 3460 3085 3505 ut
3103 3451 3384 3519 prohibere
3398 3456 3711 3527 quempiam

2129 3535 2299 3604 possit
2325 3537 2607 3605 quominus
2636 3537 2687 3592 in
2721 3540 2857 3594 viam
2886 3556 3004 3611 quae
3023 3540 3089 3595 ad
3119 3541 3368 3597 virtutem
3394 3543 3566 3607 ducit.
3597 3559 3708 3600 eat.

2128 3627 2443 3695 Supplantat
2461 3629 2674 3698 quidem
2704 3640 2757 3684 ct
2772 3629 2973 3702 decipit
2992 3633 3325 3688 socordiores
3349 3676 3366 3695 .
3395 3651 3505 3691 non
3539 3639 3712 3708 impe-

2127 3719 2205 3772 dit
2223 3729 2422 3785 autem,
2447 3734 2548 3775 nec
2564 3721 2667 3774 vim
2698 3723 2854 3776 infert
2878 3741 2891 3772 :
2912 3723 2968 3777 id
2997 3724 3135 3793 quod
3165 3741 3346 3780 rerum
3373 3729 3710 3797 experientia

2126 3810 2309 3865 docet:
2335 3825 2525 3880 nempe
2551 3812 2595 3865 si
2620 3813 2877 3868 vellemus
2902 3815 3121 3884 vigilare
3148 3859 3163 3884 ,
3194 3827 3352 3872 tantm
3381 3823 3710 3875 constantia:

2127 3903 2397 3971 specimen
2426 3904 2834 3968 exhiberemus,
2867 3916 2924 3963 ut
2957 3924 3130 3979 neque
3155 3910 3202 3963 si
3229 3911 3380 3964 multi
3412 3924 3601 3967 essent
3644 3917 3707 3966 ad

2127 3997 2339 4051 malitia:
2367 3998 2507 4052 viam
2534 4015 2630 4053 nos
2656 4000 2999 4056 cohortantes
3023 4042 3038 4067 ,
3066 4018 3247 4056 eorum
3278 4003 3545 4059 ferremus
3572 4021 3707 4060 eoo-

2126 4089 2320 4154 silinm,
2353 4089 2447 4144 sed
2469 4091 2610 4144 omni
2633 4091 2918 4158 adamante
2944 4092 3227 4158 ﬁrmiores,
3248 4109 3405 4148 aures
3424 4095 3709 4150 obturare-

2126 4196 2241 4233 inus
2268 4190 2373 4235 tam
2406 4197 2565 4250 prava
2586 4182 3006 4237 consulentibus.
3036 4185 3103 4236 At
3144 4185 3187 4237 si
3218 4186 3550 4257 negligentes
3593 4188 3709 4241 fuc-

2126 4272 2311 4337 rimus,
2335 4273 2543 4326 etiamsi
2572 4273 2747 4327 nullus
2774 4273 2945 4343 sitqui
2968 4274 3208 4328 consulat
3239 4276 3323 4329 vel
3343 4278 3661 4345 supplantet
3691 4319 3709 4343 ,

2124 4373 2305 4419 nostra
2344 4376 2532 4435 sponte
2567 4366 2633 4419 ad
2678 4366 2934 4420 malitiam
2984 4369 3337 4437 prosiliemus.
3365 4370 3501 4424 Nam
3530 4372 3578 4425 si
3605 4372 3713 4428 hoc

2124 4470 2226 4507 non
2245 4464 2386 4509 esset
2399 4455 2556 4508 situm
2580 4456 2630 4509 in
2649 4460 2916 4512 voluntate
2934 4471 3133 4521 nostra,
3152 4460 3266 4513 etin
3288 4461 3448 4514 animi
3465 4472 3683 4529 potesta

2125 4554 2195 4609 te,
2208 4544 2341 4599 Deus
2358 4555 2600 4599 naturam
2626 4555 2866 4602 nostram
2888 4551 2969 4602 sui
2990 4549 3126 4617 juris
3151 4564 3253 4604 non
3272 4549 3511 4615 fecisset,
3535 4567 3710 4622 οροτο

2123 4636 2265 4691 lebat
2290 4651 2385 4691 eos
2410 4638 2499 4707 qui
2522 4648 2721 4694 natura:
2751 4652 2945 4697 nostrae
2967 4643 3266 4713 participes,
3299 4657 3351 4698 et
3382 4645 3575 4701 iisdem
3610 4648 3709 4701 ob.

2120 4729 2264 4783 noxii
2288 4741 2412 4785 sunt
2447 4731 2813 4789 adiectionibus
2839 4775 2856 4800 ,
2885 4736 2970 4790 vel
2993 4755 3181 4796 omnes
3212 4739 3380 4795 malos
3404 4756 3527 4795 esse
3557 4781 3577 4807 ,
3624 4748 3708 4799 vel

2118 4836 2305 4876 omnes
2332 4823 2525 4878 virtute
2553 4823 2820 4894 praeditos.
2860 4824 2991 4882 Cum
3016 4837 3193 4882 autem
3226 4829 3465 4885 videmus
3490 4847 3706 4905 conge-

2117 4929 2271 4969 neres
2295 4924 2505 4972 nostros
2525 4957 2543 4983 ,
2574 4926 2627 4971 et
2653 4917 2854 4972 eisdem
2882 4919 3247 4975 affectionibus
3272 4921 3556 4988 obnoxios,
3595 4943 3710 4981 non

2117 5005 2301 5061 eadem
2327 5022 2446 5077 qua:
2472 5022 2568 5063 nos
2598 5009 2703 5077 pati
2729 5026 2743 5062 :
2771 5008 2866 5063 sed
2891 5020 2945 5064 et
2972 5011 3140 5065 valida
3166 5012 3369 5067 ratione
3394 5015 3710 5084 gubernare

2116 5105 2357 5150 naturam
2388 5136 2405 5163 ,
2432 5108 2487 5152 et
2509 5098 2836 5153 inordinatos
2865 5107 3040 5155 motus
3071 5100 3308 5167 domare,
3338 5112 3394 5157 et
3421 5105 3709 5161 refrenare

2115 5189 2623 5258 concupiscentiam,
2651 5191 2912 5264 imperare
2939 5191 3103 5247 furori
3133 5200 3187 5248 et
3215 5193 3327 5258 irai,
3355 5192 3544 5264 fugare
3572 5199 3690 5253 invi

2113 5280 2253 5337 diam
2279 5323 2294 5347 ,
2338 5283 2613 5338 eliminare
2650 5284 2869 5339 livorem
2901 5326 2919 5353 ,
2962 5294 3303 5353 contemnere
3343 5289 3593 5343 rabidam
3652 5292 3707 5346 in

2113 5374 2491 5444 conquirendis
2524 5376 2768 5446 pecuniis
2800 5376 3137 5447 cupiditatem
3168 5418 3185 5444 ,
3216 5380 3479 5436 minorem
3505 5384 3701 5452 εισι-επ

2112 5479 2295 5520 curam
2324 5465 2541 5533 habere,
2570 5466 2747 5524 ridere
2772 5482 2984 5525 omnem
3010 5469 3288 5540 praesentis
3316 5472 3436 5527 vita:
3465 5472 3675 5529 (elicita

2172 5618 2191 5648 ί
2229 5617 2336 5675 Ain,
2364 5631 2563 5670 summa
2583 5620 2785 5673 tvrtntfs.
