3804 6242
135 171 253 232 ἓὓὸ

145 304 272 344 κον
301 294 432 346 κατ’
451 295 654 348 εἰκόνα
691 294 1010 364 ἡμετέραν,
1035 295 1131 350 καί
1163 296 1293 350 καθ’
1332 297 1636 365 ὁμοίωσιν,
1677 294 1820 349 τοῦτ’

1300 177 1370 239 ΙΝ
1405 178 1558 240 CAP.
1610 179 1673 237 Vl
1711 181 1961 240 GENES.
2002 179 2234 236 HOMIL.
2277 176 2463 234 XXIII.

3479 177 3587 231 Ξίοἐ

1929 296 2022 350 καί
2046 296 2137 348 ἐπὶ
2171 296 2271 367 τὴν
2300 291 2573 364 βασιλείαν
2597 288 2684 343 διὰ
2707 289 2862 343 τοῦτο
2899 287 3146 343 σπεύδειν
3177 288 3321 360 ἡμᾶς
3349 289 3475 361 χρὴ,
3495 289 3585 342 διά

145 379 320 442 ἐστιν,
350 381 438 434 ἵνα
469 382 653 453 ἄρχων
746 382 968 435 καὶτῶν
988 382 1281 453 ὁρωμένων
1308 385 1563 437 ἁπάντων
1593 383 1688 436 καὶ
1715 385 1824 436 τῶν
1921 385 2012 437 τὸν
2039 383 2166 454 περὶ
2199 383 2358 436 αὐτὸν
2394 381 2576 444 πόθον,
2600 379 2686 432 ἵνα
2712 380 2811 450 τῆς
2840 378 3047 431 ἐκείνου
3091 379 3262 449 ῥοπῆς
3298 377 3581 431 ἀπολαύω-

135 469 197 520 ἐν
225 469 382 538 αὑτῷ
415 471 754 542 τικτομένων
783 471 973 524 παθῶν
993 487 1007 502 ·
1036 472 1121 524 ἵνα
1151 471 1313 544 ἄρχῃ.
1342 473 1434 524 καὶ
1469 470 1544 542 μὴ
1565 460 1844 540 ἄρχηται..

148 555 284 609 Ἐάν
325 557 515 626 μέντοι
574 558 805 630 προδοὺς
862 558 961 628 τὴν
1013 557 1186 628 ἀρχὴν
1238 557 1475 628 ἄρχηται
1533 556 1819 627 μᾶλλον,ἢ

134 641 308 715 ἄρχῃ.
340 643 607 697 ἀπόλλυσι
658 645 751 698 καὶ
799 644 860 696 τὸ
901 637 1039 696 εἶναι
1068 643 1374 714 ἄνθρωπος,
1399 644 1492 696 καὶ
1541 643 1676 713 πρὸς
1721 642 1820 713 τὴν

140 729 259 782 τῶν
305 730 522 800 ἀλόγων
554 732 922 803 προσηγορίαν
972 731 1162 784 ἐαυτὸν
1211 731 1552 802 μετατίθησι.
1595 730 1692 783 Διά
1735 748 1817 783 τοι

132 815 303 869 τοῦτο
326 818 423 870 καὶ
445 818 540 871 νῦν
562 819 660 890 τὴν
689 819 892 889 ἀρετὴν
911 819 1004 871 τοῦ
1032 818 1240 872 δικαίου
1263 813 1454 871 τούτου
1478 817 1816 889 ἀνακηρῦξαι

139 902 450 975 βουλομένη
491 907 524 974 ἡ
559 905 674 958 θεία
710 906 750 957 Γ
755 907 900 976 ραφή
951 921 1145 976 φησιν,
1208 901 1394 960 Αὗται
1439 909 1498 959 αὶ
1550 903 1817 976 γενέσεις

136 991 274 1044 Νῶε
291 1004 308 1022 '
338 990 470 1046 Νῶε
522 993 832 1060 ἄνθρωπος
855 993 1106 1059 δίκαιος.
1157 994 1288 1046 Ἰδοὺ
1311 994 1406 1047 καὶ
1431 994 1617 1063 ἕτερον
1643 995 1817 1060 ἐγκω-

134 1080 269 1148 μίου
302 1078 565 1149 μέγιστον
603 1077 764 1143 εἶδος,
813 1080 1082 1146 Δίκαιος-δ
1131 1080 1219 1134 διὰ
1264 1079 1468 1149 ταύτης
1504 1081 1604 1144 τῆς
1644 1097 1815 1150 προσ-

134 1166 375 1236 ηγορίας
406 1165 506 1237 τὴν
531 1167 758 1221 καθόλου
783 1167 984 1238 ἀρετὴν
1004 1167 1206 1236 ταύτην
1225 1169 1496 1238 ἐμφαίνει.
1519 1165 1592 1220 Τὸ
1611 1168 1718 1238 γὰρ
1735 1167 1816 1220 δί-

132 1271 310 1319 καιος
345 1253 519 1325 ὄνομα
552 1254 670 1317 ἔθος
703 1257 834 1325 ημῖν
866 1255 958 1306 ἐπὶ
999 1253 1110 1307 τῶν
1154 1256 1331 1308 πᾶσαν
1370 1255 1570 1326 ἀρετὴν
1601 1255 1812 1324 μετιόν-

130 1353 246 1394 των
275 1341 478 1409 λέγειν.
509 1339 643 1395 Εἶτα
690 1342 778 1394 ἵνα
828 1341 1008 1412 μάθῃς
1039 1342 1187 1413 ὅπως
1219 1341 1352 1413 πρὸς
1390 1340 1522 1393 αὐτὸ
1550 1341 1610 1392 τὸ
1645 1339 1812 1410 ἀκρον

129 1430 233 1497 τῆς
263 1429 470 1497 ἀρετῆς
495 1427 748 1496 ἔφθασεν,
780 1429 918 1500 ὅπερ
951 1429 1043 1482 καὶ
1077 1429 1200 1481 τότε
1231 1431 1494 1500 ἀπῃτεῖτο
1538 1429 1690 1498 παρά
1716 1429 1810 1498 τῆς

132 1515 359 1582 φύτεως
387 1516 488 1586 τῆς
545 1515 840 1586 ἡμετέρας,
869 1515 1033 1586 φησὶ,
1061 1517 1298 1582 Δίκαιος
1318 1558 1333 1580 ,
1362 1515 1590 1581 τέλειος
1627 1515 1712 1569 ὢν
1743 1517 1814 1568 ἐν

131 1601 208 1671 τῆ
238 1600 419 1672 γενεᾷ
447 1603 654 1656 αὑτοῦ.
703 1603 886 1656 Πάντα
918 1601 1236 1674 πληρώσας,
1266 1604 1448 1674 φησὶν,
1479 1603 1618 1676 άπερ
1646 1606 1811 1675 ἐχρῆν

127 1689 425 1762 ἄνθρωπον
464 1690 834 1756 ἐπιδείξασθαι
879 1689 1029 1762 [2-15]
1065 1690 1266 1762 ἀρετὴν
1313 1688 1565 1759 ἑλόμενον
1617 1691 1812 1760 (τοῦτο

127 1777 242 1847 γάρ
264 1780 406 1839 ἐστι,
431 1778 871 1843 Τέλειος),οὐδέν
891 1777 1230 1842 ἐλλελοιπὼς,
1256 1779 1312 1831 ἐν
1338 1778 1512 1830 οὐδενὶ
1538 1777 1806 1847 χωλεύων.

125 1864 208 1917 Οὐ
241 1864 307 1917 τὸ
363 1865 462 1936 μὲν
501 1864 871 1936 κατορθώσας,
902 1867 960 1919 ἐν
1003 1864 1080 1936 τῷ
1131 1864 1186 1918 δέ
1219 1864 1561 1936 διαμαρτὼν,
1603 1863 1718 1916 ἀλλ’
1752 1865 1810 1917 ἐν

125 1951 282 2022 πάσῃ
338 1953 508 2024 ἀρετῇ
547 1951 750 2014 τέλειος
794 1948 897 2024 ἦν’
930 1953 1088 2006 Ιτοῦτο
1131 1953 1240 2024 γὰρ
1287 1953 1452 2024 ἐχρῆν
1491 1951 1653 2006 αὐτὸν
1687 1954 1817 2005 ἐπι-

122 2039 430 2102 δείξασθαι.
454 2035 604 2101 Εἶτα,
628 2041 711 2092 ἵνα
736 2046 802 2093 ἐκ
822 2039 914 2094 τοῦ
935 2041 1127 2112 χρόνου
1151 2042 1244 2095 καὶ¹
1266 2043 1330 2094 ἐκ
1355 2039 1455 2110 τῆς
1475 2039 1811 2111 συγκρίσεως

123 2127 598 2197 περιφανέστερον
652 2129 784 2197 ἡμῖν
813 2127 903 2180 τὸν
946 2128 1156 2181 δίκαιον
1201 2127 1604 2198 ἀπεργάσηται,
1639 2127 1807 2199 φησί·

129 2217 376 2282 Τέλειος
399 2213 484 2267 ὢν
519 2213 678 2283 ὲντῆ
717 2214 893 2286 γενεᾷ
929 2216 1148 2270 αὐτοῦ’
1181 2216 1240 2268 ἐν
1283 2215 1360 2286 τῷ
1394 2215 1568 2287 καιρῷ
1594 2216 1806 2286 ἐκείνῳ,

122 2305 184 2355 ἐν
218 2303 290 2374 τῇ
323 2303 489 2372 γενεᾷ
521 2301 685 2356 αὑτοῦ
718 2305 785 2374 τῇ
814 2302 1244 2375 διεστραμμένη,
1280 2306 1346 2375 τῇ
1377 2303 1516 2375 πρὸς
1542 2303 1810 2374 τοσαύτην

123 2391 338 2444 κακίαν
364 2390 726 2463 ἀποκλινάσῃ,
752 2393 818 2461 τῇ
848 2390 983 2460 μηδὲ
1014 2391 1156 2460 ἴχνος
1183 2391 1279 2461 τῆς
1301 2386 1504 2462 ἀρετῆς
1541 2391 1812 2456 ἐπιδείξα·

124 2478 254 2531 σθαι
290 2477 636 2550 βουληθείσῃ.
673 2479 758 2530 Ἐν
779 2477 960 2550 ἐκείνῃ
983 2478 1159 2531 τοίνυν
1189 2480 1253 2550 τῇ
1277 2479 1460 2551 γενεᾷ,
1491 2480 1548 2532 ἐν
1580 2479 1809 2542 ἐκείνοις

124 2567 241 2628 τοῖς
268 2565 490 2635 χρόνοις
521 2560 676 2628 οὗτος
693 2567 722 2618 ὁ
743 2564 950 2629 δίκαιος
973 2565 1034 2618 οὐ
1065 2567 1223 2637 μόνον
1252 2565 1452 2637 ἀρετὴν
1475 2565 1806 2631 ἐπεδείξατο,

125 2652 269 2706 ἀλλά
323 2653 422 2705 καὶ
447 2653 528 2715 είς
568 2652 665 2724 τὴν
699 2652 875 2724 ἄκραν
916 2653 1158 2724 κορυφὴν
1191 2653 1300 2707 τῶν
1357 2653 1568 2723 ἀρετῶν
1605 2653 1808 2723 ἔφθασε

125 2739 340 2804 τέλειος
370 2739 630 2808 γεγονὼς,
671 2741 766 2793 καὶ
818 2743 877 2794 ἐν
915 2741 1117 2795 ἅπασιν
1163 2741 1586 2811 ἀπηρτισμένος.
1631 2742 1808 2814 Ὅπερ

123 2828 239 2899 γάρ
261 2826 437 2899 ἔφθην
466 2828 662 2891 εἰπὼν,
693 2829 915 2900 μείζονα
953 2829 1225 2882 δείκνυσιν
1247 2830 1334 2882 ἀεὶ
1359 2829 1460 2899 τῆς
1493 2829 1696 2899 ἀρετῆς
1717 2829 1808 2884 τὸν

123 2918 298 2986 δγκον
318 2916 383 2970 τὸ
405 2915 611 2987 μεταξὺ
637 2918 746 2970 τῶν
778 2917 1159 2988 πολεμούντων
1191 2917 1360 2988 αὐτὴν
1391 2918 1806 2989 κατορθοῦσθαι,

125 3005 227 3058 καὶ
257 3006 318 3058 ἐν
372 3004 525 3076 μέσῳ
561 3005 672 3058 τῶν
719 3005 1036 3059 κωλυόντων
1065 3006 1163 3076 τὴν
1199 3007 1369 3075 αὐτὴν
1407 3006 1808 3062 ἐπιδείκνυσθαι

124 3091 445 3164 ἀκρίϐειαν.
472 3092 565 3145 Διὸ
596 3092 662 3164 δὴ
687 3094 779 3146 καὶ
805 3093 834 3145 ό
866 3090 1072 3156 δίκαιος
1092 3084 1246 3156 οὗτος
1276 3093 1536 3147 πλειόνων
1563 3094 1810 3160 ἀξιοῦται

123 3179 239 3232 τῶν
264 3177 529 3232 ἐπαίνων.
550 3179 662 3232 Καὶ
692 3179 813 3232 οὐδὲ
849 3179 1012 3250 μέχρι
1040 3181 1226 3234 τούτου
1251 3181 1465 3234 ἵσταται
1497 3182 1809 3254 ἀνακηρύτ-

123 3282 299 3321 τουσα
343 3266 561 3337 αύτδνή
602 3266 721 3320 θεία
770 3267 981 3338 ι’ραφὴ,
1017 3267 1151 3322 ἀλλὰ
1181 3267 1501 3322 δεικνύουσα
1545 3271 1680 3341 ἡμῖν
1710 3271 1810 3341 τῆς

123 3355 339 3425 ἀρετῆς
394 3352 563 3406 αὐτοῦ
597 3355 698 3424 τὴν
729 3352 1052 3424 ὑπερϐολὴν,
1093 3353 1188 3406 καὶ
1218 3355 1300 3408 ὅτι
1347 3355 1444 3426 τὴν
1471 3355 1649 3426 ψῆφον
1679 3357 1812 3411 ἀνω-

124 3441 221 3494 θεν
244 3439 492 3506 ἐδέξατο,
523 3439 773 3504 εἰποῦσα,
810 3440 1039 3506 Τέλειος
1083 3440 1170 3494 ὢν
1193 3443 1263 3494 ἐν
1289 3440 1363 3510 τῇ
1395 3442 1568 3513 γενεᾷ
1598 3445 1805 3514 αὑτοῦ,

122 3528 296 3598 φησί’
334 3525 420 3592 Τῷ
453 3527 576 3594 Θεῷ
605 3528 978 3597 εὺηρέστησε
1006 3529 1153 3583 Νῶε.
1181 3530 1430 3602 Τοσαύτη
1452 3525 1521 3602 ἦν
1550 3532 1650 3602 τῆς
1676 3535 1807 3604 ἀρε-

120 3617 228 3686 τῆς
255 3614 426 3668 αὑτοῦ
458 3616 491 3686 ή
538 3616 847 3687 περιουσία,
878 3617 954 3680 ὡς
992 3617 1082 3670 τὸν
1119 3619 1269 3690 παρά
1305 3619 1398 3672 τοῦ
1426 3619 1560 3674 Θεοῦ
1588 3620 1808 3675 ἔπαινον

121 3703 562 3758 ἐπισπάσασθαι.
599 3702 681 3769 Τῷ
712 3703 832 3770 Θεῷ
863 3705 991 3777 γὰρ,
1025 3709 1208 3778 φησὶν,
1237 3706 1608 3776 εὑηρέστησε
1633 3709 1762 3762 Νῶε
1789 3726 1804 3740 ο

123 3793 212 3846 ἵνα
232 3791 368 3862 είπῃ
398 3791 480 3843 δτι
515 3791 812 3855 ἀπόδεκτος
841 3793 994 3864 παρά
1018 3794 1094 3864 τῷ
1124 3793 1240 3865 Θεῷ
1279 3794 1519 3863 γέγονεν,
1539 3797 1702 3868 ήρεσε
1730 3797 1806 3868 τῷ

120 3880 421 3950 ἀκοιμήτῳ
469 3879 662 3951 ἐκείνῳ
701 3879 964 3952 ὀφθαλμῷ
994 3881 1083 3934 διὰ
1122 3881 1230 3934 τῶν
1259 3882 1407 3954 αὐτῷ
1453 3885 1805 3956 κατορθωμέ-

121 3984 254 4030 νων,
285 3967 387 4020 καὶ
412 3967 620 4020 ἐκείνου
662 3967 760 4038 τὴν
791 3966 1002 4022 εὔνοιαν
1039 3967 1374 4037 ἐφελκύσατο
1406 3972 1438 4036 ή
1478 3970 1587 4024 τῶν
1615 3969 1806 4041 βεϐιω-

125 4057 312 4129 μένων
344 4056 566 4126 πράξις,
592 4057 687 4110 καὶ
720 4058 782 4110 οὐ
820 4057 978 4130 μόνον
1013 4059 1115 4128 τῆς
1159 4058 1460 4131 μελλούσης
1493 4061 1634 4114 κατά
1671 4061 1806 4115 πάν-

120 4161 232 4198 των
263 4144 604 4215 ἐκφέρεσθαι
655 4146 1082 4216 ἀγανακτήσεως
1114 4146 1513 4219 ἠλευθέρωσεν,
1547 4147 1683 4202 ἀλλά
1711 4150 1805 4202 καὶ

121 4235 334 4306 ἐτέρων
363 4233 676 4306 προστάτην
729 4233 889 4288 αὐτὸν
939 4237 1334 4308 ἀπειργάσατο.
1374 4233 1458 4302 Τῷ
1502 4235 1644 4302 Θεῷ,
1673 4237 1802 4309 γάρ,

122 4321 710 4394 φησιν,εὺηρέστησε
732 4321 878 4376 Νῶε.
896 4321 993 4386 Τίς
1013 4322 1079 4376 ἀν
1109 4321 1299 4377 τούτου
1345 4324 1804 4397 μακαριστότερος

122 4409 328 4477 γένοιτ’
364 4400 466 4472 ἃν,
495 4405 590 4461 τοῦ
633 4408 952 4480 δυνηθέντος
995 4411 1264 4481 τοσαύτην
1302 4411 1669 4476 ἐπιδείξασθαι
1703 4413 1804 4484 τὴν

121 4498 336 4570 ἀρετὴν
356 4537 372 4561 ,
409 4495 486 4560 ώς
523 4497 616 4550 τὸν
649 4500 904 4552 ἁπάντων
946 4499 1221 4571 Δεσπότην
1269 4500 1560 4570 ἐπαινέτην
1604 4501 1752 4572 ἐχειν
1787 4519 1802 4567 ;

196 4584 326 4639 Τῶν
355 4585 456 4655 μέν
490 4581 585 4638 οὖν
614 4585 764 4656 αὐτῷ
795 4588 1200 4657 πεπραγμένων
1227 4586 1384 4641 τοῦτο
1409 4589 1608 4652 παντὸς
1640 4589 1803 4642 πλού-

124 4690 248 4739 του,
280 4673 466 4742 πάσης
496 4672 684 4743 δόξης,
717 4675 808 4728 καὶ
836 4676 1173 4739 δυναστείας,
1203 4676 1297 4729 καὶ
1334 4677 1434 4746 τῆς
1464 4676 1632 4748 ἄλλης
1663 4679 1805 4732 ἀπά-

127 4776 232 4832 σης
257 4759 612 4832 ἀνθρωπίνης
639 4762 940 4834 εὐημερίας
966 4762 1043 4834 τῷ
1065 4763 1188 4817 νοῦν
1206 4764 1381 4835 ἔχοντι
1413 4765 1804 4839 προτιμότερον

121 4847 195 4902 ἂν
224 4848 347 4917 εἴη’
387 4847 545 4901 τοῦτο
579 4848 654 4919 τῷ
695 4850 925 4919 γνησίαν
964 4852 1091 4920 περὶ
1131 4851 1222 4905 τὸν
1262 4851 1396 4905 Θεὸν
1427 4853 1648 4924 ἀγάπην
1681 4854 1804 4907 ἐπι-

121 4936 472 5008 δεικνυμένῳ
499 4937 777 5007 βασιλείας
815 4938 881 4991 ἂν
908 4939 992 5009 είη
1028 4939 1417 5010 ποθεινότερον.
1446 4940 1510 4994 'H
1539 4942 1648 5013 γάρ
1667 4942 1802 5012 ἀλη-

124 5023 228 5091 θὴς
276 5021 525 5092 βασιλεία
585 5025 733 5078 ἐστὶν
779 5023 941 5096 αῦτη,
977 5026 1036 5079 τὸ
1069 5025 1361 5098 δυνηθῆναι
1393 5029 1540 5098 ἡμᾶς
1589 5029 1675 5083 διὰ
1702 5033 1803 5102 τῆς

123 5113 360 5183 ἀρίστης
393 5112 670 5175 πολιτείας
695 5113 896 5184 εὐμενῆ
922 5115 1014 5166 καὶ
1060 5115 1186 5168 ἵλεω
1222 5116 1559 5187 καταστῆσαι
1591 5119 1803 5183 ἑαυτοῖς

123 5199 220 5252 τὸν
266 5201 570 5272 Δεσπότην.
609 5202 743 5256 Οὐδὲ
780 5202 890 5272 γὰρ
935 5203 1159 5272 γέενναν
1185 5205 1272 5258 διά
1309 5205 1469 5259 τοῦτο
1521 5207 1802 5275 φοϐεῖσθαι

121 5287 419 5358 ὀφείλομεν
451 5287 546 5342 καί⁸
572 5288 888 5353 δεδοικέναι,
916 5290 1004 5345 διὰ
1031 5291 1092 5344 τὺ
1118 5291 1231 5362 πῦρ
1255 5295 1434 5346 ἐκεῖνο
1451 5293 1513 5346 τὸ
1541 5293 1804 5348 ἄσϐεστον

122 5378 220 5433 καὶ
247 5377 351 5442 τὰς
380 5377 617 5450 φοϐερὰς
642 5380 935 5450 τιμωρίας,
965 5382 1061 5436 καὶ
1099 5382 1198 5444 τάς
1222 5383 1487 5454 διηνεκεῖς
1531 5383 1799 5449 κολάσεις,

123 5465 266 5521 ἀλλά
309 5466 403 5519 διὰ
433 5466 496 5519 τὸ
528 5467 900 5539 προσκροῦσαι
927 5481 953 5509 ι
982 5469 1060 5540 τῷ
1095 5470 1268 5533 οὑτως
1313 5470 1502 5542 ἀγαθῷ
1533 5471 1799 5544 Δεσπότῃ,

125 5553 221 5608 καὶ
246 5557 348 5625 τῆς
378 5553 587 5606 ἐκείνου
621 5554 832 5618 εὐνοίας
861 5556 1017 5620 ἐκτὸς
1047 5558 1192 5627 ἡμᾶς
1221 5561 1414 5628 στῆναι
1450 5575 1463 5588 °
1493 5557 1680 5628 ώσπερ
1707 5555 1801 5612 οὖν

183 5677 202 5700 ⁸
226 5679 328 5748 Δ]ἰὶ
371 5679 450 5748 διὰ
497 5678 560 5748 τὸ·
597 5679 659 5739 μή
703 5678 1220 5748 προσκροῦσαιηίοῐιθ
1259 5682 1459 5748 mejius,
1495 5683 1582 5732 sed
1615 5682 1787 5748 Savil.,

125 5737 325 5802 Morel,
355 5745 409 5788 el
432 5737 642 5788 maxima
669 5737 778 5802 pal‘s
801 5737 915 5789 msis.
942 5742 1017 5788 διὰ
1043 5743 1099 5790 τὸ
1119 5737 1460 5806 προσκροῦσαιξ

471 5819 740 5881 ΡΔτιιοι..
790 5821 906 5881 Gn.
955 5822 1112 5887 LIII.

1925 485 2043 538 μεν.
2077 469 2290 538 Ὥσπερ
2334 468 2442 537 γὰρ
2492 464 2763 537 βασιλείας
2813 463 3183 537 ποθεινότερον
3224 464 3284 518 τὸ
3328 465 3586 523 εὐνοϊκῶς

1921 570 1988 608 πε
1998 557 2048 625 pl
2073 557 2220 626 ἡμᾶς
2244 555 2546 608 διακεῖσθαι
2577 552 2670 608 τὸν
2699 553 3079 624 φιλάνθρωπον
3106 553 3264 624 ἡμῶν
3285 553 3580 623 Δεσπότην,

1918 639 2064 696 οὑτω
2088 642 2314 712 γεέννης
2358 642 2734 714 χαλεπώτερον
2785 641 2846 696 τὸ
2876 643 2976 712 τῆς
3007 639 3215 694 ἐκεῖθεν
3243 640 3451 704 εὐνοίας
3493 642 3582 694 ἑκ-

1920 747 2124 784 πεσειν.

1988 818 2170 872 mm
2201 817 2375 887 πόσης
2402 817 2537 887 ἡμῖν
2561 814 2826 883 ώφελείας
2849 815 3067 884 γέγονεν
3095 814 3346 878 ὑπόθεσις
3363 817 3395 886 ἡ
3411 832 3578 886 προσ-

1918 906 2114 978 ηγορία
2146 905 2280 976 μόνη
2309 903 2402 956 τοῦ
2431 903 2640 956 δικαίου
2660 944 2674 964 ,
2708 902 2800 956 καὶ
2827 903 2950 955 ὅσον
2982 901 3113 973 ἡμῖν
3154 901 3425 974 θησαυρὸν
3456 920 3580 972 νοη-

1920 991 2104 1063 μάτων
2126 991 2312 1046 έτεκεν
2335 993 2370 1062 ἡ
2403 989 2715 1058 γενεαλογία
2747 989 2840 1041 τοῦ
2869 988 3018 1059 [214]
3058 990 3358 1059 θαυμασίου
3391 990 3577 1042 τούτου

1915 1080 2104 1151 ἀνδρός
2129 1095 2142 1144 ;
2175 1077 2484 1149 Μιμώμεθα
2509 1077 2689 1129 τοίνυν
2715 1076 2813 1147 τῆς
2845 1075 2992 1139 θείας
3027 1077 3246 1147 Γραφῆς
3267 1078 3390 1139 τοὺς
3424 1078 3580 1129 κανό-

1914 1185 2030 1231 νας,
2055 1167 2148 1220 καὶ
2171 1167 2264 1220 ἐὰν
2295 1164 2611 1237 βουλώμεθά
2653 1180 2814 1217 τινων
2854 1164 3202 1233 γενεαλογίας
3243 1163 3575 1232 ἐξηγεῖσθαι,

1917 1256 1993 1328 μὴ
2021 1257 2282 1328 πατέρας,
2313 1255 2407 1308 καὶ
2456 1254 2734 1318 πάππους,
2765 1253 2860 1306 καὶ
2903 1253 3252 1316 ἐπιπάππους
3287 1251 3365 1314 εἰς
3414 1252 3578 1322 μέσον

1916 1347 2191 1416 φέρωμεν,
2222 1344 2356 1399 ἀλλά
2403 1344 2497 1397 τοῦ
2529 1342 3022 1413 γενεαλογουμένου
3060 1342 3159 1414 ¹τὴν
3190 1342 3388 1415 ἀρετὴν
3415 1344 3579 1395 ἐκκα-

1911 1433 2222 1501 λύπτωμεν.
2259 1425 2425 1495 υῦτος
2471 1432 2579 1504 γάρ
2625 1431 2842 1502 ἀριστος
2881 1431 3229 1499 γενεαλογίας
3261 1431 3478 1502 τρόπος.
3512 1430 3577 1480 Τί

1911 1519 2020 1592 γάρ
2041 1519 2234 1589 ὄφελος
2285 1521 2348 1573 ἐκ
2390 1519 2640 1591 πατέρων
2671 1513 2806 1570 εἶναι
2847 1517 3114 1588 λαμπρῶν
3156 1519 3250 1570 καὶ
3286 1517 3575 1587 ἐναρέτων,

1911 1607 2070 1660 αὐτὸν
2091 1607 2146 1661 δέ
2173 1606 2377 1678 ἔρημον
2395 1601 2534 1660 εἶναι
2561 1609 2660 1677 τῆς
2689 1605 2916 1675 ἀρίστης
2946 1605 3213 1667 πολιτείας
3236 1622 3248 1669 ;
3273 1604 3305 1674 ἢ
3341 1603 3494 1656 πάλι-,ι
3529 1603 3578 1656 τί

1913 1693 2108 1764 βλάϐος
2133 1689 2198 1746 ἂν
2220 1693 2428 1758 γένοιτο
2447 1694 2509 1745 ἐκ
2533 1690 2783 1762 πατέρων
2811 1689 2951 1745 εἶναι
2976 1691 3069 1743 καὶ
3099 1690 3376 1761 προγόνων
3395 1690 3579 1756 6037:-

1912 1781 2038 1843 νῶν,
2073 1781 2164 1834 καὶ
2209 1780 2464 1849 ἀφανῶν,
2502 1780 2661 1834 αὐτὸν
2714 1779 2770 1832 δὲ
2819 1779 2986 1850 πολλῇ
3034 1779 3212 1849 κομᾷν
3251 1779 3317 1848 τῇ
3365 1777 3574 1848 ἀρετῇς

1923 1867 2074 1920 Ἐπεὶ
2103 1866 2196 1920 καὶ
2230 1867 2256 1918 ό
2278 1866 2484 1930 δίκαιος
2507 1859 2661 1931 οὗτος
2689 1865 2928 1930 τοιοῦτος
2951 1864 3205 1936 γεγονὼς,
3245 1866 3336 1918 καὶ
3363 1864 3459 1935 τὴν
3482 1861 3574 1916 τοῦ

1909 1953 2043 2008 θεοῦ
2073 1954 2287 2007 εὔνοιαν
2336 1954 2802 2025 ἐπισπασάμενος,
2827 1954 2926 2006 οὐκ
2958 1953 3066 2007 ἀπὸ
3098 1949 3353 2006 τοιούτων
3383 1949 3573 2019 γέγονε

1911 2042 2220 2114 προγόνων³
2251 2042 2370 2095 οὐδὲ
2400 2041 2509 2113 γάρ
2552 2039 2628 2106 ὡς
2655 2042 2924 2114 ἐναρέτων
2965 2040 3142 2094 αὐτῶν
3172 2037 3574 2111 ἐμνημόνευσεν

1909 2132 1944 2202 ἡ
1973 2130 2091 2182 θεία
2126 2131 2316 2200 Γραφή
2339 2146 2352 2160 ·
2383 2127 2478 2182 καὶ
2512 2131 2662 2200 ὅμως
2692 2130 2877 2199 ἴσχυσε
2904 2128 3171 2182 τοσούτων
3194 2128 3362 2180 όντων
3395 2125 3572 2178 κωλυο
3661 2155 3663 2158 ‹

1914 2218 2119 2288 μάτων,
2143 2217 2238 2271 καὶ
2265 2217 2368 2270 ὑπὸ
2407 2215 2678 2269 τοσούτων
2713 2213 3158 2287 ἐμποδιζόμενος,
3183 2216 3262 2277 είς
3289 2213 3458 2283 αὐτὴν
3477 2212 3574 2282 τὴν

1909 2305 2082 2377 ἄκραν
2109 2303 2352 2358 ἀνελθεῖν
2379 2304 2481 2374 τῆς
2512 2303 2714 2374 ἀρετῆς
2746 2303 2774 2342 1³
2797 2319 2810 2334 ο
2839 2303 2927 2356 ἵνα
2961 2302 3138 2374 μάθῃς
3162 2301 3244 2354 δτι
3268 2297 3357 2352 τον
3387 2297 3573 2369 βουλό.

1913 2408 2070 2462 μενον
2096 2393 2306 2463 νήφειν,
2332 2393 2427 2445 καὶ
2453 2390 2812 2463 ἐγρηγορέναι
2835 2432 2849 2455 ,
2871 2391 2966 2444 καὶ
3007 2389 3207 2460 πολλὴν
3239 2389 3337 2457 τῆς
3369 2389 3576 2451 οἰκείας

1912 2477 2185 2552 σωτηρίας
2216 2479 2486 2548 ποιεῖσθαι
2512 2478 2607 2550 τὴν
2645 2479 2924 2550 πρόνοιαν,
2950 2477 3103 2531 οὐδέν
3134 2478 3247 2529 ἐστι
3288 2479 3348 2529 τὺ
3377 2475 3575 2528 διακω-

1910 2564 2054 2620 λύον.
2093 2568 2305 2638 Ὥσπερ
2336 2565 2445 2637 γάρ
2488 2567 2566 2629 είς
2602 2565 2872 2637 ρᾳθυμίαν
2915 2560 3307 2627 ἅποκλίναντες
3343 2562 3436 2617 καὶ
3474 2562 3575 2617 ὑπὸ

1908 2653 2017 2707 τῶν
2044 2655 2314 2725 τυχόντων
2351 2653 2726 2724 βλαπτόμεθα,
2752 2651 2924 2716 οὕτως
2963 2652 3057 2704 ἐὰν
3089 2650 3442 2722 βουληθῶμεν
3485 2652 3577 2722 νή-

1909 2758 2049 2810 φειν,
2081 2742 2184 2795 κᾶν
2213 2741 2394 2812 μυρίοι
2417 2734 2550 2793 ῶσιν
2581 2741 2630 2792 οί
2671 2739 2808 2810 πρὸς
2838 2739 2936 2810 τὴν
2965 2738 3162 2792 κακίαν
3193 2738 3464 2802 ἕλκοντες,
3486 2739 3576 2790 οὐ·

1907 2825 1996 2882 δὲν
2025 2828 2183 2900 ἡμῶν
2235 2832 2301 2900 τῇ
2335 2827 2536 2899 σπουδῇ
2570 2827 2913 2898 λυμήνασθαι
2961 2823 3298 2899 δυνήσονται,
3325 2826 3574 2896 καθάπερ

1907 2916 2028 2969 οὐδὲ
2060 2916 2150 2970 τὸν
2177 2912 2387 2970 δίκαιον
2412 2915 2600 2968 τοῦτον
2625 2913 2848 2984 ἴσχυσαν
2881 2913 3122 2968 τοσοῦτοι
3154 2915 3306 2977 ὄντες
3342 2913 3574 2984 ὀκνηρό-

1907 3020 2064 3075 τερον
2086 3004 2214 3076 περὶ
2239 3005 2337 3074 τὴν
2358 3003 2559 3076 ἀρετὴν
2581 3001 2938 3075 ἐργάσασθαι.
2957 3000 3164 3074 Μηδεὶς
3182 2999 3362 3056 τοίνυν
3388 3001 3575 3072 ἕτερόν

1906 3107 2028 3144 τινα
2057 3091 2341 3156 αἰτιάσθω,
2373 3092 2468 3145 καὶ
2499 3091 2583 3161 ἐφ’
2615 3091 2837 3164 ἐτέρους
2861 3091 2962 3160 τὴν
2986 3091 3164 3144 αἰτίαν
3192 3089 3572 3160 μεταγαγέτω,

1908 3177 2046 3232 ἀλλά
2072 3181 2136 3250 τῇ
2157 3179 2333 3250 οἰκείᾳ
2363 3179 2606 3250 ῥᾳθυμία
2625 3179 2817 3247 τδιπᾶν
2841 3179 3214 3249 ἐπιγραφέτω.
3243 3177 3345 3231 Καὶ
3366 3179 3417 3231 τί
3433 3177 3574 3246 λέγω

1907 3268 1993 3336 ἐφ’
2022 3265 2273 3338 ἐτέρους;
2301 3265 2451 3336 Μηδέ
2478 3267 2638 3320 αὐτὸν
2663 3267 2753 3319 τὸν
2788 3267 3029 3321 διάϐολον
3054 3265 3322 3336 νομιζέτω
3347 3283 3428 3330 τις
3455 3267 3576 3319 ίκα-

1909 3351 1999 3407 νὸν
2034 3349 2172 3407 εἶναι
2201 3353 2441 3406 κωλῦσαι
2492 3354 2592 3424 τὴν
2630 3353 2722 3407 ἐπὶ
2765 3353 2863 3423 τὴν
2914 3353 3112 3424 ἀρετὴν
3156 3352 3430 3425 φέρουσαν
3457 3352 3574 3406 όδὺν

1906 3440 2198 3495 δύνασθαι·
2237 3440 2354 3494 ἀλλ’
2379 3440 2565 3513 ἀπατᾷ
2599 3441 2700 3511 μὲν
2737 3443 2832 3494 καὶ
2866 3439 3214 3505 ὑποσκελίζει
3246 3441 3371 3504 τοὺς
3401 3441 3575 3512 ῥαθυ-

1911 3523 2189 3596 μοτέρους,
2219 3524 2279 3576 οὐ
2318 3524 2422 3595 μὴν
2452 3523 2650 3578 κωλύει
2679 3526 2776 3578 καὶ
2806 3523 3049 3594 βιάζεται
3078 3541 3092 3555 ·
3125 3524 3217 3578 καὶ
3244 3523 3400 3578 τοῦτο
3435 3524 3588 3594 αὑτὴκ

1906 3613 2016 3666 τῶν
2071 3613 2410 3685 πραγμάτων
2442 3614 2474 3684 ὴ
2506 3615 2668 3684 πεῖρα
2718 3613 3021 3672 δείκνυσιν,
3047 3613 3126 3666 ὃτι
3163 3613 3324 3682 ἡνίκα
3369 3613 3468 3684 μὲν
3507 3613 3575 3667 ἂν

1909 3699 2226 3770 βουλώμεθα
2255 3701 2444 3770 νήφειν
2465 3739 2478 3762 ,
2505 3698 2757 3753 τοσοῦτον
2805 3701 2896 3753 τὸν
2939 3700 3088 3754 τόνον
3133 3701 3572 3771 ἐπιδεικνύμεθα,

1907 3787 1981 3850 ὼς
2015 3786 2148 3857 μηδέ
2177 3785 2385 3838 πολλῶν
2427 3785 2595 3839 ὄντων
2635 3786 2742 3839 τῶν
2782 3785 3195 3858 προτρεπόντων
3234 3787 3324 3840 ἐπὶ
3354 3788 3454 3857 τὴν
3474 3787 3574 3858 τῆς

1908 3871 2102 3937 κακίας
2151 3873 2289 3936 ὁδὸν,
2340 3873 2627 3944 ἀνέχεσθαι
2667 3871 2766 3943 τῆς
2813 3873 3121 3944 συμϐουλῆς
3145 3915 3160 3939 ,
3187 3873 3322 3926 άλλά
3373 3875 3571 3940 παντὸς

1907 3962 2211 4033 ἀδάμαντος
2256 3959 2643 4033 στερροτέρους
2677 3961 2826 4031 ἡμᾶς
2857 3961 3124 4030 γίνεσθαι,
3159 3962 3252 4015 καὶ
3285 3963 3571 4033 ἀποφράτ-

1905 4068 2019 4104 τειν
2041 4051 2149 4113 τοῖς
2178 4049 2244 4103 τά
2296 4047 2473 4118 φαῦλα
2510 4047 2934 4118 συμϐουλεύουσι
2962 4048 3059 4111 τὰς
3087 4049 3277 4112 ἀκοάς.
3314 4051 3481 4104 Ὅταν
3511 4051 3569 4105 δέ

1909 4137 2272 4209 ρᾳθυμῶμεν,
2301 4137 2396 4190 καὶ
2439 4136 2665 4207 μηδενὸς
2709 4135 2859 4199 όντος
2907 4134 3000 4187 τοῦ
3049 4135 3567 4210 συμϐουλεύοντοςῆ

1906 4223 2368 4288 ὑποσκελίζοντος,
2381 4224 2592 4277 οἴκοθεν
2619 4223 2769 4276 κινού
2779 4241 2927 4294 μενοι
2949 4222 3040 4276 ἐπὶ
3064 4223 3160 4293 τὴν
3180 4223 3374 4278 κακίαν
3388 4225 3567 4296 όρμῶο

1908 4329 2024 4384 μεν.
2051 4314 2110 4366 Εί
2129 4313 2237 4383 γὰρ
2261 4311 2334 4383 μὴ
2365 4314 2422 4364 ἐν
2455 4313 2522 4382 τῇ
2555 4312 2872 4382 προαιρέσει
2901 4310 3055 4380 ἡμῶν
3094 4311 3268 4365 ἔκειτο
3287 4349 3301 4373 ,
3336 4311 3469 4382 μηδὲ
3509 4312 3568 4366 ἐν

1904 4402 1970 4469 τῇ
2005 4399 2107 4469 τῆς
2159 4397 2383 4470 γνώμης
2421 4398 2672 4468 ἐξουσίᾳ,
2710 4398 2844 4468 μηδὲ
2881 4398 3221 4464 αὐτεξούσιον
3267 4399 3422 4470 ἡμῶν
3467 4401 3567 4472 τὴν

1905 4486 2066 4555 φύσιν
2097 4489 2126 4539 ὁ
2156 4486 2535 4556 φιλάνθρωπος
2558 4485 2689 4549 Θεὸς
2709 4485 3128 4549 κατεσκεύασεν,
3153 4487 3318 4558 ἐχρῆν
3338 4487 3371 4559 ἢ
3396 4487 3567 4541 ᾶπαν-

1903 4591 2003 4636 τας
2039 4569 2174 4626 εἶναι
2205 4573 2408 4634 κακοὺς
2433 4573 2560 4636 τοὺς
2584 4572 2683 4643 τῆς
2718 4572 2887 4643 αὐτῆς
2925 4571 3136 4642 φύσεως
3181 4574 3567 4637 κοινωνοῦντας

1905 4661 1998 4715 καί
2027 4662 2139 4723 τοῖς
2166 4660 2350 4722 αὐτοῖς
2403 4658 2632 4713 πάθεσιν
2678 4659 3092 4730 ὑποκειμένους,
3123 4660 3155 4730 ἢ
3189 4661 3394 4724 πάντας
3424 4662 3563 4714 εἶναι

1904 4747 2207 4820 ἐναρέτους.
2255 4747 2422 4800 Ὅταν
2449 4746 2507 4799 δὲ
2547 4745 2743 4818 ἴδωμεν
2791 4747 2918 4810 τοὺς
2953 4748 3233 4818 ὁμογενεῖς
3281 4751 3434 4819 ἡμῖν,
3470 4750 3562 4802 καὶ

1904 4835 2009 4888 ὑπὸ
2045 4833 2154 4887 τῶν
2179 4832 2356 4902 αὐτῶν
2401 4831 2592 4886 παθῶν
2621 4833 3053 4904 ἐνοχλουμένους,
3087 4833 3147 4885 οὐ
3177 4833 3245 4886 τά
3267 4833 3404 4886 αὐτά
3432 4836 3562 4904 ἡμῖν

1903 4920 2290 4992 ὑπομένοντας,
2320 4919 2456 4973 ἀλλά
2489 4919 2580 4973 καὶ
2603 4921 2898 4992 ἐρρωμένῳ
2922 4920 3001 4989 τῷ
3032 4919 3274 4990 λογισμῷ
3297 4921 3564 4990 ἡνιοχοῦν-

1900 5026 2001 5072 τας
2023 5009 2121 5080 τὴν
2143 5008 2324 5080 φύσιν,
2339 5008 2432 5062 καὶ
2465 5006 2907 5077 περιγινομένους
2929 5006 3036 5059 τῶν
3056 5007 3304 5059 ἀτάκτων
3334 5022 3560 5080 σκιρτη-

1906 5097 2090 5168 μάτων
2109 5139 2123 5161 ,
2153 5097 2247 5149 καὶ
2274 5094 2622 5166 χαλινοῦντας
2665 5094 2976 5163 ἐπιθυμίαν,
3002 5093 3336 5160 κρατοῦντας
3365 5097 3557 5168 ὀργὴν,

1903 5183 2204 5257 βασκανίαν
2258 5182 2576 5251 φεύγοντας,
2607 5179 2798 5248 φθόνον
2842 5177 3199 5251 ἐξορίζοντας,
3228 5185 3329 5254 τῆς
3359 5184 3561 5255 λύσσης

1899 5272 2008 5323 τῶν
2038 5271 2334 5342 χρημάτων
2378 5267 2781 5338 ὑπερορῶντας,
2807 5267 2964 5338 δόξης
3002 5267 3222 5323 ἔλαττον
3250 5272 3561 5342 φροντίζονο

1899 5375 2014 5422 τας,
2046 5359 2224 5427 πάσης
2254 5356 2354 5425 τῆς
2391 5354 2486 5407 τοῦ
2523 5354 2787 5425 παρόντος
2827 5354 2942 5424 βίου
2991 5356 3286 5428 εὐημερίας
3329 5375 3560 5426 καταγεη

1900 5445 2127 5509 λῶντας,
2150 5444 2244 5497 καὶ
2277 5442 2412 5513 πρὸς
2437 5443 2536 5514 τὴν
2557 5441 2733 5513 ἀληθῆ
2757 5441 2913 5508 δόξαν
2938 5444 3331 5515 ἐπτοημένους,
3359 5446 3452 5499 καὶ
3467 5447 3560 5498 τὸν

1902 5534 2054 5604 παρά
2090 5530 2182 5585 τοῦ
2231 5530 2366 5585 Θεοῦ
2401 5530 2614 5584 ἔπαινον
2653 5531 2870 5586 πάντων
2911 5533 3020 5587 τῶν
3049 5533 3342 5606 ὁρωμένων
3378 5550 3559 5604 προτι-

1960 5744 1990 5786 δ
2023 5741 2120 5796 Mil
2139 5747 2222 5803 τῆς
2243 5746 2460 5806 κορυφῆς.
3049 5807 3122 5865 ‘3
