3804 6252
252 232 362 287 205

258 345 472 418 μῶντας
494 361 505 374 ·
540 345 640 397 οὐκ
673 341 890 412 εὐδηλον
925 340 1005 392 ὃτι
1038 341 1103 410 τῇ
1137 339 1313 409 οἰκεία
1345 336 1544 407 σπουδῇ
1571 334 1742 388 ταῦτα
1768 332 1916 406 [ἓΙὸ]

255 432 556 504 κατορθοῦν
585 431 904 501 δυνήσονται
929 426 1065 498 μετά
1092 427 1191 498 τὴν
1222 425 1425 479 ἄνωθεν
1446 425 1622 496 χάριν,
1649 425 1741 477 καὶ
1763 425 1920 495 ἡμεῖς

252 523 320 592 τῇ
355 519 530 591 οἰκείᾳ
577 515 816 589 ῥᾳθυμία
859 512 1188 584 κεχρημένοι
1233 511 1588 583 προδιδόαμεν
1623 510 1778 581 ἡμῶν
1821 509 1918 580 τὴν

257 607 560 678 σωτηρίαν,
597 605 831 675 ἐρήμους
875 601 1098 663 ἑαυτοὺς
1153 599 1518 663 καθιστῶντες
1572 600 1672 670 τῆς
1712 596 1918 652 ἐκεῖθεν

255 695 463 758 εὐνοίας
482 710 495 758 ;
1107 740 1110 743 ,

329 790 402 847 ς’.
425 783 514 833 Διὸ
543 779 840 850 παρακαλῶ
861 780 1031 834 ταῦτα
1051 776 1451 848 λογιζομένους,
1475 775 1567 828 καὶ
1591 772 1824 842 συνεχῶς
1845 789 1922 825 κι-

256 869 478 930 νοῦντας
506 869 564 920 ἐν
594 870 658 937 τῇ
683 867 912 939 διανοίᾳ,
934 867 1200 937 μηδέποτε
1231 865 1319 918 τὸν
1345 864 1587 918 διάϐολον
1622 861 1920 927 αἰτιᾶσθαι,

255 957 390 1010 ἀλλὰ
418 956 515 1028 τὴν
545 956 785 1029 ῥᾴθυμον
819 956 974 1027 ἡμῶν
1002 955 1247 1026 γνώμην.
1285 955 1395 1008 Καὶ
1438 952 1610 1006 ταῦτα
1645 950 1788 1019 λέγω
1822 950 1921 1003 οὐκ

256 1048 461 1099 ἐκεῖνον
485 1045 792 1112 ἀπαλλάξαι
820 1044 1140 1116 βουλόμενος
1174 1041 1506 1114 κατηγορίας
1523 1058 1538 1073 ·
1564 1040 1637 1112 μὴ
1679 1040 1886 1108 γένοιτο
1904 1053 1918 1067 °

258 1135 353 1187 καὶ
382 1134 488 1204 γὰρ
518 1133 735 1206 ἔρχεται
762 1133 836 1196 ὡς
874 1132 1010 1186 λέων
1042 1131 1303 1203 ἁρπάσαι,
1335 1130 1428 1183 καὶ
1458 1129 1790 1200 ὠρυόμενος,
1829 1125 1922 1180 καὶ

256 1222 377 1276 τίνα
424 1224 667 1295 καταπίῃ
712 1222 892 1293 ζητῶν
919 1237 934 1254 ⁸
965 1221 1102 1276 ἀλλά
1155 1221 1248 1274 καλ⁸
1295 1220 1442 1290 ἡμᾶς
1487 1216 1925 1286 ἀσφαλεστέρους

258 1311 480 1382 ποιῆσαι
509 1309 698 1373 θέλων,
731 1310 816 1364 ἵνα
849 1310 922 1381 μὴ
951 1308 1256 1380 νομίζωμεν
1284 1306 1438 1370 ἐκτὸς
1477 1302 1614 1360 εἶναι
1650 1304 1926 1374 ἐγκλημά-

260 1416 388 1458 των,
412 1396 584 1460 οὕτως
602 1397 835 1460 εὐκόλως
861 1397 997 1469 πρὸς
1023 1396 1121 1469 τὴν
1143 1395 1342 1451 κακίαν
1370 1393 1812 1466 αὐτομολοῦντες,
1832 1393 1924 1445 καὶ

264 1485 338 1556 μὴ
369 1485 435 1537 τὰ
479 1483 664 1555 ψυχρὰ
713 1485 897 1538 ἐκεῖνα
949 1484 1196 1554 λέγωμεν
1235 1484 1456 1556 ῥήματα
1489 1499 1502 1514 ·
1535 1483 1690 1544 Τίνος
1741 1482 1924 1533 ἕνεκεν

260 1573 468 1643 ἀφῆκεν
523 1571 683 1624 αὐτὸν
720 1574 752 1625 6
800 1571 931 1634 Θεὸς
967 1570 1204 1625 τοιοῦτον
1239 1583 1264 1610 α
1301 1571 1429 1624 ὄντα
1476 1569 1710 1641 πονηρὸν
1736 1608 1750 1630 ,
1784 1567 1924 1621 ῶστε

262 1659 638 1725 ὑποσκελίζειν
671 1659 764 1712 καὶ
804 1658 1201 1724 καταϐάλλεινς
1244 1658 1524 1729 Μεγίστης
1566 1659 1674 1729 γάρ
1725 1656 1790 1710 ἂν
1839 1655 1922 1727 εἴη

262 1747 434 1801 ταῦτα
463 1747 531 1800 τὰ
564 1749 782 1819 ῥήματα
810 1748 1219 1819 ἀγνωμοσύνης.
1262 1746 1400 1800 Ἀλλ’
1427 1749 1599 1800 ἐκεῖνο
1628 1747 1722 1798 σὺν
1750 1743 1926 1814 ἐαυτῷ

265 1835 476 1899 σκόπει,
499 1835 580 1888 ὅτι
608 1835 695 1887 διὰ
725 1834 884 1887 τοῦτο
929 1834 1161 1904 μάλιστα
1199 1834 1362 1887 αὐτὸν
1403 1835 1712 1895 κατέλιπεν,
1739 1833 1825 1886 ἵνα
1851 1831 1928 1902 τῷ

263 1923 414 1994 φόϐῳ
445 1922 862 1991 συνωθούμενοι,
886 1923 980 1975 καὶ
1004 1922 1098 1975 τοῦ
1134 1921 1388 1992 πολεμίου
1421 1922 1518 1993 τὴν
1548 1921 1733 1990 ἔφοδον
1762 1937 1929 1990 προσ-

265 2013 549 2077 δοκῶντες,
577 2011 1104 2083 πολλὴν-ἀγρυπνίαν
1133 2011 1227 2064 καὶ
1251 2011 1472 2079 διηνεκῆ
1496 2009 1591 2080 τὴν
1620 2008 1780 2078 νῆψιν
1813 2010 1932 2060 ἐπι-

266 2099 656 2171 δεικνυὼμεθα,
686 2102 751 2170 τῇ
786 2101 895 2152 τῶν
935 2097 1178 2169 ἀμοιϐῶν
1221 2097 1416 2159 ἐλπίδι,
1442 2097 1536 2149 καὶ
1573 2097 1638 2166 τῇ
1667 2094 1929 2148 ἀντιδόσει

266 2188 373 2240 τῶν
408 2186 639 2240 αίωνίων
669 2186 889 2239 ἐκείνων
913 2187 1007 2238 καὶ
1042 2185 1364 2256 ἀπορρήτων
1383 2181 1602 2252 ἀγαθῶν
1629 2182 1805 2235 πάντα
1831 2180 1932 2251 τῆς

267 2275 467 2344 ἀρετῆς
496 2279 583 2328 τὸν
617 2273 860 2344 κάματον
886 2272 1331 2343 ὑποτεμνόμενοι.
1354 2271 1463 2325 Καὶ
1491 2271 1542 2323 τί
1566 2269 1862 2340 θαυμάζεις
1883 2271 1932 2322 εί

268 2364 357 2415 τὸν
388 2361 631 2416 διάϐολον
674 2360 762 2414 διά
804 2359 961 2413 τοῦτο
1011 2360 1266 2413 κατέλιπε
1313 2360 1605 2430 κηδόμενος
1648 2358 1803 2430 ἡμῶν
1835 2359 1933 2427 τῆς

271 2453 564 2521 σωτηρίας,
592 2451 686 2504 καὶ
721 2450 998 2521 διεγείρων
1022 2451 1177 2520 ἡμῶν
1209 2449 1306 2521 τὴν
1358 2449 1648 2521 ρᾳθυμίαν,
1676 2450 1768 2502 καὶ
1799 2449 1932 2501 ὐπό-

271 2540 418 2592 θεσιν
443 2543 571 2609 ἡμῖν
596 2539 873 2608 στεφάνων
900 2537 1324 2602 κατασκευάζων
1345 2553 1358 2601 ;
1385 2538 1562 2608 Αὐτὴν
1585 2538 1682 2607 τὴν
1710 2537 1934 2605 γέενναν

270 2628 359 2682 διὰ
385 2626 542 2681 τοῦτο
575 2627 1010 2698 παρεσκεύασεν,
1042 2627 1128 2682 ἵνα
1166 2629 1195 2680 6
1225 2627 1323 2696 τῆς
1353 2625 1620 2696 τιμωρίας
1656 2624 1816 2694 φόϐος
1844 2626 1937 2678 καὶ

271 2717 372 2785 τῆς
397 2716 669 2780 κολάσεως
697 2715 757 2768 τὸ
781 2716 1052 2787 ἀφόρητον
1084 2715 1217 2785 πρὸς
1239 2714 1335 2786 τὴν
1358 2714 1631 2786 βασιλείαν
1653 2715 1797 2784 ἡμᾶς
1823 2729 1938 2766 συν·

273 2803 479 2876 ωθήσῃ.
498 2799 646 2867 Εἶδες
660 2803 964 2875 εὐμήχανον
984 2802 1073 2856 τοῦ
1088 2803 1354 2857 Δεσπότου
1370 2802 1772 2874 φιλανθρωπίαν
1789 2821 1803 2868 ;
1824 2801 1939 2864 πῶς

274 2892 450 2946 πάντα
473 2895 616 2945 ποιεῖ
639 2893 731 2946 καὶ
759 2892 1312 2964 πραγματεύεται,ὼ;
1342 2893 1417 2963 μὴ
1444 2893 1601 2963 μόνον
1628 2891 1798 2944 σῶσαι
1815 2892 1940 2954 τούς

276 2981 366 3033 ὑπ’
385 2979 548 3034 αὐτοῦ
565 2981 628 3050 δη
638 2997 760 3050 μιου
767 2980 1084 3051 ργηθέντας,
1099 2980 1232 3033 άλλά
1245 2982 1336 3033 καὶ
1353 2979 1457 3034 τῶν
1470 2981 1793 3050 ἀπορρήτων
1807 2979 1941 3046 ἀγα-

279 3067 386 3119 θῶν
407 3065 654 3132 άξιῶσαις
677 3066 774 3120 Διά
799 3065 956 3120 τοῦτο
983 3068 1073 3135 καὶ
1095 3066 1154 3119 τὸ
1177 3066 1521 3132 αὐτεξούσιον
1545 3067 1676 3135 ἡμῖν
1704 3063 1940 3134 δεδώρη-

277 3171 388 3215 ται,
419 3154 510 3206 καὶ
541 3154 598 3207 ἐν
636 3157 702 3225 τῇ
733 3153 890 3222 φύσει
932 3154 1024 3208 καὶ
1060 3156 1117 3207 ἐν
1155 3154 1231 3226 τῷ
1283 3154 1538 3208 συνειδότι
1580 3153 1733 3224 ἡμῶν
1781 3154 1946 3205 ἐναπ-

280 3242 435 3296 έθετο
463 3241 560 3313 τὴν
601 3243 800 3311 γνῶσιν
840 3244 940 3312 τῆς
982 3243 1177 3306 κακίας
1221 3243 1314 3296 καὶ
1351 3243 1447 3312 τῆς
1486 3243 1704 3313 ἀρετῆς,
1739 3243 1832 3294 καὶ
1856 3241 1944 3295 τὸν

280 3331 524 3384 διάϐολον
549 3329 923 3401 συνεχώρησεν
946 3326 1101 3396 εἶναι,
1133 3332 1226 3384 καὶ
1258 3330 1354 3402 τὴν
1385 3330 1607 3399 γέενναν
1629 3330 1942 3401 ἠπείλησεν,

283 3420 369 3472 ἵνα
401 3419 538 3490 μήτε
564 3419 662 3489 τῆς
687 3418 911 3488 γεέννης
940 3421 1132 3489 πεῖραν
1157 3417 1406 3488 λάϐωμεν
1434 3419 1526 3470 καὶ
1549 3419 1647 3489 τῆς
1672 3417 1947 3488 βασιλείας

283 3506 644 3576 ἐπιτύχωμεν.
693 3505 802 3558 Καὶ
848 3505 900 3558 τί
947 3505 1246 3575 θαυμάζεις
1298 3506 1346 3557 εἰ
1388 3505 1560 3558 ταῦτα
1604 3506 1815 3559 ἅπαντα
1861 3505 1948 3558 διὰ

283 3594 441 3648 τοῦτο
463 3593 1092 3665 ἐπραγματεύσατο,κώ
1117 3594 1284 3666 μυρία
1304 3595 1466 3666 ἕτερα
1485 3614 1499 3662 ;
1515 3594 1709 3650 Δούλου
1737 3593 1947 3667 μορφὴν

285 3684 314 3735 6
341 3683 398 3735 ἐν
438 3684 548 3746 τοῖς
581 3683 800 3747 κόλποις
826 3686 939 3746 τοῖς
969 3685 1254 3754 πατρικοῖς
1282 3682 1560 3752 τυγχάνων
1599 3683 1780 3736 λαϐεῖν
1818 3699 1950 3737 κατ-

286 3771 524 3839 εδέξατο,
548 3772 640 3825 κα)⁸
665 3771 842 3826 πάντα
869 3771 937 3825 τὰ
963 3771 1096 3826 ἄλλα
1127 3773 1414 3841 ὑπομεῖναι
1437 3771 1502 3825 τά
1528 3772 1832 3842 σωματικὰ,
1857 3773 1951 3826 καὶ

283 3861 353 3912 ἐκ
377 3859 632 3930 γυναικὸς
657 3860 1004 3931 γεννηθῆναι,
1028 3861 1120 3914 καὶ
1158 3862 1221 3914 ἐκ
1253 3859 1522 3933 παρθένου
1553 3861 1827 3931 τεχθῆναι,
1857 3861 1952 3913 καὶ

290 3949 696 4019 ἐννεαμηνιαῖον
729 3947 1132 4019 κυοφορηθῆναι
1174 3949 1385 4018 χρόνον,
1419 3948 1514 4002 καὶ
1544 3949 1829 4020 σπάργανα
1868 3949 1954 4001 δέ·

293 4032 518 4099 ξασθαι,
560 4035 654 4088 καὶ
686 4037 896 4106 πατέρα
931 4034 1095 4089 αὐτοῦ
1125 4038 1446 4108 νομισθῆναι
1479 4038 1569 4092 τὸν
1626 4037 1820 4108 Ἰωσὴφ
1862 4036 1953 4089 τὸν

296 4125 580 4194 μνηστῆρα
608 4124 703 4193 τῆς
729 4125 969 4196 Μαρίας,
995 4125 1088 4179 καὶ
1119 4127 1259 4178 κατά
1289 4127 1484 4198 μικρὸν
1513 4127 1830 4198 αὐξηθῆναι,
1860 4126 1955 4178 καὶ

294 4215 716 4286 περιτμηθῆναι,
745 4214 839 4266 καὶ
865 4214 1052 4268 θυσίαν
1078 4215 1410 4284 ἀνενεγκεῖν,
1445 4217 1536 4270 καὶ
1559 4217 1830 4286 πεινῆσαι,
1862 4217 1955 4269 καὶ

293 4302 535 4370 διφῆσαι,
556 4301 652 4355 καλ⁷
685 4301 965 4366 κοπιάσαι,
996 4303 1090 4355 καὶ⁵
1119 4303 1419 4359 τελευταῖον
1448 4306 1541 4358 καὶ
1571 4305 1794 4358 θάνατον
1825 4305 1957 4359 ὐπο-

299 4393 497 4460 μεῖναι,
527 4390 622 4443 καὶ
672 4390 897 4444 θάνατον
945 4389 1042 4460 οὐχ
1079 4390 1284 4457 ἁπλῶς,
1316 4390 1450 4444 ἀλλά
1482 4392 1571 4445 τὸν
1600 4392 1957 4446 ἐπονείδιστον

296 4478 669 4547 νομιζόμενον,
701 4478 792 4530 τὸν
821 4477 1058 4550 σταυροῦ
1093 4478 1266 4548 λέγω·
1299 4479 1394 4532 καὶ
1425 4480 1596 4533 ταῦτα
1637 4479 1856 4534 ἅπαντα
1889 4480 1956 4534 δι’

298 4567 445 4635 ἡμᾶς
470 4566 563 4618 καὶ
597 4566 694 4636 τὴν
726 4566 998 4636 σωτηρίαν
1032 4566 1129 4638 τὴν
1160 4567 1429 4638 ἡμετέραν
1457 4567 1776 4632 κατεδέξατο
1799 4570 1826 4620 ὁ
1851 4567 1958 4622 τῶν

297 4652 552 4706 ἁπάντων
581 4651 928 4722 δημιουργὸς,
963 4654 992 4707 6
1015 4653 1391 4718 ἀναλλοίωτος,
1417 4655 1445 4707 6
1474 4655 1537 4707 ἐκ
1568 4653 1661 4707 τοῦ
1703 4653 1776 4726 μὴ
1809 4655 1960 4719 ὄντος

298 4741 377 4801 εἰς
404 4739 465 4792 τὸ
497 4735 634 4793 εἶναι
659 4739 726 4793 τά
756 4740 934 4795 πάντα
959 4740 1321 4812 παραγαγὼν,
1349 4743 1377 4794 6
1404 4741 1708 4796 ἐπιϐλέπων
1735 4742 1828 4797 ἐπὶ
1862 4743 1960 4813 τὴν

298 4832 423 4900 γῆν,
452 4831 546 4883 καὶ
574 4829 742 4883 ποιῶν
771 4830 942 4903 αὐτὴν
968 4829 1212 4906 τρέμειν,
1237 4822 1299 4883 οῦ
1328 4831 1426 4900 τῆς
1458 4829 1614 4902 δόξης
1638 4830 1736 4902 τὴν
1759 4831 1964 4902 ἀστρα-

301 4921 408 4990 πὴν
447 4919 566 4972 οὐδέ
598 4919 665 4973 τὰ
702 4919 1005 4990 Χερουϐὶμ,
1045 4919 1100 4972 αί
1135 4917 1415 4989 ἀσώματοι
1444 4918 1699 4989 δυνάμεις
1736 4921 1960 4985 ἐκεῖναι,

304 5007 432 5060 ἰδεῖν
467 5005 740 5071 δύνανται,
784 5006 903 5060 ἀλλ’
937 5006 1374 5076 ἀποστρέφουσαι
1409 5005 1510 5068 τὰς
1539 5004 1690 5074 ὄψεις
1721 5007 1788 5077 τῇ
1831 5022 1965 5077 προ-

301 5095 430 5166 ϐολῇ
477 5095 584 5148 τῶν
630 5095 918 5165 πτερύγων
949 5094 1012 5148 τὸ
1049 5093 1234 5163 θαῦμα
1267 5095 1398 5165 ἡμῖν
1435 5093 1860 5147 ἐπιδείκνυνται·
1905 5094 1964 5147 ὃν

301 5183 389 5235 διὰ
405 5183 602 5244 παντὺς
619 5182 881 5253 ὑμνοῦσιν
897 5183 1137 5252 ἄγγελοι,
1163 5181 1514 5253 ἀρχάγγελοι,
1539 5181 1634 5236 καὶ
1658 5182 1967 5253 μυρίαιῖμυ-

305 5270 504 5342 ριάδες·
535 5263 690 5333 οὗτος
709 5270 775 5323 δι’
806 5273 974 5340 ἡμᾶς,
997 5271 1092 5324 καὶ
1121 5271 1218 5342 τὴν
1247 5270 1520 5340 σωτηρίαν
1543 5271 1642 5340 τήν
1663 5269 1964 5341 ἡμετέραν,

305 5357 588 5426 ἄνθρωπος
618 5357 869 5424 γενέσθαι
911 5358 1261 5424 κατεδέξατο,
1293 5357 1386 5411 καὶ
1425 5356 1573 5430 [216]
1604 5358 1704 5428 τῆς
1740 5358 1969 5428 ἀρίστης

305 5448 580 5511 πολιτείας
613 5449 744 5518 ἡμῖν
785 5449 884 5518 τὴν
926 5449 1044 5501 ὁδὸν
1075 5448 1266 5516 ἔτεμε,
1301 5451 1395 5503 καὶ
1432 5448 1499 5501 δι’
1543 5443 1617 5502 ὧν
1646 5449 1808 5511 αὐτὸς
1837 5443 1967 5519 ἦλθε

305 5537 403 5606 τὴν
429 5537 594 5608 αὐτὴν
625 5539 758 5608 ἡμῖν
791 5537 954 5607 φύσιν
981 5537 1280 5602 ἀναλαϐὼν,
1315 5539 1591 5611 ἀρκοῦσαν
1623 5539 1969 5595 διδασκαλίαν
2001 5594 2009 5601 κ

310 5624 616 5678 ἐναπέθετο.
645 5624 781 5677 Ποία
813 5623 991 5679 τοίνυν
1029 5627 1160 5696 ἡμῖν
1194 5626 1654 5686 λείπεται.λοιπὸν
1683 5627 1967 5697 ἀπολογία,

375 5747 391 5772 ⁸
419 5749 567 5800 Savil.
589 5748 855 5810 legendum
883 5745 1081 5809 conjici!
1123 5746 1365 5798 τοσοῦτον.

1037 225 1092 281 S.
1130 221 1414 279 JOA‘NNIS
1455 214 1944 276 CIIRYSOSTOMI
1984 211 2309 270 ARCHIE‘P.
2355 204 2902 274 CONSTANTIRUP.

3565 196 3676 252 €06

2021 328 2294 380 τοσούτων
2312 326 2398 379 διὰ
2424 325 2521 396 τὴν
2555 321 2826 394 ἡμετέραν
2855 317 3127 389 σωτηρίαν
3167 314 3609 388 προηγουμένων,
3635 317 3678 367 εδ

1975 482 1987 501 .
2029 416 2313 486 μέλλοιμεν
2341 415 2574 484 ἀνόνητα
2609 413 2823 466 ἅπαντα
2857 407 3145 470 δεικνύναι,
3170 405 3256 460 διὰ
3285 409 3382 475 τῆς
3416 404 3678 476 ῥᾳθυμίας

2022 504 2125 572 τῆς
2155 503 2356 556 τούτων
2381 501 2720 574 προδιδόντες
2751 499 2907 569 ἡμῶν
2937 501 3034 567 τὴν
3069 495 3370 566 σωτηρίαν;
3397 494 3484 545 Διὸ
3507 510 3678 563 παραυ

2026 590 2176 643 καλῶ
2209 593 2417 661 νήφειν,
2457 591 2550 642 καὶ
2587 587 2659 657 μὴ
2705 585 2890 648 ἁπλῶς
2934 583 3189 652 συνηθείᾳ
3216 582 3322 634 τῶν
3355 581 3530 635 ἄλλων
3555 597 3682 632 κατ-

2026 677 2359 741 ακολουθεῖν,
2390 675 2527 759 ἀλλά
2551 674 2645 745 τὴν
2673 673 2878 727 ἑαυτῶν
2900 671 3047 759 ζωην
3074 669 3192 723 καθ’
3216 669 3449 737 ἑκάστην
3472 666 3684 737 ἡμέραν

2028 758 2524 836 πολυπραγμονεῖν,
2551 761 2643 813 καὶ
2665 759 2882 820 εἰδέναι,
2910 757 2965 810 ’τί
2995 756 3092 828 μὲν
3119 758 3247 826 ἡμῖν
3274 756 3608 826 ἡμάρτηται,
3635 756 3685 805 τί

2025 854 2084 908 δέ
2110 852 2462 924 κατώρθωται
2484 868 2497 881 ·
2522 851 2614 903 καὶ
2635 849 2776 902 οὕτω
2801 847 2907 900 τῶν
2931 844 3332 916 ἡμαρτημένων
3352 846 3449 914 τὴν
3469 842 3688 914 διόρθω-

2031 959 2113 997 σιν
2144 940 2455 1012 ποιώμεθα,
2507 940 2594 993 ἴνα
2644 937 2736 991 καὶ
2773 935 2871 1006 τὴν
2917 934 3122 988 ἀνωθεν
3160 931 3327 1003 ῥοπὴν
3366 930 3685 983 ἐπισπασῶο

2033 1029 2190 1102 μεθα,
2222 1031 2315 1082 καὶ
2350 1027 2631 1099 εὐάρεστοι
2664 1024 2740 1095 τῷ
2773 1022 2889 1093 Θεῷ
2914 1019 3216 1090 γενώμεθα,
3253 1018 3502 1088 καθάπερ
3547 1021 3575 1070 6
3613 1019 3688 1070 δί-

2030 1133 2182 1180 καιος
2216 1108 2390 1179 οὗτος,
2430 1113 2520 1167 καὶ
2559 1113 2659 1182 τῆς
2705 1109 2978 1182 βασιλείας
3007 1107 3115 1161 τῶν
3148 1107 3390 1179 οὐρανῶν
3419 1106 3688 1176 ἐπιτύχω-

2033 1222 2152 1275 μεν,
2197 1205 2376 1275 χάριτι
2406 1202 2498 1256 καὶ
2529 1197 2904 1271 φιλανθρωπίᾳ
2933 1196 3026 1250 τοῦ
3057 1197 3258 1266 Κυρίου
3298 1195 3457 1266 ἡμῶν
3514 1194 3687 1264 Ἰησοῦ

2029 1291 2296 1363 Χριστοῦ,
2332 1289 2450 1362 μεθ’
2479 1281 2539 1342 οῦ
2568 1286 2646 1358 τῷ
2673 1286 2848 1356 Πατρὶ
2876 1285 2991 1356 ἃμα
3019 1284 3112 1336 καὶ
3139 1283 3218 1354 τῷ
3245 1282 3381 1352 ἁγίῳ
3411 1281 3689 1352 Πνεύμιιτι
3778 1281 3779 1310 ⁵

2030 1381 2177 1446 δόξα,
2203 1379 2356 1451 τιμὴ,
2388 1378 2586 1450 κράτος
2609 1373 2702 1428 νῦν
2727 1375 2821 1429 καὶ
2839 1374 2949 1438 ἀεὶ,
2979 1373 3074 1426 καὶ
3100 1374 3182 1436 είς
3202 1371 3327 1435 τούς
3351 1370 3554 1434 αίῶνας
3581 1371 3689 1423 τῶν

2031 1469 2260 1522 αἰώνων.
2309 1468 2500 1538 Ἀμήν.

2659 1551 2900 1605 OMIAIA
2932 1551 3054 1605 KA".
3250 1615 3254 1619 ,

2044 1641 2366 1713 Ἕγέννησε
2405 1641 2473 1695 δὲ
2503 1639 2627 1696 Νῶε
2658 1639 2817 1713 τρεῖς
2840 1637 3028 1713 υἱοὺς,
3055 1636 3162 1713 τὸν
3198 1635 3327 1713 Σῂμ
3349 1673 3361 1696 ,
3394 1631 3501 1713 τὸέν
3529 1632 3688 1713 ξίὰιί,

2103 1704 2209 1767 τὸν
2252 1704 2448 1781 ’Ῐάερεθ
2470 1727 2483 1742 ·
2527 1704 2763 1781 αίέφθοίέγηΔ
2789 1709 2856 1781 δέ
2881 1710 2920 1775 ἡ
2948 1707 3020 1776 γῆ
3053 1707 3327 1760 ἐναντίον
3372 1705 3478 1758 τοῦ
3517 1704 3687 1770 Θεοῦ,
3778 1709 3779 1714 ‘

2103 1784 2198 1836 καὶ
2225 1778 2499 1849 ἐπλήσθη
2522 1778 2570 1848 ἦ
2592 1780 2664 1850 γῆ
2700 1778 2950 1843 ἀδικίας.

2105 1876 2172 1924 α’.
2189 1872 2263 1925 Οὐ
2287 1871 2352 1924 τὰ
2372 1871 2596 1940 τυχόντα
2621 1870 2764 1939 ἡμᾶς
2777 1867 3024 1936 ὠφέλησε
3044 1864 3214 1935 χθὲςὴ
3235 1862 3325 1916 τοῦ
3343 1863 3550 1915 δικαίου
3568 1863 3692 1914 Νῶε

2034 1957 2369 2026 γενεαλογία.
2409 1957 2519 2010 Καὶ
2558 1956 2666 2026 γὰρ
2712 1954 2956 2024 ἔγνωμεν
2997 1952 3302 2022 θαυμαστὸν
3340 1950 3694 2019 γενεαλογίας

2035 2044 2253 2115 τρόπον,
2292 2043 2389 2096 καὶ⁹
2434 2043 2646 2111 εἴδομεν
2686 2042 2775 2094 τὸν
2807 2041 3011 2092 δίκαιον
3051 2038 3556 2108 ἀνακηρυττόμενον
3595 2037 3695 2089 οὐκ

2037 2132 2146 2186 ἀπὸ
2169 2133 2266 2202 τῆς
2293 2130 2402 2185 τῶν
2437 2132 2712 2202 προγόνων
2741 2128 3098 2200 περιφανείας
3117 2169 3131 2190 ,
3164 2127 3279 2179 ἀλλ’
3313 2126 3418 2178 ἀπὸ
3449 2126 3551 2194 τῆς
3587 2126 3695 2176 τῶν
3778 2126 3779 2192 ἶ

2037 2220 2251 2274 οίκείων
2290 2219 2504 2291 τρόπων
2551 2218 2780 2290 ἀρετῆς,
2815 2217 2879 2270 δι’
2923 2219 2987 2287 ἣν
3032 2215 3127 2269 καὶ
3170 2214 3434 2283 τοσαύτην
3480 2213 3696 2277 ἐδέξατο
3778 2221 3779 2230 ‘

2044 2307 2348 2381 μαρτυρίαν
2387 2307 2537 2378 παρὰ
2569 2307 2667 2377 τῆς
2709 2306 2858 2369 θείας
2889 2304 3145 2377 Γραφῆς·
3186 2301 3311 2356 Νῶε
3350 2302 3476 2372 γάρ,
3507 2302 3696 2371 φησὶν,

2039 2397 2347 2464 ἅνθρωπος
2370 2395 2618 2460 δίκαιος,
2637 2393 2861 2458 τέλειος
2884 2391 2969 2444 ὢν
2987 2392 3056 2445 ὲν
3084 2388 3158 2458 τῇ
3181 2387 3354 2459 γενεᾷ
3375 2389 3562 2441 αὐτοῦ
3581 2407 3598 2419 ·
3621 2387 3700 2453 τῷ

2043 2481 2165 2548 Θεῷ
2196 2482 2568 2552 εὐηρέστησε
2600 2481 2744 2535 Νῶε.
2779 2483 2871 2544 Εἰς
2901 2479 3070 2534 ταῦτα
3109 2478 3217 2550 γὰρ
3260 2477 3462 2548 βραχέα
3491 2476 3562 2528 τά
3603 2478 3700 2546 ῥή-

2047 2587 2192 2642 ματα
2223 2570 2438 2624 ἃπασαν
2464 2567 2807 2622 διδασκαλίαν
2831 2568 2955 2638 χθὲς
2979 2564 3456 2635 κατηναλὼσαμεν.
3500 2565 3566 2616 Ἡ
3594 2565 3702 2634 γὰρ
3778 2611 3779 2640 1

2042 2659 2150 2712 τῶν
2187 2659 2344 2711 θείων
2371 2657 2564 2726 λογίων
2605 2655 2766 2725 φύσις
2809 2658 2866 2708 ἐν
2897 2654 3096 2722 ὀλίγοις
3131 2655 3334 2724 ῥήμασι
3369 2652 3533 2705 πολὺν
3578 2652 3702 2703 fama
3778 2713 3779 2726 1

2043 2746 2314 2800 δείκνυται
2341 2745 2448 2798 τῶν
2475 2745 2760 2816 νοημάτων
2798 2744 2888 2797 τὸν
2914 2741 3160 2804 πλοῦτον,
3200 2744 3292 2795 καὶ
3319 2741 3523 2810 ἄφατον
3555 2739 3704 2809 χαρίο

2047 2835 2196 2899 ζεται
2236 2834 2325 2887 τὸν
2371 2833 2642 2906 θησαυρὸν
2682 2835 2794 2896 τοῖς
2835 2831 2971 2902 μετά
3016 2829 3298 2903 ἀκριϐείας
3343 2829 3438 2898 τὴν
3477 2828 3705 2897 ἔρευναν

2047 2921 2314 2975 ποιεῖσθαι
2349 2920 2708 2991 βουλομένοις.
2740 2920 2830 2972 Διὸ
2858 2919 2942 2988 δὴ,
2973 2916 3288 2989 παρακαλῶ,
3324 2915 3487 2985 μηδὲν
3517 2912 3706 2976 ἁπλῶς

2047 3009 2415 3080 διατρέχωμεν
2444 3009 2551 3061 τῶν
2576 3010 2632 3061 ἐν
2664 3011 2730 3078 τῇ
2758 3006 2877 3077 θείᾳ
2902 3007 3086 3076 Γραφῇ
3123 3003 3407 3073 κειμένων,
3440 3001 3578 3054 ἀλλά
3604 3001 3707 3053 κᾶν

2047 3096 2326 3167 ὀνομάτων
2349 3095 2648 3163 κατάλογος
2672 3093 2728 3169 ᾗ,
2750 3093 2854 3147 κᾶν
2877 3091 3114 3159 ἱστορίας
3145 3090 3412 3159 διήγησις,
3435 3087 3527 3140 τὸν
3553 3089 3710 3155 ἐγκε-

2051 3183 2367 3255 κρυμμένον
2389 3177 2754 3254 ἀνιχνεύωμεν
2781 3178 3072 3251 θησαυρόν.
3111 3178 3208 3231 Διά
3236 3177 3344 3248 γάρ
3382 3174 3539 3229 τοῦτο
3563 3176 3658 3228 καὶ
3680 3175 3708 3225 ὀ
3778 3221 3779 3234 χ

2053 3271 2284 3344 Χριστὸς
2320 3271 2503 3338 ἔλεγεν
2525 3287 2540 3302 ’
2596 3267 2908 3337 Ἐρευνὰτε
2941 3266 3045 3333 τὰς
3080 3264 3344 3334 Γραέράς.
3390 3263 3609 3333 Ἐπειδὴ
3647 3263 3708 3315 οὐ
3778 3309 3779 3312 η

2055 3359 2326 3429 πανταχοῦ
2360 3358 2417 3424 ἐξ
2449 3357 2710 3427 ἐπιπολῆς
2749 3355 2894 3408 ἐστιν
2923 3355 3100 3425 εὐρείν
3132 3353 3222 3407 τὸν
3262 3350 3381 3405 νοῦν
3410 3351 3516 3403 τῶν
3551 3352 3711 3418 ἐγγεο
3778 3399 3779 3429 γ

2055 3448 2406 3521 γραμμένων,
2438 3445 2572 3498 ἀλλὰ
2597 3444 2755 3514 χρεία
2784 3443 2878 3497 καὶ
2906 3442 3104 3512 πολλῆς
3135 3439 3360 3511 ἐρεύνης
3389 3440 3535 3491 ἐστὶν
3557 3442 3710 3509 ἡμῖν,

2057 3540 2196 3594 ὥστε
2230 3535 2393 3606 μηδὲν
2417 3535 2564 3604 ἡμᾶς
2596 3531 2777 3586 λαθεῖν
2812 3529 2919 3583 τῶν
2942 3532 3000 3584 ὲν
3031 3528 3108 3598 τῷ
3136 3527 3286 3598 βάθει
3329 3527 3619 3595 κειμένων.
3651 3528 3713 3580 Et
3778 3567 3779 3606 γ

2057 3626 2113 3679 δὲ
2144 3627 2176 3696 ὴ
2207 3599 2543 3694 τέρδσηγόρια
2581 3621 2714 3690 μόνη
2740 3619 2835 3688 τῆς
2861 3617 3092 3687 φύσεως,
3127 3617 3188 3669 τὸ
3214 3615 3716 3685 ἅνθρωποςῦνομα

2056 3713 2218 3781 λέγω,
2243 3709 2508 3778 τοσαύτην
2541 3709 2670 3778 ἡμῖν
2696 3706 2848 3759 ἔτεκε
2881 3704 3008 3775 χθὲς
3035 3702 3294 3772 ὠφελείας
3323 3701 3599 3766 ὑπόθεσιν,
3627 3701 3719 3754 πό-
3778 3733 3779 3750 χ

2061 3817 2150 3853 σον
2174 3800 2233 3852 οὐ
2262 3816 2331 3852 κα
2341 3795 2664 3868 ρπωσόμεθα
2685 3793 2895 3864 κέρδος,
2919 3795 2966 3845 εί
2988 3792 3215 3844 ἕκαστον
3234 3790 3341 3844 τῶν
3361 3791 3418 3843 ἐν
3438 3792 3502 3860 τῇ
3525 3790 3717 3861 Γραφῇ

2063 3888 2200 3958 μετά
2232 3885 2505 3957 προσοχῆς
2545 3883 2639 3936 καὶ
2680 3879 2956 3951 ἀγρύπνου
3005 3879 3240 3941 διανοίας
3280 3878 3551 3948 ἐπίωμενς
3605 3879 3719 3930 Καὶ

2058 3977 2167 4046 γάρ
2224 3973 2599 4044 φιλάνθρωπον
2640 3969 2834 4040 ἔχομεν
2881 3968 3188 4038 Δεσπότην,
3233 3968 3325 4019 καὶ
3371 3966 3590 4020 ἐπειδὰν
3633 3965 3720 4038 ίῖῃ

2065 4061 2442 4134 μεριμνῶντας
2473 4059 2655 4129 ἡμᾶς,
2696 4056 2791 4110 καὶ
2835 4055 2998 4108 πόθον
3046 4054 3210 4108 πολὺν
3246 4051 3720 4121 ἐπιδεικνυμένους

2063 4151 2198 4222 πρὸς
2235 4148 2332 4220 τὴν
2369 4145 2478 4199 τῶν
2520 4144 2676 4197 θείων
2717 4143 2913 4210 λογίων
2945 4141 3305 4210 κατανόησιν,
3349 4139 3449 4191 οὐκ
3492 4139 3721 4210 ἀφίησιν

2063 4237 2247 4308 ἐτέρου
2269 4234 2412 4298 τινὸς
2439 4232 2714 4304 δεηθῆναι,
2737 4230 2851 4284 ἀλλ’
2875 4228 3074 4292 εὐθέως
3097 4226 3315 4296 φωτίζει
3336 4225 3425 4278 τὸν
3449 4225 3721 4297 ἡμέτερον

2062 4325 2319 4395 λογισμὸν
2341 4363 2356 4390 ,
2392 4323 2486 4375 καὶ
2517 4323 2616 4391 τὴν
2645 4318 2772 4390 παρ’
2801 4315 2962 4371 αὐτοῦ
2991 4314 3252 4384 έλλαμψιν
3287 4311 3588 4383 χαρίζεται,
3629 4313 3723 4364 καὶ

2064 4412 2207 4468 κατά
2233 4412 2330 4482 τὴν
2357 4410 2661 4480 εὐμήχανον
2693 4405 2855 4460 αὐτοῦ
2886 4403 3076 4473 σοφίαν
3107 4404 3286 4455 πᾶσαν
3313 4402 3408 4471 τὴν
3436 4399 3612 4470 ἀληθῆ
3647 4401 3725 4453 δι-

2063 4500 2356 4556 δασκαλίαν
2378 4497 2617 4567 ἐντίθησι
2637 4498 2703 4566 τῇ
2728 4492 2970 4565 ἡμετέρᾳ
2985 4491 3147 4562 ψυχῇ.
3167 4487 3317 4561 [ᾏΠ]
3335 4487 3431 4540 Διά
3451 4487 3613 4540 τοῦτο
3630 4488 3724 4541 καὶ

2068 4587 2388 4658 προτρέπων
2410 4584 2556 4656 ἡμᾶς
2580 4583 2672 4635 ἐπὶ
2699 4581 2874 4643 τοῦτο,
2906 4577 3000 4633 καὶ
3036 4575 3474 4648 προθυμοτέρους
3499 4573 3727 4645 ἐργαζό-

2070 4690 2258 4747 μενος,
2304 4669 2668 4742 μακαρισμῶν
2697 4667 2879 4732 ἀξίους
2906 4664 3150 4734 ἀπέφηνε
3195 4665 3317 4725 τούς
3359 4661 3450 4715 τὸν
3485 4659 3726 4714 τοιοῦτον

2067 4762 2231 4816 πόθον
2257 4757 2752 4828 ἐπιδεικνυμένους,
2777 4753 2973 4823 λέγων,
3003 4750 3293 4820 Μακάριοι
3321 4753 3372 4803 οι
3404 4747 3727 4813 πεινῶντες

2068 4849 2165 4906 καί
2186 4847 2477 4918 διψῶντες
2506 4845 2620 4913 τὴν
2641 4843 3054 4908 δικαιοσύνην,
3085 4839 3172 4893 ὅτι
3195 4837 3364 4892 αὐτοὶ
3390 4835 3722 4907 χορτασθή-

2068 4953 2300 4992 σονται.
2343 4936 2486 5006 Ὅρα
2518 4933 2707 5003 σοφίαν
2747 4928 3064 4984 διδασκάλου
3085 4944 3099 4959 ν
3143 4927 3204 4980 οὐ
3236 4925 3323 4979 διὰ
3359 4923 3452 4977 τοῦ
3492 4941 3729 4994 μακαρι-

2072 5025 2211 5098 σμοῦ
2236 5025 2396 5096 μόνον
2425 5018 2776 5093 προέτρεψεν,
2800 5016 2934 5073 ἀλλά
2956 5016 3051 5069 καὶ
3077 5013 3153 5084 τῷ
3174 5014 3366 5076 εἰπεῖν,
3390 5014 3453 5098 οἱ
3478 5009 3728 5098 ,πεινῶν-

2070 5095 2170 5181 τες
2222 5095 2321 5167 καὶ
2375 5101 2668 5179 διψῶντες
2721 5104 2834 5173 τὴν
2880 5102 3304 5167 δικαιοσύνην,
3355 5095 3558 5163 ἐδίδαξε
3605 5097 3728 5158 τούς

2070 5201 2366 5264 ἀκούοντας
2396 5196 2513 5270 μεθ’
2540 5197 2671 5266 ὅσης
2693 5191 3000 5264 προθυμίας
3027 5189 3290 5261 προσήκει
3328 5185 3462 5256 πρὸς
3494 5186 3595 5256 τὴν
3621 5185 3726 5236 τῶν

2073 5287 2457 5362 πνευματικῶν
2507 5283 2702 5353 λογίων
2753 5280 2974 5352 ἔρευναν
3026 5277 3221 5348 ὁρμᾷν.
3278 5273 3544 5362 Καθάπερ
3600 5271 3727 5362 γὰρ,

2074 5359 2258 5449 φησὶν,
2288 5377 2336 5430 οἱ
2367 5372 2556 5444 πείνης
2587 5363 3058 5442 προηγησαμένης
3079 5361 3218 5434 μετὰ
3253 5359 3556 5449 προθυμίας
3593 5360 3731 5449 ἀφάῖ

2074 5445 2166 5522 του
2195 5467 2285 5520 ἐπὶ
2309 5463 2406 5535 τὴν
2436 5460 2641 5533 τροφὴν
2697 5457 3025 5524 ἐπείγονται,
3057 5452 3151 5505 καὶ
3183 5451 3232 5502 οί
3270 5449 3376 5502 ἀπὸ
3411 5446 3500 5500 τοῦ
3538 5445 3728 5535 πολλοῦ

2075 5558 2258 5627 δίψους
2285 5534 2628 5621 ἐκκαιόμενοι
2661 5547 2740 5618 τῷ
2782 5545 2982 5615 πόματι
3021 5539 3156 5613 μετά
3187 5536 3423 5627 σπουδῆς
3449 5534 3726 5627 προσία-σι·

2075 5645 2215 5700 κατά
2239 5643 2327 5695 τὸν
2364 5640 2526 5694 αὐτὸν
2560 5637 2624 5708 δὴ
2665 5635 2861 5706 τρόπον
2889 5631 3185 5704 προσήκει,
3215 5625 3464 5693 καθάπερ
3506 5621 3730 5675 πεινῶν-

2077 5753 2174 5798 τας
2215 5734 2307 5787 καὶ
2346 5727 2632 5799 διψῶντας,
2663 5723 2802 5777 οὕτω
2823 5723 2887 5792 τῇ
2922 5715 3236 5787 διδασκαλία
3270 5716 3336 5784 τῇ
3394 5711 3731 5781 πνευματικῇ
