3804 6278
195 276 300 334 205

193 405 327 461 tem,
356 392 599 463 aspirare
626 390 695 446 ad
718 405 903 447 veram
928 389 1175 462 gloriam,
1208 398 1262 444 et
1281 402 1595 459 prazponere
1617 386 1794 442 visibi.

192 484 336 540 libus
368 483 620 538 omnibus
655 481 870 537 laudem
906 494 1026 552 qua:
1052 496 1082 535 a
1115 480 1224 536 Deo
1253 488 1337 535 est
1369 496 1383 534 :
1413 493 1589 534 nonne
1618 476 1793 532 mani-

192 578 392 632 festum
433 586 516 633 est
548 590 643 632 eos
674 616 690 641 ,
725 584 848 646 post
883 576 1108 645 gratiam
1141 574 1236 629 Dei
1269 616 1286 639 ,
1315 587 1413 629 suo
1450 572 1626 628 studio
1658 573 1795 627 bene

189 684 353 737 agere
386 682 547 739 posse
566 710 580 728 .
610 682 816 738 nosque
841 675 1021 722 nostra
1049 666 1256 736 ignavia
1284 672 1522 721 nostram
1547 664 1792 719 amittere

188 760 425 814 salutem
455 800 472 824 ,
500 768 556 813 et
581 757 697 828 ejus
725 754 893 828 gratia
920 773 1018 811 nos
1048 757 1327 826 spoliare?

262 850 319 905 6.
354 847 573 904 Herulis
599 849 1310 919 abeuntia—Quapropter
1338 847 1562 904 obsecro
1595 856 1652 902 ut
1680 847 1795 904 lure

189 944 492 1013 cogitantes
519 985 535 1008 ,
578 950 632 997 et
669 942 725 996 in
752 950 929 998 mente
974 952 1153 997 nostra
1196 942 1449 996 continuo
1474 951 1747 997 versantes
1775 982 1791 1007 ,

192 1050 487 1104 numquam
515 1033 787 1090 diabolum
813 1073 830 1099 ,
859 1032 953 1088 sed
980 1041 1218 1088 nostram
1245 1030 1414 1088 levem
1445 1030 1793 1103 ignavamque

194 1136 432 1181 mentem
462 1139 768 1196 arguamus.
790 1124 859 1179 Et
882 1124 999 1179 haec
1022 1125 1142 1180 dico
1172 1139 1276 1179 non
1298 1124 1439 1194 quod
1466 1120 1735 1179 diabolum
1761 1138 1792 1177 a

192 1231 293 1271 suo
317 1216 546 1271 crimine
569 1214 850 1271 absolvere
874 1215 1074 1270 velim:
1105 1215 1244 1269 absit
1282 1230 1298 1267 :
1329 1214 1474 1269 vadit
1494 1216 1634 1270 enim
1658 1215 1795 1271 sicut

191 1306 282 1362 leo
301 1316 363 1363 ut
388 1308 578 1377 rapiat,
606 1316 659 1362 et
683 1309 917 1378 rugiens,
939 1316 994 1363 et
1014 1322 1259 1378 quarens
1280 1323 1437 1377 quem
1464 1307 1681 1363 devoret
1715 1307 1787 1380 (l.

195 1397 314 1453 Pet.
345 1399 398 1455 5.
428 1397 462 1453 8
489 1395 509 1470 )
543 1416 556 1452 :
586 1398 681 1453 sed
712 1407 767 1453 et
788 1414 885 1453 nos
905 1399 1171 1453 cautiores
1198 1397 1423 1453 reddere
1453 1396 1613 1465 volui,
1648 1410 1702 1453 ut
1727 1415 1793 1455 ne

192 1491 566 1546 existimemus
586 1506 772 1545 carere
799 1504 897 1545 nos
924 1490 1099 1560 culpa,
1127 1489 1388 1559 siquidem
1419 1497 1525 1544 tam
1553 1488 1704 1545 facile
1726 1489 1793 1545 ad

195 1583 460 1637 malitiam
501 1582 895 1653 prorumpimus
928 1623 943 1647 ,
975 1591 1028 1637 et
1073 1597 1140 1637 ne
1189 1578 1373 1636 frivola
1425 1581 1511 1635 illa
1553 1580 1793 1637 dicamus

193 1676 359 1731 verba
386 1694 399 1730 :
428 1674 604 1743 Quare
636 1676 775 1730 Deus
802 1673 1002 1729 dimisit
1026 1674 1175 1729 illum
1203 1681 1307 1729 tam
1342 1673 1642 1744 improbum
1669 1715 1685 1739 ,
1733 1684 1793 1730 ut

192 1768 563 1838 supplantaret
598 1775 653 1822 et
687 1765 1094 1837 prosterneret?
1136 1766 1273 1821 Sunt
1301 1766 1441 1820 enim
1473 1764 1587 1821 haec
1630 1765 1792 1822 verba

194 1862 387 1933 ingrati
418 1860 706 1914 admodum
732 1859 913 1914 animi.
949 1858 1143 1913 Verum
1178 1866 1231 1913 tu
1276 1857 1377 1913 hoc
1404 1866 1579 1913 tecum
1609 1858 1790 1913 consi-

193 1952 349 2015 dera,
378 1950 527 2006 illum
554 1958 774 2021 propter
798 1949 901 2005 hoc
930 1951 1262 2020 potissimum
1295 1948 1537 2005 relictum
1560 1965 1701 2014 esse,
1735 1960 1793 2006 ut

194 2042 392 2097 timore
436 2040 743 2112 compulsi,
771 2050 824 2095 et
875 2040 1043 2096 hostis
1100 2040 1320 2095 insidias
1368 2050 1739 2110 exspectantes
1770 2083 1786 2110 ,

191 2135 365 2190 simus
391 2116 647 2203 perpetuo
672 2133 835 2189 sobrii
864 2142 920 2189 et
946 2133 1131 2201 vigiles
1151 2175 1166 2200 ,
1194 2132 1539 2202 laboremque
1581 2136 1791 2190 virtutis

193 2226 453 2280 leviorem
480 2224 737 2281 faciamus
764 2240 858 2295 spe
880 2225 1289 2280 retributionum
1319 2236 1374 2284 et
1391 2226 1789 2295 exspectatione

191 2328 522 2373 mternorum
552 2328 608 2373 et
632 2316 979 2373 ineffabilium
1006 2317 1215 2371 illorum
1257 2316 1540 2371 bonorum.
1570 2315 1639 2371 Et
1663 2318 1787 2388 quid

190 2408 442 2475 miraris,
480 2409 525 2462 si
561 2408 633 2464 ob
659 2409 797 2464 hanc
824 2423 1039 2464 causam
1070 2408 1284 2477 reliquit
1308 2407 1579 2462 diabolum
1609 2409 1747 2463 Deus
1769 2451 1783 2476 ,

188 2502 277 2557 cui
298 2510 442 2556 tanta
474 2509 671 2555 nostra:
700 2500 885 2555 salutis
905 2515 1053 2564 cura,
1082 2507 1136 2553 et
1164 2498 1252 2568 qui
1276 2498 1345 2552 ita
1379 2508 1615 2553 nostram
1638 2514 1784 2554 som-
1818 2541 1822 2544 .

190 2596 488 2650 nolentium
529 2594 780 2661 excutit,
825 2592 1213 2661 materiamque
1255 2605 1577 2646 coronarum
1629 2592 1785 2646 nobis

190 2694 461 2757 pneparat
485 2685 510 2739 ?
535 2684 708 2755 Ipsam
736 2685 896 2739 etiam
925 2682 1222 2754 gehennam
1254 2691 1532 2752 propterea
1559 2682 1781 2751 paravit,

190 2789 249 2831 ut
278 2788 455 2833 metus
484 2793 653 2847 pmua:
682 2776 1133 2847 intolerabilisque
1159 2776 1426 2830 cruciatus
1468 2775 1535 2829 ad
1562 2790 1783 2846 regnum

190 2887 290 2926 nos
312 2870 574 2941 impellat.
618 2869 808 2925 Vidisti
838 2869 1089 2925 solertem
1119 2868 1323 2923 Domini
1356 2867 1734 2937 benignitatem
1760 2869 1784 2923 ’ἰ

188 2966 466 3035 quomodo
492 2967 668 3019 omnia
699 2964 858 3019 faciat
882 2973 935 3019 et
964 2970 1157 3018 tractet
1194 3003 1209 3028 ,
1243 2971 1300 3016 ut
1343 2976 1448 3015 non
1485 2961 1656 3016 solum
1691 2976 1784 3017 eos
1824 2988 1836 2999 ε

186 3059 276 3128 qui
303 3058 374 3113 ab
397 3072 457 3113 se
480 3055 677 3112 conditi
705 3064 826 3111 sunt
843 3064 1037 3121 servet,
1053 3053 1147 3109 sed
1178 3062 1232 3110 et
1259 3052 1608 3108 inetl‘abilibus
1631 3052 1783 3108 bonis

187 3149 363 3205 ditet?
394 3150 679 3221 Propterea
712 3150 935 3204 liberum
960 3148 1235 3202 arbitrium
1277 3147 1431 3200 nobis
1470 3145 1662 3201 indidit
1689 3187 1703 3213 ,
1728 3156 1784 3202 et

188 3247 243 3300 in
289 3256 478 3299 natura
522 3243 955 3313 conscientiaque
999 3250 1179 3295 nostra
1227 3239 1467 3308 reposuit
1504 3239 1779 3293 scientiam

188 3335 317 3389 boni
345 3343 399 3390 et
426 3334 581 3402 mali,
615 3332 998 3403 diabolumque
1028 3347 1146 3387 esse
1174 3331 1416 3400 permisit
1444 3372 1459 3397 ,
1493 3344 1555 3385 ac
1577 3329 1781 3400 gehen-

187 3444 312 3482 nam
342 3427 575 3482 minatus
602 3435 705 3491 est,
735 3433 793 3480 ut
821 3441 938 3480 eam
971 3440 1079 3479 non
1114 3412 1483 3494 experiremur
1510 3464 1525 3489 ,
1567 3422 1661 3478 sed
1697 3439 1780 3478 re~

184 3535 352 3591 gnum
380 3519 814 3590 adipiscerentur.
841 3519 908 3573 Et
928 3517 1055 3588 quid
1084 3517 1295 3572 miraris
1324 3517 1366 3571 si
1398 3516 1497 3571 ista
1529 3517 1706 3571 omnia
1726 3524 1780 3571 et

186 3615 469 3668 innumera
494 3611 593 3666 alia
628 3610 747 3666 ideo
771 3609 996 3665 fecerit?
1024 3609 1121 3675 Qui
1152 3608 1202 3662 in
1232 3609 1347 3662 sinu
1365 3607 1539 3663 Patris
1563 3616 1644 3663 est
1671 3608 1781 3663 for-

185 3724 336 3765 tnam
361 3707 499 3763 servi
531 3707 806 3775 suscipere
831 3702 998 3760 voluit
1018 3702 1278 3772 (Philipp.
1309 3701 1365 3755 2.
1394 3700 1448 3772 7)
1478 3743 1493 3768 ,
1520 3710 1574 3756 et
1602 3701 1780 3756 omnia

184 3800 291 3856 alia
322 3798 591 3854 sustinere
620 3814 739 3868 qua:
781 3795 847 3849 ad
884 3811 1079 3865 corpus
1111 3795 1381 3864 pertinent
1414 3835 1428 3859 ,
1461 3808 1525 3847 ex
1559 3795 1781 3850 muliere

182 3901 368 3949 ortum
397 3890 616 3956 habere,
646 3904 712 3944 ex
737 3886 954 3958 Virgine
980 3887 1162 3951 nasci,
1194 3900 1386 3941 novem
1423 3884 1697 3940 mensibus
1726 3886 1780 3939 in

184 3993 345 4040 utero
384 3982 582 4053 gestari
614 4022 630 4047 ,
680 3981 868 4050 pannis
897 3978 1092 4034 involvi
1126 4019 1142 4045 ,
1190 3988 1398 4047 patrem
1425 3993 1577 4033 suum
1608 3980 1783 4049 putari

184 4077 391 4149 Joseph
411 4091 667 4147 sponsum
682 4074 881 4141 Mariae,
900 4071 1151 4143 paulatim
1173 4087 1435 4137 crescere,
1451 4072 1780 4138 circumcidi,

184 4170 513 4228 sacriﬁcium
544 4168 756 4233 olferre,
777 4167 1007 4232 esurire,
1037 4164 1207 4230 sitire,
1234 4163 1460 4234 fatigari,
1488 4173 1541 4219 et
1568 4164 1782 4219 tandem

186 4265 353 4319 etiam
380 4270 611 4316 mortem
639 4259 903 4313 sustinere
941 4275 954 4311 :
987 4266 1042 4313 et
1071 4266 1298 4313 mortem
1332 4272 1436 4311 non
1467 4256 1737 4325 vulgarem
1765 4300 1780 4324 ,

183 4355 282 4411 sed
314 4367 437 4409 eam
453 4367 572 4423 qure
596 4349 1093 4422 ignominiosissima
1118 4348 1429 4413 habebatur,
1447 4349 1621 4404 crucis
1640 4350 1781 4416 dico;

186 4456 241 4502 et
263 4446 384 4501 haec
409 4443 590 4499 omnia
610 4452 826 4512 propter
856 4456 955 4498 nos
975 4449 1321 4510 nostramque
1345 4439 1569 4495 salutem
1600 4455 1782 4496 susce-

185 4540 265 4607 pit
294 4534 540 4589 omnium
566 4528 828 4588 Conditor
852 4573 867 4598 ,
898 4530 1263 4597 immutabilis,
1292 4532 1380 4602 qui
1411 4531 1587 4585 omnia
1613 4546 1677 4586 ex
1701 4532 1782 4585 ni-

185 4630 301 4683 ltilo
334 4637 391 4681 ut
417 4634 599 4681 essent
629 4624 920 4694 produxit,
948 4624 1036 4694 qui
1065 4622 1280 4691 respicit
1310 4631 1504 4677 terram
1536 4664 1551 4690 ,
1579 4630 1633 4676 et
1661 4620 1788 4677 facit

182 4736 308 4778 eam
335 4730 569 4775 tremere
599 4718 770 4791 (Psal.
796 4718 917 4773 105.
941 4717 1035 4787 52)
1057 4734 1071 4779 ;
1093 4717 1246 4787 cujus
1272 4715 1462 4787 gloria:
1488 4715 1666 4786 fulgur
1692 4731 1785 4772 ne-

181 4829 292 4883 que
305 4809 620 4877 Cherubim,
636 4808 961 4878 incorporeae
976 4808 1079 4863 illa:
1090 4808 1332 4874 virtutes,
1345 4807 1526 4863 videre
1541 4816 1783 4878 possunt,

182 4903 283 4959 sed
318 4901 575 4956 adversas
610 4899 771 4955 facies
813 4908 996 4970 tegunt
1038 4898 1260 4969 objectis
1299 4899 1399 4953 alis
1426 4939 1440 4961 ,
1469 4899 1785 4954 miraculum

184 4995 351 5051 nobis
380 4993 728 5058 exhibentes;
762 5007 919 5064 quem
948 5008 1161 5062 semper
1188 4992 1402 5046 laudant
1424 4992 1594 5063 angeli
1623 5003 1675 5048 et
1699 5008 1786 5047 ar-

182 5088 439 5159 changeli
471 5129 487 5153 ,
532 5096 589 5142 et
630 5086 911 5141 innumera
958 5080 1159 5140 millia:
1192 5084 1279 5140 hic
1324 5095 1544 5155 propter
1573 5101 1670 5140 nos
1696 5127 1708 5152 ,
1737 5095 1791 5142 et

185 5190 419 5253 propter
446 5188 686 5234 nostram
714 5178 941 5233 salutem
961 5219 977 5244 ,
998 5176 1162 5231 homo
1187 5176 1303 5232 fieri
1330 5176 1535 5243 voluit,
1566 5187 1620 5233 et
1647 5177 1789 5247 opti-

183 5290 293 5329 mae
321 5274 448 5328 vita:
474 5271 632 5327 nobis
658 5271 796 5325 viam
831 5269 1036 5341 paravit
1068 5312 1083 5338 ,
1116 5278 1170 5324 et
1214 5284 1310 5340 per
1346 5284 1406 5325 ea
1435 5269 1787 5326 sufficientem

186 5366 350 5421 nobis
392 5362 697 5419 doctrinam
727 5362 1062 5433 consignavit
1089 5403 1103 5429 ,
1138 5376 1235 5432 per
1272 5376 1391 5432 qua:
1419 5360 1518 5415 hac
1548 5361 1663 5432 ipsa
1690 5376 1785 5417 no-

182 5470 300 5514 stra
336 5466 528 5513 natura
558 5461 833 5525 assumpta
882 5453 1147 5510 transivit.
1192 5453 1322 5522 Quae
1367 5453 1526 5525 igitur
1569 5453 1791 5524 poetltac

181 5550 351 5604 nobis
381 5549 491 5604 erit
511 5546 788 5602 excusatio
808 5586 822 5611 ,
851 5546 895 5599 si
920 5559 1040 5600 cum
1071 5552 1149 5599 tot
1171 5552 1419 5616 tantaque
1449 5542 1675 5601 salutem
1698 5559 1794 5600 no-

182 5650 361 5696 stram
385 5636 780 5707 praecesserint,
800 5636 852 5690 in
867 5635 1026 5691 rebus
1050 5634 1321 5691 inutilibus
1338 5650 1434 5691 nos
1450 5648 1790 5706 occupemus,

185 5732 315 5789 sola
351 5730 497 5786 circa
546 5728 662 5784 iure
704 5728 1020 5803 negligentia
1051 5738 1287 5785 nostram
1314 5727 1619 5785 amittentes
1643 5727 1783 5785 salu-

1299 272 1366 329 1N
1402 271 1555 329 CAP.
1604 270 1687 325 γι.
1728 258 1969 333 GENES.
2010 273 2243 331 BOMIL.
2276 273 2467 329 xxw.

3383 279 3486 335 266

1907 396 2015 444 tem
2042 388 2065 443 ?
2094 388 2325 445 Proinde
2362 390 2587 446 obsecro
2617 398 2675 447 ut
2719 373 2999 462 vigilemus
3031 434 3047 460 ,
3076 402 3130 449 et
3157 410 3262 450 non
3292 405 3494 453 temere

1901 476 2126 535 aliorum
2157 495 2444 550 sequamur
2466 484 2929 550 consuetudinem,
2958 485 3053 541 sed
3072 495 3307 542 nostram
3329 488 3491 544 vitam

1902 568 2137 641 quotidie
2177 571 2460 643 diligenter
2497 576 2831 631 excutiamus
2864 618 2879 644 ,
2928 576 3309 651 videamusque
3364 580 3490 650 quid

1902 673 2177 731 peccatum
2202 704 2218 729 ,
2249 664 2444 734 quidve
2474 674 2617 721 recte
2647 682 2678 720 a
2723 667 2877 722 nobis
2920 678 3127 739 gestum
3161 670 3267 723 sit:
3311 678 3370 725 ut
3413 671 3491 725 sic

1902 760 2114 822 peccata
2145 764 2324 808 nostra
2361 756 2707 811 emendemus
2727 800 2742 824 ,
2772 773 3163 830 supernamque
3190 760 3344 815 nobis
3371 777 3491 832 gra.

1899 847 2026 900 tiam
2049 845 2394 902 conciliemus
2428 890 2442 909 ,
2479 864 2541 902 ac
2567 849 2675 903 Deo
2705 850 3008 918 placeamus
3042 893 3057 918 ,
3086 852 3331 922 exemplo
3358 853 3490 921 justi

1901 934 2060 1003 illius,
2087 946 2143 992 et
2169 936 2401 1008 denique
2426 954 2646 1009 regnum
2674 955 3023 1010 assequamur
3047 942 3297 996 cmlorum
3323 986 3336 1008 ,
3367 958 3491 1012 gra-

1900 1029 1971 1082 tia
2002 1037 2056 1084 et
2090 1030 2455 1084 misericordia
2489 1031 2693 1085 Domini
2727 1031 2893 1087 nostri
2930 1031 3056 1087 Jesu
3097 1032 3334 1102 Christi,
3363 1051 3487 1090 cum

1898 1134 2005 1189 quo
2034 1120 2214 1186 Patri,
2245 1122 2476 1177 simulet
2503 1122 2721 1192 Spiritui
2751 1136 2935 1179 sancto
2964 1127 3031 1179 sit
3060 1126 3223 1196 gloria
3247 1170 3261 1193 ,
3293 1127 3486 1194 honor,

1898 1211 2215 1281 imperium,
2245 1230 2386 1270 nunc
2408 1224 2462 1270 et
2486 1230 2728 1287 semper,
2761 1226 2815 1271 et
2844 1216 2895 1271 iu
2923 1219 3115 1272 saecula
3144 1219 3484 1276 saeculorum.

1898 1305 2090 1360 Amen.

2438 1421 2718 1478 HOMILIA
2760 1422 2948 1480 XXIV.

1898 1532 2082 1587 Genuit
2113 1542 2283 1588 autem
2308 1534 2426 1590 Noe
2454 1546 2553 1591 tres
2582 1536 2717 1605 ﬁlios
2746 1579 2760 1604 ,
2791 1536 2914 1593 Sem
2945 1579 2962 1605 ,
3000 1537 3164 1593 Cltam
3188 1582 3203 1604 ,
3248 1539 3439 1609 Juphet
3466 1558 3484 1594 :

1969 1634 2209 1695 corrupta
2245 1635 2416 1681 autem
2439 1637 2547 1681 erat
2580 1639 2717 1683 terra
2735 1645 2907 1684 coram
2936 1629 3043 1685 Deo
3064 1671 3079 1696 ,
3125 1640 3173 1686 et
3199 1633 3390 1702 repleta
3417 1642 3489 1686 est

1968 1726 2101 1772 terra
2115 1718 2365 1790 injustitia
2391 1718 2547 1790 (Gen.
2576 1721 2630 1776 6.
2659 1722 2770 1791 10).

1972 1855 2021 1909 Ι.
2064 1854 2336 1925 Scriptura
2362 1873 2462 1910 non
2488 1858 2647 1913 obiter
2673 1860 2903 1928 legenda.
2936 1892 3006 1900 —
3034 1860 3183 1916 llaud
3213 1862 3484 1932 vulgarem

1896 1946 2173 2002 utilitatem
2203 1945 2316 2002 heri
2335 1948 2487 2003 nobis
2507 1950 2681 2004 attulit
2705 1951 2830 2020 justi
2854 1952 2964 2006 Noe
2992 1953 3317 2023 genealogia.
3349 1954 3481 2009 Nam

1895 2048 1949 2091 et
1975 2038 2323 2108 cognovimus
2352 2041 2647 2097 mirabilem
2677 2045 3002 2113 genealogia:
3025 2045 3241 2099 modum
3272 2089 3286 2110 ,
3318 2056 3371 2101 et
3400 2047 3482 2101 vi-

1893 2125 2069 2185 dimus
2092 2128 2295 2200 justum
2327 2124 2553 2200 laudari,
2578 2148 2685 2188 non
2706 2149 2734 2187 a
2764 2144 3041 2205 parentum
3066 2122 3307 2192 claritate
3336 2181 3351 2205 ,
3386 2140 3481 2193 sed

1892 2234 1922 2273 a
1950 2236 2160 2276 morum
2199 2222 2467 2292 probitate
2501 2267 2514 2289 ,
2561 2235 2777 2296 propter
2822 2240 2979 2297 quam
3024 2236 3229 2284 tantum
3275 2231 3485 2302 accepit

1893 2316 2253 2372 testimonium
2290 2335 2321 2373 a
2356 2318 2533 2374 divina
2561 2319 2836 2391 Scriptura
2876 2313 3037 2376 {Noe
3060 2324 3232 2390 enim,
3269 2324 3439 2394 inquit
3464 2367 3479 2388 ,

1892 2408 2041 2463 homo
2080 2412 2253 2480 justus
2276 2452 2292 2478 ,
2326 2411 2576 2482 perfectus
2613 2413 2854 2468 exsistam
2882 2414 2935 2468 in
2977 2416 3299 2486 generatione
3350 2431 3480 2471 sua:

1890 2497 2000 2553 Deo
2016 2501 2207 2570 placuit
2232 2501 2367 2557 Noe.
2387 2503 2577 2559 Totum
2596 2505 2737 2559 enim
2759 2519 3063 2560 sermonem
3093 2506 3144 2560 in
3174 2522 3338 2576 pauca
3363 2508 3481 2563 haec

1890 2590 2053 2645 verba
2089 2592 2471 2662 iusumpsimus
2510 2593 2647 2649 heri.
2694 2594 3136 2665 Quandoquidem
3177 2595 3481 2653 divinorum

1890 2683 2220 2753 eloquiorum
2251 2694 2438 2741 natura
2464 2687 2517 2741 in
2548 2688 2727 2758 paucis
2753 2688 2932 2743 verbis
2963 2688 3156 2744 multas
3184 2692 3477 2745 sententia-

1889 2792 2005 2831 rum
2042 2777 2193 2833 affert
2220 2778 2429 2832 divitias
2458 2820 2473 2846 ,
2506 2788 2560 2834 et
2600 2778 2915 2835 ineffabilem
2947 2780 3227 2852 diligenter
3254 2785 3478 2839 scrutari

1888 2871 2187 2927 volentibus
2212 2875 2518 2929 thesaurum
2544 2872 2783 2942 largitur.
2812 2873 3042 2930 Proinde
3067 2917 3081 2943 ,
3111 2876 3336 2931 obsecro
3359 2918 3375 2944 ,
3408 2893 3479 2934 ne

1888 2961 2013 3032 quid
2044 2961 2097 3016 in
2126 2961 2299 3018 sacris
2319 2960 2513 3019 Literis
2540 2963 2901 3034 perfunctorie
2928 2976 3017 3019 aut
3045 2966 3219 3023 obiter
3257 2977 3479 3037 praeter-

1886 3060 2058 3120 eatur,
2089 3053 2181 3109 sed
2211 3054 2421 3109 etiamsi
2444 3056 2657 3110 nomina
2684 3067 3097 3123 recenseantur,
3126 3059 3207 3113 vel
3241 3059 3485 3116 historia:

1886 3154 2193 3212 narrentur,
2213 3146 2545 3200 reconditum
2575 3147 2954 3217 investigemus
2981 3149 3307 3205 thesaurum.
3342 3150 3474 3205 Nam

1885 3234 2007 3291 ideo
2051 3235 2293 3291 Christus
2342 3235 2586 3293 diccbat:
2621 3238 2934 3294 Scrutamini
2972 3239 3268 3309 Scripturas
3296 3242 3477 3314 (Joan.

1886 3326 1939 3384 5.
1973 3326 2241 3399 39).,Quia
2270 3346 2373 3383 tmn
2404 3328 2597 3401 ubique
2624 3331 2677 3385 in
2707 3334 2988 3403 superficie
3012 3347 3163 3389 mens
3184 3334 3476 3405 Scriptura:

1885 3420 2154 3475 invenitur
2177 3462 2191 3483 ,
2238 3420 2331 3476 sed
2374 3436 2508 3491 opus
2533 3431 2613 3477 est
2651 3424 2907 3477 scrutinio
2936 3425 3101 3479 multo
3135 3468 3148 3491 ,
3182 3435 3237 3478 ut
3265 3426 3394 3479 nihil
3423 3427 3475 3479 in

1886 3512 2151 3584 profundo
2176 3514 2377 3578 latens,
2412 3513 2565 3570 nobis
2597 3525 2871 3570 remaneat
2896 3515 3290 3572 absconditum.
3322 3517 3474 3584 Quod

1887 3604 1931 3659 si
1962 3604 2072 3659 sola
2101 3614 2303 3659 natura:
2331 3606 2775 3674 appellatio,boc,
2794 3606 3027 3676 inquam,
3054 3623 3269 3674 nomen,
3308 3606 3479 3663 Homo

1889 3693 2051 3763 (Gen.
2077 3694 2128 3748 6.
2153 3694 2225 3762 9)
2252 3736 2267 3761 ,
2302 3704 2459 3748 tantae
2492 3696 2643 3749 nobis
2680 3697 2918 3750 utilitatis
2957 3707 3328 3766 argumentum
3357 3698 3474 3752 heri

1887 3784 2016 3840 fuit:
2044 3795 2299 3855 quantum
2330 3786 2535 3840 lucrum
2563 3801 2667 3840 non
2694 3787 3043 3856 percipiemus
3069 3828 3083 3854 ,
3116 3789 3159 3842 si
3187 3796 3385 3843 attenta
3412 3803 3474 3845 ac

1885 3877 2029 3947 vigili
2061 3884 2239 3932 mente
2266 3877 2493 3947 singula,
2525 3892 2644 3948 qua:
2670 3879 2722 3933 in
2744 3892 2893 3934 sacra
2920 3877 3191 3950 Scriptura
3211 3879 3472 3946 feruntur,

1888 3968 2214 4023 audierimus
2240 3969 2263 4022 ?
2290 3969 2500 4024 Etenim
2529 3969 2850 4025 clementem
2882 3970 3140 4026 habemus
3162 3971 3469 4039 Dominum,

1888 4071 1942 4118 et
1967 4061 2179 4133 quando
2203 4061 2346 4118 videt
2369 4076 2467 4117 nos
2488 4062 2763 4131 sollicitos,
2794 4073 2848 4119 et
2876 4079 3120 4134 magnum
3149 4064 3474 4120 desiderium

1888 4156 1956 4211 ad
1976 4154 2342 4225 cognoscenda
2368 4155 2558 4210 divina
2585 4155 2795 4226 eloquia
2825 4156 3051 4223 habere,
3082 4172 3188 4211 non
3217 4157 3490 4228 permittit.

1889 4264 1988 4303 nos
2018 4249 2121 4303 ulla
2149 4263 2206 4302 re
2234 4247 2491 4319 indigere,
2515 4248 2608 4304 sed
2640 4248 2819 4303 statim
2857 4248 3085 4305 illustrat
3114 4259 3347 4305 mentem
3378 4265 3485 4304 no-

1889 4351 2091 4407 stram,
2117 4349 2171 4396 et
2197 4355 2350 4394 suum
2377 4338 2636 4410 fulgorem
2664 4339 2886 4411 largitur
2918 4383 2933 4407 ,
2978 4349 3033 4397 et
3055 4357 3156 4413 pro
3180 4340 3483 4411 perspicaci

1890 4430 2148 4501 sapientia
2177 4430 2267 4485 illa
2285 4446 2379 4486 sua
2407 4445 2619 4486 omnem
2643 4446 2823 4487 veram
2846 4432 3142 4490 doctrinam
3169 4434 3362 4490 animae
3384 4450 3487 4491 noo

1892 4535 2017 4582 strue
2046 4526 2250 4581 inserit.
2297 4525 2596 4596 Eapropter
2624 4542 2744 4582 cum
2783 4544 2880 4585 nos
2908 4529 2976 4585 ad
3004 4530 3144 4586 istud
3172 4530 3349 4602 ipsum
3378 4531 3479 4588 ad-

1894 4619 2196 4673 hortaretur
2216 4660 2229 4685 ,
2258 4628 2313 4672 et
2333 4617 2620 4674 alacriores
2652 4620 2851 4677 faceret
2882 4623 2909 4689 ,’
2929 4623 3257 4681 beatitudine
3286 4625 3484 4697 dignos

1891 4709 2185 4764 declaravit
2204 4724 2298 4765 eos
2326 4710 2413 4781 qui
2435 4710 2538 4766 tale
2566 4711 2887 4768 desiderium
2917 4729 3028 4785 prae
3056 4731 3114 4771 se
3142 4715 3367 4785 ferrent,
3400 4717 3488 4772 di-

1892 4819 2053 4859 cens:
2078 4802 2220 4857 Beati
2247 4805 2334 4873 qui
2361 4806 2589 4859 esuriant
2619 4815 2665 4861 et
2697 4808 2873 4861 sitiunt
2889 4810 3148 4880 justitiam
3176 4852 3189 4876 ,
3233 4812 3353 4883 quia
3382 4812 3482 4881 ipsi

1893 4896 2480 4967 saturabanturﬂfatth.
2510 4898 2564 4953 ὅ.
2594 4898 2673 4969 6).
2705 4899 2837 4955 Vide
2862 4902 3173 4971 sapientiatn
3196 4902 3430 4959 doctoris
3464 4924 3482 4972 ς

1894 5003 2000 5043 non
2027 4989 2199 5043 solum
2226 5004 2323 5044 nos
2355 5004 2447 5059 per
2474 4989 2851 5045 beatitudinem
2884 4991 3252 5056 hortatur,sed
3279 5003 3331 5047 et
3360 5009 3481 5049 cum

1894 5079 2049 5145 dixit,
2083 5079 2182 5146 Qui
2203 5080 2430 5133 esuriant
2447 5088 2491 5132 et
2506 5079 2680 5133 sitiunt
2690 5080 2964 5150 justitiam,
2983 5080 3163 5138 docuit
3180 5082 3482 5150 audientes,

1895 5181 2089 5242 quanta
2135 5170 2407 5225 alacritate
2448 5170 2743 5241 spiritualia
2790 5171 2999 5242 eloquia
3039 5173 3359 5244 investigare
3389 5190 3485 5245 par

1896 5263 2073 5318 fuerit.
2100 5260 2557 5330 Quemadmodum
2589 5304 2603 5328 ,
2630 5261 2839 5331 inquit,
2866 5262 2901 5317 ii
2933 5280 3066 5333 quos
3098 5264 3265 5321 fames
3294 5265 3438 5321 ducit
3465 5308 3482 5328 ,

1896 5349 2030 5403 mira
2054 5348 2328 5402 alacritate
2353 5347 2421 5402 ad
2444 5346 2595 5402 cibos
2639 5347 2907 5413 festinant,
2938 5358 2994 5405 et
3027 5351 3117 5420 qui
3155 5351 3243 5406 siti
3273 5353 3489 5415 ardent,

1896 5446 1962 5501 ad
2002 5454 2185 5516 potum
2228 5458 2422 5514 magno
2460 5442 2729 5500 desiderio
2766 5444 3028 5502 accedunt
3052 5462 3067 5500 :
3091 5444 3282 5501 eodem
3330 5447 3489 5502 modo

1896 5543 1961 5599 ad
1990 5541 2321 5613 spiritualem
2350 5540 2671 5615 doctrinam,
2703 5552 2972 5612 tamquam
3000 5542 3299 5597 esurientes
3334 5551 3388 5597 et
3412 5544 3485 5597 si-

1899 5628 2098 5700 tientes
2115 5631 2371 5689 accedere
2396 5648 2490 5704 par
2512 5642 2613 5687 est.
2644 5632 2957 5702 Huiusmodi
2976 5635 3118 5689 enim
3144 5634 3242 5689 viri
3273 5648 3377 5689 non
3404 5650 3491 5689 see

1904 5721 2014 5779 ltttn
2038 5721 2456 5783 beatitudinihus
2496 5724 2640 5790 digni
2682 5735 2806 5780 sunt
2839 5741 2853 5792 ;
2896 5724 2989 5782 sed
3029 5735 3082 5782 et
3110 5743 3231 5799 qum
3262 5725 3489 5795 cupiunt
