3754 6314
334 329 437 383 εον

328 443 701 506 assequuntur.
729 431 958 496 Etenim,
985 429 1319 486 Satiabuntur
1344 468 1360 496 ,
1389 424 1555 497 inquit
1589 468 1606 493 ,
1654 425 1756 479 hoc
1794 432 1875 479 est
1899 465 1913 489 ,

327 522 1027 599 explebunturzexplebunt
1069 520 1346 591 Spirituale
1385 534 1539 574 suum
1570 515 1912 573 desiderium.

322 618 501 691 lgitur
520 619 645 687 quia
670 626 778 672 tam
804 616 1006 681 bonus,
1035 623 1249 683 tamque
1274 611 1509 668 liberalis
1534 608 1790 664 Dominus
1813 623 1913 661 no-

329 712 410 768 bis
440 720 555 766 est:
584 723 683 779 age
708 717 761 762 et
781 720 879 762 nos
895 705 959 759 ad
988 706 1159 776 ipsum
1182 701 1573 773 confugiamus,
1597 708 1652 756 ct
1676 699 1792 770 ejus
1820 714 1916 752 no.

329 803 410 858 bis
436 801 661 872 gratiam
686 795 1054 863 conciliemus,
1084 804 1140 851 ut
1159 803 1215 850 ct
1245 794 1357 864 ipse
1381 810 1475 862 pro
1498 808 1589 846 sua
1615 789 1915 846 misericor-

325 893 414 949 dia
441 892 929 949 illustret'noslram
956 895 1186 941 tuentem
1214 884 1281 939 ad
1305 882 1581 939 videndam
1614 881 1911 936 divinarum

326 983 723 1054 Seripturarum
754 980 1003 1035 virtutem
1029 995 1043 1035 :
1071 986 1125 1032 et
1152 991 1247 1031 vos
1271 991 1483 1047 quoque
1521 973 1684 1027 multa
1716 972 1911 1025 alaeri-

328 1086 437 1131 tate
464 1071 791 1145 spiritualem
820 1069 1115 1125 doctrinam
1143 1066 1291 1138 quasi
1324 1063 1618 1120 esurientes
1644 1072 1695 1117 et
1726 1062 1912 1117 sitien-

331 1166 709 1239 tes-suscipite.
727 1164 888 1221 Forte
914 1163 1056 1220 enim
1080 1204 1096 1229 ,
1139 1162 1271 1216 forte
1292 1160 1462 1215 bonus
1500 1168 1553 1212 et
1575 1157 1911 1226 omnipntens

330 1263 608 1328 Dominus,
631 1259 791 1317 etiam
813 1257 859 1313 si
888 1272 986 1313 nos
1007 1254 1235 1310 humiles
1261 1253 1427 1309 simus
1455 1260 1509 1306 et
1535 1249 1747 1319 ahjecti,
1780 1263 1909 1319 pro-

328 1367 448 1429 pter
490 1371 586 1413 vos
633 1363 688 1412 et
730 1363 966 1410 vestram
1014 1350 1292 1406 utilitatem
1349 1344 1708 1416 suppeditabit
1759 1343 1910 1397 nobis

328 1464 629 1507 sermonem
664 1429 749 1504 in.
769 1446 1042 1518 apertione
1066 1443 1177 1499 oris
1204 1442 1256 1496 in
1287 1440 1511 1511 gloriam
1542 1454 1694 1494 suam
1728 1478 1745 1502 ,
1768 1447 1831 1491 et
1860 1436 1910 1489 in

328 1542 735 1599 aediﬁcationem
760 1548 1000 1595 vestram
1032 1535 1245 1607 (.Ephes.
1267 1533 1321 1589 6.
1346 1529 1725 1603 l9).Projecta
1755 1528 1913 1599 igitur

328 1651 457 1693 cura
485 1644 669 1691 nostra
696 1632 842 1690 omni
886 1633 937 1687 in
964 1643 1259 1700 supernam
1291 1626 1513 1698 gratiam
1541 1664 1555 1688 ,
1584 1631 1640 1679 et
1668 1622 1913 1677 invocato

330 1744 397 1784 eo
425 1726 515 1798 qui
544 1734 600 1783 et
618 1724 933 1795 sapientiam
956 1719 1324 1792 dat-parvulis,
1354 1726 1409 1773 et
1435 1715 1698 1771 illuminat
1716 1727 1910 1778 cmens,

326 1832 381 1878 et
405 1819 679 1892 expeditas
702 1816 875 1873 reddit
894 1817 1101 1885 linguas
1128 1812 1425 1879 balborum,
1450 1809 1606 1881 paulo
1626 1818 1749 1863 ante
1776 1807 1912 1863 lecta
1940 1862 1947 1870 _

326 1920 645 1968 tractemus:
676 1918 732 1964 ut
774 1923 892 1979 quae
936 1907 1049 1977 ipse
1095 1919 1189 1975 pro
1231 1917 1325 1957 sua
1366 1899 1731 1959 misericordia
1758 1897 1912 1952 nobis

324 1999 915 2074 suppoditarit,caritati
944 2007 1136 2054 vestrae
1163 2010 1539 2067 proponamus.
1554 1993 1658 2050 Sed
1687 1988 1909 2058 intenta,

324 2095 570 2161 obsecro,
595 2092 781 2148 adsitis
809 2099 1009 2155 tuente,
1043 2097 1097 2144 et
1120 2087 1402 2157 diligenter
1432 2085 1495 2141 iis
1522 2101 1640 2156 qua:
1661 2083 1910 2139 dicuntur

324 2190 617 2255 attendite,
649 2200 943 2256 omnesque
992 2184 1150 2255 hujus
1192 2183 1314 2238 vita:
1338 2196 1494 2238 curas
1518 2180 1762 2252 seponite
1794 2220 1809 2246 ,
1854 2188 1911 2235 ut

324 2282 599 2353 spirituale
624 2294 833 2343 semen,
853 2277 1003 2348 quasi
1023 2276 1077 2331 in
1099 2276 1348 2347 pinguem
1370 2283 1423 2330 et
1452 2274 1679 2329 feracem
1700 2287 1908 2343 agrum,

324 2374 526 2430 evulsis
551 2372 732 2428 herbis
752 2381 799 2426 et
834 2369 1022 2441 spinis,
1055 2367 1416 2439 projiciamus.
1462 2365 1560 2421 Ηω
1583 2375 1749 2419 autem
1777 2407 1792 2430 ,
1832 2364 1915 2419 itt-

324 2468 458 2538 quit,
499 2465 845 2535 generationes
894 2460 1041 2515 Noe:
1072 2458 1187 2514 Noe
1224 2460 1374 2514 homo
1413 2459 1584 2529 justus
1611 2496 1628 2524 ,
1660 2455 1914 2528 perfectus

321 2559 564 2614 assistens
592 2558 644 2610 in
670 2555 991 2627 generatione
1023 2570 1117 2608 sua
1150 2568 1167 2606 :
1196 2551 1304 2607 Deo
1345 2550 1535 2622 placuit
1563 2549 1697 2604 Noe.
1747 2548 1801 2602 In
1847 2547 1913 2602 iis

324 2667 491 2722 nuper
520 2651 677 2704 linem
708 2646 934 2702 docendi
976 2644 1305 2700 faciebamus
1335 2684 1350 2710 ,
1396 2642 1516 2697 ideo
1551 2640 1824 2712 sequentia
1856 2640 1908 2693 in

322 2744 553 2800 medium
584 2742 927 2813 proponenda
956 2748 1097 2795 sunt.
1130 2738 1214 2794 l0.
1250 2737 1432 2792 Genui!
1463 2746 1665 2800 autem,
1697 2734 1904 2803 inquit,

322 2835 437 2890 Noe
460 2846 558 2890 tres
584 2835 746 2904 filios,
778 2833 899 2889 Setn
920 2874 936 2899 ,
968 2833 1147 2898 Cltam,
1177 2830 1387 2901 Japhct.
1419 2828 1531 2883 Non
1558 2828 1760 2899 absque
1784 2842 1901 2882 cau-

319 2943 377 2983 sa
409 2927 585 2982 divina
626 2926 897 2996 Scriptura
926 2934 979 2979 et
1002 2933 1217 2994 tempus
1247 2932 1300 2979 et
1330 2937 1607 2977 numerant
1638 2921 1791 2976 nobis
1812 2936 1902 2976 as-

321 3019 550 3090 signavit
595 3018 825 3073 tiliorum
866 3017 1038 3087 justi:
1080 3016 1174 3071 sed
1219 3026 1272 3072 et
1316 3015 1441 3071 hinc
1483 3014 1638 3071 nobis
1680 3016 1909 3071 latenter

319 3112 589 3168 insinuare
604 3110 714 3165 vult
740 3112 1007 3180 ingentem
1030 3107 1480 3177 multiplicemque
1502 3107 1617 3176 ejus
1635 3106 1906 3161 virtutem.

318 3206 451 3261 Nam
477 3213 754 3275 postquam
785 3202 1033 3271 superius
1057 3200 1190 3255 dixit
1220 3217 1233 3256 :
1270 3199 1383 3254 Noe
1401 3198 1909 3269 eratquingentorum

317 3312 568 3352 annorum
596 3294 747 3366 (Gen.
774 3295 828 3349 5.
855 3293 972 3363 52),
1002 3302 1125 3348 tunc
1151 3291 1384 3348 subdidit
1408 3308 1420 3343 :
1453 3289 1518 3343 Et
1539 3291 1708 3361 genuit
1735 3289 1910 3359 tres/i-

317 3390 412 3443 tios
437 3404 454 3442 :
483 3385 726 3442 docendo
754 3400 853 3440 nos
872 3399 1137 3439 summam
1164 3383 1507 3439 continentia:
1535 3382 1676 3437 illius
1708 3382 1906 3452 magni-

318 3481 555 3536 tudinem
587 3478 785 3545 fuisse,
818 3492 940 3533 eum
974 3485 1133 3532 tanta:
1170 3475 1593 3545 intemperantia:
1623 3474 1787 3530 dediti
1815 3489 1904 3530 es-

312 3581 433 3629 sent
447 3586 637 3628 omnes
657 3570 920 3637 homines,
938 3577 1190 3641 tantaque
1206 3568 1416 3623 salacita
1425 3577 1476 3623 te
1491 3583 1677 3624 omnes
1697 3577 1901 3635 temtas,

317 3676 374 3721 ut
395 3665 466 3721 ita
494 3665 668 3721 dicam
693 3705 708 3732 ,
731 3663 797 3718 ad
823 3662 1021 3717 malum
1052 3670 1271 3716 ruerent
1300 3679 1313 3715 :
1346 3660 1569 3715 audistis
1596 3660 1737 3716 enim
1763 3659 1903 3714 divi-

311 3774 433 3815 nant
462 3757 789 3830 Scripturam
823 3755 1088 3811 dicentem
1121 3773 1135 3809 :
1179 3753 1247 3809 Ut
1282 3764 1452 3807 autem
1494 3751 1615 3806 vidit
1655 3751 1903 3807 Dominus

307 3854 444 3924 quod
462 3851 683 3923 impleta:
701 3858 819 3904 sunt
840 3848 1053 3903 malitia:
1079 3864 1231 3919 super
1252 3857 1435 3901 terram
1461 3887 1477 3911 ,
1505 3856 1550 3900 et
1581 3844 1787 3914 quilibet
1816 3861 1900 3899 co-

307 3945 491 4017 gitaret
520 3941 657 3995 mata
704 3938 971 4011 diligenter
1012 3940 1065 3993 in
1109 3938 1262 3993 corde
1298 3954 1392 3994 suo
1439 3938 1785 4008 ajuuentute:
1811 3934 1900 3990 ubi

308 4032 592 4091 manifeste
632 4030 914 4098 declarat,
947 4038 1002 4085 et
1038 4029 1268 4098 juvenes
1309 4028 1503 4083 vicisse
1539 4028 1903 4099 provectiorcs

309 4135 467 4183 aetate
487 4166 505 4193 ,
546 4133 602 4180 et
629 4136 787 4179 senes
806 4138 914 4177 non
936 4121 1112 4176 minus
1137 4135 1296 4192 quam
1314 4120 1541 4190 juvenes
1568 4119 1850 4175 insaniisse
1879 4159 1895 4183 ,

304 4227 361 4275 et
385 4218 452 4273 ad
478 4216 677 4272 malum
704 4214 871 4270 multa
909 4212 1243 4283 proclivitate
1276 4226 1595 4282 propensam
1626 4210 1791 4267 fuisse
1814 4210 1897 4282 ip-

304 4326 422 4368 sam
453 4309 613 4365 etiam
643 4316 854 4363 aetatem
876 4304 1139 4361 malorum
1168 4303 1522 4376 inexpertam.

375 4401 430 4457 2.
459 4398 534 4456 Ut
572 4398 732 4470 igitur
759 4396 1043 4461 discamus,
1077 4410 1183 4468 quo
1208 4406 1364 4467 pacto
1405 4396 1470 4451 iis
1501 4395 1749 4453 omnibus
1778 4404 1896 4451 tau-

307 4506 419 4553 tam
458 4492 717 4548 insaniam
763 4506 827 4546 ac
873 4489 1074 4545 rabiem
1111 4504 1221 4559 pra:
1264 4504 1324 4545 se
1373 4489 1682 4557 ferentibus,
1724 4489 1899 4559 justus

307 4588 398 4645 ille
426 4584 685 4643 manserit
711 4583 878 4651 solus,
905 4583 1284 4638 continentiam
1311 4596 1432 4638 cum
1471 4581 1588 4636 aliis
1616 4580 1900 4636 virtutibus

305 4687 527 4735 strenue
563 4690 802 4744 servans,
848 4675 1019 4729 donec
1062 4674 1128 4728 ad
1177 4673 1657 4745 quingentesimum
1701 4685 1897 4728 annum

306 4770 550 4844 pervenit
582 4788 596 4824 :
625 4783 747 4824 cum
784 4766 1025 4830 dixisset,
1058 4764 1184 4819 Erat
1223 4763 1338 4820 Noe
1377 4766 1761 4837 quingentorum
1800 4781 1896 4819 an-

306 4880 509 4931 norum,
542 4870 669 4917 tunc
696 4859 867 4930 inquit
895 4875 907 4912 :
940 4856 1008 4910 Et
1044 4858 1214 4928 genuit
1248 4855 1361 4911 Noe
1385 4866 1482 4911 tres
1522 4862 1675 4927 ﬁlios.
1694 4862 1897 4926 Vidisti,

304 4956 519 5021 dilecte,
552 4953 904 5011 excellentem
927 4949 1055 5020 justi
1088 4949 1540 5018 temperantiam?
1583 4948 1657 5003 Ne
1697 4948 1798 5005 hoc
1822 4950 1896 5003 ita

303 5045 667 5120 perfunctorie
710 5054 1064 5105 transeamus,
1089 5040 1183 5095 sed
1214 5047 1268 5095 et
1305 5048 1513 5108 tempus
1539 5039 1664 5095 illud
1693 5054 1896 5110 expen-

302 5140 511 5207 damus,
543 5146 598 5192 et
622 5135 877 5199 malitiam
904 5148 1021 5205 qua:
1047 5132 1112 5187 ad
1140 5145 1299 5186 omne
1327 5130 1601 5185 hominum
1634 5145 1799 5200 genus
1828 5131 1897 5185 ob

302 5249 487 5288 curam
541 5231 799 5288 desidiam
863 5245 923 5286 se
979 5226 1330 5290 extenderat,
1386 5234 1440 5280 ct
1500 5225 1897 5282 consideremus

302 5336 517 5398 quat-itte
547 5324 620 5381 sit
658 5325 870 5380 virtutis
896 5332 953 5379 et
980 5322 1191 5393 pietatis
1228 5335 1355 5390 erga
1394 5319 1582 5383 Deum,
1614 5319 1667 5374 in
1698 5328 1894 5376 tantam

304 5417 560 5489 temporis
589 5416 970 5487 longitudinem
1016 5413 1460 5484 concupiscentia:
1487 5409 1687 5467 rabiem
1721 5412 1889 5471 refre-

305 5526 455 5579 nare,
500 5510 751 5579 viamque
796 5507 954 5579 longe
987 5507 1056 5563 ab
1097 5506 1215 5562 aliis
1256 5505 1522 5562 diversam
1552 5520 1793 5575 carpere.
1836 5520 1891 5564 et

305 5616 412 5660 non
441 5602 615 5659 solum
641 5601 709 5657 ab
737 5600 918 5656 illicito
943 5602 1084 5656 coitu
1111 5614 1171 5655 se
1210 5597 1483 5658 cohibere.
1511 5596 1605 5653 sed
1634 5605 1690 5654 et
1710 5614 1741 5655 a
1769 5599 1897 5671 legi-

288 5696 437 5761 timo
460 5704 514 5751 et
542 5694 830 5764 inculpata.
862 5692 928 5747 Et
976 5694 1167 5763 genuit,
1220 5690 1408 5761 inquit,
1442 5687 1555 5743 Noe
1577 5698 1673 5744 tre:
1710 5694 1845 5760 [illos
1873 5709 1892 5745 :

302 5789 444 5860 Sem,
467 5789 648 5857 Citam,
674 5786 917 5860 Japltetlt.
950 5786 1033 5841 Η.
1058 5786 1303 5855 Corrupta
1324 5794 1489 5838 autem
1513 5797 1617 5839 erat
1636 5796 1767 5841 terra
1790 5801 1880 5840 co-

1063 320 1120 377 S.
1150 317 1429 377 JUANNIS
1464 310 1942 372 CllllYSOSTObll
1972 310 2291 372 ARClllEP.
2323 316 2858 374 CONSTANTINOP.

3502 319 3598 375 303

2023 445 2134 483 ram
2164 427 2288 495 Deo,
2308 440 2354 483 et
2376 430 2568 501 repleta
2597 439 2702 484 erat
2726 440 2860 483 terra
2876 429 3142 500 injustitia.
3167 429 3290 485 Mihi
3312 430 3598 488 vidttttrcli-

2023 520 2142 576 vina
2163 519 2559 590 dispensatione
2578 519 2799 587 factum,
2826 530 2883 576 ut
2905 522 3079 592 justus
3109 522 3199 577 ilic
3227 538 3368 578 nunc
3399 524 3596 579 tandem

2021 611 2087 667 ad
2120 627 2339 667 uxorem
2367 612 2667 681 accederet,
2699 613 2925 683 illosque
2952 614 3091 670 ﬁlios
3137 616 3450 685 susciperet.
3476 616 3599 684 Quia

2021 704 2163 758 enim
2194 704 2262 760 ob
2305 704 2520 758 malitia:
2569 705 2988 775 magnitudinem
3020 717 3074 761 et
3104 707 3369 777 ingentem
3416 708 3603 779 impro-

2020 795 2236 851 bitatem
2265 796 2499 867 generali
2546 795 2779 866 pernicie
2808 807 2948 852 tutus
2988 797 3134 852 orbis
3175 798 3430 853 delt-udus
3458 811 3597 863 erat,

2019 887 2325 943 misericors
2350 888 2490 943 Deus
2513 887 2666 958 quasi
2696 887 2928 943 radicem
2953 888 3183 959 aliquam
3216 899 3269 945 et
3286 890 3602 945 formicinum

2018 977 2186 1031 voluit
2210 977 2411 1059 justum
2444 978 2593 1032 illum
2642 994 2942 1048 superesse,
2976 988 3032 1032 ut
3080 980 3290 1033 abolitis
3339 980 3439 1034 illis
3465 981 3604 1048 origo

1968 1090 1971 1091 '
2017 1080 2071 1127 et
2098 1072 2345 1142 primitiae
2369 1071 2610 1142 quaedam
2641 1082 2783 1127 esset
2827 1071 3144 1126 futurorum.
3176 1071 3345 1142 Hujus
3385 1074 3461 1127 rei
3490 1088 3605 1141 gra-

2020 1164 2111 1229 tia,
2141 1178 2261 1217 cum
2282 1163 2391 1234 jam
2424 1164 2834 1234 quingentorum
2878 1174 3019 1218 esset
3048 1181 3331 1231 annorum,
3367 1167 3606 1221 haberet-

2014 1269 2122 1325 que
2167 1263 2276 1310 tres
2318 1255 2448 1310 istos
2479 1257 2646 1319 filios,
2678 1256 2780 1309 illis
2810 1265 3092 1310 contentus
3133 1254 3253 1318 fuit,
3282 1274 3345 1312 re
3374 1258 3483 1327 ipsa
3508 1258 3606 1313 dc-

2010 1347 2225 1402 ‘clarans
2257 1346 2360 1402 hoc
2392 1363 2450 1402 sc
2483 1348 2691 1413 fecisse,
2728 1359 2789 1402 ut
2831 1348 3025 1402 divina:
3051 1342 3417 1402 inluminatum
3446 1365 3609 1417 genus

2010 1436 2211 1493 futura:
2239 1439 2549 1510 benignitati
2572 1439 2815 1495 serviret.
2844 1440 2914 1495 Et
2938 1458 3042 1511 quo
3064 1440 3202 1495 scias
3234 1441 3335 1495 hoc
3364 1457 3468 1495 nun
3495 1458 3610 1497 esse

2020 1539 2302 1594 temeraria
2353 1539 2658 1609 conjectura
2712 1539 2950 1605 dictum,
3000 1538 3276 1593 considera
3327 1538 3609 1607 Scriptum:

2020 1630 2367 1701 diligentiam.
2394 1630 2525 1685 Nam
2571 1640 2846 1701 postquam
2878 1631 3041 1691 dixit,
3069 1631 3268 1699 justum
3312 1630 3460 1685 illum
3508 1643 3611 1685 tres

2017 1723 2268 1779 habuisse
2293 1723 2433 1780 ﬁlios
2453 1766 2465 1788 ,
2492 1725 2670 1779 statim
2710 1722 2944 1779 subdidit
2973 1741 2985 1777 :
3016 1720 3269 1793 Corrupto
3309 1732 3415 1776 erat
3446 1732 3608 1775 autem

2008 1828 2154 1871 serra
2173 1834 2355 1871 eorum
2401 1816 2531 1881 Deo,
2559 1827 2605 1871 et
2655 1802 2862 1887 impleta
2891 1827 2996 1870 erat
3047 1825 3179 1869 terra
3220 1815 3484 1885 injustitia.
3519 1815 3609 1870 Vi-

2017 1910 2141 1965 tliin
2171 1909 2221 1964 in
2250 1908 2437 1964 eadem
2469 1918 2655 1964 natura
2685 1924 2929 1980 magnam
2952 1918 3005 1964 et
3035 1908 3356 1964 ineffabilem
3384 1908 3610 1963 varieta-

2019 2002 2169 2057 teut?
2202 2001 2276 2057 De
2320 2000 2465 2071 justo
2506 2002 2647 2055 enim
2702 2001 2911 2057 dicebat
2957 2000 3227 2070 Scriptura
3259 2019 3273 2056 :
3305 1998 3424 2055 Noe
3465 2000 3611 2054 homo

2011 2096 2199 2167 justus,
2224 2096 2472 2165 perfectus
2491 2095 2731 2149 exsistens
2759 2094 2810 2148 in
2831 2094 3150 2166 generatione
3170 2110 3263 2148 sua
3280 2093 3376 2149 :de
3395 2093 3611 2163 reliquis

2021 2196 2197 2241 autem
2229 2187 2478 2242 omnibus
2508 2186 2676 2256 inqttit
2708 2202 2719 2239 :
2750 2184 3001 2255 Corrupto
3024 2194 3187 2238 autent
3216 2194 3323 2239 erat
3365 2196 3500 2239 terra
3520 2200 3612 2239 co-

2018 2296 2128 2335 ram
2154 2277 2285 2343 Deo,
2319 2290 2365 2333 et
2387 2279 2591 2349 imptcta
2614 2288 2723 2332 erat
2751 2288 2884 2331 terra
2915 2278 3181 2348 iniustitia.
3215 2275 3442 2331 Nomine
3466 2278 3609 2332 enim

2018 2381 2198 2438 terrae,
2228 2373 2500 2428 hominum
2534 2370 2925 2426 multitudinem
2954 2378 3125 2424 vocat.
3167 2368 3298 2436 Quia
3328 2369 3470 2422 enim
3499 2383 3612 2421 om-

2018 2466 2105 2520 nia
2131 2481 2317 2521 eorum
2344 2479 2507 2536 opera
2557 2464 2827 2519 terrestria
2870 2472 3056 2529 erant,
3086 2461 3283 2518 idcirco
3328 2470 3487 2516 terra:
3514 2474 3612 2514 no-

2018 2556 2162 2613 mine
2186 2566 2239 2611 et
2267 2570 2453 2612 eorum
2506 2555 2759 2610 vilitatem
2782 2596 2798 2623 ,
2829 2563 2883 2610 et
2926 2553 3140 2609 malitiae
3181 2552 3611 2623 exsuperantiam

2017 2647 2299 2720 significat.
2327 2646 2458 2703 Nam
2477 2646 2615 2702 sicut
2635 2646 2702 2703 de
2727 2646 3074 2717 prot0plasto,
3104 2645 3192 2715 qui
3237 2645 3408 2713 legem
3438 2652 3611 2696 lrulls-

2016 2759 2230 2817 gressus
2255 2745 2477 2815 gloriam
2504 2758 2603 2814 qua
2634 2741 3061 2798 circumdabatur
3088 2740 3286 2807 amisit,
3316 2738 3612 2808 mortisque

2018 2852 2189 2909 poena:
2225 2836 2488 2892 obnoxius
2534 2834 2705 2891 factus
2736 2833 2851 2899 fuit,
2879 2832 3092 2888 dicebat
3127 2849 3142 2887 :
3174 2829 3329 2884 Terra
3370 2846 3441 2893 es,
3473 2839 3521 2883 et
3555 2830 3611 2881 in

2016 2942 2200 2986 terram
2226 2929 2386 2985 abibis
2411 2929 2562 3000 (Gen.
2591 2929 2645 2985 5.
2674 2928 2763 2999 l9)
2794 2946 2807 2983 :
2840 2929 2910 2981 ita
2936 2936 2993 2982 et
3033 2924 3141 2989 hic,
3169 2923 3289 2995 quia
3318 2923 3610 2994 plurimunt

2015 3023 2349 3079 invalucrant
2374 3021 2522 3086 vitia,
2554 3020 2746 3092 inquit,
2795 3017 3043 3088 Corrupta
3086 3028 3256 3071 autem
3297 3024 3404 3070 erat
3450 3027 3610 3068 terra.

2014 3116 2195 3188 Neque
2221 3114 2538 3186 simpliciter
2563 3114 2693 3169 dicit
2724 3131 2737 3168 :
2768 3113 3018 3181 Corrupto
3060 3110 3225 3164 autem
3271 3118 3377 3161 erat
3420 3116 3559 3161 terra
3592 3123 3612 3159 :

2011 3209 2128 3276 sed,
2158 3208 2344 3265 Coram
2384 3206 2495 3262 Deo
2519 3222 2539 3261 :
2568 3214 2615 3261 et
2654 3205 2861 3276 impleta
2888 3212 2995 3258 erat
3023 3211 3155 3256 terra
3196 3198 3468 3271 injustitia.
3517 3196 3613 3252 Di.

2009 3299 2184 3357 cendo
2210 3300 2372 3364 enim,
2404 3298 2657 3369 Corrupto
2702 3279 2826 3362 erat,
2855 3293 3192 3363 omnigenam
3236 3289 3449 3344 illorum
3495 3300 3615 3341 ma-

2012 3392 2181 3447 litiam
2207 3389 2449 3460 emphasi
2481 3387 2707 3460 quadam
2736 3386 2889 3442 dixit.
2922 3384 3036 3440 Non
3083 3383 3224 3437 enim
3251 3380 3353 3437 dici
3387 3388 3567 3448 potest
3594 3418 3611 3442 ,

2008 3500 2103 3541 eos
2131 3482 2289 3539 unius
2313 3483 2397 3538 vel
2417 3480 2643 3537 duorum
2667 3487 3005 3552 peccatorum
3032 3485 3237 3531 tantum
3266 3487 3388 3527 reos
3412 3471 3610 3535 fuisse,

2009 3576 2103 3633 sed
2128 3589 2316 3631 omnes
2342 3574 2642 3645 iniquitates
2668 3572 2868 3641 absque
2912 3566 3072 3624 modo
3096 3564 3432 3621 commisisse
3452 3581 3465 3617 :
3486 3562 3613 3617 ἰιΙι-ί)

2009 3670 2228 3739 subdit,
2264 3668 2330 3722 Et
2372 3668 2578 3739 impleta
2607 3676 2714 3721 erat
2753 3676 2888 3720 terra
2928 3660 3196 3733 injustitia.
3226 3657 3343 3712 Non
3387 3656 3570 3711 obiter
3593 3694 3610 3719 ,

2007 3779 2182 3835 neque
2205 3761 2495 3834 vulgariter
2521 3759 2733 3819 malitia:
2760 3756 3063 3823 studebant,
3094 3752 3187 3809 sed
3217 3760 3432 3823 peccata
3458 3765 3614 3820 qua»

2008 3870 2112 3927 que
2141 3852 2366 3909 ferventi
2408 3850 2754 3907 contentione
2782 3847 3029 3919 agebant.
3072 3844 3139 3899 Et
3180 3842 3300 3898 vide
3329 3841 3613 3911 quomodo

2008 3950 2129 4006 illos
2180 3956 2362 4019 postea
2395 3960 2462 4002 ne
2491 3943 2635 4001 tenui
2655 3941 2869 4015 quidem
2899 3938 3159 3995 memoria
3207 3936 3477 4007 dignatur,
3507 3931 3610 3987 sed

2006 4042 2226 4099 nomine
2278 4048 2438 4095 terra:
2493 4045 2669 4105 vocat,
2697 4035 2857 4091 simul
2898 4032 3137 4088 indicans
3166 4037 3219 4084 et
3258 4037 3610 4099 peccatorum

2006 4134 2317 4207 gravitatem
2348 4137 2404 4187 et
2434 4128 2526 4184 Dei
2553 4125 2991 4198 indignationem.
3020 4121 3272 4192 Corrupto
3295 4130 3405 4173 erat
3434 4127 3612 4170 autem

2005 4238 2158 4293 terra,
2191 4225 2378 4295 inquit.
2403 4238 2572 4276 coram
2604 4219 2732 4285 Deo,
2758 4216 2860 4272 hoc
2898 4226 2996 4283 est,
3026 4228 3182 4271 secus
3208 4226 3366 4282 quam
3394 4225 3608 4281 praece-

2007 4330 2153 4390 ptum
2181 4325 2298 4373 erat
2323 4330 2353 4370 a
2383 4315 2494 4371 Deo
2522 4312 2699 4367 omnia
2748 4307 3029 4371 faciebant,
3064 4303 3308 4360 mandata
3337 4303 3433 4357 Dei
3473 4316 3614 4357 con.

2007 4414 2301 4475 culcantes,
2327 4418 2382 4466 et
2408 4408 2720 4479 magistrum
2749 4412 2950 4459 natura:
2980 4399 3225 4454 humana:
3252 4395 3472 4451 insitum
3529 4395 3612 4466 (α)

2013 4526 2107 4581 per
2130 4504 2391 4563 desidiam
2421 4501 2745 4557 amittentes.
2775 4494 2842 4550 Et
2868 4492 3073 4562 impleta
3098 4497 3204 4544 erat
3226 4498 3379 4550 terra.
3403 4487 3610 4558 inquit,

2003 4580 2703 4669 iniustitia.Vidisti.dileete,
2718 4595 2973 4660 quantum
2995 4582 3189 4639 malum
3204 4580 3273 4636 sit
3292 4586 3611 4651 peccatum,

1972 4690 2271 4765 quomodo
2313 4686 2365 4743 id
2409 4685 2622 4749 cllieiat,
2656 4691 2713 4737 ut
2741 4680 2984 4735 homines
3029 4690 3127 4730 suo
3169 4672 3387 4727 nomine
3417 4672 3611 4725 vocari

2004 4761 2108 4840 non
2141 4784 2249 4837 sint
2272 4778 2417 4851 digni
2442 4777 2465 4830 ?
2493 4774 2627 4831 Audi
2669 4786 2852 4828 rursus
2881 4783 3001 4839 qua:
3044 4770 3377 4835 sequuntur:
3411 4761 3501 4816 12
3545 4762 3614 4814 Et

2001 4877 2125 4932 uidit
2156 4872 2404 4928 Dominus
2427 4868 2565 4924 Deus
2593 4876 2798 4929 terram,
2822 4870 2867 4916 et
2901 4868 3009 4914 erat
3047 4866 3306 4926 corrupta.
3330 4853 3471 4909 Vide
3503 4854 3612 4907 ite-

2003 4984 2120 5025 rum
2168 4962 2436 5037 quomodo
2485 4975 2581 5016 eos
2627 4967 2823 5013 terram
2868 4960 3042 5009 vocet.
3090 4950 3158 5006 Et
3200 4959 3385 5020 postea
3412 4988 3431 5015 ,
3481 4962 3613 5002 cum

2004 5061 2169 5118 semel
2204 5066 2363 5129 atque
2393 5057 2584 5129 iterum
2612 5059 2666 5107 et
2694 5049 2849 5106 tertio
2876 5044 3170 5103 nominavit
3199 5052 3423 5109 terram,
3454 5051 3515 5097 ut
3546 5057 3614 5095 ne

2008 5155 2124 5224 quis
2154 5152 2222 5209 de
2249 5127 2385 5206 terra
2414 5127 2649 5203 sensibili
2677 5157 2797 5199 eum
2823 5140 3020 5197 dixisse
3044 5138 3363 5209 suspicetur,
3397 5136 3611 5206 inquit:

2013 5246 2148 5313 Quia
2172 5248 2463 5313 corruperat
2505 5237 2671 5294 omnis
2703 5251 2822 5290 caro
2860 5233 2992 5289 uiam
3026 5248 3169 5287 suam
3196 5245 3353 5299 super
3395 5237 3613 5282 terram.

2008 5338 2191 5410 Neque
2230 5348 2370 5389 nunc
2409 5329 2640 5387 hominis
2658 5325 3021 5399 appellatione
3065 5337 3161 5379 eos
3205 5321 3480 5393 dignatur,
3515 5318 3611 5375 sed

2003 5442 2220 5486 carnem
2244 5432 2399 5481 vocat
2429 5441 2442 5477 :
2471 5437 2577 5493 quo
2599 5434 2695 5476 nos
2719 5418 2914 5474 docere
2938 5415 3125 5481 voluit,
3154 5428 3213 5469 se
3242 5427 3348 5467 non
3370 5412 3445 5468 de
3472 5423 3618 5470 terra

2004 5522 2123 5579 lucc
2148 5519 2348 5586 dicere,
2371 5514 2467 5572 sed
2508 5515 2575 5570 de
2615 5510 2920 5568 hominibus
2944 5523 3105 5565 carne
3130 5506 3360 5570 amictis,
3394 5514 3453 5560 et
3498 5515 3614 5559 ιρι-ς

2006 5612 2267 5673 restrtbus
2293 5608 2520 5683 negotiis
2540 5621 2659 5664 sese
2684 5613 2823 5661 totos
2848 5599 3296 5673 impendentibus.
3328 5602 3447 5654 Mos
3465 5596 3609 5653 enim

2073 5805 2146 5863 (al
2179 5795 2526 5851 conscientiam
2549 5792 2618 5843 sic
2642 5789 2902 5854 eleganter
2925 5787 3150 5851 designat
3177 5783 3572 5845 Chrysostomus
