3754 6246
146 268 261 322 ⁵307

146 380 457 453 προσιέναι.
492 383 553 437 Ol
582 382 691 455 γὰρ
720 382 950 436 τοιοῦτοι
978 384 1037 437 ού
1071 385 1230 455 μόνον
1261 386 1625 457 μακαρισμῶν
1654 387 1817 452 ἄξιοι,

148 468 288 523 ἀλλά
329 469 422 523 καὶ
455 468 563 523 τῶν
605 470 1054 540 σπουδαζομένων
1102 471 1487 537 ἐπιτεύξονται.
1539 475 1647 528 Καὶ
1689 474 1818 546 γάρ,

148 556 702 624 Χορτασθιὶσονται,
733 557 885 629 φησὶ,
927 557 1071 611 τοῦτ’
1110 558 1275 623 ἐστιν,
1308 560 1825 632 ἐμπλησθήσονταιι

147 644 533 715 πληρώσουσιν
577 644 756 699 αὑτῶν
798 645 898 717 τὴν
939 646 1231 717 ἐπιθυμίαν
1278 649 1377 719 τὴν
1418 649 1816 719 πνευματικήν.

158 732 317 785 Ἐπεὶ
360 728 452 785 οὖν
496 732 734 786 τοιοῦτον
779 732 974 803 ἔχομεν
1026 735 1330 805 Δεσπότην,
1371 734 1543 799 οὑτως
1593 736 1816 805 ἀγαθὸν,

148 818 297 871 οὑτω
319 820 618 889 φιλότιμον,
644 821 775 892 φέρε
799 823 893 874 καὶ
914 822 1073 891 μεῖς
1098 822 1184 874 ἐπ’
1204 823 1367 876 αὑτὸν
1390 823 1817 894 καταφύγωμεν,

149 906 249 956 καὶ
272 904 371 975 τὴν
398 906 525 975 παρ’
553 905 718 958 αὑτοῦ
752 906 921 976 ῥοπὴν
944 908 1397 979 ἐπισπασώμεθα,
1425 910 1512 964 ἵνα
1542 912 1635 963 καὶ
1658 909 1820 973 αὑτὸς

147 993 253 1060 τὴν
300 995 505 1047 οἰκείαν
556 993 967 1064 φιλανθρωπίαν
1014 996 1350 1066 μιμούμενος
1400 998 1611 1069 φωτίσῃ
1660 998 1819 1068 ἡμῶν

147 1080 245 1132 τόν
274 1080 561 1151 λογισμὸν,
588 1083 725 1153 πρὸς
765 1083 826 1136 τὸ
864 1084 1217 1137 κατοπτεύειν
1252 1086 1359 1141 τῶν
1399 1086 1555 1139 θείων
1592 1087 1819 1159 Γραφῶν

149 1169 250 1237 τὴν
280 1169 539 1239 δύναμιν
571 1171 665 1224 καὶ
693 1171 849 1241 ὑμεῖς
869 1171 924 1224 δὲ
961 1172 1097 1241 μετα
1134 1172 1331 1242 πολλῆς
1358 1176 1457 1244 1?};
1488 1174 1817 1245 προθυμίας,

152 1256 411 1326 καθάπερ
440 1256 727 1321 πεινῶντες
762 1259 857 1312 καὶ
884 1258 1178 1327 διψῶντες,
1210 1258 1350 1312 οὑτω
1392 1262 1491 1330 τὴν
1524 1279 1820 1331 πνευματι-

150 1341 255 1409 κὴν
286 1341 630 1397 διδασκαλίαν
656 1343 1002 1409 ὑποδέξασθε.
1040 1347 1197 1407 Ἴσως
1226 1345 1354 1415 γάρ,
1396 1346 1523 1409 ἴσως
1557 1349 1585 1400 ὁ
1620 1349 1821 1416 ἀγαθὸς

152 1429 247 1481 καὶ
276 1429 582 1500 εὐμήχανος
609 1431 905 1499 Δεσπότης,
937 1432 1039 1484 κᾶν
1075 1434 1236 1502 ἡμεῖς
1267 1433 1504 1497 εὐτελεῖς
1529 1427 1697 1504 ὦμεν,
1729 1436 1822 1488 καὶ

152 1516 390 1585 μηδενὸς
432 1516 586 1585 λόγου
626 1518 787 1582 ἄξιοι,
828 1518 963 1572 ἀλλά
1000 1520 1067 1572 δι’
1109 1520 1251 1589 ὑμᾶς
1290 1520 1382 1572 καί
1418 1520 1516 1591 τὴν
1555 1520 1822 1589 ὠφέλειαν

148 1603 251 1671 τὴν
283 1604 553 1676 ὑμετέραν
580 1607 875 1676 χορηγήσει
914 1606 1070 1675 λόγον
1100 1608 1231 1677 ἡμῖν
1268 1608 1324 1659 ἐν
1354 1605 1553 1671 ἀνοίξει
1586 1606 1680 1660 105
1709 1609 1821 1661 στό-

152 1709 329 1764 ματος
354 1695 433 1757 εἰς
462 1694 619 1758 δόξαν
652 1694 840 1758 αὑτοῦ,
864 1696 959 1749 καὶ
987 1698 1066 1759 εἰς
1094 1695 1378 1766 οἰκοδομὴν
1408 1695 1698 1767 ὑμετέραν.
1728 1698 1820 1761 Εἰς
1856 1702 1857 1705 “

148 1778 250 1849 τὴν
283 1779 489 1834 ἄνωθεν
518 1780 696 1836 τοίνυν
718 1781 876 1853 χάριν
906 1782 965 1836 τὸ
1000 1784 1108 1837 πᾶν
1133 1784 1539 1856 ἐπιρρίψαντες,
1571 1787 1820 1839 κάκεῖνον

150 1868 613 1940 ἐπικαλεσάμενοι
656 1869 748 1923 τὸν
786 1870 1087 1939 σοφίζοντα
1113 1872 1239 1934 τοὺς
1278 1872 1533 1940 τυφλοὺς,
1562 1872 1656 1926 καὶ
1690 1864 1822 1944 τρα-

149 1953 349 2009 νοῦντα
384 1957 481 2018 τάς
516 1956 766 2025 γλώσσας
792 1957 901 2011 τῶν
942 1957 1264 2029 μογιλάλων,
1295 1958 1558 2030 ἁψώμεθα
1585 1961 1675 2013 καὶ
1710 1960 1820 2014 τῶν

149 2045 483 2113 πιωσφάτως
504 2058 527 2086 ι
552 2047 997 2118 ἀνεγνωσμένων,
1025 2049 1089 2102 ἵν’
1108 2048 1251 2122 ἆπερ
1267 2050 1333 2104 ἀν
1355 2050 1514 2114 αὑτὸς
1534 2053 1820 2126 χορηγήσῃ

147 2130 248 2199 τὴν
279 2131 489 2186 οἰκείαν
523 2133 932 2204 φιλανθρωπίαν
976 2136 1332 2206 μιμούμενος,
1363 2138 1532 2191 ταῦτα
1564 2139 1821 2209 παραθῶ-

150 2232 252 2285 μεν
286 2219 356 2287 τῇ
392 2216 629 2289 ὑμετέρᾳ
664 2220 873 2291 ἀγάπῃ.
931 2221 1093 2274 Ἀλλά
1134 2222 1442 2276 συντείνατέ
1485 2242 1594 2294 μοι,
1644 2242 1821 2297 παρα-

148 2301 327 2367 καλῶ,
352 2302 449 2373 τὴν
471 2303 708 2358 διάνοιαν
728 2346 743 2372 ,
773 2307 867 2359 καὶ
896 2306 1035 2377 μετά
1064 2308 1349 2379 ἀκριϐείας
1384 2312 1678 2381 προσέχετε
1709 2315 1822 2376 τοῖς

149 2387 488 2459 λεγομένοις,
524 2391 701 2444 πάντα
747 2391 998 2463 βιωτικὸν
1042 2394 1299 2467 λογισμὸν
1335 2397 1541 2451 ἑαυτῶν
1582 2400 1823 2471 ἀποστή-

150 2494 384 2542 σαντες,
432 2479 515 2532 ’ίνα
545 2478 797 2552 καθάπερ
827 2483 905 2545 είς
942 2482 1175 2554 λιπαρὰν
1207 2484 1301 2538 καὶ
1347 2485 1625 2555 βαθύγεων
1659 2488 1822 2560 d905-

151 2582 287 2636 ραν,
323 2564 431 2619 τῶν
470 2566 707 2637 βοτανῶν
742 2568 835 2621 καὶ
871 2568 980 2622 τῶν
1020 2570 1272 2626 ἀκανθῶν
1303 2574 1819 2648 ἐκκεκαθαρμένων,

150 2651 305 2708 οὑτω
328 2653 419 2706 τὸν
454 2653 820 2725 πνευματικὸν
849 2656 1046 2727 σπόρον
1070 2658 1483 2730 καταϐάλωμεν.
1516 2659 1704 2719 Αὗται
1730 2664 1819 2731 δὲ,

152 2743 344 2812 φησὶν.
380 2745 440 2796 al
464 2743 732 2813 γενέσεις
764 2744 911 2799 Νῶε’
941 2745 1067 2800 Νῶε
1103 2746 1412 2816 ἅνθρωπος
1442 2749 1690 2818 δίκαιος,
1726 2753 1821 2807 τέ-

153 2832 319 2896 λειος
342 2830 416 2883 ἐν
447 2830 523 2900 τῇ
552 2831 726 2902 γενεᾷ
750 2833 958 2887 αὐτοῦ’
992 2834 1069 2900 τῷ
1102 2834 1222 2900 Θεῷ
1261 2837 1632 2905 εὑηρέστησε
1671 2838 1819 2894 Νῶε.

155 2918 321 2988 ’Δχρι
355 2919 545 2973 τούτου
579 2921 732 2984 τέλος
767 2922 890 2992 ἔσχε
930 2922 999 2975 τά
1035 2924 1135 2993 τῆς
1165 2923 1512 2990 διδασκαλίας
1550 2926 1676 2997 χθές
1700 2945 1713 2958 ·
1744 2928 1825 2981 διὸ

151 3004 263 3075 χρὴ
295 3006 365 3059 τὰ
393 3007 690 3078 λειπόμενα
717 3010 795 3073 εἰς
826 3009 988 3080 μέσον
1028 3012 1329 3081 προθεῖναι.
1376 3012 1694 3083 Ἐγέννησε
1731 3015 1822 3078 δὲ,

152 3095 313 3162 φησὶ,
335 3093 465 3148 Νῶε
487 3094 644 3162 τρεῖς
666 3095 856 3162 υἱοὺς,
882 3096 985 3149 τὸν
1004 3096 1153 3167 Σὴμ,
1176 3097 1283 3151 τὸν
1307 3100 1455 3169 Χὰμ.
1477 3100 1584 3153 τὸν
1612 3100 1819 3172 Ἰάφεθ.

152 3178 264 3249 Οὑχ
291 3178 483 3244 ἁπλῶς
513 3182 647 3252 ἡμῖν
684 3183 717 3253 ή
752 3182 872 3236 θεία
900 3182 1087 3254 Γραφὴ
1114 3185 1209 3237 καὶ
1252 3184 1344 3239 τὸν
1372 3187 1560 3258 καιρὸν
1599 3194 1692 3245 καὶ
1731 3191 1825 3246 τὸν

150 3268 392 3340 ἀριθμὸν
438 3272 821 3344 ἐπεσημήνατο
856 3274 964 3327 τῶν
1010 3275 1214 3329 παίδων
1257 3276 1350 3331 τοῦ
1400 3278 1644 3347 δικαίου¹,
1689 3283 1824 3339 ἀλλὰ

152 3356 248 3411 καὶ
267 3357 523 3412 ἐντεῦθεν
552 3362 686 3431 ἡμῖν
714 3360 1083 3427 λανθανόντως
1106 3364 1497 3435 παραδηλῶσαι
1524 3368 1820 3443 βουλομένη

151 3445 250 3514 τῆς
279 3444 487 3516 πολλῆς
513 3446 675 3501 αὑτοῦ
699 3449 899 3520 ἀρετῆς
922 3450 1021 3516 τὴν
1047 3450 1370 3523 ὑπερϐολήν.
1408 3444 1687 3527 ’Λνωτέρω
1714 3458 1823 3531 γὰρ

151 3533 410 3597 εἰποῦσα,
427 3535 508 3587 ὅτι
530 3535 656 3589 Νῶε
681 3536 760 3605 ἦν
786 3536 938 3590 ἑτῶν
953 3541 1385 3605 πεντακοσίων,
1402 3542 1523 3596 τότε
1552 3544 1820 3614 ἐπήγαγε,

150 3623 261 3677 Kal
284 3621 583 3691 ἐγέννησε
616 3624 766 3692 τρεῖς
787 3626 975 3689 υἱούς·
994 3626 1317 3681 διδάσκουσα
1334 3630 1481 3699 ἡμᾶς
1496 3631 1595 3701 τῆς
1623 3633 1826 3704 ἐγκρα-

151 3710 304 3773 τείας
329 3710 499 3764 αὑτοῦ
516 3711 576 3764 τὸ
597 3712 878 3782 ὑπεράγαν
908 3712 1159 3783 μέγεθος,
1194 3715 1286 3768 καὶ
1314 3716 1396 3768 ὅτι
1427 3716 1576 3790 [218]
1609 3721 1824 3775 πάντων

150 3798 259 3851 τῶν
296 3798 425 3852 τότε
460 3799 635 3852 ὄντων
655 3799 958 3869 ἀνθρώπων
993 3801 1230 3875 τοσαύτῃ
1272 3804 1511 3877 ἀκρασίᾳ
1553 3809 1825 3880 κεχρημέο

155 3903 281 3951 νων,
318 3887 417 3938 καὶ
447 3887 646 3958 πολλὴν
674 3888 770 3958 τὴν
805 3888 1059 3956 λαγνείαν
1092 3891 1569 3963 ἐπιδεικνυμένων,
1600 3897 1691 3949 καὶ
1718 3898 1824 3951 πά-

155 3989 276 4043 σης,
311 3973 391 4036 ώς
423 3976 595 4029 εἰπεῖν
615 4014 631 4037 ,
662 3975 759 4045 τῆς
789 3974 1004 4045 ὴλικίας
1034 3976 1127 4029 ἐπὶ
1159 3976 1255 4049 τὴν
1294 3979 1489 4033 κακίαν
1522 3982 1824 4056 αὐτομολη-

154 4060 330 4132 eam};
353 4078 368 4091 ·
398 4062 626 4116 ἀκούετε
655 4063 763 4134 γάρ
793 4063 889 4133 τῆς
915 4063 1066 4129 θείας
1094 4065 1315 4137 Γραφῆς
1344 4067 1629 4139 λέγουσης,
1667 4072 1825 4127 Ἰδὼν

154 4147 220 4200 δὲ
241 4150 461 4216 Κύριος
481 4148 568 4203 ὅτι
588 4149 1059 4219 ἐπληθύνθησαν
1073 4154 1133 4206 al
1148 4155 1345 4207 κακίαι
1366 4156 1479 4209 τῶν
1502 4157 1825 4227 ἀνθρώπων

154 4236 249 4290 ἐπὶ
280 4236 393 4305 τῆς
423 4236 558 4305 γῆς,
588 4237 683 4291 καί
713 4236 832 4304 πᾶς
860 4255 950 4304 τις
977 4238 1290 4294 διανοεῖται
1329 4244 1398 4297 τὰ
1430 4246 1664 4316 πονηρὰ
1699 4249 1825 4303 ἐπιο

151 4323 355 4395 μελῶς
385 4324 453 4376 ἐν
480 4322 551 4391 τῇ
585 4324 794 4393 καρδίᾳ
836 4325 1023 4380 αὑτοῦ
1062 4326 1131 4380 ἐκ
1160 4331 1468 4397 νεότητος,
1504 4336 1598 4386 καὶ
1639 4336 1827 4408 σαφῶς,

157 4415 288 4482 ἡμῖν
322 4413 693 4484 δεικνυούσης,
728 4415 810 4468 δτι
839 4415 934 4468 καὶ
960 4415 1069 4468 νέοι
1108 4417 1301 4471 ἐνίκων
1325 4422 1451 4485 τοὺς
1487 4423 1826 4497 προϐεϐηκόο

156 4517 274 4562 τας,
313 4500 409 4553 καὶ
448 4500 496 4553 οἰ
532 4498 780 4570 γέροντες
814 4502 922 4555 τῶν
953 4502 1089 4556 νέων
1122 4504 1222 4557 οὐκ
1267 4503 1485 4561 ἔλαττον
1521 4512 1821 4583 ἐμάνησαν,

158 4589 251 4640 καὶ
282 4589 367 4640 δτι
393 4588 487 4640 καὶ
518 4587 655 4659 αὑτὴ
689 4590 726 4658 ή
755 4588 1121 4661 ἀπειρόκακος
1142 4591 1327 4663 ὴλικία
1348 4594 1484 4667 πρὸς
1505 4597 1603 4670 τὴν
1625 4602 1824 4659 κακίαν

160 4674 362 4746 πολλὴν
388 4671 501 4745 εἶχε
530 4675 627 4747 τὴν
662 4676 855 4747 ῥοπήν.

229 4764 301 4852 β’.
331 4761 448 4852 Ἵνα
461 4763 637 4852 τοίνυν
669 4762 950 4852 μάθωμεν,
964 4766 1111 4831 ὅπως
1131 4768 1335 4823 τούτων
1350 4772 1605 4829 ἁπάντων
1627 4777 1827 4852 πολλὴν

158 4850 256 4933 τὴν
294 4851 499 4903 λύσσαν
534 4851 627 4905 καὶ
669 4851 769 4922 τὴν
814 4853 1008 4923 μανίαν
1044 4856 1523 4930 ἐπιδεικνυμένων,
1565 4865 1593 4917 ὁ
1621 4850 1825 4933 δίκαιος

159 4932 310 5000 οὗτος
339 4936 525 5025 ἔμεινε
552 4940 710 5007 μόνος
742 4938 831 4991 τὸν
860 4938 962 5009 τῆς
993 4944 1346 5016 σωφροσύνης
1378 4943 1540 5003 ἆθλον
1566 4953 1704 5019 μετά
1726 4932 1825 5025 τῆς

160 5026 325 5095 ἄλλης
376 5024 578 5094 ἀρετῆς
614 5025 925 5097 κατορθῶν,
978 5028 1167 5101 μέχρις
1204 5031 1293 5084 ὅτε
1339 5035 1419 5097 εἰς
1455 5036 1515 5089 τὸ
1559 5024 1825 5095 πεντακο-

163 5114 372 5167 σιοστδν
400 5113 517 5176 ἔτος
540 5111 761 5181 ἔφθασε.
792 5113 947 5167 Μετά
968 5115 1030 5170 τὸ
1056 5119 1228 5171 εἰπεῖν
1247 5119 1373 5191 γὰρ,
1396 5118 1503 5177 Ἦν
1527 5125 1654 5182 Νῶε
1676 5128 1827 5183 ἐτῶν

161 5201 604 5286 πεντακοσίων,
638 5200 760 5253 τότε
808 5203 975 5273 φησὶ,
1010 5204 1121 5257 Καὶ
1160 5206 1452 5277 ἐγέννησε
1502 5216 1631 5269 Νῶε
1671 5219 1827 5286 τρεῖς

163 5292 348 5355 υἱούς.
383 5283 561 5351 Εἶδες,
594 5289 866 5361 ἁγαπητὲ,
892 5288 987 5344 105
1014 5290 1222 5347 δικαίου
1257 5295 1356 5368 τὴν
1382 5283 1825 5371 ὑπερϐάλλουσαν

162 5378 523 5447 ἐγκράτειανς
554 5377 648 5449 Μὴ
690 5375 799 5464 γὰρ
837 5377 903 5449 δὴ
937 5378 1122 5444 ἁπλῶς
1171 5381 1310 5436 αὐτά
1355 5388 1822 5464 παραδράμωμεν,

163 5463 294 5516 ἀλλὰ
330 5465 426 5519 καὶ
467 5463 558 5517 τὸν
586 5462 775 5533 καιρὸν
821 5467 1173 5537 ἐννοήσαντες
1206 5471 1432 5539 ἐκεῖνον,
1470 5478 1564 5529 καὶ
1603 5462 1713 5549 τὴν
1728 5498 1825 5535 κα-

304 5548 414 5639 ,τὴν
442 5549 587 5639 κατά
612 5550 811 5639 παντὸς
834 5550 937 5639 τοῦ,
953 5552 1059 5605 τῶν
1086 5554 1387 5627 ἀνθρώπων
1407 5561 1595 5629 γένους
1617 5548 1703 5619 διὰ
1728 5567 1827 5639 τὴν

165 5637 363 5726 πολλὴν
388 5636 659 5726 ῥᾳθυμίαν
686 5637 1136 5726 ἐπιπολάζουσαν,
1166 5646 1529 5718 σκοπήσωμεν
1558 5651 1728 5724 πόσης
1758 5636 1827 5726 ὴν

164 5724 361 5794 ἀρετῆς
396 5724 489 5777 κσιί¹
517 5723 762 5792 φιλοθέου
791 5726 1034 5798 γνώμης,
1074 5730 1131 5782 ἐν
1162 5732 1400 5806 τοσούτῳ
1436 5738 1596 5809 μήκει
1631 5723 1821 5813 χρόνου

227 5904 241 5925 ⁸
278 5906 426 5957 Savil.
463 5912 514 5958 et
545 5909 738 5972 quidam
762 5924 872 5960 mss.
900 5910 1196 5975 πρόσςαιον.

1297 267 1360 322 ΙΝ
1394 268 1547 323 CAP.
1593 269 1655 323 VI
1692 267 1934 323 GENES.
1978 266 2211 324 HOMIL.
2250 270 2436 327 XXIV.

3480 271 3586 326 203

1918 389 2015 459 1?};
2064 389 2357 459 ἐπιθυμίας
2402 390 2500 461 τὴν
2544 390 2738 443 λύτταν
2769 390 3084 460 χαλινῶσαι,
3138 387 3233 441 καί
3264 387 3586 451 ἀπεναντίας

1918 478 2030 539 τοῖς
2052 475 2229 539 ἄλλοις
2258 475 2459 530 ἅπασιν
2494 477 2684 541 ἐλθεῖν,
2721 477 2812 530 καὶ
2846 475 2920 546 μὴ
2947 474 3106 546 μόνον
3130 473 3231 543 τῆς
3269 474 3584 544 παρανόμου

1923 562 2121 633 μίξεως
2150 564 2502 633 ἀποσχέσθαι,
2531 564 2665 619 ἀλλά
2690 564 2904 634 καὶτῆς
2932 562 3345 633 νενομισμένης,
3373 560 3467 614 καὶ
3491 560 3589 629 1?};

1920 650 2037 716 ἔξω
2071 653 2441 723 τυγχανούσης
2487 653 2868 726 ἐγκλημάτων.
2918 651 3025 706 Kal
3071 651 3386 721 ἐγέννησε,
3429 648 3584 717 φησί,

1918 738 2046 795 Νῶε
2083 739 2238 806 τρεῖς
2286 740 2456 807 υἱοὺς
2505 742 2610 795 τὸν
2664 741 2811 811 Σὴμ,
2853 738 2961 794 τὸν
3006 740 3155 808 Χὰιι,
3194 737 3302 791 τὸν
3367 736 3585 805 Ἰάφεο.

1931 826 2189 897 Ἐφθιίρη
2219 826 2288 880 δὲ
2309 828 2347 895 1’}
2375 826 2450 897 γῆ
2473 828 2752 882 ἐναντίον
2777 827 2883 882 τοῦ
2913 826 3082 890 Θεοῦ,
3114 825 3210 880 καὶ
3240 822 3519 891 ἐπλήσθη
3548 823 3587 891 ἡ

1918 914 1995 986 τῆ
2019 915 2272 981 ἀδικίας.
2316 916 2471 985 Ἑμοί
2501 915 2731 986 δοκεῖτῇ
2766 916 2859 969 105
2888 916 3021 969 Θεοῦ
3059 912 3340 983 οἰκονομίᾳ
3379 912 3587 982 ὑπηρε-

1917 1003 2175 1075 τούμενον
2208 1004 2299 1056 τὸν
2324 1003 2529 1058 δίκαιον
2552 1003 2742 1056 τοῦτον
2768 1003 2863 1057 καὶ
2888 1002 2982 1057 νῦν
3007 1003 3105 1071 1?};
3136 1000 3333 1072 μίξεως
3360 998 3591 1067 ἀνασχέ-

1922 1093 2064 1153 σθαι,
2090 1092 2182 1144 καὶ
2210 1090 2337 1154 τοὺς
2366 1091 2560 1154 παῖδας
2590 1089 2814 1154 τούτους
2840 1089 3001 1158 ἔχειν.
3045 1087 3262 1157 Ἐπειδὴ
3284 1086 3392 1157 γὰρ
3417 1085 3505 1138 διὰ
3526 1084 3587 1138 τὸ

1919 1181 2020 1251 1?};
2058 1180 2255 1244 κακίας
2302 1180 2529 1251 μέγεθος
2561 1181 2654 1235 καὶ
2699 1179 2798 1251 τὴν
2846 1178 3286 1251 ὑπερϐάλλουσαν
3325 1178 3587 1248 πονηρίαν

1920 1271 2262 1343 πανωλεθρία
2297 1270 2487 1342 ἔμελλε
2520 1271 2617 1342 τὴν
2644 1272 2969 1342 οἰκουμένην
3006 1254 3437 1340 καταλήψεσθαι.
3472 1271 3499 1322 ό
3531 1268 3586 1322 δὲ

1919 1359 2298 1427 φιλάνθρωπος
2329 1360 2460 1424 Θεὸς
2486 1358 2737 1431 καθάπερ
2771 1359 2923 1431 ῥίζαν
2949 1358 3071 1412 τινὰ
3102 1359 3196 1411 καὶ
3226 1357 3402 1428 ζύμην
3429 1356 3585 1409 ἐϐού-

1919 1448 2040 1501 λετο
2069 1448 2157 1501 τὸν
2190 1447 2396 1502 δίκαιον
2434 1448 2773 1507 καταλιπεῖν,
2805 1449 2892 1501 ἵνα
2932 1447 3156 1519 ἀπαρχὴ
3186 1446 3407 1515 γένηται
3452 1442 3587 1514 μετά

1918 1536 2012 1589 τὸν
2044 1535 2269 1589 ἐκείνων
2298 1535 2605 1605 ἀφανισμὸν
2631 1536 2741 1590 τῶν
2772 1536 2908 1606 μετὰ
2936 1533 3108 1588 ταῦτα
3140 1532 3441 1603 μελλόντων
3469 1530 3589 1583 ἔσε-

1921 1623 2043 1676 σθαι
2066 1640 2080 1655 ’
2115 1620 2317 1692 ταύτης
2346 1621 2531 1676 ἕνεκεν
2561 1623 2657 1691 τῆς
2704 1622 2911 1687 αίτίας.
2948 1621 3088 1692 μετά
3127 1620 3460 1675 πεντακόσια
3494 1617 3587 1689 ἐτη

1918 1710 2139 1774 τούτους
2168 1712 2294 1774 τοὺς
2316 1713 2464 1781 τρεῖς
2496 1711 2689 1775 παῖδας
2721 1710 2990 1782 ἐσχηκὼς,
3019 1709 3182 1781 μέχρι
3206 1707 3412 1762 τούτων
3438 1707 3589 1759 ἵστα-

1919 1813 2029 1855 ται,
2061 1794 2271 1857 δεικνὺς
2292 1794 2358 1848 δι’
2384 1794 2560 1847 αὑτῶν
2589 1795 2697 1848 τῶν
2734 1795 3093 1867 πραγμάτων,
3117 1795 3197 1847 δτι
3222 1795 3302 1863 τῇ
3322 1788 3590 1862 μελλούσῃ

1920 1876 2069 1949 παρὰ
2096 1876 2187 1931 105
2214 1875 2348 1929 Θεοῦ
2375 1876 2751 1948 φιλανθρωπία
2774 1878 2852 1941 εἰς
2880 1877 2940 1930 τὸ
2965 1876 3073 1930 τῶν
3104 1874 3406 1947 ἀνθρώπων
3433 1871 3589 1941 γένος

1920 1961 2135 2015 ἔσεσθαι
2161 1959 2600 2030 ὑπηρετούμενος
2628 1959 2785 2013 τοῦτο
2810 1961 3096 2031 πεποίηκε.
3125 1960 3247 2013 Kal‘
3267 1958 3366 2011 ἵνα·
3384 1955 3583 2027 μάθῃς,

1918 2041 2000 2095 ὅτι
2029 2040 2126 2110 οὑχ
2152 2038 2338 2102 ἁπλῶς
2374 2039 2675 2109 στοχασμός
2702 2040 2816 2091 ἐστι
2846 2040 2999 2093 ταυτί
3026 2036 3097 2091 τὰ
3124 2038 3364 2108 ῥήματα,
3396 2034 3590 2088 σκόπει

1920 2122 2019 2189 τῆς
2047 2120 2269 2191 Γραφῆς
2295 2120 2395 2191 τὴν
2420 2120 2724 2187 ἀκρίϐειαν.
2762 2120 2981 2188 Ἐπειδὴ
3010 2119 3117 2190 γὰρ
3144 2115 3286 2183 εἰπε,
3317 2118 3400 2171 ὃτι
3432 2116 3591 2183 ἔσχεν

1919 2201 1949 2253 ὖ
1977 2200 2182 2262 δίκαιος
2208 2201 2335 2262 τοὺς
2364 2203 2512 2270 τρεῖς
2541 2201 2711 2261 υἱοὺς,
2741 2200 2942 2263 εὐθέως
2979 2200 3287 2269 ἐπήγαγεν·
3334 2194 3590 2264 Ὲφθάρη

1920 2279 1989 2333 δὲ
2012 2279 2049 2347 1'}
2080 2278 2157 2349 γῆ
2186 2279 2465 2333 ἐναντίον
2494 2279 2600 2333 τοῦ
2630 2281 2810 2336 Θεοῦ.
2844 2281 2937 2333 καὶ
2973 2277 3251 2346 ἐπλήσθη
3283 2278 3321 2343 η
3353 2275 3429 2345 γῆ
3460 2274 3588 2329 ἀδι-

1920 2361 2074 2425 κίας.
2110 2357 2261 2421 Εἶδες
2287 2360 2379 2413 ἐπὶ
2410 2362 2511 2427 τῆς
2541 2361 2711 2429 αὑτῆς
2746 2362 2959 2430 φύσεως
3004 2360 3205 2427 πολλὴν
3246 2360 3341 2413 καὶ
3384 2359 3591 2424 ἄφατον

1919 2441 2018 2511 τὴν
2036 2440 2297 2510 διαφοράν
2318 2458 2333 2506 ;
2372 2440 2495 2493 Ἐπὶ
2522 2440 2621 2511 μὲν
2643 2442 2713 2509 γά
2722 2459 2752 2511 ρ
2770 2440 2859 2493 τοῦ
2883 2441 3092 2493 δικαίου
3117 2440 3300 2503 ἔλεγεν
3322 2438 3355 2507 ἡ
3378 2434 3587 2505 Γραφὴ,

1920 2521 2049 2575 Νῶε
2081 2520 2386 2587 ἄνθρωπος
2418 2519 2668 2585 δίκαιος,
2706 2521 2930 2585 τέλειος
2958 2519 3026 2573 ἐν
3055 2518 3128 2585 τῇ
3156 2513 3330 2585 γενεᾷ
3367 2513 3587 2568 αὐτοῦ’

1921 2600 2015 2654 ἐπὶ
2042 2599 2099 2652 δὲ
2129 2598 2233 2652 τῶν
2263 2598 2465 2652 λοιπῶν
2496 2599 2751 2653 ἁπάντων
2784 2601 2979 2668 φησὶν,
3035 2597 3287 2666 Ἐςςθτίρη
3334 2594 3401 2647 δὲ
3433 2594 3471 2661 1'}
3515 2590 3591 2658 γῆ

1920 2678 2198 2754 ἐναντίον
2220 2680 2326 2731 τοῦ
2363 2677 2533 2738 Θεοῦ.
2568 2678 2667 2731 καί
2702 2678 2982 2746 ἐπλήσθη
3019 2678 3057 2744 ἠ
3094 2676 3171 2745 γῆ
3214 2675 3473 2754 ἀδικίας.
3493 2670 3593 2754 ’Τῷ

1920 2750 2140 2829 ὀνόματι
2181 2757 2281 2824 τῆς
2326 2756 2432 2825 γῆς
2475 2756 2535 2809 τὸ
2582 2756 2691 2809 τῶν
2744 2754 3044 2828 ἀνθρώπων
3076 2754 3279 2824 πλῆθος
3314 2750 3599 2821 ὀνομάζεις

1934 2834 2149 2905 Ἐπειδὴ
2174 2836 2282 2907 γὰρ
2309 2837 2484 2889 πᾶσαι
2512 2835 2692 2888 αὑτῶν
2714 2837 2768 2888 αἰ
2800 2835 3025 2904 πράξεις
3053 2836 3236 2903 γήῖναι
3272 2832 3616 2900 ἐτύγχανον,,

1921 2915 2009 2970 διὰ
2052 2914 2209 2968 τούτο
2256 2914 2329 2982 τῷ
2386 2914 2479 2982 τῆς
2516 2914 2620 2981 γῆς
2671 2914 2892 2983 ὀνόματι
2946 2914 3046 2983 τὴν
3092 2912 3364 2964 εὐτέλειαν
3413 2908 3619 2962 αὑτῶν.

1923 2993 2199 3064 ἐμφαίνει,
2230 2992 2448 3061 καὶτῆς
2476 2992 2675 3057 κακίας
2702 2993 2799 3063 τὴν
2829 2992 3157 3061 ὑπερϐολήν.
3187 2990 3454 3057 Καθάπερ
3482 2985 3592 3059 γὰρ

1924 3075 2015 3127 ἐπὶ
2042 3071 2137 3125 105
2180 3071 2639 3143 πρωτοπλάστου,
2690 3070 2826 3141 μετὰ
2868 3071 2968 3141 τὴν
2999 3069 3312 3140 παράϐασιν
3356 3067 3451 3121 καὶ
3493 3067 3593 3136 τὴν

1924 3151 2211 3220 ἀφαίρεσιν
2243 3149 2345 3219 τῆς
2364 3148 2522 3218 δόξης
2543 3150 2645 3217 1?};
2661 3149 2927 3219 πρότερον
2957 3147 3413 3219 περιστελλούσης
3441 3145 3593 3217 1219]

1923 3230 2104 3290 αὑτὸν,
2126 3227 2204 3299 τῷ
2226 3228 2485 3299 ἐπιτιμίῳ
2508 3228 2601 3281 105
2637 3228 2866 3282 θανάτου
2892 3227 3054 3281 αὑτὸν
3080 3227 3380 3294 ὑπαγαγὼν
3413 3225 3593 3292 ἔλεγε,

1922 3307 2015 3377 Γῆ
2041 3304 2122 3369 ετ,
2155 3308 2253 3364 καί
2286 3309 2374 3372 εἰς
2408 3306 2526 3375 γῆν
2558 3307 2870 3373 ἀπελεύσῃ
2892 3323 2906 3336 ·
2950 3304 3090 3359 οὑτω
3119 3306 3182 3375 δὴ
3215 3307 3308 3358 καὶ
3336 3303 3592 3366 ἐνταῦθα,

1924 3387 2108 3459 ἐπειδὴ
2133 3382 2201 3455 ἦν
2227 3386 2395 3456 πολλὴ
2414 3384 2523 3439 τῶν
2546 3386 2729 3438 κακῶν
2760 3388 2793 3455 ὴ
2820 3385 3089 3448 ἐπίτασις.
3117 3387 3301 3453 φησὶν,
3340 3380 3592 3450 Ἐρθὰρη

1923 3466 1992 3520 δὲ
2024 3468 2062 3534 η
2225 3465 2333 3517 Καὶ
2363 3464 2460 3533 οὑχ
2484 3463 2666 3528 ἁπλῶς
2695 3460 2868 3526 εἶπεν,
2902 3463 3161 3531 Ἐεσδάρη
3191 3462 3257 3514 δὲ
3286 3464 3322 3529 7'}
3352 3459 3450 3529 γῆ,
3477 3461 3593 3514 ἀλλ’

1936 3546 2249 3600 Ἐναντίον
2276 3542 2382 3596 τοῦ
2419 3542 2586 3605 Θεοῦ,
2620 3541 2716 3595 καὶ
2743 3540 3023 3607 ἐπλήσθη
3051 3543 3087 3608 τ’]
3116 3540 3193 3609 γῆ
3222 3541 3475 3605 ἀδικίας.
3502 3539 3594 3609 Τῷ

1924 3627 2119 3683 εἰπεῖν,
2172 3621 2428 3690 Ἐρθάρη
2452 3662 2466 3683 ,
2504 3624 2684 3675 πᾶσαν
2723 3619 2819 3691 τὴν
2858 3620 3056 3673 κακίαν
3094 3619 3271 3674 αὑτῶν
3314 3622 3591 3688 ἐνέφηνεν.

1924 3703 2058 3757 Οὑδὲ
2100 3701 2208 3771 γὰρ
2250 3699 2397 3753 ἐστιν
2442 3701 2648 3759 εἰπεῖν,
2682 3699 2761 3752 δτι
2811 3698 2891 3752 ἐνὶ
2936 3699 3029 3751 καὶ
3070 3698 3163 3751 δύο
3205 3699 3594 3770 ἁμαρτήμασιν

1925 3781 2260 3842 ὑπευθύνους
2290 3780 2514 3843 ἑαυτοὺς
2538 3778 2907 3847 κατέστησαν,
2936 3777 3072 3830 ἀλλά
3102 3778 3281 3840 πάσας
3304 3778 3401 3839 τάς
3424 3793 3596 3847 παρα-

1923 3860 2115 3931 νομίας
2143 3857 2280 3930 μετά
2308 3856 2511 3925 πολλῆς
2532 3856 2631 3926 τῆς
2655 3856 2935 3922 δαψιλείας
2958 3856 3344 3925 διεπράττοντο
3361 3872 3374 3888 ·
3401 3854 3479 3908 διὸ
3501 3856 3605 3907 καὶ

1924 3941 2191 4010 ἐπήγαγε,
2219 3935 2325 3991 Kal
2348 3936 2626 4004 ἐπλήσθη
2654 3936 2693 4002 η
2715 3934 2787 4004 γῆ
2811 3934 3065 4000 ἀδικίας.
3095 3935 3207 4004 Οὑχ
3227 3933 3435 3996 ἁπλῶς.
3458 3932 3591 3986 οὑδὲ·

1921 4024 1999 4087 ὡς
2028 4025 2183 4093 ἔτυχε
2212 4021 2311 4093 τὴν
2364 4020 2564 4075 κακίαν
2602 4019 2944 4089 ἐπετήδευον,
2988 4017 3102 4071 ἀλλ’
3137 4017 3374 4085 εκάστην
3414 4016 3595 4086 ἀμαρτ

1923 4103 2041 4156 τίαν
2076 4101 2213 4172 μετά
2243 4098 2443 4170 πολλῆς
2471 4100 2569 4169 1?};
2598 4098 2897 4160 ἐπιτάσεως
2926 4097 3317 4150 ἐπεδείκνυντο.
3348 4095 3459 4149 Καὶ
3490 4095 3594 4163 ὅρα

1924 4183 2040 4247 πῶς
2062 4182 2246 4237 λοιπὸν
2271 4182 2390 4235 οὑδέ
2416 4180 2636 4251 μνήμης
2661 4180 2857 4243 αὑτοὺς
2880 4179 3038 4250 ψιλῆς
3060 4178 3290 4244 ἀξιῶσαι
3315 4178 3589 4255 ἀνέχεται,

1924 4262 2057 4317 ἀλλά
2089 4261 2166 4332 τῷ
2210 4261 2310 4331 τῆς
2347 4259 2452 4330 γῆς
2482 4259 2703 4330 ὀνόματι
2746 4258 2943 4321 αὑτοὺς
2974 4258 3162 4319 καλεῖ,
3202 4254 3458 4311 δεικνῦσα
3496 4254 3607 4309 καὶλ

1922 4342 2021 4411 τῆς
2045 4340 2243 4403 κακίας
2261 4338 2359 4409 τὴν
2389 4336 2716 4409 ὑπερϐολὴν,
2740 4338 2833 4391 καὶ
2864 4338 2963 4407 τῆς
2992 4336 3083 4390 105
3113 4335 3248 4390 Θεοῦ
3281 4336 3595 4404 ἀγανακτή·

1927 4436 2063 4481 σεως
2089 4418 2149 4470 τὸ
2190 4416 2433 4488 μέγεθος.
2488 4416 2747 4486 Ἕςρθάρη
2786 4416 2854 4469 δὲ
2890 4417 2937 4485 ’ἦ
2965 4415 3063 4486 γῆ,
3090 4416 3255 4487 φησὶν
3276 4454 3292 4476 ,
3318 4414 3596 4468 ἐναντίον

1925 4497 2031 4552 τοῦ
2068 4497 2234 4559 Θεοῦ,
2270 4496 2414 4549 τοῦτ⁹
2446 4496 2614 4559 ἔστιν,
2654 4494 2981 4560 ἀπεναντίας
3003 4497 3114 4560 τοῖς
3141 4493 3235 4548 τοῦ
3259 4493 3395 4547 Θεοῦ
3425 4511 3592 4565 προσι

1924 4577 2201 4646 τάγμασιν
2265 4575 2482 4635 ᾶπαντα
2550 4575 2933 4647 διεπράττοντο
2953 4614 2968 4639 ,
3017 4573 3451 4634 καταπατοῦντες
3496 4570 3605 4627 105.

1924 4656 2057 4710 Θεοὺ
2082 4655 2179 4719 τὰς
2206 4654 2443 4719 ἐντολάς,
2475 4655 2570 4708 καὶ
2608 4655 2701 4709 τὸν
2738 4656 2796 4708 ἐν
2828 4658 2894 4726 τῇ
2930 4654 3091 4725 φύσει
3126 4654 3372 4723 κείμενον
3404 4654 3467 4721 τῇ
3500 4652 3595 4704 ἀν-

1925 4735 2171 4807 θρωπίνῃ
2202 4732 2519 4787 διδάσκαλον
2545 4734 2633 4789 διὰ
2654 4735 2756 4804 τῆς
2775 4734 2983 4797 οἰκείας
3015 4732 3288 4805 ῥᾳθυμίας
3322 4731 3594 4807 προδεδωε-

1925 4814 2100 4876 κότες.
2146 4806 2269 4866 Καὶ
2321 4812 2622 4882 ἐπλήσθη,
2676 4813 2869 4884 φησὶν,
2928 4814 2967 4881 ἡ
3002 4810 3078 4881 γῆ
3109 4811 3365 4875 ἀδικίας.
3418 4806 3592 4871 Εἶδες,

1926 4894 2196 4964 ἀγαπητὲ,
2232 4894 2355 4947 ὅσον
2378 4894 2545 4948 κακὸν
2576 4895 2840 4965 ἁμαρτία,
2861 4894 2979 4957 πῶς
2996 4894 3088 4946 καὶ
3104 4892 3273 4959 αὑτῆς
3301 4891 3397 4958 τῆς
3427 4905 3595 4958 προσ-

1926 4974 2171 5045 ηγορίας.
2225 4973 2317 5026 καὶ
2356 4972 2451 5025 τοῦ
2490 4971 2812 5043 ἀνθρώπους
2851 4970 3207 5041 ὀνομάζεσθαι
3244 4968 3436 5019 λοιπὸν
3468 4969 3593 5019 ἀνα-

1928 5052 2071 5118 ξίους
2112 5050 2514 5123 ἀπεργάζεται;
2561 5052 2758 5103 Ἀκουε
2802 5049 2960 5102 πάλιν
3003 5048 3096 5123 καὶ
3139 5046 3245 5100 τῶν
3293 5046 3438 5116 ἐξῆς’
3479 5045 3592 5099 Kal

1927 5127 2047 5184 εἶδε
2076 5131 2289 5195 Κύριος
2321 5133 2353 5182 ό
2391 5128 2534 5194 Θεὸς
2562 5127 2675 5195 τὴν
2700 5127 2836 5197 γῆν,
2866 5125 2964 5179 καὶ
3002 5122 3080 5195 ἦν
3120 5123 3590 5194 κατεφθαρμένη.

1930 5214 2073 5283 Ὅρα
2097 5209 2256 5262 πάλιν
2278 5210 2380 5277 γῆν
2404 5208 2601 5271 αὑτοὺς
2626 5205 3078 5277 ὀνομαζομένους.
3111 5201 3265 5265 Εἶτα,
3294 5204 3478 5275 ἐπειδὴ
3498 5204 3593 5257 καὶ
3649 5218 3653 5222 ·

1927 5286 2076 5352 ἅπαξ
2098 5288 2190 5341 καὶ
2217 5286 2465 5357 δεύτερον
2495 5287 2587 5339 καὶ
2614 5286 2794 5355 τρίτον
2822 5286 2925 5355 γῆν
2957 5285 3151 5347 αὑτοὺς
3176 5285 3477 5354 ὠνόμασεν,
3508 5285 3595 5336 ἴνα

1931 5368 2005 5438 μή
2038 5383 2120 5428 τις
2150 5366 2397 5437 ὑπολάϐῃ
2444 5366 2571 5436 περί
2611 5364 2712 5435 1?};
2750 5364 2851 5435 γῆς
2884 5365 2983 5433 τῆς
3015 5364 3275 5434 αἰσθητῆς
3313 5364 3481 5415 ταῦτα
3515 5364 3593 5414 εἰ-

1931 5445 2145 5517 ρῆσθαι,
2181 5445 2365 5515 φησὶν,
2401 5444 2529 5497 ’Ότι
2563 5444 2907 5514 κατέφθειρε
2930 5442 3098 5498 πᾶσα
3129 5444 3286 5511 σὰρξ
3310 5445 3425 5509 τὴν
3450 5442 3593 5497 ὁδὸν

1926 5522 2113 5577 αὐτοῦ
2132 5523 2229 5575 ἐπὶ
2247 5522 2357 5590 τῆς
2381 5520 2513 5591 γῆς.
2538 5523 2671 5576 Οὐδὲ
2692 5522 2788 5575 νῦν
2810 5520 3127 5593 ἀνθρώπους
3150 5521 3344 5584 αὑτοὺς
3369 5519 3592 5574 καλέσαι

1928 5601 2263 5670 κατηξίωσεν
2284 5639 2299 5660 ,
2331 5600 2469 5653 ἀλλά
2497 5600 2573 5671 τῷ
2604 5602 2701 5670 τῆς
2734 5600 2936 5671 σαρκὸς
2969 5600 3193 5669 ὀνόματι
3230 5599 3388 5669 μόνον
3420 5600 3589 5651 ἐνδεί-

1930 5680 2123 5748 ξασθαι
2162 5680 2295 5748 ήμῖν
2336 5677 2601 5747 βούλεται,
2636 5680 2717 5731 ὃτι
2763 5679 2823 5733 οὑ
2853 5679 2981 5751 περὶ
3013 5678 3112 5746 τῆς
3144 5676 3247 5745 γῆς
3289 5677 3461 5729 ταῦτά
3489 5695 3593 5746 φη·-

1932 5777 2037 5820 σιν,
2063 5756 2199 5813 ἀλλὰ
2220 5756 2348 5827 περὶ
2374 5756 2480 5810 τῶν
2505 5757 2806 5829 ἀνθρώπων
2830 5758 2937 5812 τῶν
2968 5757 3147 5827 σάρκα
3175 5758 3590 5827 περικειμένων,

1932 5839 2025 5892 καὶ
2064 5838 2183 5898 ταῖς
2222 5835 2433 5905 γηῖναις
2485 5836 2747 5905 πράξεσιν
2798 5837 3022 5899 ἐαυτοὺς
3080 5834 3588 5890 καταναλωσάντων.

1940 5916 2095 5980 ’Ἐθες
2132 5916 2236 5987 γάρ
2280 5917 2343 5987 τῇ
2384 5914 2604 5988 Γραφῇ,
2650 5916 2897 5989 καθάπερ
2934 5913 3186 5978 πολλάκις
3238 5913 3458 5983 εἴπομεν
3502 5917 3587 5967 an
