  <div class='ocr_page' id='page_1' title='image "/cluster/home/n/w/nwhite01/storage/ocr_20150623/53-54/hvd.32044012465829/209.png"; bbox 0 0 3804 6240; ppageno 0'>
   <div class='ocr_carea' id='block_1_1' title="bbox 243 298 350 353">
    <p class='ocr_par' dir='ltr' id='par_1_1' title="bbox 243 298 350 353">
     <span class='ocr_line' id='line_1_1' title="bbox 243 298 350 353; baseline 0.037 -4"><span class='ocrx_word' id='word_1_1' title='bbox 243 298 350 353; x_wconf 74' lang='lat'><strong>209</strong></span> 
     </span>
    </p>
   </div>
   <div class='ocr_carea' id='block_1_2' title="bbox 246 414 1910 491">
    <p class='ocr_par' dir='ltr' id='par_1_2' title="bbox 246 414 1910 491">
     <span class='ocr_line' id='line_1_2' title="bbox 246 414 1910 491; baseline -0.006 -14"><span class='ocrx_word' id='word_1_2' title='bbox 246 415 342 485; x_wconf 81' lang='grc' dir='ltr'>τῆς</span> <span class='ocrx_word' id='word_1_3' title='bbox 371 414 640 487; x_wconf 78' lang='grc' dir='ltr'>ὑμετέρας</span> <span class='ocrx_word' id='word_1_4' title='bbox 661 416 901 488; x_wconf 88' lang='grc' dir='ltr'>ἀγάπης,</span> <span class='ocrx_word' id='word_1_5' title='bbox 926 417 1050 481; x_wconf 77' lang='grc' dir='ltr'>τοὺς</span> <span class='ocrx_word' id='word_1_6' title='bbox 1074 420 1332 489; x_wconf 91' lang='grc' dir='ltr'>σαρκικὸν</span> <span class='ocrx_word' id='word_1_7' title='bbox 1360 419 1615 491; x_wconf 86' lang='grc' dir='ltr'>φρόνημα</span> <span class='ocrx_word' id='word_1_8' title='bbox 1640 416 1910 481; x_wconf 78' lang='grc' dir='ltr'>ἐπιδειξαο</span> 
     </span>
    </p>
   </div>
   <div class='ocr_carea' id='block_1_3' title="bbox 1059 293 2912 358">
    <p class='ocr_par' dir='ltr' id='par_1_3' title="bbox 1059 293 2912 358">
     <span class='ocr_line' id='line_1_3' title="bbox 1059 293 2912 358; baseline -0.003 0"><span class='ocrx_word' id='word_1_9' title='bbox 1059 302 1115 357; x_wconf 88' lang='lat' dir='ltr'>S.</span> <span class='ocrx_word' id='word_1_10' title='bbox 1154 302 1436 358; x_wconf 70' lang='lat' dir='ltr'>JOANNIS</span> <span class='ocrx_word' id='word_1_11' title='bbox 1466 294 1958 356; x_wconf 78' lang='lat' dir='ltr'>CIIRYSOSTOMI</span> <span class='ocrx_word' id='word_1_12' title='bbox 1997 293 2316 351; x_wconf 76' lang='lat' dir='ltr'>ARCIHEP.</span> <span class='ocrx_word' id='word_1_13' title='bbox 2366 296 2912 353; x_wconf 76' lang='lat' dir='ltr'>CONSTANTINOP.</span> 
     </span>
    </p>
   </div>
   <div class='ocr_carea' id='block_1_4' title="bbox 3571 304 3675 361">
    <p class='ocr_par' dir='ltr' id='par_1_4' title="bbox 3571 304 3675 361">
     <span class='ocr_line' id='line_1_4' title="bbox 3571 304 3675 361; baseline 0.058 -6"><span class='ocrx_word' id='word_1_14' title='bbox 3571 304 3675 361; x_wconf 75' lang='lat' dir='ltr'>2l0</span> 
     </span>
    </p>
   </div>
   <div class='ocr_carea' id='block_1_5' title="bbox 2014 413 3672 487">
    <p class='ocr_par' dir='ltr' id='par_1_5' title="bbox 2014 413 3672 487">
     <span class='ocr_line' id='line_1_5' title="bbox 2014 413 3672 487; baseline 0.007 -22"><span class='ocrx_word' id='word_1_15' title='bbox 2014 413 2159 476; x_wconf 85' lang='grc' dir='ltr'>εἰκὸς</span> <span class='ocrx_word' id='word_1_16' title='bbox 2194 413 2340 485; x_wconf 81' lang='grc' dir='ltr'>ἔχειν</span> <span class='ocrx_word' id='word_1_17' title='bbox 2376 415 2555 487; x_wconf 79' lang='grc' dir='ltr'>ψυχὴν</span> <span class='ocrx_word' id='word_1_18' title='bbox 2598 416 2691 469; x_wconf 89' lang='grc' dir='ltr'>τὸν</span> <span class='ocrx_word' id='word_1_19' title='bbox 2726 416 2931 471; x_wconf 89' lang='grc' dir='ltr'>δίκαιον</span> <span class='ocrx_word' id='word_1_20' title='bbox 2967 415 3155 471; x_wconf 90' lang='grc' dir='ltr'>τοῦτον</span> <span class='ocrx_word' id='word_1_21' title='bbox 3194 417 3363 472; x_wconf 86' lang='grc' dir='ltr'>ταῦτα</span> <span class='ocrx_word' id='word_1_22' title='bbox 3412 421 3672 476; x_wconf 79' lang='grc' dir='ltr'>ἀκούοντα</span> 
     </span>
    </p>
   </div>
   <div class='ocr_carea' id='block_1_6' title="bbox 248 500 3671 581">
    <p class='ocr_par' dir='ltr' id='par_1_6' title="bbox 248 500 3671 581">
     <span class='ocr_line' id='line_1_6' title="bbox 248 500 3671 581; baseline 0.003 -27"><span class='ocrx_word' id='word_1_23' title='bbox 248 500 461 571; x_wconf 77' lang='grc' dir='ltr'>μένους,</span> <span class='ocrx_word' id='word_1_24' title='bbox 486 507 581 559; x_wconf 77' lang='grc' dir='ltr'>καὶ</span> <span class='ocrx_word' id='word_1_25' title='bbox 609 507 774 575; x_wconf 84' lang='grc' dir='ltr'>μηδὲν</span> <span class='ocrx_word' id='word_1_26' title='bbox 803 506 1004 576; x_wconf 69' lang='grc' dir='ltr'>ὑψηλὸν</span> <span class='ocrx_word' id='word_1_27' title='bbox 1031 506 1468 576; x_wconf 78' lang='grc' dir='ltr'>φανταζομένους</span> <span class='ocrx_word' id='word_1_28' title='bbox 1490 508 1565 578; x_wconf 80' lang='grc' dir='ltr'>τῷ</span> <span class='ocrx_word' id='word_1_29' title='bbox 1587 507 1684 578; x_wconf 86' lang='grc' dir='ltr'>τῆς</span> <span class='ocrx_word' id='word_1_30' title='bbox 1710 505 1912 577; x_wconf 80' lang='grc' dir='ltr'>σαρκὸς</span> <span class='ocrx_word' id='word_1_31' title='bbox 2014 501 2162 572; x_wconf 82' lang='grc' dir='ltr'>παρὰ</span> <span class='ocrx_word' id='word_1_32' title='bbox 2191 503 2285 555; x_wconf 90' lang='grc' dir='ltr'>τοῦ</span> <span class='ocrx_word' id='word_1_33' title='bbox 2312 505 2599 557; x_wconf 88' lang='grc' dir='ltr'>Δεσπότου.</span> <span class='ocrx_word' id='word_1_34' title='bbox 2630 505 2691 558; x_wconf 86' lang='grc' dir='ltr'>Εἰ</span> <span class='ocrx_word' id='word_1_35' title='bbox 2727 504 2833 576; x_wconf 84' lang='grc' dir='ltr'>γὰρ</span> <span class='ocrx_word' id='word_1_36' title='bbox 2878 506 2971 559; x_wconf 73' lang='grc' dir='ltr'>καὶ</span> <span class='ocrx_word' id='word_1_37' title='bbox 3023 506 3222 579; x_wconf 87' lang='grc' dir='ltr'>πολλὴν</span> <span class='ocrx_word' id='word_1_38' title='bbox 3254 509 3452 581; x_wconf 85' lang='grc' dir='ltr'>ἀρετὴν</span> <span class='ocrx_word' id='word_1_39' title='bbox 3499 511 3671 581; x_wconf 82' lang='grc' dir='ltr'>ἐαυτῷ</span> 
     </span>
    </p>
   </div>
   <div class='ocr_carea' id='block_1_7' title="bbox 244 588 1910 666">
    <p class='ocr_par' dir='ltr' id='par_1_7' title="bbox 244 588 1910 666">
     <span class='ocr_line' id='line_1_7' title="bbox 244 588 1910 666; baseline 0.002 -25"><span class='ocrx_word' id='word_1_40' title='bbox 244 588 468 659; x_wconf 84' lang='grc' dir='ltr'>ὀνόματι</span> <span class='ocrx_word' id='word_1_41' title='bbox 497 593 943 664; x_wconf 77' lang='grc' dir='ltr'>προσαγορεύειν,</span> <span class='ocrx_word' id='word_1_42' title='bbox 966 592 1217 664; x_wconf 89' lang='grc' dir='ltr'>καθάπερ</span> <span class='ocrx_word' id='word_1_43' title='bbox 1238 594 1332 646; x_wconf 75' lang='grc' dir='ltr'>καὶ</span> <span class='ocrx_word' id='word_1_44' title='bbox 1353 596 1380 647; x_wconf 99' lang='lat'>6</span> <span class='ocrx_word' id='word_1_45' title='bbox 1403 595 1671 666; x_wconf 89' lang='grc' dir='ltr'>μακάριος</span> <span class='ocrx_word' id='word_1_46' title='bbox 1699 592 1910 657; x_wconf 86' lang='grc' dir='ltr'>Παῦλός</span> 
     </span>
    </p>
   </div>
   <div class='ocr_carea' id='block_1_8' title="bbox 243 678 1906 747">
    <p class='ocr_par' dir='ltr' id='par_1_8' title="bbox 243 678 1906 747">
     <span class='ocr_line' id='line_1_8' title="bbox 243 678 1906 747; baseline 0.004 -20"><span class='ocrx_word' id='word_1_47' title='bbox 243 692 428 745; x_wconf 83' lang='grc' dir='ltr'>φησιν·</span> <span class='ocrx_word' id='word_1_48' title='bbox 456 680 521 730; x_wconf 84' lang='lat' dir='ltr'>Ol</span> <span class='ocrx_word' id='word_1_49' title='bbox 548 678 615 729; x_wconf 79' lang='grc' dir='ltr'>δὲ</span> <span class='ocrx_word' id='word_1_50' title='bbox 635 679 705 731; x_wconf 83' lang='grc' dir='ltr'>ἐν</span> <span class='ocrx_word' id='word_1_51' title='bbox 726 678 905 746; x_wconf 80' lang='grc' dir='ltr'>σαρκί</span> <span class='ocrx_word' id='word_1_52' title='bbox 932 679 1101 745; x_wconf 83' lang='grc' dir='ltr'>ὄντες</span> <span class='ocrx_word' id='word_1_53' title='bbox 1126 678 1246 745; x_wconf 86' lang='grc' dir='ltr'>Θεῷ</span> <span class='ocrx_word' id='word_1_54' title='bbox 1271 680 1481 747; x_wconf 82' lang='grc' dir='ltr'>ἀρέσαι</span> <span class='ocrx_word' id='word_1_55' title='bbox 1506 683 1577 734; x_wconf 86' lang='grc' dir='ltr'>οὐ</span> <span class='ocrx_word' id='word_1_56' title='bbox 1598 680 1906 734; x_wconf 83' lang='grc' dir='ltr'>δύνανται.</span> 
     </span>
    </p>
   </div>
   <div class='ocr_carea' id='block_1_9' title="bbox 244 758 1905 840">
    <p class='ocr_par' dir='ltr' id='par_1_9' title="bbox 244 758 1905 840">
     <span class='ocr_line' id='line_1_9' title="bbox 244 758 1905 840; baseline 0.003 -25"><span class='ocrx_word' id='word_1_57' title='bbox 244 763 309 816; x_wconf 95' lang='grc' dir='ltr'>Τί</span> <span class='ocrx_word' id='word_1_58' title='bbox 339 758 463 831; x_wconf 76' lang='grc' dir='ltr'>οῦνς</span> <span class='ocrx_word' id='word_1_59' title='bbox 500 764 661 828; x_wconf 85' lang='grc' dir='ltr'>αὐτὸς</span> <span class='ocrx_word' id='word_1_60' title='bbox 701 767 729 819; x_wconf 95' lang='lat'>6</span> <span class='ocrx_word' id='word_1_61' title='bbox 758 767 930 820; x_wconf 84' lang='grc' dir='ltr'>ταῦτα</span> <span class='ocrx_word' id='word_1_62' title='bbox 975 766 1147 836; x_wconf 89' lang='grc' dir='ltr'>λέγων</span> <span class='ocrx_word' id='word_1_63' title='bbox 1178 768 1297 839; x_wconf 71' lang='grc' dir='ltr'>οὐχὶ</span> <span class='ocrx_word' id='word_1_64' title='bbox 1340 769 1515 840; x_wconf 83' lang='grc' dir='ltr'>σάρκα</span> <span class='ocrx_word' id='word_1_65' title='bbox 1562 768 1905 840; x_wconf 88' lang='grc' dir='ltr'>περιέκειτο;</span> 
     </span>
    </p>
   </div>
   <div class='ocr_carea' id='block_1_10' title="bbox 254 849 1907 926">
    <p class='ocr_par' dir='ltr' id='par_1_10' title="bbox 254 849 1907 926">
     <span class='ocr_line' id='line_1_10' title="bbox 254 849 1907 926; baseline 0.004 -25"><span class='ocrx_word' id='word_1_66' title='bbox 254 849 391 903; x_wconf 79' lang='grc' dir='ltr'>Ἀλλ’</span> <span class='ocrx_word' id='word_1_67' title='bbox 417 852 478 904; x_wconf 89' lang='grc' dir='ltr'>οὐ</span> <span class='ocrx_word' id='word_1_68' title='bbox 508 850 664 905; x_wconf 89' lang='grc' dir='ltr'>τοῦτό</span> <span class='ocrx_word' id='word_1_69' title='bbox 693 870 877 923; x_wconf 90' lang='grc' dir='ltr'>φησιν,</span> <span class='ocrx_word' id='word_1_70' title='bbox 908 854 989 907; x_wconf 79' lang='grc' dir='ltr'>ὅτι</span> <span class='ocrx_word' id='word_1_71' title='bbox 1014 855 1062 906; x_wconf 84' lang='grc' dir='ltr'>οἱ</span> <span class='ocrx_word' id='word_1_72' title='bbox 1097 854 1273 926; x_wconf 82' lang='grc' dir='ltr'>σάρκα</span> <span class='ocrx_word' id='word_1_73' title='bbox 1304 855 1696 926; x_wconf 87' lang='grc' dir='ltr'>περικείμενοι,</span> <span class='ocrx_word' id='word_1_74' title='bbox 1726 855 1787 907; x_wconf 91' lang='grc' dir='ltr'>οὐ</span> <span class='ocrx_word' id='word_1_75' title='bbox 1817 854 1907 907; x_wconf 87' lang='grc' dir='ltr'>δύ-</span> 
     </span>
    </p>
   </div>
   <div class='ocr_carea' id='block_1_11' title="bbox 240 934 1906 1013">
    <p class='ocr_par' dir='ltr' id='par_1_11' title="bbox 240 934 1906 1013">
     <span class='ocr_line' id='line_1_11' title="bbox 240 934 1906 1013; baseline 0.003 -24"><span class='ocrx_word' id='word_1_76' title='bbox 240 953 423 991; x_wconf 86' lang='grc' dir='ltr'>νανται</span> <span class='ocrx_word' id='word_1_77' title='bbox 470 938 663 1007; x_wconf 85' lang='grc' dir='ltr'>ἀρέσαι</span> <span class='ocrx_word' id='word_1_78' title='bbox 699 934 843 995; x_wconf 77' lang='grc' dir='ltr'>οὗτοι</span> <span class='ocrx_word' id='word_1_79' title='bbox 888 939 966 1010; x_wconf 82' lang='grc' dir='ltr'>τῷ</span> <span class='ocrx_word' id='word_1_80' title='bbox 1010 941 1151 1012; x_wconf 81' lang='grc' dir='ltr'>Θεῷ,</span> <span class='ocrx_word' id='word_1_81' title='bbox 1200 942 1315 995; x_wconf 83' lang='grc' dir='ltr'>ἀλλ’</span> <span class='ocrx_word' id='word_1_82' title='bbox 1345 944 1426 995; x_wconf 81' lang='grc' dir='ltr'>ὅτι</span> <span class='ocrx_word' id='word_1_83' title='bbox 1474 944 1524 995; x_wconf 85' lang='grc' dir='ltr'>οἱ</span> <span class='ocrx_word' id='word_1_84' title='bbox 1573 943 1772 1013; x_wconf 81' lang='grc' dir='ltr'>μηδένα</span> <span class='ocrx_word' id='word_1_85' title='bbox 1809 942 1906 1013; x_wconf 88' lang='grc' dir='ltr'>τῆς</span> 
     </span>
    </p>
   </div>
   <div class='ocr_carea' id='block_1_12' title="bbox 239 1024 1905 1101">
    <p class='ocr_par' dir='ltr' id='par_1_12' title="bbox 239 1024 1905 1101">
     <span class='ocr_line' id='line_1_12' title="bbox 239 1024 1905 1101; baseline 0.003 -25"><span class='ocrx_word' id='word_1_86' title='bbox 239 1024 438 1095; x_wconf 83' lang='grc' dir='ltr'>ἀρετῆς</span> <span class='ocrx_word' id='word_1_87' title='bbox 466 1024 622 1095; x_wconf 89' lang='grc' dir='ltr'>λόγον</span> <span class='ocrx_word' id='word_1_88' title='bbox 655 1027 984 1098; x_wconf 78' lang='grc' dir='ltr'>ποιούμενοι,</span> <span class='ocrx_word' id='word_1_89' title='bbox 1023 1028 1159 1081; x_wconf 89' lang='grc' dir='ltr'>ἀλλά</span> <span class='ocrx_word' id='word_1_90' title='bbox 1186 1028 1364 1083; x_wconf 84' lang='grc' dir='ltr'>πάντα</span> <span class='ocrx_word' id='word_1_91' title='bbox 1397 1028 1464 1082; x_wconf 77' lang='grc' dir='ltr'>τὰ</span> <span class='ocrx_word' id='word_1_92' title='bbox 1508 1029 1743 1101; x_wconf 77' lang='grc' dir='ltr'>σαρκικὰ</span> <span class='ocrx_word' id='word_1_93' title='bbox 1772 1047 1905 1099; x_wconf 81' lang='grc' dir='ltr'>φρο-</span> 
     </span>
    </p>
   </div>
   <div class='ocr_carea' id='block_1_13' title="bbox 242 1110 1903 1185">
    <p class='ocr_par' dir='ltr' id='par_1_13' title="bbox 242 1110 1903 1185">
     <span class='ocr_line' id='line_1_13' title="bbox 242 1110 1903 1185; baseline 0.002 -22"><span class='ocrx_word' id='word_1_94' title='bbox 242 1110 477 1174; x_wconf 83' lang='grc' dir='ltr'>νοῦντες,</span> <span class='ocrx_word' id='word_1_95' title='bbox 516 1113 610 1165; x_wconf 74' lang='grc' dir='ltr'>καὶ</span> <span class='ocrx_word' id='word_1_96' title='bbox 658 1114 787 1183; x_wconf 77' lang='grc' dir='ltr'>περὶ</span> <span class='ocrx_word' id='word_1_97' title='bbox 818 1115 916 1177; x_wconf 76' lang='grc' dir='ltr'>τὰς</span> <span class='ocrx_word' id='word_1_98' title='bbox 960 1114 1161 1185; x_wconf 81' lang='grc' dir='ltr'>ταύτης</span> <span class='ocrx_word' id='word_1_99' title='bbox 1219 1115 1412 1185; x_wconf 76' lang='grc' dir='ltr'>ἡδονὰς</span> <span class='ocrx_word' id='word_1_100' title='bbox 1462 1114 1903 1185; x_wconf 86' lang='grc' dir='ltr'>κατασπώμενοι,</span> 
     </span>
    </p>
   </div>
   <div class='ocr_carea' id='block_1_14' title="bbox 241 1196 1905 1273">
    <p class='ocr_par' dir='ltr' id='par_1_14' title="bbox 241 1196 1905 1273">
     <span class='ocr_line' id='line_1_14' title="bbox 241 1196 1905 1273; baseline 0.001 -21"><span class='ocrx_word' id='word_1_101' title='bbox 241 1196 336 1252; x_wconf 74' lang='grc' dir='ltr'>καὶ</span> <span class='ocrx_word' id='word_1_102' title='bbox 398 1199 665 1270; x_wconf 87' lang='grc' dir='ltr'>μηδεμίαν</span> <span class='ocrx_word' id='word_1_103' title='bbox 713 1200 812 1272; x_wconf 84' lang='grc' dir='ltr'>τῆς</span> <span class='ocrx_word' id='word_1_104' title='bbox 849 1202 1026 1272; x_wconf 70' lang='grc' dir='ltr'>ψυχῆς</span> <span class='ocrx_word' id='word_1_105' title='bbox 1070 1202 1172 1272; x_wconf 87' lang='grc' dir='ltr'>τῆς</span> <span class='ocrx_word' id='word_1_106' title='bbox 1226 1202 1519 1272; x_wconf 78' lang='grc' dir='ltr'>ἀσωμάτου</span> <span class='ocrx_word' id='word_1_107' title='bbox 1573 1201 1666 1254; x_wconf 76' lang='grc' dir='ltr'>καὶ</span> <span class='ocrx_word' id='word_1_108' title='bbox 1714 1204 1905 1273; x_wconf 80' lang='grc' dir='ltr'>νοερᾶς</span> 
     </span>
    </p>
   </div>
   <div class='ocr_carea' id='block_1_15' title="bbox 241 1283 1905 1359">
    <p class='ocr_par' dir='ltr' id='par_1_15' title="bbox 241 1283 1905 1359">
     <span class='ocr_line' id='line_1_15' title="bbox 241 1283 1905 1359; baseline 0.002 -22"><span class='ocrx_word' id='word_1_109' title='bbox 241 1285 496 1355; x_wconf 78' lang='grc' dir='ltr'>φροντίδα</span> <span class='ocrx_word' id='word_1_110' title='bbox 529 1286 858 1357; x_wconf 80' lang='grc' dir='ltr'>ποιούμενοι.</span> <span class='ocrx_word' id='word_1_111' title='bbox 903 1287 1056 1341; x_wconf 77' lang='grc' dir='ltr'>Ἐπεὶ</span> <span class='ocrx_word' id='word_1_112' title='bbox 1090 1283 1182 1341; x_wconf 84' lang='grc' dir='ltr'>οῦν</span> <span class='ocrx_word' id='word_1_113' title='bbox 1210 1286 1300 1342; x_wconf 74' lang='grc' dir='ltr'>διὰ</span> <span class='ocrx_word' id='word_1_114' title='bbox 1331 1288 1439 1340; x_wconf 90' lang='grc' dir='ltr'>τῶν</span> <span class='ocrx_word' id='word_1_115' title='bbox 1467 1289 1769 1359; x_wconf 80' lang='grc' dir='ltr'>εἰρημένων</span> <span class='ocrx_word' id='word_1_116' title='bbox 1800 1288 1905 1341; x_wconf 85' lang='grc' dir='ltr'>ἐδί-</span> 
     </span>
    </p>
   </div>
   <div class='ocr_carea' id='block_1_16' title="bbox 236 1370 1900 1446">
    <p class='ocr_par' dir='ltr' id='par_1_16' title="bbox 236 1370 1900 1446">
     <span class='ocr_line' id='line_1_16' title="bbox 236 1370 1900 1446; baseline 0.003 -23"><span class='ocrx_word' id='word_1_117' title='bbox 236 1370 395 1438; x_wconf 83' lang='grc' dir='ltr'>δαξεν</span> <span class='ocrx_word' id='word_1_118' title='bbox 420 1374 566 1443; x_wconf 79' lang='grc' dir='ltr'>ἡμᾶς</span> <span class='ocrx_word' id='word_1_119' title='bbox 595 1376 625 1444; x_wconf 85' lang='grc' dir='ltr'>ἡ</span> <span class='ocrx_word' id='word_1_120' title='bbox 658 1373 777 1428; x_wconf 89' lang='grc' dir='ltr'>θεία</span> <span class='ocrx_word' id='word_1_121' title='bbox 804 1374 994 1446; x_wconf 87' lang='grc' dir='ltr'>Γραφὴ</span> <span class='ocrx_word' id='word_1_122' title='bbox 1020 1375 1130 1428; x_wconf 85' lang='grc' dir='ltr'>τῶν</span> <span class='ocrx_word' id='word_1_123' title='bbox 1159 1375 1568 1446; x_wconf 84' lang='grc' dir='ltr'>ἁμαρτημάτων</span> <span class='ocrx_word' id='word_1_124' title='bbox 1593 1374 1654 1427; x_wconf 86' lang='grc' dir='ltr'>τὸ</span> <span class='ocrx_word' id='word_1_125' title='bbox 1680 1374 1900 1445; x_wconf 86' lang='grc' dir='ltr'>πλῆθος,</span> 
     </span>
    </p>
   </div>
   <div class='ocr_carea' id='block_1_17' title="bbox 236 1458 1902 1533">
    <p class='ocr_par' dir='ltr' id='par_1_17' title="bbox 236 1458 1902 1533">
     <span class='ocr_line' id='line_1_17' title="bbox 236 1458 1902 1533; baseline 0.003 -24"><span class='ocrx_word' id='word_1_126' title='bbox 236 1458 337 1529; x_wconf 87' lang='grc' dir='ltr'>τῆς</span> <span class='ocrx_word' id='word_1_127' title='bbox 370 1459 568 1524; x_wconf 88' lang='grc' dir='ltr'>κακίας</span> <span class='ocrx_word' id='word_1_128' title='bbox 591 1462 689 1532; x_wconf 89' lang='grc' dir='ltr'>τὴν</span> <span class='ocrx_word' id='word_1_129' title='bbox 713 1462 1037 1533; x_wconf 91' lang='grc' dir='ltr'>ὑπερϐολὴν,</span> <span class='ocrx_word' id='word_1_130' title='bbox 1067 1463 1166 1532; x_wconf 88' lang='grc' dir='ltr'>τῆς</span> <span class='ocrx_word' id='word_1_131' title='bbox 1196 1463 1618 1533; x_wconf 78' lang='grc' dir='ltr'>ἀγανακτήσεως</span> <span class='ocrx_word' id='word_1_132' title='bbox 1650 1461 1742 1514; x_wconf 91' lang='grc' dir='ltr'>τοῦ</span> <span class='ocrx_word' id='word_1_133' title='bbox 1769 1461 1902 1515; x_wconf 89' lang='grc' dir='ltr'>Θεοῦ</span> 
     </span>
    </p>
   </div>
   <div class='ocr_carea' id='block_1_18' title="bbox 236 1544 1905 1621">
    <p class='ocr_par' dir='ltr' id='par_1_18' title="bbox 236 1544 1905 1621">
     <span class='ocr_line' id='line_1_18' title="bbox 236 1544 1905 1621; baseline 0.003 -25"><span class='ocrx_word' id='word_1_134' title='bbox 236 1544 297 1598; x_wconf 83' lang='grc' dir='ltr'>τὸ</span> <span class='ocrx_word' id='word_1_135' title='bbox 327 1544 573 1615; x_wconf 89' lang='grc' dir='ltr'>μέγεθος,</span> <span class='ocrx_word' id='word_1_136' title='bbox 592 1549 685 1601; x_wconf 74' lang='grc' dir='ltr'>καὶ</span> <span class='ocrx_word' id='word_1_137' title='bbox 709 1549 790 1602; x_wconf 83' lang='grc' dir='ltr'>ὃτι</span> <span class='ocrx_word' id='word_1_138' title='bbox 813 1549 900 1602; x_wconf 83' lang='grc' dir='ltr'>διὰ</span> <span class='ocrx_word' id='word_1_139' title='bbox 922 1550 1021 1621; x_wconf 86' lang='grc' dir='ltr'>τὴν</span> <span class='ocrx_word' id='word_1_140' title='bbox 1043 1549 1149 1603; x_wconf 88' lang='grc' dir='ltr'>τῶν</span> <span class='ocrx_word' id='word_1_141' title='bbox 1171 1549 1497 1620; x_wconf 87' lang='grc' dir='ltr'>παρανόμων</span> <span class='ocrx_word' id='word_1_142' title='bbox 1515 1548 1690 1620; x_wconf 79' lang='grc' dir='ltr'>ἔργων</span> <span class='ocrx_word' id='word_1_143' title='bbox 1715 1550 1905 1620; x_wconf 74' lang='grc' dir='ltr'>ἐπιτήο</span> 
     </span>
    </p>
   </div>
   <div class='ocr_carea' id='block_1_19' title="bbox 236 1631 1902 1707">
    <p class='ocr_par' dir='ltr' id='par_1_19' title="bbox 236 1631 1902 1707">
     <span class='ocr_line' id='line_1_19' title="bbox 236 1631 1902 1707; baseline 0.003 -22"><span class='ocrx_word' id='word_1_144' title='bbox 236 1631 414 1687; x_wconf 88' lang='grc' dir='ltr'>δευσιν</span> <span class='ocrx_word' id='word_1_145' title='bbox 448 1635 541 1688; x_wconf 76' lang='grc' dir='ltr'>καὶ</span> <span class='ocrx_word' id='word_1_146' title='bbox 577 1635 721 1702; x_wconf 75' lang='grc' dir='ltr'>ἅπαξ</span> <span class='ocrx_word' id='word_1_147' title='bbox 766 1635 858 1689; x_wconf 71' lang='grc' dir='ltr'>καὶ</span> <span class='ocrx_word' id='word_1_148' title='bbox 912 1637 1161 1707; x_wconf 89' lang='grc' dir='ltr'>δεύτερον</span> <span class='ocrx_word' id='word_1_149' title='bbox 1218 1639 1309 1690; x_wconf 84' lang='grc' dir='ltr'>καὶ</span> <span class='ocrx_word' id='word_1_150' title='bbox 1353 1637 1533 1707; x_wconf 91' lang='grc' dir='ltr'>τρίτον</span> <span class='ocrx_word' id='word_1_151' title='bbox 1564 1636 1667 1707; x_wconf 84' lang='grc' dir='ltr'>γῆν</span> <span class='ocrx_word' id='word_1_152' title='bbox 1706 1636 1902 1701; x_wconf 78' lang='grc' dir='ltr'>αὐτοὺς</span> 
     </span>
    </p>
   </div>
   <div class='ocr_carea' id='block_1_20' title="bbox 236 1720 1897 1797">
    <p class='ocr_par' dir='ltr' id='par_1_20' title="bbox 236 1720 1897 1797">
     <span class='ocr_line' id='line_1_20' title="bbox 236 1720 1897 1797; baseline 0.004 -25"><span class='ocrx_word' id='word_1_153' title='bbox 236 1720 484 1792; x_wconf 82' lang='grc' dir='ltr'>ὠνόμασε</span> <span class='ocrx_word' id='word_1_154' title='bbox 503 1762 518 1786; x_wconf 92' lang='grc'>,</span> <span class='ocrx_word' id='word_1_155' title='bbox 559 1723 652 1776; x_wconf 77' lang='grc' dir='ltr'>καὶ</span> <span class='ocrx_word' id='word_1_156' title='bbox 683 1723 759 1794; x_wconf 81' lang='grc' dir='ltr'>τῷ</span> <span class='ocrx_word' id='word_1_157' title='bbox 792 1725 889 1793; x_wconf 83' lang='grc' dir='ltr'>τῆς</span> <span class='ocrx_word' id='word_1_158' title='bbox 924 1724 1123 1795; x_wconf 82' lang='grc' dir='ltr'>σαρκὸς</span> <span class='ocrx_word' id='word_1_159' title='bbox 1154 1725 1377 1796; x_wconf 88' lang='grc' dir='ltr'>ὀνόματι</span> <span class='ocrx_word' id='word_1_160' title='bbox 1424 1724 1862 1797; x_wconf 85' lang='grc' dir='ltr'>προσηγόρευσεν</span> <span class='ocrx_word' id='word_1_161' title='bbox 1882 1765 1897 1790; x_wconf 90' lang='grc'>,</span> 
     </span>
    </p>
   </div>
   <div class='ocr_carea' id='block_1_21' title="bbox 235 1807 1900 1881">
    <p class='ocr_par' dir='ltr' id='par_1_21' title="bbox 235 1807 1900 1881">
     <span class='ocr_line' id='line_1_21' title="bbox 235 1807 1900 1881; baseline 0.003 -21"><span class='ocrx_word' id='word_1_162' title='bbox 235 1807 657 1881; x_wconf 88' lang='grc' dir='ltr'>ἁποστερήσασα</span> <span class='ocrx_word' id='word_1_163' title='bbox 675 1810 767 1863; x_wconf 89' lang='grc' dir='ltr'>τοῦ</span> <span class='ocrx_word' id='word_1_164' title='bbox 795 1811 893 1881; x_wconf 89' lang='grc' dir='ltr'>τῆς</span> <span class='ocrx_word' id='word_1_165' title='bbox 918 1812 1100 1881; x_wconf 82' lang='grc' dir='ltr'>κοινῆς</span> <span class='ocrx_word' id='word_1_166' title='bbox 1128 1810 1342 1880; x_wconf 88' lang='grc' dir='ltr'>φύσεως</span> <span class='ocrx_word' id='word_1_167' title='bbox 1370 1811 1652 1880; x_wconf 82' lang='grc' dir='ltr'>ὀνόματος,</span> <span class='ocrx_word' id='word_1_168' title='bbox 1680 1810 1769 1865; x_wconf 86' lang='grc' dir='ltr'>διὰ</span> <span class='ocrx_word' id='word_1_169' title='bbox 1790 1811 1900 1865; x_wconf 91' lang='grc' dir='ltr'>τῶν</span> 
     </span>
    </p>
   </div>
   <div class='ocr_carea' id='block_1_22' title="bbox 236 1894 1900 1969">
    <p class='ocr_par' dir='ltr' id='par_1_22' title="bbox 236 1894 1900 1969">
     <span class='ocr_line' id='line_1_22' title="bbox 236 1894 1900 1969; baseline 0.003 -23"><span class='ocrx_word' id='word_1_170' title='bbox 236 1894 588 1966; x_wconf 78' lang='grc' dir='ltr'>ἐπαγομένων</span> <span class='ocrx_word' id='word_1_171' title='bbox 634 1896 735 1967; x_wconf 82' lang='grc' dir='ltr'>τὴν</span> <span class='ocrx_word' id='word_1_172' title='bbox 776 1898 980 1968; x_wconf 78' lang='grc' dir='ltr'>ἄφατον</span> <span class='ocrx_word' id='word_1_173' title='bbox 1022 1900 1153 1969; x_wconf 87' lang='grc' dir='ltr'>ἡμῖν</span> <span class='ocrx_word' id='word_1_174' title='bbox 1192 1898 1286 1952; x_wconf 88' lang='grc' dir='ltr'>τοῦ</span> <span class='ocrx_word' id='word_1_175' title='bbox 1322 1898 1455 1951; x_wconf 88' lang='grc' dir='ltr'>Θεοῦ</span> <span class='ocrx_word' id='word_1_176' title='bbox 1490 1898 1900 1969; x_wconf 84' lang='grc' dir='ltr'>φιλανθρωπίαν</span> 
     </span>
    </p>
   </div>
   <div class='ocr_carea' id='block_1_23' title="bbox 235 1982 1899 2057">
    <p class='ocr_par' dir='ltr' id='par_1_23' title="bbox 235 1982 1899 2057">
     <span class='ocr_line' id='line_1_23' title="bbox 235 1982 1899 2057; baseline 0.002 -22"><span class='ocrx_word' id='word_1_177' title='bbox 235 1982 590 2051; x_wconf 84' lang='grc' dir='ltr'>ἐνδείκνυται,</span> <span class='ocrx_word' id='word_1_178' title='bbox 615 1985 709 2039; x_wconf 69' lang='grc' dir='ltr'>καὶ</span> <span class='ocrx_word' id='word_1_179' title='bbox 738 1986 837 2056; x_wconf 87' lang='grc' dir='ltr'>τῆς</span> <span class='ocrx_word' id='word_1_180' title='bbox 865 1986 1322 2053; x_wconf 69' lang='grc' dir='ltr'>συγκαταϐάσεως</span> <span class='ocrx_word' id='word_1_181' title='bbox 1347 1987 1445 2057; x_wconf 86' lang='grc' dir='ltr'>τὴν</span> <span class='ocrx_word' id='word_1_182' title='bbox 1476 1985 1802 2057; x_wconf 90' lang='grc' dir='ltr'>ὑπερϐολήν.</span> <span class='ocrx_word' id='word_1_183' title='bbox 1834 1986 1899 2039; x_wconf 88' lang='grc' dir='ltr'>Τί</span> 
     </span>
    </p>
   </div>
   <div class='ocr_carea' id='block_1_24' title="bbox 235 2068 1479 2141">
    <p class='ocr_par' dir='ltr' id='par_1_24' title="bbox 235 2068 1479 2141">
     <span class='ocr_line' id='line_1_24' title="bbox 235 2068 1479 2141; baseline 0.003 -18"><span class='ocrx_word' id='word_1_184' title='bbox 235 2070 345 2141; x_wconf 89' lang='grc' dir='ltr'>γάρ</span> <span class='ocrx_word' id='word_1_185' title='bbox 375 2088 543 2141; x_wconf 88' lang='grc' dir='ltr'>φησι;</span> <span class='ocrx_word' id='word_1_186' title='bbox 574 2073 684 2127; x_wconf 88' lang='lat' dir='ltr'><strong><em>Kal</em></strong></span> <span class='ocrx_word' id='word_1_187' title='bbox 714 2068 884 2126; x_wconf 76' lang='grc' dir='ltr'>εἶπεν</span> <span class='ocrx_word' id='word_1_188' title='bbox 916 2076 948 2127; x_wconf 87' lang='grc' dir='ltr'>ό</span> <span class='ocrx_word' id='word_1_189' title='bbox 979 2072 1122 2139; x_wconf 84' lang='grc' dir='ltr'>Θεὸς</span> <span class='ocrx_word' id='word_1_190' title='bbox 1152 2074 1302 2141; x_wconf 78' lang='grc' dir='ltr'>πρὸς</span> <span class='ocrx_word' id='word_1_191' title='bbox 1330 2072 1479 2128; x_wconf 82' lang='grc' dir='ltr'>Νῶε.</span> 
     </span>
    </p>
   </div>
   <div class='ocr_carea' id='block_1_25' title="bbox 304 2157 1898 2233">
    <p class='ocr_par' dir='ltr' id='par_1_25' title="bbox 304 2157 1898 2233">
     <span class='ocr_line' id='line_1_25' title="bbox 304 2157 1898 2233; baseline 0.001 -21"><span class='ocrx_word' id='word_1_192' title='bbox 304 2165 373 2225; x_wconf 89' lang='grc' dir='ltr'>γ’.</span> <span class='ocrx_word' id='word_1_193' title='bbox 404 2157 555 2230; x_wconf 70' lang='grc'>[220]</span> <span class='ocrx_word' id='word_1_194' title='bbox 584 2161 725 2231; x_wconf 85' lang='grc' dir='ltr'>Ὅρα</span> <span class='ocrx_word' id='word_1_195' title='bbox 759 2159 1095 2233; x_wconf 88' lang='grc' dir='ltr'>ἀγαθότητος</span> <span class='ocrx_word' id='word_1_196' title='bbox 1120 2160 1443 2231; x_wconf 87' lang='grc' dir='ltr'>ὑπερϐολήν.</span> <span class='ocrx_word' id='word_1_197' title='bbox 1490 2160 1757 2233; x_wconf 78' lang='grc' dir='ltr'>Καθάπερ</span> <span class='ocrx_word' id='word_1_198' title='bbox 1792 2159 1898 2230; x_wconf 82' lang='grc' dir='ltr'>γὰρ</span> 
     </span>
    </p>
   </div>
   <div class='ocr_carea' id='block_1_26' title="bbox 236 2245 1900 2318">
    <p class='ocr_par' dir='ltr' id='par_1_26' title="bbox 236 2245 1900 2318">
     <span class='ocr_line' id='line_1_26' title="bbox 236 2245 1900 2318; baseline 0.003 -21"><span class='ocrx_word' id='word_1_199' title='bbox 236 2245 387 2314; x_wconf 82' lang='grc' dir='ltr'>φίλος</span> <span class='ocrx_word' id='word_1_200' title='bbox 417 2246 584 2315; x_wconf 81' lang='grc' dir='ltr'>φίλῳ,</span> <span class='ocrx_word' id='word_1_201' title='bbox 615 2246 756 2300; x_wconf 76' lang='grc' dir='ltr'>οὓτω</span> <span class='ocrx_word' id='word_1_202' title='bbox 784 2247 968 2301; x_wconf 79' lang='grc' dir='ltr'>λοιπὸν</span> <span class='ocrx_word' id='word_1_203' title='bbox 1000 2247 1271 2302; x_wconf 84' lang='grc' dir='ltr'>κοινοῦται</span> <span class='ocrx_word' id='word_1_204' title='bbox 1305 2248 1384 2318; x_wconf 83' lang='grc' dir='ltr'>τῷ</span> <span class='ocrx_word' id='word_1_205' title='bbox 1412 2248 1605 2318; x_wconf 77' lang='grc' dir='ltr'>δικαίῳ</span> <span class='ocrx_word' id='word_1_206' title='bbox 1640 2249 1767 2318; x_wconf 77' lang='grc' dir='ltr'>περὶ</span> <span class='ocrx_word' id='word_1_207' title='bbox 1800 2248 1900 2318; x_wconf 81' lang='grc' dir='ltr'>τῆς</span> 
     </span>
    </p>
   </div>
   <div class='ocr_carea' id='block_1_27' title="bbox 233 2332 1899 2406">
    <p class='ocr_par' dir='ltr' id='par_1_27' title="bbox 233 2332 1899 2406">
     <span class='ocr_line' id='line_1_27' title="bbox 233 2332 1899 2406; baseline 0.002 -22"><span class='ocrx_word' id='word_1_208' title='bbox 233 2332 601 2404; x_wconf 82' lang='grc' dir='ltr'>τιμωρίας,ἢν</span> <span class='ocrx_word' id='word_1_209' title='bbox 612 2334 837 2403; x_wconf 84' lang='grc' dir='ltr'>ἐπάγειν</span> <span class='ocrx_word' id='word_1_210' title='bbox 860 2336 1039 2405; x_wconf 83' lang='grc' dir='ltr'>μέλλει</span> <span class='ocrx_word' id='word_1_211' title='bbox 1061 2335 1137 2406; x_wconf 85' lang='grc' dir='ltr'>τῷ</span> <span class='ocrx_word' id='word_1_212' title='bbox 1154 2334 1261 2388; x_wconf 85' lang='grc' dir='ltr'>τῶν</span> <span class='ocrx_word' id='word_1_213' title='bbox 1283 2334 1378 2387; x_wconf 86' lang='grc' dir='ltr'>ἀνθ</span> <span class='ocrx_word' id='word_1_214' title='bbox 1389 2333 1583 2406; x_wconf 86' lang='grc' dir='ltr'>ρώπων</span> <span class='ocrx_word' id='word_1_215' title='bbox 1604 2334 1782 2403; x_wconf 84' lang='grc' dir='ltr'>γένει,</span> <span class='ocrx_word' id='word_1_216' title='bbox 1808 2334 1899 2389; x_wconf 89' lang='grc' dir='ltr'>καί</span> 
     </span>
    </p>
   </div>
   <div class='ocr_carea' id='block_1_28' title="bbox 237 2420 1896 2491">
    <p class='ocr_par' dir='ltr' id='par_1_28' title="bbox 237 2420 1896 2491">
     <span class='ocr_line' id='line_1_28' title="bbox 237 2420 1896 2491; baseline 0.001 -19"><span class='ocrx_word' id='word_1_217' title='bbox 237 2437 369 2490; x_wconf 79' lang='grc' dir='ltr'>φησι</span> <span class='ocrx_word' id='word_1_218' title='bbox 391 2437 404 2451; x_wconf 82' lang='lat'><strong><em>°</em></strong></span> <span class='ocrx_word' id='word_1_219' title='bbox 427 2421 642 2488; x_wconf 74' lang='grc' dir='ltr'>Καιρὸς</span> <span class='ocrx_word' id='word_1_220' title='bbox 669 2422 893 2488; x_wconf 81' lang='grc' dir='ltr'>παντὸς</span> <span class='ocrx_word' id='word_1_221' title='bbox 924 2420 1236 2489; x_wconf 80' lang='grc' dir='ltr'>ἀνθρώπου</span> <span class='ocrx_word' id='word_1_222' title='bbox 1269 2421 1397 2487; x_wconf 77' lang='grc' dir='ltr'>ἣκει</span> <span class='ocrx_word' id='word_1_223' title='bbox 1425 2421 1703 2475; x_wconf 81' lang='grc' dir='ltr'>ἐναντίον</span> <span class='ocrx_word' id='word_1_224' title='bbox 1727 2421 1896 2491; x_wconf 82' lang='grc' dir='ltr'>ἐμοῦ,</span> 
     </span>
    </p>
   </div>
   <div class='ocr_carea' id='block_1_29' title="bbox 235 2506 1899 2579">
    <p class='ocr_par' dir='ltr' id='par_1_29' title="bbox 235 2506 1899 2579">
     <span class='ocr_line' id='line_1_29' title="bbox 235 2506 1899 2579; baseline 0.001 -20"><span class='ocrx_word' id='word_1_225' title='bbox 235 2507 325 2559; x_wconf 81' lang='grc' dir='ltr'>ὅτι</span> <span class='ocrx_word' id='word_1_226' title='bbox 354 2506 629 2577; x_wconf 79' lang='grc' dir='ltr'>ἐπλήσθη</span> <span class='ocrx_word' id='word_1_227' title='bbox 663 2510 700 2577; x_wconf 81' lang='grc' dir='ltr'><em>ὴ</em></span> <span class='ocrx_word' id='word_1_228' title='bbox 730 2508 804 2579; x_wconf 73' lang='grc' dir='ltr'>γῆ</span> <span class='ocrx_word' id='word_1_229' title='bbox 837 2509 1070 2575; x_wconf 78' lang='grc' dir='ltr'>ἀδικίας</span> <span class='ocrx_word' id='word_1_230' title='bbox 1097 2510 1200 2562; x_wconf 80' lang='grc' dir='ltr'>ἀπ’</span> <span class='ocrx_word' id='word_1_231' title='bbox 1232 2507 1448 2562; x_wconf 84' lang='grc' dir='ltr'>αὐτῶν.</span> <span class='ocrx_word' id='word_1_232' title='bbox 1480 2508 1593 2562; x_wconf 88' lang='lat' dir='ltr'>Kal</span> <span class='ocrx_word' id='word_1_233' title='bbox 1623 2508 1751 2561; x_wconf 76' lang='grc' dir='ltr'>ἰδοὺ</span> <span class='ocrx_word' id='word_1_234' title='bbox 1784 2508 1899 2579; x_wconf 62' lang='grc' dir='ltr'>ἐγὼ</span> 
     </span>
    </p>
   </div>
   <div class='ocr_carea' id='block_1_30' title="bbox 235 2597 1897 2667">
    <p class='ocr_par' dir='ltr' id='par_1_30' title="bbox 235 2597 1897 2667">
     <span class='ocr_line' id='line_1_30' title="bbox 235 2597 1897 2667; baseline 0.002 -18"><span class='ocrx_word' id='word_1_235' title='bbox 235 2598 603 2667; x_wconf 63' lang='grc' dir='ltr'>καταφθείρω</span> <span class='ocrx_word' id='word_1_236' title='bbox 646 2600 868 2665; x_wconf 80' lang='grc' dir='ltr'>αὐτοὺς</span> <span class='ocrx_word' id='word_1_237' title='bbox 912 2598 1009 2652; x_wconf 80' lang='grc' dir='ltr'>καὶ</span> <span class='ocrx_word' id='word_1_238' title='bbox 1051 2600 1166 2667; x_wconf 84' lang='grc' dir='ltr'>τὴν</span> <span class='ocrx_word' id='word_1_239' title='bbox 1209 2597 1345 2667; x_wconf 75' lang='grc' dir='ltr'>γῆν.</span> <span class='ocrx_word' id='word_1_240' title='bbox 1394 2598 1459 2651; x_wconf 89' lang='grc' dir='ltr'>Τί</span> <span class='ocrx_word' id='word_1_241' title='bbox 1498 2601 1641 2664; x_wconf 78' lang='grc' dir='ltr'>ἐστι,</span> <span class='ocrx_word' id='word_1_242' title='bbox 1685 2599 1897 2667; x_wconf 76' lang='grc' dir='ltr'>Καιρὸς</span> 
     </span>
    </p>
   </div>
   <div class='ocr_carea' id='block_1_31' title="bbox 235 2680 1899 2753">
    <p class='ocr_par' dir='ltr' id='par_1_31' title="bbox 235 2680 1899 2753">
     <span class='ocr_line' id='line_1_31' title="bbox 235 2680 1899 2753; baseline 0 -19"><span class='ocrx_word' id='word_1_243' title='bbox 235 2681 461 2748; x_wconf 77' lang='grc' dir='ltr'>παντὸς</span> <span class='ocrx_word' id='word_1_244' title='bbox 497 2682 808 2751; x_wconf 81' lang='grc' dir='ltr'>ἀνθρώπου</span> <span class='ocrx_word' id='word_1_245' title='bbox 843 2683 973 2751; x_wconf 78' lang='grc' dir='ltr'>ἥκει</span> <span class='ocrx_word' id='word_1_246' title='bbox 1002 2683 1282 2736; x_wconf 83' lang='grc' dir='ltr'>ἐναντίον</span> <span class='ocrx_word' id='word_1_247' title='bbox 1314 2680 1490 2751; x_wconf 79' lang='grc' dir='ltr'>ἐμοῦ;</span> <span class='ocrx_word' id='word_1_248' title='bbox 1530 2681 1758 2753; x_wconf 78' lang='grc' dir='ltr'>Πολλὴν,</span> <span class='ocrx_word' id='word_1_249' title='bbox 1797 2700 1899 2753; x_wconf 88' lang='grc' dir='ltr'>φη-</span> 
     </span>
    </p>
   </div>
   <div class='ocr_carea' id='block_1_32' title="bbox 238 2767 1898 2842">
    <p class='ocr_par' dir='ltr' id='par_1_32' title="bbox 238 2767 1898 2842">
     <span class='ocr_line' id='line_1_32' title="bbox 238 2767 1898 2842; baseline 0.002 -21"><span class='ocrx_word' id='word_1_250' title='bbox 238 2767 340 2831; x_wconf 73' lang='grc' dir='ltr'>σὶν,</span> <span class='ocrx_word' id='word_1_251' title='bbox 364 2770 720 2842; x_wconf 77' lang='grc' dir='ltr'>ἐπεδειξάμην</span> <span class='ocrx_word' id='word_1_252' title='bbox 748 2771 844 2841; x_wconf 79' lang='grc' dir='ltr'>τὴν</span> <span class='ocrx_word' id='word_1_253' title='bbox 874 2771 1272 2842; x_wconf 74' lang='grc' dir='ltr'>μακροθυμίαν,</span> <span class='ocrx_word' id='word_1_254' title='bbox 1298 2770 1496 2841; x_wconf 84' lang='grc' dir='ltr'>πολλὴν</span> <span class='ocrx_word' id='word_1_255' title='bbox 1522 2769 1618 2841; x_wconf 82' lang='grc' dir='ltr'>τὴν</span> <span class='ocrx_word' id='word_1_256' title='bbox 1646 2770 1898 2836; x_wconf 76' lang='grc' dir='ltr'>ἀνεξικαο</span> 
     </span>
    </p>
   </div>
   <div class='ocr_carea' id='block_1_33' title="bbox 235 2855 1897 2929">
    <p class='ocr_par' dir='ltr' id='par_1_33' title="bbox 235 2855 1897 2929">
     <span class='ocr_line' id='line_1_33' title="bbox 235 2855 1897 2929; baseline 0.002 -21"><span class='ocrx_word' id='word_1_257' title='bbox 235 2855 379 2921; x_wconf 87' lang='grc' dir='ltr'>κίαν,</span> <span class='ocrx_word' id='word_1_258' title='bbox 415 2858 473 2909; x_wconf 83' lang='grc' dir='ltr'>οὐ</span> <span class='ocrx_word' id='word_1_259' title='bbox 508 2857 825 2929; x_wconf 87' lang='grc' dir='ltr'>βουλόμενος</span> <span class='ocrx_word' id='word_1_260' title='bbox 864 2858 1066 2929; x_wconf 85' lang='grc' dir='ltr'>ταύτην</span> <span class='ocrx_word' id='word_1_261' title='bbox 1097 2859 1322 2926; x_wconf 79' lang='grc' dir='ltr'>ἐπάγειν</span> <span class='ocrx_word' id='word_1_262' title='bbox 1370 2858 1468 2928; x_wconf 84' lang='grc' dir='ltr'>τὴν</span> <span class='ocrx_word' id='word_1_263' title='bbox 1502 2858 1790 2929; x_wconf 83' lang='grc' dir='ltr'>τιμωρίαν,</span> <span class='ocrx_word' id='word_1_264' title='bbox 1831 2859 1897 2929; x_wconf 84' lang='grc' dir='ltr'>ἢν</span> 
     </span>
    </p>
   </div>
   <div class='ocr_carea' id='block_1_34' title="bbox 234 2944 1897 3018">
    <p class='ocr_par' dir='ltr' id='par_1_34' title="bbox 234 2944 1897 3018">
     <span class='ocr_line' id='line_1_34' title="bbox 234 2944 1897 3018; baseline 0.001 -21"><span class='ocrx_word' id='word_1_265' title='bbox 234 2946 460 3014; x_wconf 80' lang='grc' dir='ltr'>ἐπάγειν</span> <span class='ocrx_word' id='word_1_266' title='bbox 506 2946 713 3016; x_wconf 88' lang='grc' dir='ltr'>μέλλω·</span> <span class='ocrx_word' id='word_1_267' title='bbox 761 2946 875 2998; x_wconf 87' lang='grc' dir='ltr'>ἀλλ’</span> <span class='ocrx_word' id='word_1_268' title='bbox 917 2946 1100 3018; x_wconf 84' lang='grc' dir='ltr'>ἐπειδὴ</span> <span class='ocrx_word' id='word_1_269' title='bbox 1147 2944 1313 3015; x_wconf 84' lang='grc' dir='ltr'>πολλὴ</span> <span class='ocrx_word' id='word_1_270' title='bbox 1348 2945 1457 2999; x_wconf 90' lang='grc' dir='ltr'>τῶν</span> <span class='ocrx_word' id='word_1_271' title='bbox 1494 2945 1897 3017; x_wconf 81' lang='grc' dir='ltr'>ἡμαρτημένων</span> 
     </span>
    </p>
   </div>
   <div class='ocr_carea' id='block_1_35' title="bbox 234 3032 1894 3105">
    <p class='ocr_par' dir='ltr' id='par_1_35' title="bbox 234 3032 1894 3105">
     <span class='ocr_line' id='line_1_35' title="bbox 234 3032 1894 3105; baseline 0.001 -19"><span class='ocrx_word' id='word_1_272' title='bbox 234 3032 418 3096; x_wconf 81' lang='grc' dir='ltr'>αὐτοῖς</span> <span class='ocrx_word' id='word_1_273' title='bbox 443 3035 475 3103; x_wconf 87' lang='grc' dir='ltr'>ἡ</span> <span class='ocrx_word' id='word_1_274' title='bbox 509 3034 778 3104; x_wconf 86' lang='grc' dir='ltr'>ὑπερϐολὴ</span> <span class='ocrx_word' id='word_1_275' title='bbox 807 3035 886 3097; x_wconf 84' lang='grc' dir='ltr'>εἰς</span> <span class='ocrx_word' id='word_1_276' title='bbox 914 3034 1073 3087; x_wconf 87' lang='grc' dir='ltr'>αὐτὸν</span> <span class='ocrx_word' id='word_1_277' title='bbox 1101 3034 1308 3103; x_wconf 84' lang='grc' dir='ltr'>ἡγαγεν</span> <span class='ocrx_word' id='word_1_278' title='bbox 1339 3034 1534 3097; x_wconf 72' lang='grc' dir='ltr'>αὐτοὺς</span> <span class='ocrx_word' id='word_1_279' title='bbox 1566 3034 1656 3087; x_wconf 82' lang='grc' dir='ltr'>τὸν</span> <span class='ocrx_word' id='word_1_280' title='bbox 1687 3034 1894 3105; x_wconf 86' lang='grc' dir='ltr'>καιρὸν,</span> 
     </span>
    </p>
   </div>
   <div class='ocr_carea' id='block_1_36' title="bbox 234 3122 1898 3192">
    <p class='ocr_par' dir='ltr' id='par_1_36' title="bbox 234 3122 1898 3192">
     <span class='ocr_line' id='line_1_36' title="bbox 234 3122 1898 3192; baseline 0.002 -18"><span class='ocrx_word' id='word_1_281' title='bbox 234 3122 329 3174; x_wconf 77' lang='grc' dir='ltr'>καὶ</span> <span class='ocrx_word' id='word_1_282' title='bbox 365 3122 513 3186; x_wconf 80' lang='grc' dir='ltr'>τέλος</span> <span class='ocrx_word' id='word_1_283' title='bbox 558 3123 640 3175; x_wconf 83' lang='grc' dir='ltr'>δεῖ</span> <span class='ocrx_word' id='word_1_284' title='bbox 676 3122 857 3175; x_wconf 81' lang='grc' dir='ltr'>λοιπὸν</span> <span class='ocrx_word' id='word_1_285' title='bbox 896 3122 1231 3192; x_wconf 80' lang='grc' dir='ltr'>ἐπιτεθῆναι,</span> <span class='ocrx_word' id='word_1_286' title='bbox 1268 3123 1362 3175; x_wconf 75' lang='grc' dir='ltr'>καὶ</span> <span class='ocrx_word' id='word_1_287' title='bbox 1389 3122 1689 3191; x_wconf 83' lang='grc' dir='ltr'>ἐκκοπῆναι</span> <span class='ocrx_word' id='word_1_288' title='bbox 1719 3124 1898 3178; x_wconf 90' lang='grc' dir='ltr'>αὐτῶν</span> 
     </span>
    </p>
   </div>
   <div class='ocr_carea' id='block_1_37' title="bbox 232 3209 1894 3282">
    <p class='ocr_par' dir='ltr' id='par_1_37' title="bbox 232 3209 1894 3282">
     <span class='ocr_line' id='line_1_37' title="bbox 232 3209 1894 3282; baseline 0.001 -20"><span class='ocrx_word' id='word_1_289' title='bbox 232 3210 332 3281; x_wconf 79' lang='grc' dir='ltr'>τὴν</span> <span class='ocrx_word' id='word_1_290' title='bbox 360 3212 577 3273; x_wconf 83' lang='grc' dir='ltr'>κακίαν,</span> <span class='ocrx_word' id='word_1_291' title='bbox 603 3210 741 3264; x_wconf 85' lang='grc' dir='ltr'>ὥστε</span> <span class='ocrx_word' id='word_1_292' title='bbox 774 3212 847 3282; x_wconf 76' lang='grc' dir='ltr'>μὴ</span> <span class='ocrx_word' id='word_1_293' title='bbox 878 3210 1188 3282; x_wconf 81' lang='grc' dir='ltr'>περαιτέρω</span> <span class='ocrx_word' id='word_1_294' title='bbox 1213 3209 1499 3281; x_wconf 87' lang='grc' dir='ltr'>προϐῆναι·</span> <span class='ocrx_word' id='word_1_295' title='bbox 1526 3210 1739 3279; x_wconf 82' lang='grc' dir='ltr'>Καιρὸς</span> <span class='ocrx_word' id='word_1_296' title='bbox 1766 3211 1894 3282; x_wconf 82' lang='grc' dir='ltr'>γὰρ,</span> 
     </span>
    </p>
   </div>
   <div class='ocr_carea' id='block_1_38' title="bbox 237 3297 1897 3370">
    <p class='ocr_par' dir='ltr' id='par_1_38' title="bbox 237 3297 1897 3370">
     <span class='ocr_line' id='line_1_38' title="bbox 237 3297 1897 3370; baseline 0 -19"><span class='ocrx_word' id='word_1_297' title='bbox 237 3299 401 3370; x_wconf 73' lang='grc' dir='ltr'>φησὶ,</span> <span class='ocrx_word' id='word_1_298' title='bbox 435 3299 661 3365; x_wconf 76' lang='grc' dir='ltr'>παντὸς</span> <span class='ocrx_word' id='word_1_299' title='bbox 694 3297 1005 3367; x_wconf 79' lang='grc' dir='ltr'>ἀνθρώπου</span> <span class='ocrx_word' id='word_1_300' title='bbox 1051 3298 1181 3365; x_wconf 81' lang='grc' dir='ltr'>ἥκει</span> <span class='ocrx_word' id='word_1_301' title='bbox 1224 3298 1502 3351; x_wconf 84' lang='grc' dir='ltr'>ἐναντίον</span> <span class='ocrx_word' id='word_1_302' title='bbox 1544 3298 1708 3367; x_wconf 83' lang='grc' dir='ltr'>ἐμοῦ.</span> <span class='ocrx_word' id='word_1_303' title='bbox 1758 3300 1897 3370; x_wconf 88' lang='grc' dir='ltr'>Ὅρα</span> 
     </span>
    </p>
   </div>
   <div class='ocr_carea' id='block_1_39' title="bbox 235 3384 1897 3457">
    <p class='ocr_par' dir='ltr' id='par_1_39' title="bbox 235 3384 1897 3457">
     <span class='ocr_line' id='line_1_39' title="bbox 235 3384 1897 3457; baseline 0.001 -19"><span class='ocrx_word' id='word_1_304' title='bbox 235 3387 327 3440; x_wconf 73' lang='grc' dir='ltr'>καὶ</span> <span class='ocrx_word' id='word_1_305' title='bbox 360 3386 623 3450; x_wconf 89' lang='grc' dir='ltr'>ἐνταῦθα,</span> <span class='ocrx_word' id='word_1_306' title='bbox 670 3386 787 3449; x_wconf 88' lang='grc' dir='ltr'>πῶς</span> <span class='ocrx_word' id='word_1_307' title='bbox 818 3386 1069 3457; x_wconf 87' lang='grc' dir='ltr'>καθάπερ</span> <span class='ocrx_word' id='word_1_308' title='bbox 1112 3385 1367 3457; x_wconf 82' lang='grc' dir='ltr'>ἀνωτέρω</span> <span class='ocrx_word' id='word_1_309' title='bbox 1408 3386 1594 3454; x_wconf 80' lang='grc' dir='ltr'>ἔλεγε,</span> <span class='ocrx_word' id='word_1_310' title='bbox 1638 3384 1764 3450; x_wconf 81' lang='grc' dir='ltr'>Πᾶς</span> <span class='ocrx_word' id='word_1_311' title='bbox 1806 3404 1897 3452; x_wconf 87' lang='grc' dir='ltr'>τις</span> 
     </span>
    </p>
   </div>
   <div class='ocr_carea' id='block_1_40' title="bbox 235 3472 1898 3541">
    <p class='ocr_par' dir='ltr' id='par_1_40' title="bbox 235 3472 1898 3541">
     <span class='ocr_line' id='line_1_40' title="bbox 235 3472 1898 3541; baseline 0.001 -15"><span class='ocrx_word' id='word_1_312' title='bbox 235 3473 555 3528; x_wconf 82' lang='grc' dir='ltr'>διανοεῖται</span> <span class='ocrx_word' id='word_1_313' title='bbox 575 3515 589 3539; x_wconf 94' lang='grc'>,</span> <span class='ocrx_word' id='word_1_314' title='bbox 616 3474 758 3528; x_wconf 80' lang='grc' dir='ltr'>οὑτω</span> <span class='ocrx_word' id='word_1_315' title='bbox 783 3474 877 3529; x_wconf 74' lang='grc' dir='ltr'>καὶ</span> <span class='ocrx_word' id='word_1_316' title='bbox 903 3473 998 3527; x_wconf 90' lang='grc' dir='ltr'>νῦν</span> <span class='ocrx_word' id='word_1_317' title='bbox 1014 3512 1029 3537; x_wconf 94' lang='grc'>,</span> <span class='ocrx_word' id='word_1_318' title='bbox 1055 3472 1287 3538; x_wconf 83' lang='grc' dir='ltr'>Παντὸς</span> <span class='ocrx_word' id='word_1_319' title='bbox 1312 3472 1645 3541; x_wconf 81' lang='grc' dir='ltr'>ἀνθρώπου.</span> <span class='ocrx_word' id='word_1_320' title='bbox 1693 3474 1898 3540; x_wconf 86' lang='grc' dir='ltr'>Πάντες</span> 
     </span>
    </p>
   </div>
   <div class='ocr_carea' id='block_1_41' title="bbox 236 3560 1894 3635">
    <p class='ocr_par' dir='ltr' id='par_1_41' title="bbox 236 3560 1894 3635">
     <span class='ocr_line' id='line_1_41' title="bbox 236 3560 1894 3635; baseline 0.001 -20"><span class='ocrx_word' id='word_1_321' title='bbox 236 3561 345 3632; x_wconf 85' lang='grc' dir='ltr'>γὰρ</span> <span class='ocrx_word' id='word_1_322' title='bbox 385 3560 756 3632; x_wconf 84' lang='grc' dir='ltr'>συμφωνοῦσι,</span> <span class='ocrx_word' id='word_1_323' title='bbox 795 3561 932 3634; x_wconf 86' lang='grc' dir='ltr'>πρὸς</span> <span class='ocrx_word' id='word_1_324' title='bbox 970 3562 1071 3635; x_wconf 88' lang='grc' dir='ltr'>τὴν</span> <span class='ocrx_word' id='word_1_325' title='bbox 1113 3562 1455 3633; x_wconf 76' lang='grc' dir='ltr'>παρανομίαν</span> <span class='ocrx_word' id='word_1_326' title='bbox 1495 3562 1894 3635; x_wconf 89' lang='grc' dir='ltr'>ηὐτομόλησαν,</span> 
     </span>
    </p>
   </div>
   <div class='ocr_carea' id='block_1_42' title="bbox 235 3648 1897 3723">
    <p class='ocr_par' dir='ltr' id='par_1_42' title="bbox 235 3648 1897 3723">
     <span class='ocr_line' id='line_1_42' title="bbox 235 3648 1897 3723; baseline 0.004 -22"><span class='ocrx_word' id='word_1_327' title='bbox 235 3648 389 3721; x_wconf 78' lang='grc' dir='ltr'>φησὶ,</span> <span class='ocrx_word' id='word_1_328' title='bbox 422 3650 515 3703; x_wconf 74' lang='grc' dir='ltr'>καὶ</span> <span class='ocrx_word' id='word_1_329' title='bbox 543 3650 641 3703; x_wconf 90' lang='grc' dir='ltr'>οὐκ</span> <span class='ocrx_word' id='word_1_330' title='bbox 674 3649 819 3703; x_wconf 81' lang='grc' dir='ltr'>ἐστιν</span> <span class='ocrx_word' id='word_1_331' title='bbox 847 3650 1025 3721; x_wconf 85' lang='grc' dir='ltr'>εὑρεῖν</span> <span class='ocrx_word' id='word_1_332' title='bbox 1053 3650 1111 3702; x_wconf 87' lang='grc' dir='ltr'>ἐν</span> <span class='ocrx_word' id='word_1_333' title='bbox 1136 3650 1373 3721; x_wconf 82' lang='grc' dir='ltr'>τοσούτῳ</span> <span class='ocrx_word' id='word_1_334' title='bbox 1412 3652 1605 3723; x_wconf 79' lang='grc' dir='ltr'>πλήθει</span> <span class='ocrx_word' id='word_1_335' title='bbox 1643 3654 1767 3708; x_wconf 86' lang='grc' dir='ltr'>τινά</span> <span class='ocrx_word' id='word_1_336' title='bbox 1798 3654 1897 3723; x_wconf 82' lang='grc' dir='ltr'>τῆς</span> 
     </span>
    </p>
   </div>
   <div class='ocr_carea' id='block_1_43' title="bbox 233 3737 1897 3811">
    <p class='ocr_par' dir='ltr' id='par_1_43' title="bbox 233 3737 1897 3811">
     <span class='ocr_line' id='line_1_43' title="bbox 233 3737 1897 3811; baseline 0.002 -20"><span class='ocrx_word' id='word_1_337' title='bbox 233 3738 435 3809; x_wconf 88' lang='grc' dir='ltr'>ἀρετῆς</span> <span class='ocrx_word' id='word_1_338' title='bbox 473 3738 630 3808; x_wconf 90' lang='grc' dir='ltr'>λόγον</span> <span class='ocrx_word' id='word_1_339' title='bbox 664 3737 1005 3810; x_wconf 84' lang='grc' dir='ltr'>ποιούμενον.</span> <span class='ocrx_word' id='word_1_340' title='bbox 1047 3738 1263 3807; x_wconf 79' lang='grc' dir='ltr'>Καιρὸς</span> <span class='ocrx_word' id='word_1_341' title='bbox 1302 3738 1431 3811; x_wconf 82' lang='grc' dir='ltr'>γάρ,</span> <span class='ocrx_word' id='word_1_342' title='bbox 1474 3741 1627 3811; x_wconf 72' lang='grc' dir='ltr'>φησὶ,</span> <span class='ocrx_word' id='word_1_343' title='bbox 1669 3741 1897 3808; x_wconf 78' lang='grc' dir='ltr'>παντὸς</span> 
     </span>
    </p>
   </div>
   <div class='ocr_carea' id='block_1_44' title="bbox 233 3826 1894 3895">
    <p class='ocr_par' dir='ltr' id='par_1_44' title="bbox 233 3826 1894 3895">
     <span class='ocr_line' id='line_1_44' title="bbox 233 3826 1894 3895; baseline 0.001 -15"><span class='ocrx_word' id='word_1_344' title='bbox 233 3826 546 3894; x_wconf 82' lang='grc' dir='ltr'>ἀνθρώπου</span> <span class='ocrx_word' id='word_1_345' title='bbox 588 3826 718 3895; x_wconf 77' lang='grc' dir='ltr'>ἣκει</span> <span class='ocrx_word' id='word_1_346' title='bbox 754 3826 1033 3880; x_wconf 79' lang='grc' dir='ltr'>ἐναντίον</span> <span class='ocrx_word' id='word_1_347' title='bbox 1064 3826 1229 3895; x_wconf 86' lang='grc' dir='ltr'>ἐμοῦ.</span> <span class='ocrx_word' id='word_1_348' title='bbox 1271 3826 1506 3895; x_wconf 81' lang='grc' dir='ltr'>Καιρὸς,</span> <span class='ocrx_word' id='word_1_349' title='bbox 1555 3828 1697 3881; x_wconf 77' lang='grc' dir='ltr'>τοῦτ’</span> <span class='ocrx_word' id='word_1_350' title='bbox 1727 3829 1894 3890; x_wconf 79' lang='grc' dir='ltr'>ἔστιν,</span> 
     </span>
    </p>
   </div>
   <div class='ocr_carea' id='block_1_45' title="bbox 233 3914 1896 3987">
    <p class='ocr_par' dir='ltr' id='par_1_45' title="bbox 233 3914 1896 3987">
     <span class='ocr_line' id='line_1_45' title="bbox 233 3914 1896 3987; baseline 0.001 -21"><span class='ocrx_word' id='word_1_351' title='bbox 233 3914 467 3983; x_wconf 75' lang='grc' dir='ltr'>ἔφθασεν</span> <span class='ocrx_word' id='word_1_352' title='bbox 498 3917 526 3968; x_wconf 91' lang='lat'>6</span> <span class='ocrx_word' id='word_1_353' title='bbox 559 3915 769 3980; x_wconf 82' lang='grc' dir='ltr'>καιρὸς,</span> <span class='ocrx_word' id='word_1_354' title='bbox 806 3915 927 3970; x_wconf 88' lang='grc' dir='ltr'>καθ’</span> <span class='ocrx_word' id='word_1_355' title='bbox 960 3914 1018 3968; x_wconf 82' lang='grc' dir='ltr'>ὃν</span> <span class='ocrx_word' id='word_1_356' title='bbox 1053 3916 1132 3969; x_wconf 88' lang='grc' dir='ltr'>δεῖ</span> <span class='ocrx_word' id='word_1_357' title='bbox 1156 3914 1257 3987; x_wconf 86' lang='grc' dir='ltr'>τὴν</span> <span class='ocrx_word' id='word_1_358' title='bbox 1285 3916 1457 3985; x_wconf 86' lang='grc' dir='ltr'>τομὴν</span> <span class='ocrx_word' id='word_1_359' title='bbox 1486 3917 1771 3980; x_wconf 86' lang='grc' dir='ltr'>ἐπιθεῖναι,</span> <span class='ocrx_word' id='word_1_360' title='bbox 1803 3917 1896 3969; x_wconf 74' lang='grc' dir='ltr'>καὶ</span> 
     </span>
    </p>
   </div>
   <div class='ocr_carea' id='block_1_46' title="bbox 234 4001 1895 4072">
    <p class='ocr_par' dir='ltr' id='par_1_46' title="bbox 234 4001 1895 4072">
     <span class='ocr_line' id='line_1_46' title="bbox 234 4001 1895 4072; baseline -0.001 -17"><span class='ocrx_word' id='word_1_361' title='bbox 234 4002 333 4072; x_wconf 90' lang='grc' dir='ltr'>τὴν</span> <span class='ocrx_word' id='word_1_362' title='bbox 356 4001 525 4072; x_wconf 87' lang='grc' dir='ltr'>νομὴν</span> <span class='ocrx_word' id='word_1_363' title='bbox 552 4002 647 4054; x_wconf 88' lang='grc' dir='ltr'>τοῦ</span> <span class='ocrx_word' id='word_1_364' title='bbox 680 4001 870 4066; x_wconf 74' lang='grc' dir='ltr'>ἕλκους</span> <span class='ocrx_word' id='word_1_365' title='bbox 894 4003 1155 4071; x_wconf 85' lang='grc' dir='ltr'>ἐπισχεῖν.</span> <span class='ocrx_word' id='word_1_366' title='bbox 1187 4001 1401 4068; x_wconf 79' lang='grc' dir='ltr'>Καιρὸς</span> <span class='ocrx_word' id='word_1_367' title='bbox 1431 4001 1655 4067; x_wconf 79' lang='grc' dir='ltr'>παντὸς</span> <span class='ocrx_word' id='word_1_368' title='bbox 1675 4002 1895 4069; x_wconf 67' lang='grc' dir='ltr'>ἀνθρὼ-</span> 
     </span>
    </p>
   </div>
   <div class='ocr_carea' id='block_1_47' title="bbox 234 4087 1893 4159">
    <p class='ocr_par' dir='ltr' id='par_1_47' title="bbox 234 4087 1893 4159">
     <span class='ocr_line' id='line_1_47' title="bbox 234 4087 1893 4159; baseline 0.001 -19"><span class='ocrx_word' id='word_1_369' title='bbox 234 4104 353 4141; x_wconf 83' lang='grc' dir='ltr'>που</span> <span class='ocrx_word' id='word_1_370' title='bbox 387 4088 522 4155; x_wconf 82' lang='grc' dir='ltr'>ἥκει</span> <span class='ocrx_word' id='word_1_371' title='bbox 551 4088 830 4142; x_wconf 80' lang='grc' dir='ltr'>ἐναντίον</span> <span class='ocrx_word' id='word_1_372' title='bbox 868 4088 1013 4158; x_wconf 82' lang='grc' dir='ltr'>ἐμοῦ</span> <span class='ocrx_word' id='word_1_373' title='bbox 1033 4103 1045 4117; x_wconf 88' lang='grc'><strong>·</strong></span> <span class='ocrx_word' id='word_1_374' title='bbox 1078 4087 1275 4141; x_wconf 71' lang='grc' dir='ltr'>ώσανεὶ</span> <span class='ocrx_word' id='word_1_375' title='bbox 1317 4088 1539 4157; x_wconf 82' lang='grc' dir='ltr'>μηδενὸς</span> <span class='ocrx_word' id='word_1_376' title='bbox 1573 4088 1893 4159; x_wconf 81' lang='grc' dir='ltr'>ἐφορῶντος,</span> 
     </span>
    </p>
   </div>
   <div class='ocr_carea' id='block_1_48' title="bbox 236 4174 1894 4246">
    <p class='ocr_par' dir='ltr' id='par_1_48' title="bbox 236 4174 1894 4246">
     <span class='ocr_line' id='line_1_48' title="bbox 236 4174 1894 4246; baseline 0 -19"><span class='ocrx_word' id='word_1_377' title='bbox 236 4176 329 4228; x_wconf 69' lang='grc' dir='ltr'>καὶ</span> <span class='ocrx_word' id='word_1_378' title='bbox 362 4176 643 4245; x_wconf 85' lang='grc' dir='ltr'>μέλλοντος</span> <span class='ocrx_word' id='word_1_379' title='bbox 669 4175 895 4240; x_wconf 75' lang='grc' dir='ltr'>εὐθύνας</span> <span class='ocrx_word' id='word_1_380' title='bbox 924 4177 1175 4229; x_wconf 84' lang='grc' dir='ltr'>ἀπαιτεῖν</span> <span class='ocrx_word' id='word_1_381' title='bbox 1221 4174 1325 4227; x_wconf 86' lang='grc' dir='ltr'>τῶν</span> <span class='ocrx_word' id='word_1_382' title='bbox 1354 4176 1535 4239; x_wconf 88' lang='grc' dir='ltr'>αὐτοῖς</span> <span class='ocrx_word' id='word_1_383' title='bbox 1578 4175 1894 4246; x_wconf 85' lang='grc' dir='ltr'>πεπλημμε-</span> 
     </span>
    </p>
   </div>
   <div class='ocr_carea' id='block_1_49' title="bbox 236 4261 1897 4334">
    <p class='ocr_par' dir='ltr' id='par_1_49' title="bbox 236 4261 1897 4334">
     <span class='ocr_line' id='line_1_49' title="bbox 236 4261 1897 4334; baseline 0.001 -19"><span class='ocrx_word' id='word_1_384' title='bbox 236 4262 510 4333; x_wconf 83' lang='grc' dir='ltr'>λημένων,</span> <span class='ocrx_word' id='word_1_385' title='bbox 541 4261 682 4315; x_wconf 84' lang='grc' dir='ltr'>οὑτω</span> <span class='ocrx_word' id='word_1_386' title='bbox 732 4262 867 4333; x_wconf 89' lang='grc' dir='ltr'>πρὸς</span> <span class='ocrx_word' id='word_1_387' title='bbox 903 4262 1000 4327; x_wconf 78' lang='grc' dir='ltr'>τὰς</span> <span class='ocrx_word' id='word_1_388' title='bbox 1032 4261 1381 4334; x_wconf 82' lang='grc' dir='ltr'>παρανόμους</span> <span class='ocrx_word' id='word_1_389' title='bbox 1412 4262 1636 4334; x_wconf 81' lang='grc' dir='ltr'>πράξεις</span> <span class='ocrx_word' id='word_1_390' title='bbox 1673 4263 1897 4327; x_wconf 79' lang='grc' dir='ltr'>ἑαυτοὺς</span> 
     </span>
    </p>
   </div>
   <div class='ocr_carea' id='block_1_50' title="bbox 236 4349 1896 4424">
    <p class='ocr_par' dir='ltr' id='par_1_50' title="bbox 236 4349 1896 4424">
     <span class='ocr_line' id='line_1_50' title="bbox 236 4349 1896 4424; baseline 0.004 -21"><span class='ocrx_word' id='word_1_391' title='bbox 236 4351 526 4417; x_wconf 79' lang='grc' dir='ltr'>ἐξέδωκαν,</span> <span class='ocrx_word' id='word_1_392' title='bbox 558 4352 657 4405; x_wconf 81' lang='grc' dir='ltr'>οὑκ</span> <span class='ocrx_word' id='word_1_393' title='bbox 687 4352 989 4416; x_wconf 85' lang='grc' dir='ltr'>ἐννοοῦντες</span> <span class='ocrx_word' id='word_1_394' title='bbox 1020 4354 1102 4407; x_wconf 77' lang='grc' dir='ltr'>ὅτι</span> <span class='ocrx_word' id='word_1_395' title='bbox 1131 4353 1229 4424; x_wconf 80' lang='grc' dir='ltr'>ἐμὲ</span> <span class='ocrx_word' id='word_1_396' title='bbox 1252 4352 1431 4407; x_wconf 87' lang='grc' dir='ltr'>λαθεῖν</span> <span class='ocrx_word' id='word_1_397' title='bbox 1465 4354 1560 4424; x_wconf 85' lang='grc' dir='ltr'>οὐχ</span> <span class='ocrx_word' id='word_1_398' title='bbox 1582 4349 1692 4407; x_wconf 77' lang='grc' dir='ltr'>οἷόν</span> <span class='ocrx_word' id='word_1_399' title='bbox 1720 4372 1777 4407; x_wconf 90' lang='grc' dir='ltr'>τε</span> <span class='ocrx_word' id='word_1_400' title='bbox 1806 4356 1896 4409; x_wconf 88' lang='grc' dir='ltr'>τὸν</span> 
     </span>
    </p>
   </div>
   <div class='ocr_carea' id='block_1_51' title="bbox 235 4438 1897 4514">
    <p class='ocr_par' dir='ltr' id='par_1_51' title="bbox 235 4438 1897 4514">
     <span class='ocr_line' id='line_1_51' title="bbox 235 4438 1897 4514; baseline 0.002 -22"><span class='ocrx_word' id='word_1_401' title='bbox 235 4439 337 4509; x_wconf 83' lang='grc' dir='ltr'>τὴν</span> <span class='ocrx_word' id='word_1_402' title='bbox 363 4438 620 4493; x_wconf 87' lang='grc' dir='ltr'>σύστασιν</span> <span class='ocrx_word' id='word_1_403' title='bbox 646 4440 743 4510; x_wconf 89' lang='grc' dir='ltr'>τῆς</span> <span class='ocrx_word' id='word_1_404' title='bbox 769 4440 913 4510; x_wconf 81' lang='grc' dir='ltr'>ζωῆς</span> <span class='ocrx_word' id='word_1_405' title='bbox 944 4438 1327 4512; x_wconf 77' lang='grc' dir='ltr'>χαριζόμενον,</span> <span class='ocrx_word' id='word_1_406' title='bbox 1358 4442 1452 4495; x_wconf 81' lang='grc' dir='ltr'>καὶ</span> <span class='ocrx_word' id='word_1_407' title='bbox 1478 4441 1637 4513; x_wconf 89' lang='grc' dir='ltr'>σῶμα</span> <span class='ocrx_word' id='word_1_408' title='bbox 1675 4443 1769 4495; x_wconf 56' lang='grc' dir='ltr'>καί⁵</span> <span class='ocrx_word' id='word_1_409' title='bbox 1796 4442 1897 4514; x_wconf 67' lang='grc' dir='ltr'>ψυ-</span> 
     </span>
    </p>
   </div>
   <div class='ocr_carea' id='block_1_52' title="bbox 238 4526 1896 4601">
    <p class='ocr_par' dir='ltr' id='par_1_52' title="bbox 238 4526 1896 4601">
     <span class='ocr_line' id='line_1_52' title="bbox 238 4526 1896 4601; baseline 0.002 -24"><span class='ocrx_word' id='word_1_410' title='bbox 238 4526 341 4596; x_wconf 84' lang='grc' dir='ltr'>χὴν</span> <span class='ocrx_word' id='word_1_411' title='bbox 386 4527 775 4596; x_wconf 86' lang='grc' dir='ltr'>χαρισάμενον,</span> <span class='ocrx_word' id='word_1_412' title='bbox 819 4530 910 4581; x_wconf 73' lang='grc' dir='ltr'>καὶ</span> <span class='ocrx_word' id='word_1_413' title='bbox 955 4528 1222 4582; x_wconf 90' lang='grc' dir='ltr'>τοσούτων</span> <span class='ocrx_word' id='word_1_414' title='bbox 1261 4528 1480 4596; x_wconf 81' lang='grc' dir='ltr'>ἀγαθῶν</span> <span class='ocrx_word' id='word_1_415' title='bbox 1511 4529 1608 4600; x_wconf 79' lang='grc' dir='ltr'>τὴν</span> <span class='ocrx_word' id='word_1_416' title='bbox 1638 4531 1896 4601; x_wconf 85' lang='grc' dir='ltr'>χορηγίαν</span> 
     </span>
    </p>
   </div>
   <div class='ocr_carea' id='block_1_53' title="bbox 236 4614 1898 4685">
    <p class='ocr_par' dir='ltr' id='par_1_53' title="bbox 236 4614 1898 4685">
     <span class='ocr_line' id='line_1_53' title="bbox 236 4614 1898 4685; baseline 0.002 -20"><span class='ocrx_word' id='word_1_417' title='bbox 236 4614 645 4685; x_wconf 85' lang='grc' dir='ltr'>παρεσχηκότα.</span> <span class='ocrx_word' id='word_1_418' title='bbox 689 4614 902 4683; x_wconf 76' lang='grc' dir='ltr'>Καιρὸς</span> <span class='ocrx_word' id='word_1_419' title='bbox 933 4614 1109 4667; x_wconf 80' lang='grc' dir='ltr'>τοίνυν</span> <span class='ocrx_word' id='word_1_420' title='bbox 1148 4615 1372 4680; x_wconf 78' lang='grc' dir='ltr'>παντὸς</span> <span class='ocrx_word' id='word_1_421' title='bbox 1411 4615 1722 4683; x_wconf 80' lang='grc' dir='ltr'>ἀνθρώπου</span> <span class='ocrx_word' id='word_1_422' title='bbox 1768 4616 1898 4683; x_wconf 81' lang='grc' dir='ltr'>ἣκει</span> 
     </span>
    </p>
   </div>
   <div class='ocr_carea' id='block_1_54' title="bbox 234 4698 1894 4773">
    <p class='ocr_par' dir='ltr' id='par_1_54' title="bbox 234 4698 1894 4773">
     <span class='ocr_line' id='line_1_54' title="bbox 234 4698 1894 4773; baseline 0 -20"><span class='ocrx_word' id='word_1_423' title='bbox 234 4701 513 4754; x_wconf 83' lang='grc' dir='ltr'>ἐναντίον</span> <span class='ocrx_word' id='word_1_424' title='bbox 540 4702 705 4770; x_wconf 85' lang='grc' dir='ltr'>ἐμοῦ.</span> <span class='ocrx_word' id='word_1_425' title='bbox 736 4698 868 4755; x_wconf 82' lang='grc' dir='ltr'>Εἶτα</span> <span class='ocrx_word' id='word_1_426' title='bbox 896 4701 1082 4773; x_wconf 89' lang='grc' dir='ltr'>ῶσπερ</span> <span class='ocrx_word' id='word_1_427' title='bbox 1106 4700 1538 4771; x_wconf 77' lang='grc' dir='ltr'>ἀπολογούμενος</span> <span class='ocrx_word' id='word_1_428' title='bbox 1574 4702 1651 4772; x_wconf 84' lang='grc' dir='ltr'>τῷ</span> <span class='ocrx_word' id='word_1_429' title='bbox 1684 4702 1894 4773; x_wconf 84' lang='grc' dir='ltr'>δικαίῳ,</span> 
     </span>
    </p>
   </div>
   <div class='ocr_carea' id='block_1_55' title="bbox 236 4789 1895 4861">
    <p class='ocr_par' dir='ltr' id='par_1_55' title="bbox 236 4789 1895 4861">
     <span class='ocr_line' id='line_1_55' title="bbox 236 4789 1895 4861; baseline 0.001 -21"><span class='ocrx_word' id='word_1_430' title='bbox 236 4789 331 4841; x_wconf 77' lang='grc' dir='ltr'>καὶ</span> <span class='ocrx_word' id='word_1_431' title='bbox 370 4789 585 4853; x_wconf 74' lang='grc' dir='ltr'>δεικνὺς</span> <span class='ocrx_word' id='word_1_432' title='bbox 625 4791 705 4843; x_wconf 78' lang='grc' dir='ltr'>ὅτι</span> <span class='ocrx_word' id='word_1_433' title='bbox 748 4791 781 4861; x_wconf 93' lang='grc' dir='ltr'>ἡ</span> <span class='ocrx_word' id='word_1_434' title='bbox 817 4789 929 4842; x_wconf 90' lang='grc' dir='ltr'>τῶν</span> <span class='ocrx_word' id='word_1_435' title='bbox 964 4789 1364 4860; x_wconf 77' lang='grc' dir='ltr'>ἡμαρτημένων</span> <span class='ocrx_word' id='word_1_436' title='bbox 1405 4789 1586 4852; x_wconf 89' lang='grc' dir='ltr'>αὐτοῖς</span> <span class='ocrx_word' id='word_1_437' title='bbox 1625 4790 1895 4861; x_wconf 86' lang='grc' dir='ltr'>ὑπερϐολὴ</span> 
     </span>
    </p>
   </div>
   <div class='ocr_carea' id='block_1_56' title="bbox 235 4876 1895 4947">
    <p class='ocr_par' dir='ltr' id='par_1_56' title="bbox 235 4876 1895 4947">
     <span class='ocr_line' id='line_1_56' title="bbox 235 4876 1895 4947; baseline 0.001 -20"><span class='ocrx_word' id='word_1_438' title='bbox 235 4878 316 4940; x_wconf 85' lang='grc' dir='ltr'>είς</span> <span class='ocrx_word' id='word_1_439' title='bbox 341 4876 545 4947; x_wconf 88' lang='grc' dir='ltr'>ταύτην</span> <span class='ocrx_word' id='word_1_440' title='bbox 584 4876 745 4930; x_wconf 85' lang='grc' dir='ltr'>αὑτὸν</span> <span class='ocrx_word' id='word_1_441' title='bbox 783 4876 1091 4930; x_wconf 85' lang='grc' dir='ltr'>ἐκκαλεῖται</span> <span class='ocrx_word' id='word_1_442' title='bbox 1123 4877 1221 4946; x_wconf 91' lang='grc' dir='ltr'>τὴν</span> <span class='ocrx_word' id='word_1_443' title='bbox 1259 4877 1663 4944; x_wconf 89' lang='grc' dir='ltr'>ἀγανάκτησιν,</span> <span class='ocrx_word' id='word_1_444' title='bbox 1712 4878 1895 4946; x_wconf 78' lang='grc' dir='ltr'>φησὶν,</span> 
     </span>
    </p>
   </div>
   <div class='ocr_carea' id='block_1_57' title="bbox 235 4962 1897 5035">
    <p class='ocr_par' dir='ltr' id='par_1_57' title="bbox 235 4962 1897 5035">
     <span class='ocr_line' id='line_1_57' title="bbox 235 4962 1897 5035; baseline 0.001 -19"><span class='ocrx_word' id='word_1_445' title='bbox 235 4965 357 5021; x_wconf 89' lang='grc' dir='ltr'>Ὅτι</span> <span class='ocrx_word' id='word_1_446' title='bbox 388 4966 667 5035; x_wconf 81' lang='grc' dir='ltr'>ἐπλήσθη</span> <span class='ocrx_word' id='word_1_447' title='bbox 709 4966 746 5035; x_wconf 79' lang='grc' dir='ltr'>η</span> <span class='ocrx_word' id='word_1_448' title='bbox 774 4964 848 5033; x_wconf 75' lang='grc' dir='ltr'>γῆ</span> <span class='ocrx_word' id='word_1_449' title='bbox 878 4964 1112 5030; x_wconf 75' lang='grc' dir='ltr'>ἀδικίας</span> <span class='ocrx_word' id='word_1_450' title='bbox 1136 4964 1238 5019; x_wconf 80' lang='grc' dir='ltr'>ἀπ’</span> <span class='ocrx_word' id='word_1_451' title='bbox 1262 4962 1479 5017; x_wconf 79' lang='grc' dir='ltr'>αὐτῶν.</span> <span class='ocrx_word' id='word_1_452' title='bbox 1510 4964 1600 5032; x_wconf 86' lang='grc' dir='ltr'>Μὴ</span> <span class='ocrx_word' id='word_1_453' title='bbox 1618 4964 1726 5033; x_wconf 82' lang='grc' dir='ltr'>γὰρ</span> <span class='ocrx_word' id='word_1_454' title='bbox 1756 4981 1897 5033; x_wconf 87' lang='grc' dir='ltr'>παρ-</span> 
     </span>
    </p>
   </div>
   <div class='ocr_carea' id='block_1_58' title="bbox 242 5050 1895 5125">
    <p class='ocr_par' dir='ltr' id='par_1_58' title="bbox 242 5050 1895 5125">
     <span class='ocr_line' id='line_1_58' title="bbox 242 5050 1895 5125; baseline -0.002 -20"><span class='ocrx_word' id='word_1_455' title='bbox 242 5052 425 5108; x_wconf 86' lang='grc' dir='ltr'>έλιπόν</span> <span class='ocrx_word' id='word_1_456' title='bbox 453 5072 526 5121; x_wconf 90' lang='grc' dir='ltr'>τι,</span> <span class='ocrx_word' id='word_1_457' title='bbox 563 5054 714 5125; x_wconf 80' lang='grc' dir='ltr'>φησὶ,</span> <span class='ocrx_word' id='word_1_458' title='bbox 750 5052 857 5105; x_wconf 83' lang='grc' dir='ltr'>τῶν</span> <span class='ocrx_word' id='word_1_459' title='bbox 892 5053 970 5115; x_wconf 85' lang='grc' dir='ltr'>είς</span> <span class='ocrx_word' id='word_1_460' title='bbox 1018 5051 1214 5105; x_wconf 88' lang='grc' dir='ltr'>κακίαν</span> <span class='ocrx_word' id='word_1_461' title='bbox 1261 5050 1668 5115; x_wconf 54' lang='grc' dir='ltr'>συντεινόντωπη</span> <span class='ocrx_word' id='word_1_462' title='bbox 1700 5050 1895 5102; x_wconf 88' lang='grc' dir='ltr'>Τοσοῦ-</span> 
     </span>
    </p>
   </div>
   <div class='ocr_carea' id='block_1_59' title="bbox 234 5137 1894 5210">
    <p class='ocr_par' dir='ltr' id='par_1_59' title="bbox 234 5137 1894 5210">
     <span class='ocr_line' id='line_1_59' title="bbox 234 5137 1894 5210; baseline -0.001 -18"><span class='ocrx_word' id='word_1_463' title='bbox 234 5156 327 5192; x_wconf 86' lang='grc' dir='ltr'>τον</span> <span class='ocrx_word' id='word_1_464' title='bbox 369 5140 711 5206; x_wconf 85' lang='grc' dir='ltr'>ἐπεδείξαντο</span> <span class='ocrx_word' id='word_1_465' title='bbox 753 5140 812 5195; x_wconf 86' lang='lat'>16</span> <span class='ocrx_word' id='word_1_466' title='bbox 848 5140 1101 5210; x_wconf 86' lang='grc' dir='ltr'>μέγεθος,</span> <span class='ocrx_word' id='word_1_467' title='bbox 1146 5139 1221 5201; x_wconf 89' lang='grc' dir='ltr'>ώς</span> <span class='ocrx_word' id='word_1_468' title='bbox 1262 5137 1355 5193; x_wconf 68' lang='grc' dir='ltr'>καὶ</span> <span class='ocrx_word' id='word_1_469' title='bbox 1392 5137 1747 5209; x_wconf 79' lang='grc' dir='ltr'>ὑπερϐλύζειν</span> <span class='ocrx_word' id='word_1_470' title='bbox 1789 5137 1894 5190; x_wconf 88' lang='grc' dir='ltr'>λοι-</span> 
     </span>
    </p>
   </div>
   <div class='ocr_carea' id='block_1_60' title="bbox 234 5224 1894 5297">
    <p class='ocr_par' dir='ltr' id='par_1_60' title="bbox 234 5224 1894 5297">
     <span class='ocr_line' id='line_1_60' title="bbox 234 5224 1894 5297; baseline -0.001 -19"><span class='ocrx_word' id='word_1_471' title='bbox 234 5226 335 5279; x_wconf 80' lang='grc' dir='ltr'>πὸν</span> <span class='ocrx_word' id='word_1_472' title='bbox 373 5226 471 5295; x_wconf 82' lang='grc' dir='ltr'>τὴν</span> <span class='ocrx_word' id='word_1_473' title='bbox 514 5227 745 5290; x_wconf 85' lang='grc' dir='ltr'>κακίαν,</span> <span class='ocrx_word' id='word_1_474' title='bbox 781 5228 874 5281; x_wconf 73' lang='grc' dir='ltr'>καὶ</span> <span class='ocrx_word' id='word_1_475' title='bbox 914 5230 1095 5282; x_wconf 82' lang='grc' dir='ltr'>πᾶσαν</span> <span class='ocrx_word' id='word_1_476' title='bbox 1132 5225 1229 5297; x_wconf 86' lang='grc' dir='ltr'>τὴν</span> <span class='ocrx_word' id='word_1_477' title='bbox 1266 5225 1370 5295; x_wconf 83' lang='grc' dir='ltr'>γῆν</span> <span class='ocrx_word' id='word_1_478' title='bbox 1410 5225 1505 5295; x_wconf 79' lang='grc' dir='ltr'>τῆς</span> <span class='ocrx_word' id='word_1_479' title='bbox 1560 5224 1756 5288; x_wconf 76' lang='grc' dir='ltr'>κακίας</span> <span class='ocrx_word' id='word_1_480' title='bbox 1797 5227 1894 5296; x_wconf 85' lang='grc' dir='ltr'>ἐμ-</span> 
     </span>
    </p>
   </div>
   <div class='ocr_carea' id='block_1_61' title="bbox 237 5311 1893 5382">
    <p class='ocr_par' dir='ltr' id='par_1_61' title="bbox 237 5311 1893 5382">
     <span class='ocr_line' id='line_1_61' title="bbox 237 5311 1893 5382; baseline 0.001 -19"><span class='ocrx_word' id='word_1_481' title='bbox 237 5311 567 5381; x_wconf 85' lang='grc' dir='ltr'>πεπλῆσθαι.</span> <span class='ocrx_word' id='word_1_482' title='bbox 602 5314 701 5367; x_wconf 73' lang='grc' dir='ltr'>Διά</span> <span class='ocrx_word' id='word_1_483' title='bbox 738 5331 818 5366; x_wconf 87' lang='grc' dir='ltr'>τοι</span> <span class='ocrx_word' id='word_1_484' title='bbox 846 5314 1003 5368; x_wconf 91' lang='grc' dir='ltr'>τοῦτο</span> <span class='ocrx_word' id='word_1_485' title='bbox 1036 5314 1129 5366; x_wconf 72' lang='grc' dir='ltr'>καὶ</span> <span class='ocrx_word' id='word_1_486' title='bbox 1163 5314 1357 5375; x_wconf 80' lang='grc' dir='ltr'>αὐτοὺς</span> <span class='ocrx_word' id='word_1_487' title='bbox 1388 5311 1770 5382; x_wconf 82' lang='grc' dir='ltr'>καταφθείρω,</span> <span class='ocrx_word' id='word_1_488' title='bbox 1802 5313 1893 5365; x_wconf 77' lang='grc' dir='ltr'>καὶ</span> 
     </span>
    </p>
   </div>
   <div class='ocr_carea' id='block_1_62' title="bbox 234 5397 1891 5469">
    <p class='ocr_par' dir='ltr' id='par_1_62' title="bbox 234 5397 1891 5469">
     <span class='ocr_line' id='line_1_62' title="bbox 234 5397 1891 5469; baseline -0.001 -17"><span class='ocrx_word' id='word_1_489' title='bbox 234 5400 332 5468; x_wconf 82' lang='grc' dir='ltr'>τὴν</span> <span class='ocrx_word' id='word_1_490' title='bbox 358 5399 483 5469; x_wconf 90' lang='grc' dir='ltr'>γῆν,</span> <span class='ocrx_word' id='word_1_491' title='bbox 510 5400 622 5451; x_wconf 80' lang='lat' dir='ltr'><strong><em>Kal</em></strong></span> <span class='ocrx_word' id='word_1_492' title='bbox 650 5400 799 5464; x_wconf 79' lang='grc' dir='ltr'>ίὸοὺ,</span> <span class='ocrx_word' id='word_1_493' title='bbox 823 5401 1007 5469; x_wconf 75' lang='grc' dir='ltr'>φησὶν,</span> <span class='ocrx_word' id='word_1_494' title='bbox 1027 5398 1143 5468; x_wconf 75' lang='grc' dir='ltr'>ἐγὼ</span> <span class='ocrx_word' id='word_1_495' title='bbox 1162 5400 1526 5467; x_wconf 65' lang='grc' dir='ltr'>καταφθειζρω</span> <span class='ocrx_word' id='word_1_496' title='bbox 1546 5397 1766 5464; x_wconf 83' lang='grc' dir='ltr'>αὐτοὺς</span> <span class='ocrx_word' id='word_1_497' title='bbox 1795 5399 1891 5452; x_wconf 83' lang='grc' dir='ltr'>καὶ</span> 
     </span>
    </p>
   </div>
   <div class='ocr_carea' id='block_1_63' title="bbox 234 5482 1890 5555">
    <p class='ocr_par' dir='ltr' id='par_1_63' title="bbox 234 5482 1890 5555">
     <span class='ocr_line' id='line_1_63' title="bbox 234 5482 1890 5555; baseline 0.001 -19"><span class='ocrx_word' id='word_1_498' title='bbox 234 5484 351 5551; x_wconf 77' lang='grc' dir='ltr'>τὴν</span> <span class='ocrx_word' id='word_1_499' title='bbox 382 5482 517 5553; x_wconf 63' lang='lat' dir='ltr'><strong><em>rﬁr.</em></strong></span> <span class='ocrx_word' id='word_1_500' title='bbox 566 5484 781 5553; x_wconf 83' lang='grc' dir='ltr'>Ἐπειδὴ</span> <span class='ocrx_word' id='word_1_501' title='bbox 822 5484 975 5538; x_wconf 75' lang='grc' dir='ltr'>αὐτοὶ</span> <span class='ocrx_word' id='word_1_502' title='bbox 1004 5484 1361 5555; x_wconf 87' lang='grc' dir='ltr'>προλαϐόντες</span> <span class='ocrx_word' id='word_1_503' title='bbox 1398 5483 1488 5536; x_wconf 75' lang='grc' dir='ltr'>διὰ</span> <span class='ocrx_word' id='word_1_504' title='bbox 1518 5483 1625 5537; x_wconf 88' lang='grc' dir='ltr'>τῶν</span> <span class='ocrx_word' id='word_1_505' title='bbox 1658 5486 1890 5555; x_wconf 76' lang='grc' dir='ltr'>παρανό·</span> 
     </span>
    </p>
   </div>
   <div class='ocr_carea' id='block_1_64' title="bbox 235 5569 1892 5641">
    <p class='ocr_par' dir='ltr' id='par_1_64' title="bbox 235 5569 1892 5641">
     <span class='ocr_line' id='line_1_64' title="bbox 235 5569 1892 5641; baseline 0 -18"><span class='ocrx_word' id='word_1_506' title='bbox 235 5588 353 5641; x_wconf 86' lang='grc' dir='ltr'>μων</span> <span class='ocrx_word' id='word_1_507' title='bbox 405 5570 656 5640; x_wconf 82' lang='grc' dir='ltr'>πράξεων</span> <span class='ocrx_word' id='word_1_508' title='bbox 709 5570 932 5633; x_wconf 78' lang='grc' dir='ltr'>ἑαυτοὺς</span> <span class='ocrx_word' id='word_1_509' title='bbox 976 5571 1373 5641; x_wconf 85' lang='grc' dir='ltr'>κατέφθειραν,</span> <span class='ocrx_word' id='word_1_510' title='bbox 1423 5569 1513 5623; x_wconf 80' lang='grc' dir='ltr'>διὰ</span> <span class='ocrx_word' id='word_1_511' title='bbox 1559 5570 1716 5623; x_wconf 90' lang='grc' dir='ltr'>τοῦτο</span> <span class='ocrx_word' id='word_1_512' title='bbox 1760 5588 1892 5623; x_wconf 87' lang='grc' dir='ltr'>παν-</span> 
     </span>
    </p>
   </div>
   <div class='ocr_carea' id='block_1_65' title="bbox 234 5656 1889 5730">
    <p class='ocr_par' dir='ltr' id='par_1_65' title="bbox 234 5656 1889 5730">
     <span class='ocr_line' id='line_1_65' title="bbox 234 5656 1889 5730; baseline 0.001 -21"><span class='ocrx_word' id='word_1_513' title='bbox 234 5658 360 5728; x_wconf 88' lang='grc' dir='ltr'>τελῆ</span> <span class='ocrx_word' id='word_1_514' title='bbox 414 5658 790 5730; x_wconf 88' lang='grc' dir='ltr'>πανωλεθρίαν</span> <span class='ocrx_word' id='word_1_515' title='bbox 849 5659 1072 5727; x_wconf 83' lang='grc' dir='ltr'>ἐπάγω,</span> <span class='ocrx_word' id='word_1_516' title='bbox 1142 5658 1233 5711; x_wconf 69' lang='grc' dir='ltr'>καὶ</span> <span class='ocrx_word' id='word_1_517' title='bbox 1296 5656 1602 5727; x_wconf 86' lang='grc' dir='ltr'>ἀφανισμὸν</span> <span class='ocrx_word' id='word_1_518' title='bbox 1664 5657 1889 5727; x_wconf 80' lang='grc' dir='ltr'>ἐργάζο-</span> 
     </span>
    </p>
   </div>
   <div class='ocr_carea' id='block_1_66' title="bbox 234 5743 1885 5815">
    <p class='ocr_par' dir='ltr' id='par_1_66' title="bbox 234 5743 1885 5815">
     <span class='ocr_line' id='line_1_66' title="bbox 234 5743 1885 5815; baseline -0.001 -18"><span class='ocrx_word' id='word_1_519' title='bbox 234 5763 353 5815; x_wconf 85' lang='grc' dir='ltr'>μαι.</span> <span class='ocrx_word' id='word_1_520' title='bbox 400 5748 490 5800; x_wconf 76' lang='grc' dir='ltr'>καὶ</span> <span class='ocrx_word' id='word_1_521' title='bbox 534 5747 733 5811; x_wconf 88' lang='grc' dir='ltr'>αὐτῶν,</span> <span class='ocrx_word' id='word_1_522' title='bbox 776 5748 868 5799; x_wconf 76' lang='grc' dir='ltr'>καὶ</span> <span class='ocrx_word' id='word_1_523' title='bbox 900 5747 997 5814; x_wconf 86' lang='grc' dir='ltr'>τῆς</span> <span class='ocrx_word' id='word_1_524' title='bbox 1041 5746 1165 5815; x_wconf 85' lang='grc' dir='ltr'>γῆς,</span> <span class='ocrx_word' id='word_1_525' title='bbox 1199 5745 1284 5796; x_wconf 83' lang='grc' dir='ltr'>ἴνα</span> <span class='ocrx_word' id='word_1_526' title='bbox 1324 5743 1603 5813; x_wconf 76' lang='grc' dir='ltr'>καθαρμόν</span> <span class='ocrx_word' id='word_1_527' title='bbox 1640 5761 1760 5797; x_wconf 89' lang='grc' dir='ltr'>τινα</span> <span class='ocrx_word' id='word_1_528' title='bbox 1795 5745 1885 5796; x_wconf 86' lang='grc' dir='ltr'>δυ-</span> 
     </span>
    </p>
   </div>
   <div class='ocr_carea' id='block_1_67' title="bbox 238 5831 1889 5904">
    <p class='ocr_par' dir='ltr' id='par_1_67' title="bbox 238 5831 1889 5904">
     <span class='ocr_line' id='line_1_67' title="bbox 238 5831 1889 5904; baseline 0.001 -21"><span class='ocrx_word' id='word_1_529' title='bbox 238 5834 372 5903; x_wconf 81' lang='grc' dir='ltr'>νηθῇ</span> <span class='ocrx_word' id='word_1_530' title='bbox 417 5834 664 5899; x_wconf 81' lang='grc' dir='ltr'>δέξασθαι</span> <span class='ocrx_word' id='word_1_531' title='bbox 730 5836 759 5904; x_wconf 70' lang='grc' dir='ltr'>ἡ</span> <span class='ocrx_word' id='word_1_532' title='bbox 811 5834 901 5903; x_wconf 91' lang='grc' dir='ltr'>γῆ,</span> <span class='ocrx_word' id='word_1_533' title='bbox 943 5834 1035 5886; x_wconf 76' lang='grc' dir='ltr'>καὶ</span> <span class='ocrx_word' id='word_1_534' title='bbox 1082 5832 1531 5902; x_wconf 80' lang='grc' dir='ltr'>ἀποκαθήρασθαι</span> <span class='ocrx_word' id='word_1_535' title='bbox 1584 5833 1677 5884; x_wconf 92' lang='grc' dir='ltr'>τοῦ</span> <span class='ocrx_word' id='word_1_536' title='bbox 1719 5831 1889 5903; x_wconf 75' lang='grc' dir='ltr'>ῥύπου</span> 
     </span>
    </p>
   </div>
   <div class='ocr_carea' id='block_1_68' title="bbox 238 5912 1890 5989">
    <p class='ocr_par' dir='ltr' id='par_1_68' title="bbox 238 5912 1890 5989">
     <span class='ocr_line' id='line_1_68' title="bbox 238 5912 1890 5989; baseline -0.001 -18"><span class='ocrx_word' id='word_1_537' title='bbox 238 5916 340 5973; x_wconf 70' lang='grc' dir='ltr'>τῶν</span> <span class='ocrx_word' id='word_1_538' title='bbox 374 5916 635 5971; x_wconf 87' lang='grc' dir='ltr'>τοσούτων</span> <span class='ocrx_word' id='word_1_539' title='bbox 666 5916 1093 5989; x_wconf 81' lang='grc' dir='ltr'>ἁμαρτημάτων.</span> <span class='ocrx_word' id='word_1_540' title='bbox 1137 5914 1335 5969; x_wconf 82' lang='grc' dir='ltr'>Ἐννόει</span> <span class='ocrx_word' id='word_1_541' title='bbox 1372 5931 1461 5983; x_wconf 87' lang='grc' dir='ltr'>μοι</span> <span class='ocrx_word' id='word_1_542' title='bbox 1504 5912 1687 5965; x_wconf 78' lang='grc' dir='ltr'>λοιπὸν</span> <span class='ocrx_word' id='word_1_543' title='bbox 1734 5915 1890 5969; x_wconf 84' lang='grc' dir='ltr'>ποίαν</span> 
     </span>
    </p>
   </div>
   <div class='ocr_carea' id='block_1_69' title="bbox 2014 587 3663 669">
    <p class='ocr_par' dir='ltr' id='par_1_69' title="bbox 2014 587 3663 669">
     <span class='ocr_line' id='line_1_69' title="bbox 2014 587 3663 669; baseline 0.007 -28"><span class='ocrx_word' id='word_1_544' title='bbox 2014 587 2246 659; x_wconf 76' lang='grc' dir='ltr'>συνῄδει,</span> <span class='ocrx_word' id='word_1_545' title='bbox 2275 590 2387 643; x_wconf 87' lang='grc' dir='ltr'>ἀλλ’</span> <span class='ocrx_word' id='word_1_546' title='bbox 2415 591 2562 661; x_wconf 82' lang='grc' dir='ltr'>ὅμως</span> <span class='ocrx_word' id='word_1_547' title='bbox 2585 592 2685 645; x_wconf 87' lang='grc' dir='ltr'>οὐκ</span> <span class='ocrx_word' id='word_1_548' title='bbox 2711 592 3025 664; x_wconf 86' lang='grc' dir='ltr'>ἀναλγήτως</span> <span class='ocrx_word' id='word_1_549' title='bbox 3051 594 3261 665; x_wconf 86' lang='grc' dir='ltr'>ἐδέχετο</span> <span class='ocrx_word' id='word_1_550' title='bbox 3289 597 3354 650; x_wconf 82' lang='grc' dir='ltr'>τὰ</span> <span class='ocrx_word' id='word_1_551' title='bbox 3387 598 3663 669; x_wconf 85' lang='grc' dir='ltr'>λεγόμενα.</span> 
     </span>
    </p>
   </div>
   <div class='ocr_carea' id='block_1_70' title="bbox 2010 676 3671 759">
    <p class='ocr_par' dir='ltr' id='par_1_70' title="bbox 2010 676 3671 759">
     <span class='ocr_line' id='line_1_70' title="bbox 2010 676 3671 759; baseline 0.008 -32"><span class='ocrx_word' id='word_1_552' title='bbox 2010 676 2364 747; x_wconf 84' lang='grc' dir='ltr'>Φιλόστοργον</span> <span class='ocrx_word' id='word_1_553' title='bbox 2389 678 2496 749; x_wconf 90' lang='grc' dir='ltr'>γάρ</span> <span class='ocrx_word' id='word_1_554' title='bbox 2537 679 2647 733; x_wconf 90' lang='grc' dir='ltr'>τῶν</span> <span class='ocrx_word' id='word_1_555' title='bbox 2692 680 2913 735; x_wconf 88' lang='grc' dir='ltr'>δικαίων</span> <span class='ocrx_word' id='word_1_556' title='bbox 2946 682 3009 734; x_wconf 91' lang='lat'>16</span> <span class='ocrx_word' id='word_1_557' title='bbox 3054 683 3242 751; x_wconf 89' lang='grc' dir='ltr'>γένος,</span> <span class='ocrx_word' id='word_1_558' title='bbox 3280 688 3375 739; x_wconf 80' lang='grc' dir='ltr'>καὶ</span> <span class='ocrx_word' id='word_1_559' title='bbox 3410 687 3546 759; x_wconf 75' lang='grc' dir='ltr'>ὑπὲρ</span> <span class='ocrx_word' id='word_1_560' title='bbox 3575 692 3671 758; x_wconf 79' lang='grc' dir='ltr'>τῆς</span> 
     </span>
    </p>
   </div>
   <div class='ocr_carea' id='block_1_71' title="bbox 2009 763 3670 847">
    <p class='ocr_par' dir='ltr' id='par_1_71' title="bbox 2009 763 3670 847">
     <span class='ocr_line' id='line_1_71' title="bbox 2009 763 3670 847; baseline 0.007 -30"><span class='ocrx_word' id='word_1_561' title='bbox 2009 763 2120 817; x_wconf 84' lang='grc' dir='ltr'>τῶν</span> <span class='ocrx_word' id='word_1_562' title='bbox 2149 764 2323 818; x_wconf 81' lang='grc' dir='ltr'>ἄλλων</span> <span class='ocrx_word' id='word_1_563' title='bbox 2354 767 2629 837; x_wconf 84' lang='grc' dir='ltr'>σωτηρίας</span> <span class='ocrx_word' id='word_1_564' title='bbox 2664 769 2841 821; x_wconf 89' lang='grc' dir='ltr'>πάντα</span> <span class='ocrx_word' id='word_1_565' title='bbox 2878 768 2943 823; x_wconf 83' lang='grc' dir='ltr'>ἂν</span> <span class='ocrx_word' id='word_1_566' title='bbox 2965 770 3168 824; x_wconf 74' lang='grc' dir='ltr'>ἕλοιντο</span> <span class='ocrx_word' id='word_1_567' title='bbox 3192 772 3427 836; x_wconf 79' lang='grc' dir='ltr'>εὐκόλως</span> <span class='ocrx_word' id='word_1_568' title='bbox 3452 775 3670 847; x_wconf 85' lang='grc' dir='ltr'>ὑπομεῖ-</span> 
     </span>
    </p>
   </div>
   <div class='ocr_carea' id='block_1_72' title="bbox 2007 852 3669 929">
    <p class='ocr_par' dir='ltr' id='par_1_72' title="bbox 2007 852 3669 929">
     <span class='ocr_line' id='line_1_72' title="bbox 2007 852 3669 929; baseline 0.007 -25"><span class='ocrx_word' id='word_1_569' title='bbox 2007 868 2114 906; x_wconf 87' lang='grc' dir='ltr'>ναι.</span> <span class='ocrx_word' id='word_1_570' title='bbox 2146 852 2268 916; x_wconf 91' lang='grc' dir='ltr'>Πῶς</span> <span class='ocrx_word' id='word_1_571' title='bbox 2290 854 2471 908; x_wconf 88' lang='grc' dir='ltr'>τοίνυν</span> <span class='ocrx_word' id='word_1_572' title='bbox 2517 856 2662 919; x_wconf 83' lang='grc' dir='ltr'>εἰκὸς</span> <span class='ocrx_word' id='word_1_573' title='bbox 2698 852 2765 927; x_wconf 81' lang='grc' dir='ltr'>ὴν</span> <span class='ocrx_word' id='word_1_574' title='bbox 2799 859 2862 910; x_wconf 85' lang='grc' dir='ltr'>ἐκ</span> <span class='ocrx_word' id='word_1_575' title='bbox 2893 857 3002 911; x_wconf 89' lang='grc' dir='ltr'>τῶν</span> <span class='ocrx_word' id='word_1_576' title='bbox 3025 859 3284 929; x_wconf 73' lang='grc' dir='ltr'>ῥημάτων</span> <span class='ocrx_word' id='word_1_577' title='bbox 3317 860 3522 916; x_wconf 89' lang='grc' dir='ltr'>τούτων</span> <span class='ocrx_word' id='word_1_578' title='bbox 3549 880 3669 915; x_wconf 85' lang='grc' dir='ltr'>συν-</span> 
     </span>
    </p>
   </div>
   <div class='ocr_carea' id='block_1_73' title="bbox 2007 938 3667 1020">
    <p class='ocr_par' dir='ltr' id='par_1_73' title="bbox 2007 938 3667 1020">
     <span class='ocr_line' id='line_1_73' title="bbox 2007 938 3667 1020; baseline 0.007 -29"><span class='ocrx_word' id='word_1_579' title='bbox 2007 938 2226 1009; x_wconf 87' lang='grc' dir='ltr'>έχεσθαι</span> <span class='ocrx_word' id='word_1_580' title='bbox 2259 939 2349 993; x_wconf 86' lang='grc' dir='ltr'>τὸν</span> <span class='ocrx_word' id='word_1_581' title='bbox 2389 941 2690 1012; x_wconf 88' lang='grc' dir='ltr'>θαυμάσιον</span> <span class='ocrx_word' id='word_1_582' title='bbox 2714 943 2901 998; x_wconf 89' lang='grc' dir='ltr'>τοῦτον</span> <span class='ocrx_word' id='word_1_583' title='bbox 2935 944 3319 1017; x_wconf 88' lang='grc' dir='ltr'>ὑπογράφοντα</span> <span class='ocrx_word' id='word_1_584' title='bbox 3353 951 3452 1020; x_wconf 82' lang='grc' dir='ltr'>ήδη</span> <span class='ocrx_word' id='word_1_585' title='bbox 3483 950 3559 1020; x_wconf 82' lang='grc' dir='ltr'>τῷ</span> <span class='ocrx_word' id='word_1_586' title='bbox 3584 951 3667 1003; x_wconf 89' lang='grc' dir='ltr'>λο-</span> 
     </span>
    </p>
   </div>
   <div class='ocr_carea' id='block_1_74' title="bbox 2006 1028 3670 1105">
    <p class='ocr_par' dir='ltr' id='par_1_74' title="bbox 2006 1028 3670 1105">
     <span class='ocr_line' id='line_1_74' title="bbox 2006 1028 3670 1105; baseline 0.008 -26"><span class='ocrx_word' id='word_1_587' title='bbox 2006 1028 2190 1099; x_wconf 84' lang='grc' dir='ltr'>γισμῷ</span> <span class='ocrx_word' id='word_1_588' title='bbox 2212 1030 2308 1098; x_wconf 84' lang='grc' dir='ltr'>τὴν</span> <span class='ocrx_word' id='word_1_589' title='bbox 2334 1030 2586 1083; x_wconf 83' lang='grc' dir='ltr'>ἁπάντων</span> <span class='ocrx_word' id='word_1_590' title='bbox 2608 1030 2904 1097; x_wconf 88' lang='grc' dir='ltr'>ἀπώλειαν,</span> <span class='ocrx_word' id='word_1_591' title='bbox 2931 1033 3024 1087; x_wconf 76' lang='grc' dir='ltr'>καὶ</span> <span class='ocrx_word' id='word_1_592' title='bbox 3046 1033 3143 1103; x_wconf 86' lang='grc' dir='ltr'>τὴν</span> <span class='ocrx_word' id='word_1_593' title='bbox 3166 1035 3266 1105; x_wconf 88' lang='grc' dir='ltr'>τῆς</span> <span class='ocrx_word' id='word_1_594' title='bbox 3292 1038 3516 1101; x_wconf 77' lang='grc' dir='ltr'>κτίσεως</span> <span class='ocrx_word' id='word_1_595' title='bbox 3539 1040 3670 1092; x_wconf 79' lang='grc' dir='ltr'>άπάο</span> 
     </span>
    </p>
   </div>
   <div class='ocr_carea' id='block_1_75' title="bbox 2010 1117 3667 1195">
    <p class='ocr_par' dir='ltr' id='par_1_75' title="bbox 2010 1117 3667 1195">
     <span class='ocr_line' id='line_1_75' title="bbox 2010 1117 3667 1195; baseline 0.007 -27"><span class='ocrx_word' id='word_1_596' title='bbox 2010 1134 2108 1187; x_wconf 91' lang='grc' dir='ltr'>σης</span> <span class='ocrx_word' id='word_1_597' title='bbox 2147 1117 2388 1189; x_wconf 77' lang='grc' dir='ltr'>φθοράν,</span> <span class='ocrx_word' id='word_1_598' title='bbox 2432 1120 2558 1183; x_wconf 75' lang='grc' dir='ltr'>ἴσως</span> <span class='ocrx_word' id='word_1_599' title='bbox 2607 1120 2727 1173; x_wconf 82' lang='grc' dir='ltr'>οὐδὲ</span> <span class='ocrx_word' id='word_1_600' title='bbox 2779 1121 2909 1191; x_wconf 78' lang='grc' dir='ltr'>περὶ</span> <span class='ocrx_word' id='word_1_601' title='bbox 2963 1122 3127 1175; x_wconf 89' lang='grc' dir='ltr'>αὐτοῦ</span> <span class='ocrx_word' id='word_1_602' title='bbox 3162 1140 3213 1176; x_wconf 89' lang='grc' dir='ltr'>τι</span> <span class='ocrx_word' id='word_1_603' title='bbox 3256 1126 3490 1195; x_wconf 83' lang='grc' dir='ltr'>χρηστὸν</span> <span class='ocrx_word' id='word_1_604' title='bbox 3538 1127 3667 1179; x_wconf 80' lang='grc' dir='ltr'>ὑπο-</span> 
     </span>
    </p>
   </div>
   <div class='ocr_carea' id='block_1_76' title="bbox 2009 1202 3666 1281">
    <p class='ocr_par' dir='ltr' id='par_1_76' title="bbox 2009 1202 3666 1281">
     <span class='ocr_line' id='line_1_76' title="bbox 2009 1202 3666 1281; baseline 0.005 -23"><span class='ocrx_word' id='word_1_605' title='bbox 2009 1204 2305 1267; x_wconf 72' lang='grc' dir='ltr'>πτεύοντια;</span> <span class='ocrx_word' id='word_1_606' title='bbox 2345 1206 2568 1259; x_wconf 84' lang='grc' dir='ltr'>Οὐδέπω</span> <span class='ocrx_word' id='word_1_607' title='bbox 2600 1206 2707 1278; x_wconf 87' lang='grc' dir='ltr'>γάρ</span> <span class='ocrx_word' id='word_1_608' title='bbox 2728 1202 2796 1278; x_wconf 81' lang='grc' dir='ltr'>ἦν</span> <span class='ocrx_word' id='word_1_609' title='bbox 2822 1207 2969 1278; x_wconf 78' lang='grc' dir='ltr'>αὐτῷ</span> <span class='ocrx_word' id='word_1_610' title='bbox 2990 1208 3148 1262; x_wconf 88' lang='grc' dir='ltr'>τοῦτο</span> <span class='ocrx_word' id='word_1_611' title='bbox 3174 1211 3422 1281; x_wconf 82' lang='grc' dir='ltr'>φανερόν.</span> <span class='ocrx_word' id='word_1_612' title='bbox 3451 1211 3549 1265; x_wconf 85' lang='grc' dir='ltr'>Ἴν⁹</span> <span class='ocrx_word' id='word_1_613' title='bbox 3576 1209 3666 1266; x_wconf 73' lang='grc' dir='ltr'>οὖν</span> 
     </span>
    </p>
   </div>
   <div class='ocr_carea' id='block_1_77' title="bbox 2011 1290 3667 1368">
    <p class='ocr_par' dir='ltr' id='par_1_77' title="bbox 2011 1290 3667 1368">
     <span class='ocr_line' id='line_1_77' title="bbox 2011 1290 3667 1368; baseline 0.005 -25"><span class='ocrx_word' id='word_1_614' title='bbox 2011 1290 2086 1362; x_wconf 85' lang='grc' dir='ltr'>μὴ</span> <span class='ocrx_word' id='word_1_615' title='bbox 2117 1290 2539 1363; x_wconf 85' lang='grc' dir='ltr'>διαταράττηται</span> <span class='ocrx_word' id='word_1_616' title='bbox 2568 1293 2660 1347; x_wconf 84' lang='grc' dir='ltr'>τὸν</span> <span class='ocrx_word' id='word_1_617' title='bbox 2689 1294 2966 1365; x_wconf 78' lang='grc' dir='ltr'>λογισμὸν,</span> <span class='ocrx_word' id='word_1_618' title='bbox 3001 1295 3136 1350; x_wconf 87' lang='grc' dir='ltr'>ἀλλά</span> <span class='ocrx_word' id='word_1_619' title='bbox 3171 1298 3375 1368; x_wconf 88' lang='grc' dir='ltr'>μικράν</span> <span class='ocrx_word' id='word_1_620' title='bbox 3414 1316 3533 1353; x_wconf 89' lang='grc' dir='ltr'>τινα</span> <span class='ocrx_word' id='word_1_621' title='bbox 3562 1317 3667 1352; x_wconf 63' lang='grc' dir='ltr'>πα-</span> 
     </span>
    </p>
   </div>
   <div class='ocr_carea' id='block_1_78' title="bbox 2012 1378 3664 1455">
    <p class='ocr_par' dir='ltr' id='par_1_78' title="bbox 2012 1378 3664 1455">
     <span class='ocr_line' id='line_1_78' title="bbox 2012 1378 3664 1455; baseline 0.007 -27"><span class='ocrx_word' id='word_1_622' title='bbox 2012 1378 2280 1448; x_wconf 85' lang='grc' dir='ltr'>ραμυθίαν</span> <span class='ocrx_word' id='word_1_623' title='bbox 2304 1381 2360 1432; x_wconf 89' lang='grc' dir='ltr'>ἐν</span> <span class='ocrx_word' id='word_1_624' title='bbox 2384 1379 2462 1450; x_wconf 84' lang='grc' dir='ltr'>τῷ</span> <span class='ocrx_word' id='word_1_625' title='bbox 2490 1380 2715 1451; x_wconf 87' lang='grc' dir='ltr'>τοιούτῳ</span> <span class='ocrx_word' id='word_1_626' title='bbox 2749 1382 2969 1451; x_wconf 86' lang='grc' dir='ltr'>μεγέθει</span> <span class='ocrx_word' id='word_1_627' title='bbox 3002 1383 3099 1453; x_wconf 86' lang='grc' dir='ltr'>τῆς</span> <span class='ocrx_word' id='word_1_628' title='bbox 3132 1384 3369 1454; x_wconf 87' lang='grc' dir='ltr'>ἀθυμίας</span> <span class='ocrx_word' id='word_1_629' title='bbox 3402 1389 3548 1455; x_wconf 85' lang='grc' dir='ltr'>σχεῖν</span> <span class='ocrx_word' id='word_1_630' title='bbox 3577 1386 3664 1438; x_wconf 89' lang='grc' dir='ltr'>δυ-</span> 
     </span>
    </p>
   </div>
   <div class='ocr_carea' id='block_1_79' title="bbox 2005 1466 3664 1544">
    <p class='ocr_par' dir='ltr' id='par_1_79' title="bbox 2005 1466 3664 1544">
     <span class='ocr_line' id='line_1_79' title="bbox 2005 1466 3664 1544; baseline 0.005 -25"><span class='ocrx_word' id='word_1_631' title='bbox 2005 1466 2141 1538; x_wconf 84' lang='grc' dir='ltr'>νηθῇ</span> <span class='ocrx_word' id='word_1_632' title='bbox 2162 1508 2176 1529; x_wconf 90' lang='grc'>,</span> <span class='ocrx_word' id='word_1_633' title='bbox 2202 1467 2385 1539; x_wconf 83' lang='grc' dir='ltr'>ἐπειδὴ</span> <span class='ocrx_word' id='word_1_634' title='bbox 2412 1468 2645 1536; x_wconf 83' lang='grc' dir='ltr'>ἐδίδαξεν</span> <span class='ocrx_word' id='word_1_635' title='bbox 2673 1468 2833 1523; x_wconf 87' lang='grc' dir='ltr'>αὐτὸν</span> <span class='ocrx_word' id='word_1_636' title='bbox 2861 1472 2957 1541; x_wconf 87' lang='grc' dir='ltr'>τῆς</span> <span class='ocrx_word' id='word_1_637' title='bbox 2975 1469 3124 1543; x_wconf 73' lang='grc'>[221]</span> <span class='ocrx_word' id='word_1_638' title='bbox 3151 1471 3346 1536; x_wconf 89' lang='grc' dir='ltr'>κακίας</span> <span class='ocrx_word' id='word_1_639' title='bbox 3372 1473 3548 1527; x_wconf 88' lang='grc' dir='ltr'>αὐτῶν</span> <span class='ocrx_word' id='word_1_640' title='bbox 3570 1475 3664 1544; x_wconf 75' lang='grc' dir='ltr'>τὴν</span> 
     </span>
    </p>
   </div>
   <div class='ocr_carea' id='block_1_80' title="bbox 2007 1555 3662 1629">
    <p class='ocr_par' dir='ltr' id='par_1_80' title="bbox 2007 1555 3662 1629">
     <span class='ocr_line' id='line_1_80' title="bbox 2007 1555 3662 1629; baseline 0.005 -22"><span class='ocrx_word' id='word_1_641' title='bbox 2007 1555 2310 1627; x_wconf 85' lang='grc' dir='ltr'>ὑπερϐολὴν</span> <span class='ocrx_word' id='word_1_642' title='bbox 2331 1596 2346 1619; x_wconf 95' lang='grc'>,</span> <span class='ocrx_word' id='word_1_643' title='bbox 2389 1556 2481 1609; x_wconf 77' lang='grc' dir='ltr'>καὶ</span> <span class='ocrx_word' id='word_1_644' title='bbox 2514 1558 2595 1610; x_wconf 82' lang='grc' dir='ltr'>ὅτι</span> <span class='ocrx_word' id='word_1_645' title='bbox 2627 1557 2815 1629; x_wconf 87' lang='grc' dir='ltr'>καιρὸς</span> <span class='ocrx_word' id='word_1_646' title='bbox 2851 1559 3163 1628; x_wconf 87' lang='grc' dir='ltr'>κατεπείγει</span> <span class='ocrx_word' id='word_1_647' title='bbox 3209 1560 3393 1615; x_wconf 87' lang='grc' dir='ltr'>λοιπὸν</span> <span class='ocrx_word' id='word_1_648' title='bbox 3424 1562 3662 1615; x_wconf 86' lang='grc' dir='ltr'>ἀπαιτῶν</span> 
     </span>
    </p>
   </div>
   <div class='ocr_carea' id='block_1_81' title="bbox 2007 1642 3658 1720">
    <p class='ocr_par' dir='ltr' id='par_1_81' title="bbox 2007 1642 3658 1720">
     <span class='ocr_line' id='line_1_81' title="bbox 2007 1642 3658 1720; baseline 0.005 -24"><span class='ocrx_word' id='word_1_649' title='bbox 2007 1642 2227 1713; x_wconf 84' lang='grc' dir='ltr'>βαθεῖαν</span> <span class='ocrx_word' id='word_1_650' title='bbox 2265 1645 2461 1709; x_wconf 80' lang='grc' dir='ltr'>αὐτοὺς</span> <span class='ocrx_word' id='word_1_651' title='bbox 2501 1645 2754 1711; x_wconf 81' lang='grc' dir='ltr'>δέξασθαι</span> <span class='ocrx_word' id='word_1_652' title='bbox 2786 1645 2883 1717; x_wconf 86' lang='grc' dir='ltr'>τὴν</span> <span class='ocrx_word' id='word_1_653' title='bbox 2911 1647 3118 1718; x_wconf 86' lang='grc' dir='ltr'>τομὴν,</span> <span class='ocrx_word' id='word_1_654' title='bbox 3151 1650 3283 1720; x_wconf 80' lang='grc' dir='ltr'>φησὶ</span> <span class='ocrx_word' id='word_1_655' title='bbox 3312 1651 3448 1719; x_wconf 83' lang='grc' dir='ltr'>πρὸς</span> <span class='ocrx_word' id='word_1_656' title='bbox 3473 1651 3658 1704; x_wconf 68' lang='grc' dir='ltr'>αὐτόν*</span> 
     </span>
    </p>
   </div>
   <div class='ocr_carea' id='block_1_82' title="bbox 2016 1730 3663 1805">
    <p class='ocr_par' dir='ltr' id='par_1_82' title="bbox 2016 1730 3663 1805">
     <span class='ocr_line' id='line_1_82' title="bbox 2016 1730 3663 1805; baseline 0.005 -21"><span class='ocrx_word' id='word_1_657' title='bbox 2016 1730 2287 1794; x_wconf 88' lang='grc' dir='ltr'>Ἐκείνους</span> <span class='ocrx_word' id='word_1_658' title='bbox 2319 1733 2417 1803; x_wconf 79' lang='grc' dir='ltr'>μὲν</span> <span class='ocrx_word' id='word_1_659' title='bbox 2449 1734 2624 1796; x_wconf 90' lang='grc' dir='ltr'>κοινὸς</span> <span class='ocrx_word' id='word_1_660' title='bbox 2646 1732 2861 1804; x_wconf 78' lang='grc' dir='ltr'>ὄλεθρος</span> <span class='ocrx_word' id='word_1_661' title='bbox 2890 1734 3182 1801; x_wconf 85' lang='grc' dir='ltr'>ἐκδέξεται,</span> <span class='ocrx_word' id='word_1_662' title='bbox 3202 1736 3285 1790; x_wconf 86' lang='grc' dir='ltr'>Σὺ</span> <span class='ocrx_word' id='word_1_663' title='bbox 3308 1736 3375 1789; x_wconf 79' lang='grc' dir='ltr'>δὲ</span> <span class='ocrx_word' id='word_1_664' title='bbox 3407 1738 3663 1805; x_wconf 78' lang='grc' dir='ltr'>ποίησον</span> 
     </span>
    </p>
   </div>
   <div class='ocr_carea' id='block_1_83' title="bbox 2002 1819 3660 1895">
    <p class='ocr_par' dir='ltr' id='par_1_83' title="bbox 2002 1819 3660 1895">
     <span class='ocr_line' id='line_1_83' title="bbox 2002 1819 3660 1895; baseline 0.004 -22"><span class='ocrx_word' id='word_1_665' title='bbox 2002 1819 2236 1886; x_wconf 84' lang='grc' dir='ltr'>σεαυτῷ</span> <span class='ocrx_word' id='word_1_666' title='bbox 2264 1824 2532 1876; x_wconf 77' lang='grc' dir='ltr'>κιϐωτόν.</span> <span class='ocrx_word' id='word_1_667' title='bbox 2566 1821 2629 1875; x_wconf 91' lang='grc' dir='ltr'>Τί</span> <span class='ocrx_word' id='word_1_668' title='bbox 2667 1824 2804 1887; x_wconf 89' lang='grc' dir='ltr'>ἐστι,</span> <span class='ocrx_word' id='word_1_669' title='bbox 2837 1822 2919 1876; x_wconf 87' lang='grc' dir='ltr'>Σὺ</span> <span class='ocrx_word' id='word_1_670' title='bbox 2948 1821 3051 1888; x_wconf 85' lang='grc' dir='ltr'>δέ;</span> <span class='ocrx_word' id='word_1_671' title='bbox 3080 1824 3297 1895; x_wconf 84' lang='grc' dir='ltr'>Ἐπειδὴ</span> <span class='ocrx_word' id='word_1_672' title='bbox 3319 1826 3415 1879; x_wconf 86' lang='grc' dir='ltr'>οὐκ</span> <span class='ocrx_word' id='word_1_673' title='bbox 3447 1828 3660 1881; x_wconf 83' lang='grc' dir='ltr'>ἐκοινώ-</span> 
     </span>
    </p>
   </div>
   <div class='ocr_carea' id='block_1_84' title="bbox 2002 1910 3663 1985">
    <p class='ocr_par' dir='ltr' id='par_1_84' title="bbox 2002 1910 3663 1985">
     <span class='ocr_line' id='line_1_84' title="bbox 2002 1910 3663 1985; baseline 0.004 -23"><span class='ocrx_word' id='word_1_674' title='bbox 2002 1924 2170 1979; x_wconf 89' lang='grc' dir='ltr'>νησας</span> <span class='ocrx_word' id='word_1_675' title='bbox 2201 1910 2384 1974; x_wconf 87' lang='grc' dir='ltr'>αὐτοῖς</span> <span class='ocrx_word' id='word_1_676' title='bbox 2431 1910 2532 1981; x_wconf 87' lang='grc' dir='ltr'>τῆς</span> <span class='ocrx_word' id='word_1_677' title='bbox 2577 1910 2808 1977; x_wconf 91' lang='grc' dir='ltr'>κακίας,</span> <span class='ocrx_word' id='word_1_678' title='bbox 2854 1910 2990 1965; x_wconf 86' lang='grc' dir='ltr'>ἀλλὰ</span> <span class='ocrx_word' id='word_1_679' title='bbox 3017 1912 3111 1965; x_wconf 62' lang='grc' dir='ltr'>καί⁵</span> <span class='ocrx_word' id='word_1_680' title='bbox 3160 1912 3296 1983; x_wconf 90' lang='grc' dir='ltr'>μετά</span> <span class='ocrx_word' id='word_1_681' title='bbox 3344 1915 3544 1985; x_wconf 85' lang='grc' dir='ltr'>ἀρετῆς</span> <span class='ocrx_word' id='word_1_682' title='bbox 3572 1917 3663 1969; x_wconf 82' lang='grc' dir='ltr'>τὸν</span> 
     </span>
    </p>
   </div>
   <div class='ocr_carea' id='block_1_85' title="bbox 2002 1996 3662 2071">
    <p class='ocr_par' dir='ltr' id='par_1_85' title="bbox 2002 1996 3662 2071">
     <span class='ocr_line' id='line_1_85' title="bbox 2002 1996 3662 2071; baseline 0.005 -22"><span class='ocrx_word' id='word_1_683' title='bbox 2002 1996 2117 2067; x_wconf 81' lang='grc' dir='ltr'>βίον</span> <span class='ocrx_word' id='word_1_684' title='bbox 2158 1996 2275 2051; x_wconf 85' lang='grc' dir='ltr'>ὅλον</span> <span class='ocrx_word' id='word_1_685' title='bbox 2323 1998 2613 2069; x_wconf 87' lang='grc' dir='ltr'>διήνυσας,</span> <span class='ocrx_word' id='word_1_686' title='bbox 2648 1998 2735 2052; x_wconf 83' lang='grc' dir='ltr'>διὰ</span> <span class='ocrx_word' id='word_1_687' title='bbox 2785 1997 2941 2052; x_wconf 85' lang='grc' dir='ltr'>τοῦτό</span> <span class='ocrx_word' id='word_1_688' title='bbox 2973 2017 3053 2052; x_wconf 93' lang='grc' dir='ltr'>σοι</span> <span class='ocrx_word' id='word_1_689' title='bbox 3087 2000 3406 2071; x_wconf 80' lang='grc' dir='ltr'>προστάττω</span> <span class='ocrx_word' id='word_1_690' title='bbox 3434 2003 3662 2057; x_wconf 88' lang='grc' dir='ltr'>κιϐωτὸν</span> 
     </span>
    </p>
   </div>
   <div class='ocr_carea' id='block_1_86' title="bbox 2001 2086 3657 2157">
    <p class='ocr_par' dir='ltr' id='par_1_86' title="bbox 2001 2086 3657 2157">
     <span class='ocr_line' id='line_1_86' title="bbox 2001 2086 3657 2157; baseline 0.005 -18"><span class='ocrx_word' id='word_1_691' title='bbox 2001 2087 2428 2141; x_wconf 89' lang='grc' dir='ltr'>κατασκευάσαι.</span> <span class='ocrx_word' id='word_1_692' title='bbox 2464 2086 2565 2141; x_wconf 81' lang='grc' dir='ltr'>Ἐκ</span> <span class='ocrx_word' id='word_1_693' title='bbox 2625 2086 2827 2150; x_wconf 79' lang='grc' dir='ltr'>ξύλων</span> <span class='ocrx_word' id='word_1_694' title='bbox 2875 2088 3291 2157; x_wconf 75' lang='grc' dir='ltr'>τετραγώνων,</span> <span class='ocrx_word' id='word_1_695' title='bbox 3350 2091 3657 2156; x_wconf 80' lang='grc' dir='ltr'>ἀσήπτων.</span> 
     </span>
    </p>
   </div>
   <div class='ocr_carea' id='block_1_87' title="bbox 1998 2173 3661 2246">
    <p class='ocr_par' dir='ltr' id='par_1_87' title="bbox 1998 2173 3661 2246">
     <span class='ocr_line' id='line_1_87' title="bbox 1998 2173 3661 2246; baseline 0.004 -21"><span class='ocrx_word' id='word_1_696' title='bbox 1998 2174 2270 2239; x_wconf 83' lang='grc' dir='ltr'>Νοσσιὰς</span> <span class='ocrx_word' id='word_1_697' title='bbox 2306 2175 2577 2239; x_wconf 78' lang='grc' dir='ltr'>ποιήσεις</span> <span class='ocrx_word' id='word_1_698' title='bbox 2605 2173 2718 2240; x_wconf 78' lang='grc' dir='ltr'>τὴν</span> <span class='ocrx_word' id='word_1_699' title='bbox 2763 2174 3007 2229; x_wconf 81' lang='grc' dir='ltr'>κιϐωτὸν</span> <span class='ocrx_word' id='word_1_700' title='bbox 3033 2214 3049 2238; x_wconf 85' lang='grc'>,</span> <span class='ocrx_word' id='word_1_701' title='bbox 3096 2176 3191 2230; x_wconf 81' lang='grc' dir='ltr'>καί</span> <span class='ocrx_word' id='word_1_702' title='bbox 3242 2177 3661 2246; x_wconf 60' lang='grc' dir='ltr'>ἀσφαλτώσεις</span> 
     </span>
    </p>
   </div>
   <div class='ocr_carea' id='block_1_88' title="bbox 1999 2258 3661 2331">
    <p class='ocr_par' dir='ltr' id='par_1_88' title="bbox 1999 2258 3661 2331">
     <span class='ocr_line' id='line_1_88' title="bbox 1999 2258 3661 2331; baseline 0.005 -19"><span class='ocrx_word' id='word_1_703' title='bbox 1999 2258 2221 2325; x_wconf 80' lang='grc' dir='ltr'>ἔξωθεν</span> <span class='ocrx_word' id='word_1_704' title='bbox 2275 2262 2371 2314; x_wconf 78' lang='grc' dir='ltr'>καὶ</span> <span class='ocrx_word' id='word_1_705' title='bbox 2418 2262 2644 2315; x_wconf 77' lang='grc' dir='ltr'>ἔσωθεν</span> <span class='ocrx_word' id='word_1_706' title='bbox 2669 2261 2863 2329; x_wconf 83' lang='grc' dir='ltr'>αὐτὴν</span> <span class='ocrx_word' id='word_1_707' title='bbox 2890 2261 2966 2329; x_wconf 76' lang='grc' dir='ltr'>τῇ</span> <span class='ocrx_word' id='word_1_708' title='bbox 3011 2262 3319 2331; x_wconf 72' lang='grc' dir='ltr'>ἀσφάλτῳ.</span> <span class='ocrx_word' id='word_1_709' title='bbox 3360 2267 3555 2319; x_wconf 78' lang='grc' dir='ltr'>Ἔστω</span> <span class='ocrx_word' id='word_1_710' title='bbox 3594 2267 3661 2320; x_wconf 79' lang='grc' dir='ltr'>δὲ</span> 
     </span>
    </p>
   </div>
   <div class='ocr_carea' id='block_1_89' title="bbox 1999 2347 3661 2419">
    <p class='ocr_par' dir='ltr' id='par_1_89' title="bbox 1999 2347 3661 2419">
     <span class='ocr_line' id='line_1_89' title="bbox 1999 2347 3661 2419; baseline 0.005 -19"><span class='ocrx_word' id='word_1_711' title='bbox 1999 2348 2354 2416; x_wconf 81' lang='grc' dir='ltr'>τριακοσίων</span> <span class='ocrx_word' id='word_1_712' title='bbox 2386 2347 2597 2417; x_wconf 85' lang='grc' dir='ltr'>πηχῶν</span> <span class='ocrx_word' id='word_1_713' title='bbox 2650 2348 2714 2402; x_wconf 82' lang='grc' dir='ltr'>τὸ</span> <span class='ocrx_word' id='word_1_714' title='bbox 2761 2347 2955 2418; x_wconf 84' lang='grc' dir='ltr'>μῆκος</span> <span class='ocrx_word' id='word_1_715' title='bbox 2979 2389 2993 2410; x_wconf 85' lang='grc'>,</span> <span class='ocrx_word' id='word_1_716' title='bbox 3033 2349 3133 2403; x_wconf 80' lang='grc' dir='ltr'>καὶ</span> <span class='ocrx_word' id='word_1_717' title='bbox 3170 2352 3544 2419; x_wconf 80' lang='grc' dir='ltr'>πεντήκοντα</span> <span class='ocrx_word' id='word_1_718' title='bbox 3594 2356 3661 2408; x_wconf 84' lang='grc' dir='ltr'>τὸ</span> 
     </span>
    </p>
   </div>
   <div class='ocr_carea' id='block_1_90' title="bbox 2000 2434 3659 2507">
    <p class='ocr_par' dir='ltr' id='par_1_90' title="bbox 2000 2434 3659 2507">
     <span class='ocr_line' id='line_1_90' title="bbox 2000 2434 3659 2507; baseline 0.002 -19"><span class='ocrx_word' id='word_1_719' title='bbox 2000 2435 2229 2500; x_wconf 81' lang='grc' dir='ltr'>πλάτος</span> <span class='ocrx_word' id='word_1_720' title='bbox 2250 2476 2264 2500; x_wconf 96' lang='grc'>,</span> <span class='ocrx_word' id='word_1_721' title='bbox 2300 2434 2398 2489; x_wconf 77' lang='grc' dir='ltr'>καὶ</span> <span class='ocrx_word' id='word_1_722' title='bbox 2424 2434 2740 2502; x_wconf 81' lang='grc' dir='ltr'>τριάκοντα</span> <span class='ocrx_word' id='word_1_723' title='bbox 2766 2435 2830 2489; x_wconf 83' lang='grc' dir='ltr'>τὸ</span> <span class='ocrx_word' id='word_1_724' title='bbox 2860 2437 3037 2505; x_wconf 67' lang='grc' dir='ltr'>ὕψος.</span> <span class='ocrx_word' id='word_1_725' title='bbox 3056 2438 3468 2507; x_wconf 78' lang='grc' dir='ltr'>Ἐπισυνάγων</span> <span class='ocrx_word' id='word_1_726' title='bbox 3490 2440 3659 2506; x_wconf 79' lang='grc' dir='ltr'>ποιή-</span> 
     </span>
    </p>
   </div>
   <div class='ocr_carea' id='block_1_91' title="bbox 1999 2521 3662 2595">
    <p class='ocr_par' dir='ltr' id='par_1_91' title="bbox 1999 2521 3662 2595">
     <span class='ocr_line' id='line_1_91' title="bbox 1999 2521 3662 2595; baseline 0.004 -20"><span class='ocrx_word' id='word_1_727' title='bbox 1999 2537 2130 2589; x_wconf 81' lang='grc' dir='ltr'>σεις</span> <span class='ocrx_word' id='word_1_728' title='bbox 2154 2522 2271 2591; x_wconf 81' lang='grc' dir='ltr'>τὴν</span> <span class='ocrx_word' id='word_1_729' title='bbox 2297 2522 2564 2586; x_wconf 82' lang='grc' dir='ltr'>κιϐωτὸν,</span> <span class='ocrx_word' id='word_1_730' title='bbox 2591 2523 2687 2576; x_wconf 78' lang='grc' dir='ltr'>καὶ</span> <span class='ocrx_word' id='word_1_731' title='bbox 2718 2526 2805 2589; x_wconf 84' lang='grc' dir='ltr'>είς</span> <span class='ocrx_word' id='word_1_732' title='bbox 2826 2521 3034 2591; x_wconf 82' lang='grc' dir='ltr'>πῆχυν</span> <span class='ocrx_word' id='word_1_733' title='bbox 3056 2526 3443 2593; x_wconf 79' lang='grc' dir='ltr'>συντελέσεις</span> <span class='ocrx_word' id='word_1_734' title='bbox 3466 2526 3662 2595; x_wconf 79' lang='grc' dir='ltr'>αὐτὴν</span> 
     </span>
    </p>
   </div>
   <div class='ocr_carea' id='block_1_92' title="bbox 1999 2612 3662 2685">
    <p class='ocr_par' dir='ltr' id='par_1_92' title="bbox 1999 2612 3662 2685">
     <span class='ocr_line' id='line_1_92' title="bbox 1999 2612 3662 2685; baseline 0.002 -17"><span class='ocrx_word' id='word_1_735' title='bbox 1999 2615 2247 2677; x_wconf 81' lang='grc' dir='ltr'>ἀνωθεν,</span> <span class='ocrx_word' id='word_1_736' title='bbox 2274 2612 2389 2682; x_wconf 76' lang='grc' dir='ltr'>τὴν</span> <span class='ocrx_word' id='word_1_737' title='bbox 2416 2614 2484 2668; x_wconf 83' lang='grc' dir='ltr'>δὲ</span> <span class='ocrx_word' id='word_1_738' title='bbox 2509 2616 2697 2682; x_wconf 81' lang='grc' dir='ltr'>θύραν</span> <span class='ocrx_word' id='word_1_739' title='bbox 2724 2614 2998 2682; x_wconf 78' lang='grc' dir='ltr'>ποιήσεις</span> <span class='ocrx_word' id='word_1_740' title='bbox 3023 2616 3091 2669; x_wconf 85' lang='grc' dir='ltr'>ἐκ</span> <span class='ocrx_word' id='word_1_741' title='bbox 3130 2617 3403 2685; x_wconf 79' lang='grc' dir='ltr'>πλαγίων</span> <span class='ocrx_word' id='word_1_742' title='bbox 3428 2655 3443 2683; x_wconf 89' lang='grc'>,</span> <span class='ocrx_word' id='word_1_743' title='bbox 3484 2619 3662 2674; x_wconf 81' lang='grc' dir='ltr'>κατά-</span> 
     </span>
    </p>
   </div>
   <div class='ocr_carea' id='block_1_93' title="bbox 1999 2700 3661 2773">
    <p class='ocr_par' dir='ltr' id='par_1_93' title="bbox 1999 2700 3661 2773">
     <span class='ocr_line' id='line_1_93' title="bbox 1999 2700 3661 2773; baseline 0.002 -18"><span class='ocrx_word' id='word_1_744' title='bbox 1999 2719 2138 2773; x_wconf 75' lang='grc' dir='ltr'>γαια</span> <span class='ocrx_word' id='word_1_745' title='bbox 2174 2700 2433 2771; x_wconf 70' lang='grc' dir='ltr'>διώροφα</span> <span class='ocrx_word' id='word_1_746' title='bbox 2477 2702 2572 2756; x_wconf 72' lang='grc' dir='ltr'>καὶ</span> <span class='ocrx_word' id='word_1_747' title='bbox 2600 2701 2891 2772; x_wconf 73' lang='grc' dir='ltr'>τριώροφα</span> <span class='ocrx_word' id='word_1_748' title='bbox 2919 2702 3191 2772; x_wconf 80' lang='grc' dir='ltr'>ποιήσεις</span> <span class='ocrx_word' id='word_1_749' title='bbox 3220 2704 3428 2770; x_wconf 80' lang='grc' dir='ltr'>αὐτήν.</span> <span class='ocrx_word' id='word_1_750' title='bbox 3460 2705 3661 2759; x_wconf 86' lang='grc' dir='ltr'>Σκόπει</span> 
     </span>
    </p>
   </div>
   <div class='ocr_carea' id='block_1_94' title="bbox 1998 2789 3663 2865">
    <p class='ocr_par' dir='ltr' id='par_1_94' title="bbox 1998 2789 3663 2865">
     <span class='ocr_line' id='line_1_94' title="bbox 1998 2789 3663 2865; baseline 0.002 -22"><span class='ocrx_word' id='word_1_751' title='bbox 1998 2789 2132 2843; x_wconf 90' lang='grc' dir='ltr'>Θεοῦ</span> <span class='ocrx_word' id='word_1_752' title='bbox 2165 2790 2571 2859; x_wconf 79' lang='grc' dir='ltr'>συγκατάϐασιν</span> <span class='ocrx_word' id='word_1_753' title='bbox 2598 2791 2692 2844; x_wconf 78' lang='grc' dir='ltr'>καὶ</span> <span class='ocrx_word' id='word_1_754' title='bbox 2723 2790 2949 2861; x_wconf 89' lang='grc' dir='ltr'>δύναμιν</span> <span class='ocrx_word' id='word_1_755' title='bbox 2973 2791 3199 2861; x_wconf 83' lang='grc' dir='ltr'>ἄφατον,</span> <span class='ocrx_word' id='word_1_756' title='bbox 3231 2793 3324 2846; x_wconf 81' lang='grc' dir='ltr'>καὶ</span> <span class='ocrx_word' id='word_1_757' title='bbox 3353 2792 3663 2865; x_wconf 78' lang='grc' dir='ltr'>φιλανθρω-</span> 
     </span>
    </p>
   </div>
   <div class='ocr_carea' id='block_1_95' title="bbox 1999 2878 3664 2952">
    <p class='ocr_par' dir='ltr' id='par_1_95' title="bbox 1999 2878 3664 2952">
     <span class='ocr_line' id='line_1_95' title="bbox 1999 2878 3664 2952; baseline 0.001 -19"><span class='ocrx_word' id='word_1_758' title='bbox 1999 2880 2129 2933; x_wconf 90' lang='grc' dir='ltr'>πίαν</span> <span class='ocrx_word' id='word_1_759' title='bbox 2152 2879 2330 2933; x_wconf 85' lang='grc' dir='ltr'>πάντα</span> <span class='ocrx_word' id='word_1_760' title='bbox 2360 2879 2516 2947; x_wconf 84' lang='grc' dir='ltr'>λόγον</span> <span class='ocrx_word' id='word_1_761' title='bbox 2542 2892 2566 2919; x_wconf 76' lang='grc' dir='ltr'>ι</span> <span class='ocrx_word' id='word_1_762' title='bbox 2596 2878 3044 2949; x_wconf 88' lang='grc' dir='ltr'>ὑπερϐαίνουσαν.</span> <span class='ocrx_word' id='word_1_763' title='bbox 3086 2879 3251 2951; x_wconf 87' lang='grc' dir='ltr'>Ὀμοῦ</span> <span class='ocrx_word' id='word_1_764' title='bbox 3282 2880 3374 2936; x_wconf 69' lang='grc' dir='ltr'>καὶ</span> <span class='ocrx_word' id='word_1_765' title='bbox 3402 2882 3503 2952; x_wconf 82' lang='grc' dir='ltr'>τὴν</span> <span class='ocrx_word' id='word_1_766' title='bbox 3533 2883 3664 2952; x_wconf 77' lang='grc' dir='ltr'>περὶ</span> 
     </span>
    </p>
   </div>
   <div class='ocr_carea' id='block_1_96' title="bbox 1998 2966 3664 3043">
    <p class='ocr_par' dir='ltr' id='par_1_96' title="bbox 1998 2966 3664 3039">
     <span class='ocr_line' id='line_1_96' title="bbox 1998 2966 3664 3039; baseline 0.001 -20"><span class='ocrx_word' id='word_1_767' title='bbox 1998 2966 2086 3020; x_wconf 87' lang='grc' dir='ltr'>τὸν</span> <span class='ocrx_word' id='word_1_768' title='bbox 2114 2966 2321 3022; x_wconf 86' lang='grc' dir='ltr'>δίκαιον</span> <span class='ocrx_word' id='word_1_769' title='bbox 2354 2967 2609 3037; x_wconf 88' lang='grc' dir='ltr'>πρόνοιαν</span> <span class='ocrx_word' id='word_1_770' title='bbox 2629 2966 2989 3020; x_wconf 84' lang='grc' dir='ltr'>ἐπιδείκνυται</span> <span class='ocrx_word' id='word_1_771' title='bbox 3019 2968 3365 3038; x_wconf 89' lang='grc' dir='ltr'>προστάττων</span> <span class='ocrx_word' id='word_1_772' title='bbox 3391 2968 3540 3039; x_wconf 87' lang='grc' dir='ltr'>αὐτῷ</span> <span class='ocrx_word' id='word_1_773' title='bbox 3562 2971 3664 3039; x_wconf 78' lang='grc' dir='ltr'>τὴν</span> 
     </span>
    </p>
   </div>
   <div class='ocr_carea' id='block_1_97' title="bbox 1999 3054 3665 3129">
    <p class='ocr_par' dir='ltr' id='par_1_97' title="bbox 1999 3054 3665 3129">
     <span class='ocr_line' id='line_1_97' title="bbox 1999 3054 3665 3129; baseline 0.001 -20"><span class='ocrx_word' id='word_1_774' title='bbox 1999 3054 2231 3109; x_wconf 84' lang='grc' dir='ltr'>κιϐωτὸν</span> <span class='ocrx_word' id='word_1_775' title='bbox 2254 3054 2682 3119; x_wconf 87' lang='grc' dir='ltr'>κατασκευάσαι,</span> <span class='ocrx_word' id='word_1_776' title='bbox 2705 3055 2798 3108; x_wconf 73' lang='grc' dir='ltr'>καὶ</span> <span class='ocrx_word' id='word_1_777' title='bbox 2819 3054 3208 3125; x_wconf 80' lang='grc' dir='ltr'>διαταξάμενος</span> <span class='ocrx_word' id='word_1_778' title='bbox 3233 3059 3327 3109; x_wconf 80' lang='grc' dir='ltr'>καὶ</span> <span class='ocrx_word' id='word_1_779' title='bbox 3349 3058 3439 3111; x_wconf 87' lang='grc' dir='ltr'>τὸν</span> <span class='ocrx_word' id='word_1_780' title='bbox 3460 3058 3665 3129; x_wconf 82' lang='grc' dir='ltr'>τρόπον</span> 
     </span>
    </p>
   </div>
   <div class='ocr_carea' id='block_1_98' title="bbox 1997 3142 3667 3215">
    <p class='ocr_par' dir='ltr' id='par_1_98' title="bbox 1997 3142 3667 3215">
     <span class='ocr_line' id='line_1_98' title="bbox 1997 3142 3667 3215; baseline 0.002 -18"><span class='ocrx_word' id='word_1_781' title='bbox 1997 3145 2095 3214; x_wconf 89' lang='grc' dir='ltr'>τῆς</span> <span class='ocrx_word' id='word_1_782' title='bbox 2124 3146 2469 3214; x_wconf 84' lang='grc' dir='ltr'>κατασκευῆς</span> <span class='ocrx_word' id='word_1_783' title='bbox 2490 3185 2505 3210; x_wconf 93' lang='grc'>,</span> <span class='ocrx_word' id='word_1_784' title='bbox 2536 3142 2629 3196; x_wconf 72' lang='grc' dir='ltr'>καὶ</span> <span class='ocrx_word' id='word_1_785' title='bbox 2673 3142 2733 3195; x_wconf 89' lang='grc' dir='ltr'>τὸ</span> <span class='ocrx_word' id='word_1_786' title='bbox 2760 3143 2958 3207; x_wconf 88' lang='grc' dir='ltr'>πλάτος</span> <span class='ocrx_word' id='word_1_787' title='bbox 2982 3184 2997 3208; x_wconf 96' lang='grc'>,</span> <span class='ocrx_word' id='word_1_788' title='bbox 3028 3145 3121 3198; x_wconf 73' lang='grc' dir='ltr'>καὶ</span> <span class='ocrx_word' id='word_1_789' title='bbox 3148 3145 3208 3197; x_wconf 86' lang='grc' dir='ltr'>τὸ</span> <span class='ocrx_word' id='word_1_790' title='bbox 3243 3145 3372 3215; x_wconf 65' lang='grc' dir='ltr'>ὕψος</span> <span class='ocrx_word' id='word_1_791' title='bbox 3391 3188 3405 3210; x_wconf 94' lang='grc'>,</span> <span class='ocrx_word' id='word_1_792' title='bbox 3434 3148 3529 3200; x_wconf 77' lang='grc' dir='ltr'>καὶ</span> <span class='ocrx_word' id='word_1_793' title='bbox 3556 3165 3667 3202; x_wconf 82' lang='grc' dir='ltr'>πα-</span> 
     </span>
    </p>
   </div>
   <div class='ocr_carea' id='block_1_99' title="bbox 2004 3228 3663 3303">
    <p class='ocr_par' dir='ltr' id='par_1_99' title="bbox 2004 3228 3663 3303">
     <span class='ocr_line' id='line_1_99' title="bbox 2004 3228 3663 3303; baseline 0.001 -20"><span class='ocrx_word' id='word_1_794' title='bbox 2004 3230 2272 3301; x_wconf 82' lang='grc' dir='ltr'>ραμυθίαν</span> <span class='ocrx_word' id='word_1_795' title='bbox 2298 3228 2446 3299; x_wconf 82' lang='grc' dir='ltr'>αὐτῷ</span> <span class='ocrx_word' id='word_1_796' title='bbox 2472 3228 2752 3301; x_wconf 74' lang='grc' dir='ltr'>χαρίζεται</span> <span class='ocrx_word' id='word_1_797' title='bbox 2789 3230 3052 3301; x_wconf 86' lang='grc' dir='ltr'>μεγίστην</span> <span class='ocrx_word' id='word_1_798' title='bbox 3075 3272 3088 3292; x_wconf 93' lang='grc'>,</span> <span class='ocrx_word' id='word_1_799' title='bbox 3120 3231 3340 3295; x_wconf 87' lang='grc' dir='ltr'>ἐλπίδας</span> <span class='ocrx_word' id='word_1_800' title='bbox 3365 3232 3513 3303; x_wconf 86' lang='grc' dir='ltr'>αὐτῷ</span> <span class='ocrx_word' id='word_1_801' title='bbox 3550 3250 3663 3285; x_wconf 81' lang='grc' dir='ltr'>σω-</span> 
     </span>
    </p>
   </div>
   <div class='ocr_carea' id='block_1_100' title="bbox 1997 3317 3665 3390">
    <p class='ocr_par' dir='ltr' id='par_1_100' title="bbox 1997 3317 3665 3390">
     <span class='ocr_line' id='line_1_100' title="bbox 1997 3317 3665 3390; baseline 0.001 -20"><span class='ocrx_word' id='word_1_802' title='bbox 1997 3318 2191 3389; x_wconf 89' lang='grc' dir='ltr'>τηρίας</span> <span class='ocrx_word' id='word_1_803' title='bbox 2220 3317 2551 3389; x_wconf 82' lang='grc' dir='ltr'>ὑπογράφων</span> <span class='ocrx_word' id='word_1_804' title='bbox 2576 3317 2663 3371; x_wconf 81' lang='grc' dir='ltr'>διὰ</span> <span class='ocrx_word' id='word_1_805' title='bbox 2684 3317 2784 3387; x_wconf 88' lang='grc' dir='ltr'>τῆς</span> <span class='ocrx_word' id='word_1_806' title='bbox 2813 3320 3159 3390; x_wconf 87' lang='grc' dir='ltr'>κατασκευῆς</span> <span class='ocrx_word' id='word_1_807' title='bbox 3177 3360 3192 3383; x_wconf 96' lang='grc'>,</span> <span class='ocrx_word' id='word_1_808' title='bbox 3226 3320 3508 3383; x_wconf 88' lang='grc' dir='ltr'>κάκείνους</span> <span class='ocrx_word' id='word_1_809' title='bbox 3535 3320 3665 3383; x_wconf 66' lang='grc' dir='ltr'>τοὺς</span> 
     </span>
    </p>
   </div>
   <div class='ocr_carea' id='block_1_101' title="bbox 1999 3405 3666 3477">
    <p class='ocr_par' dir='ltr' id='par_1_101' title="bbox 1999 3405 3666 3477">
     <span class='ocr_line' id='line_1_101' title="bbox 1999 3405 3666 3477; baseline -0.002 -17"><span class='ocrx_word' id='word_1_810' title='bbox 1999 3405 2235 3460; x_wconf 86' lang='grc' dir='ltr'>τοσαῦτα</span> <span class='ocrx_word' id='word_1_811' title='bbox 2264 3406 2651 3477; x_wconf 87' lang='grc' dir='ltr'>ἡμαρτηκότας</span> <span class='ocrx_word' id='word_1_812' title='bbox 2682 3405 3001 3476; x_wconf 86' lang='grc' dir='ltr'>βουλόμενος</span> <span class='ocrx_word' id='word_1_813' title='bbox 3048 3406 3136 3460; x_wconf 87' lang='grc' dir='ltr'>διὰ</span> <span class='ocrx_word' id='word_1_814' title='bbox 3179 3407 3277 3475; x_wconf 80' lang='grc' dir='ltr'>τῆς</span> <span class='ocrx_word' id='word_1_815' title='bbox 3318 3410 3666 3475; x_wconf 74' lang='grc' dir='ltr'>κατασκευῆς</span> 
     </span>
    </p>
   </div>
   <div class='ocr_carea' id='block_1_102' title="bbox 1997 3492 3665 3567">
    <p class='ocr_par' dir='ltr' id='par_1_102' title="bbox 1997 3492 3665 3567">
     <span class='ocr_line' id='line_1_102' title="bbox 1997 3492 3665 3567; baseline -0.001 -19"><span class='ocrx_word' id='word_1_816' title='bbox 1997 3497 2098 3567; x_wconf 82' lang='grc' dir='ltr'>τῆς</span> <span class='ocrx_word' id='word_1_817' title='bbox 2130 3494 2364 3548; x_wconf 86' lang='grc' dir='ltr'>κιϐωτοῦ</span> <span class='ocrx_word' id='word_1_818' title='bbox 2395 3496 2475 3557; x_wconf 89' lang='grc' dir='ltr'>είς</span> <span class='ocrx_word' id='word_1_819' title='bbox 2511 3493 2716 3546; x_wconf 72' lang='grc' dir='ltr'>ἔννοιαν</span> <span class='ocrx_word' id='word_1_820' title='bbox 2741 3492 2992 3555; x_wconf 85' lang='grc' dir='ltr'>ἐλθόντας</span> <span class='ocrx_word' id='word_1_821' title='bbox 3018 3493 3124 3546; x_wconf 91' lang='grc' dir='ltr'>τῶν</span> <span class='ocrx_word' id='word_1_822' title='bbox 3148 3493 3331 3558; x_wconf 90' lang='grc' dir='ltr'>αὐτοῖς</span> <span class='ocrx_word' id='word_1_823' title='bbox 3362 3494 3665 3565; x_wconf 81' lang='grc' dir='ltr'>εἰργασμέ-</span> 
     </span>
    </p>
   </div>
   <div class='ocr_carea' id='block_1_103' title="bbox 1999 3580 3666 3653">
    <p class='ocr_par' dir='ltr' id='par_1_103' title="bbox 1999 3580 3666 3653">
     <span class='ocr_line' id='line_1_103' title="bbox 1999 3580 3666 3653; baseline -0.002 -17"><span class='ocrx_word' id='word_1_824' title='bbox 1999 3601 2104 3636; x_wconf 90' lang='grc' dir='ltr'>νων</span> <span class='ocrx_word' id='word_1_825' title='bbox 2130 3623 2144 3649; x_wconf 95' lang='grc'>,</span> <span class='ocrx_word' id='word_1_826' title='bbox 2174 3582 2269 3636; x_wconf 77' lang='grc' dir='ltr'>καὶ</span> <span class='ocrx_word' id='word_1_827' title='bbox 2300 3580 2586 3653; x_wconf 89' lang='grc' dir='ltr'>μετάνοιαν</span> <span class='ocrx_word' id='word_1_828' title='bbox 2633 3580 3073 3651; x_wconf 82' lang='grc' dir='ltr'>ἐπιδειξαμένους</span> <span class='ocrx_word' id='word_1_829' title='bbox 3114 3584 3211 3652; x_wconf 84' lang='grc' dir='ltr'>τῆς</span> <span class='ocrx_word' id='word_1_830' title='bbox 3237 3582 3666 3651; x_wconf 83' lang='grc' dir='ltr'>ἀγανακτήσεως</span> 
     </span>
    </p>
   </div>
   <div class='ocr_carea' id='block_1_104' title="bbox 1998 3668 3665 3741">
    <p class='ocr_par' dir='ltr' id='par_1_104' title="bbox 1998 3668 3665 3741">
     <span class='ocr_line' id='line_1_104' title="bbox 1998 3668 3665 3741; baseline -0.001 -18"><span class='ocrx_word' id='word_1_831' title='bbox 1998 3671 2095 3739; x_wconf 83' lang='grc' dir='ltr'>τὴν</span> <span class='ocrx_word' id='word_1_832' title='bbox 2123 3673 2319 3741; x_wconf 89' lang='grc' dir='ltr'>πεῖραν</span> <span class='ocrx_word' id='word_1_833' title='bbox 2352 3668 2427 3740; x_wconf 91' lang='grc' dir='ltr'>μὴ</span> <span class='ocrx_word' id='word_1_834' title='bbox 2474 3668 2679 3721; x_wconf 86' lang='grc' dir='ltr'>λαϐεῖν.</span> <span class='ocrx_word' id='word_1_835' title='bbox 2716 3668 2853 3723; x_wconf 84' lang='grc' dir='ltr'>Οὐδὲ</span> <span class='ocrx_word' id='word_1_836' title='bbox 2892 3669 2998 3740; x_wconf 83' lang='grc' dir='ltr'>γάρ</span> <span class='ocrx_word' id='word_1_837' title='bbox 3030 3669 3205 3736; x_wconf 79' lang='grc' dir='ltr'>ὀλίγος</span> <span class='ocrx_word' id='word_1_838' title='bbox 3255 3669 3443 3739; x_wconf 86' lang='grc' dir='ltr'>χρόνος</span> <span class='ocrx_word' id='word_1_839' title='bbox 3500 3670 3665 3722; x_wconf 78' lang='grc' dir='ltr'>πάλιν</span> 
     </span>
    </p>
   </div>
   <div class='ocr_carea' id='block_1_105' title="bbox 1997 3757 3666 3830">
    <p class='ocr_par' dir='ltr' id='par_1_105' title="bbox 1997 3757 3666 3830">
     <span class='ocr_line' id='line_1_105' title="bbox 1997 3757 3666 3830; baseline -0.002 -18"><span class='ocrx_word' id='word_1_840' title='bbox 1997 3760 2179 3823; x_wconf 87' lang='grc' dir='ltr'>αὐτοῖς</span> <span class='ocrx_word' id='word_1_841' title='bbox 2210 3759 2344 3830; x_wconf 88' lang='grc' dir='ltr'>πρὸς</span> <span class='ocrx_word' id='word_1_842' title='bbox 2393 3757 2678 3829; x_wconf 88' lang='grc' dir='ltr'>μετάνοιαν</span> <span class='ocrx_word' id='word_1_843' title='bbox 2725 3757 3039 3828; x_wconf 88' lang='grc' dir='ltr'>παρεσχέθη</span> <span class='ocrx_word' id='word_1_844' title='bbox 3069 3758 3156 3811; x_wconf 87' lang='grc' dir='ltr'>διά</span> <span class='ocrx_word' id='word_1_845' title='bbox 3190 3758 3287 3827; x_wconf 82' lang='grc' dir='ltr'>τῆς</span> <span class='ocrx_word' id='word_1_846' title='bbox 3317 3759 3666 3827; x_wconf 74' lang='grc' dir='ltr'>κατασκευῆς</span> 
     </span>
    </p>
   </div>
   <div class='ocr_carea' id='block_1_106' title="bbox 1998 3844 3664 3917">
    <p class='ocr_par' dir='ltr' id='par_1_106' title="bbox 1998 3844 3664 3917">
     <span class='ocr_line' id='line_1_106' title="bbox 1998 3844 3664 3917; baseline -0.002 -16"><span class='ocrx_word' id='word_1_847' title='bbox 1998 3848 2097 3917; x_wconf 89' lang='grc' dir='ltr'>τῆς</span> <span class='ocrx_word' id='word_1_848' title='bbox 2125 3846 2378 3910; x_wconf 85' lang='grc' dir='ltr'>κιϐωτοῦ,</span> <span class='ocrx_word' id='word_1_849' title='bbox 2412 3845 2546 3899; x_wconf 91' lang='grc' dir='ltr'>ἀλλά</span> <span class='ocrx_word' id='word_1_850' title='bbox 2575 3846 2668 3899; x_wconf 74' lang='grc' dir='ltr'>καὶ</span> <span class='ocrx_word' id='word_1_851' title='bbox 2698 3845 2902 3916; x_wconf 83' lang='grc' dir='ltr'>σφόδρα</span> <span class='ocrx_word' id='word_1_852' title='bbox 2930 3844 3109 3907; x_wconf 78' lang='grc' dir='ltr'>πολὺς,</span> <span class='ocrx_word' id='word_1_853' title='bbox 3144 3846 3236 3898; x_wconf 77' lang='grc' dir='ltr'>καὶ</span> <span class='ocrx_word' id='word_1_854' title='bbox 3268 3844 3473 3907; x_wconf 80' lang='grc' dir='ltr'>ἱκανὸς,</span> <span class='ocrx_word' id='word_1_855' title='bbox 3499 3847 3548 3897; x_wconf 81' lang='grc' dir='ltr'>εί</span> <span class='ocrx_word' id='word_1_856' title='bbox 3587 3846 3664 3915; x_wconf 85' lang='grc' dir='ltr'>μὴ</span> 
     </span>
    </p>
   </div>
   <div class='ocr_carea' id='block_1_107' title="bbox 2000 3931 3665 4006">
    <p class='ocr_par' dir='ltr' id='par_1_107' title="bbox 2000 3931 3665 4006">
     <span class='ocr_line' id='line_1_107' title="bbox 2000 3931 3665 4006; baseline -0.002 -18"><span class='ocrx_word' id='word_1_857' title='bbox 2000 3935 2206 4006; x_wconf 86' lang='grc' dir='ltr'>σφόδρα</span> <span class='ocrx_word' id='word_1_858' title='bbox 2235 3931 2375 4005; x_wconf 84' lang='grc' dir='ltr'>ὴσαν</span> <span class='ocrx_word' id='word_1_859' title='bbox 2418 3933 2729 4004; x_wconf 86' lang='grc' dir='ltr'>ἀγνώμονες</span> <span class='ocrx_word' id='word_1_860' title='bbox 2758 3974 2771 3997; x_wconf 92' lang='grc'>,</span> <span class='ocrx_word' id='word_1_861' title='bbox 2804 3933 3144 4003; x_wconf 81' lang='grc' dir='ltr'>καταπτῆξαι</span> <span class='ocrx_word' id='word_1_862' title='bbox 3192 3933 3326 4003; x_wconf 84' lang='grc' dir='ltr'>πρὸς</span> <span class='ocrx_word' id='word_1_863' title='bbox 3372 3934 3468 4001; x_wconf 83' lang='grc' dir='ltr'>τὴν</span> <span class='ocrx_word' id='word_1_864' title='bbox 3514 3932 3665 4003; x_wconf 85' lang='grc' dir='ltr'>διόρ-</span> 
     </span>
    </p>
   </div>
   <div class='ocr_carea' id='block_1_108' title="bbox 1999 4020 3664 4092">
    <p class='ocr_par' dir='ltr' id='par_1_108' title="bbox 1999 4020 3664 4092">
     <span class='ocr_line' id='line_1_108' title="bbox 1999 4020 3664 4092; baseline -0.004 -17"><span class='ocrx_word' id='word_1_865' title='bbox 1999 4023 2163 4075; x_wconf 91' lang='grc' dir='ltr'>θωσιν</span> <span class='ocrx_word' id='word_1_866' title='bbox 2220 4022 2329 4076; x_wconf 87' lang='grc' dir='ltr'>τῶν</span> <span class='ocrx_word' id='word_1_867' title='bbox 2368 4021 2763 4092; x_wconf 85' lang='grc' dir='ltr'>ἐπταισμένων.</span> <span class='ocrx_word' id='word_1_868' title='bbox 2816 4021 2974 4083; x_wconf 74' lang='grc' dir='ltr'>Εἰκὸς</span> <span class='ocrx_word' id='word_1_869' title='bbox 3011 4020 3118 4091; x_wconf 79' lang='grc' dir='ltr'>γὰρ</span> <span class='ocrx_word' id='word_1_870' title='bbox 3171 4021 3399 4073; x_wconf 75' lang='grc' dir='ltr'>ἕκαστον</span> <span class='ocrx_word' id='word_1_871' title='bbox 3456 4020 3664 4083; x_wconf 79' lang='grc' dir='ltr'>αὐτῶν,</span> 
     </span>
    </p>
   </div>
   <div class='ocr_carea' id='block_1_109' title="bbox 1997 4107 3668 4181">
    <p class='ocr_par' dir='ltr' id='par_1_109' title="bbox 1997 4107 3668 4181">
     <span class='ocr_line' id='line_1_109' title="bbox 1997 4107 3668 4181; baseline -0.002 -18"><span class='ocrx_word' id='word_1_872' title='bbox 1997 4110 2208 4181; x_wconf 82' lang='grc' dir='ltr'>ὁρῶντα</span> <span class='ocrx_word' id='word_1_873' title='bbox 2245 4109 2337 4163; x_wconf 84' lang='grc' dir='ltr'>τὸν</span> <span class='ocrx_word' id='word_1_874' title='bbox 2374 4110 2579 4163; x_wconf 88' lang='grc' dir='ltr'>δίκαιον</span> <span class='ocrx_word' id='word_1_875' title='bbox 2605 4109 3016 4179; x_wconf 88' lang='grc' dir='ltr'>τεκταινόμενον</span> <span class='ocrx_word' id='word_1_876' title='bbox 3044 4111 3140 4178; x_wconf 87' lang='grc' dir='ltr'>τὴν</span> <span class='ocrx_word' id='word_1_877' title='bbox 3170 4107 3418 4170; x_wconf 82' lang='grc' dir='ltr'>κιϐωτὸν,</span> <span class='ocrx_word' id='word_1_878' title='bbox 3444 4108 3546 4177; x_wconf 87' lang='grc' dir='ltr'>τὴν</span> <span class='ocrx_word' id='word_1_879' title='bbox 3581 4110 3668 4161; x_wconf 79' lang='grc' dir='ltr'>αξ-</span> 
     </span>
    </p>
   </div>
   <div class='ocr_carea' id='block_1_110' title="bbox 1998 4189 3667 4268">
    <p class='ocr_par' dir='ltr' id='par_1_110' title="bbox 1998 4189 3667 4268">
     <span class='ocr_line' id='line_1_110' title="bbox 1998 4189 3667 4268; baseline -0.004 -17"><span class='ocrx_word' id='word_1_880' title='bbox 1998 4198 2117 4251; x_wconf 86' lang='grc' dir='ltr'>τίαν</span> <span class='ocrx_word' id='word_1_881' title='bbox 2153 4196 2514 4252; x_wconf 84' lang='grc' dir='ltr'>πυνθάνεσθαι</span> <span class='ocrx_word' id='word_1_882' title='bbox 2564 4200 2661 4268; x_wconf 82' lang='grc' dir='ltr'>τῆς</span> <span class='ocrx_word' id='word_1_883' title='bbox 2699 4198 3043 4266; x_wconf 90' lang='grc' dir='ltr'>κατασκευῆς</span> <span class='ocrx_word' id='word_1_884' title='bbox 3068 4235 3081 4259; x_wconf 89' lang='grc'>,</span> <span class='ocrx_word' id='word_1_885' title='bbox 3116 4189 3233 4248; x_wconf 76' lang='grc' dir='ltr'>εἶτα</span> <span class='ocrx_word' id='word_1_886' title='bbox 3280 4194 3514 4264; x_wconf 88' lang='grc' dir='ltr'>μαθόντα</span> <span class='ocrx_word' id='word_1_887' title='bbox 3569 4193 3667 4246; x_wconf 86' lang='grc' dir='ltr'>τοῦ</span> 
     </span>
    </p>
   </div>
   <div class='ocr_carea' id='block_1_111' title="bbox 2000 4281 3667 4355">
    <p class='ocr_par' dir='ltr' id='par_1_111' title="bbox 2000 4281 3667 4355">
     <span class='ocr_line' id='line_1_111' title="bbox 2000 4281 3667 4355; baseline -0.002 -18"><span class='ocrx_word' id='word_1_888' title='bbox 2000 4284 2136 4338; x_wconf 92' lang='grc' dir='ltr'>Θεοῦ</span> <span class='ocrx_word' id='word_1_889' title='bbox 2167 4285 2265 4355; x_wconf 85' lang='grc' dir='ltr'>τὴν</span> <span class='ocrx_word' id='word_1_890' title='bbox 2299 4286 2690 4355; x_wconf 84' lang='grc' dir='ltr'>ἀγανάκτησιν,</span> <span class='ocrx_word' id='word_1_891' title='bbox 2721 4286 2801 4347; x_wconf 86' lang='grc' dir='ltr'>είς</span> <span class='ocrx_word' id='word_1_892' title='bbox 2831 4284 3080 4354; x_wconf 77' lang='grc' dir='ltr'>αἴσθησιν</span> <span class='ocrx_word' id='word_1_893' title='bbox 3110 4282 3280 4335; x_wconf 83' lang='grc' dir='ltr'>ἐλθεῖν</span> <span class='ocrx_word' id='word_1_894' title='bbox 3309 4282 3414 4334; x_wconf 87' lang='grc' dir='ltr'>τῶν</span> <span class='ocrx_word' id='word_1_895' title='bbox 3444 4281 3667 4334; x_wconf 79' lang='grc' dir='ltr'>οἰκείων</span> 
     </span>
    </p>
   </div>
   <div class='ocr_carea' id='block_1_112' title="bbox 2000 4369 3668 4444">
    <p class='ocr_par' dir='ltr' id='par_1_112' title="bbox 2000 4369 3668 4444">
     <span class='ocr_line' id='line_1_112' title="bbox 2000 4369 3668 4444; baseline -0.004 -16"><span class='ocrx_word' id='word_1_896' title='bbox 2000 4374 2412 4444; x_wconf 86' lang='grc' dir='ltr'>ἁμαρτημάτων</span> <span class='ocrx_word' id='word_1_897' title='bbox 2434 4413 2449 4437; x_wconf 94' lang='grc'>,</span> <span class='ocrx_word' id='word_1_898' title='bbox 2484 4374 2639 4442; x_wconf 79' lang='grc' dir='ltr'>εἴπερ</span> <span class='ocrx_word' id='word_1_899' title='bbox 2672 4371 2969 4424; x_wconf 86' lang='grc' dir='ltr'>ἐϐούλοντο.</span> <span class='ocrx_word' id='word_1_900' title='bbox 3014 4370 3149 4422; x_wconf 77' lang='grc' dir='ltr'>Ἀλλ’</span> <span class='ocrx_word' id='word_1_901' title='bbox 3185 4371 3378 4422; x_wconf 80' lang='grc' dir='ltr'>ἐκεῖνοι</span> <span class='ocrx_word' id='word_1_902' title='bbox 3412 4369 3533 4421; x_wconf 87' lang='grc' dir='ltr'>οὐδὲ</span> <span class='ocrx_word' id='word_1_903' title='bbox 3575 4371 3668 4422; x_wconf 80' lang='grc' dir='ltr'>ἐν·</span> 
     </span>
    </p>
   </div>
   <div class='ocr_carea' id='block_1_113' title="bbox 1998 4456 3668 4532">
    <p class='ocr_par' dir='ltr' id='par_1_113' title="bbox 1998 4456 3668 4532">
     <span class='ocr_line' id='line_1_113' title="bbox 1998 4456 3668 4532; baseline -0.004 -16"><span class='ocrx_word' id='word_1_904' title='bbox 1998 4461 2185 4516; x_wconf 85' lang='grc' dir='ltr'>τεῦθεν</span> <span class='ocrx_word' id='word_1_905' title='bbox 2242 4461 2535 4532; x_wconf 84' lang='grc' dir='ltr'>ἐκέρδανάν</span> <span class='ocrx_word' id='word_1_906' title='bbox 2581 4477 2633 4512; x_wconf 88' lang='grc' dir='ltr'>τι</span> <span class='ocrx_word' id='word_1_907' title='bbox 2687 4458 2871 4525; x_wconf 88' lang='grc' dir='ltr'>πλέον,</span> <span class='ocrx_word' id='word_1_908' title='bbox 2906 4459 3005 4510; x_wconf 81' lang='grc' dir='ltr'>οὐκ</span> <span class='ocrx_word' id='word_1_909' title='bbox 3041 4456 3225 4528; x_wconf 85' lang='grc' dir='ltr'>ἐπειδὴ</span> <span class='ocrx_word' id='word_1_910' title='bbox 3252 4458 3352 4510; x_wconf 89' lang='grc' dir='ltr'>οὐκ</span> <span class='ocrx_word' id='word_1_911' title='bbox 3380 4456 3668 4527; x_wconf 76' lang='grc' dir='ltr'>ἠδύναντο,</span> 
     </span>
    </p>
   </div>
   <div class='ocr_carea' id='block_1_114' title="bbox 1998 4546 2885 4618">
    <p class='ocr_par' dir='ltr' id='par_1_114' title="bbox 1998 4546 2885 4618">
     <span class='ocr_line' id='line_1_114' title="bbox 1998 4546 2885 4618; baseline -0.003 -17"><span class='ocrx_word' id='word_1_912' title='bbox 1998 4549 2112 4602; x_wconf 80' lang='grc' dir='ltr'>ἀλλ’</span> <span class='ocrx_word' id='word_1_913' title='bbox 2140 4548 2326 4618; x_wconf 83' lang='grc' dir='ltr'>ἐπειδὴ</span> <span class='ocrx_word' id='word_1_914' title='bbox 2359 4548 2457 4601; x_wconf 86' lang='grc' dir='ltr'>οὐκ</span> <span class='ocrx_word' id='word_1_915' title='bbox 2486 4546 2885 4617; x_wconf 76' lang='grc' dir='ltr'>ἠϐουλήθησαν.</span> 
     </span>
    </p>
   </div>
   <div class='ocr_carea' id='block_1_115' title="bbox 2068 4630 3669 4707">
    <p class='ocr_par' dir='ltr' id='par_1_115' title="bbox 2068 4630 3669 4707">
     <span class='ocr_line' id='line_1_115' title="bbox 2068 4630 3669 4707; baseline -0.003 -18"><span class='ocrx_word' id='word_1_916' title='bbox 2068 4637 2125 4690; x_wconf 81' lang='grc' dir='ltr'>δ’.</span> <span class='ocrx_word' id='word_1_917' title='bbox 2168 4635 2384 4707; x_wconf 86' lang='grc' dir='ltr'>Ἐπειδὴ</span> <span class='ocrx_word' id='word_1_918' title='bbox 2408 4637 2583 4688; x_wconf 90' lang='grc' dir='ltr'>τοίνυν</span> <span class='ocrx_word' id='word_1_919' title='bbox 2599 4635 2667 4687; x_wconf 82' lang='grc' dir='ltr'>τὰ</span> <span class='ocrx_word' id='word_1_920' title='bbox 2685 4632 2924 4705; x_wconf 72' lang='grc' dir='ltr'>περὶτῆς</span> <span class='ocrx_word' id='word_1_921' title='bbox 2947 4632 3287 4700; x_wconf 85' lang='grc' dir='ltr'>κατασκευῆς</span> <span class='ocrx_word' id='word_1_922' title='bbox 3312 4632 3405 4701; x_wconf 89' lang='grc' dir='ltr'>τῆς</span> <span class='ocrx_word' id='word_1_923' title='bbox 3428 4630 3669 4685; x_wconf 82' lang='grc' dir='ltr'>κιϐωτοῦ</span> 
     </span>
    </p>
   </div>
   <div class='ocr_carea' id='block_1_116' title="bbox 1998 4718 3672 4794">
    <p class='ocr_par' dir='ltr' id='par_1_116' title="bbox 1998 4718 3672 4794">
     <span class='ocr_line' id='line_1_116' title="bbox 1998 4718 3672 4794; baseline -0.004 -16"><span class='ocrx_word' id='word_1_924' title='bbox 1998 4724 2075 4794; x_wconf 85' lang='grc' dir='ltr'>τῷ</span> <span class='ocrx_word' id='word_1_925' title='bbox 2108 4725 2299 4793; x_wconf 84' lang='grc' dir='ltr'>δικαίῳ</span> <span class='ocrx_word' id='word_1_926' title='bbox 2326 4723 2607 4789; x_wconf 79' lang='grc' dir='ltr'>διετάξατο</span> <span class='ocrx_word' id='word_1_927' title='bbox 2626 4761 2640 4785; x_wconf 96' lang='grc'>,</span> <span class='ocrx_word' id='word_1_928' title='bbox 2675 4718 2945 4773; x_wconf 87' lang='grc' dir='ltr'>κοινοῦται</span> <span class='ocrx_word' id='word_1_929' title='bbox 2976 4719 3123 4789; x_wconf 78' lang='grc' dir='ltr'>αὐτῷ</span> <span class='ocrx_word' id='word_1_930' title='bbox 3149 4720 3241 4772; x_wconf 71' lang='grc' dir='ltr'>καὶ</span> <span class='ocrx_word' id='word_1_931' title='bbox 3264 4719 3359 4789; x_wconf 90' lang='grc' dir='ltr'>τῆς</span> <span class='ocrx_word' id='word_1_932' title='bbox 3391 4720 3672 4789; x_wconf 85' lang='grc' dir='ltr'>τιμωρίας</span> 
     </span>
    </p>
   </div>
   <div class='ocr_carea' id='block_1_117' title="bbox 1999 4805 3671 4882">
    <p class='ocr_par' dir='ltr' id='par_1_117' title="bbox 1999 4805 3671 4882">
     <span class='ocr_line' id='line_1_117' title="bbox 1999 4805 3671 4882; baseline -0.004 -17"><span class='ocrx_word' id='word_1_933' title='bbox 1999 4812 2058 4865; x_wconf 85' lang='grc' dir='ltr'>τὸ</span> <span class='ocrx_word' id='word_1_934' title='bbox 2080 4808 2236 4874; x_wconf 67' lang='grc' dir='ltr'>εῑδος,</span> <span class='ocrx_word' id='word_1_935' title='bbox 2274 4806 2340 4882; x_wconf 80' lang='grc' dir='ltr'>ἧς</span> <span class='ocrx_word' id='word_1_936' title='bbox 2368 4810 2599 4880; x_wconf 75' lang='grc' dir='ltr'>ἤμελλεν</span> <span class='ocrx_word' id='word_1_937' title='bbox 2628 4807 2876 4874; x_wconf 85' lang='grc' dir='ltr'>ἐπάγειν,</span> <span class='ocrx_word' id='word_1_938' title='bbox 2909 4806 3001 4859; x_wconf 92' lang='grc' dir='ltr'>καί</span> <span class='ocrx_word' id='word_1_939' title='bbox 3028 4822 3191 4874; x_wconf 84' lang='grc' dir='ltr'>φησι·</span> <span class='ocrx_word' id='word_1_940' title='bbox 3223 4806 3294 4857; x_wconf 72' lang='grc' dir='ltr'>Σὺ</span> <span class='ocrx_word' id='word_1_941' title='bbox 3337 4806 3433 4875; x_wconf 77' lang='grc' dir='ltr'>μὲν</span> <span class='ocrx_word' id='word_1_942' title='bbox 3456 4805 3671 4875; x_wconf 80' lang='grc' dir='ltr'>ταύτην</span> 
     </span>
    </p>
   </div>
   <div class='ocr_carea' id='block_1_118' title="bbox 1999 4893 3673 4964">
    <p class='ocr_par' dir='ltr' id='par_1_118' title="bbox 1999 4893 3673 4964">
     <span class='ocr_line' id='line_1_118' title="bbox 1999 4893 3673 4964; baseline -0.006 -10"><span class='ocrx_word' id='word_1_943' title='bbox 1999 4899 2408 4954; x_wconf 86' lang='grc' dir='ltr'>κατασκεύασον</span> <span class='ocrx_word' id='word_1_944' title='bbox 2457 4897 2597 4951; x_wconf 85' lang='grc' dir='ltr'>καθά</span> <span class='ocrx_word' id='word_1_945' title='bbox 2626 4895 2954 4964; x_wconf 81' lang='grc' dir='ltr'>διεταξάμην</span> <span class='ocrx_word' id='word_1_946' title='bbox 2979 4933 2993 4956; x_wconf 97' lang='grc'>,</span> <span class='ocrx_word' id='word_1_947' title='bbox 3023 4893 3131 4961; x_wconf 84' lang='grc' dir='ltr'>ἐγὼ</span> <span class='ocrx_word' id='word_1_948' title='bbox 3157 4893 3211 4946; x_wconf 85' lang='grc' dir='ltr'>δὲ</span> <span class='ocrx_word' id='word_1_949' title='bbox 3232 4934 3245 4956; x_wconf 93' lang='grc'>,</span> <span class='ocrx_word' id='word_1_950' title='bbox 3277 4893 3496 4945; x_wconf 86' lang='grc' dir='ltr'>ἐπειδὰν</span> <span class='ocrx_word' id='word_1_951' title='bbox 3526 4893 3673 4961; x_wconf 83' lang='grc' dir='ltr'>πλη-</span> 
     </span>
    </p>
   </div>
   <div class='ocr_carea' id='block_1_119' title="bbox 2000 4979 3675 5058">
    <p class='ocr_par' dir='ltr' id='par_1_119' title="bbox 2000 4979 3675 5058">
     <span class='ocr_line' id='line_1_119' title="bbox 2000 4979 3675 5058; baseline -0.004 -19"><span class='ocrx_word' id='word_1_952' title='bbox 2000 4986 2180 5058; x_wconf 78' lang='grc' dir='ltr'>ρώσῃς</span> <span class='ocrx_word' id='word_1_953' title='bbox 2233 4988 2329 5055; x_wconf 73' lang='grc' dir='ltr'>τὴν</span> <span class='ocrx_word' id='word_1_954' title='bbox 2367 4983 2709 5052; x_wconf 87' lang='grc' dir='ltr'>κατασκευὴν</span> <span class='ocrx_word' id='word_1_955' title='bbox 2739 5022 2753 5046; x_wconf 93' lang='grc'>,</span> <span class='ocrx_word' id='word_1_956' title='bbox 2796 4984 2890 5034; x_wconf 74' lang='grc' dir='ltr'>καὶ</span> <span class='ocrx_word' id='word_1_957' title='bbox 2921 4980 2989 5033; x_wconf 88' lang='grc' dir='ltr'>τά</span> <span class='ocrx_word' id='word_1_958' title='bbox 3018 4980 3157 5033; x_wconf 84' lang='grc' dir='ltr'>κατά</span> <span class='ocrx_word' id='word_1_959' title='bbox 3205 4979 3263 5031; x_wconf 89' lang='grc' dir='ltr'>σέ</span> <span class='ocrx_word' id='word_1_960' title='bbox 3308 4980 3364 5030; x_wconf 86' lang='grc' dir='ltr'>ἐν</span> <span class='ocrx_word' id='word_1_961' title='bbox 3395 4981 3675 5051; x_wconf 69' lang='grc' dir='ltr'>ἀσφαλείᾳ.</span> 
     </span>
    </p>
   </div>
   <div class='ocr_carea' id='block_1_120' title="bbox 1997 5068 3672 5145">
    <p class='ocr_par' dir='ltr' id='par_1_120' title="bbox 1997 5068 3672 5145">
     <span class='ocr_line' id='line_1_120' title="bbox 1997 5068 3672 5145; baseline -0.004 -18"><span class='ocrx_word' id='word_1_962' title='bbox 1997 5076 2345 5145; x_wconf 80' lang='grc' dir='ltr'>καταστήσω.</span> <span class='ocrx_word' id='word_1_963' title='bbox 2393 5071 2531 5142; x_wconf 81' lang='grc' dir='ltr'>Ἐγὼ</span> <span class='ocrx_word' id='word_1_964' title='bbox 2559 5071 2627 5124; x_wconf 82' lang='grc' dir='ltr'>δὲ</span> <span class='ocrx_word' id='word_1_965' title='bbox 2664 5070 2790 5123; x_wconf 84' lang='grc' dir='ltr'>ίδοὺ</span> <span class='ocrx_word' id='word_1_966' title='bbox 2833 5069 3030 5136; x_wconf 76' lang='grc' dir='ltr'>ἐπάγω</span> <span class='ocrx_word' id='word_1_967' title='bbox 3065 5068 3170 5121; x_wconf 75' lang='grc' dir='ltr'>τὸν</span> <span class='ocrx_word' id='word_1_968' title='bbox 3204 5068 3672 5137; x_wconf 75' lang='grc' dir='ltr'>κατακλυσμόν,</span> 
     </span>
    </p>
   </div>
   <div class='ocr_carea' id='block_1_121' title="bbox 1997 5153 3675 5230">
    <p class='ocr_par' dir='ltr' id='par_1_121' title="bbox 1997 5153 3675 5230">
     <span class='ocr_line' id='line_1_121' title="bbox 1997 5153 3675 5230; baseline -0.002 -17"><span class='ocrx_word' id='word_1_969' title='bbox 1997 5162 2153 5230; x_wconf 75' lang='grc' dir='ltr'>ὕδωρ</span> <span class='ocrx_word' id='word_1_970' title='bbox 2179 5162 2275 5215; x_wconf 77' lang='grc' dir='ltr'>ἐπὶ</span> <span class='ocrx_word' id='word_1_971' title='bbox 2325 5160 2437 5227; x_wconf 72' lang='grc' dir='ltr'>τὴν</span> <span class='ocrx_word' id='word_1_972' title='bbox 2469 5158 2587 5228; x_wconf 75' lang='grc' dir='ltr'>γῆν</span> <span class='ocrx_word' id='word_1_973' title='bbox 2616 5199 2629 5221; x_wconf 87' lang='grc'>,</span> <span class='ocrx_word' id='word_1_974' title='bbox 2663 5158 3042 5226; x_wconf 69' lang='grc' dir='ltr'>καταφθεῖραι</span> <span class='ocrx_word' id='word_1_975' title='bbox 3075 5154 3281 5209; x_wconf 80' lang='grc' dir='ltr'>πᾶσαν</span> <span class='ocrx_word' id='word_1_976' title='bbox 3326 5153 3527 5221; x_wconf 80' lang='grc' dir='ltr'>σάρκα</span> <span class='ocrx_word' id='word_1_977' title='bbox 3554 5198 3569 5220; x_wconf 93' lang='grc'>,</span> <span class='ocrx_word' id='word_1_978' title='bbox 3603 5158 3675 5209; x_wconf 81' lang='grc' dir='ltr'>ἐν</span> 
     </span>
    </p>
   </div>
   <div class='ocr_carea' id='block_1_122' title="bbox 1995 5242 3675 5322">
    <p class='ocr_par' dir='ltr' id='par_1_122' title="bbox 1995 5242 3675 5322">
     <span class='ocr_line' id='line_1_122' title="bbox 1995 5242 3675 5322; baseline -0.004 -18"><span class='ocrx_word' id='word_1_979' title='bbox 1995 5245 2033 5322; x_wconf 78' lang='grc' dir='ltr'><strong><em>ᾖ</em></strong></span> <span class='ocrx_word' id='word_1_980' title='bbox 2064 5251 2192 5303; x_wconf 86' lang='grc' dir='ltr'>ἐστι</span> <span class='ocrx_word' id='word_1_981' title='bbox 2217 5248 2449 5317; x_wconf 83' lang='grc' dir='ltr'>πνεῦμα</span> <span class='ocrx_word' id='word_1_982' title='bbox 2481 5245 2629 5314; x_wconf 78' lang='grc' dir='ltr'>ζωῆς</span> <span class='ocrx_word' id='word_1_983' title='bbox 2662 5244 2939 5300; x_wconf 78' lang='grc' dir='ltr'>ὑποκάτω</span> <span class='ocrx_word' id='word_1_984' title='bbox 2964 5243 3069 5297; x_wconf 87' lang='grc' dir='ltr'>τοῦ</span> <span class='ocrx_word' id='word_1_985' title='bbox 3105 5242 3383 5310; x_wconf 67' lang='grc' dir='ltr'>οὐρανοῦ,</span> <span class='ocrx_word' id='word_1_986' title='bbox 3412 5242 3513 5296; x_wconf 73' lang='grc' dir='ltr'>καὶ</span> <span class='ocrx_word' id='word_1_987' title='bbox 3550 5244 3675 5297; x_wconf 84' lang='grc' dir='ltr'>ὅσα</span> 
     </span>
    </p>
   </div>
   <div class='ocr_carea' id='block_1_123' title="bbox 1997 5326 3675 5407">
    <p class='ocr_par' dir='ltr' id='par_1_123' title="bbox 1997 5326 3675 5407">
     <span class='ocr_line' id='line_1_123' title="bbox 1997 5326 3675 5407; baseline -0.006 -18"><span class='ocrx_word' id='word_1_988' title='bbox 1997 5337 2072 5389; x_wconf 73' lang='grc' dir='ltr'>ἂν</span> <span class='ocrx_word' id='word_1_989' title='bbox 2098 5332 2139 5407; x_wconf 79' lang='grc' dir='ltr'><em>ᾖ</em></span> <span class='ocrx_word' id='word_1_990' title='bbox 2162 5336 2257 5388; x_wconf 73' lang='grc' dir='ltr'>ἐπὶ</span> <span class='ocrx_word' id='word_1_991' title='bbox 2286 5333 2394 5401; x_wconf 80' lang='grc' dir='ltr'>τῆς</span> <span class='ocrx_word' id='word_1_992' title='bbox 2436 5333 2547 5403; x_wconf 78' lang='grc' dir='ltr'>γῆς</span> <span class='ocrx_word' id='word_1_993' title='bbox 2586 5332 2951 5397; x_wconf 80' lang='grc' dir='ltr'>τελευτήσει.</span> <span class='ocrx_word' id='word_1_994' title='bbox 2979 5331 3121 5401; x_wconf 86' lang='grc' dir='ltr'>Ὅρα</span> <span class='ocrx_word' id='word_1_995' title='bbox 3160 5330 3275 5392; x_wconf 90' lang='grc' dir='ltr'>πῶς</span> <span class='ocrx_word' id='word_1_996' title='bbox 3323 5327 3413 5381; x_wconf 76' lang='grc' dir='ltr'>καὶ</span> <span class='ocrx_word' id='word_1_997' title='bbox 3446 5326 3539 5380; x_wconf 76' lang='grc' dir='ltr'>διὰ</span> <span class='ocrx_word' id='word_1_998' title='bbox 3570 5329 3675 5396; x_wconf 75' lang='grc' dir='ltr'>τῆς</span> 
     </span>
    </p>
   </div>
   <div class='ocr_carea' id='block_1_124' title="bbox 1940 5416 3671 5491">
    <p class='ocr_par' dir='ltr' id='par_1_124' title="bbox 1940 5416 3671 5491">
     <span class='ocr_line' id='line_1_124' title="bbox 1940 5416 3671 5491; baseline -0.005 -15"><span class='ocrx_word' id='word_1_999' title='bbox 1940 5452 1959 5476; x_wconf 78' lang='grc' dir='ltr'>ο</span> <span class='ocrx_word' id='word_1_1000' title='bbox 2006 5424 2223 5491; x_wconf 59' lang='grc' dir='ltr'>ἃπειλῆς</span> <span class='ocrx_word' id='word_1_1001' title='bbox 2251 5422 2487 5476; x_wconf 85' lang='grc' dir='ltr'>δείκνυσι</span> <span class='ocrx_word' id='word_1_1002' title='bbox 2535 5420 2639 5472; x_wconf 89' lang='grc' dir='ltr'>τῶν</span> <span class='ocrx_word' id='word_1_1003' title='bbox 2667 5418 3073 5489; x_wconf 82' lang='grc' dir='ltr'>ἡμαρτημένων</span> <span class='ocrx_word' id='word_1_1004' title='bbox 3102 5418 3283 5481; x_wconf 86' lang='grc' dir='ltr'>αὐτοῖς</span> <span class='ocrx_word' id='word_1_1005' title='bbox 3320 5416 3380 5469; x_wconf 85' lang='grc' dir='ltr'>τὸ</span> <span class='ocrx_word' id='word_1_1006' title='bbox 3406 5416 3671 5486; x_wconf 87' lang='grc' dir='ltr'>μέγεθος,</span> 
     </span>
    </p>
   </div>
   <div class='ocr_carea' id='block_1_125' title="bbox 1995 5504 3671 5581">
    <p class='ocr_par' dir='ltr' id='par_1_125' title="bbox 1995 5504 3671 5581">
     <span class='ocr_line' id='line_1_125' title="bbox 1995 5504 3671 5581; baseline -0.006 -16"><span class='ocrx_word' id='word_1_1007' title='bbox 1995 5513 2086 5565; x_wconf 85' lang='grc' dir='ltr'>καί</span> <span class='ocrx_word' id='word_1_1008' title='bbox 2125 5527 2289 5581; x_wconf 82' lang='grc' dir='ltr'>φησι·</span> <span class='ocrx_word' id='word_1_1009' title='bbox 2329 5508 2431 5565; x_wconf 72' lang='grc' dir='ltr'>Καὶ</span> <span class='ocrx_word' id='word_1_1010' title='bbox 2456 5510 2553 5580; x_wconf 84' lang='grc' dir='ltr'>τὴν</span> <span class='ocrx_word' id='word_1_1011' title='bbox 2586 5507 2752 5577; x_wconf 78' lang='grc' dir='ltr'>αὐτὴν</span> <span class='ocrx_word' id='word_1_1012' title='bbox 2781 5507 3049 5577; x_wconf 77' lang='grc' dir='ltr'>τιμωρίαν</span> <span class='ocrx_word' id='word_1_1013' title='bbox 3081 5504 3263 5571; x_wconf 78' lang='grc' dir='ltr'>ἐπάξω</span> <span class='ocrx_word' id='word_1_1014' title='bbox 3292 5504 3387 5557; x_wconf 75' lang='grc' dir='ltr'>καὶ</span> <span class='ocrx_word' id='word_1_1015' title='bbox 3430 5508 3548 5567; x_wconf 74' lang='grc' dir='ltr'>τοῖς</span> <span class='ocrx_word' id='word_1_1016' title='bbox 3578 5505 3671 5556; x_wconf 90' lang='grc' dir='ltr'>λο-</span> 
     </span>
    </p>
   </div>
   <div class='ocr_carea' id='block_1_126' title="bbox 1992 5591 3672 5671">
    <p class='ocr_par' dir='ltr' id='par_1_126' title="bbox 1992 5591 3672 5671">
     <span class='ocr_line' id='line_1_126' title="bbox 1992 5591 3672 5671; baseline -0.007 -18"><span class='ocrx_word' id='word_1_1017' title='bbox 1992 5602 2167 5671; x_wconf 84' lang='grc' dir='ltr'>γικοῖς</span> <span class='ocrx_word' id='word_1_1018' title='bbox 2190 5639 2203 5660; x_wconf 90' lang='grc'>,</span> <span class='ocrx_word' id='word_1_1019' title='bbox 2235 5598 2327 5652; x_wconf 65' lang='grc' dir='ltr'>καὶ</span> <span class='ocrx_word' id='word_1_1020' title='bbox 2359 5600 2469 5659; x_wconf 88' lang='grc' dir='ltr'>τοῖς</span> <span class='ocrx_word' id='word_1_1021' title='bbox 2501 5595 2732 5663; x_wconf 85' lang='grc' dir='ltr'>ἀλόγοις.</span> <span class='ocrx_word' id='word_1_1022' title='bbox 2780 5594 2998 5665; x_wconf 81' lang='grc' dir='ltr'>Ἐπειδὴ</span> <span class='ocrx_word' id='word_1_1023' title='bbox 3040 5593 3147 5663; x_wconf 78' lang='grc' dir='ltr'>γὰρ</span> <span class='ocrx_word' id='word_1_1024' title='bbox 3182 5594 3280 5663; x_wconf 80' lang='grc' dir='ltr'>τὴν</span> <span class='ocrx_word' id='word_1_1025' title='bbox 3315 5591 3495 5645; x_wconf 89' lang='grc' dir='ltr'>αὑτῶν</span> <span class='ocrx_word' id='word_1_1026' title='bbox 3530 5608 3672 5662; x_wconf 84' lang='grc' dir='ltr'>προ-</span> 
     </span>
    </p>
   </div>
   <div class='ocr_carea' id='block_1_127' title="bbox 1992 5679 3671 5758">
    <p class='ocr_par' dir='ltr' id='par_1_127' title="bbox 1992 5679 3671 5758">
     <span class='ocr_line' id='line_1_127' title="bbox 1992 5679 3671 5758; baseline -0.008 -17"><span class='ocrx_word' id='word_1_1027' title='bbox 1992 5688 2171 5758; x_wconf 86' lang='grc' dir='ltr'>εδρίαν</span> <span class='ocrx_word' id='word_1_1028' title='bbox 2193 5684 2579 5757; x_wconf 83' lang='grc' dir='ltr'>προδεδώκασι.</span> <span class='ocrx_word' id='word_1_1029' title='bbox 2606 5684 2698 5739; x_wconf 74' lang='grc' dir='ltr'>καὶ</span> <span class='ocrx_word' id='word_1_1030' title='bbox 2721 5684 2856 5753; x_wconf 88' lang='grc' dir='ltr'>πρὸς</span> <span class='ocrx_word' id='word_1_1031' title='bbox 2879 5682 2977 5755; x_wconf 89' lang='grc' dir='ltr'>τὴν</span> <span class='ocrx_word' id='word_1_1032' title='bbox 3003 5683 3109 5734; x_wconf 88' lang='grc' dir='ltr'>τῶν</span> <span class='ocrx_word' id='word_1_1033' title='bbox 3135 5680 3341 5747; x_wconf 85' lang='grc' dir='ltr'>ἀλόγων</span> <span class='ocrx_word' id='word_1_1034' title='bbox 3360 5679 3671 5748; x_wconf 83' lang='grc' dir='ltr'>μετέπεσον</span> 
     </span>
    </p>
   </div>
   <div class='ocr_carea' id='block_1_128' title="bbox 1997 5765 3671 5842">
    <p class='ocr_par' dir='ltr' id='par_1_128' title="bbox 1997 5765 3671 5842">
     <span class='ocr_line' id='line_1_128' title="bbox 1997 5765 3671 5842; baseline -0.007 -15"><span class='ocrx_word' id='word_1_1035' title='bbox 1997 5775 2208 5838; x_wconf 84' lang='grc' dir='ltr'>κακίαν,</span> <span class='ocrx_word' id='word_1_1036' title='bbox 2239 5772 2492 5842; x_wconf 83' lang='grc' dir='ltr'>οὐδεμίαν</span> <span class='ocrx_word' id='word_1_1037' title='bbox 2518 5769 2779 5841; x_wconf 80' lang='grc' dir='ltr'>διαφορὰν</span> <span class='ocrx_word' id='word_1_1038' title='bbox 2803 5770 2911 5834; x_wconf 73' lang='grc' dir='ltr'>ἕξει</span> <span class='ocrx_word' id='word_1_1039' title='bbox 2943 5771 2974 5839; x_wconf 83' lang='grc' dir='ltr'>ἡ</span> <span class='ocrx_word' id='word_1_1040' title='bbox 3009 5768 3262 5839; x_wconf 84' lang='grc' dir='ltr'>τιμωρία.</span> <span class='ocrx_word' id='word_1_1041' title='bbox 3298 5767 3533 5835; x_wconf 76' lang='grc' dir='ltr'>Ἐπάγω</span> <span class='ocrx_word' id='word_1_1042' title='bbox 3559 5765 3671 5835; x_wconf 68' lang='grc' dir='ltr'>γὰρ</span> 
     </span>
    </p>
   </div>
   <div class='ocr_carea' id='block_1_129' title="bbox 2058 5930 3515 6003">
    <p class='ocr_par' dir='ltr' id='par_1_129' title="bbox 2058 5930 3515 6003">
     <span class='ocr_line' id='line_1_129' title="bbox 2058 5930 3515 6003; baseline -0.008 -8"><span class='ocrx_word' id='word_1_1043' title='bbox 2058 5945 2071 5965; x_wconf 64' lang='grc' dir='ltr'><em>δ</em></span> <span class='ocrx_word' id='word_1_1044' title='bbox 2096 5946 2171 5995; x_wconf 67' lang='lat' dir='ltr'>Sic</span> <span class='ocrx_word' id='word_1_1045' title='bbox 2199 5942 2343 5994; x_wconf 70' lang='lat' dir='ltr'>Savil.</span> <span class='ocrx_word' id='word_1_1046' title='bbox 2376 5943 2427 5991; x_wconf 79' lang='lat' dir='ltr'><strong><em>el</em></strong></span> <span class='ocrx_word' id='word_1_1047' title='bbox 2459 5938 2652 6003; x_wconf 80' lang='lat' dir='ltr'>quidam</span> <span class='ocrx_word' id='word_1_1048' title='bbox 2673 5950 2785 5986; x_wconf 79' lang='lat' dir='ltr'>mss.</span> <span class='ocrx_word' id='word_1_1049' title='bbox 2825 5936 2991 5988; x_wconf 75' lang='lat' dir='ltr'>Morel.</span> <span class='ocrx_word' id='word_1_1050' title='bbox 3033 5941 3083 5987; x_wconf 86' lang='lat' dir='ltr'><strong><em>el</em></strong></span> <span class='ocrx_word' id='word_1_1051' title='bbox 3109 5936 3192 5985; x_wconf 80' lang='lat' dir='ltr'><strong>alii</strong></span> <span class='ocrx_word' id='word_1_1052' title='bbox 3211 5934 3362 5985; x_wconf 76' lang='grc' dir='ltr'>πάντα</span> <span class='ocrx_word' id='word_1_1053' title='bbox 3385 5930 3515 5983; x_wconf 81' lang='grc' dir='ltr'>νοῦν.</span> 
     </span>
    </p>
   </div>
  </div>
