3804 6244
242 237 352 293 209

242 350 537 421 Scriptura:
582 360 683 417 est,
714 356 771 405 ut
811 363 955 421 saepe
982 349 1186 406 caritati
1220 359 1410 408 vestrae
1434 352 1565 419 dixi,
1604 353 1836 408 carnalia

241 444 541 512 sapientes,
572 453 625 497 et
656 442 785 496 nihil
825 442 1051 499 sublime
1077 444 1390 513 cogitantes,
1419 446 1594 500 carnis
1622 446 1837 500 nomine

240 533 539 603 appellare,
573 534 712 589 sicut
753 542 808 588 et
848 534 1036 588 beatus
1060 533 1256 589 Paulus
1297 534 1465 605 inquit
1496 552 1511 589 :
1550 536 1647 602 Qui
1671 547 1834 591 autem

238 625 293 677 in
341 642 494 679 carne
521 635 656 691 sunt,
689 624 796 679 Deo
840 626 1037 696 placere
1081 642 1181 679 non
1224 637 1433 696 possunt
1471 628 1643 695 (Rom.
1672 628 1723 682 8.
1754 626 1832 700 8).

234 714 384 783 Quid
412 717 608 787 igitur?
647 733 751 771 non
778 717 871 771 luit
899 717 950 771 in
980 732 1140 772 carne
1161 726 1217 772 et
1246 718 1290 772 is
1314 719 1405 789 qui
1447 720 1561 775 haec
1586 720 1835 775 dicebat?

237 806 359 863 Non
393 809 495 863 hoc
540 808 693 875 dixit,
725 808 865 880 quod
910 809 998 879 qui
1044 823 1206 865 carne
1246 809 1557 866 circumdati
1595 810 1699 865 sint
1726 811 1835 866 Deo

238 900 456 970 placere
502 915 607 955 non
636 901 861 971 possint,
906 900 999 956 sed
1028 900 1098 956 de
1140 901 1205 957 iis
1235 901 1469 972 loquitur
1515 904 1606 974 qui
1635 904 1835 960 nullam

235 993 454 1047 virtutis
482 993 739 1047 rationem
772 992 992 1059 habent,
1025 1002 1081 1048 et
1109 992 1240 1048 nihil
1263 994 1364 1049 nisi
1389 995 1600 1050 carnale
1626 997 1837 1067 sapien-

237 1094 351 1147 tes,
383 1083 562 1139 carnis
618 1084 916 1153 voluptates
961 1092 1252 1151 sectantur,
1299 1085 1599 1156 nullamque
1643 1087 1834 1142 animae

237 1174 575 1245 incorporea:
603 1184 659 1229 et
702 1175 991 1245 spiritualis
1030 1191 1215 1231 curam
1253 1188 1461 1247 gerunt.
1502 1178 1683 1249 Itaque
1711 1180 1831 1249 quia

236 1264 401 1321 dictis
446 1266 561 1322 istis
601 1265 777 1321 divina
820 1265 1092 1337 Scriptura
1133 1267 1311 1324 docuit
1350 1284 1448 1324 nos
1496 1279 1832 1339 peccatorum

237 1357 659 1424 multitudinem,
686 1357 903 1413 malitia:
924 1373 1225 1423 excessum,
1245 1359 1620 1429 indignationis
1640 1360 1831 1416 divinae

236 1450 687 1521 magnitudinem,
715 1460 771 1505 et
795 1450 935 1521 quod
962 1450 1031 1505 ob
1059 1450 1291 1506 studium
1324 1452 1581 1507 malorum
1610 1469 1829 1523 operum

233 1543 409 1597 semel
438 1551 598 1612 atque
628 1542 819 1597 iterum
862 1556 927 1597 ac
974 1544 1133 1598 tertio
1183 1552 1379 1599 terram
1431 1559 1523 1600 eos
1566 1546 1657 1615 qui
1707 1555 1832 1602 tunc

237 1632 494 1688 vivebant
540 1633 926 1701 nominaverit,
980 1633 1261 1709 carnisque
1300 1635 1518 1691 nomine
1564 1638 1831 1691 vocaverit

222 1712 498 1794 VSpoliatos
544 1724 842 1779 communis
885 1736 1088 1779 natura:
1130 1723 1384 1780 vocabulo
1415 1743 1427 1778 :
1462 1741 1600 1781 nunc
1631 1742 1725 1795 per
1767 1743 1829 1782 ea

232 1831 359 1887 qua:
385 1815 591 1883 subdit,
621 1815 940 1872 ineffabilem
990 1817 1080 1872 Dei
1108 1817 1547 1883 misericordiam,
1575 1830 1630 1873 et
1659 1820 1831 1875 indul-

232 1906 433 1977 gentia:
460 1906 575 1975 ejus
605 1906 1023 1975 magnitudinem
1050 1907 1282 1963 ostendit
1307 1908 1478 1964 nobis.
1508 1910 1643 1977 Quid
1686 1911 1829 1967 enim

233 1998 357 2053 ait?
387 1997 457 2052 Et
484 1998 612 2052 dixit
640 1998 881 2052 Dominus
909 1999 977 2051 ad
1021 1998 1152 2053 Noe.

309 2090 366 2145 3.
399 2089 533 2143 Vide
557 2104 817 2143 summam
847 2089 1158 2146 bonitatem.
1201 2090 1471 2162 Siquidem
1495 2093 1640 2163 justo
1666 2094 1788 2150 huic
1811 2136 1827 2161 ,

235 2181 379 2237 sicut
408 2179 614 2234 amicus
640 2179 832 2244 amico,
874 2182 1230 2235 communicat
1256 2198 1373 2237 eam
1415 2198 1627 2252 poenam
1668 2200 1827 2255 quam

237 2271 475 2325 humano
500 2270 683 2339 generi
710 2279 790 2324 cst
814 2270 1185 2339 intentaturus,
1216 2281 1271 2327 et
1298 2273 1461 2328 dicit:
1493 2274 1578 2329 15.
1610 2274 1829 2346 Tempus

237 2362 406 2415 omnis
434 2361 651 2414 hominis
681 2362 809 2414 venit
845 2378 1014 2415 coram
1052 2379 1150 2417 me.
1182 2363 1315 2430 Quia
1339 2365 1546 2434 impleta
1586 2376 1657 2420 est
1697 2376 1829 2421 terra

235 2454 491 2523 injustitia
530 2469 593 2507 ex
615 2454 735 2508 illis.
772 2453 836 2507 Et
881 2471 991 2509 ecce
1017 2472 1107 2525 ego
1132 2457 1368 2525 disperde
1396 2458 1511 2514 illos
1550 2469 1594 2513 et
1612 2470 1823 2513 terram.

235 2543 377 2611 Quid
406 2553 487 2598 est
511 2585 525 2609 ,
553 2542 773 2615 Tempus
798 2546 961 2600 omnis
983 2547 1198 2599 hominis
1224 2550 1353 2602 venit
1379 2565 1549 2603 coram
1575 2567 1652 2605 me
1670 2552 1696 2605 ?
1723 2552 1829 2605 Ma.

234 2654 422 2707 gnam,
458 2637 649 2707 inquit,
689 2638 894 2692 ostendi
947 2640 1271 2707 patientiam,
1305 2656 1549 2712 magnam
1596 2644 1826 2699 toleran-

237 2731 388 2795 tiam,
442 2729 629 2784 nolens
677 2728 816 2784 lianc
864 2729 1061 2789 inferre
1108 2746 1340 2801 poenam,
1385 2750 1541 2804 quam
1586 2736 1828 2792 illaturus

235 2836 360 2877 sum
392 2838 406 2873 :
437 2820 532 2874 sed
560 2820 681 2889 quia
717 2820 998 2877 immodica
1029 2833 1367 2892 peccatorum
1412 2827 1618 2882 illorum
1649 2830 1829 2884 multi—

237 2910 369 2966 tudo
395 2910 447 2964 in
477 2911 578 2965 hoc
625 2919 832 2980 tempus
860 2928 953 2966 eos
982 2912 1221 2980 adduxit,
1272 2916 1428 2970 linem
1460 2916 1525 2972 iis
1553 2919 1828 2989 imponere

234 3010 484 3073 Oportet,
533 3001 876 3072 cxscindique
914 3003 1126 3058 illorum
1177 3006 1454 3075 malitiam,
1495 3024 1562 3064 ne
1604 3010 1828 3067 ulterius

236 3090 896 3165 progrediaturzTempus
947 3095 1131 3161 enim,
1180 3096 1369 3166 inquit,
1413 3100 1575 3153 omnis
1614 3101 1828 3157 hominis

237 3187 374 3242 venit
396 3202 565 3240 coram
607 3201 683 3239 me
725 3183 872 3257 (Gen.
901 3185 955 3241 6.
1001 3184 1077 3258 5).
1109 3187 1241 3243 Vide
1269 3197 1323 3244 et
1346 3188 1453 3258 hic,
1480 3192 1747 3261 quomodo
1774 3202 1828 3248 ut

235 3278 488 3347 superius
530 3276 760 3343 diccbat,
793 3275 1143 3348 Unusquisque
1190 3280 1399 3351 cogitat,
1446 3282 1519 3336 ita
1548 3292 1601 3338 et
1645 3300 1824 3353 nunc,

238 3368 423 3422 Omnis
443 3369 680 3424 hominis.
707 3368 905 3428 Omnes
929 3370 1072 3424 enim
1102 3374 1460 3439 consentiunt,
1486 3374 1552 3430 ad
1576 3376 1826 3447 iniquita-

236 3470 348 3514 tem
375 3460 794 3530 transl‘ugerunl,
824 3460 1011 3530 inquit,
1039 3470 1092 3517 et
1118 3462 1169 3516 in
1197 3472 1335 3519 tanta
1358 3465 1693 3522 multitudine
1722 3484 1825 3522 non

236 3553 465 3607 inveniri
510 3562 685 3622 potest
724 3554 947 3624 aliquis,
979 3556 1063 3610 cui
1093 3556 1302 3612 virtutis
1330 3558 1400 3613 sit
1428 3574 1573 3615 cura.
1612 3560 1828 3631 Tempus

235 3650 404 3709 enim,
435 3647 623 3716 inquit,
656 3648 818 3701 omnis
854 3648 1071 3703 hominis
1098 3650 1226 3703 venit
1265 3667 1435 3705 coram
1462 3669 1559 3706 me.
1590 3652 1824 3725 Tempus,

237 3737 345 3792 hoc
363 3746 467 3804 est,
496 3737 711 3793 advenit
737 3747 942 3809 tempus
965 3755 1070 3810 quo
1097 3742 1381 3797 secandum
1411 3744 1531 3811 erit,
1561 3753 1615 3799 et
1638 3746 1829 3802 ulceris

236 3831 481 3901 repentis
504 3831 583 3885 vis
606 3831 1012 3902 compescenda.
1033 3832 1250 3903 Tempus
1273 3835 1433 3889 omnis
1460 3836 1675 3891 hominis
1700 3839 1831 3893 venit

236 3939 416 3977 coram
445 3939 523 3976 me
551 3937 570 3976 :
598 3923 746 3993 quasi
776 3938 934 3978 nemo
963 3923 1185 3991 videret,
1215 3926 1580 3997 rationemque
1605 3927 1828 3984 delicto-

240 4029 363 4069 rum
394 4013 462 4067 ab
486 4012 617 4082 ipsis
642 4021 928 4067 exacturus
954 4022 1118 4081 esset,
1148 4015 1225 4069 sic
1250 4030 1369 4072 sese
1396 4016 1550 4071 malis
1582 4020 1830 4088 operibus

238 4106 653 4177 manciparnnt,
699 4121 805 4162 non
852 4108 1144 4177 cogitantes
1184 4109 1326 4179 quod
1364 4126 1449 4166 me
1489 4111 1621 4168 nihil
1665 4113 1831 4169 latere

241 4206 427 4270 queat,
472 4198 561 4267 qui
588 4198 749 4252 vitam
793 4198 1128 4270 animamque
1170 4208 1224 4255 et
1250 4215 1442 4271 corpus
1469 4202 1610 4267 dedi.
1653 4213 1832 4274 totque

241 4292 384 4347 bona
414 4290 763 4360 suppeditavi.
796 4289 1016 4361 Tempus
1060 4292 1218 4363 igitur
1251 4295 1411 4349 omnis
1452 4296 1667 4350 hominis
1703 4299 1834 4352 venit

242 4398 415 4436 coram
443 4398 541 4435 me.
578 4382 709 4437 Dein
733 4382 882 4452 quasi
912 4382 1297 4450 satisfacturus,
1325 4386 1690 4457 rationemque
1714 4390 1836 4444 red-

242 4475 458 4529 diturus
489 4473 657 4543 justo,
699 4474 967 4545 quomodo
1010 4476 1171 4530 Limia
1220 4484 1554 4547 peccatorum
1581 4481 1836 4551 gravitate

242 4583 313 4622 ac
340 4566 681 4622 multitudine
724 4582 784 4623 se
813 4567 879 4622 ad
909 4576 1105 4623 tantam
1134 4568 1544 4638 indignationem
1577 4588 1835 4642 provoca-

244 4662 377 4727 riut,
405 4661 478 4714 ait
509 4678 522 4715 :
557 4659 689 4727 Quia
711 4660 921 4731 impleta
946 4671 1017 4716 cst
1042 4672 1174 4716 terra
1197 4664 1442 4734 injustitia
1470 4681 1532 4719 ea:
1551 4665 1670 4720 illis.
1699 4666 1835 4724 Num

244 4752 664 4823 pratermissum
692 4761 774 4807 est
792 4752 1011 4822 aliquid,
1036 4753 1225 4823 inquit,
1250 4754 1316 4807 ab
1338 4756 1435 4818 eis,
1460 4755 1600 4824 quod
1625 4756 1689 4810 ad
1712 4772 1838 4827 pec-

244 4854 425 4900 catum
454 4843 731 4899 tenderet?
752 4844 974 4899 Tantam
993 4845 1208 4899 malitiae
1228 4847 1639 4916 magnitudinem
1657 4850 1838 4906 videre

248 4936 398 5001 licet,
426 4943 561 4990 utet
586 4936 927 5005 superellluat
966 4946 1020 4991 et
1047 4937 1299 5005 exundet,
1330 4948 1600 5011 totamque
1644 4952 1837 4999 terram

248 5028 471 5097 impleat
496 5042 508 5078 :
535 5033 810 5095 propterea
833 5035 886 5081 et
909 5027 1026 5081 illos
1050 5027 1319 5097 disperde,
1346 5038 1402 5085 et
1426 5038 1619 5085 terram
1646 5032 1835 5102 ipsam.

251 5121 408 5186 Ecce,
436 5121 627 5189 inquit,
659 5135 748 5189 ego
772 5120 1010 5189 disperde
1037 5120 1154 5175 illos
1177 5130 1224 5175 et
1251 5130 1454 5176 terram.
1485 5122 1597 5191 Qua
1636 5126 1840 5194 priores

249 5212 354 5282 ipsi
386 5210 540 5266 malis
568 5208 679 5264 suis
704 5211 953 5279 operibus
978 5211 1183 5281 seipsos
1211 5222 1568 5283 corruperunt
1596 5233 1609 5270 :
1641 5215 1840 5273 idcirco

247 5300 556 5373 generalem
604 5299 874 5355 interitum
926 5300 1191 5365 inducam,
1235 5302 1527 5374 dclehoque
1562 5304 1705 5375 ipsos
1745 5321 1840 5376 pa-

246 5394 385 5448 riter
412 5401 572 5460 atque
597 5400 812 5457 terram,
835 5401 893 5446 ut
916 5392 1280 5462 purgationem
1311 5394 1532 5464 accipiat
1554 5404 1712 5465 terra,
1738 5406 1791 5452 et
1810 5411 1840 5451 a

248 5493 327 5540 tot
358 5494 697 5553 peccatorum
745 5483 965 5540 maculis
1001 5485 1339 5541 emundetur.
1385 5483 1589 5557 Cogita,
1617 5503 1799 5558 quieso
1823 5530 1838 5555 ,

249 5575 397 5645 quali
432 5582 562 5628 tunc
588 5571 754 5651 fuisse
795 5574 974 5628 animo
997 5574 1195 5644 justum
1228 5576 1385 5630 istum
1429 5576 1712 5632 verisimile
1738 5588 1836 5641 est,

243 5672 379 5720 cum
403 5663 520 5721 lucc
544 5678 573 5718 a
605 5665 826 5721 Domino
864 5665 1101 5720 audiret?
1129 5665 1261 5722 Nam
1306 5666 1426 5723 licet
1453 5668 1631 5724 multa:
1673 5670 1837 5724 virtu-

1353 238 1421 295 IN
1456 238 1609 296 CAP.
1651 237 1740 294 Vl.
1780 239 2027 299 GENESt
2069 243 2300 301 HOMIL.
2340 246 2533 306 XXIV.

3428 271 3532 325 2m

1953 356 2019 457 tis
2048 358 2146 413 sibi
2175 360 2418 418 conscius
2443 372 2616 431 esset,
2650 381 2753 422 non
2774 380 2953 427 tamen
2984 372 3395 445 absquedolore
3416 404 3531 457 quat

1939 446 2246 506 dicebantur
2282 457 2504 524 accepit.
2552 457 2633 513 Ad
2658 459 2994 521 dilectionem
3038 473 3179 524 enim
3209 446 3532 545 propensum

1938 548 2034 591 est.
2063 543 2324 639 iustorum
2352 561 2519 615 genus
2539 588 2554 614 ,
2582 560 2636 604 et
2662 567 2756 621 pro
2780 552 3004 612 aliorum
3042 543 3356 634 saluteijusti
3381 585 3531 639 qua:-

1938 644 2041 726 que
2063 629 2288 687 libenter
2333 637 2547 693 ferenda
2574 643 2928 713 susciperent.
2978 649 3095 716 Quo
3159 629 3315 726 igitur
3340 629 3531 717 allecti:

1939 716 2102 775 fuisse
2142 724 2430 783 verisimile
2474 740 2556 785 est
2588 735 2844 792 eximium
2889 741 3034 795 illum
3077 716 3246 800 virdm
3272 791 3286 814 ,
3336 756 3529 808 cumin

1957 825 2133 912 mente
2159 830 2254 869 sua
2280 820 2514 876 omnium
2542 823 2810 883 interitum
2854 840 2908 886 et
2942 835 3101 891 tutius
3126 847 3330 896 natura:
3351 848 3523 912 perni-

1937 902 2072 959 ciem
2117 918 2382 976 versaret,
2429 920 2483 966 et
2521 913 2757 971 fortassis
2797 936 2894 976 nec
2941 924 3042 978 sibi
3095 926 3193 996 ipsi
3237 902 3527 999 jucundum

1936 995 2202 1065 quidpiam
2231 999 2605 1068 polliceretur?
2626 1007 2866 1064 Nondum
2897 1016 3036 1068 enim
3063 995 3311 1085 quiddam
3340 1024 3406 1077 de
3430 1026 3497 1080 ha
3522 1044 3550 1080 c

1935 1102 1993 1142 re
2014 1101 2339 1160 compertum
2363 1094 2613 1153 habebat.
2627 1098 2671 1154 U
2678 1112 2688 1153 ι
2706 1100 2862 1171 igitur
2882 1115 3059 1161 mente
3075 1124 3178 1163 non
3207 1113 3528 1181 turbaretur,

1935 1181 2027 1235 sed
2052 1197 2264 1251 parvam
2287 1186 2569 1255 quamdam
2594 1194 3006 1251 consolationem
3030 1198 3079 1253 in
3108 1209 3249 1256 tanta
3283 1209 3529 1262 maeroris

1934 1274 2294 1342 magnitudine
2334 1279 2578 1348 accipere
2623 1293 2837 1351 posset,
2880 1299 3155 1359 postquam
3203 1292 3527 1359 docuit’eum

1933 1364 2147 1419 malitite
2177 1366 2383 1422 illorum
2410 1372 2738 1440 gravitatem,
2760 1391 2824 1431 ac
2853 1386 3058 1449 tempus
3095 1399 3306 1452 urgere.
3332 1397 3388 1442 ut
3406 1405 3525 1458 pro-

1933 1453 2094 1510 funda
2126 1457 2198 1512 illi
2241 1461 2477 1518 sectione
2503 1462 2831 1536 incidantur,
2858 1470 2985 1526 dicit
3022 1473 3071 1529 ei
3105 1492 3119 1528 :
3148 1475 3271 1534 lllos
3313 1453 3526 1549 quidem

1933 1550 2229 1603 communis
2258 1553 2518 1619 pernicies
2538 1556 2763 1626 excipiet
2794 1578 2807 1614 :
2837 1563 2923 1617 l4.
2951 1563 3026 1619 Tu
3063 1583 3177 1623 vero
3201 1569 3285 1639 [ac
3305 1573 3391 1627 tibi
3428 1573 3532 1643 ipsi

1932 1654 2122 1692 arcam.
2150 1640 2283 1708 Quid
2322 1653 2422 1710 est,
2452 1644 2525 1698 Tu
2547 1651 2848 1718 vero?Quia
2872 1670 2974 1709 non
3001 1662 3400 1717 communicasti
3428 1640 3525 1720 eo-

1931 1743 2048 1782 rum
2065 1732 2333 1799 nequitiae,
2356 1734 2447 1788 sed
2464 1751 2674 1792 omnem
2699 1740 2753 1794 in
2765 1743 3043 1802 virtutibus
3063 1749 3222 1803 vitam
3243 1753 3488 1825 peregisti
3502 1783 3527 1793 -

1933 1819 2051 1875 ideo
2097 1821 2187 1875 tibi
2228 1823 2464 1893 impero,
2490 1837 2546 1881 ut
2587 1839 2828 1887 exstruas
2867 1851 3043 1891 aream
3093 1838 3174 1894 Ea:
3208 1819 3522 1915 liguiquua-

1931 1912 2089 1966 ιιι-(διεδ
2134 1914 2455 1986 incorruptis.
2502 1918 2888 1980 Mansiunculas
2920 1943 3008 1997 per
3059 1912 3259 1984 arcami
3272 1912 3451 2003 facies,
3478 1945 3524 1991 et

1932 2002 2204 2073 glutinabis
2245 2007 2542 2064 intrinsecus
2592 2021 2639 2065 et
2676 2014 2980 2073 extrinsecus
3022 2036 3133 2075 eam
3167 2002 3519 2084 bitumineJS.

1933 2096 2015 2151 Sit
2034 2107 2200 2151 autem
2224 2108 2555 2157 trecentorum
2577 2106 2854 2162 cubitorum
2877 2110 3137 2181 longitudo
3156 2154 3172 2180 ,
3208 2126 3255 2170 et
3274 2119 3522 2188 quinqua-

1931 2188 2071 2257 ginta
2108 2190 2322 2245 latitudo
2341 2232 2355 2258 ,
2384 2203 2429 2247 et
2458 2196 2662 2266 triginta
2685 2199 2964 2255 cubitorum
2990 2205 3224 2260 altitudo.
3258 2210 3342 2265 16.
3362 2210 3524 2265 Colli-

1931 2297 2052 2350 gens
2087 2282 2239 2351 [acies
2263 2296 2453 2351 arcam,
2470 2296 2515 2341 et
2534 2290 2585 2341 in
2618 2292 2836 2346 cubitum
2862 2300 3227 2354 consummabis
3247 2303 3357 2372 ejus
3374 2318 3515 2359 sum-

1933 2373 2195 2441 mitatem;
2222 2378 2437 2447 januam
2456 2391 2620 2435 autem
2642 2383 2797 2452 facits
2832 2403 2863 2440 a
2888 2389 3040 2443 latere
3061 2432 3075 2458 ,
3106 2392 3348 2449 cubiculis
3372 2395 3523 2450 Vbicu-

1931 2467 2151 2531 meratis,
2187 2477 2232 2520 et
2269 2471 2596 2527 tricameratis
2638 2478 2792 2543 facies
2838 2495 2967 2533 eam.
3012 2481 3298 2539 Considera
3350 2486 3522 2542 indul-

1929 2558 2162 2626 gentiam
2194 2560 2284 2615 Dci
2305 2604 2318 2628 ,
2349 2572 2403 2618 et
2449 2563 2768 2621 ineli'abilem
2808 2570 3054 2627 virtutem
3081 2575 3525 2631 misericordiam-

1930 2664 2034 2718 que
2062 2664 2273 2705 omnem
2302 2652 2555 2708 rationem
2585 2659 3064 2715 transcendentem.
3094 2662 3260 2719 Simul
3288 2666 3522 2722 declarat

1930 2750 1984 2795 et
2013 2756 2161 2795 suam
2201 2758 2324 2813 erga
2349 2744 2548 2813 justum
2570 2750 2979 2817 providentiam,
3010 2762 3067 2807 ut
3094 2754 3311 2811 fabricet
3344 2774 3521 2813 arcam

1931 2831 2003 2885 illi
2032 2832 2296 2903 imperans
2327 2851 2343 2889 :
2376 2836 2733 2907 ordinansiue
2778 2842 2986 2897 interim
3029 2845 3315 2901 modumin
3360 2865 3521 2919 quem

1930 2926 2281 2980 construenda
2303 2967 2316 2989 ,
2338 2945 2528 2997 nempe
2558 2932 2607 2984 in
2637 2948 2794 3000 quam
2840 2935 3253 3005 longitudinem,
3286 2941 3522 2998 la:itudi-

1930 3028 2052 3068 nem
2092 3023 2145 3067 et
2171 3016 2580 3087 submnitatem,
2609 3031 2662 3075 et
2687 3024 2968 3079 max-imam
3008 3027 3058 3081 ei
3103 3030 3539 3088 consolationem

1929 3104 2083 3160 all‘ert
2098 3147 2111 3171 ,
2130 3121 2276 3175 spem
2289 3108 2474 3166 salutis
2488 3125 2587 3180 per
2601 3127 2736 3166 arca:
2752 3117 3194 3172 constructionem
3214 3122 3519 3186 ostendens.

1931 3194 2051 3250 illos
2077 3211 2284 3266 quoque
2309 3199 2396 3268 qui
2426 3208 2529 3253 tam
2547 3203 2777 3270 graviter
2809 3208 3145 3273 peccaverint
3182 3209 3523 3269 fabricatione

1929 3301 2067 3342 arcae
2105 3288 2376 3345 admoneri
2427 3292 2645 3359 volens,
2677 3303 2733 3349 ut
2770 3311 2951 3351 secum
2992 3301 3281 3370 cogitarent
3308 3320 3423 3373 quae
3450 3306 3524 3361 le-

1930 3379 2162 3444 cissent,
2204 3382 2670 3455 resipiscendoque
2711 3387 3124 3459 indignationem
3164 3408 3268 3448 non
3305 3399 3521 3466 experi-

1930 3479 2132 3526 rentur.
2162 3471 2511 3542 Neque‘enim
2536 3490 2751 3545 parvum
2782 3479 2887 3536 illis
2924 3491 3130 3553 tempus
3153 3484 3327 3541 denuo
3342 3487 3406 3541 ad
3434 3504 3521 3544 re-

1930 3562 2287 3630 sipiscentiam
2313 3579 2625 3622 concessum
2648 3578 2730 3624 est
2758 3585 2851 3638 per
2872 3587 3009 3627 arcte
3033 3578 3520 3635 constructionem:

1930 3653 2023 3708 scd
2064 3654 2220 3723 plane
2251 3657 2474 3713 multum
2509 3670 2564 3715 et
2606 3660 2873 3718 sufﬁciens
2910 3663 3123 3732 fuisset,
3151 3668 3250 3720 nisi
3276 3670 3410 3724 adeo
3440 3672 3521 3727 in-

1929 3747 2063 3815 grati
2094 3745 2315 3802 luissent
2339 3758 2393 3804 et
2432 3751 2628 3819 stupidi
2650 3752 2717 3807 ad
2744 3762 3039 3810 erratorum
3075 3758 3519 3816 emendationem.

1931 3836 2033 3891 Par
2048 3837 2189 3892 enim
2216 3847 2356 3906 erat,
2378 3840 2612 3909 singulos
2641 3857 2824 3897 eorum
2868 3859 2988 3899 cum
3018 3846 3258 3902 viderent
3289 3849 3515 3918 justum,

1930 3927 2021 3997 qui
2059 3927 2411 3984 fabricabatur
2427 3945 2645 3998 arcam,
2674 3947 2887 3989 causam
2903 3938 3310 3994 constructionis
3333 3940 3523 3996 scisci-

1933 4028 2070 4078 tatos
2115 4036 2267 4087 esse,
2296 4030 2352 4078 et
2383 4024 2593 4095 cognita
2642 4024 2820 4081 divina
2863 4028 3257 4099 indignatione,
3285 4032 3409 4088 inde
3456 4035 3524 4089 ad

1931 4125 2148 4167 sensum
2184 4122 2518 4183 peccatorum
2556 4130 2772 4171 suorum
2795 4118 2976 4174 venire
2988 4152 3008 4186 -,
3035 4119 3315 4191 siquidem
3330 4123 3526 4179 voluis-

1933 4215 2072 4261 sent.
2110 4205 2309 4262 Verum
2353 4206 2482 4263 luec-
2507 4207 2615 4263 illis
2652 4208 2850 4263 nullam
2878 4209 3163 4266 utilitatem
3209 4208 3523 4282 attulerunt,

1936 4299 2191 4368 nonquia
2219 4314 2321 4352 non
2352 4307 2666 4370 potuerunt,
2686 4299 2781 4355 sed
2799 4300 2923 4370 quia
2948 4302 3254 4357 noluerunt.
3537 4369 3543 4395 '

2007 4384 2061 4437 4.
2092 4382 2227 4437 Deus
2242 4384 2509 4438 consilium
2529 4400 2671 4437 suum
2707 4384 2818 4439 Noe
2836 4386 3193 4440 communicat.
3227 4386 3328 4442 Cur
3345 4387 3523 4444 Enoch

1938 4476 2210 4530 translatus
2234 4477 2403 4547 fuerit.
2429 4476 2571 4532 Solet
2592 4475 2728 4530 Deus
2757 4486 2958 4547 propter
2968 4479 3137 4549 justas
3159 4496 3357 4535 servare
3375 4481 3541 4543 alios..

1935 4598 2008 4608 —
2037 4567 2197 4638 Igitur
2220 4577 2495 4637 postquam
2523 4568 2589 4623 de
2619 4569 2970 4624 construenda
2996 4585 3116 4627 arca
3151 4572 3296 4642 justo
3323 4581 3537 4643 prteceJ

1938 4661 2050 4730 pit,
2090 4658 2442 4714 communicat
2469 4669 2520 4714 et
2548 4667 2727 4713 narrat
2753 4660 2801 4715 ei
2843 4661 3001 4715 etiam
3054 4676 3225 4731 preme
3263 4665 3515 4732 speciem,

1938 4765 2095 4820 quam
2125 4749 2366 4804 illaturus
2386 4758 2501 4804 erat
2523 4790 2539 4816 ,
2565 4758 2619 4805 ct
2661 4750 2789 4805 dicit
2819 4770 2833 4806 :
2861 4751 2939 4806 Tu
2970 4752 3180 4822 quidem
3207 4752 3341 4807 hanc
3364 4769 3489 4823 para
3511 4795 3526 4818 ,

1940 4841 2075 4896 sicut
2105 4841 2328 4910 praecepi
2354 4858 2367 4894 :
2398 4856 2496 4911 ego
2525 4850 2739 4909 autem,
2783 4843 2871 4897 ubi
2902 4854 2956 4898 tu
2982 4844 3262 4900 aedilicium
3293 4847 3526 4915 comple-

1939 4932 2079 4987 veris
2103 4973 2118 4998 ,
2149 4934 2306 4988 etiam
2337 4947 2399 4987 ea
2430 4948 2546 5003 qua:
2572 4933 2637 4988 ad
2668 4941 2720 4989 te
2748 4934 2973 4989 attinent
3000 4936 3051 4989 in
3093 4944 3204 4990 tuto
3229 4937 3522 4992 collocabo.

1945 5025 2031 5079 i7.
2056 5024 2165 5096 Ego
2189 5034 2355 5078 autent
2378 5065 2391 5089 ,
2420 5026 2616 5094 inquit,
2641 5026 2879 5079 inducam
2907 5026 3154 5080 diluvium
3177 5068 3193 5094 ,
3218 5044 3399 5097 aquam
3438 5047 3526 5083 su-

1943 5134 2031 5187 per
2044 5126 2248 5181 terram,
2267 5126 2318 5169 ut
2334 5126 2621 5184 corrumpat
2638 5132 2834 5169 omnem
2852 5132 3073 5180 carnem,
3092 5117 3143 5171 in
3164 5134 3263 5189 qua
3284 5128 3356 5172 est
3371 5120 3529 5190 spiri-

1943 5219 2022 5263 tus
2038 5209 2151 5263 vita:
2168 5207 2336 5261 subter
2355 5207 2552 5272 ca'lum,
2572 5216 2618 5259 et
2637 5221 2958 5276 quaecumque
2978 5207 3164 5277 fuerint
3180 5225 3332 5279 super
3347 5220 3532 5266 terram

1942 5300 2235 5353 morientur.
2268 5296 2400 5352 Vide
2414 5296 2682 5366 quomodo
2709 5304 2763 5352 et
2790 5310 2883 5365 per
2921 5297 3092 5353 minas
3120 5300 3350 5355 ostendit
3373 5316 3532 5371 quam

1942 5390 2121 5462 gravia
2144 5390 2216 5443 illi
2242 5388 2594 5460 peccaverint,
2615 5397 2669 5445 et
2689 5388 2859 5459 inquit
2886 5407 2899 5445 :
2923 5390 3130 5446 Etenim
3152 5391 3394 5448 eamdem
3425 5410 3535 5463 poe~

1945 5498 2066 5539 nam
2109 5482 2352 5537 inducam
2386 5488 2491 5535 tam
2535 5481 2919 5548 rationalibus,
2965 5498 3123 5553 quam
3167 5484 3389 5541 rationis
3442 5500 3531 5541 ex-

1948 5573 2201 5643 pertibus.
2228 5572 2360 5640 Quia
2387 5573 2531 5627 enim
2576 5573 2925 5644 principatum
2956 5589 3112 5631 suum
3156 5578 3496 5648 prodiderunt
3518 5620 3533 5643 ,

1949 5678 2001 5723 et
2026 5668 2077 5722 in
2112 5665 2384 5723 brutorum
2429 5666 2676 5725 ferociam
2715 5668 3078 5736 declinarunt,
3107 5672 3248 5728 nulla
3294 5674 3394 5729 erit
3422 5688 3525 5743 ptu-
