3760 6244
335 258 435 317 ill

325 388 511 429 narum
537 370 854 429 dill‘ereutia.
895 372 1141 426 Iudaeam
1181 371 1321 427 enim
1346 370 1591 425 diluvium
1629 384 1808 439 aquae,
1847 375 1903 422 ut

326 474 614 531 corrumpat
632 478 830 518 omnem
854 477 1053 517 carnem
1072 503 1089 529 ,
1110 460 1163 515 in
1182 477 1283 531 qua
1306 470 1377 515 est
1396 460 1604 531 spiritus
1622 460 1737 514 vita
1756 474 1907 528 super

321 554 517 608 caelum.
549 555 613 609 Et
644 554 880 623 iumenta
904 595 920 619 ,
952 552 1156 623 inquit,
1190 560 1247 607 et
1285 551 1515 607 volatilia
1538 592 1553 614 ,
1582 559 1636 607 et
1664 551 1789 605 fera:
1811 591 1825 615 ,
1852 558 1906 604 et

320 643 706 715 quadrupcdia,
738 654 792 700 et
833 659 1178 715 quaecumque
1217 643 1317 698 sub
1344 644 1482 700 coelo
1521 652 1675 707 sunt,
1715 656 1907 697 consu-

323 744 552 791 mentur.
584 734 651 790 Et
684 743 743 790 ut
780 735 954 791 discas
985 735 1116 791 nihil
1159 736 1403 790 relictum
1450 734 1550 800 iri,
1600 733 1807 803 inquit:
1837 730 1906 785 Et

319 842 641 897 quacumque
663 836 779 881 sunt
799 843 953 897 super
976 836 1160 881 terram
1183 869 1198 893 ,
1229 828 1524 882 morientur.
1555 824 1685 878 Nam
1718 822 1905 893 puriﬁ-

317 918 523 974 catione
550 917 695 974 orbis
720 932 853 988 opus
884 918 1041 973 habet
1061 958 1080 985 ,
1119 918 1213 974 sed
1260 917 1359 972 hoc
1390 926 1439 971 te
1462 930 1566 971 non
1588 913 1903 979 conturbet,

321 1022 493 1078 neque
518 1017 749 1063 mentem
778 1017 922 1063 tuam
948 1008 1253 1064 confundat.
1280 1006 1409 1062 Nam
1431 1007 1552 1076 quia
1579 1005 1733 1061 video
1762 1004 1907 1060 ulce-

323 1113 379 1152 ra
406 1113 592 1154 eorum
638 1099 945 1155 incumbilia
972 1141 987 1165 ,
1032 1099 1222 1154 sistere
1250 1099 1371 1153 volo
1416 1098 1627 1152 malitim
1673 1096 1903 1163 ﬂuenta,

320 1196 377 1243 nt
403 1204 471 1245 ne
492 1190 822 1259 gravioribus
844 1191 1016 1262 poenis
1055 1189 1315 1244 obnoxios
1342 1202 1401 1244 se
1449 1188 1657 1243 faciant.
1708 1186 1906 1242 Idcirco

315 1282 488 1349 etiam.
523 1298 664 1339 nunc
690 1298 786 1353 pro
826 1284 981 1339 solita
1020 1298 1137 1337 mea
1174 1282 1452 1338 clementia
1492 1280 1902 1351 indignationem

319 1372 553 1428 bonitate
572 1383 872 1444 temperans
888 1416 906 1437 .
934 1374 1091 1429 talem
1114 1388 1323 1442 paruam
1345 1373 1514 1427 infero
1533 1387 1650 1441 qua:
1670 1373 1786 1427 sine
1804 1370 1905 1425 do-

318 1462 435 1519 lore
463 1464 566 1531 sit,
596 1472 652 1519 et
680 1480 783 1519 non
814 1465 1094 1520 sentiatur.
1121 1463 1302 1533 Neque
1329 1464 1469 1519 enim
1499 1463 1565 1517 ad
1594 1463 1909 1533 magnitudi-

320 1567 443 1608 nem
472 1563 806 1623 peccatorum
833 1555 914 1609 vel
944 1554 1009 1608 ad
1040 1554 1225 1609 merita
1252 1570 1435 1609 eorum
1467 1554 1754 1624 respiciens
1773 1595 1788 1619 ,
1811 1552 1905 1608 sed

320 1644 615 1712 pnevidens
654 1644 826 1700 futura
848 1688 861 1711 ,
890 1656 941 1700 et
982 1644 1077 1698 bos
1114 1644 1421 1714 congruenti
1454 1659 1608 1713 paena
1636 1644 1865 1714 plectere
1886 1684 1903 1709 ,

318 1744 375 1789 et
393 1744 636 1804 posteros
678 1737 748 1791 ab
790 1735 1088 1805 bnjusmodi
1138 1736 1368 1805 pernicie
1408 1736 1631 1790 liberare
1661 1735 1799 1790 volo.
1830 1734 1908 1792 Ne

318 1826 478 1895 igitur
518 1836 739 1883 moestus
772 1828 880 1894 sis,
912 1842 1046 1882 neve
1088 1827 1315 1882 turbcris
1350 1827 1463 1881 haec
1504 1828 1744 1883 audiens.
1773 1828 1907 1883 Nam

317 1917 418 1972 etsi
458 1917 536 1973 illi
573 1918 783 1987 dignam
838 1919 1069 1989 peccatis
1096 1919 1207 1973 suis
1242 1934 1449 1987 pmnam
1482 1920 1660 1983 luent,
1689 1919 1782 1974 sed
1816 1918 1902 1974 l8.

317 2006 553 2063 Statuunt
591 2019 937 2065 testamentum
968 2028 1131 2065 meum
1178 2022 1360 2065 tecum.
1412 2011 1672 2078 Quoniam
1722 2027 1909 2068 omnes

321 2100 525 2170 priores
555 2101 798 2173 indignos
832 2116 953 2159 sese
978 2104 1337 2173 praestiterunt
1356 2145 1371 2169 ,
1400 2118 1569 2171 neque
1595 2101 1663 2157 de
1692 2102 1909 2157 manda-

322 2194 390 2249 tis
417 2193 553 2249 meis
595 2194 731 2250 bene
757 2202 1085 2263 senserunt,
1123 2203 1295 2249 tecum
1325 2194 1542 2264 posthac
1566 2202 1791 2249 statuam
1828 2202 1909 2248 te-

325 2293 644 2341 stamentum
659 2300 855 2341 meum.
879 2286 1084 2353 Etenim
1101 2285 1477 2357 protoplastus,
1500 2294 1621 2356 post
1643 2295 1715 2340 tot
1740 2286 1909 2342 bene-

324 2376 445 2431 ﬁcia
485 2375 849 2446 deceptionem
880 2390 1066 2446 passus
1088 2417 1102 2440 ,
1131 2375 1375 2431 mandata
1401 2391 1517 2431 mea
1546 2384 1911 2446 transgressus

322 2476 407 2523 est
433 2484 448 2522 :
477 2476 531 2523 et
547 2468 637 2537 qui
658 2483 725 2524 ex
748 2467 841 2523 illo
869 2476 1021 2523 natus
1041 2476 1141 2533 est,
1172 2468 1285 2537 ipse
1305 2468 1358 2521 in
1385 2467 1521 2522 idem
1548 2468 1761 2522 malitia:
1788 2482 1908 2537 pro-

325 2558 545 2613 fundum
573 2558 785 2625 incidit;
817 2558 958 2637 unde
983 2568 1036 2614 et
1060 2559 1363 2614 continuam
1394 2574 1514 2614 cum
1536 2560 1911 2615 maledictione

324 2662 536 2717 poenam
570 2649 794 2720 accepit.
842 2649 1036 2704 Verum
1086 2665 1257 2720 neque
1306 2650 1446 2704 illius
1491 2651 1663 2721 pmnis
1713 2652 1909 2721 posteri

320 2741 709 2798 emendatiores
750 2741 873 2797 facti
913 2749 1070 2808 sunt,
1096 2742 1189 2797 sed
1228 2741 1363 2796 mala
1393 2756 1487 2798 sua
1532 2742 1601 2797 ita
1629 2757 1911 2798 coacerva-

320 2839 443 2885 ruut
502 2871 517 2895 ,
548 2840 608 2885 ut
654 2838 711 2885 ct
746 2830 1081 2901 genealogias
1116 2832 1346 2901 ipsorum
1376 2831 1740 2901 reprobarcm.
1773 2832 1911 2889 Sane

320 2930 440 2991 post
464 2923 577 2977 bazc
606 2932 663 2977 ut
689 2922 864 2977 inveni
901 2922 1083 2977 Enoch
1104 2965 1120 2987 ,
1147 2924 1234 2992 qui
1266 2922 1474 2979 virtutis
1494 2922 1774 2993 imaginem
1793 2939 1912 2979 ser-

321 3015 493 3080 vavit,
540 3014 660 3087 quia
700 3013 851 3069 valde
885 3013 1013 3067 tnihi
1054 3030 1207 3068 carus
1230 3013 1360 3081 fuit,
1382 3029 1504 3070 eum
1536 3015 1709 3070 vivum
1741 3023 1915 3069 trans-

325 3106 462 3172 tuli,
509 3114 809 3159 monstrans
829 3105 1074 3160 omnibus
1119 3105 1331 3160 virtutis
1354 3105 1647 3160 cultoribus
1687 3114 1913 3175 quantas

328 3198 602 3253 mercedes
626 3206 679 3251 et
700 3197 1072 3251 retributiones
1106 3196 1485 3266 adipiscantur,
1528 3207 1581 3252 et
1609 3198 1826 3266 cupiens
1856 3205 1915 3251 ut

322 3288 499 3345 caeteri
549 3288 695 3343 illius
718 3288 1257 3353 imitatorcsliercnt,
1287 3286 1632 3357 eamdemque
1658 3288 1794 3341 viam
1836 3286 1915 3341 in.

323 3379 687 3451 grederentur.
716 3375 977 3432 Caeterum
999 3379 1121 3448 quia
1141 3418 1155 3441 ,
1185 3377 1304 3431 aliis
1332 3377 1576 3433 omnibus
1599 3386 1778 3446 postea
1804 3392 1917 3432 ma-

326 3473 494 3527 litiam
535 3471 861 3527 seetantibus
880 3509 897 3537 ,
926 3480 977 3524 te
1000 3469 1170 3524 solum
1207 3470 1385 3524 inveni
1418 3470 1469 3524 in
1500 3478 1639 3524 tanta
1687 3470 1923 3525 multitu-

328 3565 488 3627 dine.
546 3564 633 3634 qui
660 3562 812 3633 primi
865 3561 1100 3631 parentis
1138 3562 1610 3631 transgressionem
1664 3576 1915 3617 revocare

321 3655 533 3724 possis,
595 3664 767 3708 tecum
817 3661 1045 3707 statuam
1102 3658 1473 3706 testamentum
1525 3666 1721 3706 meum.
1780 3651 1914 3717 Nam

327 3751 481 3804 bona:
507 3756 611 3803 tua:
628 3747 749 3801 vitae
770 3760 932 3816 opera
950 3744 1224 3801 declarant
1246 3744 1457 3798 fidelem
1480 3754 1528 3797 te
1548 3744 1599 3797 in
1621 3742 1915 3813 suscipien-

320 3842 403 3897 dis
448 3841 708 3895 mandatis
734 3842 889 3898 meis.
921 3840 1154 3909 Denique
1184 3853 1251 3893 ne
1288 3837 1461 3893 adhuc
1483 3836 1657 3906 justus
1686 3835 1799 3891 lucc
1822 3852 1917 3891 au-

325 3934 479 3989 diens
506 3940 761 3997 maereat,
790 3932 941 4000 quasi
966 3930 1112 3985 solus
1128 3932 1240 4000 ipse
1257 3927 1560 3984 liberandus
1584 3927 1693 3993 sit,
1712 3927 1913 4003 gerum

324 4024 686 4080 consolatione
734 4036 856 4077 eum
876 4061 891 4088 ,
920 4030 981 4074 ut
1003 4020 1177 4075 dicam
1196 4058 1212 4085 ,
1258 4019 1568 4073 demulccns
1586 4058 1600 4082 ,
1628 4016 1795 4072 dicit:
1824 4014 1918 4068 In.

324 4118 563 4190 gredieris
591 4124 758 4172 autem
779 4116 835 4169 in
870 4129 1041 4167 arcam
1067 4122 1151 4179 tu,
1181 4122 1227 4167 et
1249 4112 1343 4181 lilii
1382 4110 1454 4163 tui
1477 4149 1492 4174 ,
1515 4120 1561 4162 et
1590 4125 1720 4164 uxor
1742 4118 1849 4172 tua,
1871 4115 1917 4160 et

324 4226 509 4266 uxores
535 4209 757 4277 ﬁliorum
793 4215 1013 4260 tuorum.
1045 4202 1175 4258 Nam
1228 4203 1349 4259 licet
1392 4201 1616 4257 multum
1640 4216 1673 4255 a
1724 4199 1918 4254 virtute

324 4302 455 4371 iusti
481 4302 620 4356 illius
645 4298 938 4361 abfuerint,
966 4296 1121 4351 alieni
1149 4304 1323 4349 tamen
1350 4302 1502 4349 erant
1529 4307 1557 4345 a
1587 4291 1918 4362 gravioribus

326 4394 540 4449 illorum
587 4390 837 4461 peccatis.
877 4387 1024 4443 Alias
1047 4401 1255 4455 quoque
1279 4385 1348 4439 ob
1374 4383 1508 4439 duas
1543 4383 1701 4438 hasce
1731 4398 1919 4439 causas

327 4483 500 4540 salute
539 4482 688 4554 potiti
716 4489 857 4536 sunt.
889 4479 1036 4545 Una,
1063 4478 1113 4532 in
1144 4478 1397 4531 honorem
1422 4474 1573 4545 justi.
1603 4473 1749 4530 Solet
1775 4475 1916 4529 enim

327 4577 563 4633 clemens
600 4574 739 4628 Dens
766 4571 1020 4627 honorem
1051 4569 1191 4623 hunc
1230 4568 1357 4622 dare
1382 4568 1551 4623 servis
1575 4568 1684 4621 suis
1703 4609 1716 4631 ,
1744 4576 1799 4620 ut
1820 4582 1915 4620 co-

329 4682 447 4722 rum
475 4664 641 4735 gratia
670 4669 724 4716 ct
763 4661 849 4715 alii
878 4661 1101 4714 salutem
1150 4658 1539 4712 nanciscantur.
1574 4657 1633 4714 Id
1674 4656 1813 4727 quod
1866 4666 1921 4711 et

330 4758 486 4813 beato
529 4754 692 4808 Paulo
730 4765 1043 4807 concessum
1069 4756 1179 4815 est,
1224 4748 1475 4818 magistro
1503 4746 1582 4801 illi
1627 4746 1800 4812 orbis,
1830 4747 1919 4817 qui

329 4852 525 4920 ubique
550 4862 661 4903 sua:
686 4844 939 4900 doctrina:
964 4841 1139 4899 radios
1167 4841 1465 4903 emittebat.
1485 4840 1934 4912 Quandoquidem

328 4959 447 5000 cum
495 4941 582 4995 ille
609 4938 833 4993 Romam
863 4934 1173 5003 navigaret,
1202 4942 1315 4984 orta
1358 4933 1408 4985 in
1449 4932 1580 4985 mari
1610 4938 1923 5000 tempestate

331 5047 517 5102 magna
538 5073 553 5097 ,
583 5031 656 5085 ita
680 5038 738 5084 ut
758 5039 948 5081 omnes
982 5024 1142 5078 saluti
1169 5037 1279 5075 suae
1306 5020 1580 5086 timerent,
1622 5022 1924 5091 nullamque

333 5126 524 5178 bonam
542 5133 689 5191 spem
713 5126 929 5190 propter
956 5113 1201 5185 procella:
1220 5110 1607 5166 vehementiam
1628 5108 1885 5166 haberent
1907 5154 1921 5179 ,

332 5216 535 5271 vocatis
560 5213 805 5269 omnibus
836 5210 965 5266 dicit
990 5226 1002 5263 :
1033 5207 1176 5262 Bono
1200 5204 1369 5259 animo
1398 5212 1551 5258 estote
1573 5245 1588 5271 ,
1615 5204 1730 5258 uiri.
1756 5204 1923 5259 Amis-

331 5307 408 5362 sio
438 5305 571 5360 enim
596 5304 779 5357 animo:
796 5302 983 5355 nullius
1008 5300 1100 5353 erit
1121 5313 1183 5352 ea:
1207 5297 1349 5350 nobis
1366 5337 1381 5359 ,
1415 5304 1743 5365 praeterquam
1764 5297 1923 5351 nauis.

335 5398 539 5453 Adstitit
562 5399 693 5451 enim
715 5394 839 5448 mihi
878 5392 971 5447 hac
999 5398 1139 5447 nocte
1165 5388 1261 5441 Dei
1284 5428 1296 5450 ,
1328 5387 1473 5457 cujus
1501 5402 1610 5439 sum
1652 5396 1700 5439 et
1728 5387 1809 5439 cui
1836 5386 1927 5440 tle-

334 5490 492 5544 servio
516 5527 532 5551 ,
558 5485 769 5558 angelus
797 5484 967 5538 dicens
999 5497 1017 5535 :
1045 5479 1127 5535 Ne
1165 5479 1362 5542 timeas,
1404 5475 1568 5531 Paule
1595 5491 1614 5532 :
1641 5477 1778 5532 dedit
1800 5478 1930 5531 enim

339 5583 429 5638 tibi
457 5579 595 5634 Deus
625 5592 796 5631 omnes
826 5577 911 5645 qui
952 5582 1112 5626 tecum
1151 5572 1386 5639 navigant
1418 5568 1550 5638 (Act.
1579 5570 1669 5623 27.
1700 5570 1927 5639 22-24),

347 5667 534 5730 Vidisti
562 5667 831 5732 quomodo
858 5666 1021 5721 virtus
1050 5662 1147 5717 viri
1190 5661 1417 5716 salutem
1461 5660 1565 5717 illis
1584 5660 1927 5717 conciliavit?

1042 256 1100 314 S.
1139 254 1416 313 JOANNIS
1450 248 1929 313 οιιιιγεοδτοιιι
1967 249 2285 309 ARCHIEP.
2326 255 2527 313 CONS'I

1375 255 1416 313 S
1450 248 1929 313 οιιιιγεοδτοιιι
1967 249 2285 309 ARCHIEP.
2326 255 2860 314 CONSTANTINOP.

3494 261 3601 316 2|!

2019 366 2128 421 imo
2181 382 2287 423 non
2339 370 2508 426 virtus
2536 378 2774 438 tantum,
2812 369 2905 425 sed
2957 378 3010 425 et
3054 371 3331 427 clementia
3363 373 3598 429 Domini.

2012 458 2183 514 Simili
2231 460 2391 515 modo
2430 473 2484 517 et
2526 461 2627 516 hoc
2673 462 2789 516 loco
2820 460 3014 515 factum
3040 472 3158 526 est,
3190 472 3241 516 et
3272 462 3385 518 bmc
3424 466 3596 533 prima

2014 566 2169 606 causa
2202 552 2296 608 fuit
2325 571 2337 607 :
2366 553 2529 609 altera
2560 570 2686 609 vero
2739 556 2835 610 ista
2866 572 2880 609 :
2910 554 3119 609 volebat
3164 555 3477 611 fermentum
3499 557 3602 613 ali-

1978 658 1983 663 ·
2012 642 2152 711 quod
2184 650 2237 698 et
2256 644 2486 700 radicem
2514 646 2579 699 ad
2610 645 2933 714 posteritatis
2955 645 3383 701 constitutionem
3425 646 3598 701 relin-

2011 751 2184 805 quere
2207 753 2219 788 :
2254 751 2358 791 non
2376 737 2514 807 quod
2537 738 2861 807 impossibile
2885 748 3027 792 esset
3046 737 3155 792 Deo
3178 737 3367 792 iterum
3397 738 3601 792 {orma-

2011 842 2069 883 re
2091 827 2380 890 hominem.
2408 838 2462 886 et
2480 844 2547 885 ex
2576 845 2682 885 uno
2702 829 2910 901 generis
2939 829 3126 884 iterum
3143 839 3483 900 augmentum
3516 830 3598 884 fa-

2010 932 2153 984 cere;
2171 919 2262 974 sed
2288 918 2410 989 quia
2434 920 2513 977 sic
2539 920 2637 990 ipsi
2666 920 2835 974 visum
2851 929 2934 975 est
2948 934 3043 988 pro
3066 920 3220 975 solita
3247 920 3595 989 benignitate.

2081 1008 2137 1064 5.
2177 1008 2406 1063 Attende
2434 1008 2594 1079 igitur
2627 1008 2719 1063 Dei
2748 1009 3037 1065 bonitatem
3064 1009 3221 1064 etiam
3260 1025 3353 1077 per
3374 1025 3439 1065 ea
3469 1025 3595 1079 quze

2010 1106 2325 1167 sequuntur.
2379 1099 2510 1153 Nam
2564 1099 2701 1154 sicut
2748 1099 3139 1153 interminando
3186 1114 3418 1169 poenam,
3467 1114 3594 1153 cum

2012 1186 2287 1243 hominum
2318 1204 2512 1259 genere
2539 1197 2595 1245 et
2618 1190 2881 1260 iumenta,
2912 1196 2966 1245 et
2993 1189 3223 1259 reptilia,
3250 1198 3305 1245 et
3331 1189 3595 1254 volatilia,

2011 1288 2067 1336 et
2091 1280 2231 1336 feras
2265 1280 2495 1350 peritura
2526 1281 2695 1337 dixit:
2725 1283 2795 1336 ita
2825 1292 2880 1337 et
2906 1282 2993 1337 bic
3019 1292 3236 1352 propter
3254 1284 3458 1351 justum
3487 1283 3594 1337 im.

2012 1380 2182 1441 perat,
2210 1381 2267 1426 ut
2296 1372 2660 1427 introducatur
2694 1372 2747 1427 in
2774 1387 2951 1427 arcam
2988 1387 3055 1428 ex
3100 1387 3425 1443 unoquoque
3467 1372 3594 1427 illo-

2010 1479 2128 1519 rum
2156 1479 2353 1534 genere
2373 1478 2469 1533 par
2487 1478 2673 1532 unum,
2698 1472 2755 1519 ιιι
2777 1465 2849 1520 sit
2871 1477 3053 1520 semen
3074 1474 3127 1520 et
3143 1466 3389 1535 primitia:
3406 1465 3593 1520 multi-

2014 1552 2214 1608 tudinis
2236 1562 2419 1624 postea
2447 1553 2656 1608 futuraa.
2692 1553 2781 1610 l9.
2816 1552 2884 1606 Et
2908 1570 2972 1609 ea:
2994 1554 3245 1621 omnibus,
3284 1555 3479 1625 inquit.
3500 1556 3596 1626 ju-

2012 1646 2210 1712 mentis,
2250 1654 2297 1699 et
2324 1662 2389 1699 ea:
2419 1646 2649 1700 omnibus
2684 1646 2828 1715 feris,
2858 1654 2905 1699 et
2928 1661 2992 1700 ea:
3018 1646 3157 1700 omni
3182 1662 3357 1713 carne,
3381 1646 3502 1701 bina
3529 1662 3596 1701 er:

2012 1739 2241 1793 omnibus
2260 1738 2466 1793 induces
2492 1739 2542 1792 in
2563 1755 2754 1803 arcam,
2781 1748 2837 1792 ut
2862 1754 3040 1809 pascas
3065 1739 3206 1810 apud
3221 1747 3309 1802 te;
3337 1740 3597 1793 masculus

2012 1840 2057 1884 et
2078 1828 2265 1899 femina
2283 1838 2445 1882 erunt.
2463 1828 2552 1883 20.
2565 1827 2645 1882 Ea:
2664 1827 2893 1882 omnibus
2912 1828 3084 1883 avibus
3103 1829 3389 1885 volatilibus
3415 1846 3595 1884 secun-

2012 1921 2133 1975 dum
2161 1938 2335 1992 genus,
2359 1930 2406 1974 et
2435 1937 2496 1974 ea:
2521 1921 2748 1975 omnibus
2765 1921 3013 1992 jumentis
3038 1920 3314 1976 secundum
3342 1940 3522 1992 genus,
3546 1932 3597 1977 et

2012 2028 2074 2067 ea:
2101 2012 2330 2066 omnibus
2353 2012 2609 2081 reptilibus
2634 2012 2917 2082 repentibus
2934 2029 3083 2084 super
3099 2022 3282 2069 terram
3309 2015 3591 2068 secundum

2012 2122 2188 2176 genus,
2231 2105 2348 2159 bina
2384 2121 2445 2159 ea:
2485 2106 2714 2159 omnibus
2748 2106 3006 2158 intrabunt
3038 2104 3107 2157 ad
3136 2114 3202 2169 te,
3234 2114 3289 2158 ut
3316 2116 3594 2173 pascantur

2013 2196 2153 2267 apud
2192 2198 2524 2265 temetipsum,
2568 2194 2821 2250 masculus
2859 2204 2905 2249 et
2934 2195 3140 2266 femina.
3170 2194 3247 2250 Ne
3271 2194 3445 2249 obiter
3475 2194 3595 2249 luce

2015 2286 2355 2357 praeterieris,
2379 2286 2608 2350 dilecte;
2638 2285 2811 2354 cogita
2840 2292 3092 2355 quantum
3120 2284 3425 2355 pepererint
3446 2284 3598 2351 justo

2014 2393 2258 2432 curarum
2300 2376 2605 2443 tumultum,
2645 2376 2894 2447 cogitanti
2929 2375 3069 2445 apud
3106 2391 3165 2430 se
3200 2386 3449 2446 quantam
3477 2375 3595 2429 haec

2014 2470 2191 2525 ouinia
2215 2484 2392 2524 curam
2422 2469 2714 2538 exigerent.
2744 2466 2862 2523 Non
2892 2467 3033 2523 enim
3069 2466 3367 2524 sufliciebat
3391 2466 3443 2522 ei
3464 2480 3594 2522 cura

2016 2562 2255 2617 mulieris
2292 2570 2347 2617 et
2386 2560 2634 2626 filiorum,
2681 2569 2736 2615 et
2770 2576 3022 2626 nuruum,
3064 2560 3156 2615 sed
3190 2569 3247 2616 et
3288 2559 3597 2616 sollicitudo

2016 2662 2094 2707 tot
2118 2653 2391 2709 brutorum
2415 2660 2471 2707 et
2498 2650 2742 2707 educatio
2765 2649 3077 2706 addebatur.
3101 2651 3293 2708 Verum
3321 2651 3593 2721 paulisper

2015 2751 2286 2812 exspecta,
2336 2740 2645 2811 videbisqne
2690 2741 2809 2795 Dei-
2837 2739 3149 2806 bonitatem,
3193 2740 3461 2811 quomodo
3503 2741 3595 2795 in-

2015 2834 2351 2890 cmnbentcm
2380 2833 2523 2903 justo
2550 2846 2734 2888 curam
2762 2832 2919 2886 levet.
2942 2832 3035 2887 2|.
3066 2830 3143 2885 Tu
3163 2839 3329 2885 autem
3352 2830 3592 2900 accipies,

1995 2927 2205 2998 'inquit,
2253 2926 2341 2979 tibi
2364 2925 2462 2995 ipsi
2487 2924 2554 2978 de
2583 2923 2810 2978 omnibus
2838 2923 2979 2991 cibis,
3006 2923 3070 2977 de
3090 2922 3265 2993 quibus
3295 2922 3593 2986 comeditis.

2017 3028 2062 3073 et
2093 3017 2421 3089 congregabis
2445 3021 2583 3085 apud
2614 3014 2850 3085 teipsum,
2880 3023 2926 3068 et
2946 3022 3091 3068 erunt
3126 3013 3214 3068 tibi
3242 3022 3289 3068 et
3314 3013 3416 3067 illis
3440 3012 3492 3066 in
3512 3014 3595 3067 ei-

2019 3114 2155 3167 bum.
2185 3109 2261 3167 Ne
2289 3108 2584 3174 existimes,
2620 3106 2811 3177 inquit,
2842 3105 3151 3162 deStitutum
3186 3114 3239 3160 te
3268 3120 3384 3161 mea
3416 3103 3596 3173 provi-

2018 3201 2193 3257 dentia
2228 3200 2477 3270 relinqui.
2522 3199 2658 3253 Ecce
2696 3197 2838 3251 enim
2868 3196 3135 3267 praecipio,
3163 3205 3221 3251 ut
3248 3210 3368 3265 qua:
3396 3204 3598 3249 vestras

2018 3294 2281 3351 alimonia:
2310 3292 2600 3357 sufficiunt,
2625 3299 2681 3347 et
2704 3304 2825 3361 qua:
2849 3289 2915 3344 ad
2940 3287 3126 3345 alenda
3146 3287 3295 3345 bruta
3326 3295 3590 3357 spectant,

2019 3386 2196 3441 omnia
2227 3386 2277 3439 in
2308 3398 2485 3438 arcam
2516 3383 2841 3438 inferantur:
2871 3380 2943 3436 ita
2967 3389 3022 3434 nt
3050 3380 3243 3434 nullam
3263 3377 3351 3433 vel
3370 3378 3593 3441 famem,

2020 3478 2101 3532 vel
2145 3475 2421 3544 penuriam
2474 3471 2838 3543 experiamini,
2890 3480 2945 3525 et
2998 3485 3098 3525 nec
3145 3468 3297 3523 bruta
3344 3476 3599 3539 pereant,

2020 3577 2203 3638 utpote
2230 3566 2405 3622 cibum
2428 3580 2531 3619 non
2556 3562 2809 3618 habentia
2832 3560 2931 3615 sibi
2953 3560 3376 3615 convenientem.
3398 3557 3490 3612 22.
3526 3556 3595 3611 Et

2020 3661 2156 3732 fecit,
2188 3658 2374 3729 inquit,
2408 3655 2523 3711 Noe
2554 3655 2723 3712 omnia
2748 3669 3066 3725 quietumque
3096 3652 3189 3706 sibi
3213 3652 3451 3723 praecepit
3480 3650 3592 3704 Do-

2019 3752 2187 3805 minus
2211 3748 2454 3817 Dcus,sic
2474 3745 2810 3817 ferit.Videas
2834 3754 2885 3799 et
2908 3743 2992 3798 hic
3010 3743 3308 3799 ein-omium
3330 3741 3589 3811 amplum.

2021 3842 2186 3907 Fecit,
2217 3841 2407 3911 inquit,
2446 3838 2616 3893 omnia
2648 3849 2977 3906 quiscumque
2996 3836 3232 3907 pra'cepit
3263 3834 3308 3889 ei
3336 3832 3595 3887 Dominus

2019 3933 2179 3989 Deus.
2216 3932 2332 3988 Non
2372 3929 2513 3985 aliud
2556 3928 2767 3999 quidem
2796 3941 2957 3998 opere
2993 3927 3399 3996 exsequebatur,
3446 3922 3594 3977 aliud

2019 4031 2193 4079 autem
2218 4020 2533 4091 negligebat,
2570 4018 2662 4074 sed
2696 4019 2871 4073 omnia
2900 4032 3017 4089 quae
3045 4025 3303 4087 prmcepta
3331 4024 3479 4071 erant
3514 4014 3594 4069 ﬁ:-

2019 4115 2111 4181 cit,
2151 4122 2205 4168 et
2241 4111 2329 4167 Sic
2361 4111 2499 4183 fecit,
2528 4118 2584 4164 ut
2612 4117 2873 4180 praecepta
2900 4118 3050 4164 erant
3073 4109 3120 4162 ei
3148 4125 3162 4173 ;
3190 4106 3321 4161 nihil
3349 4107 3592 4160 intenui-

2020 4206 2111 4272 sit,
2148 4202 2241 4259 sed
2269 4202 2447 4258 omnia
2477 4200 2734 4271 implevit,
2756 4210 2807 4254 et
2833 4199 3082 4269 operibus
3107 4198 3217 4253 suis
3249 4197 3511 4268 probavit,
3536 4212 3597 4251 se

1980 4312 1983 4313 ν
2016 4296 2160 4366 juste
2184 4292 2555 4349 benevolentia
2589 4290 2685 4344 Dei
2709 4290 2979 4360 dignatum
3023 4288 3201 4344 fuisse.
3234 4286 3463 4354 Quantis
3484 4301 3597 4340 non

2022 4386 2235 4442 coronis
2253 4384 2471 4454 dignum
2506 4381 2665 4437 fuerit
2694 4382 2795 4435 hoc
2823 4380 3202 4446 testimonium,
3230 4394 3335 4448 quo
3360 4394 3389 4433 a
3415 4378 3600 4433 divina

2021 4478 2294 4547 Scriptura
2333 4474 2524 4529 fruitur
2548 4473 2723 4543 justus
2748 4471 2876 4526 ille?
2900 4471 3028 4537 Quis
3058 4470 3159 4525 hoc
3180 4469 3340 4524 fuerit
3365 4470 3595 4533 beatior,

2022 4568 2114 4639 qui
2144 4566 2326 4622 omnia
2353 4579 2513 4634 opera
2542 4562 2849 4631 complevit,
2874 4576 2992 4631 qua:
3019 4561 3118 4615 sibi
3139 4575 3167 4615 a
3192 4559 3301 4615 Deo
3328 4569 3600 4630 prmeepta

2025 4661 2252 4723 inerant,
2310 4666 2361 4711 et
2417 4665 2615 4709 umnam
2655 4653 2707 4707 in
2759 4653 2823 4707 iis
2860 4668 2978 4722 qua:
3016 4651 3117 4706 sibi
3151 4650 3407 4719 imperata
3443 4660 3595 4705 erant

2024 4748 2380 4806 obedientiam
2412 4744 2742 4800 declaravit?
2774 4743 2839 4797 Et
2868 4751 2926 4796 ut
2967 4742 3105 4797 scias
3137 4750 3331 4811 quanta
3357 4742 3598 4796 omnium

2026 4840 2279 4897 Conditor
2314 4838 2416 4905 ipsi
2448 4834 2659 4905 prmfari
2684 4834 2929 4904 dignatus
2953 4833 3041 4897 sit,
3071 4832 3192 4885 audi
3217 4847 3337 4899 qua:
3365 4846 3601 4899 sequun-

2029 4941 2134 4986 tur.
2162 4931 2213 4985 l.
2239 4929 2304 4982 Et
2329 4928 2480 4993 dixit,
2502 4926 2689 4995 inquit,
2713 4923 2962 4983 Dominus
2989 4921 3127 4976 Deus
3144 4924 3211 4973 ad
3242 4919 3387 4973 Noe:
3416 4919 3602 4992 Ingre-

2029 5022 2146 5076 dere
2170 5029 2223 5073 tu
2247 5028 2293 5073 et
2320 5018 2481 5072 omnis
2506 5016 2687 5070 domus
2710 5026 2797 5067 tua
2825 5015 2877 5067 in
2897 5028 3069 5066 arcam
3091 5011 3255 5084 (Cap.
3280 5013 3365 5079 '7).
3400 5011 3603 5067 Deinde

2029 5122 2090 5167 ut
2108 5112 2335 5170 sciamus
2354 5110 2531 5178 ipsum
2546 5122 2651 5161 non
2671 5107 2837 5176 gratia
2859 5105 3129 5161 dumtaxat
3144 5103 3345 5172 justum
3362 5118 3601 5166 servare,

2033 5202 2125 5257 sed
2172 5210 2229 5256 et
2269 5200 2507 5255 laborant
2560 5194 2837 5251 mercedes
2873 5194 2996 5264 ipsi,
3036 5202 3092 5248 et
3134 5192 3346 5246 virtutis
3384 5193 3606 5261 premis

2034 5294 2284 5358 tribucre,
2328 5291 2475 5346 dicit:
2518 5288 2645 5344 Ideo
2683 5288 2778 5343 tibi
2804 5286 3027 5355 impero,
3054 5295 3112 5341 ut
3140 5293 3196 5339 tu
3223 5294 3278 5340 et
3303 5284 3496 5340 domus
3518 5295 3609 5339 tua

2033 5385 2209 5439 omnis
2236 5383 2288 5436 iu
2319 5394 2494 5435 arcam
2522 5376 2913 5448 ingrediamini,
2948 5375 3080 5439 Quia
3103 5384 3150 5428 te
3167 5374 3270 5427 uidi
3293 5375 3491 5443 justum
3515 5389 3609 5428 ccc

2033 5492 2144 5529 ram
2170 5490 2248 5527 me
2273 5471 2325 5525 in
2357 5470 2673 5542 generatione
2707 5468 2829 5523 ista.
2865 5465 3111 5535 Magnum
3154 5471 3209 5519 et
3250 5463 3355 5520 [ide
3389 5464 3612 5533 dignum

2036 5565 2418 5623 testimonium.
2449 5561 2583 5630 Quid
2626 5561 2767 5617 enim
2808 5560 2911 5614 hoc
2944 5559 3117 5633 majus
3151 5565 3315 5621 esset,
3340 5570 3467 5611 cum
3494 5557 3613 5625 ipse

2038 5659 2311 5725 Conditor,
2341 5666 2397 5712 et
2420 5657 2509 5726 qui
2536 5669 2656 5711 cum
2683 5662 2742 5708 ut
2759 5661 2905 5708 esset
2933 5650 3200 5721 produxit,
3228 5647 3354 5705 talia
3378 5647 3446 5704 de
3459 5643 3614 5712 justo
