3804 6250
15 316 73 371 EH
1148 309 1211 364 IN
1249 310 1400 365 CAP.
1438 308 1505 363 Vl
1538 306 1782 364 GENES.
1822 306 2051 362 HOMIL.
2094 307 2282 363 XXIV.

16 430 422 499 ατακλινσμὸν
448 430 663 493 ὕδατος
695 426 1075 496 καταφθεῖραι
1108 422 1315 479 πᾶσαν
1342 421 1558 491 σάρκα,
1588 422 1659 475 ἐν

16 518 174 569 κέστι
216 516 466 585 πνεῦμα
507 513 653 582 ζωῆς
683 511 960 569 ὑποκάτω
1000 511 1106 565 τοῦ
1137 509 1415 578 οὐρανοῦ.
1451 508 1562 561 Καὶ
1592 506 1662 559 τά

16 608 173 677 τήνη,
209 606 373 675 φησὶ,
402 604 497 657 καὶ
532 604 602 656 τά
632 602 872 665 πετεινὰ,
906 602 998 655 καὶ
1024 598 1094 652 τὰ
1129 598 1321 670 θηρία,
1353 598 1421 651 τά
1457 597 1552 649 ιιιαί⁵
1580 613 1661 649 τε·

18 694 247 765 ράποδα,
279 693 377 748 καὶ
410 694 509 750 ἇσα
542 691 689 743 ἐστὶν
708 688 964 743 ὑποκάτω
981 686 1076 740 τοῦ
1104 684 1353 757 ούρανοῦ,
1384 682 1662 752 καταφθα-

16 784 233 851 ιήσεται.
271 779 385 831 Καὶ
421 779 509 830 ἴνα
533 776 735 848 μάθῃς,
766 773 919 847 [222]
947 774 1029 827 ὅτι
1051 772 1203 827 οὐδὲν
1227 769 1661 840 καταλειφθήσε-

16 887 70 921 αι
103 881 151 931 ³,
190 866 356 936 φησὶ,
383 866 492 920 Καὶ
518 864 635 918 ὅσα
660 862 832 917 ἐστίν
858 860 958 915 ἐπί
997 860 1110 928 τῆς
1152 859 1260 930 τῆς
1291 859 1659 928 τελευτήσει.

15 955 91 1009 [αἱ
146 954 267 1024 γὰρ
314 951 621 1024 καθαρσίου
674 949 861 1009 λοιπὸν
885 949 1054 1006 δεῖται
1085 948 1118 1018 ή
1146 947 1438 1017 οἰκουμένη
1467 987 1483 1013 ,
1528 945 1663 1001 ἀλλά

16 1043 139 1095 οῦτο
175 1043 257 1113 μή
301 1057 368 1093 σε
404 1039 736 1110 ταραττέτω,
767 1036 903 1108 μηδὲ
939 1035 1207 1106 συγχείτω
1236 1051 1328 1088 σου
1372 1034 1465 1089 τὸν
1516 1033 1664 1103 λογι-

16 1133 139 1201 μον.
185 1127 374 1200 Ὁρῶν
415 1127 525 1197 γὰρ
554 1124 734 1181 αὐτῶν
757 1124 853 1177 τοῦ
884 1122 1077 1186 ἐλκους
1100 1122 1163 1175 τὸ
1190 1123 1435 1188 ἀνίατον,
1468 1124 1663 1191 στῆσαι

16 1218 254 1286 ἰούλομαι
274 1216 349 1268 τά
378 1212 480 1283 τῆς
509 1212 706 1274 κακίας
729 1210 1000 1282 ῥεύματα,
1027 1209 1113 1262 ῖνα
1144 1209 1219 1281 μή
1252 1208 1462 1279 μείζοσι
1493 1225 1664 1279 τιμω-

15 1306 128 1368 ιίαις
156 1304 399 1364 ἑαυτοὺς
417 1300 751 1362 ὑπευθύνους
779 1297 1179 1366 καταστήσωσι.
1206 1295 1296 1347 Διὸ
1320 1294 1415 1348 καὶ
1443 1293 1536 1348 νῦν
1566 1292 1665 1364 τὴν

15 1391 180 1448 ιαυτοῦ
210 1388 632 1460 φιλανθρωπίαν
663 1383 1018 1456 μιμούμενος,
1044 1384 1136 1436 καὶ
1156 1381 1449 1454 ἀγαθότητι
1470 1398 1665 1453 κεραν-

15 1484 80 1543 ιὺς
106 1479 211 1549 τὴν
234 1476 639 1546 ἀγανάκτησιν,
667 1475 922 1543 τοιαύτην
945 1472 1134 1539 ἐπάγω
1158 1471 1256 1542 τὴν
1280 1470 1567 1541 τιμωρίαν,
1588 1468 1664 1533 ὡς

15 1568 266 1621 ίνώδυνον
302 1565 490 1625 αὐτοῖς
523 1560 776 1630 γενέσθαι
814 1561 908 1617 καὶ
940 1558 1354 1629 ἀνεπαίσθητον.
1396 1557 1528 1613 Οὐδὲ
1556 1558 1662 1627 γὰρ

15 1655 123 1725 πρὸς
148 1653 216 1706 τὸ
251 1653 367 1705 τῶν
399 1648 806 1727 ἡμαρτημένων
832 1647 1013 1710 αὐτοῖς
1037 1645 1264 1717 μέγεθος
1285 1644 1524 1716 ἀφορῶν,
1545 1644 1663 1698 οὐδὲ

15 1743 148 1796 τίνων
186 1739 339 1804 ἄξιοι
363 1736 744 1806 τυγχάνουσιν,
772 1732 906 1787 ἀλλά
934 1732 1000 1786 τά
1031 1732 1168 1804 μετά
1187 1731 1357 1784 ταῦτα
1392 1730 1661 1803 προορῶν,

15 1830 83 1882 ιαὶ
106 1828 328 1890 τούτοις
353 1824 611 1896 βούλομαι
637 1823 736 1891 τὴν
762 1820 1136 1891 ἁρμόττουσαν
1162 1817 1430 1889 τιμωρίαν
1458 1819 1666 1887 ἐπαγα-

15 1919 102 1986 ξεῖν
122 1955 137 1977 ,
174 1914 279 1967 καὶ
307 1913 436 1977 τοὺς
464 1910 590 1981 ἑξῆς
626 1908 923 1979 μέλλοντας
957 1904 1174 1963 ἔσεσθαι
1201 1905 1299 1979 τῆς
1351 1905 1415 1958 ἐκ
1461 1904 1664 1959 τούτων

15 2000 302 2066 tamam
334 1999 536 2070 λύμης.
566 1995 659 2067 Μὴ
697 1994 872 2053 τοίνυν
897 1993 1147 2064 κατηφὴς
1190 1991 1313 2056 έσο,
1351 1991 1482 2063 μηδὲ
1508 1992 1665 2064 θορυ-

15 2091 87 2144 ἰοῦ
104 2089 287 2144 ταῦτα
315 2086 553 2142 ἀκούων.
580 2085 643 2139 Ei
672 2082 781 2155 γάρ
811 2081 903 2134 καὶ
943 2078 1183 2143 ἐκείνους
1208 2078 1334 2143 ἀξία
1357 2078 1464 2133 τῶν
1485 2080 1666 2149 ἡμαρ-

15 2178 248 2249 ιημένων
278 2174 403 2244 δίκη
430 2172 818 2241 καταλήψεται,
846 2167 981 2221 ἀλλά
1004 2165 1213 2234 Στήσω
1240 2166 1353 2235 τὴν
1374 2166 1668 2236 διαθήκην

16 2282 105 2317 νου
122 2262 284 2332 μετὰ
306 2260 448 2316 σοῦ.
480 2256 699 2327 Ἐπειδὴ
727 2256 927 2317 πάντες
957 2254 1005 2305 οἱ
1034 2251 1395 2319 προλαϐόντες
1418 2251 1666 2317 ἀναξίους

15 2352 221 2412 ἑαυτοὺς
256 2346 624 2416 κατέστησαν,
648 2343 742 2396 καὶ
765 2342 826 2394 ού
852 2340 1134 2409 γεγόνασιν
1163 2337 1501 2410 εὐγνώμονες
1538 2340 1667 2410 περὶ

15 2439 91 2502 τὰς
123 2437 272 2507 ἐμάς
306 2433 531 2498 ἐντολὰς
555 2471 570 2496 ,
604 2429 743 2503 μετά
772 2428 866 2482 σοῦ
902 2429 1089 2483 λοιπὸν
1131 2428 1313 2498 στήσω
1343 2427 1443 2497 τήν
1478 2426 1666 2498 διαθή-

15 2543 98 2595 ιιην
121 2542 251 2595 μου.
278 2522 394 2576 Καὶ
420 2521 529 2591 γάρ
553 2522 581 2573 ὁ
605 2517 1044 2591 πρωτόπλαστος,
1068 2515 1204 2586 μετά
1225 2514 1488 2578 τοσαύτας
1512 2515 1666 2585 εύερο

15 2614 183 2683 γεσίας
217 2611 443 2680 ἀπάτην
484 2606 819 2679 ὑπομείνας,
854 2604 1070 2675 παρέϐη
1121 2621 1222 2676 μου
1270 2603 1367 2683 τὰς
1417 2603 1665 2669 ἐντολάς,

15 2704 87 2755 καὶ
113 2704 143 2754 ό
174 2700 240 2765 ἐξ
265 2697 484 2751 ἐκείνου
509 2695 669 2749 πάλιν
696 2692 907 2763 τεχθεὶς
936 2693 1017 2755 είς
1046 2690 1207 2744 αὐτὸν
1232 2690 1331 2761 τῆς
1357 2691 1551 2753 κακίας
1577 2691 1669 2743 τὸν

15 2787 253 2857 πυθμένα
286 2783 487 2839 ὤλισθε
507 2798 522 2814 ο
548 2782 631 2836 διὸ
659 2781 755 2834 καὶ
786 2780 1008 2853 διηνεκῆ
1038 2779 1136 2850 τὴν
1157 2778 1425 2849 τιμωρίαν
1454 2776 1671 2844 ἐδέξατο

15 2877 135 2947 μετά
163 2878 270 2945 τῆς
298 2873 570 2943 κατάρας.
614 2868 750 2923 Ἀλλ’
776 2868 897 2921 οὐδὲ
926 2870 1046 2930 ταῖς
1075 2866 1263 2920 τούτου
1299 2866 1586 2935 τιμωρίαις
1620 2867 1670 2918 οί

15 2966 115 3033 μετ’
145 2962 318 3015 αὑτὸν
342 2956 841 3030 ἐσωφρονίσθησαν,
873 2955 1008 3011 ἀλλά
1042 2955 1132 3009 καὶ
1164 2954 1669 3024 ἐπεδαψιλεύσαντο,

16 3053 73 3117 ὣς
98 3052 195 3104 καὶ
224 3050 332 3119 τῆς
367 3044 716 3116 γενεαλογίας
748 3044 943 3105 αὐτοὺς
972 3041 1495 3113 ἀποδοκιμασθῆναι.
1522 3040 1673 3095 Μετά

15 3139 67 3209 δή
88 3136 267 3191 ταῦτα
301 3131 481 3202 εὑρὼν
512 3130 603 3184 τὸν
638 3128 808 3199 Ἑνὼχ
838 3132 936 3200 τῆς
972 3129 1173 3199 ἀρετῆς
1210 3127 1306 3198 τὴν
1348 3128 1529 3181 είκόνα
1559 3128 1674 3181 δια-

15 3225 271 3289 σώζοντα,
297 3221 391 3274 διά
421 3220 521 3289 τὴν
546 3217 745 3290 πολλὴν
767 3217 1122 3287 εὐαρέστησιν
1149 3214 1326 3280 ζῶντα
1351 3216 1511 3268 αὑτὸν
1545 3234 1674 3286 μετ-

15 3311 196 3381 έθηκα,
226 3308 451 3370 δεικνὺς
484 3307 579 3361 καὶ
623 3307 736 3365 τοῖς
772 3303 870 3374 τὴν
923 3301 1124 3373 ἀρετὴν
1180 3301 1485 3372 μετιοῦσιν,
1535 3303 1675 3356 ὅσων

15 3398 394 3465 καταξιοῦνται
442 3393 550 3449 τῶν
578 3391 818 3464 ἀμοισῶν
842 3431 857 3456 ,
890 3390 986 3443 καὶ
1017 3390 1336 3460 βουλόμενος
1378 3392 1505 3454 τοὺς
1548 3390 1675 3460 ἑξῆς

15 3484 254 3555 ζηλωτάς
285 3482 498 3536 ἐκείνου
529 3479 864 3549 καταστῆσαι
894 3478 943 3541 ιι,
974 3479 1068 3531 καὶ
1120 3478 1217 3548 τὴν
1268 3478 1438 3549 αὐτὴν
1486 3478 1677 3549 ἐκείνῳ

15 3572 221 3643 βαδίσαι
252 3570 396 3623 ὁδόν.
432 3566 586 3620 Ἐπεὶ
616 3566 822 3627 τοίνυν,
862 3564 1078 3621 πάντων
1110 3564 1294 3617 λοιπὸν
1334 3565 1424 3617 ἐπὶ
1449 3565 1548 3635 την
1579 3582 1678 3617 κα-

15 3662 128 3714 κίαν
156 3654 653 3726 αὐτομολησάντων
672 3693 688 3719 ,
724 3652 784 3704 σὲ
818 3652 975 3723 μόνον
1002 3643 1161 3723 εὗρον
1194 3652 1251 3705 ἐν
1277 3652 1515 3723 τοσούτῳ
1543 3651 1678 3723 πλή-

15 3748 90 3800 θει
121 3745 430 3816 δυνάμενον
456 3739 896 3797 ἀνακαλέσασθαι
922 3737 1016 3792 τοῦ
1053 3739 1397 3809 προπάτορος
1428 3740 1525 3809 τὴν
1571 3757 1677 3794 πα-

16 3836 281 3907 ράϐασιν,
324 3829 461 3901 μετά
493 3827 587 3881 σοῦ
642 3828 821 3897 στήσω
854 3827 964 3897 ,τὴν
1002 3826 1264 3897 διαθήκην
1312 3844 1434 3896 μου.
1475 3826 1537 3879 Ἢ
1569 3828 1678 3900 γὰρ

16 3925 114 3977 τῶν
148 3918 503 3992 βεϐιωμένων
532 3933 612 3969 σοι
639 3914 835 3986 πρᾶξις
865 3912 1175 3978 ἀξιόπιστόν
1200 3931 1258 3966 σε
1280 3913 1514 3967 δείκνυσι
1543 3916 1679 3987 πρὸς

15 4011 71 4063 τὺ
94 4007 357 4075 δέξασθαι
411 4004 511 4067 τάς
558 4002 689 4073 παρ’
722 4001 855 4072 ἐμοῦ
892 4000 1127 4064 ἐντολάς.
1166 3996 1300 4054 Εἶτα
1346 4001 1433 4056 ἵνα
1464 4000 1539 4074 μὴ
1586 4004 1681 4057 καὶ

16 4099 183 4152 ταῦτα
230 4091 448 4149 ἀκούων
492 4091 521 4143 ό
568 4088 774 4151 δίκαιος
815 4088 1020 4152 ἐκεῖνος
1050 4087 1128 4140 έτι
1163 4088 1374 4159 ἀθυμῇ,
1409 4089 1485 4153 ὡς
1519 4090 1681 4160 μόνος

250 4174 809 4247 καταλειφθήσεσθαι,
854 4173 1341 4246 παραμυθούμενος
1375 4176 1534 4230 αύτδν
1554 4216 1570 4240 ,
1605 4177 1681 4241 ὼς

16 4274 187 4326 εἰπεῖν
209 4309 225 4333 ,
256 4266 424 4321 πάλιν
467 4264 657 4335 φησίν·
686 4263 1022 4332 Εἱσελεύσῃ
1070 4262 1133 4316 δὲ
1164 4266 1250 4327 εὶς
1276 4263 1391 4332 τὴν
1436 4266 1684 4320 κιϐωτὸν

16 4361 113 4425 σὺ,
138 4357 247 4413 καί
282 4356 339 4410 οί
370 4355 489 4408 υἱοί
519 4367 658 4416 σου,
690 4353 788 4405 καὶ
824 4352 861 4420 ἡ
899 4350 1053 4420 γυνή
1081 4366 1230 4415 σου,
1264 4350 1359 4405 καί
1384 4354 1444 4406 αἱ
1477 4354 1681 4423 γυναῖ-

16 4465 115 4512 κες
147 4445 276 4499 τῶν
306 4441 456 4497 υἱῶν
480 4456 597 4495 σου
622 4440 771 4508 μετὰ
796 4437 932 4493 σοῦ.
956 4436 1019 4491 ΕΞ
1049 4437 1158 4509 γὰρ
1178 4439 1271 4492 καὶ
1301 4439 1433 4493 πολὺ
1463 4444 1561 4512 τῆς
1589 4442 1682 4495 τοῦ

16 4535 228 4588 δικαίου
256 4529 463 4603 ἀρετῆς
509 4527 816 4591 ἐλείποντο,
851 4524 967 4579 ἀλλ’
1003 4526 1151 4597 ὅμως
1185 4528 1283 4597 τῆς
1319 4527 1685 4597 ὑπερϐαλλού-

17 4640 112 4691 σης
147 4619 385 4674 ἐκείνων
415 4615 612 4677 κακίας
637 4614 793 4678 ἐκτὸς
821 4609 982 4684 ἦσαν.
1011 4612 1220 4676 Ἀλλως
1250 4613 1307 4666 δὲ
1351 4616 1444 4667 καὶ
1469 4615 1555 4669 διὰ
1594 4616 1686 4670 δύο

15 4708 224 4768 ταύτας
248 4704 351 4766 τάς
373 4702 549 4764 αἰτίας
570 4700 669 4770 τῆς
699 4698 973 4771 σωτηρίας
1005 4698 1367 4765 ἀπολαύουσι,
1400 4701 1529 4771 μίαν
1565 4703 1683 4772 μὲν,

16 4796 93 4858 εἰς
121 4792 298 4862 τιμὴν
327 4788 422 4844 τοῦ
468 4787 678 4843 δικαίου
700 4803 714 4818 ·
747 4786 867 4850 ἔθος
897 4793 1008 4857 γάρ
1049 4787 1129 4859 τῷ
1179 4789 1540 4860 φιλανθρώπῳ
1569 4790 1686 4863 Θεῷ

18 4885 185 4951 τιμᾷν
214 4880 344 4941 τοῦς
375 4876 542 4932 αὑτοῦ
579 4874 794 4939 δούλους
818 4915 833 4939 ,
865 4875 960 4928 καὶ
1000 4874 1317 4945 χαρίζεσθαι
1350 4877 1534 4941 αὐτοῖς
1558 4880 1688 4932 πολ-

19 4970 177 5032 um;
219 4966 321 5039 τὴν
358 4966 563 5035 ἐτέρων
612 4964 919 5034 σωτηρίαν,
959 4963 988 5015 ὃ
1020 4965 1113 5017 καὶ
1163 4965 1259 5017 ἐπὶ
1292 4965 1385 5018 τοῦ
1417 4968 1687 5041 μακαρίου

23 5058 240 5113 Παύλου
277 5052 569 5123 πεποίηκε,
610 5051 703 5104 τοῦ
726 5050 1044 5104 διδασκάλου
1076 5052 1175 5123 τῆς
1205 5053 1524 5124 οἰκουμένης
1546 5093 1561 5118 ,
1595 5054 1689 5108 τοῦ

25 5140 302 5211 πανταχοῦ
328 5139 427 5202 τὰς
455 5140 679 5201 ἀκτῖνας
705 5140 804 5209 τῆς
826 5138 1032 5201 οἰκείας
1054 5138 1396 5203 διδασκαλίας
1416 5140 1686 5209 ἀφιέντος.

37 5231 230 5282 Ἡνίκα
255 5227 366 5299 γάρ
406 5220 562 5287 οὗτος
590 5225 684 5277 ἐπὶ
716 5224 815 5295 τήν
855 5224 1075 5294 Ῥώμην
1112 5226 1343 5295 ἀνήγετο
1368 5264 1382 5288 ,
1425 5228 1691 5297 χειμῶνος

27 5318 165 5371 κατά
191 5316 292 5386 τὴν
320 5314 593 5369 θάλατταν
622 5311 818 5365 πολλοῦ
849 5313 1142 5382 γενομένου
1162 5353 1177 5378 ,
1201 5312 1297 5365 καὶ
1331 5314 1546 5368 πάντων
1583 5314 1693 5369 τῶν

26 5404 80 5459 ἐν
107 5403 190 5474 τῷ
220 5401 393 5471 πλο¹ῳ
425 5400 554 5471 περὶ
583 5400 752 5469 αὐτῆς
787 5402 886 5470 τῆς
916 5399 1186 5471 σωτηρίας
1217 5399 1565 5465 δεδοικότων,
1600 5403 1694 5455 καὶ

25 5490 283 5560 οὐδεμίαν
314 5487 510 5541 ἐλπίδα
542 5486 695 5559 [2‘23]
722 5486 962 5558 χρηστὴν
991 5487 1223 5557 ἐχόντων
1248 5487 1335 5542 διά
1363 5488 1423 5541 τὺ
1455 5488 1549 5541 τοῦ
1578 5489 1695 5544 κλυο

24 5578 215 5633 δωνίου
250 5575 520 5645 μέγεθος,
550 5575 787 5638 καλέσας
814 5575 1059 5639 ἅπαντάς
1108 5593 1273 5645 φησιν
1293 5591 1309 5608 ο
1349 5579 1694 5645 Εὐθυμεῖτε,

25 5667 262 5732 ἄνδρες.
282 5662 571 5727 Ἀποϐολὴ
594 5662 703 5731 γὰρ
728 5661 937 5731 ψυχῆς
962 5663 1208 5731 οὐδεμία
1233 5663 1405 5718 ἔσται
1431 5664 1500 5728 ἐξ
1528 5663 1697 5734 ἡμῶν

26 5754 195 5821 πλὴν
220 5751 329 5806 τοῦ
367 5751 607 5804 πλοίου.
640 5749 914 5818 Πιιρέστη
949 5752 1058 5820 γάρ
1081 5769 1180 5821 μοι
1205 5744 1390 5821 ταύτῃ
1425 5751 1498 5821 τῇ
1521 5752 1693 5809 νυκτὶ

87 5895 101 5910 ⁸
142 5889 292 5938 Savil.
319 5894 377 5937 et
402 5888 487 5938 alii
519 5888 926 5948 ὗπολειφθήσεται.

90 5953 116 5996 h
141 5953 316 6003 Morel.
348 5950 564 6010 ζηλωτὰς
594 5948 737 5999 αὐτοῦ
779 5955 1083 6007 καταστῆναι.

3317 303 3432 361 2m

1763 420 1869 475 τοῦ
1898 422 2068 486 Θεοῦ,
2095 418 2165 477 οὗ
2195 425 2308 491 εἰμι
2341 422 2439 476 καί
2467 424 2759 490 λατρεύω,
2798 421 3050 495 ἅγγελος
3092 418 3299 488 λέγων,
3326 421 3433 489 Μὴ

1759 508 1968 576 φοϐοῦ,
2005 508 2205 562 Παῦλε
2232 550 2247 571 ,
2279 508 2625 576 κεχάρισται
2663 509 2773 578 γάρ
2798 527 2896 563 σοι
2930 510 2963 562 ὁ
3012 506 3155 572 Θεὸς
3196 504 3427 572 πάντας

1759 592 1901 659 τοὺς
1925 594 2221 661 πλέοντας
2250 597 2400 663 μετὰ
2432 595 2569 650 σοῦ.
2610 593 2761 658 Εἶδες
2795 595 2913 658 πῶς
2944 596 2977 666 ή
3006 592 3176 664 ἁρετὴ
3208 591 3303 646 τοῦ
3335 594 3426 646 ἀν-

1758 680 1884 749 δρὸς
1916 680 2013 752 τὴν
2044 681 2314 752 σωτηρίαν
2346 682 2572 744 ἐκείνοις
2603 681 2928 753 προεξένησε
2953 698 2966 744 ;
3019 680 3215 751 μᾶλλον
3246 680 3303 733 δὲ
3327 681 3429 750 οὑχ

1759 764 1793 832 ἡ
1828 763 1995 834 ἀρετὴ
2028 763 2211 833 μόνον,
2249 763 2383 816 ἀλλά
2412 764 2505 817 καὶ
2539 766 2572 834 ἡ
2602 763 2978 835 φιλανθρωπία
3006 762 3100 815 τοῦ
3130 763 3424 816 Δεσπότου,

1761 844 1865 899 Τὸν
1894 846 2056 898 αὑτὸν
2083 846 2147 916 δὴ
2176 847 2373 917 τρόπον
2402 848 2493 903 καὶ
2540 846 2634 900 νῦν
2662 846 2756 900 διὰ
2787 848 2914 916 μίαν
2961 847 3058 917 μὲν
3086 845 3263 899 αἰτίαν
3292 844 3425 899 ταύ-

1760 949 1893 1003 την·
1927 933 1995 986 δι’
2026 933 2220 1004 ἑτέραν
2249 934 2328 997 δὲ,
2359 933 2544 1004 ἐπειδὴ
2585 934 2832 989 ἐϐούλετο
2863 933 3040 1004 ζύμην
3068 931 3190 985 τινὰ
3215 933 3310 984 καὶ
3342 931 3426 1001 ρί-

1761 1019 1863 1084 ζαν
1908 1019 2001 1072 τοῦ
2040 1019 2327 1090 μέλλοντος
2356 1022 2436 1083 είς
2480 1021 2541 1074 τὸ
2570 1018 2697 1091 ἑξῆς
2724 1018 3082 1073 συνίστασθαι
3104 1019 3295 1086 γένους
3327 1034 3431 1070 κα-

1759 1106 2112 1178 ταλειφθῆναι
2144 1122 2159 1139 ⁸
2208 1108 2307 1160 ούκ
2359 1108 2547 1178 ἐπειδὴ
2601 1107 2860 1164 ἀδύνατον
2916 1102 2984 1176 ἦν
3034 1105 3110 1176 τῷ
3160 1104 3278 1175 Θεῷ
3336 1106 3437 1163 καὶ

1761 1194 1970 1248 ἄνωθεν
2008 1194 2171 1247 πάλιν
2210 1194 2662 1262 διαπλάσαι,κα“ι
2712 1194 2769 1261 ἐξ
2824 1194 2938 1257 ἐνὸς
2994 1193 3153 1264 μόνου
3184 1193 3245 1246 τὸ
3273 1194 3429 1264 γένος

1763 1282 1993 1351 αὐξῆσαι
2013 1297 2027 1311 θ
2061 1281 2172 1334 ἀλλ’
2190 1282 2377 1351 ἐπειδὴ
2413 1281 2585 1346 οὕτως
2618 1282 2928 1353 ἐδοκίμασε,
2958 1282 3056 1353 τὴν
3085 1281 3261 1335 οἰκίαν
3291 1283 3431 1351 ἀγακι

1764 1366 1960 1436 θότητα
1984 1368 2337 1437 μιμούμενος.

1832 1453 1896 1509 ε’.
1930 1453 2196 1507 Σκόπειδέ
2219 1454 2313 1507 καὶ
2335 1453 2421 1506 διά
2444 1452 2549 1505 τῶν
2567 1453 2691 1525 ἑξῆς
2715 1453 2811 1507 τού
2827 1453 2959 1507 Θεοῦ
2984 1455 3081 1526 τήν
3097 1454 3425 1525 ἀγαθότητα.

1765 1541 1975 1612 Ὠσπερ
2007 1541 2115 1612 γάρ
2143 1543 2201 1595 ἐν
2225 1544 2291 1613 τῇ
2321 1541 2515 1612 ἀπειλῇ
2543 1545 2641 1612 τῆς
2678 1542 2947 1615 τιμωρίας
2973 1582 2986 1604 ,
3027 1542 3165 1612 μετά
3188 1541 3283 1595 τοῦ
3320 1542 3447 1598 τῶν.

1764 1628 2065 1700 ἀνθρώπων
2094 1629 2282 1698 γένους
2311 1629 2401 1681 καὶ
2445 1629 2512 1681 τά
2538 1630 2709 1699 κτήνη
2743 1630 2833 1681 καὶ
2861 1629 2928 1681 τὰ
2970 1628 3211 1698 ἑρπετὰ,
3239 1629 3333 1683 καὶ
3361 1632 3444 1689 τδρ

1764 1716 2008 1781 πετεινὰ,
2041 1717 2136 1769 καὶ
2162 1716 2233 1768 τά
2259 1714 2423 1785 θηρία
2447 1715 2739 1768 ἀπολέσθαι
2792 1711 2982 1771 εἶπεν
3022 1714 3165 1768 οῦτω
3208 1716 3302 1770 καὶ
3346 1716 3431 1769 ἐν·

1763 1802 1936 1857 ταῦθα
1956 1802 2043 1882 διά
2065 1802 2155 1855 τὸν
2191 1801 2398 1855 δίκαιον
2425 1802 2519 1854 καὶ
2550 1801 2614 1853 ἐκ
2647 1800 2851 1853 τούτων
2879 1801 3198 1872 εἰσαχθῆναι
3225 1802 3306 1867 είς
3332 1801 3443 1871 τὴεὴ

1765 1889 1996 1945 κιϐωτὸν
2022 1872 2117 1958 ἀφ’
2148 1889 2375 1943 ἑκάστου
2401 1888 2592 1957 γένους
2626 1888 2958 1958 προστάττει
2987 1889 3115 1959 μίαν
3146 1888 3441 1958 συζυγίαν,

1764 1976 1905 2030 ὥστε
1940 1976 2158 2047 σπέρμα
2191 1976 2283 2029 καὶ
2333 1975 2585 2046 ἀπαρχὴν
2632 1975 2886 2043 γενέσθαι
2923 1974 3030 2029 τοῦ.
3074 1975 3225 2046 μετὰ,
3256 1975 3441 2033 ταῦτσέ

1767 2063 2049 2135 μέλλοντος
2091 2063 2307 2116 ἔσεσθαι
2348 2061 2608 2133 πλήθους.
2649 2062 2757 2115 Καὶ
2796 2061 2915 2115 ἀπὸ
2949 2061 3189 2117 πάντων
3210 2104 3224 2129 ,
3273 2064 3428 2134 φησι,

1764 2151 1883 2205 τῶν
1905 2149 2161 2218 κτηνῶν,
2191 2148 2290 2203 καί
2320 2149 2439 2202 ἀπὸ
2477 2147 2720 2202 πάντων
2750 2146 2867 2201 τῶν
2899 2150 3116 2217 θηρίων
3136 2191 3150 2209 ,
3185 2151 3282 2203 κ(ιί
3311 2150 3431 2203 ἀπὸ

1764 2238 1970 2305 πάσης
2001 2235 2263 2305 σαρκὸς,
2314 2234 2425 2288 δύο
2462 2233 2572 2288 δύο
2606 2233 2725 2288 ἀπὸ
2772 2232 3014 2288 πάντων
3052 2234 3312 2302 είσάξεις
3345 2238 3445 2305 είς,-

1764 2319 1879 2387 τὴν
1907 2317 2178 2384 κιϐωτὸν,
2212 2318 2313 2371 ἵνα
2340 2314 2568 2386 τρέφῃς
2591 2317 2742 2386 μετὰ
2769 2316 3032 2371 σεαυτοῦ
3057 2334 3070 2347 ·
3101 2317 3293 2385 ἄρσεν
3332 2319 3443 2374 καίέ
3490 2370 3493 2373 η

1764 2401 1923 2469 θῆλυ
1950 2401 2220 2455 ἔσονται.
2262 2399 2397 2454 Ἀπὸ
2420 2399 2664 2453 πάντων
2689 2398 2809 2453 τῶν
2839 2399 3063 2468 ὀρνέων
3099 2401 3218 2455 τῶν
3244 2417 3443 2455 πετει-

1765 2480 1888 2534 νῶν
1919 2478 2069 2533 κατὰ
2112 2477 2288 2547 γένος
2313 2518 2328 2541 ,
2374 2478 2474 2532 καὶ
2503 2478 2623 2533 ἀπὸ
2649 2477 2770 2531 τῶν
2794 2478 3031 2545 κτηνῶν
3057 2479 3209 2533 κατὰ
3234 2480 3444 2548 γένος..

1766 2558 1865 2611 καὶ
1902 2559 2019 2611 ἀπὸ
2068 2556 2187 2611 τῶν
2237 2556 2502 2625 ἑρπετῶν
2531 2557 2649 2610 τῶν
2687 2557 2991 2624 ἑρπόντων
3027 2557 3127 2611 ἐπὶ
3166 2558 3276 2626 τῆς
3323 2556 3436 2629 γῆς

1766 2636 1917 2691 κατὰ
1969 2634 2178 2706 γένος,
2223 2635 2333 2690 δύο
2374 2635 2486 2690 δύο
2535 2634 2656 2689 ἀπὸ
2707 2633 2948 2688 πάντων
2983 2636 3447 2693 είσελεύσονταο

1766 2717 1915 2781 πρὸς
1947 2714 2042 2775 σὲ,
2072 2715 2392 2783 τρέφεσθαι
2419 2716 2569 2782 μετὰ
2600 2711 2884 2775 σεαυτοῦ,
2919 2711 3108 2781 ἄρσεν
3130 2714 3227 2767 καὶ
3252 2713 3444 2783 θῆλυ..

1768 2794 1938 2847 Τοῦτο
1972 2794 2046 2864 μὴ
2071 2792 2257 2855 ἁπλῶς
2290 2791 2655 2863 παραδράμῃς
2676 2830 2690 2852 ,
2723 2790 2973 2860 ἀγαπητέ
3000 2806 3013 2820 ⁶
3047 2791 3295 2862 ἐννόησον
3326 2791 3451 2863 γὰρ,

1768 2874 1890 2927 ὅσον
1918 2873 2093 2926 ἔτικτε
2119 2871 2196 2940 τῷ
2219 2871 2413 2942 δικαίῳ
2436 2870 2527 2923 τὸν
2555 2869 2801 2940 θόρυϐον,
2816 2868 3080 2922 ἐννοοῦντι
3108 2869 3206 2941 τὴν
3234 2870 3446 2924 τούτων.

1768 2951 1906 3005 ὅλων
1938 2949 2272 3020 ἐπιμέλειαν.
2307 2950 2383 3002 Ού
2412 2948 2520 3020 γὰρ
2548 2948 2705 3018 ἤρκει
2736 2946 2886 3017 αύτῷ
2911 2949 2945 3018 ή
2978 2948 3200 3019 φροντὶς
3225 2951 3323 3019 τῆς
3341 2966 3438 3018 γυ-

1769 3035 1983 3098 ναικὸς,
2018 3033 2112 3087 καὶ
2159 3031 2269 3086 τῶν
2308 3032 2511 3086 παίδων
2536 3071 2551 3096 ,
2613 3030 2705 3083 καὶ
2737 3031 2845 3083 τῶν
2891 3029 3095 3083 τούτων
3141 3032 3436 3098 γυναικῶν,

1770 3111 1906 3167 ἀλλά
1940 3113 2030 3166 καὶ
2071 3114 2105 3182 ή
2138 3112 2378 3182 μέριμνα
2425 3109 2533 3163 τῶν
2581 3108 2853 3164 τοσούτων
2894 3109 3103 3177 ἀλόγων
3134 3109 3227 3163 καὶ
3253 3112 3286 3179 ή
3326 3109 3442 3165 δια-

1770 3193 1944 3262 τροφὴ
1973 3190 2342 3262 προσετίθετο.
2400 3188 2537 3242 Ἀλλ’
2571 3189 2862 3258 ἀνάμεινον
2911 3187 3141 3259 μικρὸν,
3184 3190 3278 3242 καὶ
3320 3188 3440 3259 ὕψει

1771 3269 1866 3323 τοῦ
1899 3268 2032 3321 Θεοῦ
2065 3267 2164 3338 τὴν
2191 3266 2523 3337 ἀγαθότητα,
2552 3267 2646 3320 καὶ
2665 3267 2813 3329 ὅπως
2838 3266 3176 3335 ἐπικουφίζει
3206 3265 3303 3338 τὴν
3323 3270 3442 3320 ἐπι-

1706 3374 1711 3379 ·
1773 3347 2035 3418 κειμένην
2069 3345 2325 3417 φροντίδα
2369 3345 2448 3416 τῷ
2495 3345 2709 3415 δικαίῳ.
2750 3344 2833 3399 Σὺ
2870 3344 3142 3418 δὲῗλήψη
3184 3343 3441 3412 σεαυτῷ,

1775 3417 1962 3498 φησὶν,
2004 3425 2120 3479 ἀπὸ
2153 3422 2396 3477 πάντων
2440 3422 2561 3477 τῶν
2578 3421 2910 3493 βρωμάτων
2938 3417 3026 3478 ὧν
3055 3424 3299 3488 ἕδεσθε,
3342 3425 3443 3480 καί

1775 3503 2062 3569 συνάξεις
2087 3506 2237 3571 πρὸς
2258 3502 2552 3567 σεαυτὸν,
2599 3502 2696 3556 καὶ
2724 3502 2897 3556 ἔσται
2925 3503 3023 3557 σοί
3053 3502 3153 3556 καὶ
3190 3504 3444 3571 ἐκείνοις

1776 3582 2007 3653 φαγεῖν.
2038 3581 2130 3651 Μὴ
2166 3579 2430 3653 νομίσῃς,
2470 3582 2663 3650 φησὶν,
2708 3581 3041 3651 άπρονόητόν
3075 3598 3135 3634 σε
3173 3582 3443 3654 καταλιμ-

1777 3659 2064 3716 πάνεσθαι.
2111 3659 2241 3712 Ἰδοὺ
2283 3659 2391 3727 γὰρ
2430 3658 2749 3729 προστάττω
2778 3659 2874 3712 καὶ
2910 3658 2979 3712 τά
3016 3659 3151 3730 πρὸς
3178 3660 3274 3731 τὴν
3305 3661 3444 3732 ὑμε-

1776 3740 1941 3810 τέραν
1967 3736 2170 3808 τροφὴν
2220 3738 2493 3809 ἀρκοῦντα
2520 3778 2537 3803 ,
2572 3738 2667 3791 καὶ
2714 3738 2784 3791 τά
2833 3738 2970 3809 πρὸς
3012 3738 3303 3809 διατροφὴν
3333 3740 3442 3794 τῶν

1777 3817 1986 3886 ἀλόγων
2015 3817 2228 3870 ᾶπαντα
2258 3814 2574 3886 εἰσαχθῆναι
2610 3816 2690 3879 εἰς
2721 3815 2817 3887 τὴν
2853 3816 3103 3881 κιϐωτὸν,
3133 3815 3268 3870 ὥστε
3306 3820 3443 3890 μήτε

1780 3897 1924 3965 ὑμᾶς
1969 3892 2126 3964 λιμοῦ
2164 3894 2258 3947 καὶ
2305 3894 2663 3964 στενοχωρίας
2709 3895 2905 3967 πεῖραν
2932 3894 3151 3960 λαϐεῖν,
3206 3898 3342 3966 μήτε
3373 3896 3444 3951 τὰ

1779 3976 1949 4043 ἄλογα
1976 3972 2340 4044 διαφθαρῆναι
2373 3973 2474 4026 ούκ
2512 3972 2706 4043 έχοντα
2732 3975 2832 4043 τὴν
2865 3972 3197 4043 κατάλληλον
3216 3976 3439 4047 τροφήν.

1778 4054 1889 4109 Καὶ
1914 4052 2187 4121 ἐποίησε,
2211 4052 2364 4121 φησὶ,
2388 4050 2518 4105 Νῶε
2545 4050 2744 4105 πάντα
2772 4050 2890 4106 ὅσα
2919 4050 3254 4106 ἐνετείλατο
3283 4053 3445 4120 αὐτῷ

1779 4134 1993 4202 Κύριος
2028 4133 2062 4185 ό
2088 4129 2232 4196 Θεὸς
2256 4170 2271 4195 ,
2305 4130 2494 4196 οὕτως
2520 4129 2829 4199 ἐποίησεν.
2864 4127 3009 4202 Ὅρα
3041 4148 3132 4201 μοι
3166 4131 3327 4186 πάλιν
3352 4133 3446 4186 καὶ

1780 4210 2013 4267 ἐνταῦθα
2036 4209 2319 4280 ἐγκωμίου
2339 4207 2585 4279 μέγεθος.
2604 4209 2907 4276 Ἐποίησε,
2931 4210 3084 4279 φησὶ,
3104 4207 3230 4262 Νῶε
3250 4208 3447 4263 πάντα

1782 4293 1899 4345 ὅσα
1924 4291 2261 4345 ἐνετείλατο
2292 4286 2454 4353 αὐτῷ
2477 4289 2692 4356 Κύριος
2738 4290 2772 4342 ό
2804 4289 2966 4354 Θεός.
3004 4289 3079 4342 Οὐ
3107 4287 3168 4341 τὸ
3211 4288 3310 4359 μὲν
3337 4289 3446 4342 τῶν

1782 4369 2181 4441 ἐπιταχθέντων
2210 4369 2288 4431 είς
2334 4366 2491 4437 ἔργον
2516 4366 2720 4437 ῆγαγε,
2749 4365 2843 4419 τοῦ
2876 4365 2934 4418 δὲ
2969 4366 3240 4436 ἠμέλησεν
3261 4408 3276 4433 ,
3310 4366 3449 4422 ἀλλά

1784 4450 1962 4505 πάντα
1991 4449 2060 4502 τά
2109 4447 2431 4501 ἐνταλθέντα
2472 4445 2715 4517 ἐποίησε,
2764 4446 2856 4499 καὶ
2903 4446 3101 4513 Οὕτως
3135 4447 3444 4515 ἐποίησεν,

1784 4529 1971 4599 ὥσπερ
2004 4524 2305 4581 ἐνετείλατο
2339 4524 2521 4596 αύτῷ-
2555 4524 2706 4578 οὐδὲν
2735 4524 3063 4595 παρέλιπεν,
3094 4525 3229 4579 άλλά
3271 4527 3450 4581 πάντα

1786 4608 2065 4678 ἐπλήρωσε
2090 4643 2104 4667 ,
2134 4605 2229 4657 καὶ
2256 4602 2424 4669 ἔδειξε
2462 4603 2554 4657 καὶ
2576 4603 2643 4655 δι’
2671 4602 2852 4656 αὐτῶν
2876 4603 2985 4657 τῶν
3013 4604 3188 4674 ἔργων
3209 4643 3223 4667 ,
3247 4606 3327 4659 ὅτι
3363 4605 3445 4659 δι-

1786 4686 1952 4749 καίως
1996 4682 2202 4755 ἠξιώθη
2230 4682 2442 4746 εὐνοίας
2474 4682 2623 4753 παρά
2658 4681 2751 4735 τοῦ
2782 4683 3069 4736 Δεσπότου.
3102 4684 3287 4735 Πόσων
3324 4700 3447 4736 στε-

1787 4764 1971 4834 φάνων
2001 4764 2101 4817 ούκ
2136 4762 2262 4826 ἀξία
2294 4761 2359 4815 ἂν
2390 4761 2598 4830 γένοιτο
2625 4763 2657 4831 ή
2699 4762 2970 4832 μαρτυρία
2992 4761 3128 4831 αῦτη
3151 4801 3165 4824 ,
3200 4761 3349 4833 [224]
3378 4757 3452 4834 ἧς

1787 4843 2069 4914 ἀπήλαυσε
2107 4841 2260 4911 παρά
2303 4842 2402 4913 τῆς
2450 4841 2600 4905 θείας
2634 4842 2853 4913 Γραφῆς
2884 4843 2913 4894 ό
2960 4842 3162 4906 δίκαιος
3193 4859 3206 4902 ς
3244 4842 3338 4904 Τίς
3380 4840 3453 4895 ἀν

1787 4921 1996 4990 γένοιτο
2030 4920 2492 4991 μακαριστότερος
2526 4919 2619 4972 τοῦ
2650 4919 2821 4972 πάντα
2850 4922 2928 4983 είς
2961 4920 3119 4990 ἔργον
3153 4920 3450 4987 ἀγαγόντος

1788 5000 1856 5054 τά
1886 5000 2037 5069 παρὰ
2077 4998 2169 5051 τοῦ
2204 4997 2335 5051 Θεοῦ
2379 4997 2697 5050 ένταλθέντα
2723 5036 2737 5059 ,
2767 4998 2859 5050 καὶ
2907 4998 3171 5067 τοσαύτην
3203 4998 3452 5069 ὑπακοήν

1791 5078 1919 5148 περὶ
1945 5080 2011 5131 τά
2034 5076 2392 5147 ἐπιταχθέντα
2415 5075 2853 5146 ἐπιδειξαμένου;
2875 5075 2983 5127 Καὶ
3011 5075 3098 5128 ἵνα
3121 5076 3297 5148 μάθῃς
3316 5075 3452 5149 ὅσης

1791 5156 2034 5221 ἀξιοῦται
2064 5156 2149 5207 διὰ
2175 5154 2330 5207 τοῦτο
2354 5154 2453 5223 τῆς
2482 5157 2834 5225 προρρήσεως
2860 5152 3007 5223 παρά
3031 5153 3123 5205 τοῦ
3147 5153 3254 5206 τῶν
3280 5156 3453 5211 ἀπάν·

1790 5254 1898 5289 των
1923 5234 2275 5305 δημιουργοῦ,
2309 5233 2472 5287 ἄκουε
2499 5233 2607 5287 τῶν
2631 5232 2782 5301 ἐξῆςσ
2809 5232 2915 5284 Καὶ
2946 5228 3097 5297 εἶπε,
3129 5234 3261 5304 φησὶ
3280 5273 3295 5300 ,
3330 5236 3449 5289 Κύ-

1787 5333 1918 5385 ριος
1942 5317 1975 5367 ὸ
2009 5313 2152 5379 Θεὸς
2178 5311 2327 5381 πρὸς
2349 5311 2474 5365 Νῶε
2497 5326 2512 5340 '
2548 5312 2803 5365 Εἲσελθε
2832 5310 2912 5364 σὺ
2951 5310 3052 5364 καὶ
3083 5311 3202 5379 πᾶς
3224 5316 3257 5366 ό
3286 5310 3456 5383 οἶκός

1793 5409 1909 5448 σου
1932 5394 2019 5459 εὶς
2047 5391 2161 5457 τὴν
2195 5390 2461 5445 κιϐωτόν.
2493 5386 2627 5444 Εἶτα
2654 5389 2739 5442 ἴνα
2774 5388 3052 5461 μάθωμεν,
3090 5390 3165 5453 ὼς
3187 5391 3246 5443 ού
3270 5392 3452 5463 χάριτι

1799 5473 1955 5544 μόνον
1984 5469 2144 5533 σώζει
2177 5469 2266 5523 τὸν
2286 5469 2511 5535 δίκαιον,
2540 5467 2677 5523 ἀλλά
2706 5470 2801 5521 καὶ
2828 5466 2935 5521 τῶν
2964 5467 3140 5523 πόνων
3168 5469 3265 5532 τὰς
3296 5472 3423 5541 ἀμοι
3440 5500 3455 5512 -

1796 5551 1896 5615 ϐάς
1928 5548 2075 5619 αύτῴ
2097 5547 2298 5611 δίδωσι,
2334 5548 2425 5600 καὶ
2447 5547 2548 5618 τῆς
2573 5548 2774 5617 ἀρετῆς
2805 5546 2904 5611 τὰς
2926 5546 3247 5612 ἀντιδόσεις,
3285 5552 3417 5623 φησι
3434 5568 3455 5589 α

1795 5629 1893 5681 Διά
1917 5627 2073 5680 τοῦτό
2109 5643 2167 5679 σε
2204 5626 2523 5696 προστάττω
2550 5627 2629 5688 εἰς
2656 5626 2754 5696 τὴν
2783 5625 3009 5679 κιϐωτὸν
3036 5627 3293 5682 εἰσελθεῖν
3318 5630 3457 5701 μετά

1795 5708 1889 5760 τοῦ
1918 5706 2064 5759 οἴκου
2112 5723 2226 5769 σου,
2260 5707 2388 5760 Ὀτι
2421 5720 2495 5760 σε
2533 5703 2696 5761 εἶδον
2727 5707 2961 5761 δίκαιον
3002 5706 3280 5764 ἐναντίον
3309 5711 3459 5780 ἐμοῦ

1797 5788 1868 5841 ἐν
1897 5784 1969 5852 τῇ
1996 5784 2170 5854 γενεᾷ
2196 5787 2401 5854 ταύτῃ.
2423 5786 2646 5857 Μεγάλη
2698 5786 2789 5841 καὶ
2832 5786 3139 5851 ἀξιόπιστος
3180 5788 3213 5855 ή
3247 5806 3455 5860 μαρτυ-

1802 5865 1912 5936 ρία.
1936 5864 1999 5915 Τί
2025 5864 2131 5934 γὰρ
2156 5863 2223 5917 ἂν
2254 5865 2463 5932 γένοιτο
2487 5864 2689 5934 ταύτης
2720 5864 2921 5934 μεῖξον,
2946 5865 3072 5916 ὅταν
3104 5862 3261 5927 αὐτὸς
3294 5869 3322 5918 ό
3354 5870 3457 5935 Δη-

1805 5941 2091 6013 μιουργδς,
2123 5944 2151 5997 ό
2172 5944 2262 5999 καὶ
2294 5947 2372 6008 είς
2397 5944 2454 5999 τὸ
2483 5941 2618 5999 εἶναι
2653 5940 3019 6015 παραγαγὼν,
3056 5941 3269 5995 τοιαῦτα
3291 5942 3457 6015 ψηφί-
