3760 6304
385 297 494 356 215

391 402 552 474 ζηται
579 396 705 471 περὶ
730 395 825 450 τοῦ
858 394 1100 460 δικαίους
1133 394 1251 448 Ὅτι
1277 407 1372 458 σε,
1404 392 1571 463 φησιν
1590 433 1605 458 ,
1633 388 1800 474 εῖδον
1821 388 2057 443 δίκαιον
2082 441 2137 457 Α

391 468 669 543 ἐναντίον
692 485 857 555 ἐμοῦ.
900 484 967 536 Ἦ
1004 481 1208 553 ἀληθής
1246 482 1415 553 ἀρετὴ
1450 479 1589 551 αὐτη
1610 521 1625 545 ,
1658 468 1787 533 ὅταν
1820 476 2060 531 ἐναντίον

397 575 492 630 τοῦ
512 573 647 628 Θεοῦ
679 590 761 635 τις
782 571 984 639 ταύτην
1008 569 1391 635 ἐπιδείκνυται,
1419 569 1546 623 ὅταν
1574 569 1603 621 6
1624 566 1899 637 ὀφθαλμὸς
1924 566 2062 618 ἐκεῖ-

399 679 490 725 νος
524 664 554 715 ὁ
592 658 1027 729 ἀπαραλόγιστος
1069 657 1168 726 τὴν
1195 656 1374 727 ψῆφον
1403 655 1565 729 φέρῃ.
1620 650 1756 709 Εἶτα
1796 652 2061 709 διδάσκων

398 750 544 820 ἡμᾶς
569 748 598 800 6
622 744 998 815 φιλάνθρωπος
1027 742 1159 807 Θεὸς
1188 744 1250 796 τὸ
1285 744 1481 815 μέτρον
1522 743 1624 814 τῆς
1654 742 1853 813 ἀρετῆς
1874 782 1891 807 ,
1925 741 2063 811 ὅπερ

395 835 596 905 ἀπῄτει
630 832 750 886 τότε
783 831 934 902 παρά
960 829 1054 884 106
1086 831 1295 884 δικαίου
1337 831 1434 900 (οὐ
1464 830 1571 901 γὰρ
1616 831 1677 883 16
1703 828 1835 882 αὐτὸ
1868 827 2064 898 μέτρον

397 923 528 993 παρ’
554 920 785 974 ἑκάστου
812 920 1058 991 βούλεται
1090 920 1188 991 τῆς
1216 921 1417 990 ἀρετῆς
1440 917 1806 989 εἰσφέρεσθαι,
1840 914 1976 969 ἀλλά
1996 917 2062 985 τῇ

395 1011 631 1081 διαφορᾷ
658 1008 766 1061 τῶν
800 1008 1005 1079 χρόνων
1037 1008 1131 1061 7:61
1156 1006 1253 1076 τὴν
1290 1005 1553 1076 διαφοράν
1582 1005 1679 1073 τῆς
1716 1003 1916 1075 ἀρετῆς
1944 1005 2066 1055 ἐπι-

399 1100 610 1170 ζητεῖ),
643 1096 807 1166 φησὶν
832 1136 848 1161 ,
875 1096 1005 1148 Ὅτι
1049 1109 1122 1146 σε
1149 1090 1312 1147 εἶδον
1339 1093 1574 1146 δίκαιον
1596 1092 1876 1146 ἐναντίον
1920 1089 2066 1160 ἐμοῦ

401 1184 473 1238 ἐν
492 1182 566 1252 τῇ
588 1181 764 1253 γενεᾷ
792 1181 999 1248 ταύτῃ,
1027 1181 1106 1242 εἰς
1131 1180 1325 1232 κακίαν
1344 1176 1678 1248 ἀποκλινάση
1703 1174 1992 1247 τοσαύτην,
2011 1177 2069 1228 ἐν

398 1275 466 1344 τῇ
501 1272 663 1340 γενεᾷ
693 1268 863 1339 ταύτῃ
896 1270 961 1338 τῇ
1018 1268 1262 1338 πονηρᾷ,
1302 1266 1396 1335 τὴν
1447 1265 1714 1335 τοσαύτην
1747 1264 2067 1334 ἀγνωμοσύ-

400 1376 499 1430 νην
546 1356 947 1428 ἐπιδειξαμένῃ.
982 1354 1059 1408 Σὲ
1102 1351 1266 1407 εἶδον
1308 1353 1571 1416 δίκαιον,
1609 1353 1668 1405 σὲ
1713 1355 1871 1424 μόνον
1912 1346 2069 1422 εὗρον

402 1445 741 1515 εὐγνώμονα,
760 1443 819 1495 σὲ
845 1439 982 1494 εἶδον
1004 1442 1102 1511 τῆς
1128 1442 1328 1511 ἀρετῆς
1348 1440 1514 1494 πολὺν
1538 1440 1854 1510 ποιούμενον
1880 1439 2035 1507 λόγον
2052 1457 2065 1470 ·

406 1535 471 1588 σὺ
509 1533 666 1604 μόνος
695 1529 933 1584 ἐναντίον
971 1544 1067 1598 μου
1098 1528 1301 1589 δίκαιος
1330 1526 1546 1597 ὤφθης,
1582 1527 1787 1580 τούτων
1817 1527 2071 1581 ἁπάντων

404 1618 794 1691 ἀπολλυμένων
816 1634 831 1649 ο
868 1616 925 1669 σέ
967 1616 1286 1686 προστάττω
1322 1614 1580 1667 εἰσελθεῖν
1630 1615 1767 1684 μετὰ
1795 1613 1888 1667 106
1922 1615 2071 1667 οἴκου

408 1724 501 1761 σου
534 1706 734 1768 παντὸς
766 1706 846 1767 εἰς
870 1704 970 1773 τὴν
1005 1701 1236 1755 κιϐωτόν
1256 1718 1269 1731 ·
1318 1701 1427 1754 67:6
1454 1702 1510 1754 δὲ
1557 1701 1663 1755 τῶν
1707 1702 1917 1771 κτηνῶν
1966 1701 2073 1756 τῶν

407 1792 665 1865 καθαρῶν
688 1790 892 1845 κελεύω
927 1807 986 1841 σε
1016 1790 1328 1856 εἰσαγαγεῖν
1352 1787 1491 1840 ἐπτά
1522 1788 1679 1841 ἐπτά.
1700 1788 1913 1857 Ἐπειδὴ
1938 1805 2071 1859 προ-

404 1879 585 1934 λαϐὼν
617 1877 943 1949 προσέταξεν
976 1875 1293 1945 ἀδιορίστως
1340 1875 1446 1927 67:6
1478 1876 1691 1928 πάντων
1733 1875 1860 1946 μίαν
1914 1874 2075 1940 συζυ-

406 1968 532 2036 γίαν
567 1964 919 2035 εἰσαχθῆναιο
952 1962 1039 2015 6:6
1072 1961 1229 2014 τοῦτο
1277 1961 1371 2015 νῦν
1426 1979 1588 2032 φησιν
1613 2004 1627 2027 ,
1667 1961 1798 2016 Ἀπὸ
1843 1961 1911 2015 δὲ
1959 1962 2077 2016 τῶν

405 2057 679 2127 καθαρῶν
706 2055 857 2110 ἑπτὰ
888 2055 1070 2119 ἑπτὰ,
1124 2052 1242 2107 ἀπὸ
1271 2052 1339 2105 δὲ
1378 2052 1498 2105 τῶν
1529 2052 1616 2122 μὴ
1649 2052 1921 2122 καθαρῶν
1967 2053 2077 2108 δύο

407 2147 539 2211 δύο,
566 2144 756 2214 ἄρσεν
782 2143 879 2197 καὶ
930 2141 1108 2210 θῆλυ.
1134 2137 1266 2195 Εἶτα
1309 2140 1409 2211 τὴν
1443 2140 1619 2194 αἰτίαν
1662 2140 1927 2194 διδάσκων
1976 2143 2077 2195 ἐπ-

408 2237 606 2305 ήγαγε,
631 2232 946 2301 Διαθρέψαι
965 2228 1201 2298 σπέρμα
1225 2228 1323 2281 ἐπὶ
1348 2226 1555 2281 πᾶσαν
1584 2226 1697 2296 τὴν
1722 2228 1859 2297 γῆν.
1894 2229 2078 2294 Ἀξιον

407 2321 467 2375 δὲ
494 2319 729 2375 ἐνταῦθα
765 2319 1108 2388 διερευνῆσαι
1137 2316 1231 2369 καὶ
1276 2315 1403 2369 ἰδεῖν
1423 2355 1437 2378 ,
1470 2314 1631 2368 πόθεν
1670 2315 1787 2386 ᾔδει
1818 2319 1846 2369 6
1873 2316 2079 2379 δίκαιος

410 2410 533 2462 τίνα
565 2407 665 2477 μὲν
691 2401 759 2477 ἦν
798 2403 1034 2474 καθαρά,
1062 2403 1183 2456 τίνα
1211 2402 1268 2455 δὲ
1293 2402 1599 2473 ἀκάθαρτα.
1632 2403 1855 2456 Οὐδέπω
1878 2404 1986 2474 γάρ
2011 2400 2079 2475 ἦν

410 2498 445 2566 ή
477 2495 741 2565 διαίρεσις
760 2490 898 2559 αὕτη
929 2489 1289 2560 γεγενημένη,
1323 2488 1390 2560 ἣν
1434 2489 1569 2560 μετά
1596 2489 1768 2543 ταῦτα
1794 2492 1822 2543 6
1848 2491 2079 2561 Μωῦσῆς

411 2582 773 2653 ἐνομοθέτησε
809 2581 921 2641 τοῖς
966 2578 1258 2641 Ἰουδαίοις.
1308 2576 1478 2629 Πόθεν
1520 2574 1612 2630 οὗν
1659 2577 1802 2647 ᾔδεις
1832 2578 2077 2645 Οἴκοθεν,

411 2668 730 2737 κινούμενος
750 2665 855 2719 67:6
878 2666 976 2734 τῆς
1005 2666 1062 2717 ἐν
1089 2666 1154 2733 τῇ
1185 2661 1343 2731 φύσει
1373 2664 1803 2733 ἐναποκειμένης
1829 2663 2081 2717 διδασκα-

411 2755 563 2821 λίας,
594 2752 731 2824 μετά
769 2752 825 2805 δὲ
856 2750 1059 2821 ταύτης
1091 2751 1236 2804 7:616
1258 2749 1518 2820 λογισμὸς
1555 2750 1947 2821 ὑπηγόρευσεν.
1986 2754 2083 2806 Οὐ-

410 2841 501 2894 δὲν
544 2839 653 2910 γὰρ
708 2837 1013 2907 ἀκάθαρτον
1046 2835 1153 2887 τῶν
1201 2835 1349 2905 7:696
1382 2834 1475 2887 τοῦ
1515 2834 1647 2888 Θεοῦ
1681 2832 2080 2907 γεγενημένων.

414 2926 540 2991 Πῶς
569 2926 674 2998 γάρ
705 2925 1013 2996 ἀκάθαρτον
1059 2921 1389 2992 καλέσαιμέν
1424 2939 1477 2975 τι
1510 2921 1618 2975 τῶν
1657 2922 2084 2996 δημιουργηθέν-

412 3032 543 3080 των,
569 3013 715 3078 ἆπαξ
732 3014 829 3084 τῆς
854 3011 1058 3067 ἀνωθεν
1083 3012 1266 3081 ψήφου
1298 3010 1425 3081 περὶ
1453 3009 1631 3065 αὐτῶν
1656 3022 1682 3051 α
1711 3015 2085 3086 γεγενημένης

416 3102 511 3156 καὶ
552 3099 808 3170 εἰπούσης
850 3101 945 3169 τῆς
999 3098 1149 3160 θείας
1200 3098 1458 3167 Γραφῆς,
1503 3097 1584 3150 ὅτι
1631 3094 1812 3152 Εἷδεν
1863 3102 1896 3153 ὀ
1940 3100 2085 3168 Θεὸς

415 3188 615 3244 πάντα
644 3188 759 3243 ὅσα
795 3188 1064 3253 ἐποίησε,
1093 3184 1192 3239 καί
1230 3184 1358 3238 ἰδοὺ
1387 3184 1545 3239 καλὰ
1574 3186 1717 3238 λίαν
1734 3202 1753 3250 ;
1792 3186 1951 3240 Ἀλλά
1977 3188 2085 3242 λοι-

416 3277 520 3332 πον
557 3279 590 3348 ή
626 3276 786 3346 φύσις
821 3275 914 3344 ἀφ’
951 3272 1149 3343 ἑαυτῆς
1195 3273 1485 3343 κινουμένη
1518 3275 1617 3343 τὴν
1651 3274 1921 3348 διάκρισιν
1959 3278 2087 3331 ταύ-

416 3380 518 3436 την
562 3363 892 3426 ἐπεδείξατο.
924 3361 1035 3413 K61
1076 3362 1159 3414 ὅτι
1196 3360 1352 3413 τοῦτό
1393 3361 1541 3413 ἐστιν
1575 3361 1799 3432 ἀληθὲς,
1836 3365 2088 3437 ἐννόησόθ

423 3470 513 3522 μοι
535 3452 614 3504 ἐτι
640 3450 733 3503 7:61
766 3449 882 3513 v6v,
912 3450 1061 3510 ὅπως
1089 3448 1145 3500 ἐν
1174 3465 1281 3501 τισι
1316 3448 1413 3517 μὲν
1438 3447 1623 3511 τόποις
1665 3449 1826 3503 τινῶν
1859 3452 2089 3524 ἀπέχονο

419 3556 510 3593 ται
542 3538 671 3591 ἐνιοι
709 3538 782 3600 ὡς
812 3536 1137 3606 ἀκαθάρτων
1168 3535 1262 3588 καὶ
1306 3536 1378 3605 μὴ
1409 3535 1828 3606 νενομισμένων,
1865 3538 1995 3593 ἔνιοι
2031 3542 2088 3596 δὲ

419 3628 623 3682 τούτων
653 3624 811 3679 πάλιν
848 3624 946 3693 τὴν
982 3622 1281 3693 μετάληψιν
1324 3622 1623 3685 ποιοῦνται,
1671 3623 1773 3693 τῆς
1804 3627 2088 3697 συνηθείας

421 3713 616 3776 αὐτοὺς
648 3712 740 3765 67:1
782 3710 937 3765 τοῦτο
964 3709 1223 3779 ἀγούσης.
1252 3707 1436 3772 Οὐτως
1463 3704 1554 3762 οὖν
1597 3710 1689 3763 7:61
1722 3711 1840 3764 τότε
1871 3714 2008 3785 αὐτὴ
2053 3719 2125 3789 ήο

421 3797 816 3869 ἐναποκειμένη
850 3797 1049 3873 γνῶσις
1082 3796 1159 3866 τῷ
1196 3796 1390 3866 δικαίῳ
1420 3796 1662 3850 ἐδίδασκε
1688 3835 1703 3857 ,
1735 3797 1856 3851 τίνα
1890 3799 1991 3867 μὲν
2020 3795 2089 3872 ἦν

422 3886 574 3961 [225]
606 3885 742 3956 πρὸς
775 3884 975 3956 βρῶσιν
1010 3883 1283 3956 ἐπιτήδεια
1305 3924 1318 3949 ,
1348 3883 1467 3936 τίνα
1516 3882 1573 3937 δὲ
1621 3885 1906 3954 ἀκάθαρτα
1936 3928 1950 3951 ,
1990 3888 2091 3941 οὐκ

421 3978 551 4031 ὅντα
576 4017 592 4040 ,
638 3976 772 4030 6116
807 3975 1154 4046 νομιζόμενα.
1186 3973 1341 4036 Τίνος
1386 3972 1570 4025 ἕνεκεν
1593 4013 1608 4037 ,
1659 3975 1778 4027 εἰπέ
1811 3992 1933 4045 μοι,
1970 3977 2090 4030 ὄνον

420 4066 729 4135 ἀκάθαρτον
761 4063 1042 4135 ἡγούμεθα
1066 4101 1081 4124 ,
1110 4062 1282 4115 καίτοι
1319 4060 1469 4114 οὐδὲν
1499 4061 1683 4132 ἓτερον
1712 4063 2024 4133 σιτούμενον
2055 4065 2088 4137 ἢ

424 4154 717 4225 σπέρματα
737 4192 752 4218 ,
780 4152 941 4221 ἐτερα
979 4151 1033 4203 δὲ
1066 4149 1173 4202 τῶν
1202 4148 1546 4219 τετραπόδων
1576 4150 1708 4220 πρὸς
1736 4151 1937 4222 βρῶσιν
1969 4154 2091 4207 ἐπι-

422 4241 610 4311 τήδεια
631 4239 946 4309 νομίζομεν,
971 4236 1146 4290 καίτοι
1167 4236 1477 4307 ἀκαθάρτου
1512 4239 1716 4308 τροφῆς
1747 4240 2093 4312 μεταλαμϐἀ-

423 4344 621 4393 νοντα;
663 4326 847 4388 Οὕτως
888 4328 920 4396 ή
956 4325 1105 4397 παρά
1137 4324 1230 4378 106
1263 4324 1397 4376 Θεοῦ
1430 4326 1795 4395 χορηγηθεῖσα
1831 4331 1896 4399 τῇ
1932 4328 2091 4396 φύσει

423 4416 625 4488 γνῶσις
653 4414 858 4467 τούτων
891 4413 1206 4477 διδάσκαλος
1230 4413 1458 4479 ἐγίνετο.
1506 4413 1738 4486 Ἑτέρως
1760 4415 1817 4468 δὲ
1846 4416 1991 4470 ἔστιν
2014 4420 2093 4471 εἰ-

424 4508 566 4568 πεῖν,
598 4505 681 4557 ὃτι
713 4503 805 4556 7:61
828 4505 855 4556 6
879 4500 1183 4571 προστάξας
1205 4498 1334 4563 Θεὸς
1357 4500 1457 4571 τὴν
1488 4500 1686 4568 γνῶσιν
1716 4502 1863 4573 αὐτῴ
1886 4504 2090 4559 τούτων

421 4594 589 4664 δήλην
618 4577 891 4661 ἐποίησεν.
938 4588 1095 4642 Ἀλλά
1123 4588 1249 4659 περὶ
1286 4586 1384 4659 μὲν
1414 4588 1523 4642 τῶν
1551 4589 1805 4662 καθαρῶν
1835 4592 1929 4645 καὶ
1954 4594 2091 4647 ἀκα-

426 4681 640 4753 θάρτων
670 4678 983 4750 ἀρκούντως
1006 4677 1330 4747 εἰρήκαμεν.

496 4769 571 4834 ς’.
593 4768 761 4822 Πάλιν
782 4766 837 4821 δὲ
854 4767 939 4819 ἐτε
948 4782 1039 4836 ρον
1058 4766 1186 4834 ἡμῖν
1211 4761 1506 4817 ἀνακύπτει
1530 4764 1749 4839 ζήτημα
1768 4783 1781 4796 ο
1811 4770 1877 4821 Τί
1894 4770 2092 4840 δήποτε

422 4856 532 4910 ἀπὸ
567 4854 668 4926 μέν
694 4854 802 4908 τῶν
835 4851 1158 4923 ἀκαθάρτων
1190 4851 1282 4903 δύο
1313 4850 1406 4903 δύο
1425 4891 1438 4915 ,
1469 4853 1577 4906 ἀπὸ
1607 4854 1663 4905 δέ
1704 4855 1813 4908 τῶν
1838 4857 2093 4928 καθαρῶν

422 4943 562 4997 67:16
590 4941 764 5006 67:16;
795 4940 890 4993 7:61
921 4939 1080 4993 πάλιν
1101 4954 1115 4968 ⁸
1143 4939 1297 5001 Τίνος
1322 4938 1507 4991 ἓνεκεν
1532 4941 1628 5010 οὐχ
1659 4941 1718 5005 ἓξ
1738 4982 1752 5005 ,
1782 4943 1902 4996 οὐδέ
1927 4944 2091 5009 ὀκτὼ,

420 5031 534 5086 ἀλλ’
555 5029 723 5091 ἐπτά;
750 5029 902 5098 Τάχα
927 5028 1006 5091 εἰς
1030 5026 1164 5080 πολὺ
1190 5027 1363 5097 μῆκος
1384 5027 1412 5077 6
1434 5026 1589 5095 λόγος
1615 5029 1745 5099 ἡμῖν
1773 5031 2090 5085 ἐκτείνεται⁸

422 5122 538 5175 ἀλλ’
568 5120 616 5173 εἰ
648 5119 723 5191 μὴ
748 5117 1087 5188 ἀπεκάμετε,
1120 5116 1214 5169 7:61
1240 5114 1515 5185 βούλεσθε,
1540 5117 1816 5188 συντόμως
1846 5119 1940 5173 7:61
1968 5122 2095 5193 περὶ

422 5207 625 5263 τούτων
674 5207 954 5276 διδάξομεν
991 5205 1090 5276 τὴν
1142 5204 1413 5277 ὑμετέραν
1463 5206 1721 5276 ἀγάπην,
1756 5208 1902 5278 άπερ
1946 5207 2013 5262 ἂν
2060 5212 2093 5280 ή

423 5296 517 5349 106
545 5294 682 5348 Θεοῦ
722 5295 880 5365 χάρις
909 5292 1214 5365 χορηγήσῃ.
1246 5293 1441 5346 Πολλοὶ
1476 5295 1583 5365 γὰρ
1618 5295 1787 5349 πολλά
1817 5298 1944 5367 περὶ
1972 5297 2095 5351 τού-

423 5400 532 5436 των
574 5380 930 5451 μυθολογοῦσι
955 5420 970 5446 ,
1006 5380 1102 5435 καὶ
1143 5380 1392 5434 ἐντεῦθεν
1444 5382 1697 5454 ἀφορμὴν
1728 5383 2093 5453 λαμϐάνοντες

425 5470 834 5541 παρατηρήσεις
873 5466 1121 5539 ἀριθμῶν
1156 5467 1568 5522 ἐπιδείκνυνται.
1605 5470 1727 5523 Ὅτι
1758 5469 1815 5522 δὲ
1849 5470 1948 5523 οὐκ
1978 5470 2095 5523 ἐστι

428 5559 838 5631 παρατήρησις,
871 5555 986 5609 ἀλλ’
1009 5557 1044 5625 ὴ
1079 5555 1305 5627 ἄκαιρος
1347 5555 1827 5630 φιλοπραγμοσύνη
1858 5558 1966 5611 τῶν
2004 5558 2095 5612 ἀν-

486 5733 503 5755 ’
537 5730 629 5781 .ὶὶἰί
651 5728 756 5793 περὶ
777 5727 950 5790 αὐτῶν,
976 5726 1060 5776 alii
1083 5725 1201 5789 ὑπὲρ
1222 5726 1394 5775 αὐτῶν.

1179 278 1238 337 S.
1272 272 1554 333 JOANNIS
1586 266 2076 330 CIIRYSOSTOMI
2118 263 2440 322 ARCHIEP.
2480 262 3033 322 CONSTANTINOP.
3716 256 3726 315 ἰ

2161 380 2394 453 θρώπων
2447 380 2619 434 16616
2671 378 3034 434 ἀναπλάττειν
3091 377 3401 447 ἐπιχειρεῖ,
3460 375 3594 427 ὅθεν
3639 376 3714 427 772':

2161 466 2377 531 πλείους
2398 469 2508 521 τῶν
2530 467 2794 539 αἱρέσεων
2830 466 3125 536 ἐτέχθησαν
3144 504 3159 529 ,
3190 465 3389 518 αὐτίκα
3422 463 3574 533 μάλα
3606 464 3726 514 sise:

2162 559 2272 612 K61
2303 557 2411 627 γάρ
2433 555 2509 619 ὡς
2527 556 2621 609 67:1
2650 556 2711 609 16
2743 556 2993 609 πλεῖστον
3020 555 3130 625 (ἵνα
3153 552 3396 623 δόξωμεν
3426 552 3507 614 ὡς
3533 552 3601 603 ἐκ
3624 567 3726 621 περι

2165 646 2286 709 σίας
2326 644 2697 715 ἐπιστομίζειν
2739 644 2864 707 106;
2904 643 2973 696 τά
3012 642 3120 695 67:6
3162 641 3269 695 τῶν
3303 640 3524 694 οἰκείων
3566 638 3726 708 λστιᾍ

2164 732 2607 804 ἐπεισφέροντας)
2638 731 2966 802 εὑρίσκομεν
2998 733 3056 783 ἐν
3092 733 3211 792 ταῖς
3242 730 3489 799 Γραφαῖς
3530 727 3714 797 95.11.17

2164 821 2265 891 τῆς
2312 821 2570 889 συζυγίας
2602 819 2832 889 ἀριθμὸν
2862 817 3185 888 σωζόμενον.
3217 817 3330 870 K61
3371 816 3481 887 γὰρ
3514 817 3678 885 ἡνίκα
3720 818 3726 871 ἐ

2168 908 2380 962 έστελλε
2407 908 2534 971 τοὺς
2563 906 2811 978 μαθητάς
2831 946 2845 970 ,
2882 906 2976 959 δύο
3023 904 3115 958 δύο
3143 903 3341 968 αὐτοὺς
3380 902 3697 965 ἀπέστελλε,

2168 997 2320 1051 66101
2353 995 2409 1048 δὲ
2443 994 2641 1058 πάντες
2665 993 2874 1047 δώδεκα
2904 988 3044 1063 ἦσαν
3069 1031 3085 1055 ,
3129 993 3224 1045 7:61
3263 990 3333 1044 τά
3365 990 3671 1059 Εὐαγγέλια
3708 1008 3726 1044 7

2171 1101 2312 1155 σαρα
2357 1083 2448 1137 τὸν
2495 1082 2725 1154 ἀριθμόν
2758 1083 2924 1135 ἐστιν.
2975 1079 3134 1134 ’Λλλά
3160 1079 3334 1133 ταῦτα
3383 1078 3638 1150 περιττὸν
3670 1096 3726 1129 7w

2169 1173 2261 1225 ἐπὶ
2309 1174 2410 1243 τῆς
2465 1170 2739 1242 ὑμετέρας
2786 1170 3046 1240 ἀγάπης,
3093 1168 3481 1239 δεδιδαγμένης
3538 1168 3679 1231 ἆπαξ
3716 1187 3726 1221 1

2168 1258 2428 1322 τοιούτοις
2453 1260 2818 1328 ἀποφράττειν
2844 1257 2943 1319 τὰς
2986 1257 3175 1320 ἀκοάς.
3229 1258 3559 1324 Ἀναγκαῖον
3582 1255 3725 1308 6610:

2171 1349 2366 1410 εἰπεῖν,
2396 1345 2539 1409 τίνος
2570 1346 2755 1397 ἕνεκεν
2785 1344 2926 1397 ἐπτά
2956 1342 3093 1396 67:16
3139 1342 3246 1395 ἀπὸ
3289 1343 3400 1396 τῶν
3436 1343 3685 1413 καθαρῶν
3715 1361 3726 1396 ε

2172 1433 2402 1504 ἀχθῆναι
2420 1434 2498 1495 εἰς
2517 1433 2611 1501 τὴν
2627 1432 2857 1485 κιϐωτὸν
2880 1430 3196 1503 προσέταξε.
3219 1431 3293 1483 T6
3311 1431 3411 1501 μὲν
3438 1430 3657 1483 πλείονα
3674 1448 3726 1499 πρ

2171 1520 2329 1584 τάξαι
2353 1518 2460 1571 τῶν
2481 1517 2736 1589 καθαρῶν
2781 1518 3119 1588 εἰσαχθῆναι,
3145 1517 3233 1571 διὰ
3254 1518 3312 1570 16
3341 1517 3689 1588 παραμυθίαν
3713 1535 3726 1571 7

2173 1607 2316 1678 ἔχειν
2346 1607 2439 1659 7:61
2466 1606 2556 1659 τὸν
2583 1606 2808 1671 δίκαιον,
2833 1606 2925 1659 7:61
2956 1606 3082 1667 106;
3114 1606 3209 1659 σὺν
3234 1604 3387 1675 αὐτῷ
3408 1608 3511 1675 τῆς
3541 1605 3598 1671 ἐξ
3624 1607 3725 1659 ἐκεί]

2174 1695 2526 1757 ἀπολαύσεως
2562 1694 2887 1765 μετέχοντας
2960 1693 3021 1746 16
3067 1694 3122 1746 δὲ
3156 1693 3295 1745 67:16
3343 1693 3487 1745 ἑπτά
3512 1732 3528 1755 ,
3570 1695 3659 1745 7:61
3684 1712 3726 1744 το

2174 1783 2356 1849 πάλιν,
2398 1784 2447 1835 εἰ
2469 1783 2565 1854 τὴν
2600 1782 2777 1834 αἰτίαν
2815 1781 3059 1851 μάθοιτε,
3092 1780 3367 1845 ἀπόδειξις
3390 1780 3459 1834 ἂν
3487 1782 3573 1849 εἴη
3614 1783 3725 1849 μεγί

2172 1872 2271 1943 τῆς
2316 1870 2561 1940 φιλοθέου
2606 1869 2832 1939 γνώμης
2875 1868 2966 1921 106
3002 1868 3230 1923 δικαίου.
3276 1868 3498 1939 Ἐπειδὴ
3529 1866 3635 1938 γάρ
3666 1870 3726 1937 ᾑδι

2177 1958 2555 2029 φιλάνθρωπος
2589 1957 2720 2019 Θεὸς
2754 1955 2847 2008 τοῦ
2877 1956 3066 2027 ἀνδρὸς
3100 1958 3200 2026 τὴν
3243 1956 3446 2027 ἀρετὴν
3471 1996 3486 2019 ,
3518 1956 3608 2009 καί
3634 1958 3702 2009 ὅτι

2176 2064 2329 2110 καιος
2354 2047 2448 2112 ὢν,
2483 2046 2579 2098 καὶ
2614 2044 2881 2116 τοσαύτης
2908 2044 3221 2108 ἀπολαύσας
3252 2045 3405 2113 παρὰ
3436 2042 3533 2095 τοῦ
3574 2046 3726 2095 Δεσπό

2178 2134 2616 2205 φιλανθρωπίας,
2650 2134 2744 2186 καὶ
2774 2132 2867 2185 τοῦ
2911 2131 3166 2185 τοσούτου
3219 2132 3517 2185 κλυδωνίου
3572 2132 3726 2197 διαςυγ

2177 2227 2274 2295 τὴν
2300 2227 2492 2295 πεῖραν
2513 2264 2527 2287 ,
2561 2224 2760 2294 ήμελλε
2815 2222 2953 2293 μετά
2993 2223 3093 2293 τὴν
3129 2222 3452 2293 ἀπαλλαγὴν
3490 2222 3598 2275 τῶν
3634 2223 3725 2274 6m

2179 2313 2271 2366 7:61
2298 2311 2360 2363 16
2388 2309 2815 2381 ἐλευθερωθῆναι
2841 2310 2939 2380 τῆς
2966 2311 3022 2363 ἐν
3051 2312 3116 2380 τῇ
3146 2309 3366 2379 κιϐωτῷ
3404 2310 3701 2378 διαγωγῆς,
3724 2334 3725 2341 η

2177 2399 2385 2453 οἰκείαν
2419 2397 2835 2467 εὐγνωμοσύνην
2867 2396 3289 2459 ἐπιδείκνυσθαι,
3316 2397 3412 2449 7:61
3443 2396 3709 2467 βούλεσθαι

2181 2488 2302 2548 σίας
2328 2485 2616 2554 ἀνενέγκαι
2654 2484 2794 2556 ὑπὲρ
2822 2485 3169 2555 εὐχαριστίας
3200 2485 3310 2537 τῶν
3342 2487 3708 2555 γεγενημένων

2182 2574 2545 2646 ὑπηργμένων
2565 2574 2734 2641 αὐτῷ,
2753 2574 2839 2626 ἵνα
2864 2573 2938 2643 μὴ
2963 2571 3120 2625 τοῦτο
3147 2572 3314 2627 ποιῶν
3336 2574 3725 2644 ἀκρωτηριάτηη

2183 2662 2440 2731 συζυγίας
2466 2702 2480 2727 ,
2511 2662 2599 2716 6:6
2626 2661 2785 2715 τοῦτο
2809 2660 3074 2733 προειδὼς
3102 2659 3267 2714 66106
3298 2662 3399 2731 τῆς
3420 2663 3640 2732 γνώμης
3666 2664 3714 2714 :6

2181 2750 2437 2821 χάριστον
2484 2747 2697 2803 κελεύει
2748 2749 2887 2801 ἐπτά
2937 2747 3078 2801 ἐπτά
3126 2747 3443 2816 εἰσάγεσθαι
3483 2749 3574 2817 ἀφ’
3616 2750 3726 2801 ἑκάς

2182 2838 2370 2907 γένους
2420 2837 2527 2890 τῶν
2575 2836 2808 2909 ὀρνέων,
2851 2837 2938 2890 ἵνα
2985 2839 3085 2905 τῆς
3138 2834 3515 2907 πανωλεθρίας
3570 2854 3725 2889 muas.

2182 2943 2280 2995 νης
2322 2925 2417 2979 7:61
2468 2926 2557 2978 τὸν
2608 2926 2803 2977 οἰκεῖον
2860 2922 3059 2977 σκοπὸν
3111 2923 3479 2993 ἐπιδείξηται,
3514 2927 3725 2991 καὶτῇι

2185 3011 2347 3082 ζυγίᾳ
2393 3012 2501 3064 τῶν
2547 3010 2806 3065 πετεινῶν
2853 3011 2947 3063 καὶ
2996 3011 3105 3065 τῶν
3148 3011 3351 3064 λοιπῶν
3398 3012 3598 3082 ὀρνέων
3641 3014 3702 3079 μή

2189 3101 2463 3170 μήνηται,
2516 3098 2544 3152 ὃ
2596 3097 2659 3169 δὴ
2718 3099 2812 3151 καὶ
2861 3096 3157 3168 προϊούσης
3206 3097 3307 3167 τῆς
3358 3097 3726 3168 διδασκαλίας]

2186 3186 2415 3258 θήσεσθε
2453 3227 2467 3248 ,
2521 3186 2739 3239 ἐπειδὰν
2768 3188 2874 3249 -εἰς
2928 3186 3089 3238 αὐτὸν
3146 3184 3237 3238 16v
3306 3186 3474 3239 τόπον
3531 3203 3725 3256 παραγει

2190 3273 2349 3346 μεθα.
2404 3272 2556 3345 [226]
2607 3272 2842 3337 Ὄψεσθε
2892 3272 3002 3344 γὰρ
3054 3272 3146 3325 16v
3195 3273 3402 3326 δίκαιον
3460 3274 3643 3327 τοῦτον
3684 3292 3725 3326 το

2188 3364 2545 3435 πεποιηκότα.
2586 3363 2846 3433 Ἑμάθετε
2898 3363 2998 3433 τὴν
3047 3362 3259 3425 αἰτίαν,
3293 3362 3365 3415 δι’
3421 3363 3490 3433 ὴν
3521 3364 3657 3416 ἐπτὰ·
3691 3365 3726 3414 ἐι

2188 3454 2499 3521 εἰσαγαγεῖν
2526 3450 2886 3521 προσετάχθη.
2906 3449 3113 3519 Μηκέτι
3134 3449 3315 3502 λοιπὸν
3339 3450 3598 3521 ἀνέχεσθε
3622 3451 3725 3517 τῶν

2190 3540 2426 3608 θολογεῖν
2473 3537 2913 3609 ἐπιχειρούντων,
2967 3539 3062 3591 7:61
3109 3539 3687 3608 καταστοιχειουμένων
3724 3558 3725 3567 ι

2190 3627 2337 3690 θείας
2366 3627 2605 3699 Γραφῆς,
2638 3624 2730 3678 καὶ
2758 3625 2823 3679 τά
2860 3625 2967 3679 67:6
2995 3624 3091 3678 106
3121 3624 3321 3678 οἰκείου
3354 3626 3478 3688 νοὸς
3506 3629 3726 3693 ἐπεισφεγε

2191 3731 2295 3767 των
2348 3716 2459 3777 τοῖς
2491 3713 2652 3776 θείοις
2699 3712 3044 3783 διδάγμασιν.
3088 3713 3308 3784 Ἐπειδὴ
3350 3714 3536 3767 τοίνυν
3579 3714 3725 3775 661i;

2191 3803 2366 3855 πάντα
2391 3804 2596 3871 σαφῶς,
2623 3803 2719 3855 7:61
2754 3802 2880 3872 περὶ
2901 3800 3009 3855 τῶν
3033 3802 3255 3872 ὀρνέων,
3284 3802 3379 3856 7:61
3399 3820 3467 3854 πε
3475 3803 3531 3874 91
3554 3803 3649 3855 τῶν
3672 3820 3725 3853 κα

2194 3891 2322 3961 ρῶν,
2363 3892 2456 3944 καὶ
2488 3890 2614 3961 περί
2639 3889 2747 3942 τῶν
2775 3888 3121 3959 ἀκαθάρτων,
3154 3891 3247 3943 7:61
3291 3893 3393 3961 τῆς
3414 3890 3616 3944 τούτων
3636 3890 3725 3941 6.1:

2192 3978 2316 4048 φῆς,
2369 3977 2501 4046 φησί
2541 3976 2675 4048 7:96;
2702 3976 2794 4030 16v
2841 3977 3082 4031 δίκαιονο
3125 3978 3249 4030 Ἔτι
3273 3977 3385 4047 γὰρ
3415 3977 3643 4047 ἡμερῶν
3668 3979 3725 4029 ἐπ

2190 4064 2290 4119 καὶ
2339 4065 2465 4119 ἰδοὺ
2495 4064 2609 4135 ἐγὼ
2644 4064 2842 4134 ἐπάγω
2878 4065 3057 4119 ὑετὸν
3100 4065 3201 4118 ἐπὶ
3249 4065 3367 4134 τὴν
3416 4066 3540 4135 γῆν
3567 4082 3726 4131 τεο-συγ

2196 4169 2381 4206 κοντα
2428 4153 2653 4222 ἡμέρας
2690 4153 2789 4206 καί
2824 4152 3282 4221 τεσσαράκοντα
3324 4154 3573 4222 νύκτας,
3614 4153 3691 4206 καί

2192 4240 2425 4307 αλείψω
2452 4238 2660 4294 πᾶσαν
2685 4239 2800 4308 τὴν
2838 4238 3273 4307 ἐξανάστασιν,
3316 4239 3397 4309 ἢν
3424 4241 3682 4308 ἐποίησα,
3710 4239 3726 4291 ά

2191 4326 2515 4395 προσώπου
2572 4325 2682 4394 τῆς
2726 4325 2858 4396 γῆς,
2911 4326 3030 4381 ἀπὸ
3062 4326 3378 4395 ἀνθρώπου
3412 4328 3524 4395 ἕως
3576 4328 3725 4393 κτήνο

2192 4414 2391 4468 Σκόπει
2449 4432 2538 4485 μοι
2586 4415 2678 4477 7:61
2726 4416 2791 4469 67:
2828 4414 2936 4467 τῶν
2979 4413 3076 4469 νῦν
3140 4414 3448 4486 εἰρημένων
3512 4414 3608 4485 τῆς
3651 4414 3726 4479 ἀγα

2190 4519 2352 4573 τητος
2396 4502 2562 4555 αὐτοῦ
2620 4502 2719 4573 τὴν
2787 4501 3112 4573 ὑπερϐολὴν,
3147 4501 3265 4565 πῶς
3331 4502 3471 4573 μετά
3553 4504 3726 4574 τὴντοςι

2190 4609 2291 4661 την
2332 4591 2715 4662 μακροθυμίαν
2733 4591 2824 4647 7:61
2865 4591 2960 4645 νῦν
2994 4592 3101 4663 7:96
3145 4592 3285 4647 67:16
3318 4595 3542 4665 ἡμερῶν
3580 4592 3726 4664 7796311

2195 4678 2514 4749 βουλόμενος
2563 4678 2639 4750 τῷ
2701 4680 2851 4750 φόϐῳ
2902 4680 3374 4751 σωφρονεστέρους
3439 4682 3630 4745 αὐτοὺς
3679 4696 3726 4730 7:7

2195 4784 2316 4832 σαι,
2371 4767 2467 4819 7:61
2522 4768 2603 4830 εἰς
2659 4768 2948 4838 μετάνοιαν
3009 4769 3259 4836 ἀγαγεῖν.
3308 4770 3419 4822 K61
3468 4770 3551 4823 ὅτι
3592 4768 3663 4822 διὰ
3682 4784 3725 4817 το

2194 4855 2469 4926 προλέγει,
2488 4857 2575 4909 ἵνα
2596 4855 2670 4926 μὴ
2686 4856 2940 4927 ἐπαγάγῃ
2961 4855 3029 4909 16
3048 4858 3179 4928 παρ’
3195 4856 3362 4911 αὐτοῦ
3386 4859 3655 4929 εἰρημένα,
3670 4856 3726 4906 ἐνν

2197 4962 2286 5015 μοι
2314 4945 2439 5007 τοὺς
2476 4945 2782 5008 Νινευῖτας,
2828 4945 2923 4998 7:61
2956 4944 3117 5014 βλέπε
3147 4945 3288 5015 πόση
3326 4948 3360 5017 ή
3396 4945 3621 5018 διαφορά
3643 4940 3726 4995 τούι

2194 5031 2481 5087 κάκείνων.
2518 5033 2675 5086 Μετά
2706 5032 2817 5102 γὰρ
2848 5033 3085 5087 τοσαῦτα
3132 5032 3225 5106 ἔτη
3273 5033 3606 5097 ἀκούσαντες
3642 5034 3726 5084 ὅτιι

2195 5123 2386 5194 θύραις
2436 5122 2554 5176 ἐστὶ
2582 5122 2653 5175 τά
2684 5122 2853 5188 δεινὰ,
2888 5122 3009 5176 οὐδὲ
3058 5122 3202 5176 οὕτω
3228 5123 3331 5194 τῆς
3365 5123 3564 5189 κακίας
3598 5123 3725 5189 ἕστηση

2194 5212 2305 5265 Καὶ
2340 5209 2444 5282 μὴν
2472 5210 2743 5281 εἰώθαμέν
2786 5228 2925 5275 πως,
2977 5210 3274 5282 μελλούσης
3321 5212 3420 5279 μὲν
3447 5212 3546 5284 τῆς
3571 5206 3725 5280 τιμωρέ

2197 5299 2458 5370 ῥᾳθυμεῖν
2489 5297 2582 5351 7:61
2610 5297 3057 5351 διαναϐάλλεσθαι
3076 5315 3089 5329 ’
3116 5299 3336 5352 ἐπειδάν
3375 5299 3433 5352 δὲ
3463 5299 3667 5370 πλησίον
3682 5289 3725 5359 ὼε

2194 5386 2302 5439 τῶν
2322 5385 2509 5437 λυπεῖν
2538 5385 2873 5455 δυναμένων,
2919 5384 3040 5438 τότε
3075 5385 3459 5440 συστέλλεσθαι
3511 5387 3600 5439 καὶ
3643 5380 3726 5433 πολ]

2194 5472 2595 5526 ἐπιδείκνυσθαι
2610 5472 2709 5543 τὴν
2729 5472 3030 5545 μεταϐολήν
3046 5490 3060 5504 °
3086 5474 3114 5527 6
3128 5473 3191 5544 δὴ
3221 5474 3312 5527 καὶ
3336 5474 3552 5528 ἐπὶτῶν
3566 5472 3726 5526 Νινευῖτ

2194 5561 2436 5628 γέγονεν.
2480 5559 2697 5630 Ἐπειδὴ
2748 5561 2857 5633 γὰρ
2880 5561 3142 5630 ἥκουσαν,
3176 5562 3259 5614 ὅτι
3296 5563 3418 5614 Ἔτι
3446 5561 3593 5629 τρεῖς
3621 5556 3725 5626 ήμέρ

2195 5647 2291 5699 καὶ
2318 5647 2519 5701 Νινευῖ
2544 5647 3127 5716 καταστρηεοήσεται,
3153 5650 3215 5702 06
3249 5649 3408 5719 μόνον
3431 5649 3530 5701 οὐκ
3560 5644 3725 5714 ἀπηγὸξλ

2199 5752 2321 5801 σαν,
2356 5732 2488 5789 ἀλλὰ
2523 5736 2615 5789 καὶ
2637 5735 2991 5809 διανέστηταν
3021 5738 3151 5810 7:96;
3196 5738 3255 5792 16
3279 5738 3460 5811 ρηῐιὲν,
3487 5737 3573 5791 καὶ
3596 5732 3726 5789 τοςχέτ
