3760 6248
36 289 145 345 eis
1062 282 1127 339 IN
1165 282 1318 339 CAP.
1347 279 1437 338 vt.
1466 278 1709 337 cenes.
1743 279 1976 340 nomn.
2008 285 2197 345 ΠΝ.
2695 369 2711 379 _
3190 314 3301 379 ετ,

22 399 378 501 .pronuntiat?
409 397 544 501 Quia
579 404 627 453 te
653 396 762 501 Avidi
794 397 1011 501 justum,
1062 397 1250 501 inquit,
1293 412 1604 501 cortinulae.
1727 369 2759 483 aﬂerunt,eompescere)invenimusin
2783 419 3075 492 Scripturis
3090 369 3297 501 copulae

42 496 174 548 t’era
225 490 339 546 haec
381 491 551 545 virtus
587 498 688 555 est,
720 487 934 559 quando
971 502 1152 543 coram
1182 489 1295 544 Deo
1323 489 1440 558 quis
1467 488 1608 543 illam

20 578 272 642 exhibet,
303 580 517 649 quando
558 578 743 633 oculus
779 578 869 632 ille
896 577 986 647 qui
1017 577 1190 647 decipi
1220 578 1421 647 nequit,
1456 592 1609 632 suum

40 671 136 727 fert
164 671 451 726 calculum.
482 669 615 724 Exin
643 668 840 724 docens
873 683 972 723 nos
1003 667 1260 738 benignus
1290 668 1427 723 Deus
1454 683 1610 722 men-

39 776 213 816 suram
250 761 482 827 virtutis,
509 771 701 829 quanta
728 768 853 814 tunc
876 759 944 813 ab
966 759 1110 829 justo
1138 759 1444 829 exigebatur
1465 758 1611 824 (non

40 854 174 907 enim
215 853 460 907 eamdem
497 851 706 906 virtutis
741 866 1044 905 mensuram
1073 849 1142 905 ab
1166 851 1410 905 omnibus
1435 850 1610 905 afferri

38 945 165 1009 vult,
194 944 287 999 sed
318 959 415 1013 pro
457 943 713 997 varietate
761 951 1058 1011 temporum
1101 941 1313 996 virtutis
1356 940 1612 995 diﬂ‘eren-

41 1036 159 1087 tiam
184 1034 449 1103 requirit),
480 1032 643 1086 dicit:
678 1031 811 1098 Quia
840 1040 885 1085 te
904 1030 1005 1085 vidi
1023 1037 1222 1101 justum
1257 1047 1428 1085 coram
1458 1047 1536 1084 me
1558 1031 1611 1084 in

40 1124 356 1195 generatione
386 1124 501 1187 ista,
534 1137 652 1192 qua:
681 1131 785 1175 tam
815 1120 973 1184 mala,
1005 1138 1122 1191 quae
1153 1122 1204 1176 in
1237 1130 1434 1176 tantam
1463 1121 1613 1175 mali-

41 1218 160 1269 tiam
210 1213 516 1278 declinavit,
551 1227 668 1282 qua:
710 1220 814 1266 tam
856 1211 1121 1279 ingratum
1148 1212 1383 1265 animum
1412 1227 1521 1281 prae
1555 1225 1613 1265 se

43 1305 154 1359 fert.
181 1303 256 1358 Te
284 1305 387 1357 vidi
407 1305 624 1376 justum,
656 1311 707 1357 te
733 1303 904 1357 solum
946 1302 1121 1357 inveni
1160 1312 1390 1372 gratum,
1430 1310 1480 1356 te
1505 1301 1610 1357 vidi

43 1396 243 1450 virtutis
286 1394 545 1449 rationem
578 1393 808 1447 habere:
840 1401 895 1446 tu
927 1391 1074 1447 solus
1112 1406 1293 1447 coram
1333 1407 1417 1445 me
1436 1391 1612 1462 justus

44 1487 345 1557 apparuisti,
391 1486 636 1541 omnibus
678 1484 795 1538 aliis
840 1484 1216 1554 pereuntibus,
1247 1482 1485 1551 tejubeo
1527 1482 1611 1536 in-

44 1579 182 1649 gredi
212 1594 334 1634 cum
361 1578 504 1632 omni
541 1577 699 1631 domo
738 1584 821 1629 tua
863 1575 914 1628 in
944 1589 1121 1629 arcam
1148 1592 1163 1639 ;
1196 1589 1262 1629 ex
1296 1574 1611 1629 animalibus

45 1670 178 1737 puris
200 1667 366 1738 jubeo
396 1678 446 1722 te
476 1665 811 1721 introducere
853 1675 1091 1735 septena.
1123 1664 1253 1732 Quia
1285 1665 1429 1734 prius
1458 1664 1610 1721 inde-

45 1759 180 1815 finite
215 1765 541 1829 praeceperat
572 1771 640 1812 ex
691 1755 939 1810 omnibus
971 1770 1066 1825 par
1106 1770 1267 1809 unum
1308 1754 1609 1810 introduci:

46 1862 255 1922 propter
288 1851 390 1906 hoc
418 1865 556 1905 nunc
577 1849 733 1904 dicit:
762 1848 818 1901 2.
848 1847 930 1902 Ea:
950 1847 1090 1918 puris
1112 1856 1278 1902 autem
1298 1856 1522 1919 septena,
1550 1864 1613 1903 ea:

44 1943 245 2013 impuris
275 1959 390 1997 vero
428 1941 564 2007 bina,
616 1938 895 1994 masculum
936 1947 983 1993 et
1015 1939 1273 2009 feminam.
1306 1940 1493 1995 Postea
1516 1955 1613 1995 au-

46 2046 141 2090 tem
181 2048 400 2089 causam
442 2031 660 2096 docens,
692 2029 899 2084 subdit:
932 2030 983 2085 '5.
1019 2028 1085 2084 Ut
1113 2031 1305 2084 nutrias
1330 2046 1496 2084 semen
1524 2047 1612 2085 su-

46 2145 123 2195 per
148 2142 349 2181 omnem
378 2136 580 2178 terram.
630 2122 819 2193 Opera:
869 2121 1094 2191 pretium
1138 2130 1315 2176 autem
1355 2120 1457 2177 hoc
1491 2121 1612 2176 loco

46 2220 193 2275 fuerit
237 2219 507 2289 inquirere
548 2226 602 2273 et
645 2216 825 2271 videre
858 2214 997 2269 unde
1025 2214 1443 2283 sciebatjustns,
1468 2230 1612 2284 qna:-

48 2328 156 2366 nam
190 2327 344 2381 pura,
378 2325 620 2382 quamam
648 2309 875 2378 impura.
906 2306 1148 2361 Nondum
1191 2306 1333 2361 enim
1375 2317 1493 2360 erat
1520 2306 1607 2360 di-

48 2404 249 2459 stinctio
283 2404 395 2458 haec
423 2402 579 2466 facta,
610 2416 767 2471 quam
799 2406 981 2469 postea
1011 2398 1185 2452 Moses
1216 2396 1417 2451 Judmis
1448 2398 1501 2451 in
1530 2398 1608 2451 le-

47 2496 188 2564 gibus
218 2494 333 2549 suis
360 2492 560 2549 statuit.
588 2491 737 2547 Unde
762 2503 889 2558 ergo
919 2488 1151 2544 sciebat?
1173 2488 1217 2542 A
1239 2488 1437 2558 seipse,
1470 2497 1523 2541 et
1545 2487 1610 2542 ab

49 2587 193 2640 insita
230 2596 435 2639 natura:
481 2598 591 2638 sua:
636 2581 896 2646 doctrina,
926 2594 1085 2648 quam
1116 2587 1170 2633 et
1206 2578 1341 2633 ratio
1371 2579 1606 2633 dictavit.

48 2677 173 2731 Nihil
199 2678 345 2732 enim
372 2674 697 2731 immundum
717 2688 783 2729 ex
814 2672 877 2726 iis
907 2686 1024 2740 qua:
1049 2670 1187 2725 Deus
1215 2669 1355 2725 fecit.
1380 2670 1495 2736 Quo
1516 2686 1610 2740 pa-

48 2779 123 2825 cto
155 2770 299 2824 enim
350 2764 675 2821 immundam
727 2775 1042 2817 vocaremus
1084 2760 1243 2815 ullam
1291 2775 1608 2827 creaturam,

48 2878 155 2932 quae
179 2859 349 2916 semel
380 2873 609 2928 superne
636 2871 664 2909 a
690 2853 976 2910 Conditore
1003 2853 1291 2922 approbata
1315 2851 1446 2906 fuit?
1472 2852 1613 2906 Dixit

49 2952 177 3008 enim
206 2950 387 3005 divina
413 2948 720 3018 Scriptura:
761 2944 894 2997 Vidit
924 2943 1059 2997 Deus
1092 2943 1263 2996 omnia
1290 2958 1614 3012 qutecumqne

51 3045 188 3113 fecit,
223 3050 271 3096 et
318 3056 428 3094 ecce
470 3038 599 3092 bona
643 3036 788 3091 valde
822 3035 973 3104 (Gen.
1016 3036 1069 3088 l.
1121 3033 1233 3101 51).
1278 3033 1380 3088 Sed
1429 3039 1612 3102 postea

52 3146 223 3189 natura
255 3148 285 3186 a
312 3133 485 3202 seipsa
523 3130 659 3185 hanc
696 3128 1045 3183 diderentiam
1072 3125 1328 3182 exhibuit.
1363 3125 1427 3179 Et
1456 3133 1511 3177 ut
1532 3124 1611 3177 vi-

52 3228 166 3280 deas
204 3225 309 3280 hoc
360 3238 480 3279 esse
522 3236 728 3284 verum,
763 3220 1037 3276 considera
1072 3218 1338 3288 quomodo
1382 3218 1434 3270 in
1475 3232 1612 3270 non—

52 3320 198 3373 nullis
224 3318 360 3373 locis
378 3316 444 3370 ab
467 3313 728 3383 aliquibus
759 3313 1027 3367 abstinent
1054 3311 1215 3380 aliqui
1243 3318 1297 3363 nt
1325 3307 1612 3363 immundis

52 3420 99 3466 et
124 3426 229 3465 non
268 3408 524 3479 probatis,
557 3405 715 3475 aliqui
755 3405 859 3459 illis
900 3402 1027 3473 ipsis
1055 3410 1357 3463 vescuntur,
1387 3414 1613 3455 consue-

53 3502 221 3557 tudine
256 3502 397 3570 ipsos
427 3498 493 3552 ad
525 3498 626 3552 hoc
656 3495 958 3551 inducente.
1003 3494 1092 3550 Sic
1136 3502 1192 3549 et
1240 3502 1364 3547 tunc
1404 3505 1614 3561 quoque

54 3596 153 3663 ipsa
179 3592 403 3649 scientia
430 3590 571 3661 justo
594 3589 771 3655 insita,
799 3586 1021 3641 docebat
1044 3599 1286 3655 quaenam
1322 3582 1389 3637 ad
1430 3581 1611 3636 cibum

52 3682 401 3747 accommoda,
433 3691 487 3737 et
519 3695 637 3750 qua:
664 3677 954 3744 immunda,
987 3691 1091 3731 nou
1122 3676 1263 3745 quod
1303 3676 1376 3728 ita
1404 3681 1609 3738 essent,

58 3773 303 3844 sedquod
318 3786 415 3841 pro
435 3771 1089 3828 itnmundishaberentur.
1116 3767 1236 3835 Qua
1249 3765 1393 3822 enim
1405 3763 1470 3819 de
1492 3779 1617 3818 can-

59 3880 126 3928 sa.
156 3866 261 3929 die,
294 3878 412 3928 oro,
444 3862 650 3916 asinum
691 3860 1017 3916 immundum
1044 3872 1343 3921 censemus,
1375 3856 1615 3926 quamvis

55 3957 334 4010 seminibus
365 3962 564 4009 tantum
604 3960 868 4023 pascatur,
897 3951 996 4005 alia
1039 3957 1215 4004 autem
1254 3946 1610 4018 quadrupedia

56 4048 162 4101 cibo
203 4044 577 4101 convenientia
626 4051 891 4113 putamus,
942 4039 1152 4095 etiamsi
1197 4036 1468 4093 immundo
1515 4036 1615 4089 ali-

56 4145 222 4191 mento
247 4134 567 4205 pascantur?
590 4133 662 4187 Ita
689 4132 912 4186 scientia
940 4146 969 4184 a
1006 4132 1115 4185 Deo
1142 4138 1343 4183 naturae
1362 4126 1615 4198 suppl-di-

56 4236 151 4281 tata
173 4227 291 4282 haec
315 4226 560 4281 docebat.
597 4224 783 4279 Posset
821 4232 996 4277 autem
1036 4230 1090 4276 et
1128 4220 1285 4275 aliter
1312 4220 1414 4273 dici
1442 4237 1453 4274 :
1482 4217 1613 4286 Quia

58 4318 181 4371 Deus
204 4316 294 4387 qui
323 4323 667 4385 praeceperat,
682 4313 821 4368 idem
842 4311 1001 4366 etiam
1025 4311 1232 4364 illorum
1260 4308 1615 4377 cognitionem

55 4409 95 4462 ei
118 4408 324 4464 indidit.
355 4407 616 4463 Caeterum
645 4405 714 4461 de
737 4404 953 4459 mundis
978 4418 1041 4458 ac
1066 4401 1355 4457 immundis
1384 4401 1512 4456 satis
1538 4400 1619 4454 di—

56 4509 185 4554 ttunt
213 4508 318 4555 est.

115 4592 164 4646 6.
208 4591 384 4657 Quare
401 4605 463 4643 ex
481 4586 752 4643 immundis
770 4585 907 4652 bina,
925 4599 989 4640 ex
1000 4583 1198 4637 mundis
1213 4591 1376 4636 autem
1391 4589 1614 4651 septena.

55 4688 329 4743 --Yerum
358 4685 568 4740 interim
598 4682 699 4737 alia
732 4696 852 4737 sese
890 4675 1048 4733 oﬂ‘ert
1082 4677 1305 4747 quaestio
1331 4690 1530 4745 :quare
1551 4689 1617 4730 ex

55 4778 333 4832 immundis
364 4775 506 4843 bina,
555 4789 620 4829 ex
650 4772 860 4827 mundis
875 4774 1052 4825 autem
1074 4776 1322 4838 septena;
1346 4766 1460 4821 haec
1486 4781 1617 4835 quo—

56 4885 147 4937 que
172 4888 185 4924 :
220 4882 393 4938 quare
418 4881 523 4920 non
549 4863 636 4919 vel
663 4877 785 4929 sex,
820 4861 904 4916 vel
933 4868 1071 4925 octo,
1089 4858 1180 4914 sed
1200 4867 1415 4927 septem
1443 4857 1618 4926 paria?

58 4961 305 5016 Fortassis
331 4958 537 5029 longius
557 4957 792 5013 excurrit
809 4953 979 5009 oratio
1003 4971 1017 5007 :
1038 4951 1131 5008 sed
1158 4952 1203 5006 si
1238 4967 1343 5006 non
1372 4951 1532 5020 piget,
1563 4957 1619 5005 et

57 5054 93 5105 si
115 5052 292 5116 vultis,
325 5048 506 5119 paucis
549 5048 664 5102 haec
708 5046 982 5101 caritatem
1013 5050 1239 5098 vestram
1268 5041 1577 5096 docebimus
1603 5080 1616 5104 ,

62 5158 114 5196 ea
139 5144 345 5198 scilicet
373 5156 492 5210 quae
520 5138 674 5193 nobis
699 5136 877 5192 divina
908 5133 1074 5205 gratia
1100 5132 1443 5189 concesserit.
1471 5132 1618 5187 Multi

62 5234 184 5287 enim
212 5232 387 5287 varias
408 5230 475 5285 de
498 5228 562 5282 iis
591 5226 794 5283 fabulas
817 5235 1055 5290 narrant,
1079 5232 1134 5278 et
1164 5223 1288 5277 hinc
1338 5222 1620 5279 occasione

61 5335 273 5393 sumpta,
301 5319 701 5377 observationes
722 5330 1059 5371 numerorum
1089 5321 1377 5369 ostentant.
1408 5315 1475 5367 At
1514 5328 1619 5368 non

62 5413 373 5479 observatio,
408 5410 501 5467 sed
527 5410 902 5477 intempestiva
929 5405 1203 5460 hominum
1229 5403 1511 5459 curiositas
1538 5412 1619 5458 ta-

64 5508 118 5560 lia
144 5508 343 5579 lingere
388 5504 622 5569 molitur,
654 5500 793 5555 unde
833 5507 888 5553 et
933 5499 1113 5552 muitae
1156 5497 1389 5552 haereses
1434 5508 1567 5553 ortae
1598 5537 1615 5565 ,

61 5601 185 5669 quod
211 5599 390 5654 statim
420 5595 617 5652 scietis.
653 5589 866 5646 Etenim
893 5590 1199 5659 frequenter
1225 5589 1321 5657 (ut
1346 5588 1620 5644 videamur

62 5689 202 5763 quasi
222 5708 289 5749 ex
305 5687 626 5747 abundantia
651 5699 766 5750 eos,
791 5684 878 5757 qui
901 5698 967 5739 ex
989 5682 1097 5739 suis
1121 5683 1465 5754 Opinionibus
1484 5699 1615 5737 nova

1719 508 1999 596 numerum
2026 510 2313 596 servatum.
2338 505 2541 575 Quippe
2566 511 2776 577 quando
2801 515 2942 570 misit
2966 517 3254 589 discipulos
3274 563 3288 585 .

1720 583 1873 677 binos
1893 601 1984 641 eos
2006 590 2169 657 misit,
2198 593 2295 662 ipsi
2320 606 2494 652 autem
2521 615 2707 657 omnes
2727 604 3005 661 duodecim
3034 583 3209 677 erant,
3234 583 3287 665 et

1719 674 2005 749 Evangelia
2035 692 2261 751 quatuor
2287 702 2526 743 numero.
2563 692 2630 745 At
2659 708 3107 761 supervacaneum
3133 674 3293 754 fuerit

1721 767 1833 858 base
1853 769 1990 839 apud
2012 775 2283 827 caritatem
2310 785 2534 833 vestram
2561 795 2997 853 commemorare,
3018 805 3134 858 qua:
3155 793 3286 845 satis

1716 857 1899 914 didicit
1927 861 2225 931 hujusmodi
2253 866 2408 922 dictis
2434 873 2682 928 obturare
2701 890 2856 932 aures
2902 880 3000 951 (a).
3031 857 3294 937 Necessa-

1719 951 1855 1005 rium
1876 961 2051 1008 autem
2086 958 2380 1026 utposthac
2404 960 2707 1029 doceamus,
2752 983 2916 1037 quare
2967 981 3193 1040 septena.
3218 991 3283 1028 ex

1720 1042 1867 1110 puris
1894 1043 2159 1102 introduci
2189 1048 2239 1102 in
2270 1065 2446 1105 arcam
2476 1058 2806 1125 prmceperit.
2860 1059 3012 1114 Plura
3067 1063 3282 1131 quidem

1717 1135 1970 1201 praecepit
1991 1151 2053 1189 ex
2085 1138 2677 1208 mundisintroduci,ut
2720 1147 2893 1215 justus
2938 1150 3045 1215 ille,
3100 1162 3162 1207 et
3195 1154 3284 1221 qui

1715 1237 1838 1278 cum
1869 1225 1957 1279 illo
1977 1236 2147 1290 erant,
2172 1244 2237 1284 ex
2260 1230 2469 1287 illorum
2497 1251 2593 1289 usu
2613 1236 2842 1306 aliquam
2867 1241 3284 1298 consolationem

1715 1315 2015 1384 acciperent
2048 1334 2061 1373 :
2089 1322 2227 1389 quod
2273 1333 2447 1378 autem
2477 1338 2691 1394 septena
2731 1340 2784 1383 et
2812 1342 3048 1399 septena,
3089 1344 3143 1388 et
3183 1335 3295 1391 hoe-

1715 1423 1925 1479 quoque
1954 1412 1999 1465 si
2040 1428 2250 1468 causam
2286 1416 2591 1484 disceretis,
2620 1436 2883 1475 summum
2917 1424 3163 1479 indicium
3203 1438 3289 1481 est

1714 1503 1816 1571 piae
1852 1504 2044 1558 mentis
2073 1505 2201 1574 justi
2242 1508 2362 1562 viri.
2410 1509 2539 1564 Nam
2579 1512 2701 1581 quia
2744 1515 2985 1584 cognovit
3026 1517 3293 1588 benignus-

1715 1592 1855 1647 Deus
1884 1594 1980 1649 viri
2007 1596 2271 1663 virtutem,
2295 1606 2348 1654 et
2372 1601 2510 1669 quod
2529 1611 2586 1656 ut
2608 1603 2804 1673 justus,
2825 1615 2878 1659 et
2903 1616 3043 1661 tanta
3073 1608 3291 1665 Domini

1714 1683 1880 1741 fretus
1919 1688 2311 1757 misericordia,
2351 1692 2438 1747 ubi
2470 1703 2626 1749 tanta:
2664 1700 2990 1765 tempestatis
3017 1700 3289 1770 ell‘ugisset-

1717 1780 2026 1846 periculum,
2055 1782 2411 1853 liberatusque
2438 1784 2623 1842 fuisset
2649 1804 2677 1841 a
2703 1790 2955 1856 periculo,
2979 1800 3031 1845 et
3056 1793 3123 1846 ab
3137 1809 3275 1848 area:

1714 1870 2064 1927 incommodis
2088 1873 2310 1942 solutus,
2336 1884 2541 1946 gratum
2564 1878 2795 1932 animum
2825 1880 3207 1949 declaraturus,
3226 1893 3285 1939 et

1713 1976 1811 2030 pro
1838 1962 2125 2031 gratiarum
2146 1964 2353 2020 actione
2374 1966 2571 2022 hostias
2614 1978 2668 2022 et
2711 1971 2969 2026 sacriﬁcia
3009 1973 3283 2029 oblaturus

1715 2062 1877 2119 esset,
1909 2065 1965 2109 ut
1993 2070 2060 2109 ne
2088 2055 2187 2110 hoc
2219 2056 2459 2113 faciendo
2487 2059 2754 2114 mutilarct
2784 2063 2925 2130 paria
2951 2080 2963 2115 :
2997 2063 3116 2118 ideo
3170 2065 3276 2119 Do-

1714 2144 1887 2199 minus
1928 2148 2181 2215 prmscius
2224 2148 2379 2216 lmjus
2424 2158 2585 2219 gratae
2629 2152 2836 2216 mentis,
2872 2153 3024 2222 jubet
3063 2163 3280 2222 septena

1715 2246 1769 2292 et
1810 2247 2029 2307 septena
2070 2239 2329 2294 introduci
2377 2255 2441 2295 ex
2490 2242 2708 2310 singulis
2748 2244 2919 2296 avimn
2957 2248 3236 2314 generibus
3260 2286 3282 2313 ,

1716 2338 1808 2393 ut,
1867 2345 1986 2385 cum
2038 2338 2276 2386 cessaret
2327 2332 2639 2387 universalis
2690 2335 2970 2401 interitus,
3027 2345 3081 2390 et
3129 2350 3281 2390 suam

1712 2430 1946 2476 mentem
1978 2423 2297 2489 declararet,
2331 2425 2473 2493 paria
2511 2426 2831 2491 volatilium,
2864 2436 3286 2497 caeterorumque

1712 2513 2019 2567 animalium
2064 2530 2167 2568 non
2220 2515 2538 2570 laederentur
2579 2534 2591 2570 :
2638 2517 2687 2571 id
2733 2517 2871 2587 quod
2924 2519 2974 2572 in
3021 2519 3284 2574 sermonis

1714 2620 1997 2675 progressu
2047 2606 2293 2673 discetis,
2347 2609 2432 2662 ubi
2483 2610 2534 2662 in
2579 2625 2697 2662 eum
2748 2610 2919 2663 locum
2977 2610 3282 2678 perveneri-

1712 2713 1851 2753 mus.
1881 2697 2133 2754 Videbitis
2158 2700 2297 2755 enim
2317 2700 2512 2769 justmn
2540 2701 2686 2754 illum
2714 2700 2828 2755 inec
2854 2700 3056 2756 fecisse.
3084 2701 3280 2755 Didici-

1713 2791 1809 2846 stis
1854 2806 2067 2846 causam
2113 2792 2181 2847 ob
2222 2808 2377 2861 quam
2422 2804 2636 2862 septena
2680 2802 2897 2862 septena
2948 2793 3283 2847 introducere

1714 2894 2037 2955 praeceptum
2067 2884 2182 2940 fuit.
2214 2886 2290 2941 Ne
2317 2885 2536 2955 posthac
2559 2887 2793 2941 tolerelis
2807 2901 2901 2941 eos
2915 2888 3003 2957 qui
3032 2887 3272 2951 fabulari,

1713 2977 2072 3047 adversusque
2098 2977 2327 3032 divinam
2354 2978 2678 3048 Scripturam
2727 2979 3014 3049 insurgere,
3060 2990 3114 3034 et
3162 2995 3285 3049 qua:

1715 3085 1777 3125 ex
1797 3084 1895 3125 suo
1909 3070 2078 3139 capite
2101 3072 2382 3134 tinxerunt,
2412 3077 2467 3123 ut
2489 3083 2635 3123 sacra
2662 3069 2924 3139 dogmata,
2949 3068 3283 3123 introducere
3324 3092 3327 3095 ν

1715 3162 1969 3216 nituntur.
1998 3161 2158 3231 igitur
2185 3172 2457 3231 postquam
2490 3161 2664 3215 omnia
2693 3162 2833 3216 clare
2880 3161 3123 3216 mandata
3171 3160 3287 3215 fue-

1715 3264 1859 3321 runt,
1887 3263 1942 3310 et
1964 3255 2031 3310 de
2058 3256 2262 3315 avibus.
2295 3263 2349 3309 et
2368 3255 2435 3309 de
2463 3252 2692 3317 mundis,
2717 3262 2770 3308 et
2797 3252 2864 3307 de
2890 3252 3194 3316 immundis,
3224 3262 3280 3307 et

1715 3350 1782 3405 de
1802 3350 2088 3415 alimentis,
2117 3350 2239 3403 dicit
2260 3349 2404 3418 justo
2439 3366 2451 3401 :
2482 3349 2534 3402 4.
2569 3348 2743 3401 Adhuc
2778 3348 2909 3399 enim
2950 3356 3134 3415 septem
3179 3346 3285 3398 dies

1714 3453 1850 3511 sunt,
1879 3452 1927 3497 et
1948 3459 2038 3514 ego
2064 3443 2248 3497 induco
2276 3442 2497 3512 pluviam
2535 3456 2688 3508 super
2724 3450 2907 3493 terram
2951 3438 3287 3508 quadraginta

1716 3536 1886 3590 diebus
1915 3545 1960 3589 et
1984 3534 2321 3605 quadraginta
2357 3531 2583 3586 noctibus
2603 3572 2616 3596 ,
2647 3539 2693 3584 et
2718 3531 2888 3584 delebo
2917 3546 3110 3583 omnem
3162 3528 3283 3581 sub-

1715 3627 1952 3681 stantiam
1984 3641 2133 3692 quam
2158 3624 2273 3696 feci,
2303 3640 2332 3675 a
2352 3623 2481 3694 facie
2508 3631 2674 3688 terra,
2701 3620 2761 3672 ab
2799 3620 2998 3673 homine
3038 3634 3192 3685 usque
3218 3619 3287 3670 ad

1708 3720 2014 3788 jumentum.
2070 3715 2318 3779 Attende,
2347 3713 2589 3775 obsecro,
2621 3712 2780 3766 etiam
2810 3725 2873 3764 ex
2906 3710 2971 3763 iis
2996 3724 3112 3778 qua:
3142 3722 3284 3762 nunc

1716 3812 1855 3867 dicta
1889 3818 2010 3866 sunt
2056 3809 2304 3864 bonitatis
2349 3808 2542 3862 divinae
2586 3806 2973 3870 excellentiam,
3019 3803 3284 3872 quomodo

1718 3911 1837 3973 post
1867 3911 2064 3956 tantam
2094 3899 2426 3955 tolerantiam
2451 3899 2609 3951 etiam
2639 3910 2778 3949 nunc
2801 3904 2923 3949 ante
2945 3902 3146 3962 septem
3172 3892 3286 3945 dies

1719 3993 1958 4064 praedicit
1987 4010 2000 4045 :
2033 3991 2217 4045 volens
2245 3998 2387 4043 metu
2410 3986 2799 4042 emendatiores
2830 3985 2945 4039 illos
2983 3982 3206 4038 reddere
3232 3991 3286 4035 et

1719 4086 1784 4141 ad
1815 4083 2176 4156 pcenitentiam
2203 4080 2474 4136 reducere.
2504 4078 2634 4133 Nam
2664 4075 2803 4145 quod
2834 4075 2953 4128 ideo
2995 4073 3245 4143 prmdicat
3267 4112 3283 4136 ,

1718 4192 1786 4232 ne
1805 4191 1865 4232 ea
1890 4191 2009 4246 qua:
2028 4174 2174 4237 dicit,
2198 4186 2361 4241 super
2385 4185 2477 4225 eos
2519 4169 2751 4235 inducat,
2780 4164 3052 4222 considera
3080 4163 3283 4217 Ninivi-

1721 4279 1820 4333 tas,
1850 4276 1902 4322 et
1927 4265 2139 4321 attende
2168 4272 2361 4334 quanta
2390 4261 2581 4316 borum
2625 4271 2677 4315 et
2702 4259 2907 4313 illorum
2938 4257 3007 4312 sit
3034 4254 3285 4309 dilieren-

1722 4361 1810 4415 tia.
1840 4359 1971 4427 Quia
1998 4372 2115 4411 cum
2141 4365 2219 4409 tot
2242 4354 2396 4408 annis
2417 4351 2710 4419 audissent,
2740 4358 2862 4405 ante
2888 4347 3028 4401 fores
3052 4360 3173 4401 esse
3199 4359 3281 4398 ca-

1720 4450 2001 4512 lamitates,
2031 4463 2200 4518 neque
2220 4446 2296 4500 sic
2314 4460 2343 4498 a
2368 4444 2569 4497 malitia
2594 4457 2689 4496 sua
2727 4447 3021 4496 cessarunt.
3078 4436 3291 4489 Etenim

1719 4542 2092 4597 consuevimus
2112 4537 2520 4608 negligentiores
2546 4549 2686 4598 esse,
2713 4531 2924 4601 quando
2971 4527 3209 4582 dill'ertur
3237 4535 3290 4580 et

1721 4634 2045 4705 protrahitur
2057 4632 2257 4702 punitio
2279 4647 2294 4698 ;
2316 4644 2377 4684 ac
2397 4643 2516 4683 cum
2538 4627 2777 4697 proxime
2797 4625 2992 4679 instant
3011 4634 3294 4683 aerumnae.

1722 4735 1847 4780 tunc
1872 4723 2231 4787 lmmiliamur,
2262 4729 2316 4777 et
2345 4719 2629 4789 plurimam
2681 4726 3008 4771 ostentamus
3058 4724 3286 4770 convcr-

1721 4818 1923 4872 sionem
1954 4834 1968 4872 :
1999 4816 2048 4871 id
2076 4815 2215 4886 quod
2245 4822 2300 4869 et
2325 4814 2377 4867 in
2393 4810 2639 4867 Ninivitis
2665 4808 2904 4877 contigit.
2948 4807 3293 4876 Quandoqui-

1722 4908 1840 4965 dem
1871 4909 1957 4963 nbi
1973 4908 2270 4972 audierunt,
2292 4905 2471 4959 Adhuc
2493 4914 2590 4958 tres
2613 4904 2736 4966 dies,
2765 4911 2811 4954 et
2842 4899 3024 4954 Ninive
3043 4899 3291 4952 subverte-

1723 5013 1805 5055 tur
1834 5002 2002 5073 (J0me
2023 5002 2076 5056 5.
2091 5000 2146 5072 4)
2166 5000 2263 5071 (b),
2286 5014 2395 5053 non
2415 4999 2587 5055 solum
2610 5009 2715 5048 non
2737 4994 3168 5061 desperaverunt.
3193 4987 3290 5044 ενα

1722 5103 1777 5149 et
1795 5094 1860 5147 ad
1883 5094 2080 5148 dictum
2118 5091 2221 5147 hoc
2260 5101 2633 5150 exsurrexere,
2688 5092 2992 5149 tantamque
3045 5078 3290 5134 vit‘orum

1787 5355 1858 5417 (ιζ)
1890 5362 1986 5417 Non
2010 5352 2097 5417 abs
2113 5363 2175 5417 re
2190 5349 2270 5397 hic
2283 5347 2643 5417 gbnwstomus
2660 5343 2708 5391 in
2730 5340 2839 5390 illos
2860 5337 3292 5417 invehiturbqui‘

1726 5400 2009 5479 explicanda
2029 5413 2190 5479 divina
2209 5400 2448 5479 Scriptura
2479 5416 2707 5479 magnam
2716 5414 3036 5479 numerorum
3056 5400 3290 5479 rationem

1725 5459 2180 5536 B'a'iié'ﬁaaiﬁnues
2197 5459 2339 5536 erant
2358 5471 2454 5536 non
2471 5459 2611 5536 modo
2623 5465 2761 5536 Al‘hilo
2778 5468 2828 5511 et
2840 5463 3073 5536 Clemens
3085 5459 3290 5536 Alexan-

1724 5520 2181 5590 διῖῆὦξξξέάῖίίίιὲη
2205 5532 2437 5580 Eusebius
2458 5528 2638 5590 aliquot
2655 5539 2710 5590 in
2733 5534 2873 5583 tocts;
2900 5526 2993 5571 imo
3030 5532 3083 5572 et
3112 5520 3191 5569 alii
3214 5528 3292 5569 Pa-

1726 5586 1846 5651 tres.
1875 5586 1972 5657 Qua
1992 5598 2055 5646 de
2078 5609 2134 5644 re
2157 5605 2382 5654 magnum
2407 5586 2583 5639 librum
2606 5586 2754 5638 edidit
2775 5595 2945 5637 Petrus
2966 5592 3169 5647 Bongus.

1789 5685 1861 5742 (lt)
1896 5684 2041 5733 vetus
2073 5677 2220 5727 lectio
2247 5677 2363 5727 LXX
2388 5677 2715 5737 lnterprelum
2742 5679 2841 5723 tres
2861 5681 3049 5724 tantum
3096 5674 3202 5720 dies
3228 5675 3288 5721 ad
