3804 6236
452 283 571 340 9J5

466 397 711 454 fecerunt
733 392 1139 457 abstinentiam,
1180 399 1235 447 et
1264 399 1370 445 tam
1413 388 1718 460 diligentem
1747 388 2041 445 confessio-

466 503 592 544 nem
630 485 1011 548 exhibuerunt,
1045 491 1102 537 ut
1128 491 1183 537 et
1207 482 1274 536 ad
1303 481 1456 535 bruta
1493 495 1662 551 usque
1694 480 2047 536 extenderent

466 594 533 633 ea
555 594 677 648 qum
702 576 994 631 attinebant
1008 573 1075 628 ad
1094 572 1516 637 confessionem;
1546 587 1651 626 non
1697 572 1838 643 quod
1893 572 2045 627 bruta

467 670 759 725 animantia
810 665 1201 721 confessionem
1242 664 1543 720 ediderint:
1589 664 1857 734 quomodo
1900 664 2043 719 enim

464 767 703 828 possent,
735 772 856 811 cum
885 770 1134 811 sermone
1153 754 1406 810 careant?
1433 753 1526 809 sed
1557 764 1613 808 ut
1641 770 1735 824 per
1760 755 1861 809 hoe
1884 754 2046 809 mise-

467 848 748 905 ricordiam
779 848 903 902 boni
935 847 1144 902 Domini
1189 846 1291 900 sibi
1333 846 1699 901 conciliarent.
1751 845 2045 901 Prmdicato

463 940 608 996 enim
632 941 860 1011 jejunio,
889 940 1081 1010 inquit,
1130 955 1222 994 rex
1270 940 1384 1009 ipse
1428 938 1715 1004 mandavit,
1770 946 1826 992 ut
1873 953 2045 1007 neque

469 1045 619 1097 oves,
644 1047 817 1102 neque
857 1033 1043 1099 boves,
1094 1047 1266 1102 neque
1314 1031 1418 1086 alia
1464 1030 1618 1085 bruta
1666 1030 1918 1100 pabulum
1960 1030 2044 1086 vel

465 1139 658 1195 aquam
694 1126 997 1195 acciperent
1050 1122 1294 1196 (Jonw'5.
1326 1123 1420 1193 '7);
1450 1121 1542 1177 sed
1572 1137 1731 1177 omne
1770 1121 2044 1177 hominum

467 1230 636 1285 genus
652 1224 777 1271 tunc
795 1217 968 1271 saccis
989 1214 1263 1281 amictum,
1286 1223 1341 1270 et
1359 1215 1473 1284 ipse
1492 1229 1703 1284 quoque
1723 1229 1813 1269 rex
1832 1214 2044 1270 sublimi

463 1307 599 1362 solio
622 1307 840 1373 sedens,
869 1323 1113 1379 magnam
1135 1316 1187 1362 et
1218 1322 1397 1377 parem
1446 1322 1569 1361 cum
1596 1307 1716 1361 aliis
1741 1322 1901 1377 egere
1928 1322 2047 1381 poe-

465 1399 743 1453 uitentiam
773 1416 787 1453 :
816 1397 1166 1468 feceruntque
1194 1398 1329 1463 bace,
1359 1398 1483 1453 licet
1508 1398 1813 1468 ignorarent
1833 1414 1899 1453 an
1926 1414 2044 1470 pm-

466 1506 590 1545 uam
610 1491 819 1547 evasuri
848 1499 1049 1546 essent.
1076 1490 1331 1546 Dicebant
1346 1490 1490 1546 enim
1513 1509 1527 1548 :
1555 1490 1680 1559 Quis
1704 1493 1817 1558 scit,
1848 1492 1893 1546 si
1914 1496 2045 1564 forte

466 1584 703 1651 paeniteat
729 1582 865 1638 Deus
890 1598 1045 1650 super
1072 1583 1287 1651 malitia,
1309 1599 1463 1654 quam
1489 1594 1544 1638 ut
1569 1585 1712 1639 nobis
1738 1585 1918 1655 faciat,
1964 1586 2043 1642 lo-

463 1682 648 1742 quutus
670 1682 743 1728 est
765 1672 926 1743 (Ibid.
955 1691 1004 1727 υ.
1024 1674 1082 1737 9)
1099 1675 1125 1728 1’

536 1763 591 1818 Ἰ.
632 1762 878 1817 Pra'dicit
908 1762 1063 1830 Deus,
1095 1781 1159 1817 ue
1179 1765 1387 1819 inducat
1414 1766 1568 1819 mala.
1590 1796 1661 1805 —
1683 1766 1874 1822 Vidisti
1918 1767 2043 1823 bar-

468 1854 715 1911 barorum
752 1864 959 1926 gratum
1007 1857 1282 1912 animum?
1329 1858 1505 1913 vidisti
1557 1860 1825 1929 quomodo
1874 1876 2045 1932 neque

464 1945 670 2001 dierum
698 1949 937 2016 angustia
967 1948 1239 2016 segniores
1264 1947 1420 2013 fecit,
1452 1965 1626 2019 neque
1675 1950 1741 2005 ad
1787 1950 2043 2021 despera-

465 2035 662 2091 tionem
690 2036 930 2092 induxit?
950 2037 1077 2092 Vide
1104 2047 1158 2092 et
1180 2038 1300 2093 illos
1321 2048 1440 2109 post
1459 2056 1739 2096 numerum
1772 2049 1849 2096 tot
1876 2058 2043 2097 anno-

465 2142 604 2191 rum,
632 2127 723 2184 ubi
736 2128 1049 2184 audiverunt
1078 2148 1091 2182 :
1115 2129 1304 2184 Adhuc
1319 2139 1524 2201 septem
1545 2131 1678 2198 dies,
1709 2142 1763 2187 et
1788 2133 2047 2190 diluvium

465 2216 760 2282 inducetur,
791 2234 964 2289 neque
987 2220 1065 2274 sie
1088 2234 1396 2287 conversos,
1424 2221 1518 2277 sed
1539 2222 1779 2292 stupidos
1827 2232 1882 2279 et
1924 2227 2042 2281 sine

462 2307 650 2365 dolore
674 2312 964 2366 mansisse:
991 2312 1132 2367 unde
1158 2312 1211 2366 in
1226 2313 1475 2369 confesso
1500 2314 1680 2384 fuerit,
1712 2319 2040 2375 voluntatem

461 2406 701 2454 nostram
723 2400 985 2455 malorum
1014 2403 1252 2458 omnium
1281 2418 1495 2459 causam
1525 2421 1666 2462 esse.
1719 2409 1857 2465 Ecce
1898 2411 2040 2466 enim

464 2498 513 2547 et
541 2489 692 2556 lii,ct
719 2491 807 2547 isti
823 2491 1036 2550 fuerunt
1062 2493 1324 2563 homines,
1366 2506 1422 2552 et
1470 2498 1709 2568 ejusdem
1752 2502 1902 2572 cujus
1952 2505 2039 2560 alii

438 2592 689 2650 'natunn,
734 2583 829 2640 sed
867 2600 971 2641 non
1000 2587 1239 2657 ejusdem
1269 2589 1579 2646 voluntatis.
1610 2593 1895 2663 Propterea
1945 2612 2044 2652 nec

463 2672 649 2727 eadem
677 2689 862 2730 eorum
893 2691 1012 2734 sors
1035 2677 1157 2745 fuit,
1206 2678 1303 2735 sed
1346 2680 1595 2737 Ninivitze
1637 2684 2043 2743 subversiourm

460 2764 914 2837 subterfugerunt,
938 2784 1060 2825 cum
1089 2769 1262 2827 bonus
1289 2772 1431 2827 Deus
1459 2782 1675 2843 propter
1726 2791 1877 2831 suam
1929 2778 2042 2832 cle-

461 2857 713 2911 mentiam
734 2872 920 2915 eorum
942 2869 1222 2918 contentus
1242 2872 1385 2918 esset
1428 2866 1738 2933 poenitentia
1770 2885 1784 2920 :
1812 2868 1909 2925 sed
1953 2870 2040 2929 isti

456 2946 741 3014 submersi,
758 2949 811 3005 in
834 2953 1102 3006 communi
1127 2954 1349 3009 interitu
1368 2955 1662 3024 perierunt.
1682 2958 1861 3013 Adhuc
1881 2961 2042 3029 enim,

432 3068 435 3069 ν
457 3034 647 3104 inquit,
664 3048 852 3109 septem
874 3042 1004 3108 dies,
1032 3051 1081 3096 et
1101 3060 1191 3114 ego
1216 3043 1400 3101 induco
1416 3046 1637 3116 pluviam
1656 3066 1810 3117 super
1829 3061 2037 3107 terram.

458 3125 661 3182 Deinde
690 3138 748 3183 ut
792 3131 963 3200 magis
1004 3141 1194 3203 augeat
1234 3143 1513 3203 terrorem,
1567 3137 1775 3208 inquit:
1807 3140 2042 3207 Quadra-

456 3221 598 3290 ginta
618 3221 790 3279 diebus
816 3233 864 3278 et
893 3224 1235 3296 quadraginta
1263 3230 1513 3285 noctibus.
1541 3231 1679 3299 Quid
1719 3233 1900 3290 enim?
1939 3252 2038 3292 an-

455 3325 562 3366 non
587 3322 810 3382 poterat,
842 3316 887 3371 si
917 3316 1189 3383 voluisset,
1222 3335 1331 3375 uno
1357 3320 1444 3376 die
1465 3332 1627 3378 totam
1670 3325 1901 3395 pluviam
1952 3328 2039 3385 in-

459 3403 695 3459 ducere?
718 3404 855 3473 Quid
880 3406 1000 3463 dico
1029 3424 1137 3464 uno
1161 3409 1292 3465 die?
1339 3411 1457 3468 Uno
1500 3423 1774 3472 momento
1818 3428 2037 3488 posset:

456 3495 549 3549 sed
583 3495 682 3551 huc
704 3496 882 3554 dedita
910 3513 1072 3569 opera
1094 3499 1240 3568 facit,
1269 3502 1453 3558 volens
1495 3505 1654 3562 simul
1697 3516 1750 3562 et
1790 3507 2037 3566 timorem

456 3586 714 3651 incutere,
743 3596 797 3643 et
820 3590 1155 3647 occasionem
1183 3603 1455 3663 prmstare,
1505 3612 1608 3666 qua
1658 3609 1874 3668 possent
1926 3616 2039 3672 po:-

455 3695 600 3743 nam,
624 3696 742 3751 qua:
766 3682 876 3752 jam
906 3683 961 3738 in
992 3684 1199 3741 foribus
1231 3697 1395 3754 esset,
1428 3688 1682 3761 cllugere.
1716 3691 1783 3746 Et
1821 3692 1996 3749 delebo
2018 3736 2037 3765 ,

454 3771 645 3841 inquit,
673 3789 870 3828 omnem
894 3776 1251 3844 substantiam,
1277 3795 1430 3848 quam
1458 3782 1577 3850 feci,
1606 3798 1639 3835 α
1666 3782 1800 3852 facie
1838 3793 1986 3839 terra:
2016 3827 2034 3853 ,

453 3865 516 3915 ab
539 3863 739 3917 homine
764 3882 919 3935 usque
937 3868 1006 3921 ad
1032 3884 1203 3937 pecus.
1237 3869 1368 3925 Vide
1395 3872 1666 3941 quomodo
1693 3884 1746 3929 et
1774 3876 1942 3931 semel
1983 3886 2039 3932 et

455 3953 646 4007 iterum
678 3955 945 4024 praedicit,
969 3967 1024 4012 et
1048 3974 1223 4028 neque
1243 3960 1320 4015 sic
1340 3960 1462 4017 illos
1488 3964 1673 4033 tangit.
1702 3964 1894 4020 Omnia
1936 3981 2036 4022 au-

454 4051 561 4098 tem
596 4045 708 4099 lucc
738 4046 986 4115 faciebat,
1017 4058 1073 4103 ut
1095 4065 1191 4105 nos
1212 4050 1450 4117 doceret,
1481 4068 1540 4109 se
1559 4055 1703 4123 justo
1730 4057 1809 4111 eis
1835 4066 2034 4115 tantam

454 4150 667 4206 pomum
687 4137 979 4207 indixisse;
1011 4149 1064 4196 ct
1090 4152 1147 4196 ut
1186 4143 1360 4198 nullus
1406 4144 1762 4216 insipientiam
1810 4166 2036 4222 arguere

454 4237 509 4281 et
531 4227 711 4284 dicere
756 4240 974 4299 posset:
1007 4232 1063 4287 Si
1122 4236 1635 4303 procrastinavisset.
1679 4238 1817 4296 forte
1866 4243 2037 4311 piem-

449 4307 675 4374 tentiam
704 4321 957 4391 egissent,
982 4324 1121 4379 forte
1145 4340 1177 4379 a
1202 4325 1343 4381 vitiis
1370 4326 1716 4396 abstitissent,
1756 4340 1811 4388 et
1830 4307 1899 4389 ad
1922 4334 2035 4390 vir-

457 4420 623 4465 tutem
654 4411 962 4470 rediissent.
997 4415 1177 4485 anue
1222 4416 1290 4472 de
1341 4433 1501 4473 causa
1531 4435 1791 4478 annorum
1821 4439 2035 4495 quoque

454 4517 735 4556 numerum
765 4503 1056 4560 declaravit
1076 4507 1251 4573 nobis,
1282 4516 1333 4563 et
1360 4523 1538 4564 arcam
1568 4510 1815 4568 fabricari
1852 4515 2033 4584 jussit.

455 4593 524 4648 Et
556 4604 674 4663 post
700 4594 814 4651 haec
835 4597 1014 4652 omnia
1043 4599 1204 4654 etiam
1232 4609 1357 4656 ante
1385 4600 1501 4657 dies
1530 4613 1737 4673 septem
1769 4607 2030 4676 praedicit,

454 4698 510 4741 ut
559 4688 794 4743 onmium
847 4697 1047 4745 temere
1083 4687 1410 4760 loQuentium
1449 4693 1785 4764 impudentes
1828 4698 2034 4769 linguas

451 4788 775 4848 compescat.
806 4780 859 4835 5.
892 4780 958 4834 Et
982 4782 1124 4851 fecit,
1149 4782 1341 4851 inquit,
1373 4782 1489 4839 Noe
1508 4787 1679 4840 omnia
1714 4804 2035 4861 qutecmnque

455 4872 709 4926 mandavit
729 4873 772 4925 ei
789 4872 1040 4927 Dominus
1066 4871 1224 4928 Deus.
1257 4873 1391 4929 Vide
1418 4876 1687 4945 quomodo
1713 4887 1767 4934 et
1792 4881 2033 4949 nuncju-

451 4965 516 5018 sti
537 4973 747 5034 gratum
775 4964 1012 5018 animum
1043 4974 1098 5019 et
1133 4963 1489 5021 obedientiam
1538 4967 1716 5023 divina
1761 4969 2035 5042 Scriptura

452 5056 727 5126 praedicat,
757 5056 957 5112 docens
985 5072 1084 5112 nos
1110 5072 1232 5113 eum
1260 5057 1390 5113 nihil
1416 5058 1557 5129 quod
1576 5061 1893 5133 imperatum
1920 5075 2035 5122 erat

454 5148 893 5215 prietermisisse;
925 5148 1018 5204 sed
1049 5148 1298 5205 omnibus
1326 5150 1578 5221 impletis,
1598 5154 1756 5208 etiam
1789 5171 1880 5224 per
1908 5155 2028 5224 hoc,

452 5385 835 5445 resipiscendum
874 5387 1088 5436 Ninivitis
1107 5387 1245 5438 datos
1282 5398 1626 5440 commemorat
1657 5405 1670 5440 :
1709 5392 1756 5441 in
1799 5393 2033 5445 Heliraico

454 5453 593 5515 textu
615 5456 763 5515 atque
804 5448 853 5494 in
876 5447 1077 5510 Vulgata
1119 5447 1433 5512 quadraginta
1454 5453 1561 5515 dies
1599 5452 1848 5515 loguutur.
1875 5457 2033 5507 Libra-

453 5510 632 5579 riorum
677 5510 840 5579 lapsus
876 5522 927 5579 in
968 5515 1077 5579 Lx_x
1116 5510 1466 5579 luterorétibus
1500 5514 1613 5579 inde
1652 5510 1789 5565 ortus
1821 5525 2032 5579 putatur,

453 5570 579 5640 quod
603 5577 707 5619 tres
724 5570 833 5640 dies
874 5577 1014 5640 Jonas
1036 5572 1083 5620 in
1105 5578 1282 5640 ventre
1315 5576 1412 5640 ceti
1447 5577 1625 5640 egerit,
1661 5570 1865 5640 quorum
1889 5570 2034 5631 triuni

456 5632 644 5684 dierum
663 5631 921 5685 occasione
942 5632 1021 5682 hic
1037 5639 1137 5684 tres
1162 5636 1305 5685 etiam
1324 5635 1431 5687 dies
1451 5631 1592 5701 positi
1613 5631 1818 5696 teurittt.

1166 273 1220 329 S.
1257 270 1534 330 JOANNIS
1570 271 2039 330 οίιιιγδοδτοωι

2218 271 2397 331 ΙΙΙΕΡ.
2436 276 2972 339 CONSTANTINOP.

3634 288 3753 343 σιω

2156 412 2365 469 virtutis
2386 430 2495 471 sua:
2518 419 2788 488 specimen
2813 422 3124 489 prmbuisse.

2225 506 2279 561 8.
2323 506 2536 562 Moralis
2557 511 2857 565 exhortatio.
2886 545 2955 553 —
2984 514 3135 569 Illum
3164 516 3321 587 igitur
3341 528 3395 573 et
3420 535 3522 576 nos
3557 521 3750 576 imitc‘

2156 615 2275 653 mur
2298 600 2521 671 justum,
2574 613 2628 657 et
2655 606 2901 661 mandata
2930 625 2959 661 a
2991 610 3099 663 Deo
3133 611 3319 666 tradita
3351 614 3577 683 implere
3626 626 3752 670 stu-

3800 388 3804 427 l

3798 482 3804 531 l

2154 690 2394 758 deamus,
2424 709 2487 748 ac
2523 694 2665 765 leges
2700 712 2728 751 a
2764 697 2974 753 Christo
3001 701 3151 754 nobis
3178 701 3309 757 latas
3340 720 3441 759 non
3471 705 3752 775 despicia—
3802 698 3804 721 ⁵

2154 799 2304 850 nius;
2329 784 2423 840 sed
2446 802 2627 841 carum
2657 800 2972 858 primentem
2996 803 3268 847 servantes
3299 797 3642 862 memoriam,
3666 796 3750 850 fe-

2152 878 2410 934 stinemus
2457 879 2523 933 ad
2560 880 2694 933 bona
2726 897 2908 951 opera,
2964 900 3062 937 nec
3114 900 3303 954 segnes
3350 887 3519 943 simus
3572 890 3632 942 in
3687 890 3753 941 iis
3802 882 3804 887 ’

2158 969 2447 1025 tractandis
2470 988 2588 1041 qum
2614 974 2678 1025 ad
2698 974 2920 1028 salutem
2945 987 3176 1030 nostram
3197 980 3482 1047 pertinent,
3502 996 3753 1050 parser-

2156 1059 2247 1114 titn
2277 1076 2397 1115 cum
2428 1052 2567 1115 nunc
2597 1064 2751 1134 longe
2798 1066 2968 1134 major
2997 1068 3201 1124 virtutis
3219 1085 3462 1126 mensura
3509 1089 3540 1127 a
3581 1074 3759 1129 nol-is

2154 1152 2416 1220 exigatur,
2447 1164 2646 1223 quanto
2672 1165 2725 1209 et
2753 1157 2971 1211 meliora
3006 1158 3139 1212 bona
3168 1161 3338 1215 sortiti
3364 1178 3572 1217 sumus.
3611 1163 3763 1220 Ideo-

2152 1253 2204 1299 et
2227 1245 2472 1301 Christus
2512 1247 2762 1303 dicebat:
2799 1249 2915 1305 Nisi
2960 1252 3289 1307 abundaverit
3320 1256 3522 1325 justitia
3568 1271 3751 1312 vestra

2152 1336 2267 1404 plus
2294 1353 2444 1407 quam
2461 1337 2740 1393 scribarum
2763 1351 2811 1394 et
2838 1339 3239 1411 Pharisa'orum,
3263 1361 3363 1400 nou
3380 1346 3640 1402 iutraln'tis
3696 1350 3752 1403 in

2150 1444 2359 1497 regnum
2384 1429 2625 1484 cartorum
2651 1429 2861 1500 (Matth.
2889 1432 2943 1487 5.
2973 1433 3095 1504 2ολ
3123 1433 3537 1493 Cousideremus
3577 1438 3751 1509 igitur

2149 1518 2252 1571 huc
2287 1517 2489 1574 dictum
2514 1560 2530 1583 ,
2572 1528 2627 1575 et
2671 1538 2777 1576 non
2829 1523 3186 1592 perfunctorie
3228 1535 3582 1595 transeamus,
3648 1532 3761 1585 sed

2150 1610 2443 1679 cogitemus
2485 1621 2682 1682 quanta
2703 1628 2860 1684 pinna
2910 1615 3086 1671 futura
3136 1618 3203 1673 sit
3250 1635 3434 1677 eorum
3481 1624 3572 1693 qui
3632 1640 3750 1679 nou

2148 1702 2320 1757 solum
2370 1718 2478 1757 non
2519 1718 2737 1774 cperam
2768 1706 2896 1762 dant
2919 1718 2976 1762 ut
2997 1709 3116 1765 illos
3145 1723 3420 1781 superent,
3447 1715 3544 1770 sed
3568 1717 3748 1772 etiam

2147 1795 2322 1848 minus
2338 1809 2497 1865 quam
2522 1796 2597 1852 illi
2624 1808 2916 1869 priestant;
2944 1816 3115 1873 neque
3134 1813 3325 1859 cavent
3367 1814 3425 1860 ut
3467 1806 3604 1861 iram
3661 1824 3743 1864 re-

2148 1886 2361 1945 mittant
2406 1891 2677 1960 proximo,
2718 1891 2798 1946 vel
2824 1892 3055 1964 linguam
3084 1909 3113 1947 a
3155 1896 3471 1965 jurznnentis
3518 1912 3763 1956 seru-nt

2151 1993 2356 2048 puram,
2386 1981 2467 2035 vel
2488 1982 2701 2037 oculum
2724 1985 2961 2040 muniant
2982 2002 3011 2040 a
3040 1988 3339 2056 pernicioso
3387 1993 3707 2060 spectaculo
3733 2012 3747 2046 :

2148 2080 2203 2125 et
2228 2085 2348 2125 cum
2378 2071 2633 2129 Dominus
2657 2077 2954 2147 prtccipiat,
2982 2094 3091 2135 non
3133 2081 3310 2136 solum
3336 2081 3545 2139 fortiter
3592 2083 3755 2141 ferre

2146 2162 2192 2216 si
2235 2178 2339 2234 qua
2387 2163 2579 2234 injuria
2620 2165 2880 2224 fuerimus
2918 2171 3113 2240 allecti,
3149 2173 3242 2229 sed
3264 2185 3319 2229 et
3334 2175 3592 2231 beneﬁcia
3642 2179 3750 2233 ini-

2146 2256 2301 2311 micis
2324 2257 2543 2327 largiter
2562 2260 2837 2329 przebere;
2863 2262 2936 2316 ait
2956 2264 3117 2331 enim,
3150 2263 3221 2319 Et
3247 2267 3334 2336 qui
3384 2277 3549 2322 tecum
3594 2271 3751 2336 Indi.

2146 2349 2226 2403 cio
2257 2350 2556 2404 contendere
2574 2360 2623 2405 et
2650 2354 2872 2408 tunicam
2892 2356 3065 2411 tollere
3081 2359 3207 2424 vult,
3222 2359 3416 2416 dimitte
3430 2371 3474 2415 ct
3518 2362 3759 2433 pallium

2146 2442 2358 2515 (Matth.
2382 2444 2435 2499 5.
2453 2444 2566 2516 40).
2590 2444 2699 2501 Nos
2724 2458 2902 2502 autem
2930 2463 3073 2520 smpe
3097 2451 3340 2520 proximo
3367 2453 3616 2524 injuriam
3654 2456 3745 2510 in-

2151 2535 2291 2592 ferre
2336 2537 2573 2604 nitimur,
2605 2548 2697 2594 aut
2723 2539 3003 2597 lmdentem
3049 2542 3252 2610 ulcisci,
3298 2545 3538 2615 quamvis
3578 2548 3761 2601 nobis.

2151 2626 2473 2697 inn-eratqu
2512 2630 2584 2709 sit
2613 2644 2718 2683 non
2750 2631 2922 2685 solum
2952 2632 3233 2702 diligentes
3286 2636 3506 2705 diligere
3546 2636 3749 2709 [Nam

2146 2718 2261 2785 hoc,
2292 2718 2483 2789 inquit,
2513 2729 2560 2775 et
2589 2721 2844 2791 publicani
2868 2723 3062 2793 faciunt
3088 2724 3299 2796 (Matth.
3319 2729 3372 2783 5.
3391 2728 3530 2801 46)],
3559 2732 3664 2786 sed
3690 2744 3752 2788 ct

2145 2812 2283 2867 bene
2311 2821 2366 2865 et
2391 2812 2561 2867 amice
2583 2812 2803 2868 allectos
2831 2829 2950 2870 esse
2979 2814 3036 2870 iu
3060 2830 3153 2871 eos
3183 2818 3269 2888 qui
3320 2835 3417 2874 nos
3464 2821 3753 2879 hostiliter

2146 2904 2398 2960 infestant
2427 2924 2440 2960 :
2476 2922 2573 2961 nos
2604 2916 2780 2962 tamen
2807 2923 2875 2963 ne
2900 2909 3086 2964 amicis
3115 2910 3328 2980 quidem
3358 2928 3539 2982 parem
3585 2920 3752 2971 cari-

2145 3005 2308 3053 tatem
2335 2999 2670 3054 exhibemus.
2698 3000 2994 3072 Eapropter
3014 3001 3175 3057 doleo
3191 3012 3245 3058 et
3273 3005 3447 3075 lugeo,
3476 3010 3603 3076 quia
3642 3011 3735 3062 vi-

2143 3092 2247 3147 deo
2278 3093 2332 3147 in
2352 3093 2506 3148 nobis
2523 3101 2725 3149 tantam
2742 3093 2955 3149 virtutis
2985 3100 3258 3150 raritatem
3281 3114 3299 3163 ;
3324 3098 3582 3153 malitiam
3636 3119 3747 3155 au-

2144 3195 2253 3242 tem
2298 3186 2538 3257 quotidie
2582 3186 2909 3244 invalescere
2940 3206 2954 3242 :
2986 3202 3160 3258 neque
3201 3201 3439 3245 moratur
3464 3192 3759 3262 gehennae

2145 3278 2305 3333 timor
2333 3287 2575 3335 nostrum
2603 3279 2655 3333 in
2681 3279 2825 3334 mala
2840 3294 3074 3346 cursum,
3103 3296 3276 3352 neq-ue
3320 3284 3465 3353 regni
3511 3284 3749 3342 deside-

2142 3373 2280 3425 rium
2297 3370 2504 3438 ineitat,
2524 3379 2578 3425 ut
2603 3370 2657 3425 in
2670 3371 2753 3426 via
2773 3372 2983 3426 virtutis
2997 3370 3334 3428 ambulemus
3358 3391 3373 3429 :
3401 3374 3494 3430 sed
3513 3391 3753 3441 omnes,

2143 3470 2202 3517 ut
2229 3463 2298 3516 ita
2330 3462 2526 3527 dicam,
2547 3476 2678 3532 quas
2726 3463 2960 3532 pecudes
2981 3462 3296 3519 abducimur
3321 3482 3334 3517 :
3366 3474 3420 3521 et
3444 3482 3623 3536 neque
3644 3486 3750 3524 oo-

2143 3554 2375 3623 gitamns
2396 3554 2687 3610 terribilem
2713 3553 2856 3608 illam
2886 3553 3090 3619 horam,
3123 3556 3211 3610 vel
3264 3556 3407 3628 leges
3435 3574 3466 3613 a
3496 3558 3755 3616 Domino

2147 3647 2303 3701 nobis
2331 3646 2484 3703 datas
2515 3663 2529 3701 :
2560 3646 2656 3703 sed
2681 3660 2871 3702 ornnes
2896 3647 2962 3701 ad
2991 3646 3267 3702 hominum
3294 3650 3581 3719 opiniones
3600 3668 3747 3722 spe-

2143 3747 2375 3802 ctamus,
2400 3746 2455 3792 et
2481 3736 2759 3809 gloriolam
2780 3737 2851 3792 ab
2880 3737 2982 3792 illis
3007 3753 3285 3804 venamur,
3312 3756 3487 3812 neque
3537 3744 3755 3801 audire

2144 3829 2388 3884 volumus
2416 3826 2770 3899 Evangelium
2800 3827 2986 3884 dicens
3024 3848 3038 3884 :
3084 3829 3347 3895 Quomodo
3394 3848 3479 3887 vos
3520 3839 3759 3904 potestis

2146 3924 2348 3978 credere
2373 3922 2586 3993 gloriam
2607 3920 2670 3975 ab
2700 3921 3315 3993 hominibusaccipientes,
3368 3934 3414 3979 et
3463 3926 3696 3996 gloriam
3726 3972 3755 3994 ,_

2139 4033 2254 4089 quia
2273 4034 2304 4070 a
2323 4014 2433 4071 solo
2463 4013 2571 4071 Deo
2586 4025 2680 4082 est,
2700 4032 2803 4070 non
2818 4028 3092 4086 quterentes
3104 4014 3284 4086 (Joan.
3301 4018 3355 4074 5.
3374 4018 3467 4089 44)
3486 4020 3509 4073 ?
3526 4018 3749 4087 Quem-

2141 4109 2427 4163 admodum
2457 4108 2602 4164 enim
2628 4107 2718 4178 qui
2748 4106 2893 4162 illam
2935 4107 3225 4165 humanam
3263 4108 3594 4176 desiderant,
3650 4112 3747 4166 di-

2146 4202 2271 4255 vina
2300 4213 2519 4269 prorsus
2541 4198 2792 4255 excidunt
2820 4216 2835 4251 :
2866 4198 2938 4253 ita
2964 4198 3057 4269 qui
3079 4198 3310 4255 divinam
3331 4201 3591 4256 continuo
3638 4219 3744 4259 sc-

2145 4302 2380 4358 ctantur,
2401 4304 2576 4361 neque
2599 4290 2698 4345 hac
2716 4290 3011 4360 privamur.
3034 4289 3088 4345 Id
3116 4290 3257 4361 quod
3280 4292 3392 4362 ipse
3418 4293 3568 4363 prius
3599 4310 3743 4365 pro-

2140 4384 2283 4438 misit
2309 4401 2321 4436 :
2351 4383 2571 4450 Quaerite
2590 4382 2841 4454 primunt‘
2868 4398 3078 4454 regnum
3100 4381 3216 4449 Dei,
3244 4394 3290 4437 et
3318 4384 3426 4440 han:
3450 4386 3629 4440 omnia
3644 4404 3743 4443 vo—

2138 4477 2213 4530 bis
2232 4476 2532 4547 atljicientur
2559 4474 2579 4545 (
2596 4473 2785 4529 Matth.
2813 4475 2865 4530 6.
2896 4473 2989 4546 55)
3015 4489 3035 4528 :
3062 4475 3257 4530 etenim
3283 4492 3404 4531 eum
3434 4478 3526 4546 qui
3567 4478 3754 4551 hujus

2139 4568 2408 4625 desiderio
2438 4576 2670 4635 tenetur,
2701 4574 2998 4637 sequuntur
3036 4567 3154 4623 have
3201 4569 3401 4623 omnia.
3454 4569 3595 4625 Nam
3637 4574 3743 4642 qui

2137 4662 2265 4718 illuc
2284 4662 2475 4718 mentis
2496 4676 2608 4717 sua:
2633 4659 2732 4715 alis
2750 4660 3041 4717 instructus
3064 4661 3225 4726 volat,
3244 4677 3457 4719 omnem
3480 4678 3746 4733 praesen-

2139 4764 2247 4810 tem
2276 4753 2683 4825 prosperitatem
2707 4752 2855 4823 quasi
2879 4766 2984 4809 non
3014 4762 3180 4818 esset,
3207 4756 3518 4810 contemnit.
3567 4756 3741 4813 Oculi

2137 4846 2279 4902 enim
2312 4844 2457 4909 fidei,
2489 4844 2703 4914 quando
2733 4843 2914 4899 vident
2964 4844 3248 4900 inelIabilia
3280 4846 3367 4902 illa
3423 4846 3566 4903 bona
3591 4890 3607 4913 ,
3666 4866 3739 4907 ne

2138 4938 2373 4993 sentiunt
2391 4936 2605 5006 quidem
2635 4935 2751 4990 haec
2778 4935 3004 4991 visibilia
3031 4952 3045 4989 :
3076 4945 3280 4992 tantum
3324 4938 3465 4994 inter
3509 4940 3635 4997 hac
3682 4951 3740 4997 ct

2138 5028 2227 5083 illa
2248 5028 2493 5083 interest.
2517 5009 2621 5082 Sed
2643 5027 2911 5082 neminem
2938 5029 3093 5083 video
3119 5029 3207 5099 qui
3231 5030 3511 5085 invisibilia
3541 5032 3738 5088 visibi-

2138 5118 2276 5173 libns
2303 5118 2569 5189 prteferat.
2594 5118 2796 5173 Idcirco
2820 5119 2953 5174 mihi
2982 5135 3181 5176 maeror
3204 5131 3309 5185 est,
3326 5131 3379 5176 ct
3407 5123 3738 5180 indesinens

2138 5210 2292 5265 dolor
2320 5211 2467 5265 cordi
2495 5224 2653 5265 meo:
2685 5211 2809 5281 quia
2854 5227 2960 5266 non
2989 5227 3169 5267 rerum
3211 5215 3543 5283 experientia
3584 5218 3742 5272 docti

2138 5319 2343 5368 sumus,
2396 5318 2567 5373 neque
2616 5302 2720 5358 Dei
2761 5303 3165 5373 promissiones,
3215 5320 3389 5375 neque
3434 5322 3741 5363 munerum

2139 5395 2467 5468 magnitudo,
2495 5396 2645 5467 regni
2676 5395 3000 5452 desiderium
3021 5404 3077 5453 et
3099 5410 3338 5452 amorem
3369 5398 3521 5454 nobis
3571 5393 3738 5461 inge-

2212 5567 2225 5596 ¹
2258 5564 2383 5626 Vox,
2403 5559 2613 5626 primunt
2639 5557 2890 5625 (πρῶτον),
2917 5559 3057 5609 deest
3093 5558 3145 5594 ίη
3175 5554 3323 5604 Savil.
3359 5560 3411 5604 et
3438 5556 3491 5604 in
3522 5556 3740 5617 septem

2147 5628 2261 5679 Mss.
