3804 6258
13 278 109 335 ΜΞ
1194 269 1263 326 ΙΝ
1297 266 1453 326 CAP.
1486 263 1554 322 Vl
1590 260 1833 318 GENES.
1878 261 2114 321 IIOMIL.
2154 262 2347 321 XXIV.

13 402 109 453 ιῶν
142 398 347 453 κακῶν
373 399 473 468 τὴν
506 392 722 466 ἀποχὴν
766 391 1114 462 ἐποιήσαντο,
1165 387 1259 442 καὶ
1286 384 1459 447 οὔτως
1494 379 1700 451 ἀκριϐῆ

13 500 99 568 τὴν
123 497 533 568 ὲξομολόγησ.ν
562 491 924 560 ἐπεδείξαντο,
948 488 1023 553 ὡς
1054 486 1149 541 καὶ
1175 486 1336 557 μέχρι
1355 482 1463 537 τῶν
1493 481 1702 549 ἀλόγων
1750 490 1760 505 ‘

13 598 340 651 ἐπεκτεῖναι
368 590 571 655 αὐτοὺς
602 590 670 644 τὰ
699 590 797 660 τῆς
821 584 1292 657 ἐξομολογήσεως·
1323 578 1421 650 οὐχ
1450 579 1531 631 ὅτι
1556 577 1613 631 δέ
1634 578 1701 630 τὰ

14 693 183 759 ἄλογα
206 686 702 761 ἐξωμολογῂαντο
723 686 864 755 (πῶς
889 682 998 754 γάρ
1019 679 1089 734 τά
1111 679 1283 749 λόγων
1305 677 1488 750 ἔρημα
1505 675 1567 746 ;),
1590 672 1702 727 ἀλλ’

16 787 100 841 tu
128 785 231 839 διὰ
265 784 479 839 τούτων
503 782 910 837 ἐπισπάσωνται
930 782 1009 841 εἰς
1023 776 1121 847 τὴν
1149 771 1276 845 περὶ
1296 770 1493 835 αὐτοὺς
1516 770 1704 839 φιλαν-

16 880 278 955 θρωπίαν
308 880 404 933 τὸν
435 877 639 946 ἀγαθὸν
678 874 974 945 Δεσπότην.
1002 868 1353 943 Κηρύξαντες
1385 865 1514 936 γάρ,
1547 861 1702 933 φησὶ,

14 975 307 1047 νηστείαν,
336 972 679 1045 προσέταξαν
706 969 755 1022 οἱ
775 968 903 1040 περὶ
923 967 1015 1021 τὸν
1043 961 1287 1036 βασιλέα,
1313 958 1408 1016 καὶ
1424 960 1493 1014 τά
1513 959 1704 1030 κτήνη,

14 1079 108 1131 καὶ
132 1075 276 1139 τοὺς
312 1070 467 1144 βόας,
498 1073 591 1125 καὶ
621 1072 798 1125 πάντα
839 1067 909 1121 τά
957 1066 1127 1134 ἄλογα
1159 1065 1294 1135 μήτε
1328 1061 1497 1131 νομῆς
1542 1075 1711 1131 μετα-

21 1175 198 1245 σχεῖν,
251 1175 399 1245 μήτε
424 1168 642 1233 ὓδατος,
675 1166 811 1222 ἀλλά
836 1166 985 1220 πᾶσα
1016 1164 1137 1217 τότε
1184 1163 1218 1234 ἡ
1259 1158 1368 1214 τῶν
1405 1157 1708 1231 ἀνθρώπων

23 1272 186 1338 φύσις
221 1269 439 1323 σάκκον
458 1261 962 1336 περιϐαλ[λ]ομένη,
989 1260 1084 1314 καὶ
1105 1258 1267 1321 αὐτὸς
1291 1258 1319 1311 ὁ
1339 1257 1431 1311 ἐπὶ
1463 1256 1556 1311 τοῦ
1583 1254 1709 1326 θρό-

25 1386 114 1422 νου
158 1364 487 1434 καθήμενος
532 1359 807 1431 βασιλεὺς,
839 1356 1039 1428 πολλὴν
1072 1356 1166 1411 καὶ
1196 1350 1449 1408 σύντονον
1487 1354 1587 1425 τὴν
1628 1351 1717 1417 ἐξέ

26 1460 368 1531 ομολόγησιν
393 1456 751 1525 ἐποιήσαντο,
794 1453 891 1506 καὶ
924 1451 1095 1505 ταῦτα
1126 1449 1227 1507 οὐκ
1256 1448 1456 1513 εἰδότες
1488 1448 1569 1502 ὅτι
1595 1448 1713 1502 δια-

27 1556 336 1624 φεύξονται·
374 1552 477 1622 τὴν
523 1550 815 1622 τιμωρίαν.
854 1547 1080 1619 Ἔλεγον
1119 1547 1251 1618 γάρ,
1291 1548 1388 1613 Τίς
1436 1546 1619 1607 οἶδεν,
1661 1546 1714 1599 εί

26 1659 139 1726 ἄρα
179 1651 561 1725 μετανοήσει
602 1652 636 1705 ὁ
679 1650 825 1716 Θεὸς
862 1648 961 1703 ἐπὶ
1004 1647 1081 1716 τῇ
1121 1646 1297 1714 κακίᾳ
1316 1685 1330 1709 ,
1374 1636 1415 1716 ᾖ
1446 1638 1716 1708 ὲλάλησε

26 1748 285 1821 ποιῆσαι
323 1744 473 1819 ἡμῖν
492 1762 510 1809 ;

98 1852 143 1914 ζ’
153 1893 168 1906 .
191 1845 359 1913 Εἶδες
376 1846 665 1919 βαρϐάρων
682 1840 1120 1911 εὐγνωμοσύνην;
1139 1833 1279 1905 εἶδες
1293 1833 1409 1900 πῶς
1423 1835 1542 1890 οὐδέ
1559 1834 1591 1906 ἡ
1608 1832 1717 1887 τῶν

28 1946 264 2021 ἦμερῶν
295 1944 631 2016 στενοχωρία
648 1940 841 2003 αὐτοὺς
862 1936 1118 2008 ὀκνηροτέ
1126 1952 1249 2007 ρους
1266 1932 1576 2005 εἰργάσατο,
1597 1930 1719 1985 οὐδέ

32 2040 429 2115 ἀπαγορεῦσαι
477 2039 805 2107 πεποίηκεν;
850 2035 993 2105 Ὅρα
1038 2031 1133 2087 καὶ
1179 2028 1405 2092 τούτους
1437 2027 1573 2099 μετά
1602 2043 1722 2079 τοσ-

28 2142 192 2198 οῦτον
223 2138 468 2213 ἀριθμὸν
489 2134 629 2190 ἐτῶν
647 2133 1006 2194 ἀκούσαντας,
1023 2130 1106 2183 ὅτι
1127 2128 1206 2181 ἔτι
1224 2126 1364 2181 ἐπτά
1381 2124 1610 2198 ἡμέραι,
1629 2124 1724 2179 καὶ

35 2244 63 2292 ό
86 2234 491 2304 κατακλυσμὸς
530 2231 816 2299 ἐπάγεται,
846 2227 966 2281 οὐδὲ
992 2225 1165 2289 οὕτως
1194 2222 1687 2296 ἐπιστρεφομένους
1706 2261 1721 2286 ,

38 2336 151 2388 ἀλλ’
181 2331 513 2401 ἀναλγήτως
529 2325 921 2397 διακειμένους,
948 2323 1070 2378 ὅθεν
1096 2320 1513 2393 ὡμολογημένον
1532 2320 1597 2374 ἂν
1615 2320 1724 2390 εἴη,

40 2434 118 2486 ὗττ
145 2434 183 2502 ἡ
212 2428 543 2502 προαίρεσις
568 2425 601 2495 ἡ
643 2422 888 2494 ἡμετέρα
920 2418 1073 2493 [227]
1115 2419 1224 2473 τῶν
1254 2418 1440 2472 κακῶν
1472 2417 1728 2472 ἁπάντων

48 2528 225 2583 αἰτία.
270 2526 408 2580 ’ἰδοῦ
433 2523 542 2595 γὰρ
564 2522 657 2576 καὶ
676 2513 820 2574 οῦτοι
852 2517 1404 2589 ἄνθρωποι,κάκεῖνοι
1426 2515 1725 2587 ἄνθρωποι,

44 2626 137 2678 καὶ
164 2624 272 2693 τῆς
311 2621 484 2690 αὐτῆς
518 2617 752 2686 φύσεως,
778 2615 893 2669 ἀλλ’
928 2618 988 2668 οὐ
1017 2612 1114 2685 τῆς
1136 2613 1306 2683 αὐτῆς
1330 2613 1727 2684 προαιρέσεως.

51 2718 140 2771 Διὸ
192 2716 324 2770 οὐδὲ
362 2713 469 2767 τῶν
500 2711 678 2765 αὐτῶν
712 2710 1032 2781 ἀπήλαυσαν
1056 2749 1070 2774 ,
1120 2709 1235 2762 ἀλλ’
1269 2711 1315 2761 οἱ
1352 2709 1449 2778 μὲν
1478 2707 1732 2777 διέφυγον

48 2816 146 2884 τὴν
172 2811 592 2878 καταστροφὴν,
624 2806 718 2860 τοῦ
760 2805 968 2875 ἀγαθοῦ
1006 2805 1140 2858 Θεοῦ
1175 2804 1530 2876 ἀρκεσθέντος
1554 2804 1733 2858 αὐτῶν

46 2915 111 2982 τῇ
155 2908 429 2983 μετανοίᾳ
455 2908 543 2961 διὰ
567 2906 665 2978 τὴν
691 2903 898 2958 οἰκείαν
926 2902 1333 2975 φιλανθρωπίαν
1353 2944 1368 2968 ,
1420 2904 1469 2956 οἱ
1511 2903 1565 2955 δέ
1600 2902 1731 2956 ὐπο-

48 3008 273 3079 ερύχιοι
304 3004 588 3073 γενόμενοι
634 2999 978 3071 πανωλεθρίᾳ
1006 2999 1400 3072 παρεδόθησαν.
1435 3002 1562 3054 Ἔτι
1605 3000 1735 3070 γὰρ,

53 3108 258 3179 φησὶν,
288 3100 530 3174 ἡμερῶν
553 3101 724 3166 ἑπτὰ,
750 3100 949 3170 ἐπάνω
971 3097 1155 3156 ὑετὸν
1177 3099 1276 3153 ἐπὶ
1300 3098 1410 3169 τῆς
1441 3099 1572 3169 γῆς.
1606 3096 1739 3154 Εἶτα

59 3203 306 3273 αὐξῆσαι
354 3198 447 3252 τὸν
491 3198 655 3266 φόϐον
688 3195 1011 3267 βουλόμενός
1067 3212 1233 3265 φησιο
1286 3195 1742 3264 Τεσσαράκοντα

56 3297 295 3366 ἡμέρας
335 3296 434 3349 καὶ
472 3292 931 3361 τεσσαράκοντα
974 3292 1217 3357 νύκτας.
1249 3291 1313 3343 Τί
1348 3291 1490 3362 γάρ;
1525 3291 1625 3345 οὐκ
1673 3286 1741 3362 ῆν

56 3394 210 3463 αὐτῷ
247 3390 501 3454 δυνατὸν,
534 3388 693 3460 εἴπερ
725 3387 995 3451 ἐϐούλετο,
1034 3387 1093 3441 ἐν
1124 3388 1223 3459 μιᾷ
1252 3387 1435 3459 ἡμέρα
1456 3386 1631 3440 πάντα
1652 3388 1744 3441 τὸν

57 3490 221 3543 ὐετὸν
272 3487 612 3555 ἐπαγαγείν;
652 3484 719 3537 Τί
760 3484 817 3538 δὲ
842 3483 987 3552 λέγω
1031 3485 1090 3537 ἐν
1132 3484 1231 3555 μιᾷ
1261 3484 1478 3555 ἡμέρᾳ;
1527 3481 1617 3536 Ἐν
1647 3485 1747 3556 μιᾷ

61 3588 234 3658 ῥοπῇ.
278 3585 425 3638 Ἀλλ’
463 3583 717 3654 ἐπίτηδες
756 3581 916 3635 τοῦτο
961 3583 1107 3634 ποιεῖ
1141 3578 1461 3651 βουλόμενος
1490 3582 1627 3653 ὁμοῦ
1654 3581 1748 3635 καὶ

59 3685 151 3737 τὸν
174 3682 352 3753 φόϐον
380 3682 667 3743 ἐπιτεῖναι,
706 3678 800 3733 καὶ
827 3677 1080 3751 ἀφορμὴν
1099 3677 1283 3740 αὐτοῖς
1316 3678 1622 3748 παρασχεῖν
1653 3678 1747 3732 τοῦ

63 3782 170 3835 κᾶν
207 3779 355 3853 πρὸς
407 3779 600 3841 αὐταῖς
629 3779 750 3841 ταῖς
775 3774 966 3847 θύραις
1003 3775 1328 3847 γενομένους
1360 3775 1457 3847 τὴν
1484 3777 1749 3849 τιμωρίαν

64 3879 380 3947 διαφυγεῖν.
416 3876 527 3929 Καὶ
544 3874 863 3942 ἐξαλείψω,
887 3873 1043 3944 φησι,
1067 3873 1274 3929 πᾶσαν
1292 3873 1408 3940 τὴν
1427 3873 1752 3938 ἐξανάστα-

66 3989 195 4035 σιν.
233 3970 323 4040 ἢν
349 3970 608 4035 ἐποίησα
650 3969 768 4023 ἀπὸ
795 3969 1122 4038 προσώπου
1162 3966 1269 4036 τῆς
1309 3967 1442 4038 γῆς,
1474 3969 1590 4025 ἀπὸ
1645 3970 1752 4024 ἀν..

69 4068 320 4138 ομὶιπου
350 4065 463 4129 ἕως
482 4063 763 4128 κτήνους.
788 4063 932 4133 Ὅρα
957 4062 1076 4125 πῶς
1099 4062 1193 4116 καὶ
1223 4062 1371 4128 ἅπαξ
1392 4063 1486 4117 καὶ
1505 4062 1754 4134 δεύτερον

71 4162 360 4235 προλέγει,
397 4158 491 4212 καὶ
526 4157 648 4211 οὐδέ
685 4155 829 4212 οὐτω
861 4155 1218 4213 καθικνεῖται.
1266 4156 1450 4213 Ταῦτα
1489 4157 1545 4211 δέ
1579 4158 1756 4213 πάντα

74 4258 278 4313 ἐποίει.
309 4255 395 4307 ἵνα
420 4254 566 4324 ἡμᾶς
589 4252 803 4325 διδάξῃ,
834 4253 917 4306 ὃτι
951 4252 1175 4317 δικαίως
1211 4253 1396 4317 αὐτοῖς
1430 4254 1530 4325 τὴν
1558 4254 1756 4309 τοσαύ-

72 4371 178 4425 την
209 4349 486 4421 τιμωρίαν
526 4348 798 4419 ἐπήγαγε,
824 4350 918 4403 καὶ
957 4350 1147 4421 μηδεὶς
1178 4350 1275 4421 έχῃ
1312 4349 1624 4421 μέμφεσθαι
1649 4351 1756 4404 τῶν

71 4446 369 4516 ἀνοήτων,
421 4442 516 4496 καὶ
557 4440 759 4510 λέγειν,
799 4442 881 4496 ὅτι
916 4443 979 4495 Εἰ
1011 4443 1498 4515 ἐμακροθύμησεν,
1538 4447 1647 4518 ἄρα
1691 4447 1759 4501 ἂν

74 4542 395 4611 ἀπέσχοντο
426 4538 525 4610 τῆς
549 4538 767 4605 κακίας,
801 4540 895 4594 καὶ
915 4539 1216 4611 ἐπανῆλθον
1243 4541 1378 4612 πρὸς
1406 4542 1504 4613 τὴν
1532 4544 1758 4615 ἀρετήν.

75 4638 174 4691 Διὸ
205 4637 304 4690 καὶ
336 4635 447 4689 τῶν
475 4635 612 4688 ἐτῶν
640 4636 729 4689 τὸν
755 4636 986 4707 ἀριθμὸν
1012 4636 1170 4706 δῆλον
1196 4637 1327 4708 ἡμῖν
1360 4640 1523 4701 ποιεῖ,
1555 4639 1762 4709 καὶτῆς

80 4734 327 4791 κιϐωτοῦ
359 4735 459 4807 τὴν
493 4735 836 4809 κατασκευὴ)
864 4737 1211 4806 προστάττει.
1246 4737 1356 4789 Καὶ
1404 4737 1541 4807 μετὰ
1588 4737 1763 4792 ταῦτα

78 4828 310 4880 ἅπαντα
324 4825 419 4877 καὶ
440 4824 546 4895 πρὸ
575 4823 683 4877 τῶν
713 4825 852 4878 ἑπτὰ
881 4826 1102 4895 ἡμερῶν
1136 4825 1412 4897 προλέγει,
1440 4826 1525 4879 ἵνα
1546 4827 1764 4883 πάντων

81 4913 199 4966 τῶν
227 4911 650 4982 ἀπερισκέπτως
691 4910 1027 4980 φθέγγεσθαι
1062 4906 1400 4983 βουλομένων
1435 4916 1760 4989 ἐπιστομίσῃ

83 5001 189 5071 τὴν
218 4999 577 5068 ἀναίσχυντον
612 4997 877 5067 γλῶσσαν.
942 5000 1048 5053 Καὶ
1100 5001 1373 5070 ἐποίησε,
1429 5004 1582 5075 φησὶ,
1632 5005 1762 5060 Νῶε

85 5087 293 5141 πάντα
335 5087 453 5140 ὅσα
502 5087 841 5141 ἐνετείλατο
879 5087 1039 5153 αὐτῷ
1082 5092 1295 5158 Κύριος
1341 5095 1374 5146 ὀ
1419 5095 1583 5161 Θεός.
1622 5095 1764 5168 Ὅρα

89 5174 213 5239 πῶς
261 5175 359 5228 καὶ
399 5174 493 5227 νῦν
546 5174 913 5246 ἀνακηρύττει
953 5176 1046 5229 τοῦ
1076 5175 1286 5230 δικαίου
1337 5179 1436 5250 τὴν
1484 5181 1763 5253 εὐγνωμο-

91 5266 262 5334 σύνην
290 5262 386 5316 καὶ
412 5263 512 5333 τὴν
543 5262 788 5334 ὑπακοὴν
820 5264 854 5334 ἡ
886 5263 1006 5316 θεία
1050 5264 1241 5336 Γραφὴ
1262 5306 1277 5332 ,
1323 5266 1651 5323 διδάσκουσα
1689 5270 1766 5336 ὡς

88 5352 245 5405 οὐδὲν
271 5351 383 5404 τῶν
405 5349 805 5421 ἐπιταχθέντων
820 5350 1139 5423 παρέλιπεν,
1170 5352 1313 5407 ἀλλὰ
1344 5355 1520 5408 πάντα
1545 5356 1767 5429 πληρώ-

93 5457 214 5505 σας,
245 5439 350 5511 τῆς
385 5438 593 5502 οἰκείας
618 5439 817 5510 ἀρετῆς
856 5438 951 5492 καὶ
977 5438 1063 5493 διὰ
1098 5439 1287 5494 τούτου
1336 5441 1434 5513 τὴν
1489 5444 1762 5512 ἀπόδειξιν

94 5527 424 5599 παρέσχετο.

165 5624 236 5693 η’.
270 5621 478 5675 Τοῦτον
508 5624 684 5676 τοίνυν
712 5624 805 5677 καὶ
836 5624 996 5693 ἡμεῖς
1029 5624 1397 5697 μιμησώμεθα
1421 5628 1511 5682 τὸν
1537 5629 1764 5695 δίκαιον,

96 5712 189 5765 καὶ
220 5710 321 5775 τάς
348 5708 503 5764 παρά
533 5709 779 5787 τοῦΘεοῦ
806 5712 1022 5777 ἐντολὰς
1048 5714 1179 5785 ἡμῖν
1204 5713 1493 5787 δεδομένας
1517 5717 1757 5791 πληροῦν

3360 224 3499 321 246⁷

1806 378 2324 451 σπουδάζωμεν,καὶ
2348 379 2422 451 μὴ
2447 377 2876 451 καταφρονῶμεν
2904 377 3013 433 τῶν
3039 376 3190 451 παρά
3217 377 3311 432 τοῦ
3333 379 3470 431 Θεοῦ

1801 466 2098 535 δεδομένων
2127 468 2257 537 ἡμῖν
2287 466 2487 537 νόμων,
2515 465 2630 520 ἀλλ’
2660 465 2876 520 ἔναυλον
2898 465 3107 538 ἔχοντες
3134 465 3338 520 τούτων
3368 463 3469 535 τὴν

1808 555 2050 624 μνήμην,
2079 554 2212 626 πρὸς
2235 551 2334 626 τὴν
2364 552 2568 608 τούτων
2590 552 2924 627 κατόρθωσιν
2960 553 3333 624 ἐπειγώμεθα,
3372 554 3471 606 καὶ

1809 641 1883 711 μὴ
1903 640 2159 713 ῥᾳθύμως
2181 643 2247 695 τά
2271 643 2410 695 κατὰ
2429 640 2526 712 τὴν
2553 642 2759 696 ἑαυτῶν
2785 642 3057 713 σωτηρίαν
3072 641 3467 711 οίκονομῶμεν,

1807 731 1899 784 καὶ
1934 729 2166 800 μάλιστα
2195 730 2275 783 δτι
2311 729 2491 800 πολλῷ
2517 730 2696 800 μεῖζον
2726 729 2922 800 μέτρον
2944 728 3146 800 ἀρετῆς
3177 728 3272 781 νῦν
3303 728 3467 780 ἀπαι-

1804 814 2074 885 τούμεθα,
2133 816 2242 886 ὅσῳ
2293 817 2389 869 καὶ
2443 816 2703 887 μειζόνων
2747 815 3158 886 άπηλαύσαμεν.
3195 817 3285 868 Διὸ
3320 816 3415 868 καὶ
3444 817 3473 868 ὁ

1811 902 2051 974 Χριστὸς
2082 902 2287 972 ἔλεγεν,
2326 904 2468 956 Ἐὰν
2505 901 2592 971 μὴ
2623 905 2996 971 περισσεύσῃ
3027 905 3064 971 ἡ
3113 903 3471 968 δικαιοσύνη

1807 990 1977 1059 ὑμῶν
2000 990 2190 1044 πλέον
2210 988 2327 1042 τῶν
2355 989 2741 1059 γραμματέων
2770 990 2866 1042 καὶ
2896 989 3252 1055 Φαρισαίων,
3288 992 3359 1041 οὐ
3383 989 3472 1057 μὴ

1809 1077 2120 1145 εἰσέλθητε
2134 1078 2221 1144 είς
2243 1076 2357 1146 τὴν
2368 1077 2694 1142 ,βασιλείαν
2714 1076 2833 1129 τῶν
2856 1073 3146 1143 οὐρανῶν.
3172 1075 3475 1145 Σκοπῶμεν

1809 1167 1990 1220 τοίνυν
2021 1166 2143 1219 καθ’
2168 1165 2413 1230 ἑαυτοὺς,
2452 1165 2546 1218 καὶ
2577 1164 2650 1235 μὴ
2703 1163 2886 1225 ἁπλῶς
2942 1161 3378 1233 παρατρέχωμεν
3414 1162 3475 1214 τὸ

1811 1253 2119 1324 εἰρημένον,
2145 1253 2281 1306 ἀλλά
2310 1253 2673 1324 ἐννοήσωμεν,
2706 1251 2805 1321 ὅση
2830 1249 3069 1302 κείσεται
3103 1248 3325 1309 κόλασις
3367 1250 3478 1308 τοῖς

1817 1338 1893 1411 μὴ
1931 1338 2088 1411 μόνον
2137 1340 2485 1411 ὑπερϐαίνειν
2529 1337 2767 1399 ἐκείνους
2802 1336 2876 1406 μὴ
2904 1333 3312 1397 σπουδάζουσιν,
3342 1330 3480 1385 ἀλλὰ

1813 1429 1910 1482 καὶ
1945 1427 2165 1481 ἔλαττον
2222 1427 2401 1480 αὐτῶν
2431 1426 2634 1497 ἔχουσι,
2691 1424 2784 1478 καὶ
2821 1423 2894 1495 μὴ
2942 1421 3287 1496 ἀνεχομένοις
3342 1422 3480 1491 μήτε

1814 1513 1986 1586 ὀργὴν
2016 1517 2232 1585 ἀφεῖναι
2260 1514 2337 1585 τῷ
2367 1514 2613 1585 πλησίον,
2659 1512 2799 1583 μήτε
2840 1510 3085 1580 καθαρὰν
3114 1509 3211 1578 τὴν
3239 1508 3482 1576 γλῶτταν

1813 1602 2091 1674 διατηρεῖν
2116 1602 2225 1656 ἀπὸ
2261 1602 2371 1656 τῶν
2402 1602 2603 1673 ὅρκων,
2647 1600 2783 1671 μήτε
2825 1597 2902 1666 τῷ
2928 1595 3195 1666 ὀφθαλμῷ
3224 1594 3482 1664 βουλομέ-

1816 1708 1929 1754 νοις
1957 1689 2320 1761 ἀποτειχίζειν
2342 1689 2443 1762 τὴν
2465 1686 2735 1756 ἐπιϐλαϐῆ
2762 1685 2907 1749 θέαν,
2937 1684 3033 1737 καὶ
3068 1683 3163 1736 τοῦ
3213 1683 3484 1737 Δεσπότου

1819 1778 2268 1850 προστάττοντος,
2306 1777 2382 1849 μὴ
2416 1776 2575 1849 μόνον
2595 1772 2948 1844 ἀδικούμενον
2976 1772 3164 1843 φέρειν
3198 1770 3483 1840 γενναίως,

1820 1865 1955 1917 ἀλλὰ
1986 1866 2080 1918 καὶ
2113 1863 2621 1934 ἐπιδαψιλεύεσθαιο
2663 1862 2747 1928 Τῷ
2777 1861 3010 1917 θέλοντι
3034 1860 3142 1930 γάρ
3173 1874 3292 1922 σοι,
3327 1857 3486 1927 φησὶ,

1754 2017 1763 2029 ⁸
1821 1952 1972 2025 [29.8]
1995 1951 2284 2021 κριθῆναι,
2302 1952 2399 2006 καί
2422 1951 2528 2005 τὸν
2548 1948 2771 2020 χιτῶνά
2790 1964 2908 2003 σου
2924 1948 3149 2013 λαϐεῖν,
3164 1947 3312 2016 ἄφες
3327 1943 3490 2009 αὐτῷ

1823 2042 1921 2097 καὶ
1951 2041 2015 2094 τὸ
2038 2041 2285 2110 ἱμάτιον.
2321 2040 2512 2111 Ἡμεῖς
2538 2039 2597 2092 δέ
2635 2037 2895 2100 πολλάκις
2931 2035 3025 2089 καὶ
3053 2035 3257 2088 ἀδικεῖν
3282 2036 3490 2102 ἐπιχει-

1829 2128 2029 2199 ροῦμεν
2057 2127 2150 2181 τὸν
2186 2126 2435 2199 πλησίον,
2482 2125 2515 2196 ἢ
2553 2125 2649 2179 καὶ
2686 2122 2998 2195 ἀμύνασθαι
3047 2121 3140 2174 τὸν
3174 2119 3487 2181 ἀδικοῦντα,

1826 2217 2001 2271 καίτοι
2034 2214 2489 2284 προσταττόμενοι
2515 2214 2590 2285 μὴ
2621 2212 2782 2282 μόνον
2819 2212 2947 2274 τούς
2981 2208 3311 2280 ἀγαπῶντας
3358 2209 3492 2275 ἀγα-

1827 2306 1935 2375 πᾷν
1956 2303 2160 2374 (Τοῦτο
2184 2304 2293 2375 γὰρ
2317 2303 2413 2357 καὶ
2436 2304 2488 2356 οἱ
2522 2297 2792 2365 τελῶναι,
2825 2298 2979 2369 φησὶ,
3005 2296 3330 2366 ποιοῦσιν),
3356 2294 3493 2349 ἀλλὰ

1830 2391 1925 2444 καὶ
1975 2391 2110 2463 πρδς
2155 2391 2282 2454 τοὺς
2326 2389 2711 2460 ἐχθραίνοντας
2753 2386 2992 2457 γνησίως
3018 2384 3341 2447 διακεῖσθαι,
3371 2382 3494 2437 οὐδέ

1832 2477 1967 2550 πρὸς
1998 2479 2125 2542 τοὺς
2156 2479 2487 2546 ἀγαπῶντας
2520 2476 2618 2547 τὴν
2653 2475 2777 2545 ἴσην
2809 2474 3029 2543 ἀγάπην
3056 2470 3493 2541 ἐπιδεικνύμεθα.

1831 2567 1928 2620 Διά
1964 2565 2138 2619 ταῦτα
2170 2562 2321 2632 ἀλγῶ
2361 2564 2452 2616 καὶ
2487 2562 2759 2632 ὀδυνῶμαι
2792 2560 2935 2631 ὀρῶν
2990 2558 3091 2629 τῆς
3142 2559 3241 2628 μὲν
3294 2557 3499 2626 ἀρετῆς

1831 2652 2097 2723 τοσαύτην
2137 2652 2196 2705 ἐν
2235 2652 2366 2722 ἡμῖν
2387 2649 2486 2721 τὴν
2516 2649 2735 2713 σπάνιν,
2771 2647 2871 2717 τῆς
2896 2647 2953 2700 δὲ
2985 2645 3182 2707 κακίας
3218 2644 3342 2697 καθ’
3369 2644 3500 2697 ἐκά-

1836 2756 1968 2810 στην
2014 2739 2230 2811 ἡμέραν
2281 2738 2380 2808 τὴν
2427 2736 2680 2790 ἐπίτασιν
2713 2734 3029 2804 γινομένην,
3087 2733 3180 2785 καὶ
3220 2731 3343 2784 οὐτε
3396 2732 3501 2801 τῆς

1834 2827 2061 2898 γεέννης
2082 2826 2172 2879 τὸν
2188 2823 2350 2894 φόϐον
2372 2822 2705 2876 ἐκκύπτοντα
2720 2823 2753 2891 ἡ
2761 2822 2874 2891 μῶν
2897 2819 2997 2891 τὴν
3017 2820 3107 2872 ἐπὶ
3132 2818 3229 2890 τὴν
3256 2819 3451 2871 κακίαν
3471 2830 3498 2858 ιι

1835 2914 2033 2986 ὁρμὴν,
2086 2912 2209 2966 οὐτε
2252 2912 2352 2982 τῆς
2386 2910 2659 2981 βασιλείας
2703 2909 2795 2962 τὸν
2848 2908 3009 2964 πόθον
3060 2907 3501 2979 προτρεπόμενον

1839 3003 1931 3056 ἐπὶ
1980 3000 2077 3072 την
2128 3000 2228 3070 τῆς
2276 2999 2478 3069 ἀρετῆς
2525 2998 2662 3058 ὁδὸν,
2700 2996 2836 3050 ἀλλὰ
2886 2995 3135 3057 πάντας,
3181 2995 3258 3057 ὡς
3304 2994 3501 3055 εἰπεῖν,

1842 3088 2204 3159 βοσκημάτων
2229 3087 2383 3157 δίκην
2426 3084 2828 3155 ἀπαγομένους,
2864 3082 2959 3136 καὶ
3004 3081 3259 3152 οὐδεμίαν
3296 3080 3505 3133 ἔννοιαν

1841 3176 2218 3247 λαμϐάνοντας
2249 3173 2375 3227 οὕτε
2411 3174 2509 3243 τῆς
2541 3172 2776 3242 φοϐερᾶς
2804 3170 3019 3241 ἐκείνης
3051 3170 3220 3242 ὥρας,
3243 3168 3366 3221 οὐτε
3397 3169 3506 3220 τῶν

1843 3263 1995 3335 παρά
2023 3262 2116 3315 τοῦ
2159 3260 2295 3314 Θεοῦ
2338 3259 2606 3313 τεθέντων
2658 3259 2790 3328 ἡμῖν
2820 3258 3018 3327 νόμων,
3076 3256 3212 3310 ἀλλά
3236 3254 3374 3326 πρὸς
3407 3253 3507 3324 τὴν

1842 3350 1951 3403 τῶν
1976 3347 2282 3419 ἀνθρώπων
2313 3346 2581 3417 ὑπόληψιν
2608 3346 2851 3408 ἅπαντας
2885 3344 3279 3414 ἐπτοημένους,
3303 3342 3398 3395 καὶ⁵
3416 3342 3508 3393 τὸν

1846 3437 1996 3509 παρά
2029 3434 2233 3489 τούτων
2257 3434 2476 3488 ἔπαινον
2501 3431 2852 3504 θηρωμένους
2877 3430 2927 3494 δ,
2959 3431 3058 3483 καὶ
3103 3430 3239 3500 μηδὲ
3289 3427 3510 3484 ἀκούειν

1845 3525 1941 3579 τοῦ
1964 3522 2300 3593 Εὐαγγελίου
2330 3522 2598 3591 λέγοντος,
2626 3519 2758 3586 Πῶς
2777 3519 2883 3573 δύα
2894 3521 3045 3573 ασθε
3070 3517 3239 3588 ὑμεῖς
3268 3516 3513 3572 πιστεῦ-

1848 3637 1951 3675 σαι
1981 3619 2171 3685 δόξαν
2206 3617 2367 3686 παρὰ
2415 3615 2741 3685 ἀνθρώπων
2780 3612 3214 3683 λαμϐάνοντες,
3251 3612 3353 3666 καὶ
3394 3610 3513 3679 τὴν

1851 3707 2012 3775 παρὰ
2039 3705 2148 3761 τοῦ
2192 3706 2399 3775 μόνον’
2429 3702 2578 3756 Θεοῦ
2627 3702 2700 3754 οὐ
2754 3698 3102 3768 ξητοῦντεςς
3134 3700 3346 3769 Ὠσπερ
3377 3698 3433 3751 δὲ
3464 3699 3516 3750 οι

1850 3792 2054 3864 ταύτης
2074 3792 2372 3863 ἐφιέμενοι,
2398 3790 2616 3858 ἐκείνης
2641 3786 2920 3849 παντελῶς
2956 3785 3337 3849 ἐκπίπτουσιν,
3362 3779 3517 3847 οὗτος

1851 3880 1903 3933 οἱ
1926 3875 2142 3950 ἐκείνης
2171 3876 2439 3950 διηνεκῶς
2469 3873 2855 3946 ἐξηρτημένοι,
2899 3872 3023 3926 οὐδὲ
3049 3872 3256 3943 ταύτης
3279 3873 3518 3925 ἀποστε-

1858 3964 2097 4038 ροῦνται.
2120 3964 2232 4019 Καὶ
2262 3962 2369 4033 γὰρ
2397 3960 2563 4023 αὐτὸς
2602 3958 2892 4032 προλαϐὼν
2926 3957 3293 4031 ἐπηγγείλατο
3319 3956 3518 4027 λέγων⁹

1855 4053 2096 4122 Ζητεῖτε
2121 4051 2355 4120 πρῶτον
2376 4048 2492 4118 τὴν
2514 4047 2844 4114 ,βασιλείαν
2870 4046 2978 4101 τοῦ
3003 4045 3172 4112 Θεοῦ,
3205 4045 3304 4100 καὶ
3334 4044 3523 4099 ταῦτα

1856 4141 2053 4197 πάντα
2102 4137 2580 4208 προστεθήσεται
2629 4134 2773 4207 ὑμῖν
2790 4152 2805 4167 ο
2861 4135 2955 4189 καὶ
2995 4134 3073 4206 τῷ
3121 4134 3250 4205 περὶ
3305 4133 3522 4202 ἐκείνην

1858 4231 2037 4301 ἔχοντι
2096 4226 2189 4280 τὸν
2235 4225 2402 4280 πόθον
2455 4224 2633 4280 ταῦτα
2680 4223 2859 4278 πάντα
2893 4222 3107 4277 ἕπεται.
3151 4221 3211 4283 '0
3250 4220 3359 4293 γὰρ
3407 4222 3526 4275 ἐκεῖ

1860 4314 2149 4389 πτερώσας
2191 4312 2356 4368 αὐτοῦ
2390 4313 2492 4385 τὴν
2540 4313 2816 4377 διάνοιαν,
2868 4312 3051 4383 πάσης
3104 4309 3207 4381 τῆς
3241 4307 3527 4381 παρούσης

1860 4402 2181 4476 εὐημερίας,
2211 4404 2287 4465 ὼς
2305 4401 2425 4455 οὐδὲ
2447 4400 2635 4472 οὔσης,
2662 4401 2923 4472 ὑπερορᾷ.
2947 4400 3011 4451 υἱ
3040 4398 3148 4469 γάρ
3166 4397 3264 4469 τῆς
3290 4396 3528 4460 πίστεως

1862 4491 2132 4563 ὀφθαλμοὶ
2150 4491 2278 4545 ὅταν
2305 4491 2491 4542 ἐκεῖνα
2519 4488 2900 4543 κατοπτεύωσι
2916 4487 2986 4540 τά
3011 4485 3299 4557 ἀπόρρητα
3323 4484 3525 4555 ἀγαθά,

1863 4580 1986 4636 οὐδέ
2036 4579 2289 4649 αἴσθησιν
2326 4576 2669 4648 λαμϐάνουσι
2700 4577 2813 4630 τῶν
2852 4575 3148 4648 ὁρωμένων
3168 4592 3183 4607 ο
3217 4574 3441 4629 τοσοῦτο
3468 4576 3533 4629 τὸ

1868 4670 2031 4742 μέσον
2048 4668 2275 4722 ἐκείνων
2291 4666 2384 4720 καὶ
2409 4666 2637 4721 τούτων.
2665 4666 2805 4720 Ἀλλ’
2825 4665 3017 4719 οὐδένα
3037 4665 3147 4737 ὁρῶ
3177 4664 3530 4737 προτιμῶντα

1864 4758 1972 4812 τῶν
2001 4755 2293 4829 ὁρωμένων
2325 4754 2393 4808 τὰ
2426 4754 2499 4826 μὴ
2527 4754 2802 4827 ὁρώμενα.
2859 4754 2949 4807 Διὸ
2974 4753 3115 4823 λύπη
3150 4752 3239 4824 μοί
3266 4754 3401 4816 ἐστι,
3433 4753 3531 4805 καὶ

1867 4847 2210 4911 ἀδιάλειπτος
2243 4845 2405 4915 ὀδύνη
2430 4847 2500 4916 τῇ
2522 4844 2720 4916 καρδίᾳ
2761 4862 2886 4916 μου,
2917 4844 2999 4896 ὅτι
3028 4841 3147 4894 οὐδέ
3172 4844 3203 4909 ἠ
3233 4842 3397 4910 πεῖρα
3420 4839 3531 4891 τῶν

1869 4937 2212 5010 πραγμάτων
2266 4938 2418 5007 ἡμᾶς
2465 4936 2805 4996 ἐπαίδευσεν,
2856 4932 2977 4986 οὐδέ
3003 4932 3062 4984 αί
3094 4931 3189 4983 τοῦ
3226 4930 3360 4983 Θεοῦ
3395 4929 3533 4982 ὐπο-

1873 5026 2106 5097 σχέσεις,
2131 5023 2253 5078 οὐδέ
2274 5024 2386 5080 τῶν
2409 5023 2629 5095 δωρεῶν
2668 5021 2731 5076 τὺ
2762 5018 2993 5091 μέγεθος
3027 5019 3162 5089 πρὸς
3192 5018 3283 5071 τὸν
3303 5017 3403 5088 τῆς
3436 5016 3534 5088 βα-

1873 5112 2074 5175 σιλείας
2101 5110 2267 5165 πόθον
2287 5109 2624 5182 μεταστῆναι
2654 5104 3090 5177 παρεσκεύασεν,
3106 5104 3220 5158 ἀλλ’
3246 5104 3327 5157 ἔτι
3356 5104 3534 5177 χαμαὶ

1873 5201 2163 5271 συρόμενοι
2212 5197 2571 5270 προτιμῶμεν
2620 5196 2689 5249 τὰ
2747 5196 2910 5266 γήϊνα
2964 5193 3074 5246 τῶν
3142 5192 3427 5264 οὐρανίων,
3465 5193 3534 5248 τά

1872 5287 2185 5359 πρόσκαιρα
2206 5288 2316 5342 τῶν
2340 5283 2662 5356 μελλόντων,
2691 5279 2760 5335 τὰ
2804 5280 2933 5352 πρὶν
2967 5279 3001 5351 ἢ
3035 5280 3269 5352 φανῆναι
3302 5282 3537 5351 ἀφιπτά-

1875 5387 2011 5442 μενα
2028 5370 2135 5423 τῶν
2155 5369 2588 5435 διαιωνιζόντων,
2604 5368 2702 5422 καὶ
2723 5368 2822 5439 τὴν
2847 5366 3181 5440 πρόσκαιρον
3212 5367 3405 5439 ἡδονὴν
3434 5368 3536 5438 τῆς

1873 5456 2155 5536 διηνεκοῦς
2192 5458 2406 5528 ἡδονῆς,
2447 5456 2544 5509 καὶ
2572 5454 2671 5526 τὴν
2717 5455 2978 5529 βραχεῖαν
3010 5456 3312 5529 εὐημερίαν
3339 5455 3538 5529 ταύτην

1942 5669 1957 5691 ⁸
1983 5667 2156 5716 Morel.
2183 5666 2258 5714 ἐπὶ
2284 5670 2340 5726 τῇ
2369 5666 2533 5728 κακίᾳ.

1938 5733 1967 5772 ὶ»
1995 5729 2146 5779 Savil.
2171 5730 2398 5789 θηρᾶσθαι
2433 5726 2801 5784 σπουδάζοντας.
