3804 6278
356 247 465 306 2|?

365 366 461 421 τοῦ
494 362 759 434 παρόντος
794 361 909 433 βίου
956 361 1063 414 τῶν
1109 361 1478 430 ἀτελευτήτων
1507 355 1719 410 αἰώνων
1769 355 2019 408 ἐκείνων.

362 451 500 508 -Οἷδα
532 454 614 506 ὅτι
644 451 830 505 δάκνει
859 452 957 521 τὴν
990 448 1157 520 ἀκοὴν
1183 448 1342 501 ταυτὶ
1366 447 1435 500 τὰ
1462 447 1704 517 ῥήματα,
1729 443 1865 497 ἀλλά
1895 442 2027 512 σύγ-

368 557 565 607 γνωτε.
595 538 782 593 Ἐπιθυ
791 537 905 608 μῶν
926 538 1022 607 τὴν
1044 537 1196 606 ὑμῶν
1220 536 1492 607 σωτηρίαν
1508 533 1679 587 ταῦτα
1697 531 2029 602 φθέγγομαι,

364 627 466 680 -καὶ
520 624 841 695 βουλόμενος
888 621 1121 676 ἐνταῦθα
1171 623 1367 693 μικρὸν
1414 622 1559 691 ὑμᾶς
1592 620 1891 690 δηχθέντας
1932 616 2031 688 τὴν

362 713 585 767 αἰώνιον
617 712 836 764 κόλασιν
866 711 1215 780 διαφυγεῖν,ἢ
1249 710 1384 781 πρὸς
1405 709 1584 777 ὀλίγον
1602 703 2033 777 ψυχαγωγηθέν-

373 817 475 863 τας
523 799 746 870 διηνεκῆ
779 798 879 866 τὴν
910 797 1177 869 τιμωρίαν
1207 798 1449 866 ὑπέχειν.
1487 796 1549 848 Et
1583 794 1691 865 γὰρ
1718 790 2030 863 ἀνάσχησθε

368 886 476 939 τῶν
504 885 650 955 ἐμῶν
682 884 875 953 λόγων,
925 887 1020 938 καὶ
1048 886 1147 955 τὴν
1198 882 1577 956 προλαϐοῦσαν
1626 880 1864 952 ἀθυμίαν
1895 880 2033 932 ἀπο-

369 976 612 1027 σείσεσθε
658 987 716 1040 ιι,
758 973 853 1027 καὶ
908 973 1140 1043 μάλιστα
1176 973 1272 1025 νῦν
1308 972 1384 1035 ὡς
1423 972 1503 1025 ἔτι
1541 974 1570 1024 6
1619 971 1821 1042 βραχὺς
1876 962 2032 1031 οὗτος

370 1065 560 1135 καιρὸς
610 1063 710 1134 τῆς
760 1063 922 1129 ἁγίας
970 1063 1094 1132 ὑμῖν
1128 1060 1510 1114 ὑπολέλειπται
1543 1057 1989 1128 τεσσαρακοστῆς
2013 1096 2028 1119 ,

360 1150 661 1221 δυνήσεσθε
698 1149 791 1202 καὶ
820 1150 887 1203 τὰ
912 1149 1278 1219 ἡμαρτημένα
1305 1145 1690 1216 ἀπονίψασθαι,
1720 1146 1811 1197 καὶ
1834 1143 2031 1213 πολλὴν

369 1239 520 1313 παρά
546 1237 639 1291 τοῦ
686 1236 819 1289 Θεοῦ
858 1236 952 1307 τὴν
989 1235 1399 1305 φιλανθρωπίαν
1446 1233 1879 1294 ἐπισπάσασθαι,
1911 1230 2031 1283 οὑδέ

368 1328 477 1398 γὰρ
518 1324 729 1379 πολλῶν
778 1324 1002 1395 ἡμερῶν
1031 1323 1200 1377 δεῖται
1230 1324 1259 1375 6
1309 1323 1606 1391 Δεσπότης,
1651 1321 1773 1375 οὑδέ
1815 1319 2029 1398 χρόνρυ,

368 1382 482 1467 ἀλλ’
516 1414 611 1466 ἐὰν
638 1382 965 1483 θελήσωμεν
996 1413 1090 1464 καὶ
1122 1414 1178 1464 ἐν
1201 1412 1320 1473 ταῖς
1346 1410 1466 1463 δυσὶ
1495 1382 1722 1472 τάύταις
1771 1382 2031 1478 ἑϐδομάσι

320 1554 323 1555 ,
370 1505 570 1575 πολλὴν
612 1504 708 1575 τὴν
768 1499 917 1575 [229]
957 1501 1244 1572 διόρθωσιν
1300 1500 1407 1553 τῶν
1462 1498 1843 1570 ἐπταισμένων
1900 1498 2032 1568 ἡμῖν

371 1592 732 1664 ποιησόμεθα.
765 1593 826 1644 Εἰ
862 1592 970 1662 γὰρ
1000 1593 1124 1653 τοὺς
1144 1590 1451 1654 Νινευῖτας,
1478 1589 1665 1660 ἐπειδὴ
1702 1586 1870 1659 τριῶν
1892 1588 2030 1657 ἡμε-

372 1681 484 1753 ρῶν
513 1679 609 1751 τὴν
642 1678 930 1749 μετάνοιαν
979 1678 1322 1741 ἐπεδείξαντο
1346 1716 1360 1740 ,
1404 1676 1671 1746 τοσαύτης
1709 1674 1911 1744 ἠξίωσε
1942 1690 2031 1743 φιο

371 1767 742 1838 λανθρωπίας,
780 1766 959 1837 πολλῷ
1011 1767 1074 1836 δὴ
1132 1766 1331 1836 μᾶλλον
1364 1768 1510 1838 ἡμᾶς
1555 1766 1619 1817 οὑ
1666 1763 2027 1836 περιόψεται·

374 1858 534 1927 μόνον
568 1855 663 1908 ἐὰν
700 1854 796 1925 τὴν
826 1854 1001 1925 ἀληθῆ
1034 1854 1319 1923 μετάνοιαν
1367 1852 1785 1923 ἐπιδειξώμεθα,
1810 1852 1903 1903 καὶ
1934 1851 2031 1922 τῆς

371 1943 570 2006 κακίας
598 1940 932 2005 ἀποστάντες
960 1941 1227 2012 ἁψώμεθα
1260 1943 1355 2013 τῆς
1374 1942 1467 1994 ἐπὶ
1488 1941 1584 2012 τὴν
1607 1939 1805 2011 ἀρετὴν
1834 1937 2031 2009 φερού-

372 2049 472 2101 σης
500 2031 641 2085 ὁδοῦ.
682 2030 793 2083 Καὶ
822 2029 929 2099 γάρ
954 2030 1094 2099 περὶ.Δ
1116 2030 1362 2094 ἐκείνων,
1396 2029 1503 2082 τῶν
1535 2026 1830 2082 Νινευῖτῶν
1864 2026 2026 2095 λέγω,

370 2117 725 2189 μαρτυροῦσα
752 2119 783 2186 ἡ
810 2115 929 2170 θεία
945 2115 1325 2187 Γραφὴ,τοῦτό
1350 2134 1532 2187 φησιν,
1550 2117 1631 2169 ὅτι
1648 2111 1868 2169 Εἶδενό
1888 2114 2031 2181 Θεὸς

366 2207 460 2259 ὅτι
494 2206 728 2271 ἀπέστη
768 2204 1025 2270 ἕκαστος
1048 2204 1165 2257 ἀπὸ
1196 2203 1304 2271 τῆς
1328 2203 1468 2258 ὁδοῦ
1494 2203 1678 2257 αὑτοῦ
1712 2201 1818 2269 τῆς
1848 2214 2031 2268 πονη-

359 2293 499 2363 ρᾶς.
540 2293 664 2346 Ἐάν
703 2292 881 2345 τοίνυν
913 2292 1006 2344 καί
1051 2292 1198 2362 ἡμᾶς
1252 2291 1334 2363 ἴδῃ
1385 2291 1859 2362 μεταταξαμένους
1894 2288 2031 2359 πρὸς

370 2383 471 2449 τὴν
511 2382 734 2452 ἀρετὴν,
766 2380 1249 2443 κα“ι.ἐκκλίναντας
1281 2380 1381 2449 μὲν
1414 2380 1520 2433 ἀπὸ
1557 2380 1654 2449 τῆς
1685 2379 1904 2441 κακίας,
1937 2377 2029 2428 ἐπὶ

368 2470 429 2522 δέ
468 2469 567 2541 τὴν
603 2468 709 2522 τῶν
745 2468 962 2534 ἀγαθῶν
995 2468 1257 2539 ἐργασίαν
1293 2467 1639 2531 σπεύδοντας,
1676 2467 1884 2532 δέξεται
1934 2464 2029 2517 καὶ

368 2556 529 2628 ἡμῶν
573 2556 673 2628 τὴν
708 2557 1063 2627 ἐπιστροφὴν,
1112 2556 1203 2609 καὶ
1238 2555 1347 2609 τῶν
1390 2555 1622 2625 φορτίων
1657 2552 2029 2623 ἐλευθερώσας

372 2645 483 2698 τῶν
517 2644 929 2715 ἁμαρτημάτων
970 2640 1195 2714 παρέξει
1233 2644 1331 2706 τὰς
1372 2643 1502 2714 παρ’
1551 2640 1746 2695 ἐαυτοῦ
1795 2641 2027 2711 δωρεάς.

369 2733 507 2787 1ὶὺδέ
534 2732 640 2802 γὰρ
667 2734 827 2802 ἡμεῖς
855 2730 994 2785 οὑτω
1016 2732 1112 2801 τῆς
1133 2730 1241 2785 τῶν
1262 2730 1676 2802 ἁμαρτημάτων
1707 2729 2029 2797 ἀπαλλαγῆς

367 2819 764 2890 ἐπιθυμοῦμεν,
797 2820 890 2872 καὶ
921 2818 1197 2889 σωτηρίας
1225 2818 1604 2889 ἐφιέμεθα,ῶς
1624 2818 1784 2879 αὑτὸς
1806 2815 2027 2869 σπεύδει

366 2910 461 2963 καὶ
491 2906 771 2975 ἐπείγεται
801 2906 1072 2961 κάκείνων
1110 2909 1241 2976 ἡμῖν
1275 2907 1371 2977 τὴν
1428 2904 1749 2975 ἀπαλλαγὴν
1777 2904 2025 2975 δωρήσα-

368 2996 512 3060 σθαι,
540 2996 632 3050 καὶ
668 2995 767 3065 τῆς
796 2995 1072 3065 σωτηρίας
1101 2993 1196 3065 τὴν
1244 2994 1545 3047 ἀπόλαυσιν
1573 2993 1893 3064 παρασχεῖν.
1927 2988 2027 3043 Διά

365 3085 545 3150 τοῦτο,
568 3083 889 3155 παρακαλῶ,
912 3082 1263 3153 διεγείρωμεν
1293 3082 1501 3134 ἐαυτῶν
1526 3080 1614 3132 τὸν
1637 3077 1917 3148 λογισμὸν,
1932 3077 2027 3130 καὶ

364 3171 594 3234 ἕκαστος
642 3168 932 3240 ἐξεταστὴς
980 3168 1156 3238 ἐαυτῴ
1204 3168 1457 3235 γινέσθω,
1513 3166 1566 3219 εἰ
1593 3183 1645 3220 τι
1687 3164 1850 3218 πλέον
1877 3162 2026 3234 αὑτῷ

366 3258 726 3331 κατώρθωται
780 3260 836 3311 ἐν
863 3258 942 3328 τῷ
979 3256 1300 3326 παρελθόντι
1352 3256 1551 3327 χρόνῳ,
1604 3255 1657 3307 εἴ
1688 3271 1810 3307 τινα
1840 3251 2025 3322 ὄνησιν

364 3347 524 3418 ἔσχεν
552 3349 616 3400 ἐκ
646 3347 745 3417 τῆς
778 3345 1037 3415 συνεχοῦς
1071 3344 1275 3415 ταύτης
1300 3342 1668 3408 διδασκαλίας,
1695 3341 1748 3394 εἴ
1773 3359 1825 3394 τι
1854 3341 2023 3410 ἐκαρ·

367 3436 588 3490 πώσατο
616 3438 696 3498 είς
728 3435 825 3507 τὴν
852 3436 944 3489 τοῦ
995 3435 1222 3506 πλησίον
1263 3435 1617 3495 κατάστασιν,
1670 3432 1723 3484 εἴ
1766 3450 1889 3485 τινα
1916 3431 2022 3484 τῶν

364 3523 759 3593 ἐλαττωμάτων
797 3521 1072 3593 διώρθωσε
1098 3522 1205 3574 τῶν
1230 3521 1447 3583 ἐαυτοῦ,
1480 3521 1533 3574 εῖ
1556 3538 1676 3574 τινα
1712 3520 1850 3591 πρὸς
1876 3518 2024 3588 φιλο-

362 3610 560 3681 σοφίαν
598 3608 909 3681 προτροπὴν
943 3608 1158 3673 ἐδέξατο
1208 3610 1273 3662 ἐκ
1301 3610 1400 3679 τῆς
1442 3607 1815 3679 καθημερινῆς
1863 3605 2021 3677 ἡμῶν

364 3698 767 3771 παραινέσεωςο
800 3698 893 3750 καὶ
940 3699 1053 3760 τοῖς
1084 3698 1181 3767 μὲν
1233 3697 1335 3767 ήδη
1362 3696 1815 3767 κατωρθωμένοις
1850 3711 2023 3764 προσ-

361 3787 535 3857 θήκην
586 3785 889 3848 ἐπινοείτω,
939 3785 1033 3837 καὶ
1081 3784 1350 3854 μηδέποτε
1401 3783 1654 3837 παυέσθω
1706 3783 1805 3852 τῆς
1850 3782 2024 3850 καλῆς

360 3872 566 3942 ταύτης
591 3872 872 3944 ἐργασίας.
902 3873 964 3924 El
996 3871 1051 3925 δέ
1072 3889 1155 3935 τις
1184 3871 1288 3924 ὑπὸ
1308 3872 1405 3939 τῆς
1434 3870 1722 3940 συνηθείας
1750 3870 1847 3938 τῆς
1895 3869 2023 3940 περὶ

362 3960 522 4015 αὑτὸν
551 3960 958 4030 κεκρατημένος
979 3960 1080 4029 ὁρᾷ
1108 3958 1301 4011 ἐαυτὸν
1327 3961 1437 4020 τοῖς
1463 3958 1644 4020 αὑτοῖς
1674 3956 2018 4027 ἐπιμένοντα,

363 4047 639 4116 βιασάσθω
700 4044 895 4098 ἐαυτοῦ
943 4046 1033 4098 τὸν
1077 4045 1357 4115 λογισμὸν,
1399 4044 1555 4115 δίκην
1578 4045 1889 4114 ἀπαιτήσας
1921 4043 2021 4114 τῆς

359 4133 630 4204 τοσαύτης
685 4133 991 4205 ῥᾳθυμίας,
1048 4133 1143 4185 καὶ
1191 4132 1266 4201 μὴ
1322 4132 1607 4202 ἀνάσχοιτο
1654 4132 1680 4170 b
1718 4130 2022 4202 περαιτέρω

362 4222 669 4295 προελθεῖν,
722 4222 859 4275 ἀλλά
911 4222 1072 4292 μέχρι
1102 4219 1292 4274 τούτου
1323 4222 1525 4291 στήσας
1551 4220 1620 4274 τά
1649 4222 1747 4290 τῆς
1777 4221 2022 4291 πονηρᾶς

362 4309 652 4381 συνηθείας
679 4347 694 4372 ,
745 4308 1059 4361 ἐκκοπτέτω
1089 4307 1186 4379 τὴν
1223 4307 1420 4379 ὁρμὴν,
1476 4306 1875 4377 ἀναχαιτιζέτω
1930 4307 2021 4361 τὸν

360 4396 638 4466 λογισμὸν,
664 4397 742 4458 είς
761 4394 967 4448 ἔννοιαν
993 4396 1182 4450 ἐαυτὸν
1205 4396 1384 4463 ἀγέτω
1405 4393 1505 4464 τῆς
1538 4394 1773 4465 φοϐερᾶς
1807 4394 2023 4465 ἐκείνης

360 4481 594 4552 ἡμέρας,
627 4479 1026 4547 ἀναλογιζέσθω
1073 4480 1174 4550 τῆς
1223 4481 1456 4552 φρικτῆς
1509 4480 1712 4552 ταύτης
1744 4479 2022 4551 τραπέζης

359 4570 459 4639 τὴν
483 4568 798 4633 ἀπόλαυσιν,
830 4570 923 4623 καὶ
948 4568 1040 4621 τοῦ
1062 4568 1309 4623 ἐντεῦθεν
1344 4567 1691 4639 ἐκπηδῶντος
1727 4567 1896 4638 πυρὸς
1920 4566 2022 4637 τὴν

360 4656 715 4728 φαιδρότητα,
746 4657 842 4709 καὶ
863 4655 957 4727 τὴν
990 4657 1287 4727 καυστικὴν
1317 4656 1566 4727 δύναμιν,
1588 4655 1680 4708 καὶ
1711 4655 1830 4708 οἵαν
1853 4656 2022 4709 άπαι-

359 4746 441 4798 τεῖ
482 4743 577 4797 τοῦ
625 4742 937 4814 προσιόντος
967 4738 1103 4797 εῖναι
1154 4744 1251 4814 τὴν
1278 4742 1537 4806 διάνοιαν,
1591 4743 1789 4805 παντὸς
1823 4741 2017 4812 ῥύπου,

359 4832 540 4902 πάσης
564 4831 774 4902 κηλῖδος
806 4830 1238 4902 καθαρεύουσαν,
1255 4831 1348 4884 καὶ
1370 4829 1476 4883 τῶν
1501 4829 1717 4883 ἀτόπων
1746 4829 2020 4900 λογισμῶν

356 4920 457 4991 τὴν
490 4919 772 4973 συνουσίαν
802 4918 1231 4990 ἐκτρεπομένην,
1265 4918 1329 4970 ἵν’
1356 4917 1528 4981 οὕτως
1577 4918 1803 4980 ἑαυτοὺς
1834 4918 2022 4988 εὑτρε-

358 5008 616 5071 πίσαντες
644 5010 765 5070 ταῖς
795 5007 997 5073 μεταξὺ
1028 5005 1251 5068 ταύταις
1273 5005 1505 5081 ἡμέραις
1521 5005 1863 5077 δυνηθῶμεν,
1897 5005 2021 5059 καθ’

357 5095 478 5149 ὅσον
504 5092 615 5148 οἷόν
648 5113 707 5148 τε
742 5095 1144 5165 ἐκκαθάραντες
1190 5094 1432 5157 ἐαυτοὺς,
1485 5095 1577 5146 καὶ
1620 5093 1719 5163 τῆς
1771 5094 2017 5147 ἐντεῦθεν

357 5181 706 5243 ἀπολαύσεως
760 5184 1069 5250 μετασχεῖν,
1122 5180 1217 5233 καὶ
1260 5179 1369 5233 τῶν
1420 5181 1746 5253 ἀπορρήτων
1792 5181 2018 5235 ἐκείνων

356 5267 575 5335 ἀγαθῶν
602 5268 920 5336 ἀξιωθῆναι,
951 5261 1024 5320 ὧν
1054 5268 1418 5337 ἐπηγγείλατο
1443 5271 1556 5331 τοῖς
1603 5268 1891 5335 ἀγαπῶσιν
1921 5272 2020 5323 αὑ-

355 5354 468 5417 τὸν,
506 5354 687 5425 χάριτι
720 5354 812 5407 καὶ
842 5354 1221 5426 φιλανθρωπία
1252 5355 1342 5408 τοῦ
1386 5354 1591 5425 Κύριου
1642 5355 1799 5425 ἡμῶν
1843 5356 2012 5426 Ἰησοῦ

356 5440 633 5512 Χριστοῦ,
669 5441 786 5511 μεθ’
835 5436 900 5497 οῦ
939 5441 1015 5512 τῷ
1060 5443 1233 5515 Πατρὶ
1276 5443 1393 5513 άμα
1438 5442 1513 5514 τῷ
1555 5442 1695 5514 ἀγίῳ
1740 5442 2019 5513 Πνεύματι

417 5562 435 5585 ⁸
471 5563 601 5611 Savil
662 5563 787 5626 conj.
824 5564 1066 5628 ῥαθυμίαν.
1089 5566 1223 5615 Idem
1248 5565 1299 5616 in
1323 5573 1461 5617 textu
1484 5569 1760 5629 ἀπώσησθε,
1781 5567 1832 5616 in
1864 5581 2016 5631 marg.

355 5625 685 5675 ἀποσείσεσθε.

422 5662 871 5754 ί
911 5687 1044 5744 δίκην
1087 5688 1326 5754 ἀπαιτήσῃ
1368 5695 1451 5747 τῆς
1491 5690 1723 5754 τοσαύτης
1776 5691 2016 5754 ῥᾳθυμίας,

357 5748 793 5819 μήτενάνάσχῃται.
835 5749 944 5797 Duo
976 5762 1089 5819 τηερε..
1123 5748 1366 5819 λογισμόν.
1392 5754 1471 5809 Μὴ
1511 5753 1643 5809 δίκην
1667 5748 1907 5814 ἀπαιτῆσῂ
1936 5748 2019 5811 τῆς

354 5810 588 5865 τοσαῦτης
609 5810 847 5873 ῥᾳθυμίας,
869 5820 948 5858 καί
974 5811 1036 5871 μή
1059 5810 1338 5871 άνάσχηται.

1156 245 1217 300 S.
1255 240 1537 299 JOANNIS
1575 235 2053 295 CHRYSOSTOMI
2094 236 2413 294 ARCIIIEP.
2454 236 2997 294 CONSTANTINOP.
3719 235 3754 287 Ξ

2133 352 2280 421 δόξα,
2304 353 2809 427 κράτος,τιμὴ,νῦν
2837 354 2930 407 καὶ
2956 353 3065 420 ἀεὶ,
3101 352 3191 405 καὶ
3213 352 3293 416 εἰς
3318 353 3443 417 τοῦς
3468 353 3689 417 αἰῶνας
3715 353 3779 406 τᾶ

2134 442 2366 497 αἰώνων.
2400 443 2592 514 Ἀμήν.

2690 511 2839 583 [εσυ]
2876 511 3119 564 ΟΜΙΛΙΛ
3149 511 3277 564 1m.

2133 598 2260 653 Νῶε
2291 599 2359 653 δὲ
2387 594 2468 671 ἦν·
2490 598 2641 653 ἐτῶν
2668 598 3029 671 ἑξακοσίων,
3058 598 3156 671 καί
3178 602 3212 671 q
3230 600 3675 671 κατακλυσμὸς
3711 614 3743 653 τ

2505 670 2724 735 ὕδατος
2751 669 2987 738 ἐγένετο
3008 668 3107 722 ἐπὶ
3136 668 3248 736 τῆς
3286 668 3419 738 γῆς.

2202 760 2273 808 α’.
2301 756 2413 828 Τῆς
2440 756 2756 820 ὑποθέσεως
2781 756 3039 828 βούλομαι
3096 755 3257 812 πάλιν
3282 756 3545 827 ἅψασθαι,
3582 776 3660 812 πε
3672 760 3729 830 ρὶ
3754 756 3782 831 ἦ

2133 841 2326 913 πρώην
2376 843 2657 915 διελέχθην
2690 844 2844 913 ὑμῶν
2876 847 2941 914 τῇ
2972 843 3160 913 ἀγάπῃ
3186 882 3200 905 ,
3249 844 3343 897 καὶ
3391 844 3488 916 τὴν
3525 845 3683 898 κατά
3734 848 3785 899 τὰ

2132 929 2337 984 δίκαιον
2377 930 2501 983 Νῶε
2538 932 2699 985 πάλιν
2741 931 2981 999 ἰστορίαν
3018 933 3097 993 εἰς
3139 932 3301 1001 μέσον
3341 933 3593 1001 ἀγαγεῖν.
3636 933 3779 985 Πολὺ

2132 1017 2239 1085 γάρ
2268 1019 2296 1070 6
2328 1016 2426 1087 τῆς
2468 1019 2669 1089 ἀρετῆς
2704 1018 2797 1070 τοῦ
2845 1018 3052 1071 δικαίου
3090 1018 3317 1082 πλοῦτος
3341 1060 3353 1080 ,
3407 1021 3502 1073 καὶ
3533 1024 3786 1091 προσήκέ

2135 1105 2280 1175 ἡμᾶς
2301 1105 2443 1158 κατά
2464 1105 2690 1176 δύναμιν
2712 1106 2981 1176 ἡμετέραν
3004 1105 3180 1159 πάντα
3206 1106 3346 1159 κατά
3377 1109 3575 1179 μικρὸν
3598 1110 3686 1161 διε
3696 1122 3771 1179 ρετ

2135 1192 2472 1263 νησαμένους
2504 1194 2705 1265 πολλὴν
2730 1195 2857 1263 ὑμῖν
2886 1194 2986 1263 τὴν
3014 1193 3273 1265 εὐπορίαν
3318 1194 3571 1249 ἐντεῦθεν
3625 1209 3757 1265 παρ.

2136 1280 2301 1346 σχεῖν.
2349 1278 2509 1333 Ἀλλά
2537 1281 2850 1333 συντείνατε
2876 1296 2987 1349 μοι,
3040 1280 3362 1351 παρακαλῶ,
3405 1282 3505 1352 τὴν
3533 1282 3785 1349 διάνοιαῆ

2135 1364 2222 1416 ἵνα
2280 1365 2445 1436 μηδὲν
2475 1367 2619 1437 ὑμᾶς
2652 1365 2889 1438 διαφύγῃ
2915 1377 2938 1405 ο
2977 1367 3085 1420 τῶν
3119 1368 3454 1438 ἐγκειμένων
3486 1371 3785 1439 νοημάτωκ

2148 1452 2469 1521 Ἀναγκαῖον
2497 1454 2554 1507 δὲ
2585 1455 2849 1527 πρότερον
2879 1455 3186 1526 ὑπομνῆσαι
3220 1455 3372 1526 ὑμῶν
3412 1456 3511 1528 τὴν
3541 1459 3785 1529 ἀγάπην1

2139 1538 2302 1609 μέχρι
2335 1541 2477 1604 τίνος
2511 1543 2641 1611 ἡμῖν
2675 1541 2869 1613 πρώην
2905 1540 3062 1612 ἔληξε
3093 1542 3161 1595 τά
3190 1543 3291 1611 τῆς
3321 1542 3707 1609 διδασκαλίας,
3730 1545 3786 1601 Iv:

2137 1627 2345 1683 ἐκεῖθεν
2380 1628 2539 1681 πάλιν
2573 1628 2933 1703 ἀναλαϐόντες
2962 1630 3202 1700 σήμερον
3232 1630 3325 1683 τὸν
3376 1630 3539 1699 λόγον
3560 1670 3578 1697 ,
3636 1632 3786 1697 οὖτωγ

2136 1716 2425 1786 ὑφάνωμεν
2454 1718 2566 1779 τοῖς
2596 1716 2908 1786 εἰρημένοις
2930 1717 3023 1769 καὶ
3047 1718 3114 1769 τὰ
3144 1716 3237 1770 νῦν
3265 1718 3528 1787 μέλλοντα
3562 1719 3786 1789 ῥηθήσες

2137 1803 2280 1856 σθαι.
2343 1802 2497 1856 Οὕτω
2546 1803 2655 1874 γάρ
2708 1805 2836 1874 ὑμῖν
2885 1803 3189 1856 εὑσύνοπτα
3244 1803 3395 1857 ἔσται
3444 1806 3541 1858 καὶ
3588 1808 3667 1859 τὰ
3719 1802 3786 1873 v31

2135 1890 2422 1961 λεγόμενα.
2461 1889 2571 1945 Ποῦ
2599 1886 2692 1943 οὖν
2718 1892 2777 1943 τὸ
2802 1891 2953 1954 τέλος
2974 1890 3129 1961 ἔσχεν
3158 1892 3289 1961 ἡμῖν
3310 1892 3378 1944 τὰ
3409 1896 3507 1963 τῆς
3537 1892 3786 1955 διδασκιιί

2136 1972 2253 2037 λίας
2279 1992 2293 2040 ;
2320 1970 2486 2037 Εἷπε,
2527 1975 2681 2044 φησὶ,
2714 1976 2932 2041 Κύριος
2962 1976 2994 2028 ὀ
3026 1974 3168 2040 Θεὸς
3202 1973 3280 2038 τῷ
3322 1973 3447 2028 Νῶε
3476 1990 3490 2005 ο
3543 1976 3786 2045 [ficalth

2136 2060 2216 2113 σὺ
2246 2059 2476 2126 καίπᾶς
2502 2064 2533 2113 ό
2557 2057 2719 2125 οἶκός
2737 2077 2852 2114 σου
2870 2064 2956 2127 εὶς
2989 2061 3103 2129 τὴν
3124 2062 3393 2125 κιϐωτὸν,
3425 2062 3511 2115 ὅτι
3542 2078 3619 2116 σε
3641 2059 3786 2127 εἶδοη

2133 2148 2367 2203 δίκαιον
2391 2149 2669 2201 ἐναντίον
2704 2148 2848 2217 ἐμοῦ
2888 2148 2957 2201 ἐν
2976 2148 3049 2217 τῇ
3084 2147 3258 2217 γενεᾷ
3306 2149 3489 2216 ταύτῃ
3514 2165 3527 2178 ·
3577 2148 3707 2202 ἀπὸ
3741 2146 3786 2207 δαί

2131 2235 2249 2289 τῶν
2301 2233 2538 2303 κτηνῶν
2583 2233 2703 2288 τῶν
2725 2233 2998 2303 καθαρῶν
3036 2235 3317 2303 εἰσάγαγε
3359 2234 3506 2303 πρὸς
3535 2235 3612 2288 σὲ
3651 2236 3786 2297 ἑπτὰ

2132 2322 2298 2385 ἑπτὰ,
2320 2322 2417 2376 καὶ
2439 2322 2559 2377 ἀπὸ
2593 2323 2712 2376 τῶν
2734 2323 2968 2389 κτηνῶν
2992 2321 3111 2375 τῶν
3129 2322 3213 2391 μὴ
3240 2322 3511 2389 καθαρῶν
3531 2322 3645 2376 δύο
3669 2323 3786 2381 δύο,

2136 2410 2264 2464 Ἔτι
2297 2411 2408 2478 γὰρ
2450 2409 2598 2462 ἑπτὰ
2627 2409 2875 2478 ἡμερῶν,
2912 2408 3109 2479 ἐπάγω
3159 2409 3336 2462 ὑετὸν
3376 2409 3473 2462 ἐπὶ
3530 2409 3652 2476 τὴν
3688 2410 3786 2478 γῆν

2131 2497 2581 2565 τεσσαράκοντα
2628 2499 2851 2567 ἡμέρας
2898 2498 2995 2550 καί
3056 2497 3509 2569 τεσσαράκοντα
3546 2499 3786 2563 νύκτας,

2133 2586 2230 2639 καί
2252 2584 2553 2653 ἐξαλείψω
2573 2583 2775 2638 πᾶσαν
2815 2584 2927 2652 τὴν
2945 2584 3373 2649 ἐξανάστασιν,
3409 2584 3486 2652 ἢν
3511 2585 3786 2653 ἐποίησα,

2130 2671 2250 2727 ἀπὸ
2288 2669 2611 2739 προσώπου
2645 2669 2757 2739 τῆς
2797 2669 2923 2742 τῆς,
2978 2670 3095 2725 ἀπὸ
3144 2669 3455 2739 ἀνθρώπου
3491 2657 3601 2737 ἕως
3660 2666 3786 2747 κτιΗ

2130 2779 2297 2828 γους.
2320 2761 2428 2816 Καὶ
2460 2760 2709 2828 ἐποίησε
2738 2758 2864 2813 Νῶε
2893 2760 3089 2813 πάντα
3122 2759 3236 2812 ὅσα
3266 2761 3601 2813 ἐνετείλατο
3632 2758 3785 2813 aivt"

2130 2851 2350 2917 Κύριος
2387 2850 2419 2901 ό
2450 2847 2611 2912 Θεός.
2641 2846 2819 2919 Μέχρι
2855 2846 3043 2899 τούτου
3077 2847 3369 2917 στήσαντες
3402 2847 3489 2899 τὸν
3529 2847 3694 2914 λόγον
3718 2848 3769 2898 ἐν

2130 2937 2306 2991 ταῦθα
2340 2935 2767 3006 κατεπαύσαμεν
2812 2935 2908 3007 τὴν
2955 2935 3319 2988 διδασκαλίαν.
3350 2935 3645 3006 Μέμνησθε
3685 2936 3771 3003 γά⁸

2132 3023 2261 3086 ἴσως
2309 3023 2403 3075 καί
2437 3022 2610 3085 αὐτοὶ,
2645 3024 2731 3074 ὅτε
2781 3023 2877 3092 τὴν
2925 3023 3101 3075 αἰτίαν
3158 3022 3459 3093 εἰρήκαμεν
3512 3020 3675 3089 ὑμῶν
3739 3026 3779 3072 .’

3783 766 3785 829 1

3782 866 3785 899 l

3782 952 3786 999 4

3782 1390 3785 1425 1

2130 2851 2350 2917 Κύριος
2387 2850 2419 2901 ό
2450 2847 2611 2912 Θεός.
2641 2846 2819 2919 Μέχρι
2855 2846 3043 2899 τούτου
3077 2847 3369 2917 στήσαντες
3402 2847 3489 2899 τὸν
3529 2847 3694 2914 λόγον
3718 2848 3769 2898 ἐν

2129 2937 2306 2991 ταῦθα
2340 2935 2767 3006 κατεπαύσαμεν
2812 2935 2908 3007 τὴν
2955 2935 3319 2988 διδασκαλίαν.
3350 2935 3645 3006 Μέμνησθε
3685 2936 3771 3003 γάε

2132 3023 2261 3086 ἴσως
2309 3023 2403 3075 καί
2437 3022 2610 3085 αὐτοὶ,
2645 3024 2731 3074 ὅτε
2781 3023 2877 3092 τὴν
2925 3023 3101 3075 αἰτίαν
3158 3022 3459 3093 εἰρήκαμεν
3512 3020 3675 3089 ὑμῶν
3729 3026 3779 3090 τῇ

2129 3111 2335 3182 ἀγάπῃ,
2376 3110 2519 3172 τίνος
2550 3110 2735 3161 ἐνεκεν
2762 3110 2868 3162 ἀπὸ
2906 3108 3004 3177 μὲν
3033 3109 3140 3161 τῶν
3166 3108 3419 3178 καθαρῶν
3447 3107 3586 3161 ἐπτά
3614 3107 3785 3178 προσ·³

2128 3198 2314 3265 έταξεν
2343 3195 2680 3267 εἰσαχθῆναι,
2708 3194 2817 3249 ἀπὸ
2846 3196 2902 3248 δέ
2927 3196 3031 3250 τῶν
3058 3195 3381 3266 ἀκαθάρτων
3405 3193 3498 3247 δύο
3522 3194 3636 3248 δύο.
3654 3195 3785 3265 Φέρις

2126 3282 2219 3339 οῦν
2250 3285 2433 3339 λοιπὸν
2460 3286 2700 3355 σήμερον
2720 3286 2832 3346 τοῖς
2861 3282 2988 3353 ἐξῆς
3029 3283 3453 3349 άναγνωσθεῖσιν
3482 3281 3785 3345 magna»;

2130 3390 2249 3444 μεν,
2277 3371 2371 3426 καὶ
2421 3372 2617 3442 ἴδωμεν
2646 3371 2695 3423 τί
2728 3372 2995 3442 διηγεῖται
3027 3372 3157 3440 ἡμῖν
3184 3372 3215 3439 ή
3248 3368 3367 3421 θεία
3414 3368 3602 3439 Γραφὴ
3648 3372 3785 3436 pst};

2125 3461 2225 3532 τὴν
2259 3459 2461 3513 εἴσοδον
2488 3457 2582 3512 τοῦ
2619 3458 2743 3511 Νῶε
2782 3459 2861 3521 εἰς
2893 3457 2987 3528 τὴν
3018 3456 3269 3510 κιϐωτόν.
3306 3456 3419 3509 Νῦν
3454 3456 3584 3528 γὰρ.
3616 3457 3671 3506 εί

2132 3566 2262 3601 ποτε
2287 3546 2498 3610 ἄλλοτε,
2529 3546 2761 3617 μάλιστα
2789 3544 2986 3615 πολλὴν
3038 3542 3441 3598 ἐπιδείκνυσθαι
3462 3543 3605 3612 ἡμᾶς
3623 3538 3785 3617 προσογ

2128 3637 2251 3706 ἡκει
2285 3636 2382 3706 τὴν
2418 3635 2672 3704 σπουδὴν,
2706 3634 2793 3686 ὅτε
2824 3632 2911 3686 διά
2932 3632 3022 3685 τὸν
3066 3632 3165 3702 τῆς
3194 3630 3444 3701 νηστείας
3472 3631 3667 3701 καιρὸν
3704 3633 3779 3683 καὶ

2126 3722 2226 3792 τῆς
2260 3722 2482 3794 ἡδίστης
2505 3721 2659 3793 ὑμῶν
2690 3718 2981 3790 συντυχίας
3009 3717 3243 3788 συνεχῶς
3276 3716 3642 3787 ἀπολαύομεν,
3700 3721 3779 3771 καί

2125 3809 2224 3880 τῆς
2274 3810 2400 3880 περὶ
2454 3810 2550 3879 τὴν
2596 3807 2807 3880 τρυφὴν
2856 3806 3162 3878 ἀδηφαγίας
3224 3804 3642 3877 ἀπηλλάγμεθα,
3700 3804 3785 3871 xxi

2126 3895 2562 3967 διεγηγερμένων
2594 3896 2809 3967 ἔχοντες
2864 3896 2954 3948 τὸν
3003 3894 3261 3965 λογισμὸν
3316 3892 3592 3962 δυνάμεθα
3649 3892 3785 3963 μετι

2126 3984 2413 4055 ἀκριϐείας
2438 3984 2726 4054 προσέχειν
2753 3988 2868 4047 τοῖς
2906 3983 3241 4055 λεγομένοις.
3270 3980 3441 4033 Πόθεν
3469 3976 3561 4034 οῦν
3590 3982 3729 4050 ἡμῖν
3758 3984 3785 4047 ἡκ

2126 4073 2269 4145 ἀρχὴ
2315 4073 2506 4141 γέγονε
2539 4072 2649 4125 τῶν
2697 4073 2935 4143 σήμερον
2972 4069 3453 4140 ἀναγνωσθέντων,
3488 4070 3775 4137 ἀναγκαῖον.

2126 4163 2323 4215 εἰπεῖν.
2347 4160 2473 4215 Νῶε
2501 4159 2569 4212 δὲ
2592 4156 2672 4228 ἦν
2698 4159 2850 4214 ἐτῶν
2879 4158 3230 4222 ἑξακοσίων,
3249 4157 3401 4226 φησί,
3426 4156 3521 4209 καί
3546 4160 3579 4209 ό
3610 4173 3776 4209 κειται

2125 4245 2402 4315 κλυσμὸς
2421 4245 2531 4299 τοῦ
2548 4245 2777 4311 ’ὕδατος
2804 4244 3037 4313 ἐγένετο
3061 4244 3160 4297 ἐπὶ
3187 4242 3297 4310 τῆς
3311 4242 3441 4311 γῆς.
3461 4242 3773 4312 Προσέχετε,

2126 4334 2447 4406 παρακαλῶ,
2479 4334 2571 4387 καὶ
2598 4335 2670 4405 μὴ
2703 4334 2886 4396 ἁπλῶς
2902 4333 3346 4404 παραδράμωμεν
3371 4331 3431 4383 τὸ
3460 4332 3773 4402 εἰρημένον

2125 4418 2237 4489 ἔχει
2267 4419 2375 4487 γάρ
2396 4433 2517 4469 τινα
2542 4416 2769 4470 πλοῦτον
2799 4416 3246 4487 ἐγκεκρυμμένον
3266 4416 3423 4468 ταυτὶ
3444 4415 3511 4467 τὰ
3536 4414 3785 4489 βραχέαὴ

2127 4506 2366 4575 ῥήματα,
2401 4505 2497 4557 καὶ
2525 4504 2620 4556 ἐὰν
2661 4506 3022 4574 συντείνωμεν
3077 4503 3232 4573 ἡμῶν
3257 4503 3357 4572 τὴν
3399 4502 3662 4565 διάνοιαν,
3696 4502 3785 4575 xm

2125 4591 2184 4657 ἐξ
2202 4590 2367 4645 αὑτοῦ
2398 4591 2589 4644 τούτου
2616 4589 2960 4661 δυνησόμεθα
2998 4588 3337 4660 καταμαθεῖν
3364 4589 3461 4659 τῆς
3492 4606 3551 4641 τε
3601 4590 3774 4658 φιλανι

2125 4678 2370 4751 θρωπίας
2401 4678 2494 4733 τοῦ
2516 4677 2787 4732 Δεσπότου
2820 4679 2917 4747 τὴν
2949 4676 3275 4747 ὑπερϐολὴν,
3293 4677 3389 4729 καὶ
3415 4675 3514 4746 τῆς
3532 4677 3643 4728 τῶν
3665 4678 3773 4728 τότε

2123 4767 2425 4839 ἀνθρώπων
2470 4767 2668 4829 κακίας
2716 4765 2815 4835 τὴν
2870 4763 3069 4834 πολλὴν
3107 4763 3377 4816 ἐπίτασιν.
3428 4762 3557 4816 Νῶε
3597 4762 3667 4814 δὲ
3710 4760 3775 4832 ἦν

2122 4853 2292 4919 ἑτῶν,
2317 4855 2502 4925 φησὶν,
2521 4852 2873 4918 ἑξακοσίων.
2913 4851 3026 4922 (ὶὺχ
3052 4850 3237 4914 ἁπλῶς
3270 4851 3417 4922 ἡμᾶς
3435 4849 3524 4902 τὸν
3554 4850 3773 4920 ἀριθμὸν

2121 4941 2230 4995 τῶν
2265 4943 2401 4995 ἐτῶν
2434 4940 2639 5005 ἐδίδαξε
2679 4938 2772 4992 τοῦ
2796 4939 3026 5001 δικαίου,
3069 4938 3189 4992 οὑδὲ
3215 4939 3303 4991 ἵνα
3333 4938 3466 4990 αὑτὸ
3486 4937 3641 4990 τοῦτο
3678 4940 3771 5006 μάο

2123 5030 2329 5100 θωμεν,
2383 5029 2566 5082 πόσων
2612 5023 2681 5098 ἦν
2712 5026 2846 5080 ἐτῶν
2898 5027 2926 5078 6
2972 5025 3212 5089 δίκαιος,
3266 5023 3381 5077 ἀλλ’
3410 5022 3561 5094 [Ξὸί]
3597 5024 3770 5089 ἐπειδὴ

2122 5116 2470 5190 προλαϐοῦσα
2500 5113 2735 5178 ἐδίδαξεν
2768 5115 2913 5183 ἡμᾶς
2943 5114 2975 5183 ἡ
3010 5112 3127 5166 θεία
3164 5112 3203 5163 Γ
3210 5111 3353 5183 ραφὴ
3398 5112 3498 5181 ήδη
3529 5110 3785 5189 εἰποῦσα,ί

2120 5211 2201 5264 ὃτι
2226 5207 2352 5263 Νῶε
2374 5207 2441 5259 δὲ
2466 5206 2545 5273 ἦν
2567 5204 2718 5258 ἐτῶν
2736 5202 3170 5268 πεντακοσίων,
3212 5202 3306 5254 καὶ
3338 5202 3476 5271 μετά
3497 5200 3559 5253 τὸ
3588 5200 3767 5267 Tw.pr-

2123 5315 2221 5369 μον
2247 5298 2376 5365 ἡμῖν
2396 5294 2619 5363 ποιῆσαι
2638 5292 2748 5345 τῶν
2773 5291 2909 5344 ἐτῶν
2936 5290 3026 5343 τὸν
3056 5290 3309 5361 ἀριθμὸν,
3338 5290 3459 5342 τότε
3486 5288 3765 5359 διηγήσατο

2118 5386 2226 5440 τῶν
2256 5382 2553 5454 ἀνθρώπων
2584 5382 2682 5451 τὴν
2710 5381 2910 5451 πολλὴν
2947 5381 3074 5451 περὶ
3100 5381 3198 5450 τὴν
3237 5378 3437 5432 κακίαν
3468 5376 3664 5447 ῥοπὴν,
3688 5376 3766 5427 καὶ

2117 5471 2206 5525 ὅτι
2238 5470 2480 5537 ἔγκειται
2509 5471 2542 5539 ἡ
2580 5467 2786 5521 διάνοια
2818 5466 2911 5521 τοῦ
2947 5466 3233 5538 ἀνθρώπου
3263 5464 3534 5536 ἐπιμελῶς
3569 5465 3661 5516 ἐπὶ
3710 5464 3763 5515 τὲ

2121 5557 2332 5628 πονηρὰ
2360 5557 2425 5608 ἐκ
2451 5557 2702 5628 νεότητος
2725 5572 2740 5587 ⁶
2772 5556 2852 5610 διό
2892 5573 3057 5627 φησιν
3100 5557 3129 5609 ὁ
3175 5555 3334 5619 Θεὸς,
3370 5555 3452 5606 Οὐ
3482 5553 3566 5621 μὴ
3598 5568 3762 5604 καταο

2114 5646 2293 5717 μείνῃ
2323 5643 2391 5697 τὸ
2428 5644 2669 5714 Πνεῦμά
2696 5663 2815 5713 μου
2865 5644 2934 5699 ἐν
2984 5644 3108 5711 τοῖς
3157 5643 3487 5711 ἀνθρώποις
3522 5642 3761 5704 τούτοις,

2184 5751 2206 5813 εξ
2244 5748 2325 5813 δίε
2353 5747 2506 5813 ξαν-ἱ).
2533 5754 2585 5796 et
2605 5755 2797 5809 septem
2822 5761 2934 5813 ms_s.
2960 5746 3024 5813 At
3050 5747 3220 5813 Mprgl.
3247 5745 3440 5813 ἐκφύγῃ.

2182 5811 2208 5850 ιι
2235 5808 2315 5861 Sié
2348 5808 2495 5861 Savil.
2532 5816 2584 5859 el
2605 5808 2839 5868 seiunss.
2878 5809 2932 5856 lu
2963 5808 3132 5858 Morel.
3162 5810 3336 5872 βραχέα
3358 5809 3518 5855 deest.
