3804 6240
65 224 163 281 917
1252 215 1317 273 ΙΝ
1356 214 1507 273 CAP.
1552 210 1640 270 VII

59 349 246 398 nerant
273 361 286 396 :
318 355 504 396 verum
529 336 701 394 adhuc
722 337 867 393 humi
890 344 1160 408 reptantes
1184 335 1641 405 pracferimuster-

57 449 179 489 rena
201 432 533 498 caelestibus,
556 429 837 501 przesentia
870 428 1102 483 futuris:
1136 436 1191 483 et
1226 442 1289 481 ea
1341 439 1462 495 quae
1495 423 1642 494 prius

57 526 289 592 avolant,
324 539 487 596 quam
518 532 846 594 spectentur,
879 522 945 575 iis
995 536 1115 592 qua:
1155 518 1404 574 omnibus
1447 516 1642 571 durant

58 617 299 671 seculis:
330 625 388 673 et
416 625 815 687 temporaneam
848 615 1169 684 voluptatem
1218 618 1489 682 perpetua:
1541 621 1639 662 vo-

58 709 237 777 luptati
284 726 297 757 :
360 708 585 763 brevem
643 707 780 761 hanc
828 705 1108 776 praesentis
1158 704 1281 757 vita;
1326 698 1636 756 felicitatem

59 800 417 868 mternisillis,
451 810 505 856 et
534 799 638 855 ﬁne
675 798 978 855 carentibus
1033 795 1264 852 sacculis.
1311 794 1434 850 Scio
1480 806 1638 847 aures

58 902 254 947 vestras
285 893 370 947 bis
422 893 601 949 verbis
652 891 913 957 vellicari,
969 890 1063 945 sed
1108 888 1383 959 ignoscite.
1430 884 1636 940 Avidus

56 996 239 1039 vestra:
259 985 449 1041 salutis
472 986 589 1040 hzec
614 985 827 1055 loquor,
869 983 1073 1039 malens
1098 998 1194 1037 vos
1217 981 1302 1035 hic
1327 978 1637 1050 aliquantis-

52 1097 141 1149 per
168 1081 467 1135 lancinatos
497 1089 753 1134 aeternam
780 1092 991 1148 poenam
1023 1076 1277 1145 effugere,
1304 1087 1462 1144 quam
1509 1084 1631 1124 cum

50 1188 207 1242 parva
233 1171 619 1228 refocillatione
648 1179 960 1239 perpetuam
981 1167 1119 1222 ferre
1145 1180 1377 1236 pinnam.
1404 1162 1536 1218 Nam
1586 1160 1632 1214 si

51 1279 224 1318 sermo
255 1278 407 1318 meus
430 1264 481 1318 in
507 1262 658 1317 vobis
686 1262 931 1331 proﬁcit,
978 1265 1405 1330 praeconceptum
1433 1266 1633 1309 mcero-

52 1371 156 1414 πίω
172 1356 463 1426 repelletis,
477 1364 535 1411 et
550 1370 686 1409 nunc
700 1354 928 1408 maxime
946 1353 1070 1408 dum
1084 1350 1257 1405 adhuc
1274 1357 1472 1403 sanctte
1489 1348 1630 1414 Qua-

53 1448 356 1518 dragesima:
390 1457 601 1518 tempus
627 1446 779 1501 vobis
803 1445 1068 1515 reliquum
1116 1452 1200 1500 est
1234 1442 1484 1514 pusillum
1512 1439 1589 1511 (a)
1610 1480 1625 1505 ,

50 1541 280 1609 poteritis
310 1548 526 1610 peccata
551 1539 882 1609 abstergerc,
926 1552 1276 1608 magnamque
1300 1551 1329 1589 a
1357 1535 1467 1590 Deo
1519 1533 1627 1588 cle-

48 1633 285 1685 incutiam
327 1632 481 1686 vobis
525 1631 829 1686 conciliare.
866 1630 981 1684 Non
1017 1630 1159 1684 enim
1208 1628 1389 1682 multis
1436 1625 1626 1681 diebus

48 1738 168 1791 opus
190 1723 351 1777 habet
379 1721 659 1787 Dominus,
690 1736 860 1791 neque
893 1730 1136 1790 tempore
1162 1737 1173 1772 :
1203 1719 1295 1774 sed
1321 1719 1363 1771 si
1387 1716 1624 1771 volueri-

45 1831 171 1879 tuus,
192 1822 247 1868 et
265 1814 319 1867 in
344 1813 548 1868 duabus
577 1813 723 1868 hisce
741 1812 1089 1867 hebdomadis
1115 1811 1383 1881 corrigere
1409 1818 1622 1879 peccata

43 1919 210 1961 nostra
231 1907 547 1975 poterimus.
576 1906 707 1961 Nam
730 1907 773 1961 si
799 1904 1058 1960 Ninivitas
1081 1905 1237 1959 trium
1277 1904 1483 1959 dierum
1511 1917 1624 1972 pm-

44 1999 309 2052 uitentiam
340 2008 562 2069 agentes
591 2007 731 2051 tanta
779 1997 1028 2067 dignatus
1074 2005 1156 2050 est
1206 1994 1567 2050 misericordia
1601 2032 1617 2060 ,

42 2091 195 2143 multo
217 2092 388 2160 magis
419 2106 516 2144 nos
541 2106 645 2143 non
679 2089 968 2160 deSpiciet:
996 2098 1195 2144 tantum
1228 2089 1270 2143 si
1298 2103 1423 2143 vere
1446 2087 1615 2157 poeni-

44 2192 258 2249 tmmns,
288 2183 685 2237 etdesistentes
711 2198 739 2236 a
772 2191 1010 2251 peccato,
1042 2182 1180 2235 viam
1219 2196 1337 2252 qum
1363 2180 1429 2233 ad
1450 2179 1617 2233 virtu-

40 2286 135 2331 teiu
157 2277 306 2331 ducit
332 2277 717 2346 ingrediamur.
748 2276 1038 2331 Enimvero
1068 2275 1134 2329 de
1174 2275 1297 2340 illis,
1350 2273 1615 2329 Ninivitas

39 2368 165 2431 dico,
190 2367 469 2437 Scriptura
498 2378 739 2432 testatur,
760 2368 942 2423 dicens
976 2386 987 2423 :
1022 2369 1155 2435 Quia
1170 2368 1293 2421 vidit
1316 2367 1455 2422 Deus
1484 2366 1618 2436 quod

38 2461 253 2514 discessit
279 2461 623 2531 unusquisque
649 2478 679 2514 a
708 2462 786 2515 via
812 2478 905 2515 sua
927 2461 1063 2515 mala
1096 2460 1240 2534 (Jan.
1272 2462 1324 2516 5.
1357 2460 1479 2533 10).
1513 2460 1612 2530 lgi-

40 2561 112 2601 tur
136 2550 180 2604 si
208 2550 423 2616 viderit,
458 2550 600 2621 quod
627 2560 682 2605 et
708 2566 806 2606 nos
829 2568 971 2606 nunc
1013 2551 1193 2605 virtuti
1240 2551 1577 2621 junxerimus
1597 2591 1611 2614 ,

36 2654 125 2693 cla
156 2642 301 2696 malo
328 2642 731 2709 destiterimus,
783 2643 1197 2713 festinemusquc
1241 2642 1307 2697 ad
1352 2643 1610 2697 bonorum

34 2735 418 2801 operationem,
449 2734 769 2804 approbabit
811 2744 1047 2790 nostram
1078 2736 1505 2798 conversionem,
1558 2742 1612 2789 et

32 2826 231 2880 sarcina
251 2835 593 2895 peccatorum
623 2826 859 2882 liberatis
880 2842 974 2881 sua
1000 2828 1252 2897 largietur
1298 2827 1456 2881 dona.
1503 2825 1611 2881 Ne-

30 2935 123 2987 que
143 2933 244 2972 nos
266 2918 345 2971 sic
366 2927 705 2986 peccatorum
734 2918 1091 2987 expiationem
1115 2926 1169 2973 et
1188 2918 1413 2974 salutem
1455 2918 1608 2987 cupi-

30 3028 161 3079 mus,
192 3013 335 3066 sicut
356 3012 470 3080 ipse
499 3011 647 3080 cupit
669 3018 722 3065 et
743 3010 931 3066 adesse
948 3011 1184 3079 festinat,
1211 3021 1269 3066 ut
1290 3020 1345 3066 et
1389 3012 1457 3066 ab
1504 3011 1610 3065 illis

31 3102 221 3158 liberos
250 3117 349 3158 nos
377 3102 559 3169 faciat,
593 3113 647 3157 et
694 3103 864 3158 salute
905 3104 1063 3173 potiri
1090 3103 1368 3160 concedat.
1401 3104 1609 3173 Eapro-

32 3207 155 3265 pter,
184 3194 439 3260 obsecro,
466 3196 760 3250 excitemus
788 3206 999 3250 nostras
1023 3205 1251 3264 mentes,
1275 3208 1329 3251 et
1354 3197 1437 3251 sui
1457 3198 1607 3264 quis-

26 3303 119 3357 que
138 3297 413 3342 scrutator
440 3286 529 3353 sit,
557 3285 757 3356 anquid
784 3288 1014 3356 amplius
1034 3303 1064 3342 a
1091 3302 1150 3343 se
1177 3289 1449 3357 praeterito
1481 3298 1608 3344 tem-

22 3394 144 3448 pore
168 3395 296 3435 cum
321 3379 481 3435 laude
502 3387 710 3450 gestum
737 3380 828 3447 sit,
855 3380 937 3435 vel
964 3395 1122 3449 quam
1174 3381 1455 3435 utilitatem
1505 3379 1606 3435 ha-

26 3473 193 3527 buerit
220 3488 291 3528 ex
326 3472 580 3527 continua
612 3472 713 3527 hac
733 3473 1015 3529 doctrina:
1044 3474 1086 3528 si
1124 3473 1271 3543 quid,
1304 3473 1444 3544 quod
1478 3488 1607 3543 pro-

24 3567 159 3619 ximo
178 3566 405 3628 serviat,
430 3562 697 3618 fructuum
719 3564 1014 3636 collegerit,
1038 3566 1083 3620 si
1104 3566 1346 3635 quaedam
1363 3566 1489 3620 vitia
1511 3581 1605 3621 sua

18 3657 349 3721 correxerit;
396 3657 441 3710 si
483 3656 626 3726 quod
656 3656 723 3711 ad
746 3672 926 3712 veram
956 3658 1347 3729 philosophiam
1401 3659 1608 3715 adeun-

20 3748 135 3803 dam
168 3749 582 3803 incitamentum
609 3765 676 3804 ex
699 3749 782 3805 his
807 3752 1006 3806 nostris
1030 3752 1356 3823 quotidianis
1378 3767 1605 3822 accepe-

20 3844 82 3895 rit
101 3840 581 3896 admonitionibus.
608 3842 770 3897 Bonis
796 3844 1009 3913 quidem
1038 3847 1291 3915 operibus
1335 3848 1605 3901 accessio-

22 3934 617 3999 uemliericuraudum,
646 3944 702 3991 ot
751 3952 1040 4007 numquam
1082 3938 1467 4009 quiescendum
1520 3949 1605 3993 est

20 4030 81 4082 ab
104 4030 208 4085 hoc
238 4031 386 4085 bono
410 4028 603 4099 agendi
625 4027 906 4084 instituto:
940 4039 995 4085 at
1023 4032 1067 4085 si
1097 4033 1215 4101 quis
1241 4032 1437 4086 viderit
1475 4046 1606 4086 cono

19 4125 353 4179 suetudinem
375 4138 527 4179 suam
553 4122 728 4179 adhuc
754 4123 1066 4193 praevalere,
1099 4135 1154 4180 et
1205 4141 1268 4181 se
1316 4126 1368 4180 in
1413 4125 1603 4180 iisdem

20 4230 388 4285 perseverare,
411 4222 573 4285 cogat
598 4224 837 4272 mentem
861 4231 1012 4271 suam
1034 4232 1144 4272 sua:
1165 4217 1388 4273 desidia:
1438 4220 1606 4274 ratio-

21 4326 129 4363 nem
159 4308 394 4364 reddere
420 4323 434 4360 :
466 4322 566 4363 nec
582 4309 726 4363 sinat
752 4309 1001 4379 progredi
1031 4310 1277 4376 ulterius,
1302 4311 1397 4368 sed
1426 4327 1603 4382 prava:

17 4398 419 4455 consuetudinis
448 4397 609 4453 ﬁnem
632 4398 824 4466 faciat;
853 4401 1131 4456 exseindat
1152 4404 1430 4473 impetum,
1452 4419 1607 4459 coer-

17 4500 125 4545 ceat
168 4491 555 4561 cogitationes,
580 4490 631 4545 in
655 4501 835 4546 mente
856 4493 1437 4549 revolvatltorrendum
1456 4495 1604 4550 illum

17 4584 171 4648 diem,
195 4584 403 4653 cogitet
426 4596 628 4638 mensa:
654 4581 813 4653 hujus
835 4584 1127 4639 tremendae
1144 4586 1604 4656 participationem

17 4688 56 4729 rt
74 4675 423 4745 splendorem
451 4675 589 4744 ignis
614 4674 739 4730 inde
756 4675 1048 4731 resilientis
1071 4675 1166 4749 (b),
1189 4692 1252 4733 ac
1267 4678 1604 4750 conﬂagran-

17 4777 113 4821 tem
145 4769 352 4830 vim,et
378 4766 591 4835 qualem
635 4767 920 4822 conveniat
943 4782 1066 4824 esse
1107 4770 1409 4826 accedentis
1454 4786 1606 4828 men-

17 4867 147 4923 tem;
179 4859 249 4913 ab
294 4858 441 4912 omni
493 4872 687 4927 nempe
738 4858 966 4937 macula,
1003 4860 1233 4915 abomni
1256 4861 1374 4918 labe
1393 4878 1601 4934 puram,

18 4966 61 5007 et
75 4955 386 5008 illicitarum
400 4953 781 5022 cogitationum
800 4953 1151 5025 frequentiam
1165 4956 1564 5015 subvertentem
1587 4977 1602 5014 :

18 5057 66 5097 ut
86 5046 162 5101 sic
184 5044 404 5099 interim
431 5044 623 5099 diebus
644 5044 763 5099 istis
780 5046 1026 5116 nosipsos
1059 5059 1443 5118 prmparantes,
1475 5066 1606 5122 pos-

18 5139 197 5203 simus,
248 5149 546 5209 expurgata
581 5153 681 5209 pro
705 5140 848 5195 virili
894 5142 1070 5195 anima
1095 5152 1300 5211 nostra,
1323 5146 1606 5216 participes

18 5229 121 5283 ﬁeri
145 5230 436 5301 praesentis
468 5231 625 5285 istius
650 5232 995 5301 sumptionis,
1028 5243 1084 5291 et
1113 5235 1476 5292 iuetl‘abilibus
1495 5237 1602 5292 illis

24 5327 174 5380 benis
198 5326 387 5397 patiri,
421 5339 541 5398 qua:
570 5326 818 5397 promisit
835 5326 1182 5400 diligentibus
1208 5344 1300 5397 se;
1337 5330 1505 5401 gratia
1551 5338 1608 5388 et

73 5483 144 5553 (a)
171 5482 337 5532 Habita
359 5482 530 5553 concio
546 5496 657 5533 cum
672 5482 784 5534 dua:
807 5490 992 5536 tantum
1013 5488 1399 5553 Quadragesimte
1422 5489 1608 5542 hebdo-

17 5546 160 5595 madas
178 5550 523 5606 superessent.

73 5607 143 5667 (ὁ)
179 5605 382 5679 Savilius
405 5607 777 5679 suSPicaturhic
812 5610 977 5679 ignem
1018 5613 1301 5679 sensibilem
1346 5617 1394 5665 in
1442 5631 1610 5668 mensa

17 5683 143 5717 sacra
164 5670 379 5731 positum
394 5668 707 5734 subindicari,
722 5668 901 5735 nempe
925 5672 1173 5745 lucernam
1189 5676 1398 5730 altumve
1423 5694 1606 5745 ignem.

1651 252 1665 268 .
1704 207 1948 272 GENES.
1988 217 2217 275 HOMIL.
2260 218 2426 280 XXV.

3239 224 3345 281 ΞῙΒ

1756 333 2084 405 benignitate
2112 340 2321 396 Domini
2348 344 2518 400 nostri
2547 344 2676 402 Jesu
2695 345 2916 414 Christi,
2939 344 3063 405 cum
3096 363 3202 421 quo
3235 342 3340 404 Pa-

1753 430 1843 495 tri,
1871 426 2111 487 simulet
2144 433 2363 503 Spiritui
2409 446 2604 506 pancto
2642 440 2713 495 sit
2762 441 2953 512 gloria,
3004 440 3301 512 imperium
3324 477 3339 499 .

1749 519 1943 587 honor,
1973 538 2115 580 nune
2161 536 2215 581 et
2253 540 2510 600 semper,
2565 539 2620 586 et
2665 531 2719 586 in
2765 533 2961 588 saecula
2990 532 3338 589 saeculorum.

1749 612 1943 667 Amen.
2926 620 2935 643 '

1799 627 1943 667 meo.
2926 620 2935 643 '

2287 729 2564 790 IIOMILIA
2615 733 2782 791 XXV.

1748 839 1864 896 Nae
1905 853 2073 897 autem
2119 861 2367 901 annorum
2407 859 2511 903 erat
2561 860 2907 905 sexcentarum
2930 892 2943 915 ,
2993 859 3040 904 et
3081 848 3329 905 diluvium

1921 951 2066 1001 aqua:
2087 938 2275 1007 factum
2300 950 2370 993 est
2396 956 2548 1011 super
2574 949 2758 994 terram
2789 939 2940 1011 (Gen.
2975 942 3026 995 7.
3072 941 3148 1012 6).

1815 1073 1865 1127 1.
1908 1073 2289 1143 Argumentum
2317 1074 2384 1130 de
2405 1091 2510 1145 quo
2536 1077 2650 1131 heri
2690 1076 2896 1132 caritati
2928 1086 3117 1131 vestra:
3157 1077 3329 1132 disse-

1739 1165 1842 1229 rui,
1867 1165 2040 1220 denuo
2069 1168 2345 1238 attingam,
2379 1177 2433 1224 et
2451 1170 2579 1240 justi
2608 1170 2718 1225 Noe
2747 1169 3021 1225 historiam
3052 1169 3242 1225 iterum
3271 1171 3324 1225 in

1739 1256 1969 1311 medium
1996 1257 2233 1312 alferam.
2274 1259 2476 1329 Magna:
2505 1263 2648 1316 enim
2675 1262 2928 1316 virtutum
2961 1261 3090 1331 justi
3125 1261 3324 1315 divitia:

1737 1356 1882 1413 sunt,
1929 1349 2206 1417 nostrique
2253 1349 2412 1404 ofﬁcii
2457 1361 2539 1406 est
2576 1352 2823 1407 omnibus
2847 1367 2943 1423 pro
2968 1363 3149 1407 nostra
3180 1350 3322 1407 virili

1735 1438 2048 1509 disquisitis,
2081 1457 2269 1496 curare
2294 1450 2351 1497 ut
2379 1452 2570 1498 vestrae
2592 1458 2723 1514 opes
2744 1444 2866 1499 hinc
2885 1444 3151 1500 auctiores
3168 1444 3317 1499 ﬁant.

1733 1530 2018 1596 Caeterum,
2055 1532 2297 1595 obsecro,
2329 1541 2524 1589 attenta
2554 1545 2731 1590 mente
2772 1535 2958 1590 adsitis
2980 1577 2996 1603 ,
3022 1544 3082 1590 ut
3106 1550 3172 1590 ne
3192 1550 3318 1589 sen-

1733 1624 1910 1679 lentiae
1935 1623 2022 1679 hic
2044 1624 2332 1680 recondita:
2354 1641 2383 1679 a
2405 1626 2555 1680 vobis
2569 1627 2862 1697 diffugiant.
2882 1626 3070 1696 Opera:
3086 1626 3316 1696 pretium

1730 1724 1909 1770 autem
1962 1714 2139 1781 fuerit,
2188 1716 2336 1787 prius
2372 1718 2579 1772 caritati
2634 1728 2828 1773 vestrae
2871 1732 3314 1783 commemorare,

1730 1803 1944 1859 ubinam
1977 1804 2091 1860 heri
2122 1806 2347 1861 docendi
2371 1809 2527 1862 ﬁnem
2556 1808 2838 1864 fecerimus
2861 1850 2875 1874 ,
2905 1818 2963 1864 ut
3008 1809 3129 1863 inde
3157 1808 3317 1864 hodie

1729 1911 1979 1953 sermone
2019 1900 2272 1969 repetito,
2300 1900 2521 1954 dicenda
2561 1901 2716 1956 dictis
2751 1910 2897 1957 recte
2944 1910 3314 1957 contexamus.

1727 1988 1815 2044 Sic
1839 1990 1981 2044 enim
2002 1988 2366 2047 manifestiora
2388 1992 2541 2047 nobis
2567 2002 2727 2047 erunt
2754 1992 2917 2047 etiam
2943 2007 3002 2048 ea
3029 2009 3147 2063 qua:
3172 2007 3313 2047 nunc

1726 2082 1992 2137 dicuntur.
2026 2083 2128 2140 Ubi
2151 2099 2279 2154 ergo
2302 2100 2419 2155 quae
2439 2084 2761 2141 docebamus
2783 2085 2917 2151 heri,
2944 2085 3101 2139 ﬁnem
3120 2085 3314 2141 habue-

1726 2173 1888 2228 runt?
1917 2173 2080 2241 Dixit,
2106 2174 2295 2244 inquit,
2329 2173 2579 2229 Dominus
2601 2175 2740 2229 Deus
2767 2176 2835 2228 ad
2862 2174 2978 2228 Noe
3005 2174 3321 2245 :Ingredere

1726 2272 1800 2331 tu,
1828 2272 1873 2317 et
1912 2264 2073 2318 omnis
2102 2265 2281 2318 damus
2305 2273 2393 2318 tua
2418 2265 2470 2317 in
2500 2281 2669 2317 arcam
2700 2281 2718 2318 :
2744 2265 2863 2335 quia
2889 2275 2935 2319 te
2980 2264 3081 2318 vidi
3111 2265 3313 2335 justum

1723 2372 1894 2409 caram
1916 2371 1996 2410 me
2021 2357 2072 2409 in
2102 2356 2421 2427 generatione
2443 2355 2559 2411 ista.
2583 2355 2667 2410 Ea:
2683 2357 2927 2426 jumentis
2968 2372 3082 2410 vero
3110 2355 3312 2409 mundis

1722 2448 1875 2501 induc
1928 2448 1996 2501 ad
2041 2456 2087 2501 te
2128 2458 2332 2518 septena
2362 2463 2381 2501 :
2411 2457 2456 2502 et
2501 2464 2565 2502 ea:
2601 2449 2866 2519 jumentis,
2897 2464 3009 2518 quae
3047 2464 3147 2502 non
3192 2456 3310 2500 sunt

1721 2540 1930 2603 munda,
1965 2539 2101 2594 bina.
2132 2540 2311 2593 Adhuc
2353 2540 2485 2594 enim
2527 2552 2716 2609 septem
2745 2541 2882 2605 dies,
2933 2555 3023 2611 ego
3069 2539 3310 2592 inducam

1720 2633 1943 2704 pluviam
1970 2648 2120 2702 super
2145 2641 2328 2685 terram
2356 2632 2688 2702 quadraginta
2708 2632 2881 2685 diebus
2901 2641 2946 2685 et
2970 2631 3307 2701 quadraginta

1720 2722 1943 2777 noctibus
1972 2764 1986 2789 ,
2014 2730 2060 2776 et
2086 2722 2258 2776 delebo
2277 2738 2473 2775 omnem
2493 2721 2819 2776 substantiam
2838 2737 2987 2791 quam
3018 2721 3134 2790 feci,
3161 2737 3193 2772 a
3226 2720 3308 2785 fa-

1717 2814 1792 2867 cie
1816 2824 1979 2877 teme,
2023 2813 2085 2867 ab
2141 2813 2341 2866 homine
2376 2822 2533 2878 usque
2578 2811 2647 2865 ad
2681 2829 2847 2882 pecus.
2900 2811 2968 2865 Et
3023 2811 3138 2882 fecit
3193 2809 3308 2864 Nae

1719 2906 1887 2960 omnia
1915 2920 2026 2974 qua:
2051 2911 2352 2975 prazceperat
2375 2904 2469 2957 sibi
2495 2904 2741 2957 Dominus
2788 2902 2924 2955 Deus
2951 2900 3101 2972 (Gen.
3149 2902 3201 2955 7.
3247 2902 3307 2955 1-

1719 2994 1799 3067 5).
1828 2995 2115 3064 Hucusque
2142 2992 2470 3063 procedebat
2506 3008 2684 3048 sermo
2703 3012 2731 3059 ,·
2753 2992 2837 3046 hic
2876 2991 3098 3047 docendi
3140 2991 3303 3045 ﬁnem

1717 3086 2063 3142 faciebamus.
2089 3084 2357 3140 Fortassis
2381 3084 2522 3139 enim
2552 3093 2606 3139 ct
2631 3086 2729 3154 ipsi
2750 3082 3066 3138 meministis
3086 3081 3299 3153 quando

1716 3178 1922 3234 caritati
1955 3185 2149 3232 vestra:
2200 3191 2415 3231 causam
2444 3175 2793 3240 reddidimus,
2851 3190 3017 3245 quare
3050 3174 3188 3229 Deus
3234 3188 3299 3228 ex

1715 3267 1930 3324 mundis
1956 3275 2198 3337 septena,
2226 3280 2293 3321 ex
2322 3265 2609 3321 immundis
2635 3266 2756 3320 bina
2774 3264 3033 3319 introduci
3059 3264 3299 3334 jusserit.

1715 3360 1827 3432 Age
1857 3374 1985 3431 ergo
2033 3358 2196 3414 hodie
2224 3358 2542 3413 accedamus
2567 3356 2634 3412 ad
2677 3372 2738 3412 ea
2765 3372 2882 3427 quae
2912 3362 3303 3425 consequenter

1713 3450 1849 3507 lecta
1879 3458 2021 3518 sunt,
2049 3457 2105 3505 et
2143 3449 2417 3505 videamus
2458 3449 2583 3521 quid
2627 3449 2780 3503 nobis
2809 3448 2984 3504 divina
3027 3446 3300 3517 Scriptura

1714 3544 1857 3598 dicat
1879 3550 1999 3614 post
2024 3543 2322 3613 ingressum
2347 3541 2459 3596 Noe
2490 3540 2543 3595 in
2568 3556 2768 3595 arcam.
2817 3539 2970 3595 Nunc
3007 3540 3149 3595 enim
3190 3554 3301 3593 ma-

1713 3635 1877 3701 xime,
1910 3634 1953 3688 si
1981 3634 2089 3688 ullo
2115 3632 2221 3687 alio
2266 3642 2528 3701 tempore,
2572 3631 2725 3685 decet
2748 3639 2823 3709 χιιι
2849 3631 3076 3701 amplius
3106 3631 3175 3683 sit
3203 3644 3302 3684 no-

1714 3737 1882 3782 strum
1912 3726 2165 3790 studium,
2195 3740 2315 3781 cum
2347 3725 2416 3779 ob
2440 3724 2625 3794 jejunii
2654 3714 2864 3794 tempus
2903 3733 2956 3779 et
2993 3723 3296 3779 dulcissima

1713 3833 1887 3876 vestra
1936 3818 2321 3875 consuetudine
2365 3817 2532 3887 magis
2585 3816 2828 3881 fruimur,
2875 3823 2926 3869 ct
2971 3830 2999 3868 a
3030 3815 3300 3883 voluptate

1714 3911 1946 3982 crapulm
1974 3910 2283 3973 liberamur,
2318 3907 2666 3976 excitatisque
2691 3906 2977 3970 mentibus,
3007 3904 3164 3959 dictis
3189 3904 3302 3958 dili-

1713 4013 1897 4074 genter
1951 4000 2225 4056 attendere
2270 4012 2570 4069 possumus.
2620 3996 2910 4054 Dicendum
2957 3996 3114 4067 igitur
3160 3995 3300 4049 unde

1715 4096 1872 4151 hodie
1897 4094 2053 4149 lectio
2079 4100 2252 4164 empta
2273 4099 2374 4146 est.
2429 4092 2483 4145 6.
2517 4089 2633 4143 Noe
2679 4098 2848 4145 autem
2891 4090 2997 4142 erat
3049 4103 3301 4141 annorum

1713 4195 2089 4252 sexcentarum,
2113 4183 2302 4253 inquit,
2327 4192 2372 4236 et
2399 4182 2644 4236 diluvium
2664 4195 2809 4252 aqute
2831 4179 3024 4250 factum
3050 4188 3123 4233 est
3150 4193 3302 4248 super

1714 4291 1915 4335 terram.
1957 4277 2251 4344 Attendite,
2275 4278 2519 4343 obsecro,
2548 4284 2604 4331 et
2624 4290 2689 4330 ne
2716 4273 3075 4344 perfunctorie
3099 4272 3298 4327 dictum

1713 4386 2223 4447 prattercurramus;
2266 4370 2467 4426 habent
2491 4370 2631 4424 enim
2659 4369 2883 4423 latentes
2898 4367 3109 4422 divitias
3121 4366 3302 4421 brevia

1715 4468 1831 4523 haec
1855 4468 2054 4528 verba;
2085 4463 2224 4535 quod
2256 4463 2299 4517 si
2328 4470 2559 4517 mentem
2584 4460 2989 4526 intenderimus,
3021 4458 3205 4514 licebit
3234 4473 3301 4513 ex

1714 4559 1817 4615 isto
1847 4558 1961 4628 ipso
1995 4554 2375 4611 misericordia:
2406 4553 2613 4608 Domini
2638 4552 3029 4618 excellentiam,
3058 4550 3305 4606 malitiae-

1715 4665 1818 4720 que
1844 4650 2148 4712 hominum,
2180 4645 2268 4716 qui
2309 4654 2435 4700 tunc
2464 4651 2637 4711 erant,
2660 4644 3086 4713 exsuperantiam
3114 4642 3305 4714 depre-

1713 4740 1968 4798 hendere.
1998 4737 2112 4793 Nae
2131 4746 2297 4790 autem
2309 4751 2556 4790 annorum
2573 4744 2698 4800 erat,
2722 4734 2910 4805 inquit,
2934 4742 3300 4789 sexcentarum.

1713 4833 1829 4889 Non
1862 4831 2063 4899 absque
2087 4844 2246 4884 causa
2272 4843 2534 4883 annorum
2551 4827 2680 4897 justi
2706 4841 2986 4881 numerum
3004 4840 3102 4881 nos
3123 4825 3305 4879 docuit

1714 4924 1895 4982 divina
1924 4923 2220 4993 Scriptura,
2274 4935 2449 4991 neque
2507 4928 2565 4974 ut
2607 4918 2748 4974 istud
2794 4919 2967 4987 ipsum
3014 4915 3302 4980 discamus,

1713 5026 1842 5089 quot
1867 5030 2127 5070 annorum
2156 5012 2314 5069 fuerit
2343 5012 2452 5077 ille,
2484 5009 2579 5065 sed
2620 5009 2745 5080 quia
2783 5009 2931 5078 prius
2972 5019 3072 5061 nos
3123 5004 3308 5059 docuit

1715 5114 1987 5182 Scriptura
2024 5109 2207 5163 dicens
2230 5148 2245 5173 ,
2278 5104 2394 5160 Nae
2415 5115 2581 5159 autem
2606 5111 2712 5157 erat
2736 5114 2983 5155 annorum
3004 5098 3307 5168 quingento-

1713 5223 1827 5261 rum
1858 5203 2010 5277 (Gen.
2039 5202 2093 5257 5.
2123 5200 2216 5270 51)
2241 5215 2253 5252 :
2278 5206 2333 5254 et
2379 5204 2659 5267 postquam
2715 5192 2868 5248 nobis
2907 5204 3170 5245 annorum
3216 5188 3310 5244 de-

1711 5296 1935 5354 claravit
1979 5307 2285 5356 numerum,
2317 5298 2446 5343 tunc
2487 5285 2725 5344 narravit
2752 5283 3091 5340 immodicam
3135 5282 3309 5338 homi-

1712 5404 1844 5449 num
1876 5388 1930 5443 in
1960 5386 2155 5441 malum
2184 5380 2704 5454 propensionem,aet
2728 5378 2850 5449 quia
2878 5376 3138 5432 incumbit
3166 5386 3309 5446 cogi-

1715 5484 1847 5541 tatio
1873 5482 2148 5538 hominum
2166 5480 2446 5549 diligenter
2467 5478 2519 5532 in
2537 5477 2674 5532 mala
2691 5492 2720 5530 a
2737 5477 3015 5547 juventule
3038 5492 3053 5539 ;
3082 5474 3308 5543 ideoque

1718 5586 1850 5634 dtxtt
1876 5589 2048 5643 ueus,
2082 5575 2203 5627 Non
2235 5570 2539 5643 permanebit
2570 5572 2796 5642 Spiritus
2820 5585 2959 5625 meus
2996 5584 3050 5623 tn
3086 5568 3305 5623 homini-

1719 5673 1809 5729 bus
1834 5670 1965 5741 tstis,
1994 5685 2053 5726 ea
2076 5666 2210 5741 quod
2234 5663 2332 5737 ipsi
2358 5663 2460 5721 sint
2487 5678 2664 5721 carnes
2690 5660 2843 5735 (Gen.
2871 5661 2923 5719 6.
2947 5659 3034 5733 3):
3055 5674 3306 5731 praenuu‘
