3760 6248
494 336 677 395 tiando
703 332 781 390 eis
818 321 1193 399 indignationis
1238 333 1341 373 sua
1385 307 1801 384 magnitudinem
1815 300 1986 399 adcin-
2008 305 2067 399 ut

497 390 754 485 eis
781 390 1031 479 idoneum
1061 426 1268 483 tempus
1285 451 1303 478 ,
1332 406 1472 479 quod
1501 401 1769 459 sufficeret
1787 393 1855 451 ad
1883 390 2072 485 resipi-

498 521 752 578 sceudum
772 556 789 582 ,
815 522 873 569 ut
894 507 1307 581 indignationem
1336 513 1442 555 non
1470 492 1840 564 experirentur
1858 527 1872 550 ,
1899 482 2027 537 dicit
2054 497 2068 534 :

503 611 665 666 Erunt
683 572 851 661 autem
866 604 970 656 dies
984 572 1153 654 eorum
1167 593 1287 648 anni
1301 599 1494 646 centum
1512 596 1559 640 et
1571 582 1743 655 viginti
1756 578 1907 652 (Gen.
1925 574 1979 630 6.
1994 572 2071 645 5):

500 707 601 757 hoc
624 707 726 764 est,
754 696 942 751 Adhuc
986 685 1385 761 procrasdnabo
1411 680 1568 736 etiam
1598 684 1718 747 post
1761 671 2076 743 quingentos

499 791 620 845 illos
664 800 853 851 annos,
903 783 955 837 in
1006 779 1196 850 quibus
1236 776 1408 844 justus
1433 772 1532 825 iste
1563 782 1659 821 suo
1684 761 1901 819 nomine
1947 756 2077 812 satis

501 892 692 933 omnes
717 876 835 929 illos
859 868 1177 927 admonebat
1196 874 1250 920 et
1275 860 1579 924 inducebat,
1599 856 1643 909 si
1666 852 1878 923 quidem
1909 856 2078 901 atten—

505 977 635 1029 dere
664 969 974 1031 voluissent,
1004 970 1061 1017 ut
1108 968 1164 1015 et
1206 973 1234 1011 a
1290 954 1487 1011 malitia
1546 948 1885 1009 desisterent,
1914 948 1968 995 et
2012 938 2078 991 ad

506 1067 757 1120 virtutem
787 1074 846 1114 se
872 1030 1238 1111 transferrent.
1267 1048 1643 1102 Verumtamen
1668 1046 1724 1092 et
1753 1047 1892 1089 nunc
1929 1030 2083 1101 polli-

506 1172 635 1211 ceor
664 1168 751 1209 me
791 1164 960 1206 annos
1012 1153 1221 1200 centum
1272 1138 1455 1209 viginti
1504 1133 1583 1208 (a)
1632 1131 1998 1188 toleraturum,
2027 1130 2084 1175 ut

512 1260 754 1318 tempore
805 1241 947 1313 quod
988 1234 1326 1298 intercedet,
1373 1222 1814 1302 quemadmodum
1864 1234 1961 1289 par
2001 1223 2086 1270 est

513 1310 750 1400 utantur,
780 1310 1139 1401 malitiamque
1167 1327 1387 1395 fugiant,
1426 1329 1483 1377 et
1508 1319 1757 1373 virtutem
1781 1310 2089 1381 amplexen-

516 1443 622 1487 tur.
678 1396 747 1485 Et
771 1441 877 1482 non
901 1396 1073 1479 solum
1122 1424 1402 1474 contentus
1438 1411 1534 1465 nm
1574 1414 1785 1464 centum
1826 1410 1879 1457 et
1904 1396 2087 1468 viginti

1182 205 1241 262 S.
1280 192 1556 257 JOANNIS
1587 178 2065 247 CHRYSOSTOMI
2102 173 2424 235 ARCHIEP.
2460 170 2993 232 CONSTANTINOP.

3640 160 3727 217 εει

2176 296 2298 351 vita!
2322 294 2556 367 quidem,
2606 293 2795 363 inquit,
2846 290 2962 344 viso
3000 285 3211 357 abiecto
3255 283 3472 339 homine
3516 281 3731 347 Ionam

2172 388 2289 459 ejus
2326 394 2675 456 susceperunt
2696 382 3150 457 prtedicationem.
3197 388 3255 434 et
3301 378 3732 432 accuratissitnam

2176 479 2413 535 iecerunt
2457 476 2821 548 pmnitcntiam
2872 492 2887 527 :
2938 472 3026 527 isti
3071 480 3247 525 autem
3302 468 3546 523 videntes
3592 469 3735 523 multo

2177 570 2433 640 majorem
2453 582 2609 638 quam
2629 565 2791 622 Jonas
2817 574 2930 620 erat
2954 605 2972 630 ,
3005 563 3281 633 ipsumque
3310 558 3543 613 universi
3582 558 3736 612 Domi.

2179 677 2306 719 num
2334 675 2517 716 secum
2545 658 2703 719 simul
2726 666 3046 721 versantem,
3072 662 3325 722 tantaque
3348 665 3411 704 ac
3437 648 3562 704 talia
3588 652 3739 719 quoti-

2179 753 2267 809 die
2289 752 2542 808 miracula
2572 758 2901 820 operantem.
2930 748 3170 818 leprosos
3200 744 3547 799 mundantem
3568 782 3586 808 ,
3617 757 3733 795 mor-

2182 853 2302 899 tuos
2342 842 2684 898 suscitantem
2711 880 2726 904 ,
2758 841 2881 893 vitia
2910 850 3111 892 natum:
3140 836 3500 905 corrigentem
3523 870 3538 896 ,
3565 831 3741 886 dmino-

2184 950 2279 991 nes
2307 933 2682 1003 expellentcm,
2710 930 2928 985 morbos
2975 938 3272 989 curantem,
3306 932 3572 995 potestate
3601 923 3739 977 multa

2183 1037 2519 1098 peccatorum
2545 1023 2909 1079 remissionem
2927 1019 3246 1091 prmbeutcm
3270 1030 3287 1070 :
3314 1031 3418 1071 non
3444 1015 3592 1069 illam
3607 1030 3740 1084 quant

2186 1117 2393 1173 barbari
2427 1115 2585 1169 fidem
2607 1113 2978 1169 exhibucrunt.

2256 1209 2312 1262 2.
2356 1205 2609 1260 Patientia
2658 1214 2704 1258 et
2749 1204 3025 1272 benignitas
3049 1200 3141 1255 Dei
3193 1199 3246 1252 in
3290 1198 3405 1267 ipso
3432 1196 3660 1255 diluvio;
3697 1210 3745 1247 α

2189 1298 2419 1371 prtrsenti
2456 1312 2602 1368 paena
2641 1295 2956 1367 peccantibus
2991 1292 3133 1346 illata
3183 1289 3427 1343 minuitur
3456 1296 3660 1341 eterna.
3683 1313 3739 1323 -

2190 1389 2388 1444 Verum
2418 1387 2483 1441 ad
2512 1385 2775 1441 sermonis
2806 1382 2971 1436 nostri
3020 1382 3213 1435 seriem
3255 1378 3559 1439 redeamus,
3584 1386 3639 1429 ut
3679 1377 3744 1427 vi-

2190 1480 2319 1535 deas
2360 1491 2518 1548 quam
2561 1473 2841 1529 immodica
2888 1472 3107 1526 istorum
3148 1469 3305 1522 fuerit
3328 1466 3666 1536 improbitas,
3706 1475 3749 1518 et

519 1533 777 1578 annorum
820 1512 1190 1586 promissione,
1235 1505 1328 1563 sed
1369 1504 1512 1574 justo
1553 1494 1801 1569 praecepit
1827 1499 1886 1545 ut
1911 1502 2088 1543 arcam

517 1584 869 1673 construeret,
892 1620 1001 1678 quo
1024 1612 1078 1660 et
1103 1604 1216 1672 ipse
1240 1606 1481 1667 aspectus
1495 1606 1633 1647 arca:
1659 1589 1723 1643 iis
1742 1584 2088 1641 sufficientem

520 1703 833 1761 memoriam
857 1701 1180 1768 suggereret,
1201 1700 1255 1747 et
1278 1688 1455 1744 nullus
1492 1685 1759 1755 ignoraret
1805 1671 2093 1731 inferenda:

522 1812 695 1867 pecua:
720 1764 1151 1861 magnitudinem.
1179 1782 1310 1838 Nam
1339 1772 1478 1834 istud
1516 1774 1686 1844 ipsum
1704 1811 1718 1835 ,
1748 1766 1888 1838 quod
1918 1764 2094 1834 justus

524 1891 637 1953 ille,
663 1896 718 1943 et
743 1886 835 1955 qui
860 1884 912 1937 in
939 1892 1203 1936 summum
1230 1872 1440 1928 virtutis
1468 1869 1780 1940 pervenerat
1806 1856 2091 1926 fastigium,

525 1991 671 2037 tanto
696 1944 871 2033 studio
898 1969 1204 2030 exstruehat
1228 1978 1405 2020 arcam
1433 1999 1448 2029 ,
1479 1959 1607 2013 satis
1632 1969 1750 2011 esse
1774 1948 2002 2007 debebat
2028 1944 2095 1999 ad

527 2069 871 2140 injiciendum
917 2063 1185 2127 omnibus,
1228 2056 1420 2128 quibus
1469 2065 1619 2105 mens
1661 2053 1818 2109 erat,
1846 2052 2095 2110 angorem

529 2135 598 2219 etv
628 2159 983 2221 formidinem,
1027 2164 1083 2209 et
1124 2144 1543 2222 persuadendum
1573 2148 1631 2193 ut
1677 2135 1947 2205 placarent
1985 2137 2097 2222 tam

530 2258 861 2308 mansuetum
889 2255 941 2301 et
971 2216 1296 2303 vclemeutcm
1332 2230 1630 2289 Dominum.
1666 2223 1797 2279 Nam
1827 2220 1871 2278 si
1890 2216 2100 2275 barbari

531 2342 725 2415 illiti),
764 2337 1020 2395 Ninivitas
1039 2334 1157 2389 dico
1179 2371 1196 2399 ,
1222 2342 1355 2400 quos
1377 2326 1566 2380 iterum
1594 2320 1649 2373 in
1670 2314 1900 2374 medium
1939 2308 2104 2410 addu-

537 2399 665 2490 cere
686 2399 869 2501 'Opera:
896 2425 1121 2497 pretium
1150 2399 1251 2484 est,
1280 2426 1338 2472 ut
1358 2415 1515 2472 etiam
1545 2411 1645 2465 hac
1688 2407 1893 2461 ratione
1936 2399 2104 2470 magis

537 2493 931 2579 demonstretur
974 2524 1030 2571 et
1065 2513 1253 2568 horum
1298 2509 1485 2577 ingens
1532 2499 1749 2561 malitia,
1784 2503 1840 2551 et
1889 2493 2102 2548 illorum

539 2628 730 2685 magna
758 2610 1009 2682 probitas.
1051 2603 1258 2660 Etenim
1308 2596 1562 2653 Dominus
1598 2598 1778 2646 uoster
1811 2587 1864 2641 in
1899 2584 1988 2640 die
2016 2582 2108 2636 illo

539 2652 1008 2773 terribilitjudicii,
1043 2699 1278 2767 inquam,
1307 2702 1492 2747 servos
1516 2694 1570 2742 et
1588 2695 1771 2739 servos
1795 2680 1846 2734 in
1875 2675 2107 2732 medium
2210 2669 2392 2741 gnatio
2441 2674 2498 2721 et
2542 2662 2815 2734 pratdictio
2861 2658 3070 2715 Domini
3125 2657 3259 2711 facta
3312 2664 3414 2717 est,
3465 2652 3583 2707 Noe
3633 2652 3750 2703 iuisst

2059 2764 2072 2773 .
2514 2772 2519 2773 ,
2576 2757 2622 2773 ’μ
2648 2763 2907 2773 ,A__A._._._.._
2935 2767 2949 2773 -
2983 2747 3189 2773 -..-..,1Α
3215 2754 3392 2773 -..ιιι-η
3421 2742 3687 2773 ἷηιιιιιιιηηι
3706 2754 3749 2773 ηιξ

542 2742 762 2764 ιῦιιιυιιι
831 2742 1008 2763 υυιυιι,
1043 2742 1095 2752 --υ
1138 2742 1278 2758 ------ν
1307 2742 1385 2747 _‘_

537 2742 874 2872 pmdttceits,
921 2793 999 2849 sic
1044 2742 1536 2847 condemnationem
1580 2775 1846 2849 proferet,
1901 2764 2111 2841 quando
2213 2774 2471 2816 annorum
2501 2757 2949 2826 quingentorum:
2979 2747 3191 2820 quando
3215 2754 3394 2800 autem
3421 2742 3750 2797 inductumes

1747 2865 1760 2872 -
1789 2865 1802 2872 -
1981 2869 1989 2872 .
2072 2865 2111 2872 μ-
2222 2848 2464 2872 J91--..°_-_..
2511 2852 2877 2872 ---ηιηιυι-...ση
2951 2840 3020 2872 ἕνα
3051 2838 3463 2872 {nsnmmannsnl
3502 2831 3633 2872 anni
3660 2830 3750 2872 inm

560 2830 835 2856 tsvuuuzua
921 2830 999 2849 an.
1045 2830 1536 2847 ννι-υυ.........---,.--
1581 2830 1629 2849 Γ
1656 2830 1665 2832 τ
1714 2830 1717 2831 ,
1832 2830 1844 2838 ,
1918 2830 1935 2841 _

539 2830 977 2947 :nonstrabuntur
1024 2884 1057 2936 ii
1089 2880 1174 2951 qui
1218 2875 1402 2933 eadem
1450 2873 1588 2927 bona
1629 2865 1804 2925 sortiti
1846 2869 2019 2926 erant,
2060 2865 2115 2911 et
2214 2848 2487 2913 diluvium,
2511 2852 2878 2902 sescentorum
2951 2840 3022 2894 ita
3051 2838 3465 2892 intercesserunt
3502 2831 3633 2887 anni
3660 2830 3750 2883 inte

541 2920 966 2947 Ιιιυιιδιιιιυιιιιιυι
1024 2920 1057 2936 Il
1089 2920 1101 2933 ι
1126 2920 1174 2934 ιιι
1218 2920 1402 2933 ιρι-νιν...
1451 2920 1588 2927 ..-η-
1629 2920 1755 2925 ___,-
2004 2920 2015 2926 ⁷

541 2976 849 3035 earumdem
873 2920 1130 3030 bonorum
1158 2966 1438 3038 participes
1463 2976 1570 3017 non
1595 2956 1834 3015 eamdem
1850 2963 2112 3008 exercue-
2220 2941 2653 3014 prcedicationcm
2683 2945 2737 2992 et
2755 2933 3010 2990 diluvium
3041 2940 3253 2987 centum
3286 2943 3301 2979 :
3328 2935 3385 2982 et
3433 2927 3486 2981 in
3535 2925 3606 2979 iis
3644 2920 3750 2977 anni

2431 3033 2479 3038 “‘
2677 3029 2726 3038 ι·
2949 3025 2973 3038 ο
3168 3032 3179 3038 _
3238 3021 3270 3038 ιο
3313 3028 3354 3038 Α.
3388 3027 3662 3038 “L.A“__
3712 3014 3750 3038 'J

549 3080 669 3126 rant
712 3069 1007 3123 virtutem:
1044 3014 1190 3132 step;
1231 3014 1407 3112 autem
1458 3056 1617 3111 etiam
1658 3066 1723 3106 ex
1771 3043 2117 3117 inmqualibus
2221 3051 2287 3092 ne
2313 3033 2575 3090 tantillum
2604 3029 2814 3100 quidem
2845 3025 3207 3097 profecerunt,
3238 3021 3362 3075 licet
3387 3027 3666 3087 tantopere
3697 3014 3750 3067 du

2552 3121 2592 3132 “”
2896 3115 2919 3132 ¹⁵
2948 3114 3182 3132 ’ίμ⁹·λ-¹-
3244 3109 3346 3132 D-J
3394 3109 3624 3132 Α’--ι-ρ--
3655 3122 3749 3132 -..η

552 3156 979 3230 comparationes
1013 3109 1180 3219 facit:
1217 3157 1279 3205 ut
1321 3146 1578 3216 majorem
1622 3135 2117 3196 condemnationem
2219 3134 2468 3182 cerentur
2493 3137 2524 3177 a
2550 3121 2662 3176 Noe
2686 3133 2864 3174 arcam
2892 3114 3206 3170 fabricante.
3244 3109 3348 3166 Sed
3394 3109 3627 3163 fortasse
3651 3122 3750 3175 quat

1987 3229 1995 3230 ί
2288 3226 2296 3230 Α
2383 3214 2416 3230 ’³
2462 3211 2535 3230 λλθ-
2568 3212 2773 3230 -Αμ-ιη
2821 3221 2934 3230 --ω-
2992 3201 3186 3230 ιιε-ιι-ιι
3240 3199 3491 3230 numam:
3593 3196 3750 3230 nun-ﬂ,

556 3196 756 3323 59.3.53
782 3250 990 3307 inferat.
1030 3196 1360 3323 Quapropter
1386 3196 1442 3297 cl
1466 3240 1516 3295 in
1553 3232 1838 3304 Evangelio
1866 3229 2117 3286 dicebat:
2222 3226 2303 3271 ret
2351 3211 2539 3284 aliquis
2567 3226 2581 3263 :
2606 3212 2777 3323 Quare
2816 3221 2936 3261 cum
2990 3201 3190 3259 dixerit
3240 3199 3493 3254 Dominus
3526 3236 3544 3266 ,
3593 3196 3750 3253 Certim

1407 3320 1433 3323 ..
1476 3316 1486 3323 .
1900 3314 1921 3323 ..
2022 3314 2033 3323 .
2233 3301 2417 3323 ..:.__',-.:
2434 3298 2556 3323 -n...’
2572 3304 2715 3323 -......a
2782 3296 2855 3323 3-.
2872 3308 3047 3323 -..μευ-ρ
3069 3306 3083 3321 ο
3100 3291 3520 3323 cantamina-sila...-
3548 3304 3613 3323 an
3657 3298 3749 3323 lsnll

560 3291 1652 3391 aitNinivitwexs‘urgent'iujudtciocum
1681 3291 2133 3386 θ’ἓηεναιξοηειιαε,
2232 3298 2715 3374 vigintiannierunt
2743 3291 3520 3363 dieseorum;promiseritqne
3548 3304 3613 3345 se
3657 3298 3749 3339 tant

554 3434 601 3473 et
653 3416 1049 3475 condemnabuut
1097 3428 1242 3479 eam,
1282 3410 1403 3481 quia
1444 3381 1782 3480 pmnitattiam
1827 3413 2031 3479 egerunt
2076 3404 2129 3459 in
2232 3402 2471 3462 tempore
2506 3388 2783 3445 tolerantia
2824 3398 3063 3449 usurum,
3104 3390 3391 3450 antequam
3448 3381 3750 3452 immerenti:

558 3471 916 3579 prtedicatione
938 3504 1087 3559 Iona:
1107 3512 1187 3558 :et
1208 3471 1317 3557 ecce
1334 3471 1610 3571 plusquam
1627 3498 1789 3554 Jonas
1817 3471 1897 3552 hic
1918 3495 2128 3569 (Matth.
2232 3485 2357 3540 anni
2384 3479 2661 3553 promiSSi.
2689 3476 2991 3535 universale
3012 3473 3294 3529 introduc“
3307 3471 3618 3528 excidium?
3638 3471 3750 3525 Elia!

561 3564 650 3655 '12.
678 3597 984 3670 il):quasi
1034 3564 1513 3650 dicerctzBarbari
1555 3605 1778 3661 quorum
1822 3564 1962 3643 nulla
2004 3601 2133 3643 cura
2235 3574 2337 3630 hoc
2382 3573 2546 3643 ἱρείης
2571 3568 2868 3626 Clementia!
2916 3564 3202 3621 maximum
3234 3571 3320 3617 est
3354 3571 3750 3633 argumentum

558 3653 961 3759 estltablita,‘qui
994 3685 1365 3756 prophetarum
1387 3653 1680 3738 doctrinam
1701 3694 1807 3735 non
1830 3678 2130 3742 audierunt,
2235 3664 2509 3721 indicium.
2543 3661 2673 3717 Nam
2699 3658 2948 3731 quoniam
2986 3655 3119 3710 Vidit
3164 3653 3399 3725 quotidie
3449 3653 3750 3709 incnnbﬂitt

561 3781 652 3852 qui
677 3780 824 3851 signa
850 3743 955 3832 non
982 3743 1246 3841 viderunt,
1274 3773 1359 3844 qui
1381 3770 1632 3828 miracula
1660 3785 1763 3825 non
1789 3777 2131 3839 spectarunt,
2238 3760 2358 3814 illos
2385 3770 2623 3828 peccare,
2649 3762 2705 3808 et
2736 3766 2841 3806 non
2890 3749 3061 3804 solum
3104 3746 3234 3801 nihil
3261 3761 3329 3801 ex
3376 3746 3639 3802 iueﬂ'abili
3676 3743 3750 3799 toil

2236 3848 2406 3905 rantia
2459 3860 2553 3901 sua
2605 3842 2884 3914 proiicere,
2933 3838 3030 3895 sed
3081 3846 3138 3893 et
3184 3835 3565 3893 incrudescere
3613 3835 3750 3892 aloen

2240 3949 2519 4010 propterea
2546 3933 2771 3991 succidit
2788 3936 3099 4001 tempus,ut
3116 3941 3186 3983 ne
3210 3925 3397 3997 majori
3423 3924 3750 3993 scilicetpes

2234 4045 2301 4087 se
2326 4028 2586 4085 obnoxios
2611 4025 2866 4081 facerent.
2898 4021 2968 4075 Et
2990 4034 3109 4091 qua:
3126 4059 3143 4086 ,
3163 4018 3306 4073 dicet
3332 4016 3551 4085 aliquis,
3579 4014 3678 4069 hac
3700 4027 3750 4066 nr

2238 4121 2326 4191 jor
2344 4126 2488 4176 esset
2507 4114 2699 4188 poma?
2720 4115 2815 4170 Est
2842 4112 3017 4182 plane,
3044 4118 3161 4175 est,
3183 4106 3377 4163 dilecte
3392 4145 3408 4170 ,
3438 4119 3604 4177 ptena
3633 4113 3685 4159 et
3703 4119 3750 4155 ut

2239 4213 2347 4284 jor,
2373 4222 2428 4267 et
2453 4207 2756 4272 terribilior,
2782 4212 2838 4260 et
2862 4210 3137 4271 perpetua,
3164 4211 3359 4267 nempe
3390 4212 3513 4267 qua:
3554 4196 3612 4248 in
3650 4192 3749 4247 fetu

2245 4304 2466 4362 saeculo.
2495 4300 2719 4368 Quidam
2772 4297 2914 4352 enim
2941 4292 3149 4349 etiamsi
3192 4291 3278 4345 hic
3319 4303 3531 4360 partam
3578 4285 3750 4341 subeat

2246 4398 2357 4454 illic
2380 4404 2557 4452 tamen
2615 4407 2723 4447 non
2746 4387 3004 4459 etl‘ugiunt
3032 4426 3050 4452 ,
3078 4383 3175 4440 sed
3219 4381 3470 4438 leviorem
3512 4379 3750 4437 Sortienlt

2247 4490 2318 4543 ob
2335 4502 2452 4543 eam
2481 4499 2639 4555 quam
2659 4482 2745 4537 hic
2760 4480 2994 4535 tulerunt
3008 4473 3421 4545 magnitudinem
3438 4470 3750 4540 supplicium

2250 4582 2375 4638 hinc
2400 4581 2713 4641 minuentes.
2742 4572 2880 4630 Audi
2906 4571 3173 4626 Christum
3193 4568 3480 4629 dicentem,
3502 4574 3563 4620 et
3582 4565 3750 4618 miser:

2252 4677 2530 4727 vocantem
2576 4663 2854 4722 Bethsaida
2885 4680 2899 4717 :
2936 4660 3024 4717 Vat
3054 4659 3175 4726 tibi,
3198 4657 3484 4722 Cltorazim,
3524 4656 3715 4724 inquit,
3748 4690 3749 4701 χ

2253 4763 2361 4826 tibi,
2389 4759 2661 4815 Betltsaida
2681 4772 2701 4811 :
2724 4754 2841 4826 quia
2858 4753 2904 4807 si
2930 4752 2983 4805 in
3011 4749 3250 4806 Sodomis
3269 4750 3418 4818 facta:
3441 4756 3611 4800 essent
3636 4747 3750 4797 cina

2254 4851 2359 4905 illa:
2384 4862 2495 4920 qua!
2528 4850 2676 4916 {ttch
2713 4843 2903 4898 suntin
2952 4841 3105 4904 vobis,
3135 4839 3256 4892 olim
3300 4837 3355 4889 in
3383 4851 3531 4890 sacco
3576 4847 3625 4888 et
3677 4835 3749 4885 an

2257 4940 2596 5010 paenitentiam
2619 4936 2850 5006 egissent.
2893 4931 3019 4985 Ideo
3048 4930 3162 4983 dico
3204 4927 3343 4982 vobis
3370 4927 3489 4997 quia
3528 4923 3750 4991 tolerabit

2257 5034 2351 5088 erit
2393 5042 2538 5085 terra?
2584 5028 2922 5084 Sodomorum
2969 5033 3014 5077 et
3067 5020 3362 5075 Gomorrlta:
3408 5019 3463 5070 in
3504 5018 3593 5070 die
3638 5017 3750 5087 indu

2259 5140 2409 5191 quam
2452 5121 2587 5175 vobis
2636 5117 2849 5188 (Matth.
2899 5115 2983 5169 Η.
3036 5113 3127 5167 21.
3174 5109 3284 5175 22;
3327 5106 3742 5163 Luc.10.l3.l

2264 5217 2445 5281 Vides,
2472 5213 2687 5276 dilecte,
2715 5207 2980 5279 quomodo
3004 5220 3123 5266 cum
3151 5204 3318 5269 dicit,
3343 5200 3682 5256 Tolerabilius
3707 5214 3749 5249 er

2261 5306 2495 5363 ostendit
2522 5302 2754 5360 eoslicet
2779 5310 2979 5355 tantam
3007 5298 3093 5352 hic
3134 5309 3346 5366 prunam
3379 5292 3651 5356 dederint,
3680 5301 3728 5345 et

2262 5398 2507 5454 cendium
2550 5394 2675 5450 illud
2702 5406 2895 5448 novum
2924 5399 2978 5444 et
3010 5402 3187 5443 rarum
3215 5386 3434 5441 tu‘erint
3453 5426 3468 5450 ,
3500 5384 3612 5437 illic
3639 5394 3750 5451 quot

2265 5506 2473 5563 poenam
2496 5490 2697 5543 laturos
2726 5499 2865 5547 esse,
2900 5489 3267 5538 verumtamen
3286 5477 3536 5532 leviorem
3560 5517 3576 5537 ,
3613 5491 3683 5529 eo
3707 5488 3750 5543 qt

2263 5578 2522 5654 priushic
2543 5589 2739 5635 tantam
2776 5574 2978 5647 experti
3007 5572 3107 5628 sint
3138 5568 3593 5641 indignationem?
3638 5566 3711 5619 Ne
3748 5564 3749 5575 ‘

2196 1584 2352 1639 quam
2390 1566 2647 1622 laboriosa
2694 1565 2900 1618 illorum
2947 1561 3306 1629 resipisccntia
3334 1557 3617 1615 :Ninivita:
3650 1557 3747 1627 qui.

2194 1660 2316 1717 dem
2343 1659 2395 1714 in
2435 1658 2667 1713 triduum
2706 1654 2978 1721 coarctati,
3006 1666 3179 1722 neque
3227 1652 3306 1705 sic
3355 1651 3423 1704 de
3471 1650 3640 1703 salute
3674 1660 3749 1700 sua

2194 1753 2561 1822 deSperaruut,
2584 1748 2677 1804 sed
2692 1747 2755 1801 ad
2780 1744 3140 1817 pmniteutiam
3164 1750 3530 1812 properantes,
3562 1749 3749 1809 peccata

2198 1847 2493 1908 abluerunt,
2523 1842 2987 1908 misericordiaque
3018 1837 3222 1891 Domini
3249 1850 3371 1890 sese
3408 1833 3602 1904 dignos
3626 1832 3750 1885 exhi-

2200 1940 2429 1994 buerunt
2458 1955 2469 1990 :
2503 1936 2587 1991 isti
2615 1944 2793 1989 autem
2820 1974 2833 1996 ,
2858 1932 2923 1986 de
2952 1930 3141 2000 quibus
3167 1942 3306 1983 nunc
3334 1941 3545 1991 sermo,
3572 1935 3750 1991 tempus

2200 2041 2412 2088 centum
2444 2040 2497 2085 et
2524 2025 2705 2098 viginti
2744 2038 3002 2079 annorum
3051 2021 3115 2076 ad
3148 2019 3514 2091 paenitentiam
3558 2031 3750 2084 accere.

2202 2132 2345 2187 rant,
2366 2137 2537 2192 neque
2564 2117 2759 2187 aliquid
2789 2116 2912 2171 inde
2939 2113 3329 2169 lucrifacerunt.
3358 2107 3592 2164 Proinde
3611 2108 3750 2160 Donn-

2204 2228 2306 2269 nus
2328 2211 2513 2267 videns
2534 2211 2585 2265 in
2616 2206 2832 2263 multam
2861 2205 2978 2259 illos
2997 2202 3257 2257 excidisse
3292 2198 3615 2267 nequitiam,
3641 2196 3750 2251 celei

2207 2322 2319 2362 rem
2342 2303 2471 2374 ipsis
2496 2301 2695 2356 inducit
2728 2296 3109 2353 correctionem
3132 2332 3147 2356 ,
3172 2291 3452 2358 aboletque
3470 2299 3521 2342 et
3558 2303 3590 2341 e
3610 2286 3750 2338 medii.

2209 2395 2353 2452 tollit
2378 2392 2504 2448 mali
2549 2404 2734 2446 eorum
2783 2385 3030 2443 fermenti
3083 2381 3291 2437 vitium.
3320 2379 3443 2434 Ideo
3470 2378 3642 2433 dicit:
3674 2377 3750 2429 Nat

2209 2496 2377 2541 autem
2422 2490 2530 2538 erat
2572 2494 2821 2535 annorum
2864 2484 3241 2538 sexcentarum,
3268 2481 3314 2525 et
3352 2471 3601 2524 diluvium
3644 2478 3750 2535 aqua

2211 2581 2398 2651 factum
2417 2584 2488 2629 est
2515 2587 2669 2643 super
2687 2582 2892 2625 terram.
2921 2566 3037 2621 1am
3063 2564 3345 2620 didicimus
3368 2602 3383 2625 ,
3409 2559 3626 2631 quando
3650 2558 3750 2611 india

562 3870 659 3927 sed
679 3869 874 3925 auditis
902 3877 1103 3923 tantum
1133 3866 1287 3921 unius
1309 3863 1538 3920 hominis
1558 3862 1610 3917 in
1639 3859 1915 3931 naufragio
1940 3856 2137 3914 servati

562 3962 740 4017 verbis
758 4002 773 4024 ,
801 3976 921 4030 quae
968 3973 1090 4026 eos,
1115 3971 1358 4027 magnam
1385 3952 1804 4025 desperationem
1846 3948 2135 4015 afferenda,

563 4051 771 4105 consilii
804 4052 988 4118 inopes
1005 4048 1178 4102 facere
1204 4054 1466 4117 poterant,
1488 4046 1557 4099 ita
1578 4052 1637 4099 ut
1650 4044 1810 4099 etiam
1829 4050 2140 4098 contemne—

567 4153 687 4199 rent
732 4158 851 4213 qua:
905 4141 1235 4204 dicebantur,
1266 4154 1371 4193 non
1420 4138 1593 4193 solum
1632 4151 1736 4193 non
1789 4134 2143 4206 deSpexerunt

568 4234 843 4305 propheta:
866 4231 1050 4296 verba,
1081 4231 1173 4286 sed
1224 4238 1279 4286 et
1331 4230 1384 4284 in
1435 4230 1593 4285 trium
1644 4227 1852 4285 dierum
1903 4228 2142 4298 angustia

569 4324 911 4396 deprehensi,
941 4334 1048 4378 tam
1094 4322 1401 4393 diligentem
1427 4331 1483 4376 et
1519 4319 1808 4376 studiosam
1832 4316 2005 4374 fecere
2030 4333 2144 4389 pte-

572 4416 869 4480 nitentiam,
898 4422 1033 4470 utet
1083 4413 1398 4470 sententiam
1444 4410 1653 4467 Domini
1699 4418 2028 4466 revocarent.
2078 4408 2144 4464 Ili

571 4508 750 4579 igitur,
800 4507 1003 4577 inquit,
1053 4505 1480 4562 condemnabuut
1524 4504 1919 4575 generationem
1970 4502 2142 4569 hanc,

569 4600 710 4654 circa
738 4613 895 4669 quam
928 4607 1070 4653 tanta
1095 4613 1220 4653 cura
1251 4596 1757 4666 fuitadhibita,qu:e
1774 4594 2145 4665 prophetarum

573 4691 724 4746 libris
752 4690 979 4745 enutrita
1018 4698 1118 4756 est,
1149 4705 1268 4760 qua:
1314 4689 1463 4759 signa
1514 4696 1569 4743 et
1613 4686 1865 4741 miracula
1914 4683 2149 4755 quotidie

574 4784 854 4854 Spectavit.
898 4783 1096 4837 Deinde
1117 4793 1174 4836 ut
1198 4791 1250 4837 et
1279 4781 1497 4836 istorum
1521 4793 1763 4849 magnam
1809 4776 2150 4832 incredulita-

576 4876 644 4929 tis
670 4873 1011 4929 eminentiam
1042 4872 1380 4933 ostenderet,
1410 4874 1569 4925 etiam
1597 4870 1805 4924 illorum
1834 4866 2150 4922 ineffabilem

581 4966 894 5035 probitatem
922 4964 1103 5019 subdit
1131 4980 1145 5018 :
1177 4963 1307 5027 Quia
1337 4961 1674 5032 penitentiam
1703 4968 1906 5030 egerunt
1929 4958 1998 5011 ad
2023 4972 2153 5024 pra:-

581 5058 880 5112 dicationcm
907 5055 1055 5110 J0me
1081 5097 1097 5123 ,
1124 5064 1168 5109 et
1196 5071 1305 5108 ecce
1333 5053 1446 5124 plus
1475 5068 1625 5123 quant
1652 5049 1811 5104 Jonas
1844 5050 1915 5103 hic
1955 5065 1972 5102 :
1998 5049 2151 5104 Nini-

640 5238 713 5300 (a)
746 5236 861 5286 Vide
883 5249 992 5299 quae
1015 5235 1238 5297 superius
1257 5233 1466 5282 diximus
1494 5229 1585 5280 col.
1610 5228 1717 5290 190,
1741 5231 1865 5279 circa
1908 5228 2016 5278 illos
2037 5242 2155 5277 cen-

581 5305 685 5347 tum
710 5299 875 5359 viginti
901 5310 1065 5346 annos.

642 5360 714 5420 (b)
745 5349 1020 5407 (irationem
1042 5356 1169 5406 solet
1189 5356 1547 5420 Chrysostomus
1565 5352 1851 5420 frequenter
1870 5349 2153 5413 interpella-

580 5415 659 5475 re,
672 5415 729 5468 ac
750 5432 1104 5480 nonnumquam
1127 5426 1221 5466 tam
1244 5415 1413 5480 longas
1436 5416 1615 5480 inducit
1631 5415 1968 5480 parentheses,
1994 5419 2047 5461 ut
2069 5426 2157 5461 stc-

579 5494 644 5549 pe
666 5481 889 5528 videatur
910 5475 1083 5551 prioris
1104 5480 1252 5551 serici
1276 5475 1454 5551 oblitus
1464 5491 1483 5551 ξ
1500 5475 1847 5548 sedu’escioan
1861 5476 2047 5544 usltiatn
2061 5487 2158 5551 tua-

578 5534 735 5610 jorem
752 5554 894 5600 quam
914 5534 995 5588 hic
1013 5540 1326 5600 parenthesin
1351 5540 1623 5589 adhibuerit
1647 5552 1658 5585 :
1682 5538 1902 5600 paginam
1929 5536 2056 5584 enim
2080 5534 2158 5583 illa

581 5613 685 5661 fere
708 5612 949 5671 integram
971 5610 1187 5675 QCCUpal.
