3760 6258
320 265 423 322 22!

328 381 706 454 ἁμαρτήματα
767 378 1014 452 μείζονος
1065 378 1337 450 τιμωρίας
1390 379 1615 444 ἑαυτοὺς
1659 377 1995 441 ὑπευθύνους

329 469 769 541 καταστήσωσιν,
814 467 892 529 ὡς
940 466 1142 536 ἀγαθὸς
1181 466 1277 519 καὶ
1317 463 1696 539 φιλάνθρωπος
1725 465 2001 535 Δεσπότης

330 557 473 629 ὁρῶν
503 554 684 610 αὐτῶν
730 554 791 608 τὸ
828 553 1220 626 ἀμετανόητον,
1252 552 1311 607 ὂν
1343 552 1611 623 ὑπέσχετο
1644 550 2003 625 μακροθυμή-

318 665 468 709 ’σειν,
498 645 689 717 χρόνον
724 642 1033 713 συνέτεμεν.
1060 640 1394 712 ’Ὠσπεργὰρ
1421 642 1514 694 ἐπὶ
1538 640 1647 694 τῶν
1667 640 1767 712 τὴν
1795 639 2000 692 οἰκείαν

330 734 748 806 εὐγνωμοσύνην
781 730 1233 801 ἐπιδεικνυμένων
1262 728 1351 783 διὰ
1384 728 1483 801 τὴν
1510 727 1819 799 προσοῦσαν
1852 727 2001 797 αὐτῷ

332 822 646 893 ἀγαθότητα
682 819 1033 875 ἀνακαλεῖται
1062 818 1161 881 τὰς
1191 817 1323 889 παρ’
1355 816 1520 871 αὐτοῦ
1550 814 1874 885 ἀποφάσεις,
1905 815 2001 868 καὶ

334 905 837 980 μεταϐαλλομένους
868 903 1171 979 προσίεται,
1198 903 1291 955 καὶ
1322 902 1423 972 τῆς
1448 899 1801 971 ἐπικειμένης
1827 896 2003 951 ἀπαλ-

332 996 515 1050 λάττει
562 994 832 1067 τιμωρίας
854 1010 867 1024 ·
919 990 1061 1045 οὕτω
1094 990 1255 1045 πάλιν
1280 988 1499 1042 ἐπειδάν
1541 985 1999 1057 ἐπαγγέλληταιῆ

330 1084 514 1155 ἀγαθά
539 1100 661 1137 τινα
687 1081 965 1152 παρέξειν,
1013 1079 1046 1150 ἢ
1099 1077 1439 1149 προθεσμίαν
1469 1075 1778 1147 μετανοίας,
1821 1075 1910 1146 ἴδῃ
1946 1074 2001 1127 δὲ

330 1172 582 1239 ἀναξίους
623 1170 935 1241 γεγονότας,
968 1168 1062 1221 καὶ
1100 1166 1221 1220 τότε
1259 1165 1420 1220 πάλιν
1447 1163 1797 1219 ἀνακαλεῖται
1836 1159 1999 1216 αὐτοῦ

328 1262 429 1328 τὰς
458 1260 797 1329 ὑποσχέσεις.
828 1257 925 1310 Διά
944 1254 1102 1309 τοῦτο
1124 1254 1219 1308 καὶ
1261 1252 1351 1307 διά
1381 1252 1475 1307 τοῦ
1493 1252 1769 1323 προφήτου
1803 1248 1956 1318 ἔλεγε
1980 1264 1997 1280 ’

329 1350 523 1419 Πέρας
540 1348 794 1414 λαλήσω
811 1345 907 1399 ἐπὶ
921 1344 1085 1411 ἔθνη,
1105 1342 1201 1397 καί
1221 1342 1316 1395 ἐπὶ
1335 1340 1682 1406 βασιλείας,
1696 1338 1802 1393 τοῦ
1815 1339 2002 1393 ἀπολ-

329 1440 501 1494 λύειν
557 1437 655 1491 καί
714 1429 1160 1489 κατασκάπτειν
1182 1446 1197 1461 ·
1252 1428 1351 1483 καί
1393 1428 1503 1483 ἐὰν
1548 1425 1998 1496 μετανοήσωσι,

327 1525 682 1599 μετανοήσει)
712 1521 874 1593 κάγὼ
915 1521 1007 1590 ἐφ’
1047 1517 1138 1586 οἷς
1183 1517 1461 1585 ἐλάλησα
1482 1514 1731 1584 ποιῆσαι
1759 1514 1963 1581 αὐτοῖς
1983 1529 1999 1545 ο

328 1617 426 1670 καὶ
451 1614 631 1676 πάλιν,
652 1612 843 1679 Πέρας
866 1607 1120 1675 λαλήσω
1133 1605 1231 1659 ἐπὶ
1255 1604 1400 1672 ἔθνη
1423 1602 1524 1657 καί
1540 1601 1639 1655 ἐπὶ
1653 1600 2000 1667 βασιλείας,

330 1703 436 1759 τοῦ
492 1697 937 1767 ἀνοικοδομεῖν⁸
980 1694 1079 1749 καὶ
1125 1693 1235 1747 ἐὰν
1270 1690 1594 1761 ἁμάρτωσι,
1642 1688 2000 1758 μετανοήσω

330 1792 496 1853 κάγὼ
520 1790 612 1858 ἐφ’
639 1782 730 1853 οἷς
752 1784 1031 1849 ἐλάλησα
1046 1779 1296 1849 ποιῆσαι
1318 1777 1543 1844 αὐτοῖς.
1566 1770 1717 1840 Εἶδες
1732 1775 1851 1839 πῶς
1871 1776 2000 1846 παρ’

327 1879 487 1951 ἡμῶν
514 1877 611 1941 τὰς
661 1873 915 1945 ἀφορμάς
946 1870 1215 1943 λαμϐάνει
1237 1868 1332 1922 καὶ
1360 1866 1460 1936 τῆς
1488 1865 1899 1936 φιλανθρωπίας
1932 1865 2001 1936 ἢν

330 1950 460 2039 περὶ
512 1965 658 2036 ἡμᾶς
707 1961 1093 2021 ἐπιδείκνυται,
1143 1956 1238 2011 καὶ
1275 1958 1374 2026 τῆς
1413 1954 1870 2023 ἀγανακτήσεως;
1906 1950 2004 2005 Διά

327 2074 411 2111 ⁴ιὀι
438 2054 594 2109 τοῦτο
620 2052 715 2107 καὶ
755 2052 848 2105 νῦν
874 2049 1060 2120 ἐπειδὴ
1094 2048 1194 2100 οὐκ
1235 2046 1315 2109 είς
1341 2043 1460 2098 δέον
1487 2044 1785 2115 ἐχρήσαντο
1811 2043 1876 2112 τῇ
1907 2040 2002 2094 τοῦ

328 2144 521 2216 χρόνου
559 2140 886 2211 παρατάσει,
913 2138 1198 2206 συντέμνει
1230 2133 1322 2187 τὸν
1351 2132 1563 2203 καιρόν.
1594 2130 1693 2184 Διά
1724 2129 1881 2183 τοῦτο
1909 2128 2005 2182 καὶ

328 2236 358 2285 6
400 2231 667 2302 μακάριος
702 2227 912 2290 Παῦλος
941 2224 1096 2293 ἔλεγε
1128 2222 1267 2293 πρὸς
1294 2221 1420 2283 τούς
1450 2217 1770 2289 ἀναλγήτως
1799 2219 2003 2272 διακει-

336 2320 551 2391 μένους,
579 2316 676 2369 καὶ
703 2315 802 2384 τὴν
838 2312 927 2367 διά
965 2312 1063 2382 τῆς
1100 2308 1386 2381 μετανοίας
1420 2306 1709 2376 δεδομένην
1737 2307 1869 2376 ἡμῖν
1900 2322 2005 2357 σω-

332 2407 525 2480 τηρίαν
562 2404 622 2458 οὐ
656 2400 1150 2474 προσιεμένους.Ἢ
1175 2396 1283 2450 τοῦ
1313 2395 1581 2449 πλούτου
1612 2392 1723 2463 τῆς
1752 2391 2004 2462 χρηστό-

335 2479 512 2563 τητος
538 2490 749 2554 αὑτοῦ,
776 2486 1003 2555 καὶτῆς
1039 2484 1292 2555 ἀνοχῆς,
1322 2481 1419 2537 καί
1449 2480 1559 2550 τῆς
1591 2479 2006 2551 μακροθυμίας

335 2579 747 2652 καταφρονεῖς,
796 2575 1052 2647 ἀγνοῶν,
1083 2573 1173 2627 ὅτι
1202 2571 1267 2626 τὸ
1302 2570 1571 2640 χρηστὸν
1591 2568 1696 2623 τοῦ
1739 2567 1886 2623 Θεοῦ
1917 2570 2006 2633 εἰς

329 2668 652 2742 μετάνοιάν
684 2682 760 2721 σε
786 2665 911 2734 ἄγει
935 2679 955 2728 ;
982 2660 1141 2717 Κατὰ
1174 2658 1243 2714 δὲ
1292 2657 1406 2725 τὴν
1452 2654 1833 2742 σκληρότητά
1887 2669 2005 2708 σου

334 2741 431 2813 καὶ
461 2755 868 2826 ἀμετανόητον
886 2750 1140 2819 καρδίαν
1162 2743 1537 2815 θησαυρίζεις
1570 2741 1805 2808 σεαυτῷ
1820 2742 2008 2811 ὀργὴν

332 2849 403 2902 ὲν
431 2848 617 2916 ἡμέρᾳ
638 2842 820 2913 ὀργῆς
846 2841 943 2896 καὶ
983 2837 1425 2905 ἀποκαλύψεως
1452 2830 2007 2916 καίῌδικαιοκρισίας

333 2935 440 2990 τοῦ
633 2949 651 2996 ;
670 2912 839 2995 Εἶδες
865 2928 980 2992 πῶς
1014 2926 1108 2981 καὶ
1132 2927 1159 2979 6
1187 2923 1491 2994 θαυμάσιος
1514 2912 1670 2982 οὗτος
1700 2917 1802 2987 τῆς
1832 2918 2009 2970 οἰκου-

339 3026 508 3098 μένης
532 3020 848 3082 διδάσκαλος
892 3016 1080 3086 σαφῶς
1111 3015 1261 3085 ἡμᾶς
1293 3010 1569 3077 ἐδίδαξεν,
1604 3010 1686 3064 ὅτι
1724 3010 1775 3061 οἱ
1804 3010 1870 3078 τῇ
1905 3024 2009 3078 μα-

336 3112 611 3185 κροθυμίᾳ
640 3108 733 3163 τοῦ
789 3106 925 3161 Θεοῦ
953 3106 1020 3175 τῇ
1067 3102 1201 3175 πρὸς
1235 3101 1525 3173 μετάνοιαν
1554 3101 1691 3170 ἡμῖν
1734 3113 2009 3185 παρασχε-

338 3181 492 3273 θείσῃ
516 3181 611 3271 μὴ
664 3195 938 3269 χρώμενοι
972 3194 1051 3256 είς
1084 3191 1226 3255 δέον,
1259 3188 1463 3260 μείζονι
1494 3187 1616 3258 δίκῃ
1654 3185 1747 3240 καὶ
1770 3181 2011 3255 τιμωρία

338 3290 566 3352 ἑαυτοὺς
602 3270 947 3346 γύπευθύνους
1000 3279 1333 3341 καθιστῶσι;
1388 3277 1488 3329 Διά
1531 3274 1690 3329 τοῦτο
1722 3272 1816 3326 καὶ
1860 3270 1956 3325 νῦν
1984 3271 2013 3324 6

339 3375 718 3448 φιλάνθρωπος
735 3372 867 3435 Θεὸς
892 3366 1172 3441 μονονουχὶ
1200 3363 1656 3434 ἀπολογούμενος,
1676 3361 1771 3414 καὶ
1800 3358 2013 3448 δεικνὺς

338 3445 437 3537 τὴν
467 3445 668 3523 αἰτίαν,
699 3460 766 3513 δι’
805 3460 872 3529 ήν
906 3455 1012 3527 πρὸ
1040 3455 1139 3526 τῆς
1170 3453 1280 3507 τῶν
1323 3450 1531 3523 καιρῶν
1566 3445 2013 3521 συμπληρώσεως

340 3533 589 3623 ἐπήγαγε
630 3548 722 3603 τὸν
772 3543 1190 3613 κατακλυσμὸν,
1232 3538 1654 3609 ἐπισημαίνεται
1714 3537 1846 3623 ἡμῖν
1904 3533 2013 3623 τῶν

296 3614 474 3695 ἐτῶεὲ
531 3614 625 3692 τοῦ
670 3634 879 3689 δικαίου
931 3631 1022 3686 τὸν
1061 3629 1312 3703 ἀριθμὸν.
1360 3625 1453 3681 καί
1488 3640 1656 3696 φησιο
1690 3622 1819 3678 Νῶε
1846 3620 1914 3674 δὲ
1934 3614 2015 3691 ἦν

338 3730 489 3785 ἐτῶν
514 3725 867 3794 ἑξακοσίων.
906 3723 969 3775 Οί
1000 3720 1107 3792 γάρ
1144 3719 1202 3772 ἐν
1230 3719 1341 3779 τοῖς
1378 3714 1574 3768 ἐκατὸν
1608 3711 1751 3766 ἔτεσι
1773 3709 2013 3782 μεταϐα-

340 3819 527 3874 λέσθαι
558 3815 633 3888 μὴ
687 3810 1058 3885 βουληθέντες,
1089 3806 1142 3860 τί
1167 3805 1327 3860 πλέον
1351 3804 1415 3858 ἂν
1446 3801 1742 3888 ἐκέρδανον
1769 3799 1878 3888 ἀπὸ
1904 3798 2013 3852 τῶν

341 3905 514 3958 εἴκοσι
534 3884 694 3962 ἐτῶν,
721 3900 755 3971 ἢ
786 3897 847 3951 τὸ
876 3895 1098 3950 πλείονα
1116 3892 1216 3965 τὴν
1236 3891 1556 3964 προσθήκην
1586 3884 1923 3960 ἐργάσασθαι
1952 3896 2010 3949 a;

342 3990 567 4055 Δεικνὺς
600 3987 709 4060 γὰρ
740 3984 904 4041 αὐτοῦ
935 3983 1032 4053 τῆς
1063 3980 1270 4051 ἀφάτου
1305 3977 1454 4050 [254]
1486 3971 1894 4047 φιλανθρωπίας
1920 3972 2014 4060 καὶ

344 4057 799 4151 ἀγαθότητοςζτὴν
826 4069 1155 4142 ὑπερϐολὴν,
1182 4067 1273 4121 καὶ
1297 4065 1405 4135 πρὸ
1429 4063 1566 4118 ἐπτὰ
1588 4060 1809 4133 ἡμερῶν
1844 4057 2014 4130 μηνῦ-

347 4188 438 4223 σαι
465 4168 649 4229 αὐτοῖς
679 4150 778 4233 τὴν
809 4158 1103 4229 ἐπαγωγὴν
1132 4156 1227 4211 τοῦ
1259 4152 1645 4225 κατακλυσμοῦ
1676 4152 1735 4205 οὐ
1765 4150 2016 4223 παρῃτή-

348 4275 497 4321 σατο,
513 4256 602 4309 ἵνα
624 4250 724 4307 κᾶν
745 4252 809 4320 τῇ
831 4245 1161 4319 στενοχωρία
1181 4243 1275 4300 τοῦ
1302 4242 1495 4314 καιροῦ
1522 4240 1881 4303 συσταλέντες
1896 4238 2017 4293 τινὰ

351 4341 653 4414 μεταϐολὴν
690 4338 1083 4404 ἐπιδείξωνται.

418 4457 488 4520 γ’.
522 4449 630 4503 Καὶ
668 4448 769 4517 ὅρα
808 4440 1216 4517 φιλανθρωπίαν
1253 4437 1554 4498 Δεσπότου.
1598 4438 1715 4502 πῶς
1748 4437 2019 4509 διαφόρως

350 4538 598 4603 καθάπερ
646 4534 825 4603 ἰατρὸς
879 4531 1098 4603 ἄριστος
1130 4528 1464 4601 μεθώδευσεν
1487 4525 1667 4581 αὐτῶν
1704 4524 1800 4598 τὴν
1842 4525 2015 4581 νόσον.

361 4625 581 4696 Ἐπειδὴ
635 4621 745 4693 γὰρ
792 4619 984 4675 ἀνίατα
1020 4615 1088 4690 ἦν
1122 4616 1303 4672 αὐτῶν
1331 4617 1399 4671 τὰ
1431 4613 1740 4688 τραύματα,
1767 4613 2019 4668 τοσοῦτον

352 4717 526 4789 μῆκος
576 4712 759 4773 αὐτοῖς
811 4706 1150 4781 προθεσμίας
1203 4704 1529 4776 παρέσχετο,
1571 4703 1890 4775 βουλόμενος
1918 4701 2019 4755 κᾶν

348 4787 439 4860 διὰ
470 4801 563 4856 τοῦ
592 4797 828 4870 πλήθους
861 4796 954 4850 τοῦ
982 4795 1171 4865 χρόνου
1214 4795 1293 4857 είς
1326 4790 1580 4860 αἴσθησιν
1610 4791 1805 4853 αὐτοὺς
1834 4787 2019 4843 ἐλθόν-

348 4911 449 4957 τας
476 4887 911 4948 ἀνακαλέσασθαι
962 4882 1127 4939 αὐτοῦ
1164 4883 1261 4952 τῆς
1300 4882 1722 4950 ἀγανακτήσεως
1753 4879 1852 4951 τὴν
1885 4879 2021 4933 ἀπό-

351 4998 534 5054 φασιν.
566 4979 727 5042 Ἐθος
751 4976 859 5047 γὰρ
909 4971 1058 5044 αὐτῷ
1108 4972 1214 5037 ἀεὶ,
1248 4968 1434 5040 ἐπειδὴ
1477 4967 1700 5039 κήδεται
1725 4967 1823 5037 τῆς
1854 4984 2019 5032 σωτησ

354 5070 476 5142 ρίας
504 5068 602 5138 τῆς
636 5064 932 5137 ἡμετέρας,
967 5058 1251 5132 προλέγειν
1290 5056 1357 5120 ἃς
1390 5054 1569 5126 μέλλει
1604 5054 1828 5142 ἐπάγειν
1854 5071 2019 5125 τιμω-

354 5141 496 5231 ρίας,
524 5155 611 5209 διὰ
640 5153 796 5207 τοῦτο
832 5150 1012 5222 μόνον,
1055 5148 1147 5231 ἴνα
1178 5145 1252 5217 μὴ
1282 5142 1537 5213 ἐπαγάγῃ
1559 5158 1573 5174 ⁸
1603 5141 1679 5205 ὡς
1723 5141 1778 5194 εῐ
1815 5157 1879 5210 γε
1928 5143 2020 5194 ἐπ-

354 5228 580 5315 αγαγεῖν
612 5240 879 5303 ἐϐούλετο,
899 5238 999 5291 οὐκ
1019 5236 1083 5289 ἀν
1110 5230 1261 5288 εἶπεν
1285 5248 1299 5263 ·
1326 5231 1442 5286 ἀλλ’
1471 5230 1723 5299 ἐπίτηδες
1748 5228 2021 5301 προλέγει,

356 5333 445 5387 ἴνα
471 5332 633 5403 ἡμεῖς
665 5327 947 5399 μαθόντες,
980 5324 1073 5378 καὶ
1099 5322 1178 5393 τῷ
1203 5320 1353 5391 φόϐῳ
1376 5315 1837 5390 σωφρονισθέντες
1861 5332 2023 5403 μετα-

358 5402 608 5488 ϐάλωμεν
669 5412 834 5467 αὐτοῦ
884 5411 982 5482 τὴν
1020 5409 1415 5479 ἀγανάκτησιν,
1450 5405 1545 5460 καὶ
1582 5405 1680 5468 τὰς
1722 5402 2025 5471 ἀποφάσεις

358 5504 523 5561 αὐτοῦ
548 5503 786 5573 ἀκύρους
817 5498 1270 5569 καταστήσωμεν.
1321 5494 1489 5549 Οὐδὲν
1508 5491 1620 5564 γὰρ
1662 5489 1838 5554 οὕτως
1868 5489 2025 5542 αὐτὸν

359 5591 641 5665 εὐφραίνει
661 5588 736 5651 ὼς
753 5589 787 5659 ἡ
813 5582 1113 5655 ἐπιστροφὴ
1143 5586 1177 5655 ἡ
1194 5583 1459 5654 ἡμετέρα,
1492 5580 1584 5665 καὶ
1607 5581 1640 5648 ἡ
1664 5577 1771 5631 ἀπὸ
1799 5577 1898 5647 τῆς
1929 5593 2025 5628 κα-

360 5664 485 5746 κίας
510 5679 603 5733 ἐπὶ
619 5678 717 5748 τὴν
733 5674 935 5747 ἀρετὴν
958 5672 1238 5735 ἐπάνοδος.
1266 5671 1466 5724 Σκόπει
1499 5664 1592 5722 οὖν
1623 5667 1741 5730 πῶς
1779 5666 1871 5718 καὶ
1903 5665 2023 5718 τού-

361 5787 468 5825 των
485 5768 583 5839 τὴν
605 5766 761 5819 νόσον
774 5760 1120 5832 ὲμεθόδευσε,
1146 5759 1404 5830 πρότερον
1427 5758 1522 5827 μὲν
1535 5755 1614 5827 τῷ
1635 5753 1887 5808 τοσοῦτον
1907 5752 2021 5806 δοῦ⁴

363 5874 450 5912 ναι
475 5836 665 5926 χρόνον
696 5847 1185 5921 προθεσμίαςπρὸς
1218 5846 1521 5916 μετάνοιαν,
1547 5846 1736 5898 ἒπειτα
1758 5840 1945 5896 ἐπειδὴ
1963 5836 2020 5895 εἴ·

428 5950 453 5978 υ
488 5940 659 5997 Morel.
686 5938 977 6004 ἐργάζεσθαι.

1156 262 1213 318 S.
1247 261 1530 320 JOANNIS
1567 258 2051 317 CHRYSOSTOMI
2085 257 2403 317 ABCHIEP.
2428 254 2975 314 CONSTANTINOP.

3658 256 3741 314 ΥΒ

2104 375 2194 429 δεν
2210 376 2551 448 ἀναισθήτως
2568 374 2967 441 διακειμένους,
2997 369 3093 424 καὶ
3123 369 3273 424 οὐδὲν
3297 364 3408 424 ἀπὸ
3430 368 3521 423 τοῦ
3539 368 3739 442 πλήθους

2102 453 2199 514 τοῦ
2231 460 2424 533 χρόνου
2444 459 2846 531 κερδαίνοντας,
2882 456 2979 509 καὶ
3009 454 3149 527 πρὸς
3183 455 3374 517 αὐταῖς
3406 456 3530 517 ταῖς
3563 454 3739 525 θύραις,

2104 544 2178 607 ὡς
2195 544 2389 608 εἰπεῖν,
2405 542 2499 597 τοῦ
2517 539 2925 612 κατακλυσμοῦ,
2946 538 3201 609 προλέγει
3223 538 3283 591 οὐ
3304 536 3410 609 πρὸ
3440 537 3607 607 τριῶν
3634 540 3741 608 ἡμε.

2114 627 2237 701 ρῶν,
2272 626 2523 697 καθάπερ
2556 626 2649 680 ἐπί
2685 624 2792 679 τῶν
2820 623 3147 685 Νινευιτῶν,
3181 621 3318 676 ἀλλά
3351 620 3458 693 «pb
3482 621 3639 675 ἑπτά.
3661 625 3742 677 Καὶ

2113 715 2212 789 γὰρ
2240 714 2455 787 θαρρῶν
2482 714 2549 770 ἀν
2579 712 2789 784 εἴποιμι
2822 711 2909 764 διά
2938 710 3000 765 τὸ
3031 710 3231 766 εἰδέναι
3251 710 3344 765 τοῦ
3376 710 3649 764 Δεσπότου
3672 713 3741 764 τοῦ

2112 800 2374 871 ἡμετέρου
2411 798 2511 869 τῆς
2541 794 2953 867 φιλανθρωπίας
2998 794 3099 866 τὴν
3122 792 3449 865 ὑπερϐολὴν,
3484 793 3571 846 ὅτι
3604 794 3683 845 καὶ
3703 796 3742 846 ἐν

2111 889 2223 949 ταῖς
2251 884 2391 941 ἐπτά
2437 883 2694 955 ἡμέραις,
2735 884 2783 936 εί
2835 881 3210 952 ἐϐουλήθησαν
3242 880 3445 952 ἀκριϐῆ
3474 879 3581 949 τὴν
3609 883 3741 949 μετά-

2111 988 2253 1025 νοιαν
2292 970 2683 1035 ἐπιδείξασθαι,
2733 968 2984 1037 διέφυγον
3034 966 3101 1019 ἀν
3130 964 3225 1019 τοῦ
3254 963 3642 1034 κατακλυσμοῦ
3669 964 3742 1034 τήν

2106 1058 2320 1126 πεῖραν.
2362 1053 2514 1108 Ἐπεὶ
2548 1048 2642 1107 οὖν
2672 1051 2792 1106 οὐτε
2821 1054 2854 1121 ἡ
2892 1049 3208 1122 παράτασις
3233 1047 3326 1102 τοῦ
3358 1046 3620 1101 τοσούτου
3646 1051 3742 1119 χρί-

2107 1154 2219 1203 νου,
2245 1137 2369 1192 οὐτε
2414 1139 2449 1206 ἡ
2503 1136 2828 1209 στενοχωρία
2858 1133 2953 1189 τοῦ
2990 1133 3184 1206 καιροῦ
3231 1132 3560 1187 καθικέσθαι
3598 1133 3742 1185 αὐτῶν

2103 1221 2202 1291 τῆς
2224 1220 2420 1285 κακίας
2447 1220 2706 1291 ἠδυνήθη,
2740 1219 2984 1289 ἐπήγαγε
3030 1216 3417 1288 κατακλυσμὸν
3439 1218 3503 1269 ἐν
3532 1215 3607 1286 τῷ
3646 1216 3742 1281 ἐξα-

2104 1306 2370 1377 κοσιοστῷ
2407 1304 2518 1358 ἔτει
2567 1303 2662 1358 τοῦ
2714 1303 2857 1357 Νῶε.
2891 1300 3022 1357 Νῶε
3047 1300 3136 1365 δὲ,
3169 1302 3322 1371 φησὶ,
3353 1297 3437 1369 ἦν
3462 1298 3617 1353 ἐτῶν
3637 1301 3742 1363 ἐξα-

2104 1388 2346 1451 κοσίων,
2403 1386 2503 1441 καί
2547 1388 2581 1442 ὀ
2635 1384 3063 1454 κατακλυσμὸς
3102 1383 3210 1438 τοῦ
3236 1402 3239 1403 ⁷
3263 1382 3491 1448 ὕδατος
3538 1381 3742 1451 ἐγένετο

2101 1471 2200 1525 ἐπὶ
2232 1468 2340 1538 τῆς
2368 1468 2500 1540 τῆς.
2538 1469 2745 1533 Εῐδετε,
2777 1466 3075 1538 ἀγαπητοὶ,
3118 1466 3295 1537 πόσης
3330 1467 3463 1537 ἡμῖν
3506 1464 3741 1534 ὠφελείας

2103 1556 2360 1619 ὑπόθεσις
2410 1554 2602 1622 γέγονε
2632 1554 2693 1607 τὸ
2724 1552 2928 1621 γνῶναι
2964 1551 3055 1605 τὸν
3100 1550 3334 1621 ἀριθμὸν
3365 1549 3483 1603 τῶν
3518 1550 3649 1604 ἐτῶν
3671 1552 3742 1606 τοῦ

2103 1641 2335 1706 δικαίου,
2357 1641 2452 1695 καὶ
2480 1641 2620 1694 ὅσων
2640 1637 2775 1691 ἐτῶν
2806 1631 2895 1707 ἦν,
2920 1635 3085 1707 ἡνίκα
3099 1639 3128 1690 6
3148 1635 3534 1706 κατακλυσμὸς
3551 1634 3742 1704 ἐπῆλθες

2103 1724 2240 1797 Φέρε
2272 1724 2336 1795 δὴ
2386 1724 2480 1777 καὶ
2513 1725 2627 1787 τοῖς
2678 1720 2986 1783 ἀκολούθως
3023 1718 3332 1791 εἰρημένοις
3372 1718 3742 1788 ἐπεξέλθωμεν.

2118 1808 2335 1881 Ἐπειδὴ
2358 1809 2466 1878 γάρ
2509 1807 2711 1879 ἡρξατο
2764 1808 2792 1859 6
2840 1802 3243 1874 κατακλυσμὸς,
3286 1802 3476 1874 φησὶν,
3515 1802 3742 1870 Εἰσῆλθι

2105 1895 2173 1949 δὲ
2204 1893 2350 1959 Νῶε,
2380 1893 2479 1949 καί
2508 1895 2561 1949 οί
2585 1892 2701 1947 υίοί
2725 1890 2933 1953 αὐτοῦ,
2964 1888 3062 1943 καί
3093 1889 3133 1957 ή
3162 1887 3317 1958 γυνὴ
3350 1886 3564 1950 αὑτοῦ,
3599 1890 3682 1942 καί
3703 1890 3742 1941 al

2105 1977 2386 2048 γυναῖκες
2426 1976 2545 2030 τῶν
2587 1974 2734 2029 υἱῶν
2784 1972 2970 2027 αὑτοῦ
3013 1974 3096 2037 είς
3130 1971 3244 2037 τὴν
3276 1969 3551 2031 κιϐωτὸν,
3573 1970 3661 2024 διὰ
3698 1970 3742 2023 τί

2103 2061 2261 2129 ὕδωρ
2293 2060 2399 2114 τοῦ
2432 2056 2882 2127 κατακλυσμοῦ.
2904 2053 3011 2109 Καὶ
3031 2052 3149 2109 ἀπὸ
3187 2053 3307 2107 τῶν
3342 2052 3632 2107 πετεινῶν
3657 2054 3742 2105 τῶν

2103 2142 2397 2211 καθαρῶν,
2449 2141 2547 2194 καὶ
2585 2139 2703 2194 ἀπὸ
2746 2137 2867 2191 τῶν
2888 2137 3174 2191 πετεινῶν
3201 2135 3320 2189 τῶν
3344 2135 3431 2206 μὴ
3480 2136 3742 2204 καθαρῶν,

2103 2228 2199 2282 καί
2225 2227 2344 2282 άπὸ
2382 2225 2499 2279 τῶν
2524 2221 2786 2294 ἑρπετῶν
2807 2222 2917 2276 δύο
2936 2221 3063 2275 δύο.
3102 2219 3247 2273 Ἀπὸ
3273 2218 3521 2273 πάντων
3534 2220 3742 2287 εἰσῆλθε

2104 2312 2254 2379 πρὸς
2292 2309 2419 2365 Νῶε
2465 2310 2553 2377 είς
2588 2307 2703 2375 τὴν
2752 2304 3003 2360 κιϐωτὸν
3032 2303 3224 2370 ἄρσεν
3255 2303 3355 2357 καί
3393 2303 3595 2371 θῆλυ.
3639 2308 3741 2359 καθ

2103 2396 2142 2449 d
2191 2394 2529 2447 ἐνετείλατο
2595 2391 2811 2458 Κύριος
2875 2386 2958 2453 τῷ
3000 2388 3147 2443 Νῶε.
3210 2385 3322 2456 οὐχ
3362 2385 3555 2450 ἁπλῶς
3606 2404 3742 2457 προσ·

2105 2477 2268 2549 έθηκε
2311 2476 2392 2543 τὸ,
2437 2476 2576 2530 Καθ’
2600 2473 2637 2528 ἆ
2678 2472 3016 2526 ἐνετείλατο
3063 2471 3275 2539 Κύριος
3320 2468 3402 2535 τῷ
3457 2469 3608 2534 Νῶε,
3659 2470 3741 2523 ἀλλ

2105 2561 2194 2615 ἴνα
2246 2559 2408 2614 πάλιν
2458 2557 2674 2629 αὐξήσῃ
2735 2555 2829 2610 τοῦ
2874 2554 3083 2609 δικαίου
3136 2553 3227 2608 τὸν
3252 2552 3512 2619 ἔπαινον,
3560 2556 3652 2607 καὶ
3688 2556 3741 2606 ὅτι

2107 2643 2287 2698 πάντα
2335 2642 2507 2704 οὕτως
2557 2640 2866 2711 ἐπλήρωσε,
2906 2637 3157 2709 καθάπερ
3203 2638 3487 2703 διετάξατο
3518 2640 3548 2690 6
3572 2640 3742 2691 Δεσιτό⁴

2104 2743 2226 2797 της,
2274 2725 2370 2780 καὶ
2418 2724 2571 2778 οὐδὲν
2630 2723 2899 2794 παρέλιπε
2954 2721 3061 2775 τῶν
3100 2721 3231 2791 παρ’
3258 2720 3424 2773 αὐτοῦ
3476 2722 3742 2792 εἰρημένω

2108 2808 2277 2879 αὐτῷ.
2314 2808 2425 2863 Καὶ
2457 2806 2696 2871 ἐγένετο
2728 2806 2879 2875 μετὰ
2920 2804 3027 2870 τὰς
3059 2801 3209 2857 ἑπτὰ
3238 2802 3487 2871 ἡμέρας,
3530 2803 3742 2874 καθάπεγ

2114 2894 2401 2963 ὑπέσχετο,
2435 2891 2619 2963 φησὶν,
2647 2892 2676 2942 6
2714 2890 3011 2958 Δεσπότης,
3043 2886 3139 2940 καί
3171 2886 3236 2940 τὸ
3263 2886 3422 2954 ὕδωρ
3454 2886 3565 2940 τοῦ
3609 2904 3741 2939 κατα

2109 2977 2389 3047 κλυσμοῦ
2430 2976 2668 3045 ἐγένετο
2711 2974 2808 3028 ἐπὶ
2842 2972 2953 3041 τῆς
2976 2970 3110 3041 γῆς.
3142 2971 3212 3024 ἐν
3243 2970 3322 3036 τῷ
3370 2969 3742 3037 ἑξακοσιοστά

2109 3064 2229 3120 ἔτει
2257 3063 2328 3116 ἐν
2350 3060 2427 3130 τῇ
2455 3058 2570 3129 ζωῇ
2596 3059 2701 3113 τοῦ
2731 3057 2879 3117 Νῶε.
2915 3056 3021 3110 τοῦ
3061 3053 3343 3123 δευτέρου
3372 3054 3591 3124 μηνὸς,
3621 3054 3742 3107 έόδό

2106 3166 2192 3218 μῃ
2226 3145 2324 3201 καί
2348 3143 2539 3199 εἰκάδι
2567 3142 2675 3197 τοῦ
2698 3142 2912 3210 μηνός.
2944 3139 3086 3209 Ὅρα
3116 3138 3218 3208 τῆς
3251 3136 3475 3208 Γραφῆς
3503 3136 3606 3209 τὴν
3629 3136 3742 3205 ἀκρί

2111 3231 2287 3295 ϐειαν,
2317 3228 2433 3291 πῶς
2461 3226 2523 3279 οὐ
2553 3225 2711 3297 μόνον
2739 3225 2831 3279 τὸν
2862 3222 3106 3277 ἐνιαυτὸν
3132 3222 3278 3292 ἡμᾶς
3312 3220 3544 3286 ἐδίδαξε,
3582 3221 3698 3275 καθ’
3716 3222 3741 3273 ὃ

2110 3317 2139 3369 6
2171 3309 2555 3383 κατακλυσμὸς
2585 3308 2827 3379 γέγονεν.
2849 3304 3002 3378 [255]
3032 3304 3167 3383 ἀλλά
3202 3303 3413 3357 καὶτὸν
3440 3302 3589 3374 μῆνα
3620 3304 3742 3357 κατὰ

2110 3396 2270 3468 δηλον
2289 3382 2511 3463 ἐποίησε
2530 3392 2625 3446 καὶ
2643 3390 2741 3460 τὴν
2764 3388 2995 3460 ἡμέραν.
3025 3382 3159 3468 Εἶτα
3179 3385 3267 3439 ἵνα
3298 3387 3363 3457 τῇ
3387 3385 3640 3468 διηγήσει
3663 3388 3742 3468 τοὶι

2118 3466 2255 3546 μετά
2280 3472 2456 3527 ταῦτα
2503 3468 2977 3541 σωφρονεστέρους
3018 3467 3340 3546 ἐργάσηται,
3375 3467 3471 3519 καὶ
3496 3466 3594 3519 τὸν
3626 3466 3742 3535 φόϐο

2114 3544 2326 3625 αὐξήσῃ
2354 3550 2462 3605 τῶν
2485 3548 2892 3621 γεγενημένων,
2914 3546 3100 3625 φησίν’
3124 3547 3231 3625 -Ὲν
3258 3544 3333 3612 τῇ
3359 3545 3554 3616 ἡμέρᾳ
3585 3546 3741 3600 ἐπείη

2113 3623 2459 3703 ἐρῤάγὴσαν
2512 3627 2704 3684 πᾶσαι
2737 3629 2795 3681 αἱ
2837 3624 3022 3696 πηγαὶ
3074 3623 3186 3692 τῆς
3238 3626 3545 3688 ἀϐύσσου,
3598 3626 3742 3679 καὶι

2115 3710 2513 3781 καταρράκται
2535 3707 2641 3762 τοῦ
2664 3704 2926 3775 οὐρανοῦ
2962 3703 3383 3772 ἠνεῴχθησαν,
3418 3703 3516 3757 καί
3549 3703 3742 3773 ἐγένετ

2116 3796 2149 3849 ὀ
2174 3792 2347 3858 ὑετὸς
2375 3789 2472 3845 ἐπὶ
2505 3786 2615 3854 τῆς
2636 3787 2748 3856 ’γῆς
2777 3782 3233 3851 τεσσαράκοντα
3262 3782 3491 3852 ἡμέρας
3520 3785 3624 3838 καί
3654 3798 3742 3836 τεο

2116 3873 2461 3942 σαράκοντα
2497 3869 2743 3935 νύκτας.
2765 3868 2906 3937 Ὅρα
2964 3864 3106 3935 πόση
3156 3862 3424 3934 κέχρηται
3468 3864 3567 3916 καὶ
3623 3864 3741 3915 νῦν

2118 3941 2248 4023 ἁγία
2285 3952 2473 4025 Γραφὴ
2500 3953 2567 4022 τῇ
2597 3946 3022 4025 συγκαταϐάσει,
3052 3943 3148 3997 καὶ
3179 3943 3318 4025 πρὸς
3347 3941 3454 4025 τὴν
3474 3942 3742 4025 ⁸συνήθεσι

2115 4021 2214 4105 τὴν
2251 4021 2595 4103 ἀνθρωπίνην
2624 4028 2803 4081 πάντα
2837 4024 3163 4105 διαλέγεται.
3342 4021 3536 4105 ἐπειδὴ
3579 4024 3742 4105 «apud

2119 4099 2317 4188 ράκται
2354 4099 2490 4163 εἰσὶν
2535 4110 2609 4188 ἐν
2638 4106 2716 4178 τῷ
2755 4102 2990 4188 οὐρανῶ,
3035 4102 3149 4156 ἀλλ’
3183 4101 3292 4154 ἀπὸ
3328 4099 3441 4154 τῶν
3464 4102 3742 4188 ’συντρόςω

2118 4181 2249 4265 ἡμῖν
2275 4188 2556 4260 ὀνομάτων
2586 4186 2802 4240 ἅπαντα
2830 4183 3156 4265 διαλέγεται,
3199 4182 3501 4265 μονονουχὶἈ
3531 4181 3742 4265 λέγουσξ

2117 4258 2201 4328 ότι
2250 4258 2553 4341 προσέταξε
2607 4264 2765 4336 μόνον
2808 4266 2836 4318 6
2879 4262 3179 4341 Δεσπότης,
3232 4261 3327 4313 καὶ
3370 4260 3581 4341 εὐθέως
3621 4258 3742 4341 ήτιξ

2120 4334 2327 4406 ὑδάτων
2355 4346 2517 4416 φύσις
2540 4334 2817 4414 ὑπήκουσε
2842 4340 2920 4411 τῷ
2940 4340 3272 4409 ἐπιτάγματι
3303 4337 3398 4391 τοῦ
3426 4337 3492 4408 δη
3503 4334 3742 4409 μιουργοέ

2120 4433 2215 4486 καὶ
2242 4425 2504 4482 πάντοθεν
2546 4422 2846 4494 συρρέουσα
2863 4422 2893 4462 ιι
2919 4420 3097 4474 πάντα
3122 4419 3214 4472 τὸν
3247 4418 3457 4489 κόσμον
3495 4418 3742 4471 ἐπέκλυσε

2120 4512 2231 4566 Καὶ
2261 4509 2324 4562 τὸ
2353 4509 2410 4560 ἐν
2456 4504 2862 4575 τεσσαράκοντα
2900 4501 3138 4572 ἡμέραις
3178 4500 3272 4553 καὶ
3302 4497 3456 4563 νυξὶν
3487 4499 3742 4569 ἐπαγαγεί

2119 4589 2210 4644 τὸν
2240 4584 2643 4655 κατακλυσμὸν,
2691 4582 2785 4636 καὶ
2824 4581 2980 4635 τοῦτο
3026 4579 3186 4634 πάλιν
3218 4577 3480 4649 μέγιστον
3519 4575 3661 4643 εἶδος
3691 4580 3742 4648 τῆ

2121 4667 2285 4722 αὐτοῦ
2327 4661 2756 4736 φιλανθρωπίας.
2787 4660 3067 4713 Ἐϐούλετο
3106 4657 3215 4729 γὰρ
3260 4656 3349 4736 διὰ
3401 4657 3609 4728 πολλὴν
3657 4660 3742 4725 ἀγι

2122 4749 2319 4817 θότητα
2342 4745 2442 4798 κᾶν
2475 4743 2649 4805 ἐνίους
2690 4739 2749 4805 ἐξ
2794 4739 2972 4817 αὐτῶν
3000 4735 3469 4817 σωφρονισθέντας
3508 4736 3742 4817 διαφυγε]

2120 4828 2221 4897 τὴν
2240 4812 2484 4892 ’παντελῆ
2526 4819 2823 4881 ἀπώλειαν,
2867 4816 3108 4897 ὁρῶντας
3135 4817 3193 4897 ἐν
3215 4814 3525 4897 Δὀφθαλμοῖς
3561 4817 3657 4897 καὶ
3688 4812 3742 4867 τι]

2120 4894 2399 4978 ὁμογενῶν
2426 4902 2523 4973 τὴν
2547 4898 2841 4961 ἀπώλειαν,
2867 4897 2962 4950 καὶ
2985 4895 3083 4966 τὴν
3114 4894 3413 4966 μέλλουσαν
3457 4896 3662 4957 αὐτοὺς
3700 4912 3742 4947 κς

2126 4974 2457 5055 ταλὴψεσθαι
2504 4976 2897 5047 πανωλεθρίαν.
2948 4975 3105 5055 Εἰκὸς
3131 4974 3239 5055 γάρ
3263 4976 3321 5026 ἐν
3360 4974 3460 5055 μὲν
3487 4977 3556 5055 τῇ

2128 5053 2306 5135 ἡμέρᾳ
2346 5059 2580 5131 φανερόν
2619 5076 2671 5111 τι
2713 5057 2876 5129 μέρος
2909 5053 3322 5135 ἐπικλυσθῆναι,
3361 5053 3458 5105 καὶ
3490 5053 3652 5135 ἐν-τῇ
3682 5054 3742 5105 δε

2129 5132 2262 5214 τέρα
2283 5132 2618 5212 προσθήκην
2663 5136 2784 5190 τινὰ
2835 5133 3119 5203 γενέσθαι·
3170 5132 3434 5195 ὡσαύτως
3486 5132 3585 5184 καὶ
3638 5134 3742 5183 ενι

2130 5211 2305 5295 τρίτῃ,
2350 5211 2447 5273 καὶ
2505 5216 2719 5287 ἐφεξῆς.
2750 5214 2859 5269 Καὶ
2909 5213 2997 5267 διά
3034 5211 3209 5295 Δτοῦτο
3251 5212 3333 5295 είς
3387 5212 3742 5295 τεσσαράκονπ

2130 5289 2339 5372 ἡμέρας
2366 5296 2651 5369 παρέτεινε
2689 5295 2783 5349 καὶ
2809 5292 3217 5363 τεσσαράκοντα
3241 5289 3463 5354 νύκτας,
3494 5290 3583 5342 ἵνα
3623 5292 3742 5342 πᾶσι

2132 5369 2305 5434 αὐτῶν
2346 5375 2642 5442 ἀπολογίας
2668 5373 2943 5442 πρόφασιν
2980 5369 3274 5441 περικόψῃ.
3310 5370 3375 5423 El
3409 5369 3520 5439 γάρ
3553 5369 3742 5422 ἐϐοὑλε

2142 5461 2220 5513 (αἱ
2259 5454 2610 5529 προσέταξεν,
2638 5453 2869 5523 ἡδύνατο
2892 5452 2984 5505 καὶ
3014 5452 3070 5503 ἐν
3103 5450 3364 5529 μιᾷροπῇ
3386 5450 3456 5503 τά
3480 5450 3662 5529 πάντα
3694 5450 3742 5501 ει

2137 5527 2344 5599 (λύσαι,
2395 5535 2531 5589 ἀλλά
2582 5531 2679 5602 τὴν
2727 5531 2935 5585 οἰκείαν
2997 5527 3412 5600 φιλανθρωπίαν
3466 5527 3742 5602 μιμούμεῄι

2134 5618 2224 5674 καὶ
2250 5620 2317 5688 τῇ
2348 5613 2587 5687 τοσαύτῃ
2613 5601 2920 5685 παρατάσει
2948 5608 3055 5664 τῶν
3089 5606 3313 5688 ἡμερῶν
3335 5607 3638 5688 ἐχρήσατο.
3678 5601 3742 5660 EF

2133 5685 2430 5769 φησινᾝΕν
2457 5692 2531 5763 τῇ
2559 5685 2763 5762 ’ἡμέρῃ
2800 5690 2986 5758 ταύτῃ
3019 5685 3272 5769 εἰσῆλθε
3303 5685 3436 5740 Νῶε
3460 5688 3548 5769 εὶς
3579 5685 3742 5769 τὴνι

2131 5764 2339 5841 enitor,
2394 5774 2493 5829 και
2537 5772 2691 5843 Σὴμ,
2735 5769 2835 5825 και
2874 5769 3025 5842 Χὰμ,
3053 5767 3154 5824 καί
3200 5766 3415 5837 νάφθα,
3444 5766 3543 5821 καί
3572 5764 3609 5835 ἡ
3654 5780 3742 5836 τυτ

2190 5926 2219 5967 ι’
2241 5924 2391 5975 Savil.
2407 5928 2458 5975 et
2479 5922 2561 5973 alii
2590 5918 2904 5986 ωρῤεύσασα.
