  <div class='ocr_page' id='page_1' title='image "/cluster/home/n/w/nwhite01/storage/ocr_20150623/53-54/hvd.32044012465829/222.png"; bbox 0 0 3804 6246; ppageno 0'>
   <div class='ocr_carea' id='block_1_1' title="bbox 13 335 32 361">
    <p class='ocr_par' dir='ltr' id='par_1_1' title="bbox 13 335 32 361">
     <span class='ocr_line' id='line_1_1' title="bbox 13 335 32 361; baseline 0 0"><span class='ocrx_word' id='word_1_1' title='bbox 13 335 32 361; x_wconf 58' lang='grc' dir='ltr'>κ</span> 
     </span>
    </p>
   </div>
   <div class='ocr_carea' id='block_1_2' title="bbox 77 231 173 285">
    <p class='ocr_par' dir='ltr' id='par_1_2' title="bbox 77 231 173 285">
     <span class='ocr_line' id='line_1_2' title="bbox 77 231 173 285; baseline 0.021 -2"><span class='ocrx_word' id='word_1_2' title='bbox 77 231 173 285; x_wconf 62' lang='lat' dir='ltr'><strong>Eii</strong></span> 
     </span>
    </p>
   </div>
   <div class='ocr_carea' id='block_1_3' title="bbox 79 369 1685 453">
    <p class='ocr_par' dir='ltr' id='par_1_3' title="bbox 79 369 1685 453">
     <span class='ocr_line' id='line_1_3' title="bbox 79 369 1685 453; baseline 0.012 -34"><span class='ocrx_word' id='word_1_3' title='bbox 79 373 167 420; x_wconf 79' lang='lat' dir='ltr'><strong>tur</strong></span> <span class='ocrx_word' id='word_1_4' title='bbox 201 376 262 421; x_wconf 85' lang='lat' dir='ltr'><strong>et</strong></span> <span class='ocrx_word' id='word_1_5' title='bbox 305 369 345 422; x_wconf 92' lang='lat' dir='ltr'><strong>ii</strong></span> <span class='ocrx_word' id='word_1_6' title='bbox 385 379 600 439; x_wconf 87' lang='lat' dir='ltr'><strong>peccata</strong></span> <span class='ocrx_word' id='word_1_7' title='bbox 649 383 1047 440; x_wconf 86' lang='lat' dir='ltr'><strong>coacervantes,</strong></span> <span class='ocrx_word' id='word_1_8' title='bbox 1079 378 1369 448; x_wconf 80' lang='lat' dir='ltr'><strong>majoribus</strong></span> <span class='ocrx_word' id='word_1_9' title='bbox 1405 396 1464 436; x_wconf 86' lang='lat' dir='ltr'><strong>se</strong></span> <span class='ocrx_word' id='word_1_10' title='bbox 1512 385 1685 453; x_wconf 65' lang='lat' dir='ltr'><strong>plenis</strong></span> 
     </span>
    </p>
   </div>
   <div class='ocr_carea' id='block_1_4' title="bbox 75 457 1683 544">
    <p class='ocr_par' dir='ltr' id='par_1_4' title="bbox 75 457 1683 544">
     <span class='ocr_line' id='line_1_4' title="bbox 75 457 1683 544; baseline 0.013 -35"><span class='ocrx_word' id='word_1_11' title='bbox 75 457 354 513; x_wconf 77' lang='lat' dir='ltr'><strong>obnoxios</strong></span> <span class='ocrx_word' id='word_1_12' title='bbox 383 460 704 527; x_wconf 90' lang='lat' dir='ltr'><strong>redderent,</strong></span> <span class='ocrx_word' id='word_1_13' title='bbox 734 463 990 520; x_wconf 86' lang='lat' dir='ltr'><strong>Dominus</strong></span> <span class='ocrx_word' id='word_1_14' title='bbox 1018 467 1186 523; x_wconf 90' lang='lat' dir='ltr'><strong>bonus</strong></span> <span class='ocrx_word' id='word_1_15' title='bbox 1216 481 1269 524; x_wconf 90' lang='lat' dir='ltr'><strong>et</strong></span> <span class='ocrx_word' id='word_1_16' title='bbox 1295 471 1551 544; x_wconf 84' lang='lat' dir='ltr'><strong>benignus</strong></span> <span class='ocrx_word' id='word_1_17' title='bbox 1579 477 1683 530; x_wconf 89' lang='lat' dir='ltr'><strong>du-</strong></span> 
     </span>
    </p>
   </div>
   <div class='ocr_carea' id='block_1_5' title="bbox 74 549 1683 637">
    <p class='ocr_par' dir='ltr' id='par_1_5' title="bbox 74 549 1683 637">
     <span class='ocr_line' id='line_1_5' title="bbox 74 549 1683 637; baseline 0.012 -35"><span class='ocrx_word' id='word_1_18' title='bbox 74 549 256 604; x_wconf 83' lang='lat' dir='ltr'><strong>ritiam</strong></span> <span class='ocrx_word' id='word_1_19' title='bbox 283 552 506 607; x_wconf 84' lang='lat' dir='ltr'><strong>illorum</strong></span> <span class='ocrx_word' id='word_1_20' title='bbox 531 556 792 623; x_wconf 58' lang='lat' dir='ltr'><strong>paenitere</strong></span> <span class='ocrx_word' id='word_1_21' title='bbox 820 559 1056 612; x_wconf 83' lang='lat' dir='ltr'><strong>nesciam</strong></span> <span class='ocrx_word' id='word_1_22' title='bbox 1091 561 1308 628; x_wconf 88' lang='lat' dir='ltr'><strong>videns,</strong></span> <span class='ocrx_word' id='word_1_23' title='bbox 1345 573 1554 634; x_wconf 78' lang='lat' dir='ltr'><strong>tempus</strong></span> <span class='ocrx_word' id='word_1_24' title='bbox 1578 582 1683 637; x_wconf 93' lang='lat' dir='ltr'><strong>quo</strong></span> 
     </span>
    </p>
   </div>
   <div class='ocr_carea' id='block_1_6' title="bbox 73 643 1682 716">
    <p class='ocr_par' dir='ltr' id='par_1_6' title="bbox 73 643 1682 716">
     <span class='ocr_line' id='line_1_6' title="bbox 73 643 1682 716; baseline 0.012 -22"><span class='ocrx_word' id='word_1_25' title='bbox 73 654 128 694; x_wconf 83' lang='lat' dir='ltr'><strong>se</strong></span> <span class='ocrx_word' id='word_1_26' title='bbox 157 643 468 710; x_wconf 83' lang='lat' dir='ltr'><strong>patientem</strong></span> <span class='ocrx_word' id='word_1_27' title='bbox 496 644 728 700; x_wconf 79' lang='lat' dir='ltr'><strong>futurum</strong></span> <span class='ocrx_word' id='word_1_28' title='bbox 760 649 1042 716; x_wconf 87' lang='lat' dir='ltr'><strong>promisit,</strong></span> <span class='ocrx_word' id='word_1_29' title='bbox 1075 651 1357 708; x_wconf 91' lang='lat' dir='ltr'><strong>imminuit.</strong></span> <span class='ocrx_word' id='word_1_30' title='bbox 1383 654 1513 710; x_wconf 86' lang='lat' dir='ltr'><strong>Nam</strong></span> <span class='ocrx_word' id='word_1_31' title='bbox 1544 657 1682 713; x_wconf 90' lang='lat' dir='ltr'><strong>sicut</strong></span> 
     </span>
    </p>
   </div>
   <div class='ocr_carea' id='block_1_7' title="bbox 72 736 1678 818">
    <p class='ocr_par' dir='ltr' id='par_1_7' title="bbox 72 736 1678 818">
     <span class='ocr_line' id='line_1_7' title="bbox 72 736 1678 818; baseline 0.012 -34"><span class='ocrx_word' id='word_1_32' title='bbox 72 745 266 787; x_wconf 86' lang='lat' dir='ltr'><strong>eorum</strong></span> <span class='ocrx_word' id='word_1_33' title='bbox 299 747 468 790; x_wconf 83' lang='lat' dir='ltr'><strong>causa</strong></span> <span class='ocrx_word' id='word_1_34' title='bbox 497 736 586 804; x_wconf 92' lang='lat' dir='ltr'><strong>qtti</strong></span> <span class='ocrx_word' id='word_1_35' title='bbox 624 736 1079 794; x_wconf 77' lang='lat' dir='ltr'><strong>admonitionibus</strong></span> <span class='ocrx_word' id='word_1_36' title='bbox 1130 743 1242 797; x_wconf 89' lang='lat' dir='ltr'><strong>suis</strong></span> <span class='ocrx_word' id='word_1_37' title='bbox 1292 754 1534 816; x_wconf 90' lang='lat' dir='ltr'><strong>prompte</strong></span> <span class='ocrx_word' id='word_1_38' title='bbox 1583 763 1678 818; x_wconf 92' lang='lat' dir='ltr'><strong>pa-</strong></span> 
     </span>
    </p>
   </div>
   <div class='ocr_carea' id='block_1_8' title="bbox 71 824 1678 900">
    <p class='ocr_par' dir='ltr' id='par_1_8' title="bbox 71 824 1678 900">
     <span class='ocr_line' id='line_1_8' title="bbox 71 824 1678 900; baseline 0.011 -23"><span class='ocrx_word' id='word_1_39' title='bbox 71 832 209 891; x_wconf 74' lang='lat' dir='ltr'><strong>rent,</strong></span> <span class='ocrx_word' id='word_1_40' title='bbox 247 824 325 878; x_wconf 90' lang='lat' dir='ltr'><strong>ob</strong></span> <span class='ocrx_word' id='word_1_41' title='bbox 366 825 656 882; x_wconf 70' lang='lat' dir='ltr'><strong>bonitatem</strong></span> <span class='ocrx_word' id='word_1_42' title='bbox 699 828 800 884; x_wconf 86' lang='lat' dir='ltr'><strong>sibi</strong></span> <span class='ocrx_word' id='word_1_43' title='bbox 845 831 1164 900; x_wconf 86' lang='lat' dir='ltr'><strong>peculiarem</strong></span> <span class='ocrx_word' id='word_1_44' title='bbox 1210 837 1504 892; x_wconf 89' lang='lat' dir='ltr'><strong>sententias</strong></span> <span class='ocrx_word' id='word_1_45' title='bbox 1554 854 1678 895; x_wconf 90' lang='lat' dir='ltr'><strong>suas</strong></span> 
     </span>
    </p>
   </div>
   <div class='ocr_carea' id='block_1_9' title="bbox 67 917 1680 997">
    <p class='ocr_par' dir='ltr' id='par_1_9' title="bbox 67 917 1680 997">
     <span class='ocr_line' id='line_1_9' title="bbox 67 917 1680 997; baseline 0.011 -30"><span class='ocrx_word' id='word_1_46' title='bbox 67 926 331 983; x_wconf 83' lang='lat' dir='ltr'><strong>revocat,</strong></span> <span class='ocrx_word' id='word_1_47' title='bbox 363 929 417 972; x_wconf 91' lang='lat' dir='ltr'><strong>et</strong></span> <span class='ocrx_word' id='word_1_48' title='bbox 440 917 509 973; x_wconf 92' lang='lat' dir='ltr'><strong>ad</strong></span> <span class='ocrx_word' id='word_1_49' title='bbox 534 934 592 974; x_wconf 91' lang='lat' dir='ltr'><strong>se</strong></span> <span class='ocrx_word' id='word_1_50' title='bbox 615 934 909 977; x_wconf 89' lang='lat' dir='ltr'><strong>conversos</strong></span> <span class='ocrx_word' id='word_1_51' title='bbox 937 922 1191 990; x_wconf 87' lang='lat' dir='ltr'><strong>admittit,</strong></span> <span class='ocrx_word' id='word_1_52' title='bbox 1218 937 1378 997; x_wconf 89' lang='lat' dir='ltr'><strong>atque</strong></span> <span class='ocrx_word' id='word_1_53' title='bbox 1404 930 1471 983; x_wconf 90' lang='lat' dir='ltr'><strong>ab</strong></span> <span class='ocrx_word' id='word_1_54' title='bbox 1501 929 1680 986; x_wconf 77' lang='lat' dir='ltr'><strong>itnmi~</strong></span> 
     </span>
    </p>
   </div>
   <div class='ocr_carea' id='block_1_10' title="bbox 66 1009 1674 1088">
    <p class='ocr_par' dir='ltr' id='par_1_10' title="bbox 66 1009 1674 1088">
     <span class='ocr_line' id='line_1_10' title="bbox 66 1009 1674 1088; baseline 0.012 -30"><span class='ocrx_word' id='word_1_55' title='bbox 66 1016 233 1061; x_wconf 89' lang='lat' dir='ltr'><strong>neute</strong></span> <span class='ocrx_word' id='word_1_56' title='bbox 256 1009 528 1079; x_wconf 86' lang='lat' dir='ltr'><strong>supplicio</strong></span> <span class='ocrx_word' id='word_1_57' title='bbox 557 1010 744 1066; x_wconf 84' lang='lat' dir='ltr'><strong>liberat</strong></span> <span class='ocrx_word' id='word_1_58' title='bbox 771 1028 785 1064; x_wconf 90' lang='lat'>:</span> <span class='ocrx_word' id='word_1_59' title='bbox 821 1013 890 1067; x_wconf 89' lang='lat' dir='ltr'><strong>ita</strong></span> <span class='ocrx_word' id='word_1_60' title='bbox 918 1029 1129 1085; x_wconf 89' lang='lat' dir='ltr'><strong>quoque</strong></span> <span class='ocrx_word' id='word_1_61' title='bbox 1163 1031 1280 1071; x_wconf 91' lang='lat' dir='ltr'><strong>cum</strong></span> <span class='ocrx_word' id='word_1_62' title='bbox 1305 1021 1562 1088; x_wconf 79' lang='lat' dir='ltr'><strong>promittit</strong></span> <span class='ocrx_word' id='word_1_63' title='bbox 1592 1025 1674 1078; x_wconf 96' lang='lat' dir='ltr'><strong>vel</strong></span> 
     </span>
    </p>
   </div>
   <div class='ocr_carea' id='block_1_11' title="bbox 63 1097 1669 1185">
    <p class='ocr_par' dir='ltr' id='par_1_11' title="bbox 63 1097 1669 1185">
     <span class='ocr_line' id='line_1_11' title="bbox 63 1097 1669 1185; baseline 0.014 -36"><span class='ocrx_word' id='word_1_64' title='bbox 63 1097 205 1151; x_wconf 90' lang='lat' dir='ltr'><strong>bona</strong></span> <span class='ocrx_word' id='word_1_65' title='bbox 247 1101 434 1171; x_wconf 88' lang='lat' dir='ltr'><strong>aliqua</strong></span> <span class='ocrx_word' id='word_1_66' title='bbox 462 1117 521 1156; x_wconf 91' lang='lat' dir='ltr'><strong>se</strong></span> <span class='ocrx_word' id='word_1_67' title='bbox 570 1104 936 1172; x_wconf 73' lang='lat' dir='ltr'><strong>praebiturum,</strong></span> <span class='ocrx_word' id='word_1_68' title='bbox 965 1108 1049 1161; x_wconf 90' lang='lat' dir='ltr'><strong>vel</strong></span> <span class='ocrx_word' id='word_1_69' title='bbox 1075 1110 1400 1178; x_wconf 66' lang='lat' dir='ltr'><strong>paenitentia:</strong></span> <span class='ocrx_word' id='word_1_70' title='bbox 1423 1121 1632 1185; x_wconf 87' lang='lat' dir='ltr'><strong>tempus</strong></span> <span class='ocrx_word' id='word_1_71' title='bbox 1653 1158 1669 1185; x_wconf 93' lang='lat'><strong>,</strong></span> 
     </span>
    </p>
   </div>
   <div class='ocr_carea' id='block_1_12' title="bbox 63 1190 1672 1274">
    <p class='ocr_par' dir='ltr' id='par_1_12' title="bbox 63 1190 1672 1274">
     <span class='ocr_line' id='line_1_12' title="bbox 63 1190 1672 1274; baseline 0.013 -33"><span class='ocrx_word' id='word_1_72' title='bbox 63 1190 209 1245; x_wconf 89' lang='lat' dir='ltr'><strong>videt</strong></span> <span class='ocrx_word' id='word_1_73' title='bbox 238 1203 431 1248; x_wconf 90' lang='lat' dir='ltr'><strong>autem</strong></span> <span class='ocrx_word' id='word_1_74' title='bbox 473 1194 595 1249; x_wconf 90' lang='lat' dir='ltr'><strong>illos</strong></span> <span class='ocrx_word' id='word_1_75' title='bbox 637 1195 896 1265; x_wconf 76' lang='lat' dir='ltr'><strong>indignos,</strong></span> <span class='ocrx_word' id='word_1_76' title='bbox 926 1199 1088 1254; x_wconf 87' lang='lat' dir='ltr'><strong>etiam</strong></span> <span class='ocrx_word' id='word_1_77' title='bbox 1131 1210 1254 1256; x_wconf 90' lang='lat' dir='ltr'><strong>tunc</strong></span> <span class='ocrx_word' id='word_1_78' title='bbox 1297 1218 1507 1274; x_wconf 86' lang='lat' dir='ltr'><strong>quoque</strong></span> <span class='ocrx_word' id='word_1_79' title='bbox 1549 1220 1672 1262; x_wconf 90' lang='lat' dir='ltr'><strong>suas</strong></span> 
     </span>
    </p>
   </div>
   <div class='ocr_carea' id='block_1_13' title="bbox 67 1284 1670 1364">
    <p class='ocr_par' dir='ltr' id='par_1_13' title="bbox 67 1284 1670 1364">
     <span class='ocr_line' id='line_1_13' title="bbox 67 1284 1670 1364; baseline 0.01 -28"><span class='ocrx_word' id='word_1_80' title='bbox 67 1284 470 1351; x_wconf 87' lang='lat' dir='ltr'><strong>promissiones</strong></span> <span class='ocrx_word' id='word_1_81' title='bbox 495 1297 729 1348; x_wconf 54' lang='lat' dir='ltr'><strong>revocat.</strong></span> <span class='ocrx_word' id='word_1_82' title='bbox 759 1287 1018 1355; x_wconf 86' lang='lat' dir='ltr'><strong>Quocirca</strong></span> <span class='ocrx_word' id='word_1_83' title='bbox 1056 1299 1108 1345; x_wconf 89' lang='lat' dir='ltr'><strong>et</strong></span> <span class='ocrx_word' id='word_1_84' title='bbox 1133 1307 1230 1361; x_wconf 89' lang='lat' dir='ltr'><strong>per</strong></span> <span class='ocrx_word' id='word_1_85' title='bbox 1257 1294 1567 1364; x_wconf 85' lang='lat' dir='ltr'><strong>prophetam</strong></span> <span class='ocrx_word' id='word_1_86' title='bbox 1591 1297 1670 1352; x_wconf 88' lang='lat' dir='ltr'><strong>di-</strong></span> 
     </span>
    </p>
   </div>
   <div class='ocr_carea' id='block_1_14' title="bbox 63 1374 1670 1457">
    <p class='ocr_par' dir='ltr' id='par_1_14' title="bbox 63 1374 1670 1457">
     <span class='ocr_line' id='line_1_14' title="bbox 63 1374 1670 1457; baseline 0.01 -30"><span class='ocrx_word' id='word_1_87' title='bbox 63 1374 215 1429; x_wconf 76' lang='lat' dir='ltr'><strong>cebat</strong></span> <span class='ocrx_word' id='word_1_88' title='bbox 244 1391 260 1429; x_wconf 88' lang='lat'><strong>:</strong></span> <span class='ocrx_word' id='word_1_89' title='bbox 297 1376 385 1428; x_wconf 80' lang='lat' dir='ltr'><strong>Ad</strong></span> <span class='ocrx_word' id='word_1_90' title='bbox 411 1394 657 1431; x_wconf 89' lang='lat' dir='ltr'><strong>summam</strong></span> <span class='ocrx_word' id='word_1_91' title='bbox 693 1379 872 1449; x_wconf 85' lang='lat' dir='ltr'><strong>loquar</strong></span> <span class='ocrx_word' id='word_1_92' title='bbox 895 1397 1048 1449; x_wconf 80' lang='lat' dir='ltr'><strong>super</strong></span> <span class='ocrx_word' id='word_1_93' title='bbox 1081 1392 1272 1452; x_wconf 78' lang='lat' dir='ltr'><strong>gentes,</strong></span> <span class='ocrx_word' id='word_1_94' title='bbox 1317 1395 1364 1440; x_wconf 83' lang='lat' dir='ltr'><strong>et</strong></span> <span class='ocrx_word' id='word_1_95' title='bbox 1406 1403 1559 1457; x_wconf 80' lang='lat' dir='ltr'><strong>super</strong></span> <span class='ocrx_word' id='word_1_96' title='bbox 1586 1407 1670 1443; x_wconf 83' lang='lat' dir='ltr'><strong>re-</strong></span> 
     </span>
    </p>
   </div>
   <div class='ocr_carea' id='block_1_15' title="bbox 64 1466 1663 1549">
    <p class='ocr_par' dir='ltr' id='par_1_15' title="bbox 64 1466 1663 1549">
     <span class='ocr_line' id='line_1_15' title="bbox 64 1466 1663 1549; baseline 0.012 -34"><span class='ocrx_word' id='word_1_97' title='bbox 64 1480 186 1532; x_wconf 65' lang='lat' dir='ltr'><strong>gna,</strong></span> <span class='ocrx_word' id='word_1_98' title='bbox 221 1475 282 1519; x_wconf 79' lang='lat' dir='ltr'><strong>stt</strong></span> <span class='ocrx_word' id='word_1_99' title='bbox 311 1466 527 1536; x_wconf 79' lang='lat' dir='ltr'><strong>perdant</strong></span> <span class='ocrx_word' id='word_1_100' title='bbox 553 1479 600 1521; x_wconf 83' lang='lat' dir='ltr'><strong>et</strong></span> <span class='ocrx_word' id='word_1_101' title='bbox 629 1481 845 1523; x_wconf 79' lang='lat' dir='ltr'><strong>evertam</strong></span> <span class='ocrx_word' id='word_1_102' title='bbox 882 1485 902 1524; x_wconf 91' lang='lat'><strong><em>:</em></strong></span> <span class='ocrx_word' id='word_1_103' title='bbox 929 1481 974 1525; x_wconf 90' lang='lat' dir='ltr'><strong>et</strong></span> <span class='ocrx_word' id='word_1_104' title='bbox 1001 1472 1044 1528; x_wconf 86' lang='lat' dir='ltr'><strong>si</strong></span> <span class='ocrx_word' id='word_1_105' title='bbox 1077 1475 1420 1543; x_wconf 62' lang='lat' dir='ltr'><strong>penitentiam</strong></span> <span class='ocrx_word' id='word_1_106' title='bbox 1447 1480 1663 1549; x_wconf 71' lang='lat' dir='ltr'><strong>eget-int,</strong></span> 
     </span>
    </p>
   </div>
   <div class='ocr_carea' id='block_1_16' title="bbox 66 1560 1664 1636">
    <p class='ocr_par' dir='ltr' id='par_1_16' title="bbox 66 1560 1664 1636">
     <span class='ocr_line' id='line_1_16' title="bbox 66 1560 1664 1636; baseline 0.012 -30"><span class='ocrx_word' id='word_1_107' title='bbox 66 1571 215 1624; x_wconf 74' lang='lat' dir='ltr'><strong>agam</strong></span> <span class='ocrx_word' id='word_1_108' title='bbox 246 1565 300 1609; x_wconf 75' lang='lat' dir='ltr'><strong>et</strong></span> <span class='ocrx_word' id='word_1_109' title='bbox 342 1573 436 1627; x_wconf 79' lang='lat' dir='ltr'><strong>ego</strong></span> <span class='ocrx_word' id='word_1_110' title='bbox 462 1560 801 1627; x_wconf 64' lang='lat' dir='ltr'><strong>paenitentiam</strong></span> <span class='ocrx_word' id='word_1_111' title='bbox 839 1578 992 1632; x_wconf 84' lang='lat' dir='ltr'><strong>super</strong></span> <span class='ocrx_word' id='word_1_112' title='bbox 1031 1564 1093 1619; x_wconf 89' lang='lat' dir='ltr'><strong>iis</strong></span> <span class='ocrx_word' id='word_1_113' title='bbox 1125 1581 1240 1634; x_wconf 62' lang='lat' dir='ltr'><strong>quis</strong></span> <span class='ocrx_word' id='word_1_114' title='bbox 1283 1567 1518 1636; x_wconf 76' lang='lat' dir='ltr'><strong>loquutus</strong></span> <span class='ocrx_word' id='word_1_115' title='bbox 1554 1588 1664 1626; x_wconf 88' lang='lat' dir='ltr'><strong>sunt</strong></span> 
     </span>
    </p>
   </div>
   <div class='ocr_carea' id='block_1_17' title="bbox 63 1650 1666 1726">
    <p class='ocr_par' dir='ltr' id='par_1_17' title="bbox 63 1650 1666 1726">
     <span class='ocr_line' id='line_1_17' title="bbox 63 1650 1666 1726; baseline 0.011 -26"><span class='ocrx_word' id='word_1_116' title='bbox 63 1658 111 1700; x_wconf 75' lang='lat' dir='ltr'><strong>at</strong></span> <span class='ocrx_word' id='word_1_117' title='bbox 137 1651 374 1719; x_wconf 78' lang='lat' dir='ltr'><strong>facerem</strong></span> <span class='ocrx_word' id='word_1_118' title='bbox 391 1652 463 1704; x_wconf 80' lang='lat' dir='ltr'><strong>eis</strong></span> <span class='ocrx_word' id='word_1_119' title='bbox 487 1650 623 1722; x_wconf 81' lang='lat' dir='ltr'><strong>(Jer.</strong></span> <span class='ocrx_word' id='word_1_120' title='bbox 649 1654 734 1709; x_wconf 72' lang='grc'><strong>18.</strong></span> <span class='ocrx_word' id='word_1_121' title='bbox 767 1655 818 1708; x_wconf 92' lang='grc'><strong>7.</strong></span> <span class='ocrx_word' id='word_1_122' title='bbox 849 1656 907 1726; x_wconf 90' lang='grc'><strong>8)</strong></span> <span class='ocrx_word' id='word_1_123' title='bbox 941 1671 959 1711; x_wconf 85' lang='lat'><strong>:</strong></span> <span class='ocrx_word' id='word_1_124' title='bbox 985 1665 1038 1712; x_wconf 90' lang='lat' dir='ltr'><strong>et</strong></span> <span class='ocrx_word' id='word_1_125' title='bbox 1059 1657 1246 1713; x_wconf 90' lang='lat' dir='ltr'><strong>iterum</strong></span> <span class='ocrx_word' id='word_1_126' title='bbox 1272 1677 1285 1713; x_wconf 91' lang='lat'><strong>:</strong></span> <span class='ocrx_word' id='word_1_127' title='bbox 1311 1661 1390 1714; x_wconf 82' lang='lat' dir='ltr'><strong>Ad</strong></span> <span class='ocrx_word' id='word_1_128' title='bbox 1416 1679 1666 1718; x_wconf 87' lang='lat' dir='ltr'><strong>summam</strong></span> 
     </span>
    </p>
   </div>
   <div class='ocr_carea' id='block_1_18' title="bbox 63 1741 1665 1820">
    <p class='ocr_par' dir='ltr' id='par_1_18' title="bbox 63 1741 1665 1820">
     <span class='ocr_line' id='line_1_18' title="bbox 63 1741 1665 1820; baseline 0.011 -27"><span class='ocrx_word' id='word_1_129' title='bbox 63 1741 242 1810; x_wconf 81' lang='lat' dir='ltr'><strong>loquar</strong></span> <span class='ocrx_word' id='word_1_130' title='bbox 267 1760 430 1812; x_wconf 80' lang='lat' dir='ltr'><strong>super</strong></span> <span class='ocrx_word' id='word_1_131' title='bbox 455 1756 624 1815; x_wconf 83' lang='lat' dir='ltr'><strong>gentes</strong></span> <span class='ocrx_word' id='word_1_132' title='bbox 648 1756 695 1800; x_wconf 89' lang='lat' dir='ltr'><strong>et</strong></span> <span class='ocrx_word' id='word_1_133' title='bbox 723 1764 874 1818; x_wconf 85' lang='lat' dir='ltr'><strong>super</strong></span> <span class='ocrx_word' id='word_1_134' title='bbox 898 1765 1072 1819; x_wconf 87' lang='lat' dir='ltr'><strong>regna,</strong></span> <span class='ocrx_word' id='word_1_135' title='bbox 1104 1760 1160 1803; x_wconf 90' lang='lat' dir='ltr'><strong>ut</strong></span> <span class='ocrx_word' id='word_1_136' title='bbox 1188 1754 1485 1820; x_wconf 73' lang='lat' dir='ltr'><strong>rewdiﬁcem</strong></span> <span class='ocrx_word' id='word_1_137' title='bbox 1511 1772 1529 1811; x_wconf 90' lang='lat'><strong><em>:</em></strong></span> <span class='ocrx_word' id='word_1_138' title='bbox 1558 1758 1665 1811; x_wconf 83' lang='lat' dir='ltr'><strong>etsi</strong></span> 
     </span>
    </p>
   </div>
   <div class='ocr_carea' id='block_1_19' title="bbox 61 1837 1660 1918">
    <p class='ocr_par' dir='ltr' id='par_1_19' title="bbox 61 1837 1660 1918">
     <span class='ocr_line' id='line_1_19' title="bbox 61 1837 1660 1918; baseline 0.01 -32"><span class='ocrx_word' id='word_1_139' title='bbox 61 1837 386 1902; x_wconf 77' lang='lat' dir='ltr'><strong>peccaverint</strong></span> <span class='ocrx_word' id='word_1_140' title='bbox 409 1878 425 1903; x_wconf 90' lang='lat'><strong>,</strong></span> <span class='ocrx_word' id='word_1_141' title='bbox 462 1838 803 1909; x_wconf 70' lang='lat' dir='ltr'><strong>pmnitentiam</strong></span> <span class='ocrx_word' id='word_1_142' title='bbox 823 1849 871 1894; x_wconf 89' lang='lat' dir='ltr'><strong>et</strong></span> <span class='ocrx_word' id='word_1_143' title='bbox 890 1858 980 1912; x_wconf 82' lang='lat' dir='ltr'><strong>ego</strong></span> <span class='ocrx_word' id='word_1_144' title='bbox 1006 1859 1154 1912; x_wconf 84' lang='lat' dir='ltr'><strong>agant</strong></span> <span class='ocrx_word' id='word_1_145' title='bbox 1181 1862 1332 1912; x_wconf 87' lang='lat' dir='ltr'><strong>super</strong></span> <span class='ocrx_word' id='word_1_146' title='bbox 1354 1847 1416 1899; x_wconf 88' lang='lat' dir='ltr'><strong>iis</strong></span> <span class='ocrx_word' id='word_1_147' title='bbox 1443 1864 1554 1918; x_wconf 79' lang='lat' dir='ltr'><strong>qua:</strong></span> <span class='ocrx_word' id='word_1_148' title='bbox 1581 1852 1660 1902; x_wconf 89' lang='lat' dir='ltr'><strong>lo-</strong></span> 
     </span>
    </p>
   </div>
   <div class='ocr_carea' id='block_1_20' title="bbox 65 1930 1660 2008">
    <p class='ocr_par' dir='ltr' id='par_1_20' title="bbox 65 1930 1660 2008">
     <span class='ocr_line' id='line_1_20' title="bbox 65 1930 1660 2008; baseline 0.013 -32"><span class='ocrx_word' id='word_1_149' title='bbox 65 1937 254 1994; x_wconf 74' lang='lat' dir='ltr'><strong>quutus</strong></span> <span class='ocrx_word' id='word_1_150' title='bbox 300 1945 417 1981; x_wconf 86' lang='lat' dir='ltr'><strong>sunt</strong></span> <span class='ocrx_word' id='word_1_151' title='bbox 459 1939 512 1982; x_wconf 89' lang='lat' dir='ltr'><strong>ut</strong></span> <span class='ocrx_word' id='word_1_152' title='bbox 559 1930 773 1998; x_wconf 78' lang='lat' dir='ltr'><strong>facerem</strong></span> <span class='ocrx_word' id='word_1_153' title='bbox 824 1933 896 1986; x_wconf 89' lang='lat' dir='ltr'><strong>eis</strong></span> <span class='ocrx_word' id='word_1_154' title='bbox 928 1932 1085 2002; x_wconf 86' lang='lat' dir='ltr'><strong>(Ibid.</strong></span> <span class='ocrx_word' id='word_1_155' title='bbox 1139 1951 1187 1992; x_wconf 88' lang='grc' dir='ltr'><strong>υ.</strong></span> <span class='ocrx_word' id='word_1_156' title='bbox 1229 1936 1281 1992; x_wconf 87' lang='grc'><strong>9.</strong></span> <span class='ocrx_word' id='word_1_157' title='bbox 1328 1938 1441 2008; x_wconf 80' lang='grc'><strong>10).</strong></span> <span class='ocrx_word' id='word_1_158' title='bbox 1472 1940 1660 1997; x_wconf 74' lang='lat' dir='ltr'><strong>Vidisti</strong></span> 
     </span>
    </p>
   </div>
   <div class='ocr_carea' id='block_1_21' title="bbox 55 2017 1656 2099">
    <p class='ocr_par' dir='ltr' id='par_1_21' title="bbox 55 2017 1656 2099">
     <span class='ocr_line' id='line_1_21' title="bbox 55 2017 1656 2099; baseline 0.011 -30"><span class='ocrx_word' id='word_1_159' title='bbox 55 2017 340 2085; x_wconf 86' lang='lat' dir='ltr'><strong>quomodo</strong></span> <span class='ocrx_word' id='word_1_160' title='bbox 358 2034 387 2072; x_wconf 87' lang='lat' dir='ltr'><strong>a</strong></span> <span class='ocrx_word' id='word_1_161' title='bbox 416 2019 570 2074; x_wconf 90' lang='lat' dir='ltr'><strong>nobis</strong></span> <span class='ocrx_word' id='word_1_162' title='bbox 595 2021 905 2077; x_wconf 74' lang='lat' dir='ltr'><strong>occasiones</strong></span> <span class='ocrx_word' id='word_1_163' title='bbox 921 2024 1112 2094; x_wconf 88' lang='lat' dir='ltr'><strong>accipit</strong></span> <span class='ocrx_word' id='word_1_164' title='bbox 1129 2036 1233 2082; x_wconf 88' lang='lat' dir='ltr'><strong>tam</strong></span> <span class='ocrx_word' id='word_1_165' title='bbox 1256 2027 1656 2099; x_wconf 67' lang='lat' dir='ltr'><strong>misericordiae,</strong></span> 
     </span>
    </p>
   </div>
   <div class='ocr_carea' id='block_1_22' title="bbox 57 2112 1657 2189">
    <p class='ocr_par' dir='ltr' id='par_1_22' title="bbox 57 2112 1657 2189">
     <span class='ocr_line' id='line_1_22' title="bbox 57 2112 1657 2189; baseline 0.011 -26"><span class='ocrx_word' id='word_1_166' title='bbox 57 2126 217 2180; x_wconf 87' lang='lat' dir='ltr'><strong>quam</strong></span> <span class='ocrx_word' id='word_1_167' title='bbox 238 2126 376 2182; x_wconf 88' lang='lat' dir='ltr'><strong>erga</strong></span> <span class='ocrx_word' id='word_1_168' title='bbox 402 2127 502 2168; x_wconf 91' lang='lat' dir='ltr'><strong>nos</strong></span> <span class='ocrx_word' id='word_1_169' title='bbox 521 2112 758 2169; x_wconf 85' lang='lat' dir='ltr'><strong>declarat</strong></span> <span class='ocrx_word' id='word_1_170' title='bbox 775 2156 789 2175; x_wconf 87' lang='lat'><strong><em>.</em></strong></span> <span class='ocrx_word' id='word_1_171' title='bbox 821 2131 980 2186; x_wconf 87' lang='lat' dir='ltr'><strong>quam</strong></span> <span class='ocrx_word' id='word_1_172' title='bbox 1012 2117 1428 2189; x_wconf 84' lang='lat' dir='ltr'><strong>indignationis?</strong></span> <span class='ocrx_word' id='word_1_173' title='bbox 1455 2122 1657 2180; x_wconf 84' lang='lat' dir='ltr'><strong>Idcirco</strong></span> 
     </span>
    </p>
   </div>
   <div class='ocr_carea' id='block_1_23' title="bbox 51 2203 1658 2282">
    <p class='ocr_par' dir='ltr' id='par_1_23' title="bbox 51 2203 1658 2282">
     <span class='ocr_line' id='line_1_23' title="bbox 51 2203 1658 2282; baseline 0.01 -27"><span class='ocrx_word' id='word_1_174' title='bbox 51 2203 215 2257; x_wconf 87' lang='lat' dir='ltr'><strong>etiam</strong></span> <span class='ocrx_word' id='word_1_175' title='bbox 247 2220 398 2259; x_wconf 90' lang='lat' dir='ltr'><strong>nunc</strong></span> <span class='ocrx_word' id='word_1_176' title='bbox 428 2213 638 2276; x_wconf 87' lang='lat' dir='ltr'><strong>tempus</strong></span> <span class='ocrx_word' id='word_1_177' title='bbox 656 2217 883 2274; x_wconf 86' lang='lat' dir='ltr'><strong>resecat,</strong></span> <span class='ocrx_word' id='word_1_178' title='bbox 902 2209 1054 2278; x_wconf 87' lang='lat' dir='ltr'><strong>cujus</strong></span> <span class='ocrx_word' id='word_1_179' title='bbox 1072 2210 1144 2265; x_wconf 92' lang='lat' dir='ltr'><strong>illi</strong></span> <span class='ocrx_word' id='word_1_180' title='bbox 1173 2211 1500 2282; x_wconf 81' lang='lat' dir='ltr'><strong>longitudine</strong></span> <span class='ocrx_word' id='word_1_181' title='bbox 1526 2216 1658 2271; x_wconf 89' lang='lat' dir='ltr'><strong>abu-</strong></span> 
     </span>
    </p>
   </div>
   <div class='ocr_carea' id='block_1_24' title="bbox 54 2297 1653 2379">
    <p class='ocr_par' dir='ltr' id='par_1_24' title="bbox 54 2297 1653 2379">
     <span class='ocr_line' id='line_1_24' title="bbox 54 2297 1653 2379; baseline 0.009 -29"><span class='ocrx_word' id='word_1_182' title='bbox 54 2297 336 2352; x_wconf 77' lang='lat' dir='ltr'><strong>tebantur.</strong></span> <span class='ocrx_word' id='word_1_183' title='bbox 376 2298 571 2354; x_wconf 86' lang='lat' dir='ltr'><strong>Beatus</strong></span> <span class='ocrx_word' id='word_1_184' title='bbox 595 2315 808 2371; x_wconf 89' lang='lat' dir='ltr'><strong>quoque</strong></span> <span class='ocrx_word' id='word_1_185' title='bbox 839 2301 1032 2356; x_wconf 87' lang='lat' dir='ltr'><strong>Paulus</strong></span> <span class='ocrx_word' id='word_1_186' title='bbox 1057 2303 1122 2358; x_wconf 88' lang='lat' dir='ltr'><strong>ad</strong></span> <span class='ocrx_word' id='word_1_187' title='bbox 1141 2305 1383 2375; x_wconf 83' lang='lat' dir='ltr'><strong>stupidus</strong></span> <span class='ocrx_word' id='word_1_188' title='bbox 1405 2307 1544 2376; x_wconf 90' lang='lat' dir='ltr'><strong>illos,</strong></span> <span class='ocrx_word' id='word_1_189' title='bbox 1563 2309 1653 2379; x_wconf 89' lang='lat' dir='ltr'><strong>qui</strong></span> 
     </span>
    </p>
   </div>
   <div class='ocr_carea' id='block_1_25' title="bbox 51 2387 1649 2468">
    <p class='ocr_par' dir='ltr' id='par_1_25' title="bbox 51 2387 1649 2468">
     <span class='ocr_line' id='line_1_25' title="bbox 51 2387 1649 2468; baseline 0.01 -28"><span class='ocrx_word' id='word_1_190' title='bbox 51 2387 281 2442; x_wconf 83' lang='lat' dir='ltr'><strong>salutem</strong></span> <span class='ocrx_word' id='word_1_191' title='bbox 311 2403 410 2458; x_wconf 87' lang='lat' dir='ltr'><strong>per</strong></span> <span class='ocrx_word' id='word_1_192' title='bbox 435 2391 798 2458; x_wconf 72' lang='lat' dir='ltr'><strong>pmoitentiam</strong></span> <span class='ocrx_word' id='word_1_193' title='bbox 824 2392 977 2448; x_wconf 88' lang='lat' dir='ltr'><strong>nobis</strong></span> <span class='ocrx_word' id='word_1_194' title='bbox 1003 2392 1180 2449; x_wconf 84' lang='lat' dir='ltr'><strong>datam</strong></span> <span class='ocrx_word' id='word_1_195' title='bbox 1208 2411 1312 2450; x_wconf 92' lang='lat' dir='ltr'><strong>non</strong></span> <span class='ocrx_word' id='word_1_196' title='bbox 1343 2397 1649 2468; x_wconf 89' lang='lat' dir='ltr'><strong>admittunt,</strong></span> 
     </span>
    </p>
   </div>
   <div class='ocr_carea' id='block_1_26' title="bbox 48 2481 1648 2557">
    <p class='ocr_par' dir='ltr' id='par_1_26' title="bbox 48 2481 1648 2557">
     <span class='ocr_line' id='line_1_26' title="bbox 48 2481 1648 2557; baseline 0.008 -25"><span class='ocrx_word' id='word_1_197' title='bbox 48 2481 264 2536; x_wconf 82' lang='lat' dir='ltr'><strong>dicebat</strong></span> <span class='ocrx_word' id='word_1_198' title='bbox 299 2497 316 2536; x_wconf 89' lang='lat'>:</span> <span class='ocrx_word' id='word_1_199' title='bbox 348 2482 428 2536; x_wconf 80' lang='lat' dir='ltr'><strong>An</strong></span> <span class='ocrx_word' id='word_1_200' title='bbox 456 2483 656 2537; x_wconf 86' lang='lat' dir='ltr'><strong>divitias</strong></span> <span class='ocrx_word' id='word_1_201' title='bbox 680 2485 917 2539; x_wconf 83' lang='lat' dir='ltr'><strong>bonitatis</strong></span> <span class='ocrx_word' id='word_1_202' title='bbox 953 2488 1064 2557; x_wconf 84' lang='lat' dir='ltr'><strong>ejus</strong></span> <span class='ocrx_word' id='word_1_203' title='bbox 1103 2497 1149 2541; x_wconf 91' lang='lat' dir='ltr'><strong>et</strong></span> <span class='ocrx_word' id='word_1_204' title='bbox 1178 2490 1433 2556; x_wconf 75' lang='lat' dir='ltr'><strong>patientia:</strong></span> <span class='ocrx_word' id='word_1_205' title='bbox 1468 2500 1513 2544; x_wconf 88' lang='lat' dir='ltr'><strong>et</strong></span> <span class='ocrx_word' id='word_1_206' title='bbox 1534 2492 1648 2545; x_wconf 85' lang='lat' dir='ltr'><strong>lon-</strong></span> 
     </span>
    </p>
   </div>
   <div class='ocr_carea' id='block_1_27' title="bbox 47 2572 1650 2648">
    <p class='ocr_par' dir='ltr' id='par_1_27' title="bbox 47 2572 1650 2648">
     <span class='ocr_line' id='line_1_27' title="bbox 47 2572 1650 2648; baseline 0.009 -27"><span class='ocrx_word' id='word_1_207' title='bbox 47 2572 367 2640; x_wconf 77' lang='lat' dir='ltr'><strong>ganimitatis</strong></span> <span class='ocrx_word' id='word_1_208' title='bbox 392 2574 692 2639; x_wconf 86' lang='lat' dir='ltr'><strong>contemnis,</strong></span> <span class='ocrx_word' id='word_1_209' title='bbox 717 2575 956 2644; x_wconf 86' lang='lat' dir='ltr'><strong>ignorans</strong></span> <span class='ocrx_word' id='word_1_210' title='bbox 983 2580 1120 2646; x_wconf 82' lang='lat' dir='ltr'><strong>quod</strong></span> <span class='ocrx_word' id='word_1_211' title='bbox 1141 2577 1424 2648; x_wconf 83' lang='lat' dir='ltr'><strong>benignitas</strong></span> <span class='ocrx_word' id='word_1_212' title='bbox 1451 2579 1547 2634; x_wconf 87' lang='lat' dir='ltr'><strong>Dei</strong></span> <span class='ocrx_word' id='word_1_213' title='bbox 1578 2583 1650 2635; x_wconf 86' lang='lat' dir='ltr'><strong>ad</strong></span> 
     </span>
    </p>
   </div>
   <div class='ocr_carea' id='block_1_28' title="bbox 43 2664 1647 2734">
    <p class='ocr_par' dir='ltr' id='par_1_28' title="bbox 43 2664 1647 2734">
     <span class='ocr_line' id='line_1_28' title="bbox 43 2664 1647 2734; baseline 0.009 -22"><span class='ocrx_word' id='word_1_214' title='bbox 43 2664 396 2729; x_wconf 54' lang='lat' dir='ltr'><strong>penitentiam</strong></span> <span class='ocrx_word' id='word_1_215' title='bbox 439 2674 486 2718; x_wconf 90' lang='lat' dir='ltr'><strong>te</strong></span> <span class='ocrx_word' id='word_1_216' title='bbox 533 2667 818 2734; x_wconf 83' lang='lat' dir='ltr'><strong>provocat?</strong></span> <span class='ocrx_word' id='word_1_217' title='bbox 864 2666 1155 2721; x_wconf 84' lang='lat' dir='ltr'><strong>Secundum</strong></span> <span class='ocrx_word' id='word_1_218' title='bbox 1199 2679 1365 2724; x_wconf 82' lang='lat' dir='ltr'><strong>autent</strong></span> <span class='ocrx_word' id='word_1_219' title='bbox 1409 2670 1647 2726; x_wconf 83' lang='lat' dir='ltr'><strong>duritiam</strong></span> 
     </span>
    </p>
   </div>
   <div class='ocr_carea' id='block_1_29' title="bbox 40 2758 1646 2833">
    <p class='ocr_par' dir='ltr' id='par_1_29' title="bbox 40 2758 1646 2833">
     <span class='ocr_line' id='line_1_29' title="bbox 40 2758 1646 2833; baseline 0.007 -27"><span class='ocrx_word' id='word_1_220' title='bbox 40 2767 184 2808; x_wconf 81' lang='lat' dir='ltr'><strong>tuam</strong></span> <span class='ocrx_word' id='word_1_221' title='bbox 208 2799 223 2814; x_wconf 87' lang='lat'><strong><em>.</em></strong></span> <span class='ocrx_word' id='word_1_222' title='bbox 249 2767 300 2809; x_wconf 88' lang='lat' dir='ltr'><strong>et</strong></span> <span class='ocrx_word' id='word_1_223' title='bbox 327 2758 639 2827; x_wconf 67' lang='lat' dir='ltr'><strong>tmpcnilens</strong></span> <span class='ocrx_word' id='word_1_224' title='bbox 654 2775 761 2824; x_wconf 87' lang='lat' dir='ltr'><strong>cor,</strong></span> <span class='ocrx_word' id='word_1_225' title='bbox 793 2759 1103 2813; x_wconf 78' lang='lat' dir='ltr'><strong>thesaurizas</strong></span> <span class='ocrx_word' id='word_1_226' title='bbox 1133 2761 1421 2833; x_wconf 87' lang='lat' dir='ltr'><strong>tibimetipsi</strong></span> <span class='ocrx_word' id='word_1_227' title='bbox 1441 2763 1569 2816; x_wconf 85' lang='lat' dir='ltr'><strong>iram</strong></span> <span class='ocrx_word' id='word_1_228' title='bbox 1594 2765 1646 2818; x_wconf 88' lang='lat' dir='ltr'><strong>in</strong></span> 
     </span>
    </p>
   </div>
   <div class='ocr_carea' id='block_1_30' title="bbox 36 2848 1645 2929">
    <p class='ocr_par' dir='ltr' id='par_1_30' title="bbox 36 2848 1645 2929">
     <span class='ocr_line' id='line_1_30' title="bbox 36 2848 1645 2929; baseline 0.008 -32"><span class='ocrx_word' id='word_1_229' title='bbox 36 2848 118 2898; x_wconf 78' lang='lat' dir='ltr'><strong>die</strong></span> <span class='ocrx_word' id='word_1_230' title='bbox 147 2849 247 2900; x_wconf 76' lang='lat' dir='ltr'><strong>ira:</strong></span> <span class='ocrx_word' id='word_1_231' title='bbox 272 2858 322 2901; x_wconf 88' lang='lat' dir='ltr'><strong>et</strong></span> <span class='ocrx_word' id='word_1_232' title='bbox 352 2850 667 2902; x_wconf 69' lang='lat' dir='ltr'><strong>reuelationis</strong></span> <span class='ocrx_word' id='word_1_233' title='bbox 685 2850 816 2920; x_wconf 89' lang='lat' dir='ltr'><strong>justi</strong></span> <span class='ocrx_word' id='word_1_234' title='bbox 845 2850 1023 2912; x_wconf 81' lang='lat' dir='ltr'><strong>iudicii</strong></span> <span class='ocrx_word' id='word_1_235' title='bbox 1051 2850 1146 2905; x_wconf 89' lang='lat' dir='ltr'><strong>Dei</strong></span> <span class='ocrx_word' id='word_1_236' title='bbox 1182 2853 1354 2922; x_wconf 86' lang='lat' dir='ltr'><strong>(Rom.</strong></span> <span class='ocrx_word' id='word_1_237' title='bbox 1381 2853 1434 2908; x_wconf 76' lang='grc'><strong>2.</strong></span> <span class='ocrx_word' id='word_1_238' title='bbox 1464 2855 1517 2910; x_wconf 77' lang='grc'><strong>4.</strong></span> <span class='ocrx_word' id='word_1_239' title='bbox 1545 2855 1645 2929; x_wconf 77' lang='lat'><strong>5)?</strong></span> 
     </span>
    </p>
   </div>
   <div class='ocr_carea' id='block_1_31' title="bbox 39 2937 1644 3007">
    <p class='ocr_par' dir='ltr' id='par_1_31' title="bbox 39 2937 1644 3007">
     <span class='ocr_line' id='line_1_31' title="bbox 39 2937 1644 3007; baseline 0.009 -17"><span class='ocrx_word' id='word_1_240' title='bbox 39 2937 241 2991; x_wconf 74' lang='lat' dir='ltr'><strong>Vidisti</strong></span> <span class='ocrx_word' id='word_1_241' title='bbox 268 2941 540 3007; x_wconf 89' lang='lat' dir='ltr'><strong>quomodo</strong></span> <span class='ocrx_word' id='word_1_242' title='bbox 593 2949 648 2995; x_wconf 87' lang='lat' dir='ltr'><strong>ct</strong></span> <span class='ocrx_word' id='word_1_243' title='bbox 672 2942 900 2997; x_wconf 77' lang='lat' dir='ltr'><strong>eximius</strong></span> <span class='ocrx_word' id='word_1_244' title='bbox 940 2942 1027 2998; x_wconf 90' lang='lat' dir='ltr'><strong>ille</strong></span> <span class='ocrx_word' id='word_1_245' title='bbox 1071 2943 1261 3000; x_wconf 90' lang='lat' dir='ltr'><strong>doctor</strong></span> <span class='ocrx_word' id='word_1_246' title='bbox 1308 2946 1455 3001; x_wconf 89' lang='lat' dir='ltr'><strong>orbis</strong></span> <span class='ocrx_word' id='word_1_247' title='bbox 1499 2948 1644 3005; x_wconf 87' lang='lat' dir='ltr'><strong>clare</strong></span> 
     </span>
    </p>
   </div>
   <div class='ocr_carea' id='block_1_32' title="bbox 39 3031 1639 3106">
    <p class='ocr_par' dir='ltr' id='par_1_32' title="bbox 39 3031 1639 3106">
     <span class='ocr_line' id='line_1_32' title="bbox 39 3031 1639 3106; baseline 0.007 -23"><span class='ocrx_word' id='word_1_248' title='bbox 39 3047 138 3084; x_wconf 83' lang='lat' dir='ltr'><strong>nos</strong></span> <span class='ocrx_word' id='word_1_249' title='bbox 168 3031 378 3098; x_wconf 86' lang='lat' dir='ltr'><strong>docuit,</strong></span> <span class='ocrx_word' id='word_1_250' title='bbox 408 3047 500 3087; x_wconf 89' lang='lat' dir='ltr'><strong>eos</strong></span> <span class='ocrx_word' id='word_1_251' title='bbox 525 3033 614 3103; x_wconf 91' lang='lat' dir='ltr'><strong>qui</strong></span> <span class='ocrx_word' id='word_1_252' title='bbox 639 3034 894 3103; x_wconf 84' lang='lat' dir='ltr'><strong>patientia</strong></span> <span class='ocrx_word' id='word_1_253' title='bbox 923 3035 1013 3090; x_wconf 89' lang='lat' dir='ltr'><strong>Dei</strong></span> <span class='ocrx_word' id='word_1_254' title='bbox 1044 3036 1108 3090; x_wconf 91' lang='lat' dir='ltr'><strong>ad</strong></span> <span class='ocrx_word' id='word_1_255' title='bbox 1139 3039 1508 3106; x_wconf 68' lang='lat' dir='ltr'><strong>paenitentiam</strong></span> <span class='ocrx_word' id='word_1_256' title='bbox 1541 3057 1639 3094; x_wconf 86' lang='lat' dir='ltr'><strong>no-</strong></span> 
     </span>
    </p>
   </div>
   <div class='ocr_carea' id='block_1_33' title="bbox 39 3121 1641 3201">
    <p class='ocr_par' dir='ltr' id='par_1_33' title="bbox 39 3121 1641 3201">
     <span class='ocr_line' id='line_1_33' title="bbox 39 3121 1641 3201; baseline 0.007 -27"><span class='ocrx_word' id='word_1_257' title='bbox 39 3121 118 3175; x_wconf 88' lang='lat' dir='ltr'><strong>bis</strong></span> <span class='ocrx_word' id='word_1_258' title='bbox 173 3136 440 3179; x_wconf 83' lang='lat' dir='ltr'><strong>concessa</strong></span> <span class='ocrx_word' id='word_1_259' title='bbox 483 3123 793 3191; x_wconf 91' lang='lat' dir='ltr'><strong>abutuntur,</strong></span> <span class='ocrx_word' id='word_1_260' title='bbox 825 3125 1012 3194; x_wconf 87' lang='lat' dir='ltr'><strong>majori</strong></span> <span class='ocrx_word' id='word_1_261' title='bbox 1061 3142 1235 3198; x_wconf 65' lang='lat' dir='ltr'><strong>paenae</strong></span> <span class='ocrx_word' id='word_1_262' title='bbox 1280 3138 1335 3184; x_wconf 93' lang='lat' dir='ltr'><strong>et</strong></span> <span class='ocrx_word' id='word_1_263' title='bbox 1380 3131 1641 3201; x_wconf 81' lang='lat' dir='ltr'><strong>supplicio</strong></span> 
     </span>
    </p>
   </div>
   <div class='ocr_carea' id='block_1_34' title="bbox 38 3214 1637 3284">
    <p class='ocr_par' dir='ltr' id='par_1_34' title="bbox 38 3214 1637 3284">
     <span class='ocr_line' id='line_1_34' title="bbox 38 3214 1637 3284; baseline 0.008 -15"><span class='ocrx_word' id='word_1_264' title='bbox 38 3214 368 3284; x_wconf 79' lang='lat' dir='ltr'><strong>semetipsos</strong></span> <span class='ocrx_word' id='word_1_265' title='bbox 388 3215 656 3272; x_wconf 83' lang='lat' dir='ltr'><strong>obnoxios</strong></span> <span class='ocrx_word' id='word_1_266' title='bbox 685 3217 948 3273; x_wconf 83' lang='lat' dir='ltr'><strong>reddere?</strong></span> <span class='ocrx_word' id='word_1_267' title='bbox 973 3219 1043 3274; x_wconf 86' lang='lat' dir='ltr'><strong>Et</strong></span> <span class='ocrx_word' id='word_1_268' title='bbox 1067 3221 1163 3276; x_wconf 90' lang='lat' dir='ltr'><strong>hac</strong></span> <span class='ocrx_word' id='word_1_269' title='bbox 1187 3221 1252 3276; x_wconf 91' lang='lat' dir='ltr'><strong>de</strong></span> <span class='ocrx_word' id='word_1_270' title='bbox 1280 3238 1437 3277; x_wconf 89' lang='lat' dir='ltr'><strong>causa</strong></span> <span class='ocrx_word' id='word_1_271' title='bbox 1477 3225 1637 3281; x_wconf 83' lang='lat' dir='ltr'><strong>etiam</strong></span> 
     </span>
    </p>
   </div>
   <div class='ocr_carea' id='block_1_35' title="bbox 38 3308 1637 3385">
    <p class='ocr_par' dir='ltr' id='par_1_35' title="bbox 38 3308 1637 3385">
     <span class='ocr_line' id='line_1_35' title="bbox 38 3308 1637 3385; baseline 0.008 -25"><span class='ocrx_word' id='word_1_272' title='bbox 38 3323 183 3362; x_wconf 88' lang='lat' dir='ltr'><strong>nunc</strong></span> <span class='ocrx_word' id='word_1_273' title='bbox 218 3308 484 3379; x_wconf 84' lang='lat' dir='ltr'><strong>benignus</strong></span> <span class='ocrx_word' id='word_1_274' title='bbox 514 3309 673 3373; x_wconf 86' lang='lat' dir='ltr'><strong>Dens,</strong></span> <span class='ocrx_word' id='word_1_275' title='bbox 703 3312 853 3381; x_wconf 80' lang='lat' dir='ltr'><strong>quasi</strong></span> <span class='ocrx_word' id='word_1_276' title='bbox 883 3326 1003 3367; x_wconf 88' lang='lat' dir='ltr'><strong>sese</strong></span> <span class='ocrx_word' id='word_1_277' title='bbox 1037 3327 1273 3385; x_wconf 86' lang='lat' dir='ltr'><strong>purgans</strong></span> <span class='ocrx_word' id='word_1_278' title='bbox 1292 3358 1307 3382; x_wconf 91' lang='lat'><strong>,</strong></span> <span class='ocrx_word' id='word_1_279' title='bbox 1341 3318 1637 3372; x_wconf 89' lang='lat' dir='ltr'><strong>rationem-</strong></span> 
     </span>
    </p>
   </div>
   <div class='ocr_carea' id='block_1_36' title="bbox 35 3398 1638 3481">
    <p class='ocr_par' dir='ltr' id='par_1_36' title="bbox 35 3398 1638 3481">
     <span class='ocr_line' id='line_1_36' title="bbox 35 3398 1638 3481; baseline 0.009 -31"><span class='ocrx_word' id='word_1_280' title='bbox 35 3414 141 3466; x_wconf 85' lang='lat' dir='ltr'><strong>que</strong></span> <span class='ocrx_word' id='word_1_281' title='bbox 191 3398 462 3466; x_wconf 86' lang='lat' dir='ltr'><strong>reddens,</strong></span> <span class='ocrx_word' id='word_1_282' title='bbox 512 3416 677 3470; x_wconf 91' lang='lat' dir='ltr'><strong>quare</strong></span> <span class='ocrx_word' id='word_1_283' title='bbox 719 3413 1006 3474; x_wconf 85' lang='lat' dir='ltr'><strong>antequam</strong></span> <span class='ocrx_word' id='word_1_284' title='bbox 1055 3407 1373 3475; x_wconf 90' lang='lat' dir='ltr'><strong>promissum</strong></span> <span class='ocrx_word' id='word_1_285' title='bbox 1428 3419 1638 3481; x_wconf 84' lang='lat' dir='ltr'><strong>tempus</strong></span> 
     </span>
    </p>
   </div>
   <div class='ocr_carea' id='block_1_37' title="bbox 36 3490 1638 3570">
    <p class='ocr_par' dir='ltr' id='par_1_37' title="bbox 36 3490 1638 3570">
     <span class='ocr_line' id='line_1_37' title="bbox 36 3490 1638 3570; baseline 0.011 -29"><span class='ocrx_word' id='word_1_286' title='bbox 36 3490 379 3557; x_wconf 77' lang='lat' dir='ltr'><strong>impleretur,</strong></span> <span class='ocrx_word' id='word_1_287' title='bbox 408 3491 667 3547; x_wconf 90' lang='lat' dir='ltr'><strong>diluvium</strong></span> <span class='ocrx_word' id='word_1_288' title='bbox 698 3493 987 3562; x_wconf 79' lang='lat' dir='ltr'><strong>induxerit,</strong></span> <span class='ocrx_word' id='word_1_289' title='bbox 1011 3512 1270 3554; x_wconf 90' lang='lat' dir='ltr'><strong>annorum</strong></span> <span class='ocrx_word' id='word_1_290' title='bbox 1290 3500 1417 3570; x_wconf 90' lang='lat' dir='ltr'><strong>justi</strong></span> <span class='ocrx_word' id='word_1_291' title='bbox 1451 3519 1638 3559; x_wconf 87' lang='lat' dir='ltr'><strong>nume-</strong></span> 
     </span>
    </p>
   </div>
   <div class='ocr_carea' id='block_1_38' title="bbox 34 3580 1634 3649">
    <p class='ocr_par' dir='ltr' id='par_1_38' title="bbox 34 3580 1634 3649">
     <span class='ocr_line' id='line_1_38' title="bbox 34 3580 1634 3649; baseline 0.01 -16"><span class='ocrx_word' id='word_1_292' title='bbox 34 3595 152 3633; x_wconf 91' lang='lat' dir='ltr'><strong>rum</strong></span> <span class='ocrx_word' id='word_1_293' title='bbox 207 3580 466 3649; x_wconf 84' lang='lat' dir='ltr'><strong>declarat,</strong></span> <span class='ocrx_word' id='word_1_294' title='bbox 508 3591 564 3637; x_wconf 90' lang='lat' dir='ltr'><strong>et</strong></span> <span class='ocrx_word' id='word_1_295' title='bbox 609 3583 788 3639; x_wconf 84' lang='lat' dir='ltr'><strong>dicit:</strong></span> <span class='ocrx_word' id='word_1_296' title='bbox 844 3583 958 3640; x_wconf 83' lang='lat' dir='ltr'><strong>Noe</strong></span> <span class='ocrx_word' id='word_1_297' title='bbox 1003 3598 1172 3642; x_wconf 88' lang='lat' dir='ltr'><strong>autem</strong></span> <span class='ocrx_word' id='word_1_298' title='bbox 1223 3600 1330 3644; x_wconf 90' lang='lat' dir='ltr'><strong>erat</strong></span> <span class='ocrx_word' id='word_1_299' title='bbox 1384 3609 1634 3649; x_wconf 88' lang='lat' dir='ltr'><strong>annorum</strong></span> 
     </span>
    </p>
   </div>
   <div class='ocr_carea' id='block_1_39' title="bbox 30 3668 1630 3747">
    <p class='ocr_par' dir='ltr' id='par_1_39' title="bbox 30 3668 1630 3747">
     <span class='ocr_line' id='line_1_39' title="bbox 30 3668 1630 3747; baseline 0.013 -24"><span class='ocrx_word' id='word_1_300' title='bbox 30 3668 411 3726; x_wconf 70' lang='lat' dir='ltr'><strong>sexcentarum.</strong></span> <span class='ocrx_word' id='word_1_301' title='bbox 455 3673 587 3730; x_wconf 83' lang='lat' dir='ltr'><strong>Nam</strong></span> <span class='ocrx_word' id='word_1_302' title='bbox 611 3677 698 3747; x_wconf 89' lang='lat' dir='ltr'><strong>qui</strong></span> <span class='ocrx_word' id='word_1_303' title='bbox 750 3678 801 3732; x_wconf 92' lang='lat' dir='ltr'><strong>in</strong></span> <span class='ocrx_word' id='word_1_304' title='bbox 831 3688 1046 3734; x_wconf 89' lang='lat' dir='ltr'><strong>centum</strong></span> <span class='ocrx_word' id='word_1_305' title='bbox 1076 3682 1231 3736; x_wconf 88' lang='lat' dir='ltr'><strong>annis</strong></span> <span class='ocrx_word' id='word_1_306' title='bbox 1257 3689 1497 3742; x_wconf 89' lang='lat' dir='ltr'><strong>converti</strong></span> <span class='ocrx_word' id='word_1_307' title='bbox 1529 3703 1630 3742; x_wconf 83' lang='lat' dir='ltr'><strong>no-</strong></span> 
     </span>
    </p>
   </div>
   <div class='ocr_carea' id='block_1_40' title="bbox 31 3766 1628 3852">
    <p class='ocr_par' dir='ltr' id='par_1_40' title="bbox 31 3766 1628 3852">
     <span class='ocr_line' id='line_1_40' title="bbox 31 3766 1628 3852; baseline 0.012 -34"><span class='ocrx_word' id='word_1_308' title='bbox 31 3766 256 3831; x_wconf 83' lang='lat' dir='ltr'><strong>luerint,</strong></span> <span class='ocrx_word' id='word_1_309' title='bbox 290 3769 416 3838; x_wconf 90' lang='lat' dir='ltr'><strong>quid</strong></span> <span class='ocrx_word' id='word_1_310' title='bbox 458 3771 686 3841; x_wconf 88' lang='lat' dir='ltr'><strong>amplius</strong></span> <span class='ocrx_word' id='word_1_311' title='bbox 739 3774 1059 3842; x_wconf 89' lang='lat' dir='ltr'><strong>proﬁcerent</strong></span> <span class='ocrx_word' id='word_1_312' title='bbox 1100 3791 1166 3832; x_wconf 79' lang='lat' dir='ltr'><strong>ex</strong></span> <span class='ocrx_word' id='word_1_313' title='bbox 1215 3779 1370 3833; x_wconf 88' lang='lat' dir='ltr'><strong>anuis</strong></span> <span class='ocrx_word' id='word_1_314' title='bbox 1422 3783 1628 3852; x_wconf 81' lang='lat' dir='ltr'><strong>viginti,</strong></span> 
     </span>
    </p>
   </div>
   <div class='ocr_carea' id='block_1_41' title="bbox 30 3861 1629 3935">
    <p class='ocr_par' dir='ltr' id='par_1_41' title="bbox 30 3861 1629 3935">
     <span class='ocr_line' id='line_1_41' title="bbox 30 3861 1629 3935; baseline 0.011 -24"><span class='ocrx_word' id='word_1_315' title='bbox 30 3875 192 3927; x_wconf 80' lang='lat' dir='ltr'><strong>quam</strong></span> <span class='ocrx_word' id='word_1_316' title='bbox 239 3861 386 3930; x_wconf 86' lang='lat' dir='ltr'><strong>quod</strong></span> <span class='ocrx_word' id='word_1_317' title='bbox 442 3862 592 3931; x_wconf 85' lang='lat' dir='ltr'><strong>plura</strong></span> <span class='ocrx_word' id='word_1_318' title='bbox 653 3864 948 3933; x_wconf 88' lang='lat' dir='ltr'><strong>adjicerent</strong></span> <span class='ocrx_word' id='word_1_319' title='bbox 1001 3868 1251 3935; x_wconf 87' lang='lat' dir='ltr'><strong>peccata?</strong></span> <span class='ocrx_word' id='word_1_320' title='bbox 1303 3870 1456 3926; x_wconf 84' lang='lat' dir='ltr'><strong>Enim</strong></span> <span class='ocrx_word' id='word_1_321' title='bbox 1500 3887 1629 3928; x_wconf 83' lang='lat' dir='ltr'><strong>vero</strong></span> 
     </span>
    </p>
   </div>
   <div class='ocr_carea' id='block_1_42' title="bbox 31 3951 1624 4018">
    <p class='ocr_par' dir='ltr' id='par_1_42' title="bbox 31 3951 1624 4018">
     <span class='ocr_line' id='line_1_42' title="bbox 31 3951 1624 4018; baseline 0.01 -16"><span class='ocrx_word' id='word_1_322' title='bbox 31 3960 346 4005; x_wconf 85' lang='lat' dir='ltr'><strong>monstrans</strong></span> <span class='ocrx_word' id='word_1_323' title='bbox 374 3951 694 4009; x_wconf 79' lang='lat' dir='ltr'><strong>iueﬁ’abilem</strong></span> <span class='ocrx_word' id='word_1_324' title='bbox 723 3969 875 4010; x_wconf 88' lang='lat' dir='ltr'><strong>suam</strong></span> <span class='ocrx_word' id='word_1_325' title='bbox 898 3955 1321 4014; x_wconf 86' lang='lat' dir='ltr'><strong>misericordiam</strong></span> <span class='ocrx_word' id='word_1_326' title='bbox 1351 3971 1404 4016; x_wconf 92' lang='lat' dir='ltr'><strong>et</strong></span> <span class='ocrx_word' id='word_1_327' title='bbox 1441 3963 1624 4018; x_wconf 82' lang='lat' dir='ltr'><strong>excel-</strong></span> 
     </span>
    </p>
   </div>
   <div class='ocr_carea' id='block_1_43' title="bbox 31 4039 1622 4122">
    <p class='ocr_par' dir='ltr' id='par_1_43' title="bbox 31 4039 1622 4122">
     <span class='ocr_line' id='line_1_43' title="bbox 31 4039 1622 4122; baseline 0.011 -31"><span class='ocrx_word' id='word_1_328' title='bbox 31 4039 230 4094; x_wconf 84' lang='lat' dir='ltr'><strong>lentem</strong></span> <span class='ocrx_word' id='word_1_329' title='bbox 261 4041 574 4107; x_wconf 86' lang='lat' dir='ltr'><strong>bonitatem,</strong></span> <span class='ocrx_word' id='word_1_330' title='bbox 605 4060 710 4099; x_wconf 92' lang='lat' dir='ltr'><strong>non</strong></span> <span class='ocrx_word' id='word_1_331' title='bbox 755 4047 1025 4102; x_wconf 84' lang='lat' dir='ltr'><strong>recusavit</strong></span> <span class='ocrx_word' id='word_1_332' title='bbox 1079 4048 1239 4103; x_wconf 87' lang='lat' dir='ltr'><strong>etiam</strong></span> <span class='ocrx_word' id='word_1_333' title='bbox 1277 4060 1400 4107; x_wconf 88' lang='lat' dir='ltr'><strong>ante</strong></span> <span class='ocrx_word' id='word_1_334' title='bbox 1419 4063 1622 4122; x_wconf 87' lang='lat' dir='ltr'><strong>septem</strong></span> 
     </span>
    </p>
   </div>
   <div class='ocr_carea' id='block_1_44' title="bbox 28 4130 1620 4210">
    <p class='ocr_par' dir='ltr' id='par_1_44' title="bbox 28 4130 1620 4210">
     <span class='ocr_line' id='line_1_44' title="bbox 28 4130 1620 4210; baseline 0.009 -26"><span class='ocrx_word' id='word_1_335' title='bbox 28 4130 144 4186; x_wconf 83' lang='lat' dir='ltr'><strong>dies</strong></span> <span class='ocrx_word' id='word_1_336' title='bbox 172 4132 468 4202; x_wconf 66' lang='lat' dir='ltr'><strong>praedicere</strong></span> <span class='ocrx_word' id='word_1_337' title='bbox 493 4133 572 4189; x_wconf 89' lang='lat' dir='ltr'><strong>eis</strong></span> <span class='ocrx_word' id='word_1_338' title='bbox 594 4134 850 4190; x_wconf 87' lang='lat' dir='ltr'><strong>diluvium</strong></span> <span class='ocrx_word' id='word_1_339' title='bbox 885 4152 1011 4192; x_wconf 82' lang='lat' dir='ltr'><strong>mox</strong></span> <span class='ocrx_word' id='word_1_340' title='bbox 1048 4138 1428 4210; x_wconf 88' lang='lat' dir='ltr'><strong>inducendum,</strong></span> <span class='ocrx_word' id='word_1_341' title='bbox 1454 4153 1510 4197; x_wconf 90' lang='lat' dir='ltr'><strong>ut</strong></span> <span class='ocrx_word' id='word_1_342' title='bbox 1536 4145 1620 4200; x_wconf 88' lang='lat' dir='ltr'><strong>vel</strong></span> 
     </span>
    </p>
   </div>
   <div class='ocr_carea' id='block_1_45' title="bbox 27 4227 1621 4310">
    <p class='ocr_par' dir='ltr' id='par_1_45' title="bbox 27 4227 1621 4310">
     <span class='ocr_line' id='line_1_45' title="bbox 27 4227 1621 4310; baseline 0.011 -32"><span class='ocrx_word' id='word_1_343' title='bbox 27 4227 275 4295; x_wconf 82' lang='lat' dir='ltr'><strong>angustia</strong></span> <span class='ocrx_word' id='word_1_344' title='bbox 340 4228 597 4300; x_wconf 88' lang='lat' dir='ltr'><strong>temporis</strong></span> <span class='ocrx_word' id='word_1_345' title='bbox 652 4232 886 4302; x_wconf 91' lang='lat' dir='ltr'><strong>correpti</strong></span> <span class='ocrx_word' id='word_1_346' title='bbox 931 4235 1337 4292; x_wconf 88' lang='lat' dir='ltr'><strong>conversionem</strong></span> <span class='ocrx_word' id='word_1_347' title='bbox 1390 4238 1621 4310; x_wconf 86' lang='lat' dir='ltr'><strong>aliquam</strong></span> 
     </span>
    </p>
   </div>
   <div class='ocr_carea' id='block_1_46' title="bbox 26 4317 400 4374">
    <p class='ocr_par' dir='ltr' id='par_1_46' title="bbox 26 4317 400 4374">
     <span class='ocr_line' id='line_1_46' title="bbox 26 4317 400 4374; baseline 0.005 -3"><span class='ocrx_word' id='word_1_348' title='bbox 26 4317 400 4374; x_wconf 87' lang='lat' dir='ltr'><strong>ostenderent.</strong></span> 
     </span>
    </p>
   </div>
   <div class='ocr_carea' id='block_1_47' title="bbox 95 4407 1623 4485">
    <p class='ocr_par' dir='ltr' id='par_1_47' title="bbox 95 4407 1623 4485">
     <span class='ocr_line' id='line_1_47' title="bbox 95 4407 1623 4485; baseline 0.008 -21"><span class='ocrx_word' id='word_1_349' title='bbox 95 4410 152 4464; x_wconf 78' lang='grc'><strong>3.</strong></span> <span class='ocrx_word' id='word_1_350' title='bbox 189 4407 331 4466; x_wconf 83' lang='lat' dir='ltr'><strong>Deus</strong></span> <span class='ocrx_word' id='word_1_351' title='bbox 361 4411 590 4480; x_wconf 77' lang='lat' dir='ltr'><strong>prtedicit</strong></span> <span class='ocrx_word' id='word_1_352' title='bbox 613 4429 812 4484; x_wconf 75' lang='lat' dir='ltr'><strong>poenas,</strong></span> <span class='ocrx_word' id='word_1_353' title='bbox 835 4431 898 4467; x_wconf 89' lang='lat' dir='ltr'><strong>ne</strong></span> <span class='ocrx_word' id='word_1_354' title='bbox 921 4415 1128 4485; x_wconf 78' lang='lat' dir='ltr'><strong>inferat.</strong></span> <span class='ocrx_word' id='word_1_355' title='bbox 1157 4447 1227 4456; x_wconf 95' lang='lat'><em>—</em></span> <span class='ocrx_word' id='word_1_356' title='bbox 1251 4417 1317 4472; x_wconf 86' lang='lat' dir='ltr'><strong>Et</strong></span> <span class='ocrx_word' id='word_1_357' title='bbox 1341 4418 1461 4474; x_wconf 82' lang='lat' dir='ltr'><strong>vide</strong></span> <span class='ocrx_word' id='word_1_358' title='bbox 1511 4420 1623 4476; x_wconf 89' lang='lat' dir='ltr'><strong>cle-</strong></span> 
     </span>
    </p>
   </div>
   <div class='ocr_carea' id='block_1_48' title="bbox 21 4502 1617 4580">
    <p class='ocr_par' dir='ltr' id='par_1_48' title="bbox 21 4502 1617 4580">
     <span class='ocr_line' id='line_1_48' title="bbox 21 4502 1617 4580; baseline 0.008 -25"><span class='ocrx_word' id='word_1_359' title='bbox 21 4502 286 4556; x_wconf 89' lang='lat' dir='ltr'><strong>mentiam</strong></span> <span class='ocrx_word' id='word_1_360' title='bbox 315 4502 548 4568; x_wconf 89' lang='lat' dir='ltr'><strong>Domini,</strong></span> <span class='ocrx_word' id='word_1_361' title='bbox 579 4505 845 4574; x_wconf 91' lang='lat' dir='ltr'><strong>quomodo</strong></span> <span class='ocrx_word' id='word_1_362' title='bbox 885 4507 1033 4577; x_wconf 87' lang='lat' dir='ltr'><strong>quasi</strong></span> <span class='ocrx_word' id='word_1_363' title='bbox 1076 4507 1247 4562; x_wconf 88' lang='lat' dir='ltr'><strong>bonus</strong></span> <span class='ocrx_word' id='word_1_364' title='bbox 1287 4511 1476 4580; x_wconf 86' lang='lat' dir='ltr'><strong>aliquis</strong></span> <span class='ocrx_word' id='word_1_365' title='bbox 1502 4527 1617 4567; x_wconf 89' lang='lat' dir='ltr'><strong>me-</strong></span> 
     </span>
    </p>
   </div>
   <div class='ocr_carea' id='block_1_49' title="bbox 17 4592 1617 4658">
    <p class='ocr_par' dir='ltr' id='par_1_49' title="bbox 17 4592 1617 4658">
     <span class='ocr_line' id='line_1_49' title="bbox 17 4592 1617 4658; baseline 0.008 -12"><span class='ocrx_word' id='word_1_366' title='bbox 17 4592 200 4658; x_wconf 87' lang='lat' dir='ltr'><strong>dicus,</strong></span> <span class='ocrx_word' id='word_1_367' title='bbox 225 4593 388 4648; x_wconf 88' lang='lat' dir='ltr'><strong>variis</strong></span> <span class='ocrx_word' id='word_1_368' title='bbox 414 4594 517 4648; x_wconf 88' lang='lat' dir='ltr'><strong>viis</strong></span> <span class='ocrx_word' id='word_1_369' title='bbox 547 4597 788 4650; x_wconf 89' lang='lat' dir='ltr'><strong>morbum</strong></span> <span class='ocrx_word' id='word_1_370' title='bbox 817 4613 1003 4653; x_wconf 89' lang='lat' dir='ltr'><strong>eorum</strong></span> <span class='ocrx_word' id='word_1_371' title='bbox 1034 4614 1225 4654; x_wconf 89' lang='lat' dir='ltr'><strong>curare</strong></span> <span class='ocrx_word' id='word_1_372' title='bbox 1265 4609 1453 4656; x_wconf 86' lang='lat' dir='ltr'><strong>tentat.</strong></span> <span class='ocrx_word' id='word_1_373' title='bbox 1485 4602 1617 4658; x_wconf 75' lang='lat' dir='ltr'><strong>Nam</strong></span> 
     </span>
    </p>
   </div>
   <div class='ocr_carea' id='block_1_50' title="bbox 16 4683 1618 4763">
    <p class='ocr_par' dir='ltr' id='par_1_50' title="bbox 16 4683 1618 4763">
     <span class='ocr_line' id='line_1_50' title="bbox 16 4683 1618 4763; baseline 0.009 -27"><span class='ocrx_word' id='word_1_374' title='bbox 16 4683 280 4751; x_wconf 78' lang='lat' dir='ltr'><strong>quoniam</strong></span> <span class='ocrx_word' id='word_1_375' title='bbox 313 4684 623 4740; x_wconf 88' lang='lat' dir='ltr'><strong>incurabilia</strong></span> <span class='ocrx_word' id='word_1_376' title='bbox 651 4702 836 4742; x_wconf 88' lang='lat' dir='ltr'><strong>eorum</strong></span> <span class='ocrx_word' id='word_1_377' title='bbox 863 4699 1016 4744; x_wconf 91' lang='lat' dir='ltr'><strong>erant</strong></span> <span class='ocrx_word' id='word_1_378' title='bbox 1048 4691 1292 4758; x_wconf 89' lang='lat' dir='ltr'><strong>vulnera,</strong></span> <span class='ocrx_word' id='word_1_379' title='bbox 1319 4701 1426 4747; x_wconf 85' lang='lat' dir='ltr'><strong>tant</strong></span> <span class='ocrx_word' id='word_1_380' title='bbox 1454 4696 1618 4763; x_wconf 82' lang='lat' dir='ltr'><strong>proi-</strong></span> 
     </span>
    </p>
   </div>
   <div class='ocr_carea' id='block_1_51' title="bbox 20 4775 1618 4848">
    <p class='ocr_par' dir='ltr' id='par_1_51' title="bbox 20 4775 1618 4848">
     <span class='ocr_line' id='line_1_51' title="bbox 20 4775 1618 4848; baseline 0.007 -20"><span class='ocrx_word' id='word_1_381' title='bbox 20 4791 150 4828; x_wconf 70' lang='lat' dir='ltr'><strong>sum</strong></span> <span class='ocrx_word' id='word_1_382' title='bbox 181 4775 260 4830; x_wconf 89' lang='lat' dir='ltr'><strong>eis</strong></span> <span class='ocrx_word' id='word_1_383' title='bbox 293 4784 503 4844; x_wconf 90' lang='lat' dir='ltr'><strong>tempus</strong></span> <span class='ocrx_word' id='word_1_384' title='bbox 530 4779 874 4848; x_wconf 71' lang='lat' dir='ltr'><strong>praescripsit,</strong></span> <span class='ocrx_word' id='word_1_385' title='bbox 903 4780 1106 4845; x_wconf 86' lang='lat' dir='ltr'><strong>volens,</strong></span> <span class='ocrx_word' id='word_1_386' title='bbox 1123 4782 1284 4836; x_wconf 88' lang='lat' dir='ltr'><strong>etiam</strong></span> <span class='ocrx_word' id='word_1_387' title='bbox 1310 4783 1356 4837; x_wconf 88' lang='lat' dir='ltr'><strong>si</strong></span> <span class='ocrx_word' id='word_1_388' title='bbox 1388 4784 1439 4837; x_wconf 90' lang='lat' dir='ltr'><strong>in</strong></span> <span class='ocrx_word' id='word_1_389' title='bbox 1471 4793 1618 4839; x_wconf 87' lang='lat' dir='ltr'><strong>tanto</strong></span> 
     </span>
    </p>
   </div>
   <div class='ocr_carea' id='block_1_52' title="bbox 20 4868 1618 4942">
    <p class='ocr_par' dir='ltr' id='par_1_52' title="bbox 20 4868 1618 4942">
     <span class='ocr_line' id='line_1_52' title="bbox 20 4868 1618 4942; baseline 0.009 -25"><span class='ocrx_word' id='word_1_390' title='bbox 20 4877 267 4935; x_wconf 81' lang='lat' dir='ltr'><strong>tempore</strong></span> <span class='ocrx_word' id='word_1_391' title='bbox 289 4868 683 4936; x_wconf 86' lang='lat' dir='ltr'><strong>resipiscerent,</strong></span> <span class='ocrx_word' id='word_1_392' title='bbox 698 4871 1337 4942; x_wconf 86' lang='lat' dir='ltr'><strong>revocareindignationis</strong></span> <span class='ocrx_word' id='word_1_393' title='bbox 1361 4890 1471 4931; x_wconf 64' lang='lat' dir='ltr'><strong>sua:</strong></span> <span class='ocrx_word' id='word_1_394' title='bbox 1497 4892 1618 4932; x_wconf 83' lang='lat' dir='ltr'><strong>sen-</strong></span> 
     </span>
    </p>
   </div>
   <div class='ocr_carea' id='block_1_53' title="bbox 22 4957 1614 5035">
    <p class='ocr_par' dir='ltr' id='par_1_53' title="bbox 22 4957 1614 5035">
     <span class='ocr_line' id='line_1_53' title="bbox 22 4957 1614 5035; baseline 0.011 -27"><span class='ocrx_word' id='word_1_395' title='bbox 22 4957 265 5010; x_wconf 81' lang='lat' dir='ltr'><strong>tentiam.</strong></span> <span class='ocrx_word' id='word_1_396' title='bbox 296 4957 522 5028; x_wconf 88' lang='lat' dir='ltr'><strong>Semper</strong></span> <span class='ocrx_word' id='word_1_397' title='bbox 549 4961 689 5015; x_wconf 89' lang='lat' dir='ltr'><strong>enim</strong></span> <span class='ocrx_word' id='word_1_398' title='bbox 719 4977 837 5016; x_wconf 89' lang='lat' dir='ltr'><strong>mos</strong></span> <span class='ocrx_word' id='word_1_399' title='bbox 864 4963 980 5032; x_wconf 89' lang='lat' dir='ltr'><strong>ejus</strong></span> <span class='ocrx_word' id='word_1_400' title='bbox 1005 4972 1111 5032; x_wconf 89' lang='lat' dir='ltr'><strong>est,</strong></span> <span class='ocrx_word' id='word_1_401' title='bbox 1138 4967 1388 5035; x_wconf 90' lang='lat' dir='ltr'><strong>quoniam</strong></span> <span class='ocrx_word' id='word_1_402' title='bbox 1419 4979 1614 5026; x_wconf 67' lang='lat' dir='ltr'><strong>nostra)</strong></span> 
     </span>
    </p>
   </div>
   <div class='ocr_carea' id='block_1_54' title="bbox 19 5046 1612 5126">
    <p class='ocr_par' dir='ltr' id='par_1_54' title="bbox 19 5046 1612 5126">
     <span class='ocr_line' id='line_1_54' title="bbox 19 5046 1612 5126; baseline 0.011 -29"><span class='ocrx_word' id='word_1_403' title='bbox 19 5046 212 5100; x_wconf 86' lang='lat' dir='ltr'><strong>salutis</strong></span> <span class='ocrx_word' id='word_1_404' title='bbox 225 5063 412 5101; x_wconf 81' lang='lat' dir='ltr'><strong>curant</strong></span> <span class='ocrx_word' id='word_1_405' title='bbox 443 5050 573 5119; x_wconf 90' lang='lat' dir='ltr'><strong>agit,</strong></span> <span class='ocrx_word' id='word_1_406' title='bbox 589 5051 879 5119; x_wconf 62' lang='lat' dir='ltr'><strong>praedicere</strong></span> <span class='ocrx_word' id='word_1_407' title='bbox 898 5069 1029 5122; x_wconf 89' lang='lat' dir='ltr'><strong>quas</strong></span> <span class='ocrx_word' id='word_1_408' title='bbox 1052 5069 1235 5123; x_wconf 68' lang='lat' dir='ltr'><strong>pinnas</strong></span> <span class='ocrx_word' id='word_1_409' title='bbox 1255 5058 1323 5111; x_wconf 91' lang='lat' dir='ltr'><strong>sit</strong></span> <span class='ocrx_word' id='word_1_410' title='bbox 1347 5059 1612 5126; x_wconf 89' lang='lat' dir='ltr'><strong>illaturus,</strong></span> 
     </span>
    </p>
   </div>
   <div class='ocr_carea' id='block_1_55' title="bbox 17 5138 1610 5217">
    <p class='ocr_par' dir='ltr' id='par_1_55' title="bbox 17 5138 1610 5217">
     <span class='ocr_line' id='line_1_55' title="bbox 17 5138 1610 5217; baseline 0.012 -28"><span class='ocrx_word' id='word_1_411' title='bbox 17 5138 92 5190; x_wconf 81' lang='lat' dir='ltr'><strong>eh</strong></span> <span class='ocrx_word' id='word_1_412' title='bbox 125 5138 262 5194; x_wconf 86' lang='lat' dir='ltr'><strong>hanc</strong></span> <span class='ocrx_word' id='word_1_413' title='bbox 303 5148 512 5194; x_wconf 88' lang='lat' dir='ltr'><strong>tantum</strong></span> <span class='ocrx_word' id='word_1_414' title='bbox 550 5156 788 5210; x_wconf 86' lang='lat' dir='ltr'><strong>causam,</strong></span> <span class='ocrx_word' id='word_1_415' title='bbox 815 5159 882 5200; x_wconf 90' lang='lat' dir='ltr'><strong>ne</strong></span> <span class='ocrx_word' id='word_1_416' title='bbox 933 5145 1150 5210; x_wconf 79' lang='lat' dir='ltr'><strong>inferat;</strong></span> <span class='ocrx_word' id='word_1_417' title='bbox 1179 5163 1309 5217; x_wconf 92' lang='lat' dir='ltr'><strong>quas</strong></span> <span class='ocrx_word' id='word_1_418' title='bbox 1344 5151 1388 5204; x_wconf 90' lang='lat' dir='ltr'><strong>si</strong></span> <span class='ocrx_word' id='word_1_419' title='bbox 1413 5150 1610 5208; x_wconf 80' lang='lat' dir='ltr'><strong>inferre</strong></span> 
     </span>
    </p>
   </div>
   <div class='ocr_carea' id='block_1_56' title="bbox 23 5230 1615 5310">
    <p class='ocr_par' dir='ltr' id='par_1_56' title="bbox 23 5230 1615 5310">
     <span class='ocr_line' id='line_1_56' title="bbox 23 5230 1615 5310; baseline 0.011 -29"><span class='ocrx_word' id='word_1_420' title='bbox 23 5230 215 5298; x_wconf 80' lang='lat' dir='ltr'><strong>vellet,</strong></span> <span class='ocrx_word' id='word_1_421' title='bbox 240 5232 552 5301; x_wconf 88' lang='lat' dir='ltr'><strong>neutiquam</strong></span> <span class='ocrx_word' id='word_1_422' title='bbox 598 5233 800 5290; x_wconf 85' lang='lat' dir='ltr'><strong>diceret</strong></span> <span class='ocrx_word' id='word_1_423' title='bbox 827 5252 841 5287; x_wconf 90' lang='lat'>:</span> <span class='ocrx_word' id='word_1_424' title='bbox 873 5235 968 5290; x_wconf 90' lang='lat' dir='ltr'><strong>sed</strong></span> <span class='ocrx_word' id='word_1_425' title='bbox 1003 5237 1239 5293; x_wconf 86' lang='lat' dir='ltr'><strong>studiose</strong></span> <span class='ocrx_word' id='word_1_426' title='bbox 1277 5241 1536 5310; x_wconf 71' lang='lat' dir='ltr'><strong>prtedicit,</strong></span> <span class='ocrx_word' id='word_1_427' title='bbox 1559 5252 1615 5298; x_wconf 93' lang='lat' dir='ltr'><strong>ut</strong></span> 
     </span>
    </p>
   </div>
   <div class='ocr_carea' id='block_1_57' title="bbox 20 5323 1610 5400">
    <p class='ocr_par' dir='ltr' id='par_1_57' title="bbox 20 5323 1610 5400">
     <span class='ocr_line' id='line_1_57' title="bbox 20 5323 1610 5400; baseline 0.008 -26"><span class='ocrx_word' id='word_1_428' title='bbox 20 5336 144 5374; x_wconf 88' lang='lat' dir='ltr'><strong>cum</strong></span> <span class='ocrx_word' id='word_1_429' title='bbox 205 5337 306 5378; x_wconf 87' lang='lat' dir='ltr'><strong>nos</strong></span> <span class='ocrx_word' id='word_1_430' title='bbox 359 5323 728 5392; x_wconf 91' lang='lat' dir='ltr'><strong>didicerimus,</strong></span> <span class='ocrx_word' id='word_1_431' title='bbox 764 5328 956 5382; x_wconf 84' lang='lat' dir='ltr'><strong>timore</strong></span> <span class='ocrx_word' id='word_1_432' title='bbox 1010 5330 1402 5386; x_wconf 86' lang='lat' dir='ltr'><strong>emendatiores</strong></span> <span class='ocrx_word' id='word_1_433' title='bbox 1451 5333 1610 5400; x_wconf 84' lang='lat' dir='ltr'><strong>facti,</strong></span> 
     </span>
    </p>
   </div>
   <div class='ocr_carea' id='block_1_58' title="bbox 19 5413 1614 5487">
    <p class='ocr_par' dir='ltr' id='par_1_58' title="bbox 19 5413 1614 5487">
     <span class='ocr_line' id='line_1_58' title="bbox 19 5413 1614 5487; baseline 0.011 -25"><span class='ocrx_word' id='word_1_434' title='bbox 19 5422 328 5468; x_wconf 69' lang='lat' dir='ltr'><strong>axertamus</strong></span> <span class='ocrx_word' id='word_1_435' title='bbox 379 5413 548 5484; x_wconf 84' lang='lat' dir='ltr'><strong>ipsius</strong></span> <span class='ocrx_word' id='word_1_436' title='bbox 586 5416 1023 5487; x_wconf 79' lang='lat' dir='ltr'><strong>indignationem,</strong></span> <span class='ocrx_word' id='word_1_437' title='bbox 1051 5430 1106 5475; x_wconf 88' lang='lat' dir='ltr'><strong>et</strong></span> <span class='ocrx_word' id='word_1_438' title='bbox 1128 5423 1417 5477; x_wconf 86' lang='lat' dir='ltr'><strong>sententias</strong></span> <span class='ocrx_word' id='word_1_439' title='bbox 1439 5423 1614 5479; x_wconf 87' lang='lat' dir='ltr'><strong>irritas</strong></span> 
     </span>
    </p>
   </div>
   <div class='ocr_carea' id='block_1_59' title="bbox 19 5503 1614 5580">
    <p class='ocr_par' dir='ltr' id='par_1_59' title="bbox 19 5503 1614 5580">
     <span class='ocr_line' id='line_1_59' title="bbox 19 5503 1614 5580; baseline 0.009 -24"><span class='ocrx_word' id='word_1_440' title='bbox 19 5503 303 5560; x_wconf 77' lang='lat' dir='ltr'><strong>faciamus.</strong></span> <span class='ocrx_word' id='word_1_441' title='bbox 330 5505 474 5561; x_wconf 84' lang='lat' dir='ltr'><strong>Nihil</strong></span> <span class='ocrx_word' id='word_1_442' title='bbox 503 5509 644 5563; x_wconf 90' lang='lat' dir='ltr'><strong>enim</strong></span> <span class='ocrx_word' id='word_1_443' title='bbox 676 5517 780 5574; x_wconf 90' lang='lat' dir='ltr'><strong>est,</strong></span> <span class='ocrx_word' id='word_1_444' title='bbox 810 5509 952 5580; x_wconf 90' lang='lat' dir='ltr'><strong>quod</strong></span> <span class='ocrx_word' id='word_1_445' title='bbox 981 5511 1050 5565; x_wconf 89' lang='lat' dir='ltr'><strong>ita</strong></span> <span class='ocrx_word' id='word_1_446' title='bbox 1082 5512 1228 5566; x_wconf 92' lang='lat' dir='ltr'><strong>illum</strong></span> <span class='ocrx_word' id='word_1_447' title='bbox 1258 5514 1535 5579; x_wconf 81' lang='lat' dir='ltr'><strong>exhilaret,</strong></span> <span class='ocrx_word' id='word_1_448' title='bbox 1556 5523 1614 5571; x_wconf 92' lang='lat' dir='ltr'><strong>ut</strong></span> 
     </span>
    </p>
   </div>
   <div class='ocr_carea' id='block_1_60' title="bbox 15 5599 1612 5679">
    <p class='ocr_par' dir='ltr' id='par_1_60' title="bbox 15 5599 1612 5679">
     <span class='ocr_line' id='line_1_60' title="bbox 15 5599 1612 5679; baseline 0.009 -29"><span class='ocrx_word' id='word_1_449' title='bbox 15 5599 306 5654; x_wconf 76' lang='lat' dir='ltr'><strong>conversio</strong></span> <span class='ocrx_word' id='word_1_450' title='bbox 337 5608 541 5666; x_wconf 89' lang='lat' dir='ltr'><strong>nostra,</strong></span> <span class='ocrx_word' id='word_1_451' title='bbox 560 5611 612 5656; x_wconf 88' lang='lat' dir='ltr'><strong>et</strong></span> <span class='ocrx_word' id='word_1_452' title='bbox 638 5617 666 5655; x_wconf 90' lang='lat' dir='ltr'><strong>a</strong></span> <span class='ocrx_word' id='word_1_453' title='bbox 695 5612 915 5672; x_wconf 86' lang='lat' dir='ltr'><strong>peccato</strong></span> <span class='ocrx_word' id='word_1_454' title='bbox 943 5605 1008 5658; x_wconf 87' lang='lat' dir='ltr'><strong>ad</strong></span> <span class='ocrx_word' id='word_1_455' title='bbox 1039 5605 1288 5660; x_wconf 90' lang='lat' dir='ltr'><strong>virtutem</strong></span> <span class='ocrx_word' id='word_1_456' title='bbox 1316 5625 1612 5679; x_wconf 74' lang='lat' dir='ltr'><strong>regressus.</strong></span> 
     </span>
    </p>
   </div>
   <div class='ocr_carea' id='block_1_61' title="bbox 12 5680 1610 5772">
    <p class='ocr_par' dir='ltr' id='par_1_61' title="bbox 12 5680 1610 5772">
     <span class='ocr_line' id='line_1_61' title="bbox 12 5680 1610 5772; baseline 0.021 -42"><span class='ocrx_word' id='word_1_457' title='bbox 12 5680 409 5742; x_wconf 78' lang='lat' dir='ltr'><strong>Animadverte</strong></span> <span class='ocrx_word' id='word_1_458' title='bbox 439 5692 596 5762; x_wconf 91' lang='lat' dir='ltr'><strong>igitur</strong></span> <span class='ocrx_word' id='word_1_459' title='bbox 621 5696 890 5767; x_wconf 88' lang='lat' dir='ltr'><strong>quomodo</strong></span> <span class='ocrx_word' id='word_1_460' title='bbox 916 5707 970 5753; x_wconf 84' lang='lat' dir='ltr'><strong>et</strong></span> <span class='ocrx_word' id='word_1_461' title='bbox 991 5697 1214 5755; x_wconf 87' lang='lat' dir='ltr'><strong>istorum</strong></span> <span class='ocrx_word' id='word_1_462' title='bbox 1244 5704 1610 5772; x_wconf 72' lang='lat' dir='ltr'><strong>tegritudinem</strong></span> 
     </span>
    </p>
   </div>
   <div class='ocr_carea' id='block_1_62' title="bbox 1094 237 2243 310">
    <p class='ocr_par' dir='ltr' id='par_1_62' title="bbox 1094 237 2243 310">
     <span class='ocr_line' id='line_1_62' title="bbox 1094 237 2243 310; baseline 0.016 -17"><span class='ocrx_word' id='word_1_463' title='bbox 1094 237 1160 294; x_wconf 72' lang='grc' dir='ltr'><strong>,Ν</strong></span> <span class='ocrx_word' id='word_1_464' title='bbox 1199 240 1348 298; x_wconf 78' lang='lat' dir='ltr'><strong>CAP.</strong></span> <span class='ocrx_word' id='word_1_465' title='bbox 1378 243 1484 298; x_wconf 75' lang='lat' dir='ltr'><strong>VII.</strong></span> <span class='ocrx_word' id='word_1_466' title='bbox 1526 245 1764 304; x_wconf 80' lang='lat' dir='ltr'><strong>GENES.</strong></span> <span class='ocrx_word' id='word_1_467' title='bbox 1810 250 2035 307; x_wconf 74' lang='lat' dir='ltr'><strong>IIOMIL.</strong></span> <span class='ocrx_word' id='word_1_468' title='bbox 2081 254 2243 310; x_wconf 76' lang='lat' dir='ltr'><strong>XXV.</strong></span> 
     </span>
    </p>
   </div>
   <div class='ocr_carea' id='block_1_63' title="bbox 3271 277 3390 336">
    <p class='ocr_par' dir='ltr' id='par_1_63' title="bbox 3271 277 3390 336">
     <span class='ocr_line' id='line_1_63' title="bbox 3271 277 3390 336; baseline 0.042 -4"><span class='ocrx_word' id='word_1_469' title='bbox 3271 277 3376 336; x_wconf 65' lang='lat'><strong>2‘22</strong></span> <span class='ocrx_word' id='word_1_470' title='bbox 3387 333 3390 336; x_wconf 92' lang='lat'><strong>.</strong></span> 
     </span>
    </p>
   </div>
   <div class='ocr_carea' id='block_1_64' title="bbox 1793 365 3373 458">
    <p class='ocr_par' dir='ltr' id='par_1_64' title="bbox 1793 365 3373 458">
     <span class='ocr_line' id='line_1_64' title="bbox 1793 365 3373 458; baseline 0.022 -40"><span class='ocrx_word' id='word_1_471' title='bbox 1793 365 2047 422; x_wconf 88' lang='lat' dir='ltr'><strong>industria</strong></span> <span class='ocrx_word' id='word_1_472' title='bbox 2078 372 2300 440; x_wconf 89' lang='lat' dir='ltr'><strong>quadam</strong></span> <span class='ocrx_word' id='word_1_473' title='bbox 2327 389 2514 434; x_wconf 89' lang='lat' dir='ltr'><strong>curare</strong></span> <span class='ocrx_word' id='word_1_474' title='bbox 2544 379 2729 440; x_wconf 89' lang='lat' dir='ltr'><strong>nititur</strong></span> <span class='ocrx_word' id='word_1_475' title='bbox 2755 402 2772 444; x_wconf 90' lang='lat'><strong>:</strong></span> <span class='ocrx_word' id='word_1_476' title='bbox 2805 386 2977 458; x_wconf 88' lang='lat' dir='ltr'><strong>primo</strong></span> <span class='ocrx_word' id='word_1_477' title='bbox 3011 397 3211 449; x_wconf 88' lang='lat' dir='ltr'><strong>tantum</strong></span> <span class='ocrx_word' id='word_1_478' title='bbox 3236 406 3373 451; x_wconf 84' lang='lat' dir='ltr'><strong>tent-</strong></span> 
     </span>
    </p>
   </div>
   <div class='ocr_carea' id='block_1_65' title="bbox 1790 457 3370 556">
    <p class='ocr_par' dir='ltr' id='par_1_65' title="bbox 1790 457 3370 556">
     <span class='ocr_line' id='line_1_65' title="bbox 1790 457 3370 556; baseline 0.024 -50"><span class='ocrx_word' id='word_1_479' title='bbox 1790 457 1933 556; x_wconf 81' lang='lat' dir='ltr'><strong>poris</strong></span> <span class='ocrx_word' id='word_1_480' title='bbox 1953 459 2018 511; x_wconf 92' lang='lat' dir='ltr'><strong>ad</strong></span> <span class='ocrx_word' id='word_1_481' title='bbox 2044 462 2409 529; x_wconf 69' lang='lat' dir='ltr'><strong>pmnitentiam</strong></span> <span class='ocrx_word' id='word_1_482' title='bbox 2451 469 2629 537; x_wconf 85' lang='lat' dir='ltr'><strong>dedit;</strong></span> <span class='ocrx_word' id='word_1_483' title='bbox 2665 473 2786 530; x_wconf 90' lang='lat' dir='ltr'><strong>dein</strong></span> <span class='ocrx_word' id='word_1_484' title='bbox 2836 478 2922 533; x_wconf 89' lang='lat' dir='ltr'><strong>ttbi</strong></span> <span class='ocrx_word' id='word_1_485' title='bbox 2949 482 3079 538; x_wconf 89' lang='lat' dir='ltr'><strong>vidit</strong></span> <span class='ocrx_word' id='word_1_486' title='bbox 3104 499 3196 541; x_wconf 83' lang='lat' dir='ltr'><strong>eos</strong></span> <span class='ocrx_word' id='word_1_487' title='bbox 3220 489 3370 556; x_wconf 88' lang='lat' dir='ltr'><strong>quasi</strong></span> 
     </span>
    </p>
   </div>
   <div class='ocr_carea' id='block_1_66' title="bbox 1791 546 3369 646">
    <p class='ocr_par' dir='ltr' id='par_1_66' title="bbox 1791 546 3369 646">
     <span class='ocr_line' id='line_1_66' title="bbox 1791 546 3369 646; baseline 0.024 -48"><span class='ocrx_word' id='word_1_488' title='bbox 1791 546 2040 603; x_wconf 90' lang='lat' dir='ltr'><strong>insensati</strong></span> <span class='ocrx_word' id='word_1_489' title='bbox 2089 566 2289 622; x_wconf 88' lang='lat' dir='ltr'><strong>essent,</strong></span> <span class='ocrx_word' id='word_1_490' title='bbox 2336 558 2404 612; x_wconf 88' lang='lat' dir='ltr'><strong>ita</strong></span> <span class='ocrx_word' id='word_1_491' title='bbox 2446 575 2504 615; x_wconf 91' lang='lat' dir='ltr'><strong>se</strong></span> <span class='ocrx_word' id='word_1_492' title='bbox 2548 579 2774 635; x_wconf 79' lang='lat' dir='ltr'><strong>gerere,</strong></span> <span class='ocrx_word' id='word_1_493' title='bbox 2822 571 3058 643; x_wconf 84' lang='lat' dir='ltr'><strong>nihilque</strong></span> <span class='ocrx_word' id='word_1_494' title='bbox 3110 581 3369 646; x_wconf 82' lang='lat' dir='ltr'><strong>proﬁcere</strong></span> 
     </span>
    </p>
   </div>
   <div class='ocr_carea' id='block_1_67' title="bbox 1788 640 3368 729">
    <p class='ocr_par' dir='ltr' id='par_1_67' title="bbox 1788 640 3368 729">
     <span class='ocr_line' id='line_1_67' title="bbox 1788 640 3368 729; baseline 0.025 -41"><span class='ocrx_word' id='word_1_495' title='bbox 1788 640 2040 707; x_wconf 85' lang='lat' dir='ltr'><strong>temporis</strong></span> <span class='ocrx_word' id='word_1_496' title='bbox 2072 642 2418 716; x_wconf 82' lang='lat' dir='ltr'><strong>longitudine,</strong></span> <span class='ocrx_word' id='word_1_497' title='bbox 2439 651 2548 720; x_wconf 91' lang='lat' dir='ltr'><strong>jam</strong></span> <span class='ocrx_word' id='word_1_498' title='bbox 2574 670 2693 710; x_wconf 92' lang='lat' dir='ltr'><strong>cum</strong></span> <span class='ocrx_word' id='word_1_499' title='bbox 2742 640 3126 729; x_wconf 77' lang='lat' dir='ltr'><strong>propemodum</strong></span> <span class='ocrx_word' id='word_1_500' title='bbox 3158 669 3208 724; x_wconf 94' lang='lat' dir='ltr'><strong>in</strong></span> <span class='ocrx_word' id='word_1_501' title='bbox 3239 671 3368 728; x_wconf 80' lang='lat' dir='ltr'><strong>lori-</strong></span> 
     </span>
    </p>
   </div>
   <div class='ocr_carea' id='block_1_68' title="bbox 1784 727 3366 828">
    <p class='ocr_par' dir='ltr' id='par_1_68' title="bbox 1784 727 3366 828">
     <span class='ocr_line' id='line_1_68' title="bbox 1784 727 3366 828; baseline 0.026 -48"><span class='ocrx_word' id='word_1_502' title='bbox 1784 727 1882 782; x_wconf 90' lang='lat' dir='ltr'><strong>bus</strong></span> <span class='ocrx_word' id='word_1_503' title='bbox 1928 731 2054 799; x_wconf 89' lang='lat' dir='ltr'><strong>ipsis</strong></span> <span class='ocrx_word' id='word_1_504' title='bbox 2102 747 2244 791; x_wconf 87' lang='lat' dir='ltr'><strong>esset</strong></span> <span class='ocrx_word' id='word_1_505' title='bbox 2286 739 2562 812; x_wconf 88' lang='lat' dir='ltr'><strong>diluvium,</strong></span> <span class='ocrx_word' id='word_1_506' title='bbox 2609 747 2799 805; x_wconf 91' lang='lat' dir='ltr'><strong>iterum</strong></span> <span class='ocrx_word' id='word_1_507' title='bbox 2846 761 3204 828; x_wconf 73' lang='lat' dir='ltr'><strong>przeuuntiat,</strong></span> <span class='ocrx_word' id='word_1_508' title='bbox 3258 779 3366 820; x_wconf 91' lang='lat' dir='ltr'><strong>non</strong></span> 
     </span>
    </p>
   </div>
   <div class='ocr_carea' id='block_1_69' title="bbox 1782 827 3368 923">
    <p class='ocr_par' dir='ltr' id='par_1_69' title="bbox 1782 827 3368 923">
     <span class='ocr_line' id='line_1_69' title="bbox 1782 827 3368 923; baseline 0.025 -50"><span class='ocrx_word' id='word_1_509' title='bbox 1782 832 1906 877; x_wconf 89' lang='lat' dir='ltr'><strong>ante</strong></span> <span class='ocrx_word' id='word_1_510' title='bbox 1933 833 2038 878; x_wconf 90' lang='lat' dir='ltr'><strong>tres</strong></span> <span class='ocrx_word' id='word_1_511' title='bbox 2078 827 2213 895; x_wconf 89' lang='lat' dir='ltr'><strong>dies,</strong></span> <span class='ocrx_word' id='word_1_512' title='bbox 2258 831 2393 888; x_wconf 89' lang='lat' dir='ltr'><strong>sicut</strong></span> <span class='ocrx_word' id='word_1_513' title='bbox 2432 835 2694 907; x_wconf 88' lang='lat' dir='ltr'><strong>Ninivitis,</strong></span> <span class='ocrx_word' id='word_1_514' title='bbox 2735 845 2828 899; x_wconf 88' lang='lat' dir='ltr'><strong>sed</strong></span> <span class='ocrx_word' id='word_1_515' title='bbox 2873 859 2995 904; x_wconf 90' lang='lat' dir='ltr'><strong>ante</strong></span> <span class='ocrx_word' id='word_1_516' title='bbox 3040 862 3265 923; x_wconf 88' lang='lat' dir='ltr'><strong>septem.</strong></span> <span class='ocrx_word' id='word_1_517' title='bbox 3299 856 3368 912; x_wconf 90' lang='lat' dir='ltr'><strong>Et</strong></span> 
     </span>
    </p>
   </div>
   <div class='ocr_carea' id='block_1_70' title="bbox 1783 911 3365 1005">
    <p class='ocr_par' dir='ltr' id='par_1_70' title="bbox 1783 911 3365 1005">
     <span class='ocr_line' id='line_1_70' title="bbox 1783 911 3365 1005; baseline 0.027 -41"><span class='ocrx_word' id='word_1_518' title='bbox 1783 911 2008 969; x_wconf 81' lang='lat' dir='ltr'><strong>ﬁdenter</strong></span> <span class='ocrx_word' id='word_1_519' title='bbox 2050 917 2295 988; x_wconf 87' lang='lat' dir='ltr'><strong>dixerim,</strong></span> <span class='ocrx_word' id='word_1_520' title='bbox 2343 928 2754 996; x_wconf 82' lang='lat' dir='ltr'><strong>magnitudinem</strong></span> <span class='ocrx_word' id='word_1_521' title='bbox 2799 911 3119 998; x_wconf 43' lang='lat' dir='ltr'><strong>clementia:-</strong></span> <span class='ocrx_word' id='word_1_522' title='bbox 3152 947 3365 1005; x_wconf 88' lang='lat' dir='ltr'><strong>Domini</strong></span> 
     </span>
    </p>
   </div>
   <div class='ocr_carea' id='block_1_71' title="bbox 1781 1005 3361 1106">
    <p class='ocr_par' dir='ltr' id='par_1_71' title="bbox 1781 1005 3361 1106">
     <span class='ocr_line' id='line_1_71' title="bbox 1781 1005 3361 1106; baseline 0.028 -52"><span class='ocrx_word' id='word_1_523' title='bbox 1781 1005 1944 1058; x_wconf 58' lang='lat' dir='ltr'><strong>nostri</strong></span> <span class='ocrx_word' id='word_1_524' title='bbox 1973 1007 2164 1073; x_wconf 89' lang='lat' dir='ltr'><strong>sciens,</strong></span> <span class='ocrx_word' id='word_1_525' title='bbox 2196 1012 2240 1066; x_wconf 89' lang='lat' dir='ltr'><strong>si</strong></span> <span class='ocrx_word' id='word_1_526' title='bbox 2270 1015 2352 1096; x_wconf 50' lang='lat' dir='ltr'><strong>v.01</strong></span> <span class='ocrx_word' id='word_1_527' title='bbox 2378 1016 2430 1070; x_wconf 88' lang='lat' dir='ltr'><strong>itt</strong></span> <span class='ocrx_word' id='word_1_528' title='bbox 2449 1031 2652 1088; x_wconf 88' lang='lat' dir='ltr'><strong>septem</strong></span> <span class='ocrx_word' id='word_1_529' title='bbox 2673 1023 2859 1081; x_wconf 91' lang='lat' dir='ltr'><strong>diebus</strong></span> <span class='ocrx_word' id='word_1_530' title='bbox 2887 1046 3065 1087; x_wconf 86' lang='lat' dir='ltr'><strong>veram</strong></span> <span class='ocrx_word' id='word_1_531' title='bbox 3095 1041 3361 1106; x_wconf 80' lang='lat' dir='ltr'><strong>pceuitcn-</strong></span> 
     </span>
    </p>
   </div>
   <div class='ocr_carea' id='block_1_72' title="bbox 1780 1093 3362 1199">
    <p class='ocr_par' dir='ltr' id='par_1_72' title="bbox 1780 1093 3362 1199">
     <span class='ocr_line' id='line_1_72' title="bbox 1780 1093 3362 1199; baseline 0.027 -55"><span class='ocrx_word' id='word_1_532' title='bbox 1780 1093 1903 1146; x_wconf 89' lang='lat' dir='ltr'><strong>tiam</strong></span> <span class='ocrx_word' id='word_1_533' title='bbox 1935 1111 2092 1166; x_wconf 88' lang='lat' dir='ltr'><strong>agere</strong></span> <span class='ocrx_word' id='word_1_534' title='bbox 2134 1093 2444 1170; x_wconf 79' lang='lat' dir='ltr'><strong>voluissent,</strong></span> <span class='ocrx_word' id='word_1_535' title='bbox 2469 1109 2779 1181; x_wconf 78' lang='lat' dir='ltr'><strong>eﬁ‘ugissent</strong></span> <span class='ocrx_word' id='word_1_536' title='bbox 2808 1120 2985 1188; x_wconf 91' lang='lat' dir='ltr'><strong>utique</strong></span> <span class='ocrx_word' id='word_1_537' title='bbox 3013 1093 3190 1181; x_wconf 74' lang='lat' dir='ltr'><strong>diluvii</strong></span> <span class='ocrx_word' id='word_1_538' title='bbox 3221 1132 3362 1199; x_wconf 86' lang='lat' dir='ltr'><strong>peri-</strong></span> 
     </span>
    </p>
   </div>
   <div class='ocr_carea' id='block_1_73' title="bbox 1775 1184 3356 1276">
    <p class='ocr_par' dir='ltr' id='par_1_73' title="bbox 1775 1184 3356 1276">
     <span class='ocr_line' id='line_1_73' title="bbox 1775 1184 3356 1276; baseline 0.028 -42"><span class='ocrx_word' id='word_1_539' title='bbox 1775 1184 1973 1239; x_wconf 89' lang='lat' dir='ltr'><strong>culum.</strong></span> <span class='ocrx_word' id='word_1_540' title='bbox 2007 1188 2185 1260; x_wconf 88' lang='lat' dir='ltr'><strong>Itaque</strong></span> <span class='ocrx_word' id='word_1_541' title='bbox 2232 1197 2481 1263; x_wconf 89' lang='lat' dir='ltr'><strong>quoniam</strong></span> <span class='ocrx_word' id='word_1_542' title='bbox 2513 1216 2686 1273; x_wconf 90' lang='lat' dir='ltr'><strong>nequc</strong></span> <span class='ocrx_word' id='word_1_543' title='bbox 2726 1184 3006 1275; x_wconf 83' lang='lat' dir='ltr'><strong>productio</strong></span> <span class='ocrx_word' id='word_1_544' title='bbox 3050 1219 3180 1272; x_wconf 86' lang='lat' dir='ltr'><strong>tanti</strong></span> 
     </span>
    </p>
   </div>
   <div class='ocr_carea' id='block_1_74' title="bbox 1776 1274 3357 1381">
    <p class='ocr_par' dir='ltr' id='par_1_74' title="bbox 1776 1274 3357 1381">
     <span class='ocr_line' id='line_1_74' title="bbox 1776 1274 3357 1381; baseline 0.031 -62"><span class='ocrx_word' id='word_1_545' title='bbox 1776 1274 1937 1340; x_wconf 89' lang='lat' dir='ltr'><strong>poris,</strong></span> <span class='ocrx_word' id='word_1_546' title='bbox 1969 1293 2140 1348; x_wconf 88' lang='lat' dir='ltr'><strong>neque</strong></span> <span class='ocrx_word' id='word_1_547' title='bbox 2161 1287 2446 1341; x_wconf 85' lang='lat' dir='ltr'><strong>coarctatio</strong></span> <span class='ocrx_word' id='word_1_548' title='bbox 2470 1304 2500 1344; x_wconf 90' lang='lat' dir='ltr'><strong>a</strong></span> <span class='ocrx_word' id='word_1_549' title='bbox 2530 1292 2683 1348; x_wconf 90' lang='lat' dir='ltr'><strong>malis</strong></span> <span class='ocrx_word' id='word_1_550' title='bbox 2726 1274 2820 1353; x_wconf 85' lang='lat' dir='ltr'><strong>eos</strong></span> <span class='ocrx_word' id='word_1_551' title='bbox 2863 1300 3127 1361; x_wconf 84' lang='lat' dir='ltr'><strong>abducere</strong></span> <span class='ocrx_word' id='word_1_552' title='bbox 3165 1312 3357 1381; x_wconf 88' lang='lat' dir='ltr'><strong>potuit,</strong></span> 
     </span>
    </p>
   </div>
   <div class='ocr_carea' id='block_1_75' title="bbox 1775 1366 3354 1460">
    <p class='ocr_par' dir='ltr' id='par_1_75' title="bbox 1775 1366 3354 1460">
     <span class='ocr_line' id='line_1_75' title="bbox 1775 1366 3354 1460; baseline 0.026 -41"><span class='ocrx_word' id='word_1_553' title='bbox 1775 1366 1981 1424; x_wconf 83' lang='lat' dir='ltr'><strong>induxit</strong></span> <span class='ocrx_word' id='word_1_554' title='bbox 2023 1372 2276 1432; x_wconf 89' lang='lat' dir='ltr'><strong>diluvium</strong></span> <span class='ocrx_word' id='word_1_555' title='bbox 2305 1379 2356 1433; x_wconf 89' lang='lat' dir='ltr'><strong>itt</strong></span> <span class='ocrx_word' id='word_1_556' title='bbox 2385 1387 2774 1445; x_wconf 80' lang='lat' dir='ltr'><strong>sexcentesimo</strong></span> <span class='ocrx_word' id='word_1_557' title='bbox 2818 1407 2958 1450; x_wconf 87' lang='lat' dir='ltr'><strong>anno</strong></span> <span class='ocrx_word' id='word_1_558' title='bbox 2986 1396 3115 1452; x_wconf 87' lang='lat' dir='ltr'><strong>Noe.</strong></span> <span class='ocrx_word' id='word_1_559' title='bbox 3238 1366 3354 1460; x_wconf 69' lang='lat' dir='ltr'><strong>Noe</strong></span> 
     </span>
    </p>
   </div>
   <div class='ocr_carea' id='block_1_76' title="bbox 1770 1462 3356 1552">
    <p class='ocr_par' dir='ltr' id='par_1_76' title="bbox 1770 1462 3356 1552">
     <span class='ocr_line' id='line_1_76' title="bbox 1770 1462 3356 1552; baseline 0.026 -42"><span class='ocrx_word' id='word_1_560' title='bbox 1770 1472 1955 1524; x_wconf 85' lang='lat' dir='ltr'><strong>autent,</strong></span> <span class='ocrx_word' id='word_1_561' title='bbox 1987 1462 2174 1532; x_wconf 88' lang='lat' dir='ltr'><strong>inquit,</strong></span> <span class='ocrx_word' id='word_1_562' title='bbox 2217 1482 2560 1529; x_wconf 72' lang='lat' dir='ltr'><strong>sexcentarum</strong></span> <span class='ocrx_word' id='word_1_563' title='bbox 2601 1494 2850 1537; x_wconf 88' lang='lat' dir='ltr'><strong>annorum</strong></span> <span class='ocrx_word' id='word_1_564' title='bbox 2886 1499 3010 1552; x_wconf 86' lang='lat' dir='ltr'><strong>erat,</strong></span> <span class='ocrx_word' id='word_1_565' title='bbox 3041 1501 3088 1544; x_wconf 91' lang='lat' dir='ltr'><strong>et</strong></span> <span class='ocrx_word' id='word_1_566' title='bbox 3112 1494 3356 1551; x_wconf 83' lang='lat' dir='ltr'><strong>diluvium</strong></span> 
     </span>
    </p>
   </div>
   <div class='ocr_carea' id='block_1_77' title="bbox 1761 2009 3345 2114">
    <p class='ocr_par' dir='ltr' id='par_1_77' title="bbox 1761 2009 3345 2114">
     <span class='ocr_line' id='line_1_77' title="bbox 1761 2009 3345 2114; baseline 0.025 -52"><span class='ocrx_word' id='word_1_567' title='bbox 1761 2009 2031 2082; x_wconf 78' lang='lat' dir='ltr'><strong>Ingressus</strong></span> <span class='ocrx_word' id='word_1_568' title='bbox 2067 2027 2140 2071; x_wconf 89' lang='lat' dir='ltr'><strong>est</strong></span> <span class='ocrx_word' id='word_1_569' title='bbox 2169 2030 2339 2075; x_wconf 86' lang='lat' dir='ltr'><strong>autent</strong></span> <span class='ocrx_word' id='word_1_570' title='bbox 2371 2022 2504 2093; x_wconf 90' lang='lat' dir='ltr'><strong>Noe,</strong></span> <span class='ocrx_word' id='word_1_571' title='bbox 2539 2039 2585 2082; x_wconf 90' lang='lat' dir='ltr'><strong>et</strong></span> <span class='ocrx_word' id='word_1_572' title='bbox 2610 2031 2710 2099; x_wconf 84' lang='lat' dir='ltr'><strong>ﬁlii</strong></span> <span class='ocrx_word' id='word_1_573' title='bbox 2732 2034 2861 2105; x_wconf 86' lang='lat' dir='ltr'><strong>ejus,</strong></span> <span class='ocrx_word' id='word_1_574' title='bbox 2885 2047 2933 2091; x_wconf 84' lang='lat' dir='ltr'><strong>et</strong></span> <span class='ocrx_word' id='word_1_575' title='bbox 2956 2009 3085 2094; x_wconf 68' lang='lat' dir='ltr'><strong>uxor</strong></span> <span class='ocrx_word' id='word_1_576' title='bbox 3118 2009 3274 2114; x_wconf 49' lang='lat' dir='ltr'><strong>illius,</strong></span> <span class='ocrx_word' id='word_1_577' title='bbox 3299 2060 3345 2102; x_wconf 90' lang='lat' dir='ltr'><strong>et</strong></span> 
     </span>
    </p>
   </div>
   <div class='ocr_carea' id='block_1_78' title="bbox 1760 2108 3342 2201">
    <p class='ocr_par' dir='ltr' id='par_1_78' title="bbox 1760 2108 3342 2201">
     <span class='ocr_line' id='line_1_78' title="bbox 1760 2108 3342 2201; baseline 0.025 -45"><span class='ocrx_word' id='word_1_578' title='bbox 1760 2119 1940 2201; x_wconf 68' lang='lat' dir='ltr'><strong>uxores</strong></span> <span class='ocrx_word' id='word_1_579' title='bbox 1963 2108 2185 2176; x_wconf 82' lang='lat' dir='ltr'><strong>ﬁliorum</strong></span> <span class='ocrx_word' id='word_1_580' title='bbox 2225 2115 2362 2169; x_wconf 86' lang='lat' dir='ltr'><strong>illius</strong></span> <span class='ocrx_word' id='word_1_581' title='bbox 2385 2119 2437 2172; x_wconf 87' lang='lat' dir='ltr'><strong>in</strong></span> <span class='ocrx_word' id='word_1_582' title='bbox 2457 2136 2650 2191; x_wconf 88' lang='lat' dir='ltr'><strong>arcam,</strong></span> <span class='ocrx_word' id='word_1_583' title='bbox 2677 2138 2884 2198; x_wconf 84' lang='lat' dir='ltr'><strong>propter</strong></span> <span class='ocrx_word' id='word_1_584' title='bbox 2924 2149 3107 2201; x_wconf 87' lang='lat' dir='ltr'><strong>aquam</strong></span> <span class='ocrx_word' id='word_1_585' title='bbox 3145 2108 3342 2196; x_wconf 76' lang='lat' dir='ltr'><strong>diluvii.</strong></span> 
     </span>
    </p>
   </div>
   <div class='ocr_carea' id='block_1_79' title="bbox 1758 2193 3340 2300">
    <p class='ocr_par' dir='ltr' id='par_1_79' title="bbox 1758 2193 3340 2300">
     <span class='ocr_line' id='line_1_79' title="bbox 1758 2193 3340 2300; baseline 0.024 -51"><span class='ocrx_word' id='word_1_586' title='bbox 1758 2193 1812 2249; x_wconf 88' lang='lat'><strong>8.</strong></span> <span class='ocrx_word' id='word_1_587' title='bbox 1838 2195 1904 2250; x_wconf 82' lang='lat' dir='ltr'><strong>Et</strong></span> <span class='ocrx_word' id='word_1_588' title='bbox 1933 2215 1996 2253; x_wconf 82' lang='lat' dir='ltr'><strong>ea:</strong></span> <span class='ocrx_word' id='word_1_589' title='bbox 2022 2203 2306 2260; x_wconf 88' lang='lat' dir='ltr'><strong>volatilibus</strong></span> <span class='ocrx_word' id='word_1_590' title='bbox 2347 2211 2548 2265; x_wconf 88' lang='lat' dir='ltr'><strong>mundis</strong></span> <span class='ocrx_word' id='word_1_591' title='bbox 2578 2224 2624 2266; x_wconf 89' lang='lat' dir='ltr'><strong>et</strong></span> <span class='ocrx_word' id='word_1_592' title='bbox 2650 2193 2713 2270; x_wconf 75' lang='lat' dir='ltr'><strong>ea:</strong></span> <span class='ocrx_word' id='word_1_593' title='bbox 2739 2193 3021 2278; x_wconf 79' lang='lat' dir='ltr'><strong>volatilibus</strong></span> <span class='ocrx_word' id='word_1_594' title='bbox 3048 2193 3340 2300; x_wconf 74' lang='lat' dir='ltr'><strong>immundis,</strong></span> 
     </span>
    </p>
   </div>
   <div class='ocr_carea' id='block_1_80' title="bbox 1754 2292 3341 2380">
    <p class='ocr_par' dir='ltr' id='par_1_80' title="bbox 1754 2292 3341 2380">
     <span class='ocr_line' id='line_1_80' title="bbox 1754 2292 3341 2380; baseline 0.026 -42"><span class='ocrx_word' id='word_1_595' title='bbox 1754 2295 1803 2339; x_wconf 87' lang='lat' dir='ltr'><strong>et</strong></span> <span class='ocrx_word' id='word_1_596' title='bbox 1829 2303 1894 2342; x_wconf 76' lang='lat' dir='ltr'><strong>ea:</strong></span> <span class='ocrx_word' id='word_1_597' title='bbox 1929 2292 2194 2362; x_wconf 87' lang='lat' dir='ltr'><strong>juntentis,</strong></span> <span class='ocrx_word' id='word_1_598' title='bbox 2245 2309 2292 2350; x_wconf 90' lang='lat' dir='ltr'><strong>et</strong></span> <span class='ocrx_word' id='word_1_599' title='bbox 2331 2316 2393 2354; x_wconf 79' lang='lat' dir='ltr'><strong>ex</strong></span> <span class='ocrx_word' id='word_1_600' title='bbox 2435 2305 2701 2371; x_wconf 88' lang='lat' dir='ltr'><strong>reptilibus</strong></span> <span class='ocrx_word' id='word_1_601' title='bbox 2741 2309 2879 2366; x_wconf 87' lang='lat' dir='ltr'><strong>bina.</strong></span> <span class='ocrx_word' id='word_1_602' title='bbox 2907 2314 3070 2371; x_wconf 60' lang='lat'><strong>9.15.1:</strong></span> <span class='ocrx_word' id='word_1_603' title='bbox 3113 2292 3341 2380; x_wconf 68' lang='lat' dir='ltr'><strong>omnilmi</strong></span> 
     </span>
    </p>
   </div>
   <div class='ocr_carea' id='block_1_81' title="bbox 1754 2379 3340 2481">
    <p class='ocr_par' dir='ltr' id='par_1_81' title="bbox 1754 2379 3340 2481">
     <span class='ocr_line' id='line_1_81' title="bbox 1754 2379 3340 2481; baseline 0.026 -49"><span class='ocrx_word' id='word_1_604' title='bbox 1754 2379 2064 2439; x_wconf 87' lang='lat' dir='ltr'><strong>intraverunt</strong></span> <span class='ocrx_word' id='word_1_605' title='bbox 2093 2389 2161 2442; x_wconf 89' lang='lat' dir='ltr'><strong>ad</strong></span> <span class='ocrx_word' id='word_1_606' title='bbox 2183 2389 2312 2457; x_wconf 88' lang='lat' dir='ltr'><strong>Noe,</strong></span> <span class='ocrx_word' id='word_1_607' title='bbox 2337 2393 2388 2447; x_wconf 91' lang='lat' dir='ltr'><strong>in</strong></span> <span class='ocrx_word' id='word_1_608' title='bbox 2417 2412 2608 2462; x_wconf 87' lang='lat' dir='ltr'><strong>arcam,</strong></span> <span class='ocrx_word' id='word_1_609' title='bbox 2637 2405 2887 2459; x_wconf 88' lang='lat' dir='ltr'><strong>masculus</strong></span> <span class='ocrx_word' id='word_1_610' title='bbox 2915 2406 3212 2481; x_wconf 72' lang='lat' dir='ltr'><strong>et&#39;fozntina,</strong></span> <span class='ocrx_word' id='word_1_611' title='bbox 3242 2419 3340 2472; x_wconf 84' lang='lat' dir='ltr'><strong>sic-</strong></span> 
     </span>
    </p>
   </div>
   <div class='ocr_carea' id='block_1_82' title="bbox 1753 2481 3337 2568">
    <p class='ocr_par' dir='ltr' id='par_1_82' title="bbox 1753 2481 3337 2568">
     <span class='ocr_line' id='line_1_82' title="bbox 1753 2481 3337 2568; baseline 0.027 -45"><span class='ocrx_word' id='word_1_612' title='bbox 1753 2482 1808 2524; x_wconf 83' lang='lat' dir='ltr'><strong>ut</strong></span> <span class='ocrx_word' id='word_1_613' title='bbox 1831 2490 2133 2546; x_wconf 73' lang='lat' dir='ltr'><strong>prteceperat</strong></span> <span class='ocrx_word' id='word_1_614' title='bbox 2163 2481 2408 2540; x_wconf 89' lang='lat' dir='ltr'><strong>Dominus</strong></span> <span class='ocrx_word' id='word_1_615' title='bbox 2433 2486 2566 2542; x_wconf 86' lang='lat' dir='ltr'><strong>Noe.</strong></span> <span class='ocrx_word' id='word_1_616' title='bbox 2597 2491 2712 2548; x_wconf 89' lang='lat' dir='ltr'><strong>Non</strong></span> <span class='ocrx_word' id='word_1_617' title='bbox 2739 2495 2940 2568; x_wconf 89' lang='lat' dir='ltr'><strong>absque</strong></span> <span class='ocrx_word' id='word_1_618' title='bbox 2986 2517 3144 2558; x_wconf 91' lang='lat' dir='ltr'><strong>causa</strong></span> <span class='ocrx_word' id='word_1_619' title='bbox 3184 2509 3337 2564; x_wconf 86' lang='lat' dir='ltr'><strong>addi-</strong></span> 
     </span>
    </p>
   </div>
   <div class='ocr_carea' id='block_1_83' title="bbox 1751 2564 3334 2655">
    <p class='ocr_par' dir='ltr' id='par_1_83' title="bbox 1751 2564 3334 2655">
     <span class='ocr_line' id='line_1_83' title="bbox 1751 2564 3334 2655; baseline 0.024 -38"><span class='ocrx_word' id='word_1_620' title='bbox 1751 2564 1846 2630; x_wconf 89' lang='lat' dir='ltr'><strong>dit,</strong></span> <span class='ocrx_word' id='word_1_621' title='bbox 1871 2567 2016 2623; x_wconf 88' lang='lat' dir='ltr'><strong>Sicut</strong></span> <span class='ocrx_word' id='word_1_622' title='bbox 2035 2586 2339 2644; x_wconf 73' lang='lat' dir='ltr'><strong>prazceperat</strong></span> <span class='ocrx_word' id='word_1_623' title='bbox 2367 2577 2615 2636; x_wconf 90' lang='lat' dir='ltr'><strong>Dominus</strong></span> <span class='ocrx_word' id='word_1_624' title='bbox 2642 2584 2756 2640; x_wconf 86' lang='lat' dir='ltr'><strong>Noe</strong></span> <span class='ocrx_word' id='word_1_625' title='bbox 2777 2603 2797 2641; x_wconf 90' lang='lat'><strong><em>:</em></strong></span> <span class='ocrx_word' id='word_1_626' title='bbox 2824 2564 2914 2644; x_wconf 78' lang='lat' dir='ltr'><strong>sed</strong></span> <span class='ocrx_word' id='word_1_627' title='bbox 2945 2601 3002 2647; x_wconf 90' lang='lat' dir='ltr'><strong>ut</strong></span> <span class='ocrx_word' id='word_1_628' title='bbox 3031 2595 3218 2652; x_wconf 77' lang='lat' dir='ltr'><strong>itet&#39;tnn</strong></span> <span class='ocrx_word' id='word_1_629' title='bbox 3239 2617 3334 2655; x_wconf 56' lang='lat' dir='ltr'><strong>au-</strong></span> 
     </span>
    </p>
   </div>
   <div class='ocr_carea' id='block_1_84' title="bbox 1750 2660 3329 2759">
    <p class='ocr_par' dir='ltr' id='par_1_84' title="bbox 1750 2660 3329 2759">
     <span class='ocr_line' id='line_1_84' title="bbox 1750 2660 3329 2759; baseline 0.024 -49"><span class='ocrx_word' id='word_1_630' title='bbox 1750 2666 1899 2726; x_wconf 88' lang='lat' dir='ltr'><strong>geret</strong></span> <span class='ocrx_word' id='word_1_631' title='bbox 1920 2660 2128 2717; x_wconf 90' lang='lat' dir='ltr'><strong>laudem</strong></span> <span class='ocrx_word' id='word_1_632' title='bbox 2151 2665 2458 2738; x_wconf 91' lang='lat' dir='ltr'><strong>justi,quod</strong></span> <span class='ocrx_word' id='word_1_633' title='bbox 2487 2675 2661 2729; x_wconf 90' lang='lat' dir='ltr'><strong>omnia</strong></span> <span class='ocrx_word' id='word_1_634' title='bbox 2689 2678 3006 2750; x_wconf 87' lang='lat' dir='ltr'><strong>impleverit,</strong></span> <span class='ocrx_word' id='word_1_635' title='bbox 3027 2687 3161 2742; x_wconf 91' lang='lat' dir='ltr'><strong>sicut</strong></span> <span class='ocrx_word' id='word_1_636' title='bbox 3193 2705 3329 2759; x_wconf 80' lang='lat' dir='ltr'><strong>pra:-</strong></span> 
     </span>
    </p>
   </div>
   <div class='ocr_carea' id='block_1_85' title="bbox 1749 2754 3331 2843">
    <p class='ocr_par' dir='ltr' id='par_1_85' title="bbox 1749 2754 3331 2843">
     <span class='ocr_line' id='line_1_85' title="bbox 1749 2754 3331 2843; baseline 0.022 -38"><span class='ocrx_word' id='word_1_637' title='bbox 1749 2761 1962 2819; x_wconf 88' lang='lat' dir='ltr'><strong>ceperat</strong></span> <span class='ocrx_word' id='word_1_638' title='bbox 1991 2754 2266 2822; x_wconf 91' lang='lat' dir='ltr'><strong>Dominus,</strong></span> <span class='ocrx_word' id='word_1_639' title='bbox 2297 2770 2351 2814; x_wconf 89' lang='lat' dir='ltr'><strong>et</strong></span> <span class='ocrx_word' id='word_1_640' title='bbox 2371 2763 2509 2832; x_wconf 92' lang='lat' dir='ltr'><strong>quod</strong></span> <span class='ocrx_word' id='word_1_641' title='bbox 2541 2765 2669 2821; x_wconf 89' lang='lat' dir='ltr'><strong>nihil</strong></span> <span class='ocrx_word' id='word_1_642' title='bbox 2698 2783 2766 2824; x_wconf 77' lang='lat' dir='ltr'><strong>ex</strong></span> <span class='ocrx_word' id='word_1_643' title='bbox 2795 2771 2950 2827; x_wconf 89' lang='lat' dir='ltr'><strong>dictis</strong></span> <span class='ocrx_word' id='word_1_644' title='bbox 2977 2754 3331 2843; x_wconf 61' lang='lat' dir='ltr'><strong>prietermise-</strong></span> 
     </span>
    </p>
   </div>
   <div class='ocr_carea' id='block_1_86' title="bbox 1748 2840 3328 2937">
    <p class='ocr_par' dir='ltr' id='par_1_86' title="bbox 1748 2840 3328 2937">
     <span class='ocr_line' id='line_1_86' title="bbox 1748 2840 3328 2937; baseline 0.022 -44"><span class='ocrx_word' id='word_1_645' title='bbox 1748 2840 1837 2896; x_wconf 88' lang='lat' dir='ltr'><strong>rit.</strong></span> <span class='ocrx_word' id='word_1_646' title='bbox 1865 2842 1951 2898; x_wconf 78' lang='grc'><strong>10.</strong></span> <span class='ocrx_word' id='word_1_647' title='bbox 1979 2843 2048 2898; x_wconf 87' lang='lat' dir='ltr'><strong>Et</strong></span> <span class='ocrx_word' id='word_1_648' title='bbox 2076 2850 2265 2916; x_wconf 81' lang='lat' dir='ltr'><strong>factum</strong></span> <span class='ocrx_word' id='word_1_649' title='bbox 2290 2859 2362 2904; x_wconf 88' lang='lat' dir='ltr'><strong>est</strong></span> <span class='ocrx_word' id='word_1_650' title='bbox 2389 2863 2500 2920; x_wconf 86' lang='lat' dir='ltr'><strong>post</strong></span> <span class='ocrx_word' id='word_1_651' title='bbox 2535 2855 2640 2910; x_wconf 88' lang='lat' dir='ltr'><strong>dies</strong></span> <span class='ocrx_word' id='word_1_652' title='bbox 2665 2870 2872 2929; x_wconf 79' lang='lat' dir='ltr'><strong>septem,</strong></span> <span class='ocrx_word' id='word_1_653' title='bbox 2904 2840 3042 2920; x_wconf 80' lang='lat' dir='ltr'><strong>sicut</strong></span> <span class='ocrx_word' id='word_1_654' title='bbox 3067 2872 3328 2937; x_wconf 86' lang='lat' dir='ltr'><strong>promise-</strong></span> 
     </span>
    </p>
   </div>
   <div class='ocr_carea' id='block_1_87' title="bbox 1746 2934 3330 3032">
    <p class='ocr_par' dir='ltr' id='par_1_87' title="bbox 1746 2934 3330 3032">
     <span class='ocr_line' id='line_1_87' title="bbox 1746 2934 3330 3032; baseline 0.021 -46"><span class='ocrx_word' id='word_1_655' title='bbox 1746 2942 1847 2998; x_wconf 83' lang='lat' dir='ltr'><strong>rat,</strong></span> <span class='ocrx_word' id='word_1_656' title='bbox 1879 2934 2068 3006; x_wconf 90' lang='lat' dir='ltr'><strong>inquit,</strong></span> <span class='ocrx_word' id='word_1_657' title='bbox 2103 2938 2387 3006; x_wconf 89' lang='lat' dir='ltr'><strong>Dominus,</strong></span> <span class='ocrx_word' id='word_1_658' title='bbox 2426 2955 2474 2998; x_wconf 89' lang='lat' dir='ltr'><strong>et</strong></span> <span class='ocrx_word' id='word_1_659' title='bbox 2492 2962 2624 3013; x_wconf 87' lang='lat' dir='ltr'><strong>aqua</strong></span> <span class='ocrx_word' id='word_1_660' title='bbox 2666 2949 2843 3006; x_wconf 87' lang='lat' dir='ltr'><strong>diluvii</strong></span> <span class='ocrx_word' id='word_1_661' title='bbox 2886 2958 3025 3026; x_wconf 74' lang='lat' dir='ltr'><strong>facta</strong></span> <span class='ocrx_word' id='word_1_662' title='bbox 3061 2934 3133 3014; x_wconf 78' lang='lat' dir='ltr'><strong>est</strong></span> <span class='ocrx_word' id='word_1_663' title='bbox 3178 2979 3330 3032; x_wconf 85' lang='lat' dir='ltr'><strong>super</strong></span> 
     </span>
    </p>
   </div>
   <div class='ocr_carea' id='block_1_88' title="bbox 1745 3029 3331 3116">
    <p class='ocr_par' dir='ltr' id='par_1_88' title="bbox 1745 3029 3331 3116">
     <span class='ocr_line' id='line_1_88' title="bbox 1745 3029 3331 3116; baseline 0.021 -37"><span class='ocrx_word' id='word_1_664' title='bbox 1745 3035 1951 3094; x_wconf 84' lang='lat' dir='ltr'><strong>terram,</strong></span> <span class='ocrx_word' id='word_1_665' title='bbox 1982 3029 2069 3085; x_wconf 76' lang='lat' dir='ltr'><strong>il.</strong></span> <span class='ocrx_word' id='word_1_666' title='bbox 2101 3031 2154 3085; x_wconf 81' lang='lat' dir='ltr'><strong>in</strong></span> <span class='ocrx_word' id='word_1_667' title='bbox 2183 3037 2542 3092; x_wconf 73' lang='lat' dir='ltr'><strong>sexcentesimo</strong></span> <span class='ocrx_word' id='word_1_668' title='bbox 2567 3056 2702 3096; x_wconf 88' lang='lat' dir='ltr'><strong>anno</strong></span> <span class='ocrx_word' id='word_1_669' title='bbox 2747 3044 2802 3098; x_wconf 90' lang='lat' dir='ltr'><strong>in</strong></span> <span class='ocrx_word' id='word_1_670' title='bbox 2841 3047 2940 3101; x_wconf 88' lang='lat' dir='ltr'><strong>vita</strong></span> <span class='ocrx_word' id='word_1_671' title='bbox 2983 3049 3116 3116; x_wconf 87' lang='lat' dir='ltr'><strong>Noe,</strong></span> <span class='ocrx_word' id='word_1_672' title='bbox 3163 3070 3331 3112; x_wconf 88' lang='lat' dir='ltr'><strong>mense</strong></span> 
     </span>
    </p>
   </div>
   <div class='ocr_carea' id='block_1_89' title="bbox 1742 3121 3326 3215">
    <p class='ocr_par' dir='ltr' id='par_1_89' title="bbox 1742 3121 3326 3215">
     <span class='ocr_line' id='line_1_89' title="bbox 1742 3121 3326 3215; baseline 0.02 -44"><span class='ocrx_word' id='word_1_673' title='bbox 1742 3121 1983 3188; x_wconf 84' lang='lat' dir='ltr'><strong>secundo,</strong></span> <span class='ocrx_word' id='word_1_674' title='bbox 2025 3122 2258 3179; x_wconf 88' lang='lat' dir='ltr'><strong>vicesimo</strong></span> <span class='ocrx_word' id='word_1_675' title='bbox 2285 3136 2331 3179; x_wconf 81' lang='lat' dir='ltr'><strong>et</strong></span> <span class='ocrx_word' id='word_1_676' title='bbox 2356 3131 2567 3199; x_wconf 87' lang='lat' dir='ltr'><strong>septimo</strong></span> <span class='ocrx_word' id='word_1_677' title='bbox 2615 3136 2818 3190; x_wconf 85' lang='lat' dir='ltr'><strong>mensis.</strong></span> <span class='ocrx_word' id='word_1_678' title='bbox 2867 3137 3002 3194; x_wconf 84' lang='lat' dir='ltr'><strong>Vide</strong></span> <span class='ocrx_word' id='word_1_679' title='bbox 3039 3141 3326 3215; x_wconf 67' lang='lat' dir='ltr'><strong>Scriptura:</strong></span> 
     </span>
    </p>
   </div>
   <div class='ocr_carea' id='block_1_90' title="bbox 1743 3210 3328 3308">
    <p class='ocr_par' dir='ltr' id='par_1_90' title="bbox 1743 3210 3328 3308">
     <span class='ocr_line' id='line_1_90' title="bbox 1743 3210 3328 3308; baseline 0.019 -43"><span class='ocrx_word' id='word_1_680' title='bbox 1743 3210 2115 3283; x_wconf 85' lang='lat' dir='ltr'><strong>diligentiam,</strong></span> <span class='ocrx_word' id='word_1_681' title='bbox 2168 3220 2436 3287; x_wconf 90' lang='lat' dir='ltr'><strong>quomodo</strong></span> <span class='ocrx_word' id='word_1_682' title='bbox 2485 3238 2590 3278; x_wconf 93' lang='lat' dir='ltr'><strong>non</strong></span> <span class='ocrx_word' id='word_1_683' title='bbox 2638 3227 2810 3282; x_wconf 91' lang='lat' dir='ltr'><strong>solum</strong></span> <span class='ocrx_word' id='word_1_684' title='bbox 2852 3245 2950 3286; x_wconf 90' lang='lat' dir='ltr'><strong>nos</strong></span> <span class='ocrx_word' id='word_1_685' title='bbox 2999 3210 3181 3292; x_wconf 77' lang='lat' dir='ltr'><strong>docuit</strong></span> <span class='ocrx_word' id='word_1_686' title='bbox 3222 3255 3328 3308; x_wconf 92' lang='lat' dir='ltr'><strong>quo</strong></span> 
     </span>
    </p>
   </div>
   <div class='ocr_carea' id='block_1_91' title="bbox 1740 3302 3326 3390">
    <p class='ocr_par' dir='ltr' id='par_1_91' title="bbox 1740 3302 3326 3390">
     <span class='ocr_line' id='line_1_91' title="bbox 1740 3302 3326 3390; baseline 0.021 -36"><span class='ocrx_word' id='word_1_687' title='bbox 1740 3315 1881 3356; x_wconf 91' lang='lat' dir='ltr'><strong>anno</strong></span> <span class='ocrx_word' id='word_1_688' title='bbox 1925 3302 2120 3360; x_wconf 81' lang='lat' dir='ltr'><strong>factum</strong></span> <span class='ocrx_word' id='word_1_689' title='bbox 2150 3308 2220 3362; x_wconf 93' lang='lat' dir='ltr'><strong>sit</strong></span> <span class='ocrx_word' id='word_1_690' title='bbox 2255 3309 2534 3380; x_wconf 91' lang='lat' dir='ltr'><strong>diluvium,</strong></span> <span class='ocrx_word' id='word_1_691' title='bbox 2564 3315 2658 3371; x_wconf 89' lang='lat' dir='ltr'><strong>sed</strong></span> <span class='ocrx_word' id='word_1_692' title='bbox 2685 3329 2735 3373; x_wconf 91' lang='lat' dir='ltr'><strong>et</strong></span> <span class='ocrx_word' id='word_1_693' title='bbox 2764 3335 2870 3390; x_wconf 93' lang='lat' dir='ltr'><strong>quo</strong></span> <span class='ocrx_word' id='word_1_694' title='bbox 2915 3339 3099 3382; x_wconf 90' lang='lat' dir='ltr'><strong>mense</strong></span> <span class='ocrx_word' id='word_1_695' title='bbox 3127 3338 3182 3383; x_wconf 86' lang='lat' dir='ltr'><strong>et</strong></span> <span class='ocrx_word' id='word_1_696' title='bbox 3218 3302 3326 3386; x_wconf 84' lang='lat' dir='ltr'><strong>die.</strong></span> 
     </span>
    </p>
   </div>
   <div class='ocr_carea' id='block_1_92' title="bbox 1742 3393 3327 3491">
    <p class='ocr_par' dir='ltr' id='par_1_92' title="bbox 1742 3393 3327 3491">
     <span class='ocr_line' id='line_1_92' title="bbox 1742 3393 3327 3491; baseline 0.02 -43"><span class='ocrx_word' id='word_1_697' title='bbox 1742 3393 1942 3451; x_wconf 90' lang='lat' dir='ltr'><strong>Deinde</strong></span> <span class='ocrx_word' id='word_1_698' title='bbox 1984 3407 2041 3453; x_wconf 89' lang='lat' dir='ltr'><strong>ttt</strong></span> <span class='ocrx_word' id='word_1_699' title='bbox 2081 3415 2147 3455; x_wconf 82' lang='lat' dir='ltr'><strong>ex</strong></span> <span class='ocrx_word' id='word_1_700' title='bbox 2193 3404 2498 3461; x_wconf 84' lang='lat' dir='ltr'><strong>narratione</strong></span> <span class='ocrx_word' id='word_1_701' title='bbox 2522 3410 2914 3470; x_wconf 89' lang='lat' dir='ltr'><strong>emendatiores</strong></span> <span class='ocrx_word' id='word_1_702' title='bbox 2941 3417 3128 3474; x_wconf 89' lang='lat' dir='ltr'><strong>reddat</strong></span> <span class='ocrx_word' id='word_1_703' title='bbox 3151 3434 3327 3491; x_wconf 89' lang='lat' dir='ltr'><strong>poste-</strong></span> 
     </span>
    </p>
   </div>
   <div class='ocr_carea' id='block_1_93' title="bbox 1737 3496 3326 3572">
    <p class='ocr_par' dir='ltr' id='par_1_93' title="bbox 1737 3496 3326 3572">
     <span class='ocr_line' id='line_1_93' title="bbox 1737 3496 3326 3572; baseline 0.018 -31"><span class='ocrx_word' id='word_1_704' title='bbox 1737 3502 1850 3552; x_wconf 89' lang='lat' dir='ltr'><strong>ros,</strong></span> <span class='ocrx_word' id='word_1_705' title='bbox 1882 3497 2248 3564; x_wconf 90' lang='lat' dir='ltr'><strong>terroremque</strong></span> <span class='ocrx_word' id='word_1_706' title='bbox 2278 3496 2353 3551; x_wconf 85' lang='lat' dir='ltr'><strong>rei</strong></span> <span class='ocrx_word' id='word_1_707' title='bbox 2392 3508 2557 3567; x_wconf 77' lang='lat' dir='ltr'><strong>gesta:</strong></span> <span class='ocrx_word' id='word_1_708' title='bbox 2591 3512 2799 3572; x_wconf 85' lang='lat' dir='ltr'><strong>augeat,</strong></span> <span class='ocrx_word' id='word_1_709' title='bbox 2829 3505 2955 3561; x_wconf 90' lang='lat' dir='ltr'><strong>dicit</strong></span> <span class='ocrx_word' id='word_1_710' title='bbox 2983 3525 2997 3564; x_wconf 90' lang='lat'><strong>:</strong></span> <span class='ocrx_word' id='word_1_711' title='bbox 3024 3509 3089 3563; x_wconf 87' lang='lat' dir='ltr'><strong>In</strong></span> <span class='ocrx_word' id='word_1_712' title='bbox 3119 3514 3202 3567; x_wconf 88' lang='lat' dir='ltr'><strong>die</strong></span> <span class='ocrx_word' id='word_1_713' title='bbox 3237 3515 3326 3569; x_wconf 89' lang='lat' dir='ltr'><strong>illo</strong></span> 
     </span>
    </p>
   </div>
   <div class='ocr_carea' id='block_1_94' title="bbox 1736 3582 3324 3674">
    <p class='ocr_par' dir='ltr' id='par_1_94' title="bbox 1736 3582 3324 3674">
     <span class='ocr_line' id='line_1_94' title="bbox 1736 3582 3324 3674; baseline 0.019 -43"><span class='ocrx_word' id='word_1_714' title='bbox 1736 3582 1873 3648; x_wconf 89' lang='lat' dir='ltr'><strong>rupti</strong></span> <span class='ocrx_word' id='word_1_715' title='bbox 1899 3592 2016 3635; x_wconf 89' lang='lat' dir='ltr'><strong>sunt</strong></span> <span class='ocrx_word' id='word_1_716' title='bbox 2041 3598 2212 3639; x_wconf 86' lang='lat' dir='ltr'><strong>omnes</strong></span> <span class='ocrx_word' id='word_1_717' title='bbox 2240 3589 2404 3657; x_wconf 77' lang='lat' dir='ltr'><strong>fontes</strong></span> <span class='ocrx_word' id='word_1_718' title='bbox 2433 3589 2618 3660; x_wconf 83' lang='lat' dir='ltr'><strong>abyssi,</strong></span> <span class='ocrx_word' id='word_1_719' title='bbox 2638 3604 2969 3652; x_wconf 78' lang='lat' dir='ltr'><strong>etcataractte</strong></span> <span class='ocrx_word' id='word_1_720' title='bbox 2992 3604 3103 3656; x_wconf 72' lang='lat' dir='ltr'><strong>ccli</strong></span> <span class='ocrx_word' id='word_1_721' title='bbox 3132 3616 3324 3674; x_wconf 78' lang='lat' dir='ltr'><strong>aperta:</strong></span> 
     </span>
    </p>
   </div>
   <div class='ocr_carea' id='block_1_95' title="bbox 1733 3673 3320 3763">
    <p class='ocr_par' dir='ltr' id='par_1_95' title="bbox 1733 3673 3320 3763">
     <span class='ocr_line' id='line_1_95' title="bbox 1733 3673 3320 3763; baseline 0.018 -40"><span class='ocrx_word' id='word_1_722' title='bbox 1733 3679 1883 3738; x_wconf 87' lang='lat' dir='ltr'><strong>sunt,</strong></span> <span class='ocrx_word' id='word_1_723' title='bbox 1930 3673 2016 3728; x_wconf 77' lang='grc'><strong>12.</strong></span> <span class='ocrx_word' id='word_1_724' title='bbox 2062 3684 2110 3729; x_wconf 89' lang='lat' dir='ltr'><strong>et</strong></span> <span class='ocrx_word' id='word_1_725' title='bbox 2157 3679 2295 3745; x_wconf 81' lang='lat' dir='ltr'><strong>facta</strong></span> <span class='ocrx_word' id='word_1_726' title='bbox 2340 3689 2413 3733; x_wconf 88' lang='lat' dir='ltr'><strong>est</strong></span> <span class='ocrx_word' id='word_1_727' title='bbox 2457 3681 2628 3745; x_wconf 88' lang='lat' dir='ltr'><strong>pluvia</strong></span> <span class='ocrx_word' id='word_1_728' title='bbox 2681 3702 2834 3754; x_wconf 88' lang='lat' dir='ltr'><strong>super</strong></span> <span class='ocrx_word' id='word_1_729' title='bbox 2873 3698 3057 3745; x_wconf 87' lang='lat' dir='ltr'><strong>terram</strong></span> <span class='ocrx_word' id='word_1_730' title='bbox 3095 3698 3320 3763; x_wconf 83' lang='lat' dir='ltr'><strong>quadra-</strong></span> 
     </span>
    </p>
   </div>
   <div class='ocr_carea' id='block_1_96' title="bbox 1731 3764 3321 3854">
    <p class='ocr_par' dir='ltr' id='par_1_96' title="bbox 1731 3764 3321 3854">
     <span class='ocr_line' id='line_1_96' title="bbox 1731 3764 3321 3854; baseline 0.019 -39"><span class='ocrx_word' id='word_1_731' title='bbox 1731 3764 1873 3833; x_wconf 80' lang='lat' dir='ltr'><strong>ginta</strong></span> <span class='ocrx_word' id='word_1_732' title='bbox 1901 3766 2073 3821; x_wconf 86' lang='lat' dir='ltr'><strong>diebus</strong></span> <span class='ocrx_word' id='word_1_733' title='bbox 2097 3777 2144 3822; x_wconf 90' lang='lat' dir='ltr'><strong>et</strong></span> <span class='ocrx_word' id='word_1_734' title='bbox 2167 3771 2501 3843; x_wconf 83' lang='lat' dir='ltr'><strong>quadraginta</strong></span> <span class='ocrx_word' id='word_1_735' title='bbox 2531 3777 2775 3835; x_wconf 88' lang='lat' dir='ltr'><strong>noctibus.</strong></span> <span class='ocrx_word' id='word_1_736' title='bbox 2821 3780 2956 3838; x_wconf 85' lang='lat' dir='ltr'><strong>Vide</strong></span> <span class='ocrx_word' id='word_1_737' title='bbox 2993 3795 3187 3854; x_wconf 88' lang='lat' dir='ltr'><strong>quanta</strong></span> <span class='ocrx_word' id='word_1_738' title='bbox 3235 3790 3321 3846; x_wconf 90' lang='lat' dir='ltr'><strong>di-</strong></span> 
     </span>
    </p>
   </div>
   <div class='ocr_carea' id='block_1_97' title="bbox 1730 3854 3318 3937">
    <p class='ocr_par' dir='ltr' id='par_1_97' title="bbox 1730 3854 3318 3937">
     <span class='ocr_line' id='line_1_97' title="bbox 1730 3854 3318 3937; baseline 0.018 -27"><span class='ocrx_word' id='word_1_739' title='bbox 1730 3854 1884 3910; x_wconf 89' lang='lat' dir='ltr'><strong>cendi</strong></span> <span class='ocrx_word' id='word_1_740' title='bbox 1912 3861 2352 3928; x_wconf 86' lang='lat' dir='ltr'><strong>attemperatione</strong></span> <span class='ocrx_word' id='word_1_741' title='bbox 2394 3879 2534 3921; x_wconf 90' lang='lat' dir='ltr'><strong>nunc</strong></span> <span class='ocrx_word' id='word_1_742' title='bbox 2562 3867 2722 3924; x_wconf 88' lang='lat' dir='ltr'><strong>etiam</strong></span> <span class='ocrx_word' id='word_1_743' title='bbox 2768 3871 2934 3928; x_wconf 91' lang='lat' dir='ltr'><strong>utitur</strong></span> <span class='ocrx_word' id='word_1_744' title='bbox 2977 3890 3128 3932; x_wconf 90' lang='lat' dir='ltr'><strong>sacra</strong></span> <span class='ocrx_word' id='word_1_745' title='bbox 3169 3881 3318 3937; x_wconf 90' lang='lat' dir='ltr'><strong>Scri-</strong></span> 
     </span>
    </p>
   </div>
   <div class='ocr_carea' id='block_1_98' title="bbox 1733 3952 3319 4033">
    <p class='ocr_par' dir='ltr' id='par_1_98' title="bbox 1733 3952 3319 4033">
     <span class='ocr_line' id='line_1_98' title="bbox 1733 3952 3319 4033; baseline 0.021 -34"><span class='ocrx_word' id='word_1_746' title='bbox 1733 3957 1884 4016; x_wconf 91' lang='lat' dir='ltr'><strong>ptura</strong></span> <span class='ocrx_word' id='word_1_747' title='bbox 1910 3968 1923 4004; x_wconf 90' lang='lat'><strong>:</strong></span> <span class='ocrx_word' id='word_1_748' title='bbox 1947 3952 2124 4006; x_wconf 87' lang='lat' dir='ltr'><strong>omnia</strong></span> <span class='ocrx_word' id='word_1_749' title='bbox 2171 3955 2312 4009; x_wconf 90' lang='lat' dir='ltr'><strong>enim</strong></span> <span class='ocrx_word' id='word_1_750' title='bbox 2344 3958 2634 4015; x_wconf 90' lang='lat' dir='ltr'><strong>secundum</strong></span> <span class='ocrx_word' id='word_1_751' title='bbox 2661 3961 2946 4022; x_wconf 88' lang='lat' dir='ltr'><strong>humanam</strong></span> <span class='ocrx_word' id='word_1_752' title='bbox 2977 3975 3319 4033; x_wconf 87' lang='lat' dir='ltr'><strong>consuetudi-</strong></span> 
     </span>
    </p>
   </div>
   <div class='ocr_carea' id='block_1_99' title="bbox 1731 4041 3317 4131">
    <p class='ocr_par' dir='ltr' id='par_1_99' title="bbox 1731 4041 3317 4131">
     <span class='ocr_line' id='line_1_99' title="bbox 1731 4041 3317 4131; baseline 0.019 -37"><span class='ocrx_word' id='word_1_753' title='bbox 1731 4054 1852 4095; x_wconf 90' lang='lat' dir='ltr'><strong>nem</strong></span> <span class='ocrx_word' id='word_1_754' title='bbox 1892 4041 2140 4112; x_wconf 90' lang='lat' dir='ltr'><strong>loquitur.</strong></span> <span class='ocrx_word' id='word_1_755' title='bbox 2184 4044 2299 4101; x_wconf 84' lang='lat' dir='ltr'><strong>Non</strong></span> <span class='ocrx_word' id='word_1_756' title='bbox 2344 4049 2485 4118; x_wconf 91' lang='lat' dir='ltr'><strong>quod</strong></span> <span class='ocrx_word' id='word_1_757' title='bbox 2519 4060 2798 4110; x_wconf 67' lang='lat' dir='ltr'><strong>cataracta:</strong></span> <span class='ocrx_word' id='word_1_758' title='bbox 2818 4058 2926 4113; x_wconf 89' lang='lat' dir='ltr'><strong>sint</strong></span> <span class='ocrx_word' id='word_1_759' title='bbox 2954 4061 3006 4116; x_wconf 92' lang='lat' dir='ltr'><strong>in</strong></span> <span class='ocrx_word' id='word_1_760' title='bbox 3031 4065 3186 4131; x_wconf 75' lang='lat' dir='ltr'><strong>czelo,</strong></span> <span class='ocrx_word' id='word_1_761' title='bbox 3221 4069 3317 4124; x_wconf 87' lang='lat' dir='ltr'><strong>sed</strong></span> 
     </span>
    </p>
   </div>
   <div class='ocr_carea' id='block_1_100' title="bbox 1729 4132 3313 4225">
    <p class='ocr_par' dir='ltr' id='par_1_100' title="bbox 1729 4132 3313 4225">
     <span class='ocr_line' id='line_1_100' title="bbox 1729 4132 3313 4225; baseline 0.02 -41"><span class='ocrx_word' id='word_1_762' title='bbox 1729 4132 1902 4186; x_wconf 87' lang='lat' dir='ltr'><strong>omnia</strong></span> <span class='ocrx_word' id='word_1_763' title='bbox 1930 4148 2027 4204; x_wconf 90' lang='lat' dir='ltr'><strong>per</strong></span> <span class='ocrx_word' id='word_1_764' title='bbox 2046 4135 2323 4192; x_wconf 82' lang='lat' dir='ltr'><strong>familiaria</strong></span> <span class='ocrx_word' id='word_1_765' title='bbox 2347 4141 2499 4196; x_wconf 91' lang='lat' dir='ltr'><strong>nobis</strong></span> <span class='ocrx_word' id='word_1_766' title='bbox 2528 4146 2688 4201; x_wconf 88' lang='lat' dir='ltr'><strong>verba</strong></span> <span class='ocrx_word' id='word_1_767' title='bbox 2710 4148 2964 4219; x_wconf 88' lang='lat' dir='ltr'><strong>loquitur,</strong></span> <span class='ocrx_word' id='word_1_768' title='bbox 2992 4158 3140 4225; x_wconf 89' lang='lat' dir='ltr'><strong>quasi</strong></span> <span class='ocrx_word' id='word_1_769' title='bbox 3163 4159 3313 4216; x_wconf 87' lang='lat' dir='ltr'><strong>dice-</strong></span> 
     </span>
    </p>
   </div>
   <div class='ocr_carea' id='block_1_101' title="bbox 1728 4225 3313 4317">
    <p class='ocr_par' dir='ltr' id='par_1_101' title="bbox 1728 4225 3313 4317">
     <span class='ocr_line' id='line_1_101' title="bbox 1728 4225 3313 4317; baseline 0.019 -39"><span class='ocrx_word' id='word_1_770' title='bbox 1728 4233 1810 4279; x_wconf 88' lang='lat' dir='ltr'><strong>ret</strong></span> <span class='ocrx_word' id='word_1_771' title='bbox 1843 4243 1855 4279; x_wconf 89' lang='lat'>:</span> <span class='ocrx_word' id='word_1_772' title='bbox 1890 4225 2152 4297; x_wconf 68' lang='lat' dir='ltr'><strong>Prmcepit</strong></span> <span class='ocrx_word' id='word_1_773' title='bbox 2193 4238 2393 4285; x_wconf 91' lang='lat' dir='ltr'><strong>tantum</strong></span> <span class='ocrx_word' id='word_1_774' title='bbox 2436 4232 2710 4300; x_wconf 91' lang='lat' dir='ltr'><strong>Dominus,</strong></span> <span class='ocrx_word' id='word_1_775' title='bbox 2755 4249 2808 4294; x_wconf 89' lang='lat' dir='ltr'><strong>et</strong></span> <span class='ocrx_word' id='word_1_776' title='bbox 2832 4243 3011 4299; x_wconf 88' lang='lat' dir='ltr'><strong>statim</strong></span> <span class='ocrx_word' id='word_1_777' title='bbox 3056 4261 3313 4317; x_wconf 89' lang='lat' dir='ltr'><strong>aquarum</strong></span> 
     </span>
    </p>
   </div>
   <div class='ocr_carea' id='block_1_102' title="bbox 1727 4318 3311 4410">
    <p class='ocr_par' dir='ltr' id='par_1_102' title="bbox 1727 4318 3311 4410">
     <span class='ocr_line' id='line_1_102' title="bbox 1727 4318 3311 4410; baseline 0.017 -40"><span class='ocrx_word' id='word_1_778' title='bbox 1727 4325 1914 4370; x_wconf 90' lang='lat' dir='ltr'><strong>natura</strong></span> <span class='ocrx_word' id='word_1_779' title='bbox 1946 4318 2198 4374; x_wconf 91' lang='lat' dir='ltr'><strong>mandato</strong></span> <span class='ocrx_word' id='word_1_780' title='bbox 2221 4320 2526 4379; x_wconf 87' lang='lat' dir='ltr'><strong>Conditoris</strong></span> <span class='ocrx_word' id='word_1_781' title='bbox 2562 4327 2819 4397; x_wconf 89' lang='lat' dir='ltr'><strong>obedivit,</strong></span> <span class='ocrx_word' id='word_1_782' title='bbox 2845 4343 2899 4387; x_wconf 91' lang='lat' dir='ltr'><strong>et</strong></span> <span class='ocrx_word' id='word_1_783' title='bbox 2925 4344 2982 4390; x_wconf 93' lang='lat' dir='ltr'><strong>ut</strong></span> <span class='ocrx_word' id='word_1_784' title='bbox 3017 4337 3273 4397; x_wconf 81' lang='lat' dir='ltr'><strong>conﬁnxit</strong></span> <span class='ocrx_word' id='word_1_785' title='bbox 3294 4386 3311 4410; x_wconf 93' lang='lat'><strong>,</strong></span> 
     </span>
    </p>
   </div>
   <div class='ocr_carea' id='block_1_103' title="bbox 1727 4410 3314 4497">
    <p class='ocr_par' dir='ltr' id='par_1_103' title="bbox 1727 4410 3314 4497">
     <span class='ocr_line' id='line_1_103' title="bbox 1727 4410 3314 4497; baseline 0.017 -33"><span class='ocrx_word' id='word_1_786' title='bbox 1727 4419 1894 4464; x_wconf 89' lang='lat' dir='ltr'><strong>totum</strong></span> <span class='ocrx_word' id='word_1_787' title='bbox 1920 4410 2102 4466; x_wconf 89' lang='lat' dir='ltr'><strong>orbem</strong></span> <span class='ocrx_word' id='word_1_788' title='bbox 2131 4411 2421 4470; x_wconf 88' lang='lat' dir='ltr'><strong>inundavit.</strong></span> <span class='ocrx_word' id='word_1_789' title='bbox 2439 4415 2557 4472; x_wconf 88' lang='lat' dir='ltr'><strong>Jam</strong></span> <span class='ocrx_word' id='word_1_790' title='bbox 2586 4419 2728 4489; x_wconf 89' lang='lat' dir='ltr'><strong>quod</strong></span> <span class='ocrx_word' id='word_1_791' title='bbox 2746 4424 3094 4497; x_wconf 89' lang='lat' dir='ltr'><strong>quadraginta</strong></span> <span class='ocrx_word' id='word_1_792' title='bbox 3123 4429 3314 4491; x_wconf 84' lang='lat' dir='ltr'><strong>diebus</strong></span> 
     </span>
    </p>
   </div>
   <div class='ocr_carea' id='block_1_104' title="bbox 1730 4497 3308 4583">
    <p class='ocr_par' dir='ltr' id='par_1_104' title="bbox 1730 4497 3308 4583">
     <span class='ocr_line' id='line_1_104' title="bbox 1730 4497 3308 4583; baseline 0.017 -33"><span class='ocrx_word' id='word_1_793' title='bbox 1730 4501 1785 4551; x_wconf 89' lang='lat' dir='ltr'><strong>et</strong></span> <span class='ocrx_word' id='word_1_794' title='bbox 1797 4497 2151 4569; x_wconf 85' lang='lat' dir='ltr'><strong>quadraginta</strong></span> <span class='ocrx_word' id='word_1_795' title='bbox 2167 4501 2416 4558; x_wconf 86' lang='lat' dir='ltr'><strong>noctibus</strong></span> <span class='ocrx_word' id='word_1_796' title='bbox 2429 4503 2706 4562; x_wconf 87' lang='lat' dir='ltr'><strong>inductum</strong></span> <span class='ocrx_word' id='word_1_797' title='bbox 2723 4512 3308 4583; x_wconf 83' lang='lat' dir='ltr'><strong>estdiluvium,etistud</strong></span> 
     </span>
    </p>
   </div>
   <div class='ocr_carea' id='block_1_105' title="bbox 1731 4578 3309 4660">
    <p class='ocr_par' dir='ltr' id='par_1_105' title="bbox 1731 4578 3309 4660">
     <span class='ocr_line' id='line_1_105' title="bbox 1731 4578 3309 4660; baseline 0.016 -26"><span class='ocrx_word' id='word_1_798' title='bbox 1731 4578 1908 4651; x_wconf 89' lang='lat' dir='ltr'><strong>ipsum</strong></span> <span class='ocrx_word' id='word_1_799' title='bbox 1929 4582 2193 4640; x_wconf 89' lang='lat' dir='ltr'><strong>bonitatis</strong></span> <span class='ocrx_word' id='word_1_800' title='bbox 2211 4587 2507 4643; x_wconf 84' lang='lat' dir='ltr'><strong>maximum</strong></span> <span class='ocrx_word' id='word_1_801' title='bbox 2527 4591 2801 4660; x_wconf 88' lang='lat' dir='ltr'><strong>specimen</strong></span> <span class='ocrx_word' id='word_1_802' title='bbox 2816 4578 3309 4660; x_wconf 81' lang='lat' dir='ltr'><strong>est.Volebatenim</strong></span> 
     </span>
    </p>
   </div>
   <div class='ocr_carea' id='block_1_106' title="bbox 1731 4677 3310 4764">
    <p class='ocr_par' dir='ltr' id='par_1_106' title="bbox 1731 4677 3310 4764">
     <span class='ocr_line' id='line_1_106' title="bbox 1731 4677 3310 4764; baseline 0.018 -40"><span class='ocrx_word' id='word_1_803' title='bbox 1731 4681 1951 4742; x_wconf 89' lang='lat' dir='ltr'><strong>propter</strong></span> <span class='ocrx_word' id='word_1_804' title='bbox 1972 4690 2221 4746; x_wconf 86' lang='lat' dir='ltr'><strong>magnam</strong></span> <span class='ocrx_word' id='word_1_805' title='bbox 2240 4677 2897 4751; x_wconf 89' lang='lat' dir='ltr'><strong>misericordiam,saltetn</strong></span> <span class='ocrx_word' id='word_1_806' title='bbox 2922 4691 3134 4764; x_wconf 88' lang='lat' dir='ltr'><strong>aliquos</strong></span> <span class='ocrx_word' id='word_1_807' title='bbox 3153 4711 3215 4750; x_wconf 84' lang='lat' dir='ltr'><strong>ex</strong></span> <span class='ocrx_word' id='word_1_808' title='bbox 3229 4699 3310 4753; x_wconf 84' lang='lat' dir='ltr'><strong>eis</strong></span> 
     </span>
    </p>
   </div>
   <div class='ocr_carea' id='block_1_107' title="bbox 1730 4762 3304 4859">
    <p class='ocr_par' dir='ltr' id='par_1_107' title="bbox 1730 4762 3304 4859">
     <span class='ocr_line' id='line_1_107' title="bbox 1730 4762 3304 4859; baseline 0.02 -45"><span class='ocrx_word' id='word_1_809' title='bbox 1730 4762 2028 4833; x_wconf 86' lang='lat' dir='ltr'><strong>castigatos</strong></span> <span class='ocrx_word' id='word_1_810' title='bbox 2062 4768 2373 4835; x_wconf 83' lang='lat' dir='ltr'><strong>generalem</strong></span> <span class='ocrx_word' id='word_1_811' title='bbox 2416 4772 2557 4828; x_wconf 88' lang='lat' dir='ltr'><strong>hanc</strong></span> <span class='ocrx_word' id='word_1_812' title='bbox 2581 4762 3031 4838; x_wconf 63' lang='lat' dir='ltr'><strong>internecionem</strong></span> <span class='ocrx_word' id='word_1_813' title='bbox 3048 4785 3304 4859; x_wconf 81' lang='lat' dir='ltr'><strong>eﬁ‘ugere,</strong></span> 
     </span>
    </p>
   </div>
   <div class='ocr_carea' id='block_1_108' title="bbox 1727 4857 3306 4950">
    <p class='ocr_par' dir='ltr' id='par_1_108' title="bbox 1727 4857 3306 4950">
     <span class='ocr_line' id='line_1_108' title="bbox 1727 4857 3306 4950; baseline 0.02 -43"><span class='ocrx_word' id='word_1_814' title='bbox 1727 4868 1851 4908; x_wconf 90' lang='lat' dir='ltr'><strong>cum</strong></span> <span class='ocrx_word' id='word_1_815' title='bbox 1865 4864 1993 4911; x_wconf 88' lang='lat' dir='ltr'><strong>ante</strong></span> <span class='ocrx_word' id='word_1_816' title='bbox 2008 4857 2199 4915; x_wconf 88' lang='lat' dir='ltr'><strong>oculos</strong></span> <span class='ocrx_word' id='word_1_817' title='bbox 2221 4862 2468 4920; x_wconf 88' lang='lat' dir='ltr'><strong>viderent</strong></span> <span class='ocrx_word' id='word_1_818' title='bbox 2481 4874 2878 4940; x_wconf 88' lang='lat' dir='ltr'><strong>etcongeneres</strong></span> <span class='ocrx_word' id='word_1_819' title='bbox 2895 4891 3027 4933; x_wconf 92' lang='lat' dir='ltr'><strong>suos</strong></span> <span class='ocrx_word' id='word_1_820' title='bbox 3043 4857 3306 4950; x_wconf 80' lang='lat' dir='ltr'><strong>perire,et</strong></span> 
     </span>
    </p>
   </div>
   <div class='ocr_carea' id='block_1_109' title="bbox 1680 4947 3300 5030">
    <p class='ocr_par' dir='ltr' id='par_1_109' title="bbox 1680 4947 3300 5030">
     <span class='ocr_line' id='line_1_109' title="bbox 1680 4947 3300 5030; baseline 0.019 -31"><span class='ocrx_word' id='word_1_821' title='bbox 1680 4951 1684 4956; x_wconf 84' lang='lat'>&#39;</span> <span class='ocrx_word' id='word_1_822' title='bbox 1726 4947 2122 5007; x_wconf 88' lang='lat' dir='ltr'><strong>immineresibi</strong></span> <span class='ocrx_word' id='word_1_823' title='bbox 2152 4947 3131 5027; x_wconf 68' lang='lat' dir='ltr'><strong>contmuneminteritum.Verisiuiile</strong></span> <span class='ocrx_word' id='word_1_824' title='bbox 3157 4975 3300 5030; x_wconf 86' lang='lat' dir='ltr'><strong>enim</strong></span> 
     </span>
    </p>
   </div>
   <div class='ocr_carea' id='block_1_110' title="bbox 1723 5043 3298 5133">
    <p class='ocr_par' dir='ltr' id='par_1_110' title="bbox 1723 5043 3298 5133">
     <span class='ocr_line' id='line_1_110' title="bbox 1723 5043 3298 5133; baseline 0.016 -37"><span class='ocrx_word' id='word_1_825' title='bbox 1723 5043 1998 5113; x_wconf 87' lang='lat' dir='ltr'><strong>estprimo</strong></span> <span class='ocrx_word' id='word_1_826' title='bbox 2016 5045 2104 5102; x_wconf 90' lang='lat' dir='ltr'><strong>die</strong></span> <span class='ocrx_word' id='word_1_827' title='bbox 2121 5047 2316 5104; x_wconf 88' lang='lat' dir='ltr'><strong>bonam</strong></span> <span class='ocrx_word' id='word_1_828' title='bbox 2334 5051 2570 5122; x_wconf 85' lang='lat' dir='ltr'><strong>aliquam</strong></span> <span class='ocrx_word' id='word_1_829' title='bbox 2597 5065 2806 5125; x_wconf 89' lang='lat' dir='ltr'><strong>partem</strong></span> <span class='ocrx_word' id='word_1_830' title='bbox 2820 5059 3026 5116; x_wconf 90' lang='lat' dir='ltr'><strong>diluvio</strong></span> <span class='ocrx_word' id='word_1_831' title='bbox 3048 5065 3298 5133; x_wconf 87' lang='lat' dir='ltr'><strong>periisse,</strong></span> 
     </span>
    </p>
   </div>
   <div class='ocr_carea' id='block_1_111' title="bbox 1721 5134 3301 5215">
    <p class='ocr_par' dir='ltr' id='par_1_111' title="bbox 1721 5134 3301 5215">
     <span class='ocr_line' id='line_1_111' title="bbox 1721 5134 3301 5215; baseline 0.018 -30"><span class='ocrx_word' id='word_1_832' title='bbox 1721 5140 1775 5186; x_wconf 91' lang='lat' dir='ltr'><strong>et</strong></span> <span class='ocrx_word' id='word_1_833' title='bbox 1797 5134 2043 5189; x_wconf 89' lang='lat' dir='ltr'><strong>secundo</strong></span> <span class='ocrx_word' id='word_1_834' title='bbox 2063 5136 2150 5193; x_wconf 88' lang='lat' dir='ltr'><strong>die</strong></span> <span class='ocrx_word' id='word_1_835' title='bbox 2168 5141 2478 5198; x_wconf 88' lang='lat' dir='ltr'><strong>accrevisse</strong></span> <span class='ocrx_word' id='word_1_836' title='bbox 2501 5144 2707 5215; x_wconf 87' lang='lat' dir='ltr'><strong>aliquid</strong></span> <span class='ocrx_word' id='word_1_837' title='bbox 2725 5149 2914 5204; x_wconf 86' lang='lat' dir='ltr'><strong>diluvii</strong></span> <span class='ocrx_word' id='word_1_838' title='bbox 2935 5170 2950 5208; x_wconf 93' lang='lat'><strong>:</strong></span> <span class='ocrx_word' id='word_1_839' title='bbox 2972 5162 3026 5208; x_wconf 86' lang='lat' dir='ltr'><strong>et</strong></span> <span class='ocrx_word' id='word_1_840' title='bbox 3047 5157 3301 5213; x_wconf 89' lang='lat' dir='ltr'><strong>similiter</strong></span> 
     </span>
    </p>
   </div>
   <div class='ocr_carea' id='block_1_112' title="bbox 1721 5221 3299 5315">
    <p class='ocr_par' dir='ltr' id='par_1_112' title="bbox 1721 5221 3299 5315">
     <span class='ocr_line' id='line_1_112' title="bbox 1721 5221 3299 5315; baseline 0.019 -41"><span class='ocrx_word' id='word_1_841' title='bbox 1721 5221 1810 5277; x_wconf 90' lang='lat' dir='ltr'><strong>die</strong></span> <span class='ocrx_word' id='word_1_842' title='bbox 1840 5225 2022 5292; x_wconf 83' lang='lat' dir='ltr'><strong>tertio,</strong></span> <span class='ocrx_word' id='word_1_843' title='bbox 2042 5236 2098 5282; x_wconf 91' lang='lat' dir='ltr'><strong>et</strong></span> <span class='ocrx_word' id='word_1_844' title='bbox 2120 5230 2549 5304; x_wconf 87' lang='lat' dir='ltr'><strong>reliquis.Atque</strong></span> <span class='ocrx_word' id='word_1_845' title='bbox 2576 5234 2696 5292; x_wconf 88' lang='lat' dir='ltr'><strong>ideo</strong></span> <span class='ocrx_word' id='word_1_846' title='bbox 2719 5238 2770 5292; x_wconf 93' lang='lat' dir='ltr'><strong>in</strong></span> <span class='ocrx_word' id='word_1_847' title='bbox 2797 5240 3158 5315; x_wconf 87' lang='lat' dir='ltr'><strong>quadraginta</strong></span> <span class='ocrx_word' id='word_1_848' title='bbox 3181 5247 3299 5304; x_wconf 86' lang='lat' dir='ltr'><strong>dies</strong></span> 
     </span>
    </p>
   </div>
   <div class='ocr_carea' id='block_1_113' title="bbox 1718 5316 3299 5395">
    <p class='ocr_par' dir='ltr' id='par_1_113' title="bbox 1718 5316 3299 5395">
     <span class='ocr_line' id='line_1_113' title="bbox 1718 5316 3299 5395; baseline 0.019 -29"><span class='ocrx_word' id='word_1_849' title='bbox 1718 5323 1772 5368; x_wconf 85' lang='lat' dir='ltr'><strong>et</strong></span> <span class='ocrx_word' id='word_1_850' title='bbox 1803 5316 2167 5388; x_wconf 84' lang='lat' dir='ltr'><strong>quadraginta</strong></span> <span class='ocrx_word' id='word_1_851' title='bbox 2190 5329 2382 5378; x_wconf 87' lang='lat' dir='ltr'><strong>noctes</strong></span> <span class='ocrx_word' id='word_1_852' title='bbox 2401 5323 2682 5394; x_wconf 81' lang='lat' dir='ltr'><strong>produxit,</strong></span> <span class='ocrx_word' id='word_1_853' title='bbox 2705 5335 2764 5382; x_wconf 93' lang='lat' dir='ltr'><strong>ut</strong></span> <span class='ocrx_word' id='word_1_854' title='bbox 2790 5345 3006 5388; x_wconf 89' lang='lat' dir='ltr'><strong>omnem</strong></span> <span class='ocrx_word' id='word_1_855' title='bbox 3031 5335 3299 5395; x_wconf 79' lang='lat' dir='ltr'><strong>delensio-</strong></span> 
     </span>
    </p>
   </div>
   <div class='ocr_carea' id='block_1_114' title="bbox 1719 5405 3299 5501">
    <p class='ocr_par' dir='ltr' id='par_1_114' title="bbox 1719 5405 3299 5501">
     <span class='ocr_line' id='line_1_114' title="bbox 1719 5405 3299 5501; baseline 0.018 -43"><span class='ocrx_word' id='word_1_856' title='bbox 1719 5405 1806 5459; x_wconf 90' lang='lat' dir='ltr'><strong>nis</strong></span> <span class='ocrx_word' id='word_1_857' title='bbox 1819 5407 2103 5463; x_wconf 87' lang='lat' dir='ltr'><strong>obtentum</strong></span> <span class='ocrx_word' id='word_1_858' title='bbox 2129 5411 2411 5470; x_wconf 89' lang='lat' dir='ltr'><strong>adimeret.</strong></span> <span class='ocrx_word' id='word_1_859' title='bbox 2433 5415 2567 5473; x_wconf 82' lang='lat' dir='ltr'><strong>Nam</strong></span> <span class='ocrx_word' id='word_1_860' title='bbox 2598 5419 2644 5473; x_wconf 92' lang='lat' dir='ltr'><strong>si</strong></span> <span class='ocrx_word' id='word_1_861' title='bbox 2665 5422 2929 5480; x_wconf 86' lang='lat' dir='ltr'><strong>voluisset</strong></span> <span class='ocrx_word' id='word_1_862' title='bbox 2946 5438 3109 5498; x_wconf 90' lang='lat' dir='ltr'><strong>atque</strong></span> <span class='ocrx_word' id='word_1_863' title='bbox 3134 5431 3299 5501; x_wconf 80' lang='lat' dir='ltr'><strong>impe-</strong></span> 
     </span>
    </p>
   </div>
   <div class='ocr_carea' id='block_1_115' title="bbox 1718 5503 3292 5580">
    <p class='ocr_par' dir='ltr' id='par_1_115' title="bbox 1718 5503 3292 5580">
     <span class='ocr_line' id='line_1_115' title="bbox 1718 5503 3292 5580; baseline 0.019 -30"><span class='ocrx_word' id='word_1_864' title='bbox 1718 5507 1912 5564; x_wconf 88' lang='lat' dir='ltr'><strong>rasset,</strong></span> <span class='ocrx_word' id='word_1_865' title='bbox 1938 5503 2206 5571; x_wconf 90' lang='lat' dir='ltr'><strong>potuisset</strong></span> <span class='ocrx_word' id='word_1_866' title='bbox 2231 5508 2415 5562; x_wconf 91' lang='lat' dir='ltr'><strong>omnia</strong></span> <span class='ocrx_word' id='word_1_867' title='bbox 2440 5509 2496 5564; x_wconf 88' lang='lat' dir='ltr'><strong>in</strong></span> <span class='ocrx_word' id='word_1_868' title='bbox 2534 5527 2641 5567; x_wconf 92' lang='lat' dir='ltr'><strong>uno</strong></span> <span class='ocrx_word' id='word_1_869' title='bbox 2665 5527 2944 5571; x_wconf 85' lang='lat' dir='ltr'><strong>momento</strong></span> <span class='ocrx_word' id='word_1_870' title='bbox 2981 5521 3247 5578; x_wconf 83' lang='lat' dir='ltr'><strong>inundare</strong></span> <span class='ocrx_word' id='word_1_871' title='bbox 3278 5545 3292 5580; x_wconf 91' lang='lat'>:</span> 
     </span>
    </p>
   </div>
   <div class='ocr_carea' id='block_1_116' title="bbox 1717 5592 3294 5672">
    <p class='ocr_par' dir='ltr' id='par_1_116' title="bbox 1717 5592 3294 5672">
     <span class='ocr_line' id='line_1_116' title="bbox 1717 5592 3294 5672; baseline 0.016 -28"><span class='ocrx_word' id='word_1_872' title='bbox 1717 5592 1810 5647; x_wconf 87' lang='lat' dir='ltr'><strong>sed</strong></span> <span class='ocrx_word' id='word_1_873' title='bbox 1828 5607 1926 5662; x_wconf 90' lang='lat' dir='ltr'><strong>pro</strong></span> <span class='ocrx_word' id='word_1_874' title='bbox 1945 5608 2042 5650; x_wconf 80' lang='lat' dir='ltr'><strong>sua</strong></span> <span class='ocrx_word' id='word_1_875' title='bbox 2069 5596 2358 5654; x_wconf 76' lang='lat' dir='ltr'><strong>clementia</strong></span> <span class='ocrx_word' id='word_1_876' title='bbox 2383 5609 2532 5656; x_wconf 88' lang='lat' dir='ltr'><strong>tanta</strong></span> <span class='ocrx_word' id='word_1_877' title='bbox 2549 5603 2761 5661; x_wconf 89' lang='lat' dir='ltr'><strong>dierum</strong></span> <span class='ocrx_word' id='word_1_878' title='bbox 2777 5607 3135 5668; x_wconf 89' lang='lat' dir='ltr'><strong>diuturnitate</strong></span> <span class='ocrx_word' id='word_1_879' title='bbox 3161 5630 3294 5672; x_wconf 89' lang='lat' dir='ltr'><strong>usus</strong></span> 
     </span>
    </p>
   </div>
   <div class='ocr_carea' id='block_1_117' title="bbox 1714 5685 3293 5762">
    <p class='ocr_par' dir='ltr' id='par_1_117' title="bbox 1714 5685 3293 5762">
     <span class='ocr_line' id='line_1_117' title="bbox 1714 5685 3293 5762; baseline 0.014 -21"><span class='ocrx_word' id='word_1_880' title='bbox 1714 5693 1819 5742; x_wconf 85' lang='lat' dir='ltr'><strong>est.</strong></span> <span class='ocrx_word' id='word_1_881' title='bbox 1854 5685 2056 5744; x_wconf 87' lang='lat' dir='ltr'><strong>Deinde</strong></span> <span class='ocrx_word' id='word_1_882' title='bbox 2085 5691 2218 5746; x_wconf 88' lang='lat' dir='ltr'><strong>dicit</strong></span> <span class='ocrx_word' id='word_1_883' title='bbox 2250 5710 2263 5746; x_wconf 88' lang='lat'><strong>:</strong></span> <span class='ocrx_word' id='word_1_884' title='bbox 2301 5693 2384 5750; x_wconf 79' lang='lat'><strong>15.</strong></span> <span class='ocrx_word' id='word_1_885' title='bbox 2414 5694 2478 5750; x_wconf 92' lang='lat' dir='ltr'><strong>In</strong></span> <span class='ocrx_word' id='word_1_886' title='bbox 2515 5698 2600 5753; x_wconf 87' lang='lat' dir='ltr'><strong>die</strong></span> <span class='ocrx_word' id='word_1_887' title='bbox 2624 5698 2720 5753; x_wconf 88' lang='lat' dir='ltr'><strong>illa</strong></span> <span class='ocrx_word' id='word_1_888' title='bbox 2748 5701 2966 5758; x_wconf 87' lang='lat' dir='ltr'><strong>intravit</strong></span> <span class='ocrx_word' id='word_1_889' title='bbox 2987 5707 3097 5760; x_wconf 84' lang='lat' dir='ltr'><strong>Noe</strong></span> <span class='ocrx_word' id='word_1_890' title='bbox 3123 5707 3176 5761; x_wconf 89' lang='lat' dir='ltr'><strong>itt</strong></span> <span class='ocrx_word' id='word_1_891' title='bbox 3203 5727 3293 5762; x_wconf 83' lang='lat' dir='ltr'><strong>ar-</strong></span> 
     </span>
    </p>
   </div>
  </div>
