3760 6318
463 289 572 348 2‘25

461 438 589 484 eam,
621 430 666 474 et
693 419 832 482 Sent,
852 427 896 472 et
922 416 1100 483 Cliam,
1131 427 1174 470 et
1194 415 1438 486 Japlteth,
1475 425 1519 469 et
1542 429 1668 467 uxor
1704 411 1834 476 Noe,
1865 419 1912 465 et
1947 420 2044 466 tres

463 528 642 565 uxores
683 511 905 578 ﬁliorum
948 507 1225 574 illius,H.
1273 516 1319 560 et
1362 522 1534 560 onmes
1568 504 1735 558 bestia:
1776 501 2049 557 secundum

462 592 638 674 genus,
669 603 754 657 16.
791 603 919 655 sicut
949 609 1255 671 prwceperat
1285 598 1531 652 Dominus
1560 596 1696 651 Deus
1720 595 1850 651 Noe.
1871 595 2049 664 Quan-

459 696 567 761 do,
617 695 817 764 inquit,
871 693 1032 762 coepit
1079 693 1334 746 diluvium
1380 689 1671 745 secundum
1723 698 2044 758 prmccptum

461 787 688 852 Domini,
723 786 934 840 intravit
959 785 1137 840 Noein
1159 800 1336 839 arcam
1367 799 1485 836 cum
1519 781 1639 836 ﬁliis
1665 789 1718 836 et
1743 795 1906 836 uxore
1929 795 2043 842 sua,

455 889 509 934 et
537 879 788 934 uxoribus
818 878 1043 931 ﬁliorum
1082 891 1320 939 suorum,
1354 881 1408 929 et
1433 888 1619 928 omnes
1654 871 1834 926 bestia:
1859 885 2048 925 secun-

456 970 583 1024 dum
610 985 799 1040 genus.
837 967 905 1022 Et
931 968 1131 1033 clausit,
1159 967 1349 1036 inquit,
1379 965 1630 1019 Dominus
1674 962 1814 1017 Deus
1859 960 2045 1032 deforis

457 1061 565 1131 ejus
591 1076 784 1114 arcum.

529 1153 582 1205 4.
614 1149 990 1205 Animadverte
1037 1151 1195 1203 etiam
1227 1148 1314 1202 hic
1354 1147 1500 1202 verbi
1529 1147 1592 1201 ad
1626 1154 1862 1201 nostram
1894 1145 2046 1199 inﬁr-

459 1243 696 1296 mitatem
723 1240 1291 1296 accommodationem.
1322 1237 1524 1293 Clausit
1560 1238 1703 1292 Deus
1752 1236 2046 1291 forinsecus

458 1334 600 1388 illius
619 1348 819 1399 arcam,
853 1341 910 1387 ut
950 1331 1138 1386 doceat
1183 1346 1241 1386 se
1282 1331 1334 1384 in
1381 1345 1568 1402 magna
1613 1329 1896 1384 securitate
1950 1341 2046 1396 po-

457 1427 629 1482 suisse
670 1425 891 1497 justum.
925 1424 1048 1480 Ideo
1074 1425 1167 1490 ait,
1201 1422 1413 1490 Clausit,
1445 1431 1499 1478 et
1523 1421 1689 1487 addit,
1720 1420 1942 1491 Deforis,
1976 1419 2046 1475 ita

459 1528 516 1574 ut
541 1535 644 1574 non
673 1527 854 1589 posset
878 1518 1057 1573 videre
1082 1517 1258 1587 justus
1286 1515 1588 1588 generalem
1618 1514 1855 1568 omnium
1905 1513 2044 1567 inte-

457 1613 640 1678 ritum,
672 1610 813 1665 unde
849 1608 1037 1680 majori
1083 1608 1271 1663 dolore
1301 1608 1414 1678 ipse
1439 1604 1808 1660 conﬁceretur.
1838 1603 1970 1658 Nam
2000 1600 2046 1656 si

458 1720 638 1760 secum
664 1705 840 1758 animo
861 1711 1159 1773 reputasset
1180 1700 1565 1755 atrocissimam
1591 1698 1732 1751 illam
1758 1706 2045 1768 tempesta-

460 1804 586 1860 tem,
607 1794 1079 1864 descripsissetque
1125 1792 1177 1846 in
1206 1798 1387 1846 mente
1426 1789 1639 1844 humani
1670 1789 1881 1860 generis
1920 1803 2045 1859 per-

457 1888 733 1952 ditionem,
763 1900 1099 1940 communem
1123 1883 1395 1938 brutorum
1427 1882 1664 1936 omnium
1695 1881 1964 1935 interitum
1993 1892 2047 1935 et

458 1979 733 2033 hominum
776 1986 828 2031 et
868 1975 1252 2046 iumentorum,
1296 1984 1350 2029 et
1376 1974 1540 2044 ipsius
1568 1982 1744 2038 terrm,
1779 1980 1835 2026 ut
1865 1973 1935 2026 ita
1967 1972 2048 2026 di-

457 2086 598 2135 cam,
629 2069 995 2132 abolitionem,
1030 2066 1281 2121 maestitia
1324 2075 1621 2134 correptus,
1653 2075 1705 2118 et
1736 2063 1890 2118 valde
1937 2074 2046 2117 tur-

459 2163 612 2216 batus
655 2160 862 2215 fuisset.
909 2159 1239 2229 Quamquam
1285 2157 1427 2213 enim
1479 2165 1631 2210 erant
1674 2155 1928 2227 improbi,
1957 2154 2046 2224 qui

459 2254 722 2325 peribant,
761 2261 994 2307 attamen
1043 2251 1305 2310 bonorum
1339 2249 1574 2303 virorum
1623 2249 1813 2303 anima:
1857 2263 2043 2325 magna

458 2345 925 2400 commiseratione
964 2342 1103 2397 al‘ﬁci
1131 2342 1324 2408 solent,
1353 2341 1397 2394 si
1421 2339 1634 2410 quando
1665 2338 1845 2394 vident
1872 2323 2044 2409 puniri

461 2439 732 2502 homines;
761 2446 812 2492 et
838 2435 1075 2491 invenies
1102 2449 1289 2489 omnes
1319 2434 1604 2504 prephetas
1632 2441 1685 2487 et
1706 2433 1879 2502 justos
1927 2433 2044 2503 plu-

461 2532 651 2584 rimum
678 2544 773 2600 pro
801 2529 905 2583 illis
933 2528 1045 2582 Deo
1074 2527 1398 2597 supplicare,
1443 2525 1580 2580 sicut
1621 2523 1917 2594 patriarcha
1951 2539 2046 2594 pro

457 2621 746 2676 Sodomitis
793 2619 1017 2674 faciebat
1045 2617 1195 2693 (Gen.
1247 2618 1333 2673 18.
1381 2617 1494 2688 25),
1537 2615 1674 2670 sicut
1717 2616 1876 2670 etiam
1925 2631 2047 2686 pro-

457 2713 630 2783 pheta:
655 2711 904 2766 continuo
932 2710 1106 2766 facere
1132 2709 1390 2766 solebant.
1423 2707 1635 2766 Etenim
1664 2722 1802 2764 unus
1831 2706 2044 2777 quidem

455 2806 667 2861 dicebat
697 2823 709 2858 :
748 2803 864 2860 Heu
890 2803 1032 2871 mihi,
1060 2801 1296 2869 Domine,
1327 2800 1512 2855 detebis
1537 2812 1589 2854 tu
1614 2801 1849 2871 reliquias
1878 2798 2048 2854 Israel

457 2895 665 2970 (Ezech.
693 2894 745 2950 9.
771 2894 863 2964 8)?
892 2893 1027 2948 alius
1049 2903 1228 2948 autem
1275 2892 1349 2946 ait
1381 2909 1392 2945 :
1424 2889 1606 2945 Facies
1651 2891 1874 2945 homines
1916 2892 2046 2945 sicut

459 2973 615 3058 pisces
642 2988 818 3052 maris,
843 3001 943 3039 non
973 2985 1208 3039 habentes
1234 2984 1410 3037 ducem
1439 2983 1618 3056 (Abac.
1648 2985 1698 3038 1.
1728 2983 1819 3054 Η)
1840 2982 1863 3035 ?
1887 2982 2048 3054 Igitur

455 3079 579 3148 quia
626 3079 856 3148 alioquin
896 3077 1073 3148 justus
1113 3075 1537 3130 confundebatur
1558 3084 1754 3140 mente,
1785 3081 1837 3129 et
1867 3073 2047 3128 turba-

457 3173 631 3236 batur,
665 3187 731 3226 ne
760 3188 823 3225 ex
850 3171 964 3225 visu
986 3178 1040 3225 et
1060 3169 1366 3240 spectaculo
1395 3168 1581 3239 majori
1612 3169 1820 3224 tristitia
1868 3167 2048 3222 al'ﬁee-

458 3276 624 3330 retur,
672 3264 726 3318 in
771 3278 891 3318 arca
935 3263 1081 3317 illum
1120 3263 1272 3332 quasi
1319 3263 1370 3316 in
1419 3277 1632 3318 carcere
1675 3260 1938 3322 includit,
1992 3271 2049 3315 ut

460 3372 525 3410 ne
550 3356 718 3410 oculis
743 3354 1154 3426 prospicientem
1201 3362 1374 3409 metus
1422 3353 1715 3409 invaderet.
1752 3351 2048 3410 Verisimile

466 3447 608 3502 enim
641 3456 742 3507 est.
772 3445 817 3500 si
848 3446 1067 3501 vidisset
1107 3443 1505 3500 inundationem
1548 3453 1624 3499 tot
1649 3460 1924 3515 aquarum,
1953 3460 2048 3499 an-

458 3541 602 3594 xium
632 3539 764 3604 fore,
794 3554 861 3594 ne
888 3547 941 3593 et
970 3539 1082 3608 ipse
1101 3538 1252 3609 aquis
1282 3537 1501 3608 periret.
1534 3537 1661 3608 Ejus
1688 3538 1846 3609 igitur
1865 3552 2046 3593 curam

455 3649 648 3703 gerens
678 3632 939 3702 benignus
970 3631 1134 3696 Dens,
1169 3645 1276 3685 non
1305 3628 1547 3700 permisit
1573 3630 1745 3700 ipsum
1777 3629 1859 3686 vel
1885 3645 2048 3700 aqua-

457 3741 574 3780 rum
591 3733 833 3795 spectare
854 3722 1132 3788 smviliem,
1153 3721 1237 3776 vel
1256 3721 1438 3777 videre
1454 3721 1727 3776 hominum
1756 3721 2044 3786 excidium,

457 3825 511 3872 et
527 3831 861 3871 communem
885 3814 1026 3868 orbis
1044 3812 1483 3868 internecionem.
1503 3812 1615 3884 Ego
1634 3822 1809 3867 autem
1833 3812 2047 3884 quando

459 3918 647 3979 reputo
674 3923 882 3963 mecum
920 3907 1046 3977 justi
1075 3905 1234 3974 hujus
1264 3905 1422 3960 vitam
1457 3905 1506 3958 in
1535 3919 1658 3959 area
1679 3945 1695 3968 ,
1727 3905 2047 3973 obstupesco

459 4011 513 4056 et
543 4002 726 4064 miror,
758 4001 1056 4070 iterumque
1082 3999 1176 4053 Dei
1220 3997 1520 4053 clementia:
1567 4006 1736 4054 totum
1775 3997 2043 4052 adscribo.

457 4093 591 4151 Nam
621 4095 722 4148 nisi
751 4093 838 4147 illa
865 4093 1236 4146 conﬁrmasset
1264 4092 1403 4145 illius
1448 4098 1702 4158 mentem,
1733 4099 1784 4146 et
1811 4089 2045 4144 difﬁcilia

459 4184 595 4240 levia
639 4182 874 4248 fecisset,
927 4180 1214 4250 quomodo,
1265 4180 1369 4245 die,
1423 4194 1539 4246 oro,
1589 4179 1726 4234 ferre
1768 4180 2044 4251 potuisset,

461 4276 535 4331 ibi
563 4274 796 4330 inclusus
823 4272 970 4344 quasi
1003 4272 1054 4326 in
1086 4269 1325 4326 custodia
1351 4268 1577 4342 quadam
1605 4280 1658 4326 et
1685 4270 1737 4324 in
1772 4280 1905 4326 tetro
1929 4287 2047 4327 car-

459 4369 626 4424 cere?
673 4365 970 4439 quomodo,
1021 4379 1223 4435 qttarso,
1269 4362 1527 4434 potuisset
1568 4362 2048 4420 adversustantos

460 4459 715 4514 ﬂuctuum
765 4459 992 4528 impetus
1032 4455 1325 4510 obsistere?
1370 4451 1622 4508 Homines
1670 4453 1810 4508 enim
1858 4455 1946 4525 qui
1992 4455 2043 4510 in

461 4551 580 4606 navi
612 4559 754 4616 sunt,
784 4561 838 4603 et.
873 4549 992 4602 velo
1041 4557 1278 4612 utuntur,
1328 4554 1382 4600 et
1410 4545 1814 4616 gubernatorem
1846 4545 1912 4599 ad
1942 4547 2048 4599 cla-

463 4657 589 4696 vum
638 4639 910 4694 sedentem
958 4637 1178 4702 vident,
1229 4645 1284 4690 et
1330 4650 1426 4690 sua
1463 4647 1578 4690 arte
1622 4644 1902 4690 ventorum
1931 4637 1947 4667 ¹
1977 4637 2027 4691 vi

460 4733 806 4790 obsistentem
835 4772 848 4792 ,
891 4728 1146 4799 siquando
1202 4726 1455 4781 ﬂuctuum
1501 4727 1681 4782 vident
1739 4727 1998 4782 insaniam
2028 4769 2042 4792 ,

461 4834 756 4883 caecantur
784 4833 949 4887 metu,
978 4829 1032 4877 et
1059 4822 1125 4876 de
1171 4823 1342 4908 θιυιθ
1391 4835 1484 4874 sua
1525 4821 1904 4893 propemodum
1949 4821 2047 4877 de-

461 4922 725 4988 sperant:
769 4913 895 4984 quid
945 4913 1102 4984 igitur
1149 4911 1342 4967 dixerit
1379 4911 1570 4983 aliquis
1601 4911 1668 4968 de
1706 4913 1852 4982 justo
1898 4911 2048 4968 hoc?

457 5010 590 5067 Nam
631 5009 782 5080 quasi
825 5008 877 5062 in
917 5021 1153 5069 carcere,
1187 5015 1245 5059 ut
1273 5003 1402 5068 dixi,
1445 5003 1658 5070 sedens,
1704 5005 1827 5059 hinc
1845 5013 1900 5060 et
1925 5004 2048 5060 inde

462 5101 960 5164 cireumferebatur,
987 5112 1161 5168 neque
1187 5098 1374 5152 caelum
1414 5097 1595 5153 videre
1617 5138 1632 5164 ,
1655 5112 1828 5169 neque
1871 5097 2048 5168 aliquo

463 5195 647 5250 oculos
692 5202 903 5248 vertere
932 5191 1137 5256 valens,
1166 5189 1265 5244 sed
1296 5189 1436 5244 intus
1477 5189 1773 5257 tenebatur,
1815 5188 2048 5259 nihilque

465 5301 684 5355 prorsus
707 5284 891 5339 videre
920 5289 1148 5353 poterat,
1180 5280 1320 5351 quod
1357 5281 1771 5344 consolationem
1811 5281 2045 5338 aﬁerret.

468 5375 536 5429 Et
561 5375 596 5430 ii
622 5374 833 5444 quidem
865 5373 952 5442 qui
987 5374 1039 5428 in
1079 5373 1211 5427 mari
1255 5373 1541 5445 navigant,
1566 5373 1774 5428 etiamsi
1805 5373 1856 5428 in
1881 5373 2046 5428 altum

459 5473 752 5538 exsurgant
789 5465 1016 5530 ﬂuctus,
1053 5473 1276 5535 possunt
1311 5465 1535 5519 subinde
1565 5464 1616 5518 in
1646 5465 1834 5518 czelum
1879 5465 2051 5536 suspi~

465 5572 609 5624 cere,
635 5565 688 5612 et
715 5556 990 5613 cacumina
1009 5557 1268 5613 montium
1288 5557 1488 5626 videre,
1505 5566 1559 5613 et
1573 5558 1812 5612 civitates
1832 5572 2049 5628 magnas

468 5657 708 5720 spectare
729 5688 745 5714 ,
793 5647 978 5718 sicque
1013 5648 1334 5718 aliquantam
1371 5649 1788 5706 consolationem
1817 5663 2046 5722 capere;

533 5764 550 5796 ³
577 5769 722 5824 Unus,
745 5760 1019 5824 turdarum;
1042 5760 1186 5817 alius,
1206 5760 1452 5823 ﬂuctuum.

1182 297 1239 353 S.
1279 295 1554 353 JOANNIS
1589 291 2070 350 CHRYSOSTOMI
2110 289 2424 346 ARCHIEP.
2466 290 3004 349 CONSTANTINOP.
3165 259 3205 283 Λ
3635 293 3708 352 iii

2151 410 2295 480 quod
2309 411 2358 464 si
2383 411 2594 481 gravior
2618 421 2671 466 et
2688 410 3074 467 intolerabilior
3099 409 3255 466 fuerit
3280 419 3594 482 tempestas,
3619 426 3708 484 post

2153 501 2335 559 decem
2361 503 2445 558 vel
2475 505 2629 574 paulo
2657 504 2834 573 plures
2855 504 2988 569 dies,
3009 513 3066 559 et
3088 513 3210 574 post
3235 506 3432 561 inuitas
3459 506 3578 561 iilas
3605 516 3710 564 tern-

2154 604 2386 664 pestates
2420 603 2474 650 et
2511 596 2742 665 pericula
2769 638 2782 659 ,
2819 596 2870 650 in
2913 604 3112 650 terram
3151 596 3304 665 eiecti
3330 639 3344 662 ,
3381 606 3441 652 et
3470 598 3708 666 paululum

2154 687 2336 742 reiecti
2362 730 2377 756 ,
2420 689 2656 742 omnium
2693 689 2899 743 illarum
2938 688 3298 742 molestiarum
3330 689 3708 746 obiiviscuntur.

2153 778 2250 834 Hic
2275 788 2451 834 autem
2482 779 2615 834 nihil
2643 781 2766 842 tale,
2795 779 2887 834 sed
2915 795 3055 833 anno
3082 787 3193 833 toto
3221 796 3414 834 novum
3443 791 3498 838 et
3529 790 3710 852 stupen.

2153 872 2277 926 dutn
2307 872 2452 926 illum
2483 888 2751 927 carcerem
2782 872 3137 939 inhabitabat,
3162 888 3332 943 neque
3356 889 3542 928 aerem
3570 878 3709 942 resili-

2153 980 2274 1020 rare
2304 966 2508 1020 valens.
2549 965 2827 1032 Quomodo
2853 966 2993 1020 enim
3023 965 3325 1034 potuisset,
3354 981 3480 1020 cum
3510 966 3711 1036 undique

2151 1073 2272 1114 arca
2290 1059 2468 1113 clausa
2489 1059 2668 1113 esset?
2690 1058 2984 1125 Quomodo,
3006 1073 3206 1127 quaeso,
3226 1058 3421 1112 restitit
3435 1058 3460 1110 ?
3475 1060 3712 1127 quomodo

2151 1149 2403 1206 duravit?
2443 1149 2574 1204 Nam
2613 1150 2656 1204 si
2699 1149 2872 1204 ferrea
2915 1159 2969 1205 et
3001 1149 3337 1204 adamantina
3379 1147 3490 1204 illis
3519 1151 3712 1205 fuissent

2153 1257 2376 1312 corpora
2403 1285 2415 1309 ,
2446 1242 2713 1313 quomodo
2750 1243 3044 1312 potuissent
3070 1284 3084 1306 ,
3116 1244 3205 1312 qui
3238 1258 3413 1312 neque
3443 1257 3572 1296 aere
3601 1241 3712 1296 fruc-

2151 1335 2343 1390 bantur
2367 1349 2540 1403 neque
2568 1344 2728 1388 vento
2749 1375 2764 1400 ,
2795 1333 2884 1403 qui
2913 1349 3022 1388 nrn
3055 1334 3226 1388 minus
3248 1349 3407 1403 quam
3433 1349 3535 1387 aer
3559 1333 3624 1387 ad
3652 1351 3714 1390 rc-

2151 1425 2432 1481 focillanda
2476 1441 2700 1497 corpora
2748 1439 2926 1482 nostra
2967 1425 3139 1481 factus
3180 1436 3302 1493 est,
3350 1442 3530 1497 neque
3553 1427 3714 1482 oculos

2151 1533 2372 1589 pascere
2401 1527 2686 1587 poterant,
2717 1528 2809 1573 aut
2838 1519 2952 1572 emli
2977 1560 2990 1585 ,
3024 1528 3115 1572 aut
3145 1527 3306 1573 terra:
3335 1517 3558 1574 ﬁoribus
3589 1520 3714 1588 pict'e

2151 1611 2496 1681 spectaculo?
2521 1611 2798 1680 Queror/do
2821 1628 2924 1667 non
2950 1613 3199 1666 excmcati
3230 1611 3374 1667 oculi
3397 1627 3580 1666 eorum
3607 1654 3620 1675 ,
3646 1614 3715 1682 qui

2153 1702 2351 1758 tamdiu
2375 1703 2444 1758 ibi
2467 1704 2728 1774 egerunt?
2753 1703 2821 1758 Et
2841 1703 2884 1757 si
2911 1702 3156 1757 humanis
3185 1701 3486 1757 rationibus
3511 1702 3717 1756 lia-cde-

2151 1795 2486 1864 prehendere
2515 1796 2759 1850 volumus
2783 1835 2797 1858 ,
2829 1804 2882 1849 et
2911 1793 3034 1859 illud
3063 1793 3400 1864 cogitandum
3425 1835 3442 1857 ,
3474 1793 3614 1848 unde
3638 1792 3715 1846 llu-

2151 1887 2302 1941 vialis
2329 1897 2382 1941 et
2410 1886 2657 1957 potabilis
2685 1902 2834 1956 aqua:
2867 1886 3073 1956 copiam
3111 1885 3381 1938 habebant
3419 1883 3472 1937 in
3503 1899 3625 1937 arca
3657 1887 3719 1936 vi-

2148 1991 2353 2036 ventes.
2387 1981 2453 2034 Et
2483 1991 2538 2034 ut
2567 1980 2681 2035 haec
2708 1987 3042 2050 prmteream,
3072 1978 3340 2049 quomodo
3371 1978 3542 2047 potuit
3567 1978 3718 2045 justus

2150 2074 2238 2129 ille
2263 2089 2382 2129 cum
2409 2075 2528 2128 ﬁliis
2550 2082 2605 2128 et
2626 2074 2879 2128 uxoribus
2903 2063 3362 2127 conversatidnem
3385 2086 3509 2126 cum
3537 2070 3658 2125 feris
3678 2081 3720 2124 et

2151 2166 2267 2219 aliis
2296 2165 2610 2220 animalibus
2642 2165 2821 2218 terre?
2851 2164 3120 2233 quomodo
3146 2163 3260 2217 tulit
3291 2162 3538 2217 {tutorem
3559 2162 3584 2212 ἲ
3604 2177 3718 2232 quo-

2150 2255 2309 2310 modo
2331 2256 2446 2309 tulit
2468 2255 2569 2309 coh
2589 2255 2912 2309 ibitationem
2929 2254 2953 2306 ?
2969 2253 3040 2308 Et
3059 2269 3156 2308 cur
3169 2254 3270 2307 ista
3288 2252 3410 2307 dico
3422 2253 3448 2306 ?
3460 2253 3722 2320 Quornodo

2151 2347 2302 2402 bruta
2334 2347 2444 2415 ipsa
2480 2355 2764 2415 potuerunt
2793 2346 3017 2411 durare,
3051 2354 3106 2400 et
3138 2361 3249 2398 non
3289 2345 3468 2415 perire
3501 2345 3554 2397 in
3597 2356 3719 2397 tanta

2150 2439 2402 2506 temporis
2434 2435 2782 2506 longitudine.
2807 2452 2925 2506 qua:
2947 2451 3118 2507 neque
3147 2451 3326 2490 aerem
3352 2436 3624 2491 attrahere
3647 2451 3725 2486 va-

2149 2529 2348 2592 lebant,
2380 2545 2551 2600 neque
2577 2529 2799 2594 moveri,
2831 2528 2923 2583 sed
2956 2528 3007 2582 in
3033 2544 3140 2583 uno
3169 2529 3288 2582 loco
3313 2528 3722 2582 coercebanuir?

2149 2621 2311 2676 Scitis
2341 2622 2480 2676 enim
2505 2663 2519 2687 ,
2554 2630 2608 2676 et
2637 2621 2802 2690 probe
2833 2620 2980 2674 scitis
3011 2619 3169 2673 talem
3194 2633 3314 2674 esse
3344 2627 3583 2673 no-tram
3609 2620 3725 2672 bru-

2151 2721 2430 2782 torumque
2457 2723 2717 2778 naturam,
2751 2723 2806 2767 ut
2833 2712 3038 2766 etiamsi
3069 2727 3194 2766 aere
3219 2709 3482 2775 fruamur,
3514 2711 3725 2778 aliisque

2148 2805 2395 2860 omnibus
2418 2847 2434 2873 ,
2456 2805 2710 2860 continuo
2743 2815 2917 2860 autem
2956 2803 3010 2859 in
3033 2819 3140 2858 uno
3174 2805 3292 2860 loco
3319 2805 3488 2858 simus
3513 2803 3726 2862 inclusi,

2150 2896 2280 2951 nihil
2315 2896 2590 2967 prohibeat
2627 2895 2908 2966 quominus
2937 2909 3233 2964 pereamus.
3271 2893 3425 2949 Unde
3455 2895 3615 2964 igitur
3641 2909 3726 2962 po-

2149 2989 2248 3042 tuit
2268 2985 2440 3057 justus
2461 3001 2580 3041 cum
2608 2986 2853 3040 omnibus
2883 2987 2970 3055 qui
3013 2986 3064 3038 in
3103 3000 3223 3040 arca
3253 2995 3408 3040 erant
3432 3025 3448 3048 ,
3473 2995 3622 3038 tanto
3644 2985 3726 3038 du-

2150 3094 2269 3133 rare
2296 3079 2576 3148 tempore?
2601 3077 2715 3132 Non
2746 3077 2957 3133 aliunde
2983 3093 3142 3148 quam
3168 3093 3235 3133 ex
3268 3093 3498 3148 superna
3531 3081 3693 3148 gratia
3716 3115 3726 3142 .

2150 3170 2234 3225 cui
2264 3169 2442 3224 omnia
2472 3177 2598 3224 sunt
2624 3169 2918 3240 possibilia.
2949 3171 3140 3224 Annon
3174 3185 3353 3224 arcam
3380 3169 3508 3224 hinc
3535 3183 3589 3225 et
3620 3170 3726 3226 ind!

2149 3263 2373 3327 moveri,
2397 3271 2450 3318 et
2475 3278 2578 3317 non
2607 3262 2873 3333 submergi
2895 3277 2924 3316 a
2947 3271 3090 3317 tanta
3111 3278 3364 3333 aquarum
3388 3263 3461 3325 si,
3484 3278 3610 3317 cum
3630 3263 3726 3316 null

2151 3357 2232 3412 lus
2257 3366 2402 3414 esset
2443 3357 2787 3428 gubernator,
2820 3372 3066 3427 superna:
3105 3365 3216 3411 erat
3247 3357 3408 3427 opis?
3447 3356 3564 3410 Non
3602 3358 3726 3410 enim

2149 3451 2327 3508 dicere
2368 3461 2518 3522 potes
2563 3451 2725 3506 fuisse
2760 3464 2937 3504 arcam
2969 3449 3034 3503 ad
3076 3449 3292 3504 modum
3323 3451 3476 3504 navis
3501 3492 3518 3514 ,
3551 3460 3608 3502 ut
3634 3457 3726 3502 artt

2148 3542 2375 3613 quadam
2416 3541 2558 3597 illius
2602 3541 2704 3597 iter
2731 3540 2884 3612 dirigi
2916 3541 3162 3611 potuerit.
3196 3543 3336 3595 Area
3365 3552 3480 3596 erat
3509 3541 3726 3609 undiqut

2149 3635 2350 3690 munita
2377 3653 2390 3689 :
2413 3644 2464 3688 et
2491 3641 2706 3705 promer
2736 3641 3056 3703 przeceptum
3073 3629 3539 3707 Conditorisnnon
3569 3632 3726 3685 solun

2150 3745 2266 3785 eam
2291 3727 2485 3782 lzedere
2512 3741 2616 3780 non
2643 3726 2813 3794 potuit
2839 3739 3095 3794 aquarum
3122 3724 3375 3793 impetus,
3404 3723 3498 3778 sed
3531 3732 3588 3777 et
3617 3722 3726 3775 sub

2151 3821 2328 3877 limior
2398 3820 2502 3875 illis
2565 3817 2705 3874 facta
2751 3816 3108 3872 inhabitantes
3155 3815 3443 3871 admodum
3523 3825 3726 3869 securo

2149 3911 2400 3970 reddidit.

2221 4004 2472 4060 Creatoris
2502 4001 2722 4073 patentia
2741 3996 3581 4068 incomprehensibilia—Quando
3609 3996 3726 4050 Dent

2152 4106 2404 4167 operatur
2427 4093 2625 4165 aliquid
2650 4135 2664 4158 ,
2697 4091 2912 4156 dilecte,
2937 4091 3046 4146 no‘li
3076 4089 3307 4144 humana
3337 4085 3726 4143 ratiocinationi

2151 4187 2266 4254 ejus
2303 4201 2469 4254 Opera
2517 4185 2796 4252 exquirere
2837 4180 3269 4237 :transcendunt
3315 4181 3459 4235 enim
3505 4187 3726 4234 mentea

2151 4287 2386 4334 nostram
2408 4321 2422 4342 ,
2453 4287 2507 4332 et
2533 4291 2818 4346 numquam
2847 4282 3022 4346 potest
3041 4273 3275 4327 humana
3305 4271 3565 4341 cogitatio
3593 4269 3726 4324 auiti

2149 4386 2277 4443 gere
2318 4379 2372 4425 et
2397 4368 2854 4438 comprehendere
2891 4381 3076 4422 eorum
3101 4405 3118 4434 ,
3161 4380 3281 4436 quae
3317 4379 3348 4417 a
3380 4364 3495 4418 Deo
3533 4363 3725 4418 condit

2149 4471 2292 4528 sunt,
2321 4461 2599 4516 rationem.

2221 4558 2274 4614 5.
2317 4555 2544 4611 Proinde
2570 4569 2664 4624 par
2683 4562 2785 4619 est,
2815 4565 2915 4607 nos
2939 4551 3216 4607 audientes
3241 4547 3381 4620 quod
3407 4548 3555 4604 Deus
3579 4537 3726 4615 impr

2155 4651 2384 4716 raverit,
2418 4647 2634 4704 obedire
2674 4655 2727 4703 et
2755 4646 2977 4700 credere
3009 4644 3073 4698 iis
3101 4659 3217 4713 qum
3260 4643 3328 4696 ab
3353 4642 3444 4696 ilio
3473 4625 3726 4698 diuturni

2149 4743 2280 4799 Nam
2309 4756 2428 4797 eum
2459 4739 2712 4794 Conditor
2740 4737 2807 4791 sit
2851 4745 3052 4790 natura:
3077 4775 3090 4796 ,
3124 4733 3298 4786 omnia
3328 4741 3671 4786 transmutat
3713 4745 3726 4788 t

2152 4833 2493 4890 transformat
2520 4838 2677 4900 prout
2725 4827 2823 4884 sibi
2871 4826 3096 4880 videtur.
3156 4823 3222 4878 Et
3264 4825 3447 4878 derisit
3500 4823 3726 4896 Donum

2151 4927 2291 4982 Deus
2335 4925 2524 4994 deforis
2572 4921 2711 4976 illius
2750 4935 2940 4973 arcam.
2975 4917 3158 4988 Magna
3203 4916 3362 4985 hujus
3401 4916 3536 4985 justi
3585 4919 3726 4982 virtu

2153 5019 2285 5083 fuit,
2314 5028 2366 5072 et
2392 5017 2512 5071 ﬁdei
2543 5014 2875 5071 excellentia.
2913 5011 3000 5066 Illa
3031 5012 3143 5080 ipsa
3171 5010 3313 5063 enim
3335 5049 3351 5072 ,
3379 5016 3439 5062 ut
3467 5024 3598 5062 arca
3627 5025 3726 5064 mu

2152 5121 2447 5167 strueretur
2465 5149 2480 5174 ,
2510 5105 2702 5170 effecit,
2728 5114 2785 5159 ut
2806 5105 2959 5159 talem
2985 5102 3364 5156 habitationem
3393 5115 3550 5169 sequo
3571 5105 3726 5154 anim

2154 5205 2353 5259 ferrent
2377 5200 2916 5267 coarctationemque,
2941 5205 2994 5249 et
3019 5195 3180 5248 vitam
3202 5207 3324 5246 cum
3348 5190 3480 5246 feris
3503 5192 3726 5262 reiiquit

2153 5310 2255 5366 que
2281 5294 2450 5350 brutis
2475 5291 2792 5345 animalibus
2817 5289 3161 5342 sustinerent.
3191 5284 3324 5338 Ilinc
3345 5292 3428 5337 est
3453 5283 3608 5352 quod
3643 5283 3726 5338 he:

2156 5398 2240 5440 tus
2270 5385 2462 5438 Paulus
2491 5382 2606 5450 ejus
2644 5381 2911 5435 mentione
2937 5377 3068 5431 facta
3095 5374 3396 5445 praedicans
3423 5375 3582 5428 ilium
3615 5417 3632 5436 ,
3665 5376 3726 5430 cit

2155 5477 2332 5532 mabat
2358 5475 2541 5530 dicens
2571 5491 2585 5528 :
2618 5471 2750 5526 Fide
2774 5471 2979 5524 oraculo
3005 5468 3293 5522 admonitus
3321 5465 3438 5519 Noe
3469 5467 3532 5519 de
3549 5467 3636 5520 iis
3660 5471 3726 5532 qd

2155 5567 2381 5624 nondum
2410 5565 2722 5631 ridebantur,
2753 5575 2976 5617 metuens
3001 5559 3191 5630 aptavit
3225 5573 3400 5612 arcam
3431 5557 3500 5611 ad
3529 5559 3726 5612 satam

2155 5660 2335 5715 domus
2355 5674 2505 5723 suae;
2534 5673 2623 5727 per
2651 5671 2803 5728 quam
2852 5651 3198 5708 condemnavit
3233 5649 3515 5713 mundum,
3567 5661 3630 5701 et
3665 5645 3726 5728 ἠέ

2157 5769 2270 5827 qua:
2324 5721 2597 5808 secundum
2663 5721 2816 5818 iidem
2861 5753 2936 5804 est
2963 5741 3194 5813 iustitiae
3255 5743 3424 5816 [actus
3479 5753 3556 5800 est
3625 5721 3726 5800 her1
