3804 6246
7 227 97 283 223

7 344 99 397 τοῦ
135 342 300 408 Νῶε,
329 345 433 398 καί
457 349 515 399 αι
546 345 699 415 τρεῖς
727 346 1006 416 γυναῖκες
1033 345 1151 400 τῶν
1176 345 1321 400 υἱῶν
1349 347 1556 412 αὐτοῦ,
1585 345 1683 398 καὶ

7 433 192 485 πάντα
238 433 320 486 τὰ
384 435 557 502 θηρία
596 435 744 488 κατὰ
803 435 995 504 γένος,
1040 433 1305 502 καθάπερ
1350 435 1686 488 ἐνετείλατο

7 521 212 585 Κίγκιος
250 523 286 572 ὀ
323 522 475 586 Θεὸς
505 520 582 587 τῷ
621 519 766 575 Νῶε.
786 523 938 584 Ὅτε,
976 522 1162 591 φησὶν,
1211 521 1383 592 ἀρχὴν
1416 519 1573 574 ἔλαϐε
1620 520 1687 572 τὰ

8 608 90 658 τοῦ
120 607 529 679 κατακλυσμοῦ
585 609 727 662 κατὰ
765 610 826 662 τὸ
869 610 1198 681 πρόσταγμα
1255 608 1352 661 τοῦ
1390 607 1686 665 Δεσπότου,

15 693 214 762 claims
255 696 392 748 Νῶε
429 699 508 758 είς
548 697 645 768 τὴν
693 697 926 750 κιϐωτὸν
973 698 1109 768 μετὰ
1141 697 1248 749 τῶν
1282 697 1414 748 υίῶν
1449 695 1544 748 καὶ
1587 693 1686 762 τῆς

16 781 264 846 γυναικὸς
333 783 528 846 αὑτοῦ,
568 785 663 836 καὶ
709 785 816 838 τῶν
862 784 1137 853 γυναικῶν
1175 783 1282 836 τῶν
1327 783 1459 836 υἱῶν
1498 781 1686 846 αὑτοῦ,

17 870 94 922 καί
120 870 313 922 πάντα.
365 870 434 922 τὰ
486 871 649 941 θηρία
679 871 820 925 κατά
869 872 1046 940 γένος.
1089 872 1198 926 Καὶ
1229 872 1492 934 ἔκλεισε,
1531 869 1684 940 φησὶ,

10 962 212 1026 Κύριος
247 964 287 1014 ό
327 961 474 1025 Θεὸς
499 962 722 1025 ἔξωθεν
748 962 936 1016 αὑτοῦ
967 961 1084 1028 τὴν
1118 963 1384 1016 κιϐωτόν.

69 1050 108 1100 δ’
116 1051 354 1104 ,Σκόπει
369 1053 460 1103 καί⁵
477 1051 707 1104 ἐνταῦθα
719 1051 916 1116 λέξεως
934 1051 1360 1120 συγκατάϐασιν.
1373 1053 1688 1105 Ἔκλεισεν

7 1141 35 1191 ὁ
63 1137 207 1204 Θεὸς
249 1139 485 1202 ἔξωθεν
514 1139 702 1193 αὑτοῦ
735 1141 850 1207 τὴν
886 1139 1154 1202 κιϐωτὸν,
1189 1140 1278 1193 ἵνα
1311 1137 1498 1212 διδάξῃ
1535 1139 1684 1208 ἡμᾶς

7 1229 78 1280 δτι
125 1229 185 1280 ἐν
229 1229 515 1298 ἀσφαλείᾳ
559 1227 727 1300 πολλῇ
768 1229 1070 1298 κατέστησε
1114 1228 1206 1281 τὸν
1233 1227 1460 1281 δίκαιον.
1494 1226 1567 1279 Τὸ
1603 1226 1681 1290 δὲ,

15 1318 312 1380 Taleum,
348 1317 436 1371 διὰ
463 1315 622 1370 τοῦτο
661 1317 988 1388 προσέθηκε,
1018 1317 1109 1369 καὶ
1127 1317 1409 1381 Ἕξωθεν,
1434 1316 1575 1368 ὥστε
1607 1313 1681 1385 μὴ

13 1403 198 1466 ἐξεῖναι
219 1404 314 1474 τῷ
339 1404 533 1474 δικαίῳ
559 1406 692 1475 ὁρᾷν
716 1404 816 1475 τὴν
846 1405 1221 1475 πανωλεθρίαν
1245 1403 1558 1473 γινομένην,
1588 1401 1682 1456 καὶ

11 1494 219 1545 πλείονα
274 1493 378 1546 καὶ
430 1492 592 1546 αὑτὸν
631 1493 732 1561 τὴν
771 1492 1059 1563 συντριϐὴν
1107 1491 1419 1562 ὑπομένειν.
1457 1491 1518 1544 Εἰ
1571 1490 1681 1562 γάρ

11 1580 93 1630 καὶ
125 1578 594 1648 ἀναλογιζόμενος
627 1579 686 1631 ἐν
729 1577 936 1649 διανοίᾳ
966 1579 1024 1631 τὸ
1057 1577 1290 1648 χαλεπὸν
1329 1579 1504 1631 ἐκεῖνο
1551 1577 1682 1629 κλυ-

11 1665 206 1728 δώνιον,
263 1667 368 1719 καὶ
422 1663 758 1735 ὑπογράφων
809 1663 888 1734 τῷ
933 1665 1177 1736 λογισμῷ
1237 1664 1337 1735 τὴν
1407 1663 1682 1718 ἀπώλειαν

8 1752 90 1806 τοῦ
127 1752 241 1806 τῶν
272 1751 589 1823 ἀνθρώπων
631 1752 843 1821 γένους,
873 1753 982 1805 τῶν
1031 1753 1241 1821 ἀλόγων
1287 1752 1540 1808 ἁπάντων
1584 1751 1681 1822 τὴν

8 1841 182 1910 κοινὴν
208 1839 499 1910 τελευτὴν,
539 1839 634 1892 καὶ
676 1838 999 1910 ἀνθρώπων,
1037 1841 1131 1892 καὶ
1161 1838 1398 1910 κτηνῶν,
1446 1839 1540 1892 καὶ
1583 1839 1679 1892 αὑ-

7 1930 95 1999 τῆς
115 1932 217 2000 τῆς
253 1931 386 1999 γῆς,
420 1931 496 1991 ὡς
537 1932 732 1992 εἰπεῖν,
766 1929 857 1982 τὸν
895 1929 1223 1999 ἀφανισμὸν,
1263 1932 1539 1999 συνεχεῖτο
1587 1929 1680 1982 καὶ

7 2016 409 2087 διεταράττετο.
446 2015 507 2068 Et
532 2016 641 2085 γὰρ
671 2017 767 2069 καὶ
801 2018 1025 2086 πονηροὶ
1052 2011 1192 2088 ἦσαν
1218 2019 1266 2070 οἱ
1294 2016 1676 2086 ἀπολλύμενοι,

130 2105 189 2156 αί
220 2102 341 2156 τῶν
368 2103 594 2157 δικαίων
633 2103 804 2173 ψυχαὶ
835 2103 1035 2174 πολλὴν
1062 2102 1286 2157 εἰώθασι
1327 2104 1422 2175 τὴν
1463 2103 1680 2174 συμπά-

7 2191 142 2243 θειαν
173 2190 615 2256 ἐπιδείκνυσθαι,
646 2191 865 2245 ἐπειδὰν
905 2189 1054 2245 ἴδωσι
1088 2192 1531 2263 τιμωρουμένους
1554 2191 1679 2253 τοὺς

7 2278 353 2348 ἀνθρώπους·
425 2279 518 2333 καὶ
573 2279 824 2350 εὑρήσεις
877 2277 1103 2332 ἕκαστον
1145 2279 1252 2334 τῶν
1299 2279 1522 2333 δικαίων
1584 2280 1677 2332 καὶ

7 2367 101 2419 τῶν
137 2367 446 2438 προφητῶν
478 2366 682 2438 πολλὴν
721 2367 861 2436 ὑπὲρ
893 2367 1072 2420 αὐτῶν
1102 2366 1199 2438 τὴν
1228 2367 1508 2437 ἱκετηρίαν
1535 2367 1676 2420 τιθε-

8 2454 214 2521 μένους,
244 2452 403 2526 [236]
427 2453 674 2526 καθάπερ
701 2457 730 2507 6
753 2455 1098 2526 πατριάρχης
1124 2454 1424 2523 πεποίηκεν
1452 2455 1543 2507 ἐπὶ
1568 2455 1676 2508 τῶν

7 2540 271 2610 Σοδόμων,
305 2541 558 2613 καθάπερ
585 2543 635 2594 οί
665 2541 942 2612 προφῆται
969 2542 1172 2604 πάντες
1203 2541 1483 2604 ποιοῦντες
1508 2541 1676 2594 διετέ-

7 2627 177 2682 λεσαν.
205 2629 323 2682 Καὶ
350 2627 458 2700 γάρ
489 2630 518 2682 6
551 2629 649 2700 μὲν
673 2628 889 2698 ἔλεγενο
933 2629 1003 2682 Ol
1045 2645 1170 2698 μοι,
1208 2630 1403 2697 Κύριε,
1439 2627 1675 2692 ἐξαλεί-

7 2733 126 2785 ςεεις
155 2717 243 2770 σὺ
272 2717 344 2770 τὸ
373 2717 746 2772 κατάλοιπον
773 2717 879 2772 τοῦ
908 2719 1176 2786 Ἰσραήλ;
1215 2718 1399 2789 ἕτερος
1429 2719 1488 2772 δέ
1518 2736 1671 2790 φησι·

7 2804 284 2871 Ποιήσεις
323 2805 464 2870 τοὺς
509 2805 861 2873 ἀνθρώπους
901 2807 981 2872 ὡς
1021 2805 1163 2871 τοὺς
1193 2807 1404 2874 ἰχθύας
1431 2806 1545 2874 τῆς
1574 2811 1674 2861 θα-

8 2892 244 2959 λάσσης
272 2894 390 2945 οὐκ
419 2893 674 2961 ἔχοντας
702 2893 1070 2962 ἡΤούμενοη
1112 2893 1264 2946 Ἐπεὶ
1301 2890 1393 2947 οὖν
1425 2895 1517 2949 καὶ
1544 2895 1671 2949 ἄνευ

7 2977 188 3031 τούτου
217 2981 248 3032 6
277 2979 487 3043 δίκαιος
530 2973 684 3042 οὗτος
711 2979 1088 3050 διεταράττετο
1137 2980 1227 3032 τὸν
1264 2975 1545 3051 λογισμὸν,
1579 2983 1673 3035 καὶ

7 3069 280 3136 συνεχεῖτο
307 3064 408 3137 τὴν
431 3065 692 3132 διάνοιαν,
724 3066 809 3118 ἵνα
838 3066 911 3137 μὴ
941 3068 1035 3120 καὶ
1065 3069 1096 3138 ἡ
1123 3066 1244 3137 ὄψις
1276 3069 1423 3140 καὶὴ
1461 3068 1556 3122 θέα
1595 3071 1674 3133 είς

7 3153 228 3206 πλείονα
273 3152 438 3205 αὑτὸν
475 3151 688 3223 ἐμϐάλῃ
726 3153 1037 3224 συντριϐὴν,
1071 3153 1322 3225 καθάπερ
1370 3156 1426 3207 ἐν
1463 3156 1673 3225 δεσμω-

7 3241 172 3310 τηρίῳ
215 3239 530 3293 κατακλείει
576 3241 740 3292 αὑτὸν
783 3241 839 3293 ἐν
869 3243 938 3312 τῇ
984 3240 1222 3312 κιϐωτῷ,
1255 3241 1394 3295 ὥστε
1441 3243 1515 3315 μὴ
1560 3246 1672 3309 τοῖς

7 3326 301 3396 ἑφϐαλμοῖς
341 3327 473 3397 όρᾷν
517 3325 587 3378 τά
644 3326 924 3396 γινόμενα,
969 3328 1104 3397 μηδέ
1140 3330 1219 3392 εἰς
1269 3329 1469 3383 δειλίαν
1504 3347 1671 3384 κατα-

7 3414 216 3484 στῆναι.
255 3413 420 3474 Είκὸς
471 3415 578 3484 γάρ
621 3409 690 3484 ἦν
732 3414 893 3467 αὑτὸν
935 3414 1146 3486 ὁρῶντα
1188 3415 1297 3469 τῶν
1337 3416 1545 3472 ὑδάτων
1573 3419 1670 3491 τὴν

7 3501 344 3573 πλημμύραν
387 3502 693 3569 ἀγωνιᾶσαι
729 3501 805 3573 μὴ
859 3502 955 3554 καὶ
1000 3503 1162 3567 αὐτὸς
1201 3505 1530 3576 ὑποϐρύχιος
1575 3509 1669 3576 γέ-

7 3607 180 3660 νηται.
224 3578 541 3660 Κηδόμενος
588 3590 767 3642 τοίνυν
813 3589 976 3642 αὑτοῦ
1032 3592 1059 3642 6
1102 3590 1480 3663 φιλάνθρωπος
1518 3593 1670 3658 Θεὸς,

7 3681 55 3731 >6
92 3681 376 3748 συγχωρεῖ
422 3677 542 3730 οὐδὲ
588 3676 886 3730 θεάσασθαι
931 3677 1040 3730 τῶν
1082 3677 1289 3732 ὑδάτων
1335 3681 1434 3751 τὴν
1475 3681 1669 3754 φορὰν,

7 3767 120 3820 οὔτε
159 3767 290 3820 ἰδεῖν
324 3765 423 3836 τὴν
449 3766 742 3836 γινομένην
769 3765 1064 3831 ἀπώλειαν,
1097 3767 1192 3821 καὶ
1233 3768 1332 3838 τὴν
1359 3769 1459 3839 τῆς
1497 3773 1673 3824 οίκου-

7 3855 172 3925 μένης
205 3852 603 3923 πανωλεθρίαν.
639 3852 780 3920 Ἐγὼ
815 3853 872 3906 δὲ
898 3854 1027 3907 ὅταν
1063 3853 1367 3925 λογίσωμαι
1392 3857 1490 3928 τὴν
1521 3859 1578 3911 ἐν
1604 3862 1669 3929 τῇ

7 3941 220 4011 κιϐωτῷ
243 3941 338 3994 τοῦ
377 3939 588 3994 δικαίου
619 3940 808 3993 τούτου
841 3941 1136 4013 διαγωγὴν,
1177 3943 1549 4015 ἐκπλήττομαι
1579 3950 1676 4001 καὶ

7 4027 291 4099 θαυμάζω,
332 4029 426 4082 καὶ
458 4027 618 4082 πάλιν
651 4031 716 4099 τῇ
751 4028 844 4081 τοῦ
875 4029 1010 4084 Θεοῦ
1059 4030 1436 4104 φιλανθρωπίᾳ
1465 4035 1526 4087 τὸ
1566 4037 1672 4088 πᾶν

7 4119 312 4186 λογίζομαι.
343 4117 408 4168 Εἰ
455 4116 531 4186 μὴ
577 4115 684 4186 γὰρ
711 4115 892 4186 ἐκείνη
920 4112 992 4188 ἦν
1029 4120 1062 4190 ἡ
1091 4117 1360 4189 νευροῦσα
1387 4121 1549 4174 αὑτοῦ
1581 4123 1673 4176 τὸν

7 4205 281 4274 λογισμὸν,
315 4204 410 4256 καὶ
439 4203 510 4256 τά
548 4203 782 4256 δύσκολα
817 4202 1011 4259 εὔκολα
1044 4206 1405 4278 ἐργαζομένη,
1437 4209 1552 4272 πῶς
1584 4209 1670 4270 ἂν,

7 4294 122 4345 εἰπέ
151 4308 268 4362 μοι,
306 4293 552 4359 ἐνεγκεῖν
578 4291 814 4363 ἠδυνήθη
848 4293 1098 4364 καθάπερ
1142 4295 1200 4347 ἐν
1225 4297 1412 4367 είρκτῇ
1441 4313 1545 4349 τινι
1579 4299 1670 4350 καὶ

7 4379 365 4449 δεσμωτηρίῳ
424 4379 650 4449 χαλεπῷ
698 4377 874 4443 οὕτως
937 4380 1123 4434 αὐτόθι
1186 4383 1666 4454 ἐγκεκλεισμένοςς

7 4466 120 4528 πῶς
144 4467 204 4520 δὲ
249 4469 493 4536 ῖσχυσεν,
535 4465 656 4519 εἰπέ
687 4483 798 4536 μοι,
834 4468 1109 4539 ἀντισχεῖν
1137 4471 1276 4541 πρὸς
1301 4471 1390 4523 τὸν
1419 4472 1672 4524 τοσοῦτον

7 4557 246 4622 πάταγον
274 4554 384 4607 τῶν
423 4555 716 4624 κυμάτων;
754 4555 817 4607 Εἰ
859 4555 968 4626 γάρ
1014 4559 1072 4609 ἐν
1106 4557 1273 4628 πλοίῳ
1315 4560 1671 4628 τυγχάνοντες

7 4643 45 4694 ῡί
74 4641 379 4712 ἄνθρωποι,
422 4642 518 4694 καὶ
567 4642 718 4711 ἱστίῳ
747 4643 1099 4713 κεχρημένοι,
1131 4646 1226 4697 καὶ
1272 4645 1362 4698 τὸν
1399 4646 1669 4718 κυϐερνή-

7 4747 96 4798 την
121 4729 360 4798 ὁρῶντες
398 4729 491 4782 ἐπὶ
522 4729 630 4782 τῶν
664 4729 864 4782 οἰάκων
895 4730 1228 4802 καθήμενον»,
1262 4734 1356 4786 καὶ
1398 4737 1462 4806 τῇ
1497 4736 1672 4806 οἰκεία

7 4818 161 4886 τέχνῃ
201 4817 340 4886 πρὸς
383 4816 485 4886 τὴν
519 4816 628 4870 τῶν
663 4817 879 4888 ἀνέμων
908 4829 926 4848 ⁸
964 4818 1142 4890 ῥύμην
1178 4819 1482 4890 ἱστάμενον,
1521 4825 1671 4875 ἐπει⁶

7 4902 97 4955 εὰν
128 4903 281 4956 ἴδωσι
321 4902 584 4972 κυμάτων
615 4904 970 4976 σφοδρότητα,
999 4907 1398 4978 ἀποθνήσκουσι
1432 4910 1510 4982 τῷ
1539 4911 1670 4974 δέει,

7 4991 248 5060 καὶπερὶ
273 4991 469 5061 αὑτῆς,
507 4991 582 5053 ὡς
605 4993 796 5055 εἰπεῖν,
851 4995 1122 5063 σωτηρίας
1166 4995 1469 5050 δεδοίκασι·
1515 4999 1566 5051 τί
1607 4999 1673 5053 ἂν

7 5077 143 5130 εἴποι
193 5093 279 5140 τις
315 5080 448 5148 περὶ
510 5078 604 5130 τοῦ
651 5079 860 5133 δικαίου
911 5083 1136 5147 τούτους
1181 5083 1443 5158 Καθάπερ
1476 5087 1583 5158 γάρ
1617 5090 1672 5141 ἐν

7 5165 473 5236 5εσμωτηρίῳ,ὠς
498 5165 674 5237 ἔφθην
705 5167 892 5230 εἰπὼν,
931 5171 1213 5240 τυγχάνων
1246 5175 1302 5226 ἐν
1329 5176 1396 5244 τῇ
1433 5173 1669 5246 κιϐωτῷ,

7 5247 103 5306 ὧδε
135 5253 364 5306 κάκεῖσε
401 5255 780 5324 περιεφέρετο,
826 5257 885 5309 οὑ
914 5256 1003 5309 τὸν
1027 5259 1252 5329 οὑρανὸν
1286 5261 1411 5314 ἰδεῖν
1434 5262 1671 5333 δυνάμε-

7 5353 112 5397 νος,
148 5336 246 5405 οὐχ
282 5334 510 5406 ἑτέρωθί
547 5354 647 5388 που
685 5339 811 5402 τοὺς
851 5339 1163 5410 ὀφθαλμοὺς
1207 5343 1503 5408 ἀνατεῖναι,
1558 5347 1671 5400 ἀλλ’

7 5420 142 5472 ἔνδον
174 5420 536 5490 συνεχόμενος
568 5423 661 5474 καὶ
693 5422 842 5479 οὐδὲν
867 5423 1003 5486 ὅλως
1039 5424 1161 5477 ίδεῖν
1184 5426 1320 5497 ἔχων
1355 5427 1384 5480 ὃ
1421 5447 1673 5504 παραμυ-

7 5502 118 5554 ὶίαν
141 5503 292 5573 αὑτῷ
325 5520 450 5556 τινα
485 5503 670 5573 φέρειν
714 5505 967 5574 ἠδύνατο.
1010 5508 1130 5561 Ἐπὶ
1167 5511 1263 5580 μὲν
1295 5511 1402 5583 γάρ
1447 5502 1553 5564 τῶν
1575 5514 1672 5583 τὴν

7 5585 264 5641 Ξάλατταν
294 5585 590 5652 πλεόντων,
629 5587 730 5640 κᾶν
763 5590 830 5642 τὰ
871 5590 1093 5659 κύματα
1132 5595 1446 5666 κορυιρωθῇ,
1497 5594 1672 5660 ἔξεστι

7 5669 90 5719 ταὶ
118 5673 195 5733 εἰς
219 5670 314 5723 τὸν
340 5670 571 5740 ούρανὸν
593 5671 964 5726 ἀναϐλέποντα
1002 5675 1280 5740 πολλάκις,
1311 5680 1402 5733 καὶ
1429 5675 1669 5750 κορυφὴν

7 5751 152 5822 ἱρούς
209 5752 573 5823 θεασάμενον,
636 5756 729 5808 καὶ
773 5756 925 5810 πόλιν
972 5760 1188 5829 μακρὰν
1230 5766 1668 5820 κατοπτεύσαντσ

58 5876 85 5906 ⁸
113 5876 253 5928 L'nus
279 5879 379 5926 τῶν
398 5877 599 5929 ὑδάτων.
627 5877 764 5929 Alius
783 5883 876 5929 τῶν
899 5883 1139 5944 κυμάτων.

1218 231 1285 287 IN
1318 232 1471 290 CAP.
1503 230 1598 286 νιι
1625 229 1863 286 GENES.
1908 231 2135 292 HOMIL.
2173 237 2336 295 XXV.

3341 246 3452 302 ’228

1794 349 1997 418 μικράν
2040 369 2158 407 τινα
2195 353 2524 429 παραψυχὴν
2559 357 2774 412 λαϐεῖν·
2817 361 2872 414 εί
2895 361 2958 415 δὲ’
2987 361 3151 428 πολὺς
3189 363 3282 416 καὶ
3313 364 3449 433 ἀφό-

1791 457 1948 510 ρητος
1977 445 2004 495 ὁ
2040 443 2245 514 χειμὼν
2276 447 2503 514 γένοιτο,
2534 451 2590 502 ἐν
2624 450 2754 502 δέκα
2797 451 2828 522 ἢ
2856 451 3019 524 ὀλίγῳ
3048 452 3286 508 πλείοσιν
3315 455 3451 524 ἠμέ-

1791 544 1931 592 ραις,
1971 530 2066 582 καὶ
2113 533 2248 600 μετὰ
2295 535 2420 600 τοὺς
2473 537 2697 600 πολλοὺς
2745 539 3018 609 χειμῶνας
3067 543 3307 606 ἐκείνους
3357 544 3452 596 καὶ

1786 615 1910 678 τοὺς
1963 618 2260 690 κινδύνους,
2313 624 2391 688 είς
2434 624 2533 695 τὴν
2580 625 2687 694 γῆν
2727 627 3062 699 ἐκριφέντες.
3110 632 3201 686 καὶ
3258 633 3450 702 μικρὸν

1788 701 2024 766 ἀνέντες,
2063 705 2280 760 πάντων
2311 710 2534 763 ἐκείνων
2581 713 2687 765 τῶν
2728 713 2985 786 λυπηρῶν
3018 717 3188 788 λήθην
3240 718 3452 787 λαμϐάέ

1788 804 1989 842 νουσιν.
2028 791 2288 847 Ἐνταῦθα
2336 795 2392 848 δὲ
2436 798 2585 850 οὑδέν
2621 799 2850 866 τοιοῦτο,
2903 803 3015 856 ἀλλ’
3072 805 3165 856 ἐπὶ
3207 805 3452 858 ἐνιαυτὸν

1787 873 2077 963 ὀλόκληρον
2113 879 2173 932 τὸ
2213 884 2397 935 καινὸν
2431 885 2526 936 καὶ
2565 886 2712 950 ξένον
2742 887 2873 958 ῷκει
2911 890 3300 963 δεσμωτήριον,
3329 893 3450 946 οὑδὲ

1785 959 1876 1049 τὸν
1905 962 2041 1034 ἀέρα
2069 965 2408 1021 ἀναπνεῦσαι
2451 971 2768 1041 δυνάμενος.
2809 975 2933 1040 Πῶς
2956 959 3084 1048 γάρ,
3115 959 3451 1049 πανταχόθεν

1785 1047 2193 1122 ήσφαλισμένης
2241 1055 2340 1125 τῆς
2379 1058 2641 1120 κιϐωτοῦ;
2686 1061 2807 1126 Πῶς
2847 1047 3126 1134 ἀντέσχεν,
3157 1047 3448 1136 εἶπέν-μοω
3549 1132 3554 1134 _

1788 1136 1904 1200 πῶς
1929 1137 2251 1210 διήρκεσεν;
2279 1144 2342 1198 Ei
2381 1146 2490 1216 γὰρ
2527 1147 2634 1200 ἀπὸ
2659 1147 2876 1218 σιδήρου
2904 1151 2999 1203 καὶ
3025 1152 3325 1222 ἀδάμαντος
3354 1155 3452 1206 αὑ-

1785 1227 1897 1289 τοῖς
1929 1231 2268 1298 συνειστήκει
2299 1233 2369 1286 τά
2415 1233 2662 1303 σώματα,
2697 1236 2812 1299 πῶς
2849 1236 2915 1289 ἂν
2943 1237 3283 1310 ἠδυνήθησαν
3315 1245 3451 1311 μήτε

1785 1313 1947 1384 ἀέρος
1971 1315 2334 1382 ἀπολαύοντες
2364 1321 2499 1392 μήτε
2525 1322 2755 1392 ἀνέμου,
2777 1324 2827 1377 οἳ
2852 1322 2943 1376 τοῦ
2978 1323 3136 1395 ἀέρος
3163 1326 3262 1378 οὑκ
3300 1326 3454 1379 ἐλατ-

1783 1415 1876 1452 τον
1913 1402 1982 1456 τὰ
2016 1403 2244 1474 σώματα
2282 1403 2527 1478 ἡμέτερα
2556 1411 2963 1480 ἀνακτήσασθαι
2988 1411 3278 1480 πεφύκασι,
3316 1417 3450 1485 μήτε

1783 1487 1909 1550 τοὺς
1939 1488 2252 1562 ὀφθαλμοὺς
2281 1493 2527 1548 ἑστιᾶσαι
2571 1495 2780 1566 ἔχοντες
2810 1497 2944 1567 πρὸς
2973 1497 3068 1569 τὴν
3097 1498 3190 1552 τοῦ
3219 1501 3449 1570 ούρανοῦ

1785 1571 1935 1638 θέαν,
1971 1575 2004 1645 ἢ
2049 1577 2184 1648 πρὸς
2214 1577 2310 1649 τὴν
2350 1580 2457 1633 τῶν
2485 1581 2666 1634 ἀνθῶν
2704 1583 2813 1636 τῶν
2849 1584 2958 1637 ἀπὸ
2997 1584 3094 1655 τῆς
3144 1583 3292 1657 [257]
3348 1587 3450 1657 γῆς

1785 1661 2091 1729 ποικιλίαν;
2141 1665 2266 1731 Πῶς
2290 1666 2346 1720 δὲ
2374 1669 2493 1738 οὑχὶ
2523 1669 2616 1722 καὶ
2662 1671 3127 1743 ἁπετυφλωθησαν
3163 1673 3260 1736 τὰς
3301 1674 3450 1743 ὄψεις

1783 1750 1877 1802 ἐπὶ
1903 1750 2156 1806 τοσοῦτον
2201 1753 2343 1808 οὕτω
2387 1755 2698 1830 διάγοντεςς
2743 1757 2851 1811 Καὶ
2885 1761 2932 1811 εί
2972 1759 3329 1830 ἀνθρωπίνοις
3359 1762 3450 1814 λοι

1782 1841 2000 1908 γισμοῖς
2031 1839 2201 1893 ταῦτα
2227 1840 2613 1914 βουληθείημεν
2645 1845 2978 1915 καταμαθεῖν
3022 1848 3070 1911 δ,
3107 1849 3326 1902 κάκεῖνο
3370 1850 3450 1903 δεῖ

1783 1920 2053 1990 ἐννοῆσαι,
2087 1922 2250 1975 πόθεν
2285 1922 2475 1987 ὓδατος
2518 1926 2749 1995 ποτίμου
2790 1929 3051 1997 χορηγίαν
3091 1928 3247 1999 ἔσχον
3290 1931 3347 1981 ἐν
3378 1933 3446 2003 τῇ

1783 2007 1996 2078 κιϐωτῷ
2038 2009 2331 2078 διάγοντες.
2378 2013 2485 2064 Καὶ
2516 2013 2600 2065 ἵνα
2635 2012 2803 2066 ταῦτα
2836 2015 3014 2085 παρῶ,
3049 2016 3167 2080 πῶς
3207 2017 3442 2090 ἠδυνήθη

1780 2094 1808 2146 6
1839 2094 2046 2159 δίκαιος
2072 2089 2225 2162 οὗτος
2267 2099 2402 2169 μετὰ
2439 2100 2546 2152 τῶν
2589 2101 2718 2153 υίῶν
2754 2104 2848 2154 καὶ
2881 2101 2990 2154 τῶν
3029 2105 3304 2171 γυναικῶν
3347 2106 3447 2177 τὴν

1783 2187 1923 2250 μετά
1953 2182 2060 2236 τῶν
2087 2184 2296 2254 ἀλόγων
2327 2188 2419 2240 καὶ
2447 2187 2557 2241 τῶν
2585 2187 2790 2258 θηρίων
2817 2190 2910 2243 καὶ
2941 2190 3049 2243 τῶν
3079 2191 3282 2246 λοιπῶν
3311 2212 3448 2266 πτη-

1779 2267 1885 2321 νῶν
1915 2271 2207 2342 ἀνασχέθαι
2248 2273 2559 2347 διαγωγήν;
2618 2275 2734 2340 πῶς
2783 2277 2984 2348 ήνεγκε
3025 2278 3121 2350 τὴν
3146 2279 3443 2342 δυσωδίαν;

1781 2357 1898 2420 πῶς
1927 2359 2184 2429 ἠνέσχετο
2214 2363 2311 2433 τὴν
2363 2365 2458 2415 σὺν
2497 2364 2678 2428 αὑτοῖς
2731 2364 2974 2436 οῖκησιν;
3027 2368 3138 2422 Καὶ
3180 2369 3232 2422 τί
3274 2369 3450 2425 ταῦτα

1779 2441 1953 2511 λέγω;
1987 2446 2110 2510 Πῶς
2147 2447 2286 2501 αὑτά
2320 2448 2384 2502 τά
2417 2449 2590 2518 ἄλογα
2628 2451 2863 2524 ἠδυνήθη
2924 2453 3214 2524 ἀντισχεῖν,
3246 2457 3337 2510 καὶ
3372 2457 3447 2528 μὴ

1777 2531 2139 2605 διαφθαρῆναι
2205 2536 2262 2588 ἐν
2314 2537 2550 2609 τοσούτῳ
2601 2540 2764 2610 μήκει
2813 2541 3041 2612 χρόνου,
3099 2545 3236 2613 μήτε
3285 2545 3446 2616 ἀέρος

1779 2622 1982 2674 σπάσαι
2038 2621 2330 2693 δυνάμενα,
2379 2629 2514 2696 μήτε
2578 2627 2894 2698 κινούμενα,
2932 2629 3046 2684 ἀλλ’
3084 2633 3140 2682 ἐν
3175 2632 3254 2684 ἐνὶ
3296 2633 3446 2704 τόπῳ

1777 2709 2178 2780 καθειργμένα;
2210 2711 2350 2765 Ἰστε
2379 2714 2511 2784 γὰρ,
2544 2715 2674 2778 ἴστε,
2707 2717 2788 2770 ὅτι
2809 2717 2902 2771 καὶ
2929 2719 3021 2771 ἐπὶ
3046 2719 3143 2789 τῆς
3170 2721 3446 2793 ἡμετέρας

1777 2795 1992 2863 φύσεως
2036 2800 2127 2850 καὶ
2174 2800 2268 2853 ἐπὶ
2295 2800 2394 2871 τῆς
2436 2802 2545 2853 τῶν
2575 2801 2809 2871 ἀλόγων,
2835 2803 2939 2858 κᾶν
2972 2805 3133 2876 ἀέρος
3161 2805 3447 2862 ἀπολαύω-

1781 2900 1900 2966 μεν,
1930 2883 2031 2936 κᾶν
2063 2886 2169 2938 τῶν
2213 2885 2386 2940 ἄλλων
2431 2888 2705 2952 ἁπάντων,
2761 2890 3023 2962 διηνεκῶς
3067 2892 3124 2945 δὲ
3168 2893 3249 2946 ἑνὶ
3295 2893 3444 2966 τόπῳ

1774 2965 1924 3040 ὦμεν
1952 2972 2452 3044 συγκεκλεισμένοι,
2498 2977 2648 3030 οὐδὲν
2683 2978 2741 3030 τὸ
2783 2977 2991 3031 κωλύον
3018 2979 3312 3036 ἀπολέσθαι
3351 2965 3444 3037 καὶ

1774 3053 2156 3127 διαφθαρῆναι.
2210 3057 2382 3110 Πόθεν
2414 3055 2505 3112 οῦν
2545 3061 2781 3132 ἠδυνήθη
2814 3063 2842 3114 6
2873 3061 3079 3126 δίκαιος
3108 3057 3261 3129 οὗτος
3303 3067 3443 3135 μετά

1777 3141 1996 3196 πάντων
2031 3143 2139 3197 τῶν
2178 3145 2236 3196 ἐν
2277 3147 2341 3216 τῇ
2372 3146 2590 3217 κιϐωτῷ
2615 3148 2866 3203 τοσοῦτον
2892 3149 3178 3221 διαρκέσαι
3219 3154 3442 3225 χρόνον;

1775 3229 2084 3300 Ούδαμόθεν
2115 3232 2377 3300 ἑτέρωθεν
2401 3233 2432 3305 ἢ
2459 3235 2566 3287 ἀπὸ
2596 3235 2695 3306 τῆς
2717 3234 2920 3291 ἄνωθεν
2947 3239 3117 3310 ῥοπῆς
3147 3241 3244 3311 τῆς
3270 3242 3446 3296 πάντα

1774 3317 2096 3389 δυναμένης.
2130 3319 2270 3373 Αὐτὸ
2297 3321 2405 3394 γάρ
2427 3323 2488 3375 τὸ
2519 3323 2617 3386 τὴν
2645 3323 2875 3377 κιϐωτὸν
2904 3320 3004 3378 ὦδε
3034 3328 3254 3381 κάκεῖσε
3290 3348 3444 3401 περι-

1776 3409 2082 3477 φερομένην
2117 3409 2190 3479 μὴ
2231 3411 2726 3481 καταποντισθῆναι
2765 3413 2867 3464 ὑπὸ
2908 3415 3005 3485 τῆς
3039 3415 3304 3487 τοσαύτης
3337 3418 3444 3472 τῶν

1777 3493 1982 3547 ὑδάτων
2015 3497 2205 3566 φορᾶς,
2235 3497 2448 3562 οὐδενὸς
2487 3497 2636 3560 ὄντος
2689 3495 2780 3550 τοῦ
2821 3499 3208 3569 κυϐερνῶντος,
3243 3503 3302 3554 οὑ
3344 3504 3441 3574 τῆς

1776 3580 1978 3634 ἄνωθεν
2025 3584 2213 3651 γέγονε
2270 3585 2477 3655 ροἡςς
2525 3585 2659 3637 Οὐδὲ
2694 3587 2800 3657 γὰρ
2842 3584 2985 3656 ἔχεις
3034 3589 3225 3653 είπεῖν,
3262 3592 3344 3643 ὅτι
3385 3593 3441 3644 ὲν

1776 3668 1963 3721 πλοίου
2009 3674 2247 3740 σχήματι
2292 3667 2380 3743 ἦν,
2427 3672 2501 3734 ὡς
2542 3672 2799 3725 δύνασθαι
2855 3673 3017 3746 τέχνῃ
3051 3675 3156 3728 τινὶ
3210 3679 3440 3748 ἠνιοχεῖν

1775 3758 1944 3824 αὑτῆς
1973 3759 2070 3830 τὴν
2103 3760 2346 3832 πορείαν.
2383 3758 2631 3824 Κιϐωτὸς
2672 3757 2738 3832 ἦν
2766 3762 3029 3816 πάντοθεν
3056 3767 3434 3837 πεφραγμένη·

1777 3847 1868 3902 καὶ
1910 3847 1996 3898 διά
2036 3847 2096 3898 τὸ
2126 3847 2458 3918 πρόσταγμα
2498 3847 2590 3900 τοῦ
2621 3848 2974 3920 δημιουργοῦ,
3018 3852 3078 3903 οὑ
3105 3853 3262 3922 μόνον
3286 3855 3439 3907 οὑδέν

1774 3934 1940 4004 αὑτὴν
1971 3934 2275 4004 ἐλυμήνατο
2325 3937 2358 4006 ή
2402 3934 2507 3987 τῶν
2536 3935 2740 3988 ὑδάτων
2786 3935 2948 4006 φορὰ,
2985 3937 3119 3991 ἀλλά
3163 3941 3255 3992 καὶ
3303 3941 3440 4014 ὑψη-

1773 4021 1968 4092 λοτέρα
1997 4021 2262 4093 γενομένη
2292 4023 2346 4076 ἐν
2375 4021 2542 4094 πολλῇ
2578 4023 2848 4094 ἀσφαλείᾳ
2889 4020 3120 4097 καθίστη
3155 4027 3280 4092 τοὺς
3306 4029 3440 4082 ἐνοι-

1775 4109 2021 4172 κοῦντας.
2789 4114 2793 4118 ”

1848 4195 2014 4248 Ὅταν
2057 4188 2150 4247 οῦν
2177 4196 2204 4247 6
2232 4194 2362 4258 Θεὸς
2405 4195 2704 4266 ἐργάσηταί
2729 4213 2804 4261 τι,
2831 4198 3101 4270 ἀγαπητὲ,
3142 4197 3215 4269 μὴ
3248 4199 3437 4269 βούλου

1773 4283 2054 4354 λογισμοῖς
2083 4283 2443 4356 ἀνθρωπίνοις
2483 4284 2757 4350 ἐξετάζειν
2804 4287 2872 4342 τά
2904 4290 3031 4360 παρ’
3074 4288 3238 4342 αὑτοῦ
3291 4293 3437 4357 γινό-

1778 4389 1946 4442 μεναο
1992 4371 2309 4443 ὑπερϐαίνει
2361 4371 2467 4444 γὰρ
2497 4372 2593 4444 τὴν
2619 4373 2826 4427 ἔννοιαν
2867 4376 2965 4448 τὴν
3013 4377 3308 4449 ἡμετέραν,
3346 4381 3440 4431 καὶ

1774 4455 1871 4507 οὐκ
1898 4455 1959 4508 άν
1989 4472 2116 4507 ποτε
2153 4455 2407 4526 δυνηθείη
2451 4457 2763 4528 ἀνθρωπίνη
2793 4458 2998 4512 διάνοια
3027 4459 3308 4529 ἐφικέσθαι
3343 4464 3438 4514 καὶ

1776 4537 2099 4590 καταλαϐεῖν
2141 4537 2230 4592 τὸν
2255 4537 2413 4606 λόγον
2437 4538 2542 4591 τῶν
2575 4541 2664 4592 ὑπ’
2711 4542 2875 4596 αὑτοῦ
2904 4544 3436 4615 δημιουργηθέντων.

1842 4630 1903 4679 ε’.
1935 4625 2024 4677 Διὸ
2057 4626 2319 4696 προσήκει
2363 4624 2659 4690 ἀκούοντας
2693 4629 2837 4699 ἡμᾶς
2887 4631 2968 4682 ὅτι
3013 4631 3040 4684 6
3073 4630 3203 4694 Θεὸς
3240 4633 3436 4703 προσέ-

1773 4706 1921 4771 ταξε,
1962 4706 2237 4760 πείθεσθαι
2265 4709 2358 4760 καὶ
2404 4709 2572 4762 εἴκειν
2605 4713 2716 4774 τοῖς
2748 4713 2877 4782 παρ’
2911 4711 3073 4766 αὑτοῦ
3107 4713 3434 4783 λεγομένοις.

1772 4793 2112 4862 Δημιουργὸς
2141 4789 2248 4862 γὰρ
2286 4793 2360 4844 ὢν
2384 4793 2482 4864 τῆς
2512 4793 2722 4863 φύσεως
2773 4796 2914 4850 κατά
2960 4797 3021 4848 τὸ
3062 4796 3208 4866 αὑτῷ
3249 4797 3438 4850 δοκοῦν
3475 4793 3478 4796 ’

1774 4873 1986 4926 ἅπαντα
2047 4874 2474 4946 μεταρῤυθμίζει
2523 4879 2616 4930 καὶ
2648 4879 3028 4948 μεταπλάττει.
3081 4879 3181 4932 Καὶ
3229 4879 3437 4932 ἔκλεισε

1775 4956 1978 5027 Κύριος
2007 4960 2036 5010 ὁ
2063 4958 2194 5022 Θεὸς
2224 4959 2424 5025 ἔξωθεν
2454 4961 2616 5013 αὑτοῦ
2643 4961 2742 5030 τὴν
2764 4961 3011 5014 κιϐωτόν.
3043 4960 3214 5031 Πολλὴ
3240 4961 3333 5014 τοῦ
3366 4962 3439 5014 δι-

1775 5040 1929 5092 καίου
1957 5040 2146 5093 τούτου
2197 5043 2228 5110 ή
2269 5043 2461 5113 ἀρετὴ,
2502 5043 2592 5095 καὶ
2643 5043 2743 5112 τῆς
2791 5044 3090 5114 πίστεωςή
3140 5043 3434 5116 ὑπερϐολή.

1775 5122 1919 5194 Αὑτη
1951 5123 2080 5195 γάρ,
2129 5124 2268 5195 αῦτη
2309 5135 2330 5163 ε
2361 5127 2453 5178 καὶ
2494 5125 2856 5195 τεκτήνασθαι
2885 5126 2982 5196 τὴν
3029 5127 3257 5179 κιϐωτὸν
3297 5144 3438 5197 παρ-

1773 5207 2058 5269 εσκεύασε,
2093 5209 2186 5260 καὶ
2206 5208 2308 5278 τὴν
2335 5207 2549 5278 οἴκησιν
2579 5209 2766 5278 πράως
2791 5209 3052 5276 ἐνεγκεῖν,
3081 5210 3172 5262 καὶ
3193 5209 3293 5279 τῆς
3317 5225 3438 5262 στε-

1773 5291 2037 5361 νοχωρίας
2081 5291 2410 5361 ἀνασχέσθαι
2450 5292 2544 5344 καὶ
2589 5293 2690 5361 τῆς
2719 5291 2856 5362 μετά
2881 5289 2990 5344 τῶν
3014 5290 3219 5363 θηρίων
3243 5293 3440 5360 διαγω-

1774 5375 1881 5446 γῆς
1898 5374 2002 5446 καὶ
2027 5374 2135 5427 τῶν
2165 5374 2373 5446 ἀλόγων
2395 5375 2677 5446 ἁπάντωνη
2695 5376 2792 5429 Διά
2823 5373 2981 5428 τοῦτο
3006 5376 3097 5428 καί
3116 5378 3144 5428 6
3162 5377 3438 5446 μακάριος

1774 5444 1988 5508 Παῦλος
2017 5447 2096 5505 είς
2126 5445 2346 5516 μνήμην
2377 5445 2540 5498 αὑτοῦ
2564 5445 2753 5510 ἐλθὼν,
2796 5446 2887 5500 καὶ
2927 5444 3442 5516 ἀνακηρύττωναὺ-

1773 5526 1884 5589 τὸν,
1924 5527 2051 5580 ἐϐόα
2095 5527 2294 5595 λέγων·
2345 5528 2529 5581 Πίστει
2573 5529 2964 5600 χρηματισθεὶς
2996 5527 3120 5582 Νῶε
3160 5530 3288 5600 περὶ
3330 5529 3438 5582 τῶν

1779 5609 2005 5680 μηδέπω
2037 5609 2402 5681 βλεπομένων,
2438 5611 2755 5681 εὐλαϐηθεὶς
2793 5611 3156 5666 κατεσκεύασε
3209 5613 3438 5665 κιϐωτὸν

1783 5694 1861 5757 είς
1892 5695 2164 5765 σωτηρίαν
2212 5693 2302 5748 τοῦ
2352 5695 2500 5748 οἴκου
2561 5695 2745 5760 αὑτοῦ,
2801 5695 2867 5749 δι’
2903 5692 2975 5766 ἦς
3017 5695 3304 5764 κατέκρινε
3348 5693 3450 5747 τὸν.

1844 5826 1870 5894 ιζ
1898 5825 2062 5894 ﬂavit
2083 5832 2134 5876 et
2158 5831 2376 5894 quinque
2398 5845 2511 5881 mss.
2537 5832 2869 5894 βουληθείημεν
2891 5830 3189 5894 κοιίὀιλιιιϐεἶνε

1851 5892 1872 5920 ε
1906 5889 1985 5940 Sic
2023 5889 2193 5941 Morel.
2224 5903 2274 5941 et
2298 5889 2444 5944 Savil.
2477 5889 2718 5943 lu'Munlf.
2744 5889 2859 5950 αὕτη
2883 5895 2988 5954 γὰρ,
3014 5891 3148 5950 αὐτή.
3177 5891 3310 5941 Ιίοιτ.
