3804 6246
346 263 454 319 235

346 379 572 448 κόσμον,
603 375 698 429 καὶ
726 375 822 445 τῆς
850 378 988 428 κατά
1030 375 1212 428 πίστιν
1242 373 1583 445 δικαιοσύνης
1624 373 1838 442 ἐγένετο
1872 374 2000 444 κλη-

350 466 593 536 ρονόμος.
637 458 787 524 Εἶδες
826 461 942 525 πῶς
990 462 1022 533 ή
1056 461 1237 525 πίστις
1277 464 1311 533 ή
1351 463 1428 525 εἰς
1468 461 1560 514 τὸν
1591 460 1722 514 Θεὸν
1756 461 1998 534 καθάπερ

342 552 561 621 ἀγκυρά
598 567 683 613 τις
713 547 961 618 ἀσφαλὴς
1000 548 1407 620 παρεσκεύασεν
1440 548 1621 613 αὐτὸν,
1654 548 1748 602 καὶ
1791 549 1889 619 τῆς
1916 566 1992 602 κι-

344 638 519 693 ϐωτοῦ
566 637 664 708 τὴν
706 635 1047 707 κατασκευήν
1086 636 1433 708 ποιήσασθαι,
1468 637 1562 690 καὶ
1602 636 1705 707 τῆς
1742 638 2000 709 οἰκήσεως

343 726 702 798 ἀνασχέσθαι;
742 723 889 796 Αὕτη
911 724 1022 796 γάρ
1044 724 1189 796 αύτῷ
1215 726 1427 797 καὶτῆς
1453 725 1724 796 σωτηρίας
1751 725 1999 790 ὑπόθεσις

342 815 555 883 γέγονε,
590 831 609 863 ι
647 813 725 865 Δι’
747 806 835 882 ῆς,
881 810 1036 882 φησὶ,
1074 811 1365 885 κατέκρινε
1396 812 1487 866 τὸν
1531 811 1758 882 κόσμον,
1784 812 1879 866 καὶ
1904 813 1999 883 τῆς

342 902 483 956 κατά
554 900 737 953 πίστιν
780 898 1125 970 δικαιοσύνης
1176 899 1390 970 ἐγένετο
1438 899 1799 970 κληρονόμοςο
1836 918 1856 952 ι
1903 900 1998 955 οὐκ

340 990 526 1062 ἐπειδὴ
574 988 734 1052 αὐτὸς
788 986 958 1059 [258]
1003 987 1236 1061 ἔκρινεν,
1276 987 1392 1042 ἀλλ’
1424 986 1613 1058 ἐπειδὴ
1661 988 1691 1040 ό
1727 986 1997 1058 Δεσπότης

341 1076 677 1148 συγκρίσεως
726 1074 827 1145 τὴν
873 1074 1204 1146 κατάκρισιν
1248 1073 1477 1143 ἐπάγει·
1535 1072 1644 1127 τῶν
1672 1074 1781 1143 7&9
1823 1072 1998 1126 αὐτῶν

336 1164 743 1226 ἀπολαύσαντες
775 1162 852 1233 τῷ
881 1163 1096 1234 δικαίῳ,
1125 1164 1185 1217 ού
1215 1163 1314 1232 τὴν
1342 1161 1512 1232 αὐτὴν
1543 1160 1693 1233 αὐτῷ
1738 1160 1999 1232 μετῆλθον

337 1252 438 1324 τῆς
469 1252 670 1325 ἀρετῆς
703 1252 821 1305 όδόν
846 1268 858 1280 ·
892 1250 981 1305 διά
1006 1251 1105 1322 τῆς
1129 1250 1364 1313 πίστεως
1396 1250 1493 1321 μὲν
1516 1260 1539 1283 ⁸
1571 1245 1685 1313 οὖν,
1708 1251 1774 1321 ῆν
1796 1248 2002 1302 ἐπεδεί-

339 1344 489 1410 ξατο,
539 1342 857 1413 κατέκρινεν
898 1340 1139 1404 ἐκείνους
1184 1340 1311 1403 τοὺς
1358 1338 1558 1411 πολλὴν
1602 1339 1705 1411 τὴν
1745 1338 2001 1392 ἀπιστίαν

338 1431 804 1501 ἐπιδειξαμένους,
863 1428 961 1483 καὶΙ
998 1426 1075 1500 μή
1117 1427 1516 1491 πιστεύσαντας
1558 1430 1627 1498 τῇ
1674 1427 1996 1499 προρρήσει.

349 1517 491 1589 Ἐγὼ
527 1518 584 1572 δέ
636 1518 777 1588 μετὰ
820 1516 1037 1571 πάντων
1078 1516 1173 1570 καὶ
1225 1516 1318 1570 τοῦ
1373 1514 1582 1569 δικαίου
1627 1514 2000 1585 ἐκπλήττομαι

335 1607 436 1679 τὴν
472 1606 693 1678 ἀρετὴν,
728 1607 824 1661 καὶ
853 1605 945 1659 τοῦ
976 1604 1247 1659 Δεσπότου
1288 1602 1386 1675 τὴν
1422 1601 1733 1673 ἀγαθότητα
1770 1602 1864 1655 καὶ
1900 1600 2000 1670 τὴν

335 1695 541 1765 ἄφατον
558 1694 746 1764 φιλανθ
756 1693 984 1766 ρωπίαν,
997 1693 1123 1746 ὃταν
1146 1694 1383 1763 ἐννοήσω
1403 1690 1521 1755 πῶς
1539 1689 1776 1762 ἠδυνήθη
1796 1688 1997 1760 μεταξὺ

333 1784 445 1837 τῶν
475 1783 677 1855 θηρίων
725 1783 953 1850 διάγειν,
990 1780 1101 1834 τῶν
1132 1780 1361 1834 λεόντων
1389 1779 1553 1849 λέγω,
1586 1778 1684 1833 καὶ
1713 1777 1825 1833 τῶν
1857 1794 1999 1849 παρ-

333 1872 556 1936 δάλεων,
587 1872 678 1925 καὶ
723 1870 834 1925 τῶν
864 1869 1103 1944 ἄρκτων,
1152 1868 1248 1923 καὶ
1285 1867 1396 1923 τῶν
1423 1866 1626 1923 λοιπῶν
1651 1867 1760 1921 τῶν
1791 1865 1997 1938 ἀγρίων

337 1962 430 2016 καὶ
463 1959 788 2015 ἀτιθάσσων.

420 2047 821 2121 Ἀναμνήσθητί
863 2063 955 2118 μοι
995 2044 1252 2111 ἐνταῦθα,
1279 2043 1550 2116 ἀγαπητὴ
1591 2043 1694 2115 τῆς
1727 2041 1885 2109 ἀξίας
1928 2036 1996 2115 ῆς

332 2140 613 2211 ἀπήλαυεν
639 2140 667 2192 6
707 2137 1131 2208 πρωτόπλαστος
1162 2136 1269 2207 πρὸ
1298 2136 1396 2205 τῆς
1434 2135 1741 2206 παρακοῆς,
1784 2135 1879 2188 καὶ
1910 2133 1991 2188 λο-

334 2226 487 2294 γίζου
531 2225 627 2278 τοῦ
666 2224 801 2278 Θεοῦ
835 2224 936 2295 τήν
980 2223 1310 2294 ἀγαθότητα.
1347 2221 1565 2291 Ἐπειδὴ
1594 2220 1702 2293 γάρ
1745 2223 1779 2292 ή
1819 2222 1995 2293 παρά-

334 2314 493 2377 ϐασις
514 2311 721 2365 ἐκείνου
741 2310 1126 2383 ἠκρωτηρίασε
1143 2308 1241 2382 τὴν
1256 2309 1547 2380 δεδομένην
1567 2305 1834 2373 ἐξουσίαν,
1870 2304 1994 2381 εὗρε

331 2401 392 2457 δέ
423 2401 454 2454 6
482 2398 687 2469 ἀγαθὸς
710 2398 987 2468 Δεσπότης
1012 2398 1199 2469 ἕτερον
1220 2396 1387 2467 ἄνδρα
1416 2396 1712 2467 δυνάμενον
1739 2396 1997 2451 ἀνακαλέ-

336 2486 528 2543 σασθαι
542 2486 637 2558 τὴν
651 2484 882 2557 ἀρχαίαν
897 2480 1537 2549 είκόνα,καὶδιασώζοντα
1550 2483 1650 2555 τῆς
1662 2484 1860 2557 ἀρετῆς
1870 2485 1995 2549 τοὺς

333 2574 705 2647 χαρακτῆρας,
737 2573 831 2627 καὶ
853 2571 1053 2645 πολλὴν
1095 2572 1222 2643 περὶ
1252 2570 1349 2635 τάς
1372 2570 1590 2636 ἐντολάς
1623 2572 1721 2642 τήν
1751 2571 1996 2643 ὑπακοὴν

334 2662 792 2734 ἐπιδεικνύμενον,
808 2660 967 2715 πάλιν
984 2662 1064 2724 είς
1078 2660 1177 2731 τὴν
1192 2659 1423 2731 ἀρχαίαν
1435 2659 1596 2731 τιμὴν
1613 2660 1771 2714 αὑτὸν
1782 2660 1993 2729 ἀνάγει,

336 2752 616 2823 μονονουχὶ
646 2750 911 2806 διδάσκων
930 2750 1080 2821 ἡμᾶς
1100 2748 1168 2801 δι’
1195 2746 1375 2801 αὐτῶν
1406 2747 1515 2800 τῶν
1536 2748 1874 2820 πραγμάτων
1896 2748 1996 2819 τῆς

330 2840 577 2905 ἐξουσίας
593 2838 686 2892 τοῦ
703 2836 872 2908 Ἀδάμ
885 2836 945 2890 τὸ
970 2834 1219 2908 μέγεθος,
1235 2835 1302 2906 ῆν
1324 2830 1437 2905 εἶχε
1456 2835 1562 2908 πρὸ
1574 2835 1674 2906 τῆς
1692 2836 1993 2908 παρακοῆς.

344 2927 407 2980 Ἦ
419 2927 589 3000 ἀρετή
600 2924 880 2981 τοίνυντοῦ
897 2923 1105 2979 δικαίου
1122 2922 1488 2995 ἐπιλαϐομένη
1509 2922 1610 2993 τῆς
1628 2922 1720 2976 τοῦ
1737 2922 1871 2977 Θεοῦ
1885 2922 1999 2994 φιλ·

331 3014 663 3087 ανθρωπίας,
696 3011 1058 3068 ἀνεκαλέσατο
1076 3010 1176 3083 τὴν
1215 3010 1483 3083 προτέραν
1504 3010 1697 3081 ἀρχὴν,
1722 3011 1815 3064 καὶ
1835 3009 1995 3065 πάλιν

331 3103 402 3156 τά
425 3102 591 3174 θηρία
616 3100 714 3172 τὴν
756 3098 1035 3171 ὑποταγὴν
1064 3098 1447 3168 ἐπεγίνωσκον.
1485 3097 1653 3151 Ἔνθα
1681 3097 1791 3171 γὰρ
1815 3097 1882 3152 ἂν
1911 3097 1995 3169 ίδῃ

333 3190 497 3263 θηρία
515 3189 739 3254 δίκαιον,
755 3185 1164 3241 ἐπιλανθάνεται
1185 3186 1286 3256 τῆς
1307 3185 1514 3249 οἰκείας
1538 3185 1772 3254 φύσεως,
1798 3186 1996 3256 μᾶλλον

330 3280 388 3335 δέ
415 3278 477 3331 ού
504 3276 607 3347 τῆς
645 3273 879 3343 φύσεως,
906 3272 1041 3326 άλλά
1074 3272 1173 3343 τῆς
1200 3271 1511 3342 θηριωδίας,
1554 3274 1647 3325 καὶ
1681 3271 1910 3343 μένοντα
1938 3274 1995 3326 ἐν

332 3367 399 3440 τῇ
425 3363 584 3433 φύσει
608 3362 707 3432 τῆν
738 3358 1029 3432 θηριωδίαν
1070 3360 1149 3423 εἱς
1178 3357 1276 3430 τήν
1307 3359 1617 3430 ἡμερότητα
1648 3354 2011 3430 μεταϐάλλει.’

333 3452 442 3509 Καὶ
471 3452 574 3523 δρα
602 3448 760 3505 τοῦτο
784 3446 875 3501 ἐπὶ
902 3444 997 3498 τοῦ
1024 3444 1219 3517 Δανιὴλ
1256 3446 1553 3516 γινόμενον.
1587 3446 1721 3499 ’Υπὸ
1749 3447 1856 3519 γὰρ
1887 3447 1995 3503 τῶν

332 3539 558 3598 λεόντων
590 3534 973 3606 κυκλούμενος,
1003 3533 1192 3603 ῶσπερ
1230 3533 1334 3586 ὑπὸ
1360 3533 1645 3605 προϐάτων
1671 3535 1995 3607 δορυφορού-

336 3644 513 3699 μενος,
540 3624 709 3696 οὖτως
736 3622 905 3686 ἀδεῶς
928 3622 1112 3695 διῆγεν
1130 3637 1145 3652 ο
1175 3621 1208 3693 ἡ
1236 3620 1343 3693 γάρ
1365 3620 1459 3674 τοῦ
1481 3621 1690 3675 δικαίου
1715 3624 1994 3695 παρρησία

331 3714 576 3787 ἐχαλίνου
624 3712 731 3766 τῶν
772 3710 976 3782 θηρίων
1010 3708 1109 3785 τήν
1142 3708 1333 3779 φύσιν,
1376 3708 1472 3763 καὶ
1513 3710 1614 3764 οὐκ
1658 3711 1746 3764 εῖα
1783 3712 1852 3766 τά
1885 3713 1994 3767 τῶν

331 3802 537 3875 θηρίων
586 3800 779 3863 αὐτοὺς
835 3795 1260 3855 ἐπιδείκνυσθαι.
1313 3796 1417 3855 Τὸν
1459 3798 1622 3851 αὑτὸν
1682 3798 1746 3871 δὴ
1793 3800 1993 3871 τρόπον

327 3891 359 3945 ὸ
392 3889 688 3961 θαυμάσιος
714 3880 869 3950 οὗτος
894 3885 992 3961 τὴν
1028 3885 1165 3956 μετά
1199 3885 1308 3943 τῶν
1339 3886 1543 3958 θηρίων
1569 3887 1843 3960 διαγωγὴν
1875 3892 1993 3960 μετ’

329 3979 577 4041 εὐκολίας
601 3976 784 4047 ἔφερε,
819 3974 911 4027 καὶ
945 3972 1067 4027 οὔτε
1092 3974 1126 4043 ή
1161 3974 1509 4047 στενοχωρία,
1538 3973 1717 4049 ούτεή
1746 3975 1840 4028 τοῦ
1864 3976 1993 4049 χρό-

328 4081 422 4118 νου
454 4064 780 4134 παράτασις,
809 4060 933 4114 οὔτε
971 4060 1033 4113 τὸ
1071 4058 1244 4123 οὕτως
1277 4060 1685 4129 ἐγκεκλεῖσθαι,
1720 4064 1814 4116 καὶ
1855 4066 1992 4136 μήτε

326 4151 420 4207 τὸν
446 4152 582 4221 ἀέρα
603 4150 862 4204 ἀναπνεῖν
892 4146 1168 4218 ναρκῆσαι
1209 4146 1370 4200 αὐτὸν
1400 4148 1828 4219 παρεσκεύασεν,
1858 4152 1993 4209 ἀλλὰ

327 4236 396 4306 τῇ
430 4233 610 4287 πίστει
633 4234 699 4310 τῇ
723 4232 802 4295 είς
825 4229 917 4283 τὸν
942 4229 1075 4283 Θεὸν
1104 4230 1319 4284 ἅπαντα
1343 4231 1520 4301 κούφα
1547 4233 1695 4305 αύτῷ
1721 4234 1989 4306 ἐφαίνετο,

329 4325 425 4378 καὶ
471 4322 611 4381 οὕτω
641 4321 826 4393 διῆγεν
869 4321 929 4373 ἐν
965 4318 1044 4390 τῷ
1091 4318 1311 4393 χαλεπῷ
1358 4321 1551 4393 ἐκείνῳ
1598 4323 1989 4397 δεσμωτηρίῳ,

327 4412 529 4469 ὡσανεὶ
554 4412 715 4482 ἡμεῖς
749 4411 808 4462 ἐν
833 4408 1061 4480 λειμῶσι
1101 4408 1196 4463 καὶ
1222 4408 1515 4483 δενδρικοῖς
1539 4411 1740 4477 τόποις.
1776 4414 1852 4467 Τὸ
1883 4416 1991 4486 γάρ

326 4500 608 4570 ἐπίταγμα
637 4496 730 4550 τοῦ
764 4496 1032 4555 Δεσπότου
1064 4495 1133 4549 τά
1169 4495 1401 4569 δυσχερῆ
1436 4499 1593 4572 ρᾴδια
1623 4501 1771 4573 αύτῷ
1803 4503 1990 4572 φαίνε-

328 4582 455 4637 σθαι
485 4579 884 4654 παρεσκεύασε.
911 4578 1163 4633 Τοιοῦτον
1195 4580 1302 4651 7&9
1337 4581 1445 4635 τῶν
1479 4582 1703 4637 δικαίων
1737 4584 1798 4638 τὸ
1835 4586 1988 4650 ἔθος·

325 4671 456 4725 ὅταν
484 4687 539 4724 τι
561 4668 629 4722 δι’
658 4667 817 4722 αὑτὸν
841 4669 1220 4741 ὑπομένουσιν,
1254 4669 1313 4721 ού
1335 4673 1401 4740 τῇ
1421 4670 1537 4739 δψει
1560 4671 1668 4729 τῶν
1693 4675 1991 4746 γινομένων

326 4757 705 4829 προσέχουσιν,
740 4754 877 4809 ἀλλά
912 4755 1009 4830 τὴν
1037 4756 1292 4810 ὑπόθεσιν
1321 4758 1657 4830 λογιζόμενοι
1683 4764 1799 4825 μετ’
1831 4763 1989 4818 εύκο-

326 4843 446 4909 lia;
474 4844 688 4904 ἃπαντα
712 4841 989 4913 φέρουσιν.
1039 4844 1191 4903 Ἐπεὶ
1219 4845 1311 4897 καὶ
1348 4845 1576 4911 Παῦλος.
1614 4848 1643 4900 ὁ
1684 4849 1791 4904 τῶν
1819 4851 1991 4906 ἐθνῶν

320 4931 658 4996 διδάσκαλος,
688 4930 757 4984 τά
802 4930 1171 5003 δεσμωτήρια,
1203 4932 1303 4996 τὰς
1333 4934 1656 5004 ἀπαγωγάς,
1688 4940 1815 5003 τοὺς
1843 4940 1991 4995 καθ..

323 5019 616 5089 ημερινοὺς
644 5018 943 5083 κινδύνους,
972 5019 1071 5083 τάς
1100 5020 1298 5084 πολλάς
1330 5020 1543 5087 ἐκείνας
1566 5026 1661 5078 καὶ
1683 5026 1989 5099 ἀφορήτους

322 5105 530 5176 θλίψεις
567 5107 808 5178 ἐλαφρὰς
840 5106 1043 5171 ἐκάλει,
1071 5108 1171 5161 ούκ
1212 5109 1400 5182 ἐπειδὴ
1441 5114 1506 5183 τῇ
1538 5111 1699 5181 φύσει
1745 5116 1988 5175 τοιαῦται

320 5188 483 5263 ἦσαν,
514 5192 628 5248 ἀλλ’
660 5194 847 5266 ἐπειδὴ
885 5197 919 5265 ή
955 5195 1210 5261 ὑπόθεσις
1242 5196 1350 5251 τῶν
1389 5200 1686 5270 γινομένων
1721 5203 1988 5275 τοσαύτην

319 5281 471 5351 αύτῷ
492 5281 599 5352 ,τὴν
632 5281 855 5354 γνώμην
887 5283 1286 5349 κατεσκεύαζεν
1310 5287 1358 5348 ιι,
1389 5287 1464 5351 ὡς
1495 5289 1631 5361 μηδὲ
1666 5292 1987 5363 ἐιιτιστρέφε⁹

321 5369 445 5427 σθαι
470 5368 606 5440 πρὸς
632 5368 701 5422 τά
725 5370 949 5424 ἐπιόντα
968 5370 1135 5424 δεινά.
1157 5373 1354 5425 Ἄκουε
1383 5374 1485 5447 γάρ
1513 5377 1676 5431 αὑτοῦ
1705 5378 1949 5443 λέγοντος
1968 5398 1981 5411 ·

326 5457 395 5511 Τὸ
421 5456 533 5527 γὰρ
564 5455 900 5523 παραυτίκα
930 5458 1193 5525 ἐλαφρὸν
1220 5458 1326 5528 τῆς
1362 5463 1621 5532 θλίψεως
1658 5466 1826 5536 ἡμῶν
1856 5471 1984 5523 καθ’

318 5542 663 5613 ὑπερϐολὴν
693 5541 933 5597 αἰώνιον
949 5543 1137 5612 βάρος
1165 5544 1349 5615 δόξης
1378 5550 1523 5618 ἡμῖν
1558 5554 1983 5624 κατεργάζεται.

328 5633 389 5687 ,Η
416 5632 731 5704 προσδοκία,
758 5632 911 5701 φησὶ,
939 5633 1037 5701 τῆς
1062 5632 1359 5705 μελλούσης
1379 5639 1778 5712 καταλήψεσθαι
1805 5644 1983 5718 δόξης,

315 5719 465 5796 [239]
503 5720 597 5773 καὶ
628 5722 731 5796 τῆς
756 5720 1037 5791 διηνεκοῦς
1069 5722 1283 5794 ἐκείνης
1324 5724 1555 5795 ἀνέσεως
1588 5731 1802 5802 κούφως
1839 5736 1985 5805 ἡμᾶς

374 5860 401 5888 ⁸
428 5859 643 5910 Αεοεεδὶι
670 5859 751 5908 οὖν
774 5873 803 5908 ο
827 5859 1026 5908 Savilio.
1059 5860 1191 5913 Εοιτ.

360 5919 407 5992 ,δ
429 5920 601 5974 Μυΐεί.
634 5921 990 5987 παρεσκεύαζεν.

1120 259 1179 315 S.
1215 257 1500 317 JOANNIS
1536 255 2021 315 CHRYSOSTOMI
2061 258 2379 317 ARCHIEP.
2420 262 2965 323 CONSTANTINOP.

3671 274 3775 327 216

2115 379 2256 430 ποιεῖ
2275 378 2461 448 φέρειν
2479 377 2577 443 τὰς
2597 380 2928 451 ἐπαλλήλους
2952 383 3151 448 ταύτας
3180 385 3402 457 θλίψεις,
3422 390 3512 441 καὶ
3535 388 3776 458 ἐλαφρὰς

2112 459 2281 525 αύτάς
2309 463 2576 531 ἡγεῖσθαι.
2597 459 2749 529 Εἶδες
2768 466 2915 529 ὅπως
2937 467 3291 538 ὑποτέμνεται
3316 471 3347 521 6
3372 472 3506 540 πρὸς
3527 471 3621 524 τὸν
3644 473 3777 523 Θεὸν

2112 543 2274 608 πόθος
2304 544 2403 616 τὴν
2433 546 2540 599 τῶν
2566 546 2754 601 δεινῶν
2785 550 3054 617 ἐπίτασιν,
3079 553 3171 605 καὶ
3210 553 3329 605 ούδέ
3350 553 3601 624 αἴσθησιν
3641 571 3776 621 συγ»

2112 628 2279 698 χωρεῖ
2296 626 2491 706 λαϐεῖν
2524 627 2635 681 τῶν
2664 629 2965 697 ἐπιόντων;
2999 633 3099 687 Διά
3134 650 3214 686 τοι
3236 634 3392 688 τούτο
3416 637 3510 689 καὶ
3539 639 3568 689 6
3594 639 3777 706 μακάο

2113 725 2226 782 ριος
2263 702 2419 773 οὗτος
2459 711 2634 765 πάντα
2677 712 2868 783 πράως
2897 714 3095 786 ἔφερε,
3139 717 3204 787 τῇ
3239 716 3417 770 πίστει
3464 721 3529 790 τῇ
3569 702 3656 782 είς
3689 720 3779 770 τὸν

2113 790 2241 844 Θεὸν
2265 793 2358 846 καὶ
2377 795 2442 864 τῇ
2479 793 2654 847 ἐλπίδι
2678 796 3026 867 τρεφόμενος.
3044 799 3151 852 Καὶ
3181 800 3438 865 ἔκλεισε,
3468 805 3623 872 φησὶ,
3664 805 3779 856 Κύ-

2113 891 2235 945 ριος
2254 878 2288 929 ὁ
2317 876 2460 943 Θεὸς
2487 876 2710 941 ἔξωθεν
2738 880 2922 934 αὐτοῦ
2950 880 3063 949 τὴν
3099 884 3363 938 κιϐωτόν.
3402 886 3509 938 Καὶ
3536 886 3778 956 ἐγένετο

2115 960 2144 1013 ὁ
2172 960 2600 1031 κατακλυσμὸς
2626 963 3078 1032 τεσσαράκοντα
3105 965 3326 1035 ἡμέρας
3355 967 3451 1021 καὶ
3478 970 3780 1036 τεσσαίάο

2113 1061 2293 1100 ιιοντα
2317 1048 2541 1116 νύκτας
2561 1050 2658 1103 ἐπὶ
2685 1049 2795 1119 τῆς
2818 1049 2949 1120 γῆς,
2976 1051 3074 1105 καὶ
3106 1053 3421 1123 ἐπεφέρετο
3443 1054 3480 1121 ή
3505 1057 3775 1120 κιϐωτός.

2111 1128 2306 1183 Σκόπει
2334 1131 2493 1185 πάλιν
2515 1132 2633 1196 πῶς
2665 1135 2731 1204 τῇ
2762 1134 3009 1205 διηγήσει
3037 1134 3190 1202 αὔξει
3217 1137 3310 1191 τὸν
3351 1140 3534 1207 φόϐον,
3567 1141 3663 1193 καὶ
3694 1139 3795 1204 ἐξ·“

2106 1214 2258 1280 ογκοῖ
2301 1214 2363 1267 τὸ
2410 1214 2791 1285 γεγενημένον.
2845 1218 3102 1287 Ἐγένετο
3135 1219 3261 1290 γὰρ,
3303 1223 3483 1292 φησὶν,
3521 1226 3556 1277 ὁ
3592 1239 3775 1275 κατα-

2108 1295 2381 1364 κλυσμὸς
2418 1296 2869 1366 τεσσαράκοντα
2915 1300 3138 1368 ἡμέρας
3176 1303 3273 1356 καὶ
3318 1304 3776 1372 τεσσαράκοντα

2073 1437 2081 1445 η
2106 1378 2351 1444 νύκτας,
2386 1378 2485 1431 καὶ
2509 1378 2859 1448 ἐπληθύνθη
2886 1382 2954 1434 τὸ
2982 1382 3161 1450 ὕδωρ,
3193 1384 3291 1439 καὶ
3321 1385 3507 1455 ἐπῆρε
3546 1386 3666 1455 τὴν
3689 1406 3775 1441 κι-

2106 1460 2315 1526 ϐωτόν,
2358 1462 2458 1515 καὶ
2497 1463 2707 1531 ὑψώθη
2738 1464 2858 1519 ἀπὸ
2886 1464 2993 1533 τῆς
3022 1465 3157 1536 γῆς.
3205 1469 3317 1523 Καὶ
3356 1470 3671 1540 ἐπεκράτει
3707 1472 3774 1525 τὸ

2104 1541 2281 1610 ὕδωρ,
2314 1542 2411 1596 καί
2430 1542 2800 1611 ἐπληθύνετο
2836 1547 3069 1617 σφόδρα
3098 1549 3197 1603 ἐπὶ
3234 1550 3344 1620 τῆς
3371 1550 3502 1621 γῆς,
3530 1554 3630 1608 καὶ
3671 1555 3774 1607 ἐπ-

2105 1623 2343 1694 εφέρετο
2381 1626 2419 1694 ἡ
2451 1627 2693 1694 κιϐωτὸς
2735 1627 2935 1683 ἐπάνω
2966 1631 3070 1685 τοῦ
3110 1631 3328 1700 ὕδατος
3350 1651 3365 1666 ·
3413 1635 3480 1689 τὸ
3519 1636 3590 1689 δὲ
3616 1636 3775 1705 ὕδωρ

2104 1706 2410 1776 ἐπεκράτει
2437 1709 2673 1778 σφόδρα
2698 1711 2973 1780 σφοδρῶς
3000 1713 3097 1768 ἐπὶ
3121 1714 3231 1783 τῆς
3251 1716 3381 1787 γῆς.

2176 1795 2250 1855 ς’.
2285 1791 2427 1861 Ὅρα
2458 1792 2576 1856 πῶς
2599 1794 2838 1865 ἀκριϐῶς
2865 1797 2996 1866 ἡμῖν
3024 1796 3289 1868 διηγεῖται
3314 1801 3410 1870 τὴν
3433 1800 3634 1873 πολλὴν
3664 1804 3774 1856 τῶν

2104 1869 2314 1955 ὑδάτων
2342 1874 2533 1946 φοράν,
2551 1875 2645 1928 καὶ
2670 1875 2751 1929 ὅτι
2782 1877 2867 1946 ἐφ’
2892 1878 3127 1951 ἐκάστης
3152 1869 3378 1953 αὔξησιν
3403 1869 3710 1953 ἐλάμϐανεν
3743 1890 3775 1955 ή

2103 1954 2410 2027 πλημμύρα
2432 1956 2540 2009 τῶν
2573 1958 2799 2038 ύδάτῳν.
2829 1961 3167 2029 Ἐπεκράτει
3186 1964 3294 2034 γὰρ
3320 1966 3385 2018 τὸ
3410 1966 3588 2035 ὕδωρ,
3613 1954 3772 2038 φησὶ,

2103 2038 2337 2108 σφόδρα
2364 2036 2661 2108 σφοδρῶς,
2706 2042 2802 2096 καὶ
2841 2042 3189 2113 ἐπεκάλυψε
3222 2046 3415 2102 πάντα
3448 2048 3521 2101 τὰ
3561 2036 3775 2119 ὄρηήτα

2104 2122 2335 2190 ὑψηλὰ,
2367 2120 2404 2175 d
2428 2119 2509 2193 ἦν
2541 2122 2819 2177 ὑποκάτω
2846 2125 2953 2179 τοῦ
2986 2129 3266 2195 οὐρανοῦ.
3304 2132 3635 2187 Δεκαπέντε
3662 2135 3771 2199 snio

2104 2222 2231 2275 χεις
2257 2206 2457 2259 ἐπάνω
2482 2207 2687 2275 ὑψώθη
2714 2207 2782 2261 τὸ
2806 2208 2982 2278 ὕδωρ,
3010 2212 3108 2264 καί
3130 2212 3455 2275 ἐπέκλυζεν
3486 2216 3731 2270 ἅπαντα
3750 2230 3770 2256 ε

2104 2289 2174 2371 τᾷ
2202 2288 2331 2371 ὄρη.
2365 2289 2603 2352 Εἰκότως
2644 2289 2992 2361 ᾡκονόμησεν
3038 2296 3067 2347 6
3094 2294 3469 2368 φιλάνθρωπος
3495 2301 3776 2371 Δεσπότης

2105 2369 2419 2443 κλεισθῆναι
2454 2371 2555 2443 τήν
2588 2371 2841 2438 κιϐωτὸν,
2873 2374 3016 2428 ὥστε
3056 2376 3132 2447 μὴ
3164 2378 3299 2449 όρᾲν
3339 2378 3431 2431 τὸν
3464 2380 3678 2435 δίκαιον
3707 2369 3776 2435 τὰ

2102 2453 2384 2523 γινόμενα.
2430 2454 2495 2508 Et
2530 2454 2639 2525 7&9
2690 2456 2849 2526 ἡμεῖς
2885 2456 3025 2527 μετά
3055 2460 3307 2513 τοσοῦτον
3343 2461 3478 2515 ἐτῶν
3514 2464 3771 2534 ἀριθμὸν,

2103 2537 2197 2589 καὶ
2231 2537 2369 2608 μετὰ
2394 2538 2661 2603 τοσαύτας
2685 2542 2878 2608 γενεάς
2904 2540 3192 2606 ἀκούοντες
3228 2544 3386 2614 μόνον
3416 2545 3514 2614 τῆς
3544 2546 3776 2618 Γραφῆς

2101 2618 2202 2689 τὴν
2222 2621 2475 2691 διήγησιν
2504 2622 2925 2693 συστελλόμεθα,
2958 2624 3052 2678 καὶ
3084 2627 3142 2678 ἐν
3177 2626 3455 2699 ἀμηχανίᾳ
3482 2629 3771 2701 γινόμεθα,

2103 2703 2155 2756 τί
2200 2704 2346 2767 είκὸς
2404 2701 2473 2775 ἦν
2508 2704 2601 2759 τὸν
2655 2705 2861 2759 δίκαιον
2916 2708 3122 2762 ἐκεῖνον
3184 2710 3414 2775 παθεῖν,
3454 2712 3507 2765 εἴ
3549 2730 3615 2782 γε
3657 2717 3773 2777 τοῖς

2103 2787 2402 2858 ὀφθαλμοῖς
2418 2787 2565 2859 ἐώρα
2579 2788 2676 2859 τὴν
2696 2788 2930 2842 ἄϐυσσον
2956 2791 3170 2863 ἐκείνην
3192 2795 3289 2865 τὴν
3313 2795 3583 2867 ἀφόρητον
3605 2813 3621 2859 ;
3644 2795 3774 2858 Πῶς

2103 2871 2213 2941 γάρ
2249 2870 2315 2923 ἂν
2342 2870 2579 2943 ἠδυνήθη
2608 2870 2711 2925 κάν
2744 2872 2880 2943 πρὸς
2908 2871 3081 2945 βραχὺ
3113 2878 3416 2946 ἀντισχεῖν;
3447 2879 3568 2949 οὐχὶ
3590 2879 3643 2932 δέ
3684 2880 3775 2931 sia-

2104 2951 2241 3015 θέως
2262 2953 2326 3005 ἐκ
2350 2952 2571 3024 πρώτης
2598 2952 2775 3024 ὅψεως
2805 2955 2872 3009 ἂν
2892 2955 3082 3027 ἐξέστη
3102 2956 3200 3027 τῆς
3228 2958 3406 3029 ψυχῆς
3429 2959 3771 3028 ἀποστάσης,

2104 3035 2199 3088 καὶ
2240 3035 2437 3105 μηκέτι
2479 3035 2801 3106 δυνηθείσης
2837 3039 3082 3106 ἐνεγκεῖν
3129 3038 3239 3092 τῶν
3278 3040 3544 3094 τοσούτων
3578 3041 3773 3096 δεινῶν

2101 3115 2203 3186 τὴν
2243 3115 2406 3181 θέαν;
2450 3116 2650 3171 Ἐννόει
2684 3117 2794 3189 γάρ
2827 3135 2939 3189 μοι,
2972 3119 3244 3190 ἀγαπητέ,
3278 3122 3395 3186 πῶς
3427 3122 3522 3176 νῦν
3564 3127 3772 3194 μικρᾶς

2103 3200 2407 3270 ἐπομϐρίας
2434 3202 2731 3272 γενομένης
2753 3201 3034 3271 ἐναγώνιοι
3053 3204 3334 3275 γινόμεθα,
3361 3209 3488 3277 περὶ
3505 3206 3601 3260 τοῦ
3630 3227 3775 3262 παν-

2101 3282 2193 3346 τὸς
2227 3282 2565 3354 δεδοίκαμεν,
2600 3285 2729 3355 περὶ
2768 3285 2964 3355 αὐτῆς,
2997 3286 3071 3350 ὡς
3099 3288 3292 3353 εἰπεῖν,
3314 3289 3415 3359 τῆς
3443 3290 3591 3360 ζωῆς
3620 3292 3772 3345 ἀπα-

2102 3365 2423 3437 γορεύομεν.
2459 3368 2524 3420 Τί
2559 3367 2738 3421 τοίνυν
2770 3368 2917 3432 είκὸς
2962 3364 3028 3441 ἦν
3053 3370 3143 3425 τὸν
3176 3370 3380 3425 δίκαιον
3409 3373 3617 3429 ἐκεῖνον
3646 3376 3772 3429 τότε

2102 3449 2295 3503 παθεῖν
2318 3450 2455 3521 πρὸς
2489 3449 2741 3504 τοσοῦτον
2770 3451 2903 3521 ὖψος
2937 3453 3147 3523 ὁρῶντα
3191 3453 3261 3507 τὰ
3297 3453 3466 3508 ὕδατα
3498 3459 3773 3527 κορυφού·

2104 3548 2276 3603 μένας
2318 3530 2547 3617 ’ῌπάνω
2576 3532 2707 3617 γάρ,
2751 3534 2903 3604 φησὶ,
2935 3534 3051 3589 τῶν
3072 3536 3256 3605 ὀρέων
3284 3536 3613 3593 δεκαπέντε
3651 3542 3795 3617 πήπ

2104 3632 2230 3709 χεις
2250 3614 2460 3709 ὐψῖὒθη
2493 3614 2559 3709 τύ
2584 3614 2759 3709 ὕδωρ.
2803 3617 3202 3709 Ἀναμνήσθητί
3237 3619 3605 3709 μοιῌένταῡθα,
3632 3614 3795 3709 ἀγα-γ

2102 3699 2259 3769 τιητέ,
2289 3698 2399 3751 τῶν
2424 3698 2573 3769 παρά
2598 3699 2693 3752 τοῦ
2720 3699 2989 3753 Δεσπότου
3013 3700 3305 3772 ρηθέντων,
3326 3703 3415 3757 ὅτε
3439 3704 3626 3773 ἐλεγεν
3644 3722 3659 3735 ·
3689 3698 3795 3759 Οὐ³

2093 3782 2182 3852 μὴ
2238 3783 2564 3852 καταμείνῃ
2613 3783 2679 3836 τὸ
2726 3783 2967 3853 Πνεῦμά
2995 3801 3116 3852 μου
3157 3785 3227 3840 ἐν
3275 3786 3396 3854 τοῖς
3433 3778 3795 3856 ἀνθρώποιςῖ

2100 3866 2355 3931 τούτοις,
2403 3865 2501 3920 διὰ
2548 3864 2616 3920 τὸ
2658 3861 2811 3920 εἶναι
2863 3866 3084 3934 αὐτοὺς
3126 3868 3383 3938 σάρκας·
3429 3872 3521 3924 καὶ
3563 3871 3732 3924 πάλιν
3758 3884 3795 3921 οξ

2113 3948 2365 4017 Ἐφθάρη
2387 3950 2425 4019 ή
2463 3948 2561 4019 γῆ,
2592 3950 2690 4004 καί
2720 3948 2995 4018 ἐπλήσθη
3033 3952 3072 4019 ἡ
3109 3950 3185 4021 γῆ
3221 3951 3333 4021 τῆς
3354 3952 3610 4018 ἀδικίας·
3650 3954 3771 4017 καὶ,

2100 4029 2240 4088 Εἷδε
2258 4033 2476 4101 Κύριος
2500 4032 2613 4101 τὴν
2633 4032 2770 4102 γῆν,
2788 4033 2887 4087 καί
2911 4029 2992 4103 ἦν
3019 4034 3490 4104 κατεφθαρμένη,
3514 4035 3607 4089 ὅτι
3629 4054 3770 4089 κατ-

2098 4116 2331 4187 έφθειρε
2371 4114 2539 4172 πᾶσα
2578 4116 2735 4185 σὰρξ
2789 4116 2905 4185 τὴν
2939 4116 3083 4171 ὁδὸν
3124 4117 3333 4188 αὐτῆς.
3390 4120 3541 4174 Ἐπεὶ
3586 4121 3771 4173 τοίνυν

2098 4201 2393 4271 ὁλοκλήρου
2420 4199 2716 4270 καθαρσίου
2746 4199 2914 4253 ἐδεῖτο
2940 4203 2973 4272 ή
3007 4203 3319 4274 οἰκουμένη,
3355 4205 3450 4258 καὶ
3478 4203 3649 4275 ἐχρῆν
3677 4205 3772 4257 a6-

2098 4284 2196 4353 τὴν
2229 4282 2444 4336 ἅπαντα
2471 4281 2561 4334 τὸν
2600 4280 2769 4349 ῥύπον
2799 4283 3272 4355 ἀποκαθάρασθαι,
3314 4286 3408 4339 καὶ
3441 4286 3542 4357 τὴν
3580 4286 3771 4357 ζύμην

2099 4364 2328 4439 ἅπασαν,
2360 4366 2459 4435 τῆς
2508 4365 2883 4437 προλαϐούσης
2931 4368 3192 4437 πονηρίας
3241 4369 3633 4441 ἀναιρεθῆναι,
3676 4376 3768 4423 καὶ

2100 4450 2237 4523 μηδέ
2270 4450 2413 4520 ἴχνος
2459 4449 2560 4518 τῆς
2602 4450 2801 4512 κακίας
2841 4450 3254 4522 ἀπολειφθῆναι,
3292 4452 3408 4506 ἀλλ’
3424 4450 3795 4524 ὡσπερὰναυ

2100 4535 2434 4605 στοιχείωσίν
2475 4550 2595 4586 τινα
2632 4533 2904 4601 γενέσθαι,
2946 4533 3194 4607 καθάπερ
3232 4536 3480 4607 τεχνίτης
3517 4538 3765 4608 ἄριστος,

2097 4618 2315 4677 ἐπειδὰν
2341 4617 2481 4690 λάϐῃ
2503 4616 2691 4682 σκεῦος
2724 4618 2829 4671 ὑπὸ
2856 4616 2950 4671 τοῦ
2987 4618 3179 4689 χρόνου
3205 4620 3511 4676 παλαιωθὲν
3541 4621 3641 4674 καὶ
3674 4638 3768 4673 και

2096 4700 2469 4771 ταδαπανηθὲν
2491 4741 2505 4764 ,
2534 4700 2609 4763 ὼς
2661 4702 2863 4765 εἰπεῖν,
2894 4701 2999 4753 ὑπὸ
3031 4701 3125 4754 τοῦ
3158 4702 3260 4767 ἰοῦ,
3303 4704 3397 4755 καὶ⁵
3422 4705 3501 4767 είς
3538 4704 3608 4757 τὸ
3657 4704 3769 4773 πῦρ

2097 4784 2251 4860 [240]
2282 4784 2552 4855 ἐμϐαλὼν,
2576 4784 2671 4838 καὶ
2694 4786 3117 4857 παρασκευάσας
3144 4787 3320 4841 πάντα
3342 4788 3431 4841 τὸν
3460 4788 3536 4842 ἰὸν
3561 4789 3769 4843 ἀποθέ-

2097 4871 2240 4930 σθαι.
2267 4867 2626 4940 μεταπλάττει
2651 4868 2741 4922 καὶ
2760 4871 3174 4939 μετασκευάζει,
3197 4873 3288 4926 καὶ
3305 4872 3383 4935 εἰς
3408 4874 3507 4943 τὴν
3526 4873 3769 4945 ἀρχαίαν

2095 4953 2395 5027 εὐμορφίαν
2426 4952 2720 5021 ἐπανάγει’
2760 4951 2903 5006 οὕτω
2943 4955 3035 5007 καὶ
3067 4956 3097 5007 ὁ
3141 4956 3462 5027 Δεσπότηςό
3491 4958 3769 5028 ἡμέτερος

2094 5040 2313 5095 ἀπασαν
2353 5038 2452 5111 τήν
2479 5038 2803 5109 οἰκουμένην
2839 5037 2930 5091 διὰ
2962 5038 3059 5091 τού
3085 5040 3205 5093 τότε
3244 5040 3642 5113 κατακλυσμοῦ
3675 5058 3770 5094 κα-

2096 5125 2288 5195 θάρας,
2320 5124 2413 5177 καὶ
2439 5124 2514 5186 ὠς
2546 5125 2740 5187 εἰπεῖν,
2777 5122 3149 5193 ἐλευθερώσας
3180 5124 3278 5195 τῆς
3307 5126 3508 5188 κακίας
3530 5124 3651 5179 τῶν
3680 5126 3768 5177 άν-
3794 5128 3795 5133 “

2094 5208 2348 5280 θρώπων,
2380 5206 2587 5263 καὶτοῦ
2622 5205 2921 5277 μολυσμοῦ.
2941 5205 3035 5258 καλ⁸
3063 5206 3163 5276 τῆς
3191 5207 3396 5279 φθορᾶς
3416 5206 3518 5276 τῆς
3538 5206 3765 5275 πολλῆς.

2093 5292 2481 5366 λαμπροτέραν
2522 5290 2690 5360 αὐτὴν
2728 5289 3136 5359 ἀπειργάσατο,
3179 5288 3383 5342 ἀνωθεν
3423 5290 3554 5360 ἡμῖν
3589 5288 3766 5354 δείξας

2093 5376 2261 5444 αὐτῆς
2287 5372 2507 5445 φαιδρὸν
2550 5372 2613 5425 τὸ
2651 5371 2962 5443 πρόσωπον,
3013 5373 3106 5424 καὶ
3148 5372 3207 5424 ού
3240 5374 3609 5444 συγχωρήσας
3649 5371 3795 5449 οὐδὲξ

2096 5459 2238 5529 ίχνος
2278 5456 2378 5527 τῆς
2417 5456 2687 5528 προτέρας
2718 5455 2997 5525 ἀμορφίας
3031 5454 3473 5525 καταλειφθῆναι.
3509 5454 3764 5523 Ὑψώθη,
3794 5470 3795 5529 ξ

2093 5541 2277 5612 φησὶν,
2299 5539 2500 5594 ἐπάνω
2530 5537 2648 5593 τῶν
2676 5537 2861 5604 ὀρέων
2884 5537 3209 5591 δεκαπέντε
3238 5538 3451 5607 πήχεις
3488 5537 3554 5591 τὸ
3586 5536 3762 5602 ὕδωρ.

2093 5626 2203 5696 Οὐχ
2231 5623 2415 5689 ἁπλῶς
2440 5625 2572 5694 ήμῖν
2594 5622 2765 5676 ταῦτα
2796 5621 3062 5693 διηγεῖται
3094 5624 3125 5693 ή
3160 5622 3369 5694 Γραφῆ,
3393 5621 3507 5675 ἀλλ’
3539 5620 3634 5674 ἴνα
3663 5620 3762 5689 μά·

2094 5710 2297 5779 θωμεν,
2337 5710 2418 5762 ὃτι
2447 5710 2505 5761 ού
2553 5709 2713 5778 μόνον
2744 5706 3042 5777 ἄνθρωποι,
3072 5707 3168 5760 καὶ
3213 5707 3406 5777 κτήνη,
3436 5704 3531 5758 καὶ
3566 5702 3763 5772 τετρά-

2095 5792 2246 5858 ποδα,
2271 5792 2361 5845 καὶ
2405 5792 2608 5862 ἑρπετὰ
2635 5789 2941 5862 ὑποϐρύχια
2974 5790 3214 5858 γέγονεν,
3263 5788 3401 5844 ἀλλὰ
3443 5788 3537 5841 καὶ
3564 5787 3638 5840 τά
3682 5798 3767 5837 περ

2156 5936 2179 5967 ⁸
2205 5934 2306 5985 Alii
2344 5946 2457 5984 cum
2480 5934 2610 5985 Bibl.
2640 5936 2719 5985 καὶ
2754 5932 3045 5998 ἐπεκάλυψεν
3073 5934 3272 5984 ἅπαντα.
