3804 6240
148 238 257 294 125

150 356 357 425 (Hebr.
384 354 472 411 il.
505 353 537 407 7
562 352 603 423 ).
638 346 821 405 Vidisti
850 342 1117 418 quomodo
1144 341 1274 398 ﬁdes
1299 341 1353 396 in
1380 340 1544 395 Deum
1573 351 1724 408 quasi

151 463 339 506 secura
365 445 609 519 quaedam
636 440 886 506 anchora,
916 436 1058 501 fecit,
1090 442 1151 491 ut
1173 447 1349 488 arcam
1374 429 1605 487 construi
1632 442 1729 519 cuf

154 552 295 598 raret
317 581 334 607 ,
365 518 420 594 et
444 538 561 607 ejus
591 531 967 590 habitationem
995 526 1320 583 sustinuerat?
1344 522 1474 580 Nam
1508 521 1621 575 haec
1658 518 1731 574 illi

152 647 205 689 et
230 631 422 689 salutis
449 631 546 685 fuit
572 626 803 687 occasio,
835 624 939 679 Per
958 638 1111 692 quam
1129 661 1145 686 ,
1178 616 1366 687 inquit,
1389 611 1733 668 condemnavit

154 728 419 791 numdum,
445 734 493 778 et
510 723 622 794 ejus
646 734 757 790 qua’
775 714 1051 772 secundum
1071 711 1224 781 ﬁdem
1242 718 1315 764 est
1330 706 1544 778 justitice
1569 706 1733 775 [actus

153 828 223 874 est
261 819 405 871 heres
433 831 453 870 :
479 829 586 869 non
624 809 765 882 quod
790 808 904 879 ipse
943 804 1100 860 fuerit
1137 800 1296 872 judex
1322 841 1337 866 ,
1383 796 1478 853 sed
1503 795 1622 866 quia
1667 808 1735 848 ex

153 905 555 978 comparatione
614 897 1112 958 condemnationem
1174 891 1426 947 Dominus
1485 885 1730 942 inducit:

152 1018 274 1059 cum
316 1001 464 1058 enim
489 996 676 1054 eadem
718 992 999 1049 habuerint
1025 1001 1142 1059 qua
1182 984 1359 1056 justus
1383 1022 1397 1047 ,
1424 996 1529 1035 non
1557 988 1733 1033 tamen

155 1095 405 1151 eamdem
451 1090 663 1146 virtutis
710 1087 848 1141 viam
876 1081 1099 1153 ingressi
1129 1084 1253 1133 sunt
1282 1092 1298 1131 :
1330 1089 1424 1146 per
1452 1071 1607 1127 ﬁdem
1632 1083 1733 1140 qua

154 1188 409 1262 preditus
435 1183 552 1252 fuit,
576 1175 952 1237 condemnavit
981 1187 1076 1230 eos
1102 1169 1190 1242 qui
1212 1175 1371 1262 tantre
1407 1164 1620 1262 fuerunt
1652 1161 1734 1215 in-

147 1255 480 1335 credulitatis
496 1314 514 1341 ,
541 1280 601 1328 ut
626 1265 948 1341 prmdictioni
975 1278 1081 1319 non
1106 1260 1400 1317 crederent.
1423 1255 1536 1324 Ego
1560 1264 1734 1307 autem

148 1385 272 1425 cum
294 1367 419 1423 aliis
442 1363 689 1420 omnibus
714 1361 963 1416 virtutem
989 1354 1149 1410 etiam
1174 1349 1304 1422 justi
1329 1347 1565 1402 admiror
1584 1385 1599 1406 ,
1630 1343 1733 1397 Do-

149 1460 392 1529 minique
456 1455 745 1513 bonitatem
798 1459 853 1506 et
899 1444 1218 1504 ineffabilem
1278 1435 1734 1529 misericordiam,

148 1525 366 1623 quando
388 1545 672 1603 considam
697 1540 963 1614 quomodo
987 1533 1213 1608 potuerit
1254 1529 1455 1587 versari
1482 1528 1535 1583 in
1561 1525 1737 1581 medio

152 1641 447 1698 sestiarum
471 1678 488 1703 ,
532 1636 747 1692 leonum
792 1631 911 1687 dico
933 1671 949 1695 ,
983 1626 1268 1700 pardorum
1292 1662 1310 1691 ,
1350 1634 1593 1677 ursorum
1616 1657 1635 1686 ,
1683 1624 1737 1671 et

147 1733 377 1789 aliarum
400 1726 681 1785 immittam
708 1722 960 1779 ferarum.

218 1823 346 1879 Noe
383 1820 599 1877 restituit
645 1815 779 1888 quod
818 1813 985 1869 Adam
1024 1809 1314 1865 abstulerat.
1339 1834 1411 1847 ——
1434 1801 1735 1859 Recordare

149 1916 259 1981 dic,
288 1914 509 1978 dilecte,
540 1908 788 1969 obsecro,
813 1910 1027 1976 quantae
1050 1898 1321 1970 dignitatis
1350 1895 1507 1951 fuerit
1535 1893 1736 1964 primus

146 2010 317 2064 homo
361 2016 487 2061 ante
529 1998 942 2058 inobedientiam
969 2012 983 2050 :
1015 2002 1069 2049 et
1108 1992 1205 2047 Dei
1232 1989 1521 2046 bonitatem
1558 1983 1736 2038 animo

144 2104 405 2159 observa.
440 2098 790 2165 Posteaquam
834 2089 977 2147 enim
1025 2086 1165 2142 illius
1192 2078 1554 2153 pmvaricatio
1599 2075 1737 2130 hanc

148 2201 475 2267 potestatem
504 2187 658 2244 nobis
697 2184 876 2240 datam
920 2178 1287 2267 imminuerat,
1337 2170 1537 2228 invenit
1559 2175 1734 2267 autem

149 2260 331 2343 bonus
357 2283 613 2339 Dominus
636 2277 797 2332 alium
822 2273 1012 2333 virum.
1035 2268 1125 2341 qui
1147 2265 1312 2337 potuit
1330 2276 1581 2334 reparare
1609 2260 1739 2315 ima-

144 2380 336 2451 ginem
364 2372 661 2445 pristinam,
684 2374 739 2422 et
764 2378 979 2421 servare
1006 2357 1214 2451 virtutis
1238 2355 1595 2419 characteres,
1627 2365 1737 2451 ma-

146 2442 423 2541 gnamque
456 2465 508 2519 in
540 2459 804 2517 mandatis
831 2455 924 2511 Dei
953 2450 1307 2541 obedientiam
1346 2462 1459 2519 pra:
1494 2442 1736 2541 se-tulit;

147 2534 352 2614 iterum
374 2555 441 2611 ad
464 2555 690 2625 primum
713 2550 969 2604 honorem
984 2559 1104 2600 eum
1130 2538 1356 2606 reducit,
1375 2535 1524 2609 quasi
1539 2534 1740 2625 docens

153 2665 257 2706 nos
283 2623 555 2719 Operib—us,
582 2648 831 2712 quantam
859 2642 1171 2706 potestatem
1201 2630 1371 2685 Adam
1398 2623 1737 2719 anteinobe-

151 2717 412 2796 dientiam
443 2732 708 2789 habuerit.
734 2729 915 2783 Virtus
940 2724 1119 2795 itaque
1138 2721 1267 2791 justi
1296 2719 1473 2776 divina
1499 2717 1738 2774 clemen-

153 2835 231 2891 tia
277 2830 459 2901 adjuta
501 2825 728 2896 primum
773 2816 1036 2889 reparavit
1076 2812 1411 2875 dominium,
1455 2808 1742 2901 bestireque

157 2899 357 2983 iterum
382 2918 768 2990 subjectionem
808 2916 1156 2982 agnoverunt.
1185 2903 1315 2960 Cum
1349 2902 1490 2960 enim
1532 2901 1636 2956 illa:
1664 2899 1741 2954 vi-

154 3019 340 3074 derint
371 3014 570 3085 justum
596 3049 613 3073 ,
642 3003 1025 3061 obliviscuntur
1062 3007 1265 3054 natum
1294 3010 1405 3051 sua:
1434 3012 1447 3048 :
1478 2994 1587 3048 imo
1633 3007 1739 3046 non

156 3120 403 3175 naturae,
429 3104 524 3161 sed
545 3100 869 3163 ferociae;et
905 3103 1107 3149 natura:
1133 3091 1342 3146 insitam
1387 3086 1644 3143 feritatem
1690 3085 1740 3139 iu

156 3197 622 3259 mansuetudinem
671 3198 1005 3248 convertunt.
1052 3184 1119 3239 Et
1163 3181 1283 3237 vide
1330 3177 1595 3249 quomodo
1645 3176 1745 3230 hoc

158 3297 336 3366 ipsum
379 3286 583 3345 Danieli
608 3281 845 3340 evenerit
870 3277 1045 3353 (Dan.
1077 3275 1129 3332 6.
1261 3270 1426 3366 )allic
1451 3269 1593 3366 enim
1622 3282 1743 3323 cum

155 3361 196 3440 ἆ
222 3382 468 3440 leonibus
489 3373 929 3438 circumdaretur,
959 3366 1112 3440 quasi
1132 3365 1200 3421 ab
1222 3363 1409 3420 ovibus
1434 3361 1741 3430 stiparetur,

156 3477 239 3531 sic
269 3469 535 3541 intrepide
563 3465 754 3538 agebat
786 3480 799 3517 :
829 3456 1256 3533 quandoquidem
1293 3454 1419 3525 justi
1450 3452 1639 3508 ﬁducia
1668 3450 1747 3508 fe-

157 3580 344 3623 rarum
387 3571 629 3617 naturam
671 3555 950 3619 frenabat,
982 3565 1080 3606 nec
1103 3547 1311 3603 sinebat
1336 3554 1393 3601 ut
1420 3552 1641 3616 agerent
1681 3557 1744 3599 ea

154 3674 282 3730 quae
311 3656 436 3711 fern:
464 3652 655 3708 solent.
682 3647 851 3705 Simili
880 3643 1036 3701 modo
1059 3643 1218 3699 etiam
1244 3638 1489 3711 egregius
1514 3638 1602 3693 illc
1628 3650 1745 3691 ma-

154 3764 264 3823 gna
310 3746 559 3802 facilitate
596 3742 827 3798 ferarum
871 3735 1072 3793 ferebat
1112 3734 1411 3789 convictum
1434 3771 1451 3797 ,
1481 3739 1535 3787 et
1575 3742 1748 3823 neque

157 3820 261 3898 loci
289 3837 548 3909 angustia,
572 3846 747 3904 neque
768 3828 1021 3899 temporis
1036 3826 1395 3891 diuturnitate,
1413 3837 1585 3893 neque
1606 3820 1748 3893 quod

157 3936 243 3991 sic
272 3932 508 3988 inclusus
531 3934 676 3983 esset
710 3936 768 3979 ut
797 3936 976 3979 aerem
1007 3919 1271 3989 respirare
1310 3933 1413 3973 non
1442 3924 1620 3986 posset
1645 3952 1662 3981 ,
1693 3912 1747 3968 iu

156 4037 434 4096 torporem
462 4033 516 4077 et
536 4032 787 4075 nauseam
811 4016 926 4086 ipse
948 4012 1358 4083 conjiciehatur:
1380 4010 1473 4066 sed
1494 4008 1565 4065 ob
1590 4007 1748 4064 ﬁdem

156 4120 218 4174 in
248 4118 416 4172 Deum
442 4112 620 4168 omnia
645 4109 744 4181 ipsi
772 4106 949 4162 facilia
978 4104 1296 4160 videbantur
1316 4144 1331 4168 ,
1365 4110 1421 4157 et
1460 4100 1540 4157 sic
1562 4113 1746 4156 versa-

156 4211 320 4267 batur
341 4209 395 4263 in
424 4216 563 4261 tetro
593 4203 686 4258 illo
708 4215 944 4264 carcere,
967 4198 1104 4252 sicut
1126 4212 1223 4251 nos
1246 4200 1297 4250 in
1320 4195 1484 4266 pratis
1509 4204 1564 4250 et
1593 4193 1747 4250 lucis.

158 4305 497 4370 Pra-ceptum
534 4296 676 4353 enim
708 4292 915 4350 Domini
946 4288 1245 4356 efficiebat,
1286 4299 1343 4343 ut
1369 4286 1604 4343 difﬁcilia
1646 4282 1746 4357 ipsi

154 4394 337 4452 facilia
380 4391 705 4446 viderentur.
735 4386 879 4440 Talis
912 4384 1053 4440 enim
1082 4381 1344 4452 justorum
1390 4392 1505 4434 mos
1530 4386 1614 4433 est
1637 4417 1652 4443 ,
1692 4384 1753 4432 ut

155 4488 379 4563 quando
401 4482 599 4556 aliquid
623 4489 837 4553 propter
858 4478 1023 4534 Deum
1051 4478 1341 4548 patiuntur,
1370 4487 1475 4528 non
1498 4484 1584 4527 res
1609 4471 1749 4539 ipsas

152 4598 283 4655 quae
308 4580 440 4636 ﬁunt
464 4583 744 4649 spectent,
775 4572 869 4629 sed
895 4584 1109 4627 causam
1139 4582 1320 4625 secum
1346 4563 1710 4636 expendentes
1729 4603 1745 4630 ,

155 4675 319 4731 facile
344 4670 521 4727 omnia
551 4668 738 4723 ferant.
761 4660 1193 4733 Quandoquidem
1215 4667 1269 4714 et
1285 4657 1495 4723 Paulus,
1513 4655 1748 4727 gentium

160 4765 373 4826 doctor,
392 4759 623 4825 vincula,
645 4756 711 4813 ad
731 4754 1013 4811 tribunalia
1041 4750 1409 4812 abductiones,
1439 4745 1748 4818 quotidiana

156 4852 400 4926 pericula
426 4892 442 4917 ,
489 4850 684 4905 multas
726 4847 845 4903 illas
883 4852 940 4901 et
983 4841 1349 4899 intolerabiles
1394 4839 1746 4902 afflictiones,

154 4949 309 5005 leves
332 4943 557 5000 vocabat
582 4958 599 5008 ;
625 4956 729 4997 non
750 4939 889 5011 quod
920 4947 1105 4993 natura
1134 4936 1266 4991 tales
1286 4944 1485 5001 essent,
1507 4933 1600 4990 sed
1625 4931 1750 5003 quia

154 5055 343 5103 causa,
373 5045 590 5107 propter
613 5048 769 5106 quam
801 5030 1148 5092 accidebant,
1178 5029 1332 5084 talem
1359 5027 1405 5082 ei
1432 5026 1747 5082 sententiam

155 5130 508 5202 ingenerabat
526 5168 542 5192 ,
574 5138 631 5182 ut
657 5139 830 5194 neque
855 5123 1191 5189 adverteret,
1222 5122 1263 5176 si
1291 5136 1394 5191 qua
1415 5121 1593 5191 gravia
1627 5121 1748 5175 talia

156 5221 498 5275 obveuirent.
529 5216 664 5271 Audi
692 5216 834 5269 enim
865 5213 1009 5268 illum
1031 5212 1295 5267 dicentem
1320 5228 1335 5266 :
1360 5210 1498 5264 Nam
1522 5226 1746 5264 momen-

157 5322 311 5366 tanea
326 5310 499 5364 levitas
519 5305 799 5377 afﬂictionis
832 5314 1036 5368 nostra,
1059 5304 1183 5356 mire
1201 5319 1358 5371 supra
1375 5300 1579 5356 modum
1600 5309 1749 5355 teter-

157 5421 286 5459 num
310 5402 511 5475 pondus
537 5400 716 5473 gloria
748 5407 983 5469 operatur
1014 5397 1066 5451 in
1094 5397 1233 5451 nobis
1266 5395 1359 5466 (2.
1387 5395 1504 5451 Cor.
1533 5396 1587 5449 4.
1619 5394 1682 5449 l7
1705 5392 1746 5466 ).

153 5494 527 5567 Exspectatio,
557 5491 742 5562 inquit,
774 5490 955 5562 gloriae
977 5504 1133 5559 quam
1156 5502 1519 5557 assequemur,
1549 5493 1605 5540 et
1628 5500 1751 5556 per-

158 5599 337 5660 petua:
366 5585 508 5640 illius
525 5583 791 5639 felicitatis
817 5581 870 5636 id
896 5581 1005 5649 agit
1030 5588 1086 5634 ut
1110 5578 1294 5635 leviter
1319 5582 1549 5633 feramus
1577 5577 1751 5632 conti-

159 5693 301 5737 uuas
321 5677 439 5735 illas
463 5674 799 5746 afllictiones,
822 5672 1071 5744 levesque
1090 5671 1207 5728 illas
1226 5670 1536 5729 habeamus.
1561 5668 1751 5726 Vidisti

1307 225 1461 281 CAP.
1504 222 1617 279 VII.
1657 221 1900 281 GENES.
1941 221 2172 279 HOMIL.
2214 222 2385 278 XXV.

3310 222 3413 279 926

1818 335 2102 405 quomodo
2138 352 2287 392 amor
2318 336 2369 390 in
2400 336 2563 391 Deum
2586 342 2897 407 gravitatem
2926 335 3288 393 molestiarum
3313 336 3413 392 im-

1836 428 2052 494 minuit,
2083 443 2254 498 neque
2292 429 2418 483 sinit
2449 438 2506 482 ut
2530 428 2639 483 ullo
2666 443 2851 483 earum
2889 442 3048 483 sensu
3077 427 3417 484 afficiantur?

1846 519 1988 574 Sane
2017 520 2087 575 ob
2116 521 2219 576 hoc
2258 531 2310 576 et
2347 522 2531 576 beatus
2575 521 2663 577 ille
2700 522 2877 577 omnia
2918 522 3151 577 suaviter
3180 520 3417 586 ferebat,

1838 619 2020 680 utpote
2047 611 2134 681 qui
2160 611 2262 667 ﬁde
2283 620 2338 667 et
2357 628 2451 682 spe
2477 613 2529 667 iu
2560 612 2725 667 Deum
2759 613 3092 682 pascebatur.
3125 611 3193 666 Et
3216 613 3420 679 clausit,

1837 702 2025 775 inquit,
2050 703 2295 757 Dominus
2311 702 2450 758 Deus
2465 703 2654 773 deforis
2675 704 2809 758 illius
2830 705 3020 757 arcani.
3043 704 3125 758 l7.
3145 701 3212 756 Et
3233 706 3423 775 factum

1838 805 1911 848 est
1936 794 2184 849 diluvium
2207 796 2544 867 quadraginta
2569 796 2739 850 diebus
2760 806 2805 850 et
2826 796 3162 867 quadraginta
3190 796 3417 849 noctibus

1836 899 1989 955 super
2026 894 2215 938 terram
2239 900 2256 937 :
2282 894 2328 939 et
2352 886 2759 955 superferebatur
2786 902 2926 939 arca.
2960 885 3189 941 Attende
3234 886 3423 940 iterum

1838 977 2105 1045 quomodo
2134 980 2436 1031 narratione
2484 985 2674 1048 augeat
2721 988 2979 1032 terrorem
3004 1017 3021 1043 ,
3070 985 3126 1032 et
3167 987 3418 1047 aggravet

1840 1064 2056 1120 factum.
2085 1065 2299 1121 Factum
2319 1076 2391 1122 est
2410 1067 2573 1132 enim,
2607 1068 2795 1137 inquit,
2820 1067 3062 1121 diluvium
3090 1068 3426 1137 quadraginta

1838 1156 2014 1211 diebus
2038 1168 2087 1211 et
2116 1157 2454 1228 quadraginta
2479 1157 2703 1212 noctibus
2722 1199 2738 1226 ,
2761 1158 3076 1227 muliplicata
3104 1168 3176 1212 est
3200 1175 3350 1228 aqua,
3377 1168 3421 1211 et

1840 1246 2043 1300 elevavit
2080 1262 2284 1311 arcam,
2311 1256 2357 1301 et
2385 1249 2606 1302 exaltuta
2638 1257 2712 1302 est
2744 1265 2777 1302 a
2804 1257 2957 1303 terra.
3002 1248 3088 1304 18.
3120 1247 3185 1300 Ει
3213 1250 3423 1303 invaluit

1839 1352 1988 1406 aqua,
2020 1348 2066 1390 et
2092 1338 2428 1410 multiplicata
2455 1348 2526 1394 est
2546 1339 2691 1393 valde
2711 1355 2862 1409 super
2894 1350 3100 1405 terram,
3131 1349 3175 1394 et
3202 1341 3419 1411 superfe-

1839 1428 2040 1481 rebatur
2066 1444 2187 1481 arca
2210 1446 2362 1498 super
2385 1445 2594 1499 aquam;
2638 1430 2725 1485 l9.
2750 1447 2883 1501 aqua
2908 1443 3077 1485 autem
3096 1429 3425 1487 iuvalcsccbat

1838 1516 1986 1572 valde
2024 1518 2335 1572 vehementer
2358 1535 2510 1589 super
2535 1530 2741 1574 terram.

1919 1610 1972 1664 6.
2015 1610 2149 1666 Vide
2176 1610 2446 1681 quomodo
2465 1611 2748 1682 diligenter
2776 1619 2957 1667 narrat
2984 1625 3227 1683 magnam
3257 1628 3397 1684 aqua

1841 1715 1959 1755 rum
1985 1702 2114 1768 vim,
2140 1711 2195 1756 et
2219 1702 2582 1771 quotidianum
2609 1702 2993 1757 exundantium
3022 1703 3229 1757 illarum
3255 1702 3432 1759 incre-

1840 1782 2100 1847 mentum.
2129 1786 2472 1847 lnvalescebat
2498 1794 2640 1848 enim
2682 1811 2814 1864 aqua
2838 1837 2852 1861 ,
2878 1795 3077 1865 inquit,
3110 1795 3255 1850 valde
3288 1796 3433 1851 velte-

1840 1894 2030 1938 menter
2057 1900 2075 1938 .'
2103 1894 2148 1938 et
2174 1886 2435 1955 occupavit
2460 1902 2631 1939 omnes
2656 1896 2845 1940 montes
2875 1888 3131 1956 excelsos,
3177 1889 3265 1959 qui
3289 1896 3433 1942 erant

1844 1973 1934 2029 sub
1960 1976 2107 2031 caelo.
2141 1976 2231 2032 20.
2260 1976 2556 2043 Quindecim
2582 1976 2760 2031 cubitis
2788 1977 2838 2031 in
2864 1977 3078 2032 sublime
3103 1982 3327 2033 excitata
3356 1989 3433 2035 est

1840 2084 1989 2137 aqua,
2020 2078 2068 2123 et
2104 2069 2300 2138 aperuit
2331 2085 2504 2123 omnes
2531 2080 2742 2123 montes.
2772 2069 2960 2124 Merito
2990 2070 3256 2125 ordinavit
3282 2071 3431 2126 beni-

1839 2174 1977 2230 gnus
2001 2160 2256 2215 Dominus
2276 2160 2449 2216 claudi
2482 2176 2680 2227 arcam,
2711 2171 2765 2215 ut
2790 2176 2859 2217 ne
2888 2159 3089 2217 videret
3110 2163 3285 2232 justus
3313 2178 3434 2235 qua:

1841 2250 2059 2306 ﬁebant.
2104 2250 2237 2307 Nam
2280 2253 2324 2308 si
2354 2268 2454 2308 nos
2481 2261 2601 2324 post
2634 2262 2710 2308 tot
2734 2268 2995 2309 annorum
3024 2270 3302 2310 numerum
3326 2296 3340 2319 ,
3383 2266 3437 2311 ct

1848 2353 1969 2413 post
1995 2352 2072 2398 tot
2096 2343 2293 2399 saecula
2324 2343 2610 2400 audientes
2636 2344 2914 2400 dumtaxat
2939 2343 3227 2414 Scriptura:
3255 2360 3437 2400 narra-

1843 2434 2043 2489 tionem
2076 2445 2221 2491 metu
2260 2444 2313 2490 et
2339 2443 2558 2504 stupore
2599 2435 2923 2506 corripimur
2954 2453 2968 2491 :
2998 2436 3123 2506 quid
3152 2437 3438 2493 verisimile

1843 2536 1925 2582 est
1945 2526 2147 2597 justum
2188 2522 2351 2581 illum
2379 2527 2548 2582 fuisse
2584 2542 2863 2598 passurum
2892 2567 2907 2595 ,
2934 2527 2980 2582 si
3024 2526 3238 2599 quidem
3269 2526 3437 2583 oculis

1843 2619 2063 2675 vidisset
2086 2619 2476 2675 intolerabilem
2505 2620 2646 2674 illaut
2670 2620 2965 2691 abyssum?
2989 2620 3270 2688 Quomodo
3294 2622 3437 2675 enim

1845 2710 2103 2782 potuisset
2128 2711 2213 2765 vel
2235 2710 2304 2766 ad
2324 2710 2488 2766 breve
2515 2719 2721 2780 tempus
2741 2711 3030 2766 resistere?
3056 2726 3232 2765 annon
3260 2714 3437 2766 statim

1845 2805 2019 2874 primo
2057 2814 2275 2874 aspectu
2315 2803 2598 2859 defecisset
2643 2802 2818 2857 anima
2871 2803 3010 2859 illius
3056 2811 3161 2858 tota
3188 2843 3205 2871 ,
3250 2812 3305 2858 et
3332 2813 3438 2858 tam

1844 2909 2008 2966 grave
2051 2910 2114 2949 ac
2155 2896 2437 2950 molestum
2483 2894 2845 2963 spectaculum
2874 2893 3013 2949 ferre
3043 2894 3176 2949 ultra
3203 2908 3309 2948 non
3347 2908 3450 2964 pos

1848 2987 2073 3042 luisset?
2093 2985 2279 3056 Cogita
2310 3001 2539 3055 namque
2565 2985 2651 3040 hic
2671 3026 2686 3053 ,
2731 2984 2923 3041 dilecte
2946 3026 2963 3052 ,
3010 2984 3277 3055 quomodo
3300 2998 3442 3041 nunc

1846 3093 1967 3135 cum
1997 3094 2190 3147 parvus
2237 3077 2408 3133 imber
2438 3078 2671 3147 ingruit,
2702 3076 2754 3131 in
2783 3091 2983 3147 angore
3012 3092 3195 3132 sumus
3224 3119 3240 3146 ,
3271 3089 3321 3133 et
3366 3076 3435 3134 dc

1850 3171 2134 3237 miiverso,
2164 3169 2335 3241 deque
2362 3169 2474 3240 ipsa
2513 3169 2906 3241 quodammodo
2928 3170 3032 3226 vita
3066 3168 3441 3240 desperamus.

1848 3261 1986 3331 Quid
2024 3263 2182 3335 igitur
2207 3264 2497 3319 verisimile
2535 3272 2653 3318 erat
2686 3262 2890 3333 justum
2920 3263 3067 3319 illum
3109 3272 3234 3319 tunc
3279 3264 3443 3320 fuisse

1849 3369 2149 3425 passurum,
2174 3355 2218 3409 si
2240 3354 2306 3410 ad
2328 3363 2526 3409 tantam
2545 3354 2926 3411 sublimitatem
2949 3354 3169 3411 vidisset
3187 3355 3444 3412 exaltatas

1851 3458 2017 3516 aquas
2042 3445 2065 3498 ‘l
2087 3443 2259 3514 Super
2284 3454 2476 3499 montes
2502 3446 2644 3500 enim
2664 3485 2679 3513 ,
2712 3445 2913 3516 inquit,
2940 3445 3227 3516 quindecim
3263 3446 3442 3501 cubitis

1850 3536 2071 3591 exaltata
2095 3545 2167 3590 est
2191 3551 2342 3606 aqua.
2374 3535 2675 3591 Recordare
2698 3536 2856 3607 igitur
2880 3536 2971 3592 hic
2993 3578 3008 3603 ,
3037 3536 3233 3593 dilecte
3255 3578 3271 3603 ,
3318 3553 3438 3593 ver-

1851 3627 2037 3683 borum
2067 3627 2296 3694 Domini,
2325 3627 2537 3698 quando
2564 3626 2812 3682 dicebat:
2845 3626 2966 3683 Non
2986 3629 3293 3698 permanebit
3317 3627 3443 3699 Spi—

1850 3720 1977 3776 ritus
1999 3738 2139 3775 meus
2166 3721 2218 3774 in
2245 3719 2527 3774 hominibus
2556 3720 2664 3774 istis
2683 3761 2698 3786 ,
2729 3736 2787 3774 eo
2826 3720 2960 3790 quod
2992 3722 3091 3791 ipsi
3113 3730 3229 3775 sunt
3266 3737 3442 3776 carnes

1856 3816 1877 3888 (
1899 3814 2026 3870 Gen.
2060 3815 2110 3869 6.
2136 3815 2169 3868 '5
2193 3813 2212 3883 )
2238 3830 2253 3879 ;
2276 3822 2329 3866 ct
2355 3814 2547 3868 iterum
2572 3832 2587 3866 :
2616 3812 2866 3883 Corrupto
2896 3824 2967 3867 est
2989 3823 3143 3879 terra,
3164 3823 3210 3869 et
3237 3814 3444 3883 impleta

1852 3917 1924 3962 est
1971 3919 2104 3961 terra
2140 3906 2388 3977 injustitia
2420 3906 2438 3978 (
2460 3903 2597 3960 Ibid.
2642 3920 2689 3960 υ.
2729 3906 2852 3978 11);
2882 3915 2974 3974 et,
3013 3905 3149 3962 Vidit
3192 3906 3440 3963 Dominus

1853 4010 2074 4067 terram,
2101 4010 2148 4054 et
2172 4010 2282 4054 erat
2321 4007 2561 4071 corrupta
2594 4014 2614 4053 :
2650 3999 2770 4069 quia
2797 4008 3091 4070 corruperat
3118 4001 3282 4057 omnis
3323 4017 3442 4056 caro

1853 4095 1984 4149 viam
2014 4110 2159 4149 suout
2196 4094 2214 4167 (
2244 4091 2383 4147 Ibid.
2426 4109 2476 4147 υ.
2521 4090 2662 4163 12).
2712 4092 2896 4163 Itaque
2930 4095 3050 4164 quia
3081 4094 3346 4150 communi
3388 4103 3445 4151 et

1857 4186 2057 4256 integra
2084 4184 2451 4255 puriﬁcatione
2477 4184 2623 4241 orbis
2652 4182 2951 4255 indigebat,
2983 4192 3037 4239 et
3064 4198 3198 4255 opus
3221 4194 3336 4241 erat
3374 4186 3444 4241 ab

1852 4295 1919 4337 eo
1937 4295 2149 4336 omnem
2171 4278 2433 4334 maculam
2457 4277 2622 4346 ablui,
2647 4286 2700 4335 et
2720 4292 2880 4332 omne
2905 4277 3219 4333 fermentum
3250 4278 3443 4349 prioris

1854 4374 2069 4430 malitiae
2097 4372 2326 4436 sustolli,
2354 4380 2409 4428 et
2446 4385 2619 4442 neque
2643 4370 2919 4441 vestigium
2950 4370 3163 4425 malitia:
3187 4370 3440 4442 relinqui,

1854 4466 1948 4521 sed
1975 4466 2125 4536 quam
2151 4465 2536 4521 elementorum
2568 4463 2962 4518 renovationem
2982 4462 3264 4534 quamdam
3284 4462 3399 4518 ﬁcri
3422 4481 3436 4517 :

1853 4559 1991 4613 sicut
2015 4557 2186 4612 bonus
2209 4555 2419 4622 artifex,
2451 4556 2495 4611 si
2525 4554 2737 4624 quando
2760 4554 2903 4609 videt
2933 4569 3026 4609 vas
3054 4554 3265 4625 aliquod
3294 4559 3444 4611 inve.

1854 4657 2085 4706 teratum
2104 4662 2136 4703 a
2152 4646 2392 4718 rubigine
2412 4645 2562 4717 quasi
2582 4645 2843 4712 consumi,
2868 4645 3063 4715 injecto
3084 4660 3148 4700 eo
3170 4645 3222 4700 in
3241 4647 3437 4717 ignem,

1855 4742 1907 4799 id
1930 4752 2073 4798 curat
2098 4751 2155 4797 ut
2170 4740 2424 4812 quidquid
2451 4739 2612 4797 habet
2639 4738 2896 4809 rubiginis
2918 4738 3168 4809 deponat,
3188 4748 3244 4795 et
3266 4749 3436 4797 trans-

1854 4835 2140 4891 formatum
2169 4835 2221 4890 in
2254 4834 2531 4905 pristinum
2560 4832 2806 4889 decorem
2838 4831 3058 4888 reducat
3097 4850 3110 4886 :
3151 4831 3224 4889 ita
3250 4840 3307 4888 et
3338 4832 3437 4888 Do-

1854 4928 2030 4983 minus
2054 4935 2239 4982 noster
2263 4935 2432 4981 totum
2457 4926 2640 4980 orbem
2664 4924 2767 4980 hoc
2790 4924 2991 4979 diluvio
3018 4924 3257 4993 purgavit
3273 4933 3435 4990 ,,et-a

1854 5020 2050 5076 malitia
2074 5018 2370 5082 hominum,
2402 5026 2459 5071 ut
2485 5017 2556 5071 ita
2583 5016 2776 5077 dicam,
2804 5024 2859 5070 et
2887 5030 2915 5069 a
2937 5014 3441 5084 coinquinatioueet

1851 5112 2193 5181 corruptione
2215 5108 2374 5163 multa
2396 5106 2661 5173 liberavit,
2684 5116 2740 5161 et
2757 5105 2933 5161 denuo
2952 5105 3066 5176 ejus
3090 5105 3332 5163 restituta
3363 5106 3438 5162 fa-

1851 5204 1955 5271 cie,
1976 5200 2331 5274 pulchriorem
2362 5198 2503 5263 fecit,
2529 5198 2598 5251 ita
2626 5205 2683 5250 ut
2711 5210 2815 5251 non
2840 5196 3138 5266 permiserit
3159 5196 3245 5251 vel
3274 5196 3439 5253 vesti-

1850 5297 1993 5367 giuin
2026 5293 2215 5364 prioris
2234 5290 2582 5346 deformitatis
2600 5288 2846 5358 relinqui.
2871 5287 3111 5345 Exaltata
3132 5299 3218 5356 est,
3252 5290 3440 5360 inquit,

1850 5404 2002 5458 super
2023 5394 2212 5440 montes
2230 5382 2512 5455 quindecim
2538 5380 2716 5437 cubitis
2744 5397 2894 5451 aqua.
2918 5379 3033 5438 Non
3059 5381 3234 5439 absxe
3264 5392 3444 5439 narrat

1855 5481 1970 5535 haec
1998 5478 2268 5547 Scriptura
2290 5518 2306 5544 ,
2334 5474 2429 5531 sed
2457 5483 2511 5530 ut
2534 5473 2798 5531 discamus
2832 5489 2938 5533 non
2977 5475 3148 5531 solum
3176 5475 3441 5541 homines,

1850 5575 2087 5643 jumenta
2104 5610 2119 5635 ,
2146 5567 2543 5641 quadrupedes,
2570 5567 2779 5637 reptilia
2806 5569 3080 5623 submersa
3110 5567 3273 5623 fuisse
3296 5609 3312 5631 ,
3344 5569 3440 5623 sed

1856 5677 1909 5724 et
1929 5667 2171 5724 volucres
2187 5664 2328 5733 caeli,
2352 5672 2406 5721 et
2424 5675 2772 5734 quaecumque
2792 5662 2844 5716 in
2872 5660 3140 5717 montibus
3153 5656 3444 5727 degebant,
