3804 6246
401 242 501 299 217

398 356 702 421 ferasrdico,
733 366 787 411 et
806 356 907 411 alia
928 356 1077 410 bruta
1104 357 1369 410 animalia.
1394 355 1594 410 ldcirco
1623 354 1749 410 dicit
1776 370 1789 411 :
1814 351 1976 407 Exol-

401 460 506 502 tnta
530 458 604 502 est
626 460 776 517 super
796 458 985 500 montes
1008 448 1287 516 quindecim
1314 449 1490 500 subitis
1516 458 1646 516 aqua
1674 462 1692 499 :
1721 455 1778 501 ut
1800 445 1978 500 discas

395 541 715 595 sententiam
752 539 959 592 Domini
998 552 1163 608 opere
1198 539 1505 609 impletam;
1546 540 1753 593 dixerat
1791 539 1973 593 enim:

396 632 573 685 Adhuc
600 640 785 699 septem
810 629 915 701 dies
938 674 954 697 ,
986 640 1033 684 et
1057 632 1291 685 inducam
1312 629 1555 684 diluvium
1580 644 1728 699 super
1756 639 1939 682 terram
1958 668 1974 691 ,

395 741 441 782 et
472 730 645 783 delebo
666 740 860 782 comem
889 723 1236 788 substantiam,
1267 736 1415 791 quam
1443 722 1567 791 feci,
1596 738 1627 773 α
1650 721 1777 784 facie
1798 729 1974 783 terra,

324 832 327 833 '
394 820 456 874 ub
481 820 681 873 nomine
704 834 860 889 usque
885 818 954 870 ad
977 828 1145 887 pecus,
1171 824 1216 867 el
1242 830 1275 866 a
1294 811 1553 882 reptilibus
1573 826 1727 881 usque
1746 811 1812 863 ad
1834 812 1976 864 vola-

394 914 503 967 tilia
523 911 671 984 εωιί(
698 910 825 967 Gen.
857 913 909 968 7.
939 912 972 965 Δ
993 910 1035 980 ).
1068 908 1193 963 ilice
1224 908 1375 962 nobis
1400 922 1427 958 a
1454 904 1725 974 Scriptura
1756 914 1975 957 narran-

394 1012 478 1058 tur
501 1045 516 1067 ,
548 1012 654 1059 non
684 1008 887 1057 tantum
917 1009 975 1056 ut
1013 1002 1242 1055 sciamus
1272 999 1327 1053 in
1354 1009 1601 1067 quantam
1646 997 1977 1051 altitudinem

390 1102 544 1167 aquae
570 1091 905 1166 pervenerim
930 1113 943 1148 :
970 1094 1061 1149 sed
1086 1103 1141 1146 ut
1167 1092 1322 1145 simul
1347 1091 1615 1144 videamus
1638 1090 1834 1142 nullum
1859 1102 1977 1141 om-

395 1190 522 1243 nino
548 1186 765 1254 animai,
803 1186 881 1241 vel
911 1187 1095 1248 feram,
1121 1184 1202 1238 vel
1232 1183 1529 1251 iumentum
1558 1181 1797 1234 relictum
1821 1192 1939 1234 esse
1958 1221 1972 1245 ,

392 1280 483 1334 sed
512 1280 686 1334 omnia
713 1292 833 1333 cum
857 1275 1091 1332 humano
1120 1290 1315 1344 genere
1341 1272 1534 1327 deleta.
1566 1273 1822 1339 Quoniam
1851 1288 1978 1342 pro-

393 1384 510 1442 pter
530 1372 701 1442 ipsum
722 1373 900 1426 omnia
928 1368 1177 1441 producta
1211 1378 1380 1432 erant,
1405 1368 1525 1421 inde
1545 1365 1806 1420 abolendo
1830 1379 1972 1433 cum,

398 1465 587 1520 merito
614 1475 664 1519 et
700 1464 815 1519 lucc
845 1461 1105 1518 abolenda
1137 1470 1306 1515 erant.
1337 1458 1523 1512 Postea
1558 1457 1641 1511 ubi
1674 1456 1851 1511 docuit
1879 1472 1976 1513 nos

394 1558 448 1610 in
476 1567 727 1626 quantam
772 1554 1102 1609 altitudinem
1133 1551 1428 1605 accrererit
1461 1562 1716 1617 aquarum
1756 1558 1972 1616 natura,

395 1660 582 1715 nempe
606 1646 743 1716 quod
767 1645 866 1699 alta
892 1642 1149 1697 montiunt
1172 1640 1444 1696 cacumina
1468 1639 1765 1708 quindecim
1789 1640 1977 1694 cubitis

396 1730 1545 1803 transcenderit,solitamsuamdiligeutiam
1571 1744 1785 1783 servans
1810 1730 1935 1785 dicit
1960 1748 1973 1782 :

391 1826 480 1883 2|.
527 1823 593 1881 Et
630 1836 826 1881 mortua
864 1836 937 1880 est
960 1825 1119 1879 omnis
1158 1840 1276 1876 cura
1301 1865 1314 1888 ,
1341 1838 1450 1888 quw
1497 1822 1785 1873 movebatur
1830 1834 1978 1890 super

392 1929 600 1987 terram,
631 1908 947 1983 volatilium',
970 1924 1016 1970 et
1034 1917 1402 1985 juntentornm,
1431 1922 1479 1965 et
1520 1915 1739 1983 ferorum
1768 1921 1812 1963 et
1833 1920 1979 1964 omne

391 2015 569 2083 reptile
604 2010 740 2083 quod
776 2008 1061 2064 movebatur
1087 2021 1237 2075 super
1258 2016 1441 2058 ternuit
1466 2046 1478 2065 ,
1512 2014 1557 2055 et
1584 2003 1745 2055 omnis
1788 2002 1935 2054 homo
1958 2043 1974 2068 ,

389 2104 478 2159 22.
502 2114 547 2159 et
567 2104 735 2158 omnia
755 2117 868 2171 quae
886 2100 1066 2153 habmt
1086 2098 1318 2167 spiritum
1342 2097 1471 2158 vitm,
1492 2105 1535 2147 et
1560 2096 1855 2164 quicumque
1874 2102 1978 2146 erat

397 2212 551 2266 super
585 2196 818 2258 aridam,
861 2201 1085 2245 mortuus
1115 2198 1205 2241 est.
1242 2186 1421 2256 Neque
1450 2186 1548 2239 hoc
1577 2184 1889 2254 simpliciter
1927 2192 1980 2238 et

390 2290 590 2358 absque
615 2300 771 2342 causa
803 2283 935 2337 dixit
964 2300 978 2337 :
1010 2278 1078 2335 Et
1108 2280 1269 2333 omnis
1298 2281 1381 2347 qui
1423 2288 1526 2330 erat
1557 2292 1707 2345 super
1736 2275 1933 2328 aridam
1960 2291 1979 2328 :

391 2378 485 2435 sed
512 2390 569 2434 ut
595 2387 645 2434 te
670 2375 859 2432 doceat
879 2388 1062 2428 omnes
1083 2371 1294 2443 quidem
1318 2371 1557 2439 periisse,
1575 2368 1773 2438 justum
1804 2378 1980 2423 autem

391 2473 562 2527 solum
601 2486 722 2525 cum
760 2468 1007 2525 omnibus
1049 2468 1113 2521 iis
1142 2469 1231 2536 qui
1274 2466 1325 2518 in
1355 2479 1473 2518 arca
1519 2470 1670 2518 erant
1714 2475 1979 2517 servatum

397 2577 537 2619 csse.
582 2561 714 2618 Nam
744 2560 830 2616 iSti
860 2557 1149 2616 secundum
1190 2556 1494 2610 mandatum
1530 2554 1733 2607 Domini
1754 2596 1767 2618 ,
1799 2553 1983 2607 relicta

392 2659 562 2724 arida,
593 2670 772 2711 arcam
800 2650 1244 2709 conscenderant.
1266 2649 1355 2702 25.
1392 2647 1458 2701 Et
1494 2648 1667 2700 delevit
1698 2663 1843 2699 omne
1867 2660 1981 2698 sur-

391 2762 513 2823 gens
550 2746 683 2821 quod
706 2756 814 2801 erat
852 2758 1003 2815 super
1026 2742 1208 2814 faciem
1258 2739 1417 2794 omnis
1461 2748 1606 2791 terra:
1628 2779 1643 2802 ,
1688 2736 1748 2789 ab
1785 2736 1985 2789 homine

392 2854 544 2911 usque
562 2840 629 2892 ad
650 2852 819 2909 pecus,
842 2846 886 2889 et
909 2835 1128 2905 reptilia,
1148 2842 1193 2886 et
1215 2830 1439 2885 volatilia
1460 2827 1592 2893 culi,
1615 2835 1662 2881 et
1684 2827 1845 2881 deleta
1865 2835 1982 2882 sunt

397 2932 461 2991 de
487 2944 643 2989 terra.
672 2931 805 2986 Vide
833 2927 1099 3001 quomodo
1122 2936 1171 2980 et
1199 2924 1361 2978 semel
1392 2931 1446 2981 et
1476 2922 1667 2975 lterum
1695 2929 1854 2988 atque
1874 2934 1977 2972 sae...

395 3027 511 3098 plus
552 3035 890 3080 communent
935 3019 1168 3073 omnium
1213 3016 1484 3071 interitum
1527 3012 1715 3067 doceat
1756 3011 1983 3073 factum,

395 3128 449 3171 et
475 3114 614 3187 quod
647 3113 775 3177 uibil
803 3109 1091 3168 viventium
1118 3104 1396 3175 effugerit,
1428 3102 1519 3158 sed
1552 3102 1650 3156 sub
1678 3102 1833 3170 aquis
1877 3099 1985 3153 suf-

398 3211 624 3267 iocatnm
642 3208 708 3258 sit
724 3216 880 3257 omne
901 3212 1006 3256 tam
1025 3199 1318 3259 hominum,
1334 3210 1490 3266 quam
1510 3194 1781 3247 brutorum
1799 3206 1982 3263 genus.

402 3300 465 3363 Et
485 3300 686 3356 relictus
705 3306 796 3362 est,
822 3295 1011 3365 inquit,
1038 3292 1173 3345 solus
1201 3287 1335 3354 Noe,
1361 3296 1407 3340 et
1430 3287 1514 3355 qui
1535 3301 1646 3339 cum
1667 3285 1756 3338 illo
1773 3285 1824 3337 in
1845 3298 1983 3336 arca.

398 3394 488 3455 ‘24.
523 3393 585 3447 lit
617 3390 838 3447 exaltata
871 3398 943 3442 est
973 3401 1104 3455 aqua
1130 3398 1282 3451 super
1304 3390 1489 3434 terram
1514 3385 1710 3431 centum
1739 3377 1989 3444 quinqua-

399 3488 540 3559 ginta
567 3481 761 3536 diebus.
787 3476 890 3534 Tot
916 3476 1107 3531 diebus
1129 3512 1144 3538 ,
1173 3472 1376 3541 inquit,
1405 3468 1611 3522 mansit
1639 3466 1878 3559 sublimis
1904 3466 1989 3520 illa

399 3556 655 3649 aquarum
683 3570 925 3626 altitudo.
959 3567 1152 3622 ltermn
1203 3562 1359 3619 etiam
1394 3561 1479 3615 hic
1517 3562 1685 3629 cogita
1708 3556 1835 3628 justi
1873 3568 1990 3610 ma-

401 3668 807 3744 gnanimitatem
839 3670 892 3719 et
925 3659 1275 3719 excellentem
1307 3653 1690 3712 fortitudinem.
1718 3649 1853 3716 Quid
1885 3664 1991 3704 non

404 3774 594 3836 passus
621 3768 703 3816 est
728 3756 905 3813 animo
930 3753 1272 3822 ceneipieus,
1307 3762 1367 3802 ac
1396 3744 1780 3816 propemodum
1814 3750 1990 3836 mente

400 3835 586 3911 videns
610 3862 837 3921 corpora
868 3846 1140 3901 hominum
1170 3852 1223 3897 et
1243 3841 1631 3910 iumentorum,
1669 3835 1989 3890 mundorum

402 3958 456 4003 et
483 3943 877 4001 itnmundorum
898 3982 912 4007 ,
935 3948 1269 3993 communem
1296 3941 1523 3986 mortem
1551 3928 1863 3984 sustinentia
1886 3969 1899 3993 ,
1930 3936 1986 3982 et

406 4035 565 4092 ‘simul
591 4034 877 4091 commixta
902 4071 917 4096 ,
952 4027 1262 4094 nullumque
1308 4024 1359 4076 in
1388 4021 1635 4075 omnibus
1662 4019 1993 4072 discrimen?

409 4132 695 4193 Praeterea,
719 4122 845 4197 quid
869 4135 1056 4192 passus
1077 4128 1177 4181 est,
1202 4114 1413 4185 quando
1437 4112 1575 4182 apud
1597 4126 1654 4166 se
1675 4109 1994 4178 recogitabat

408 4218 769 4280 solitudinem,
791 4214 1111 4275 vastitatem,
1125 4209 1287 4261 vitam
1305 4206 1449 4259 illam
1470 4200 1741 4255 doloribus
1762 4200 1991 4269 plenam,

408 4313 553 4367 omni
567 4304 994 4374 solatioundique
1006 4301 1328 4360 deStitutam,
1345 4310 1515 4366 neque
1527 4292 1812 4362 colloquio,
1825 4307 1997 4363 neque

410 4413 626 4475 aspectu
649 4396 935 4471 jucundam
961 4408 1112 4450 :cum
1143 4404 1249 4446 non
1280 4390 1435 4460 plane
1463 4385 1622 4442 sciret
1640 4394 1837 4456 quanto
1860 4394 1995 4439 tem—

413 4511 541 4569 pore
561 4490 776 4550 ferenda
797 4497 938 4546 esset
969 4487 1060 4541 illa
1087 4485 1139 4539 iu
1173 4496 1385 4539 carcere
1410 4479 1548 4533 vita?
1577 4476 1836 4569 Quamdiu
1857 4478 1995 4531 enim

413 4567 666 4657 strepitus
688 4596 961 4654 aquarum,
980 4590 1032 4634 et
1047 4587 1207 4633 aestus
1233 4583 1405 4639 erant,
1430 4574 1670 4629 timorem
1688 4569 1739 4621 in
1759 4567 1849 4623 illo
1864 4583 1997 4637 quo-

415 4682 543 4739 tidie
568 4686 896 4735 crescentem
932 4668 1274 4743 generabant.
1327 4662 1463 4731 Quid
1489 4662 1629 4716 enim
1660 4658 1877 4727 iucundi
1904 4673 1995 4712 su-

414 4772 609 4849 spicari
639 4773 751 4841 ipse
776 4773 1003 4839 poterat,
1026 4763 1114 4833 qui
1145 4756 1357 4814 videbat
1383 4751 1999 4849 centum‘quinquagin-ta

414 4843 533 4927 dies
558 4876 721 4937 aquas
743 4868 796 4918 iu
816 4858 1002 4916 eadem
1029 4854 1179 4923 copia
1204 4858 1501 4911 manentes,
1530 4856 1584 4901 et
1605 4846 1662 4937 in
1686 4845 1849 4899 altum
1876 4843 2000 4897 sub-

416 4964 549 5017 latas
589 4935 657 5013 ne
698 4953 973 5009 minimum
1011 4944 1225 5017 quidem
1258 4937 1577 4997 subsidere?
1620 4935 1999 4990 Verumtamen

417 5053 625 5109 ferebat
668 5044 918 5109 fertiter,
963 5041 1139 5096 sciens
1168 5032 1379 5091 Domini
1422 5030 1858 5099 omnipotentiam
1885 5065 1899 5087 ,
1941 5036 1998 5082 et

420 5145 595 5215 ipsum
642 5147 829 5209 utpote
870 5130 1213 5190 Conditorem
1261 5134 1462 5179 naturae
1509 5121 1683 5176 omnia
1713 5134 1809 5190 pro
1852 5118 2001 5215 libito

421 5208 617 5299 facere,
640 5242 694 5287 ct
709 5208 1118 5289 transformare,
1141 5233 1312 5289 neque
1333 5230 1473 5285 aegre
1502 5213 1705 5269 ferebat
1733 5210 1871 5279 quod
1895 5208 2002 5299 illic

422 5335 564 5383 esset
604 5298 946 5378 versandum.
996 5314 1128 5370 Nam
1180 5311 1273 5365 Dei
1314 5307 1481 5378 gratia
1528 5299 1812 5358 roborabat
1861 5298 2003 5354 illius

423 5416 770 5475 alacritatem,
793 5417 848 5465 et
873 5405 1224 5463 subicientem
1252 5398 1522 5470 praebebat
1548 5390 1962 5451 consolationem
1984 5430 2002 5455 ,

426 5522 601 5580 neque
624 5503 833 5560 sinebat
872 5498 977 5555 lani
1004 5504 1238 5550 mentem
1264 5532 1279 5557 ,
1322 5501 1377 5544 et
1404 5488 1640 5580 cogitare
1677 5482 1874 5580 aliquid
1913 5490 2005 5580 aut

426 5574 611 5675 parum
640 5596 814 5661 virile,
858 5599 948 5649 aut
973 5591 1149 5647 minus
1171 5595 1507 5658 generosum.
1540 5579 1670 5647 Quia
1693 5574 2004 5675 enimprius

430 5670 573 5769 quod
608 5702 761 5750 suum
787 5695 903 5745 erat
940 5682 1257 5739 adhibuerat
1280 5719 1295 5747 ,
1323 5688 1515 5747 nempe
1544 5672 1753 5728 virtutis
1782 5670 2002 5739 diligen-

1140 242 1196 297 S.
1236 240 1511 298 JOANNIS
1535 230 2007 297 CHRYSOQI‘UMI
2059 234 2373 294 ARCIIIEP.
2407 238 2937 295 CONSTANTINOP.

3542 243 3655 303 2'28

2087 351 2248 415 tiam,
2286 351 2505 419 iustitia:
2549 353 2813 423 vigorem,
2858 352 2981 408 ﬁdei
3018 355 3421 422 excellentiam;
3448 353 3651 413 deinde

2084 455 2273 511 magna
2301 454 2421 496 cum
2451 443 2689 498 ubertate
2712 454 3028 513 assequutus
3046 456 3126 499 est
3153 460 3214 500 ea
3240 462 3353 516 quas
3378 460 3409 501 a
3430 448 3659 503 Domino

2082 533 2586 601 suppeditabantur;
2610 535 2856 590 nimirum
2888 532 3191 603 patientiam
3210 577 3224 600 ,
3252 536 3607 603 fortitudinem
3632 582 3651 607 ,

2083 621 2384 677 facultatem
2427 626 2605 679 omnia
2654 637 2931 682 mansuete
2980 627 3181 682 ferendi
3208 669 3222 693 ,
3255 631 3655 701 sustinendique

2080 724 2219 767 arca:
2239 713 2670 770 inliabitationem
2697 717 2825 771 citra
2851 717 3029 771 damni
3049 719 3505 789 corruptionisque
3528 738 3652 775 sen-

2080 818 2217 871 sum,
2246 820 2415 874 neque
2440 807 2725 862 bestiarum
2746 810 3045 865 convictum
3076 811 3397 866 fastidiendi.

2162 895 2212 948 7.
2255 892 2469 951 Muralis
2490 900 2805 966 exhortatio;
2825 903 2932 954 sine
2954 918 3174 971 superna
3203 904 3367 973 gratia
3390 904 3516 957 nihil
3537 906 3652 959 beati

2081 998 2229 1053 agere
2255 1002 2538 1054 possumus.
2557 1018 2626 1029 -—
2648 990 2795 1044 illum
2819 992 2975 1061 igitur
2994 992 3197 1061 justum
3214 1034 3229 1059 ,
3257 993 3499 1059 obsecro,
3524 995 3648 1048 imi-

2083 1084 2259 1130 temur
2294 1085 2348 1132 et
2389 1093 2518 1144 nos,
2543 1092 2864 1151 operamque
2888 1082 3091 1149 demus,
3119 1092 3176 1137 ut
3216 1083 3494 1139 ail‘eranuts
3532 1101 3651 1155 quae

2084 1179 2260 1222 nostra
2288 1180 2443 1237 sunt,
2473 1183 2529 1226 ut
2567 1173 2756 1243 dignos
2793 1188 2891 1229 nos
2919 1176 3065 1245 ipsos
3112 1192 3355 1246 paremus
3389 1179 3455 1234 iis
3477 1195 3597 1249 quae
3619 1197 3649 1233 a

2052 1298 2055 1301 -
2082 1260 2192 1316 Deo
2216 1260 2427 1314 dantur.
2455 1262 2584 1317 Nam
2624 1266 2819 1320 idcirco
2843 1276 3115 1335 exspectat
3136 1270 3441 1324 occasiones
3466 1286 3532 1325 ex
3557 1287 3653 1324 no-

2086 1352 2199 1419 bis,
2236 1364 2295 1407 ut
2359 1356 2575 1409 multum
2623 1357 2874 1412 exhibeat
2914 1359 3306 1415 liberalitatem.
3359 1361 3539 1432 Itaque
3582 1381 3653 1417 ne

2082 1457 2301 1515 propter
2328 1448 2585 1503 desidiam
2612 1452 2876 1519 privemus
2904 1465 2999 1506 rios
3026 1453 3167 1506 illius
3186 1454 3358 1519 donis,
3382 1456 3473 1508 sed
3502 1454 3651 1509 festi-

2082 1555 2271 1594 nemus
2294 1550 2348 1595 et
2372 1552 2653 1610 urgeamus
2674 1584 2688 1606 ,
2724 1552 2781 1595 ut
2810 1544 3123 1613 principium
3158 1545 3616 1616 apprehendentes
3635 1588 3651 1610 ,

2081 1642 2136 1687 et
2162 1634 2297 1688 viam
2326 1649 2444 1704 qua:
2468 1635 2533 1688 ad
2562 1636 2807 1690 virtutem
2851 1636 3055 1691 inducit
3083 1652 3097 1689 :
3130 1648 3188 1692 ut
3220 1652 3453 1707 superno
3489 1639 3653 1707 adjuti

2081 1725 2337 1788 subsidio,
2362 1726 2523 1779 etiam
2546 1725 2611 1779 ad
2640 1726 2798 1780 linem
2836 1728 3114 1796 pervenire
3142 1730 3433 1784 valeamus.
3469 1731 3654 1799 Name

2081 1818 2220 1872 enim
2240 1819 2491 1887 possibile
2515 1827 2597 1873 est
2617 1819 2812 1874 bonum
2840 1821 3051 1891 aliquod
3072 1836 3166 1877 nos
3199 1834 3343 1878 reete
3368 1840 3527 1893 agere
3547 1842 3651 1880 nou

2081 1907 2291 1977 adjutus
2319 1923 2544 1979 superna
2572 1910 2763 1978 gratia.
2789 1911 2948 1980 igitur
2978 1914 3111 1967 tales
3135 1915 3320 1979 simus,
3342 1916 3429 1984 qui
3456 1929 3655 1984 appen-

2081 2000 2268 2055 damus
2295 2016 2390 2055 nos
2418 2002 2469 2055 in
2495 2013 2643 2070 Spem
2665 2016 2781 2072 qua:
2812 2004 2865 2057 in
2890 2004 3054 2059 Deum
3082 2014 3184 2070 est,
3204 2006 3352 2073 quasi
3378 2008 3430 2059 iu
3459 2006 3654 2061 ancho-

2083 2107 2195 2146 ram
2222 2093 2449 2162 aliquam
2483 2101 2645 2147 tutam
2670 2103 2722 2147 et
2747 2094 3022 2159 stabilem,
3053 2104 3108 2149 et
3148 2110 3215 2149 ne
3261 2096 3328 2149 ad
3372 2097 3605 2151 laborem
3636 2100 3655 2129 ⁸

2083 2182 2294 2236 virtutis
2309 2182 2686 2251 respiciamus,
2716 2182 2809 2235 sed
2834 2183 3230 2239 considerantes
3255 2186 3655 2241 retributionem

2084 2284 2203 2341 quae
2234 2272 2466 2327 laborem
2494 2275 2751 2341 sequitur,
2782 2273 2971 2327 leviter
2994 2275 3168 2328 omnia
3190 2273 3441 2330 feramus.
3474 2278 3656 2346 Siqui-

2085 2365 2206 2418 dem
2235 2365 2550 2433 negotiator,
2579 2365 2623 2417 si
2646 2363 2858 2433 quando
2886 2380 2953 2418 ex
2992 2374 3147 2434 portu
3182 2380 3425 2435 egressus
3461 2367 3513 2421 in
3545 2383 3657 2424 me-

2086 2455 2231 2509 dium
2253 2455 2413 2510 maris
2438 2456 2683 2522 venerit,
2717 2470 2821 2510 non
2838 2456 2945 2525 jam
2973 2457 3170 2526 piratas
3191 2498 3206 2523 ,
3238 2472 3342 2511 non
3369 2458 3657 2529 naufragia,

2086 2558 2191 2602 nun
2215 2548 2444 2601 marinas
2464 2547 2687 2614 belluas,
2718 2562 2822 2602 non
2848 2558 3126 2603 ventorum
3153 2550 3420 2614 incursus,
3444 2561 3497 2605 et
3522 2566 3655 2604 con-

2088 2640 2265 2694 tinuas
2284 2648 2644 2709 tempestates,
2667 2649 2719 2693 et
2740 2640 2902 2693 multa
2921 2640 3203 2695 infortunia
3229 2641 3423 2709 cogitat
3450 2642 3618 2695 soluat
3638 2682 3656 2707 ,

2088 2731 2179 2786 sed
2207 2730 2367 2785 etiam
2414 2732 2559 2785 lucra
2603 2732 2703 2785 sibi
2749 2732 3038 2785 obventura
3060 2774 3073 2794 ,
3102 2746 3221 2786 cum
3250 2732 3336 2786 illa
3374 2732 3655 2803 effugerit:

2089 2833 2291 2892 speque
2318 2816 2503 2889 fultus,
2530 2836 2716 2875 omnes
2743 2821 3019 2890 prmdictas
3045 2837 3309 2876 arumnas
3338 2823 3484 2876 facile
3510 2824 3659 2881 exon»

2091 2913 2188 2983 pit,
2220 2921 2274 2967 ut
2298 2915 2465 2967 auctis
2491 2913 2682 2982 opibus
2717 2912 2826 2965 suis
2861 2911 3074 2966 domum
3102 2912 3306 2967 redeat.
3334 2913 3397 2966 Et
3431 2913 3657 2983 agricola

2091 3018 2197 3060 non
2229 3004 2561 3074 agricultura:
2583 3012 2783 3056 tantum
2808 3002 3017 3055 labores
3045 3003 3260 3070 cogitat,
3286 3014 3339 3056 et
3364 3003 3577 3063 imbres,
3608 3013 3659 3055 et

2093 3105 2249 3153 terrae
2290 3094 2623 3149 sterilitatem
2650 3132 2666 3160 ,
2696 3109 2761 3149 ac
2803 3092 3061 3163 rubiginis
3100 3095 3406 3159 incursum,
3437 3094 3660 3147 lucusta-

2093 3200 2316 3256 rumque
2367 3185 2586 3251 damna,
2613 3185 2707 3240 sed
2752 3195 2807 3240 et
2855 3200 3031 3239 aream
3059 3194 3112 3238 et
3147 3186 3444 3254 manipulos
3484 3187 3663 3241 attiuto

2094 3291 2274 3333 secum
2312 3277 2657 3342 describens,
2686 3275 2892 3330 fortiter
2915 3276 3015 3331 iert
3039 3278 3215 3329 omnia
3236 3316 3251 3341 ,
3284 3286 3337 3330 et
3364 3290 3471 3345 pra:
3504 3278 3663 3331 bono.

2094 3382 2214 3425 rum
2260 3370 2657 3438 exspectatioiie
2705 3382 2877 3438 neque
2923 3366 3134 3421 labores
3174 3367 3339 3421 sentit
3374 3385 3389 3421 :
3420 3370 3666 3436 quamvis

2096 3465 2266 3519 incert
2284 3482 2311 3516 ιε
2337 3474 2463 3531 spes
2497 3464 2624 3528 sint,
2650 3472 3011 3516 verumtamen
3040 3476 3135 3530 spe
3162 3460 3366 3514 meliori
3408 3463 3661 3529 pascitur,

2096 3566 2197 3610 nec
2221 3554 2489 3610 renuntiat
2524 3555 2793 3608 laboribus
2811 3591 2826 3620 ,
2854 3554 2945 3607 sed
2974 3553 3149 3606 omnia
3184 3568 3303 3621 qua:
3331 3551 3395 3605 ad
3420 3567 3480 3606 se
3507 3554 3665 3621 perti-

2096 3655 2224 3703 nent
2250 3647 2478 3701 afferens
2500 3685 2516 3713 ,
2544 3655 2821 3716 exspectnt
2860 3655 2915 3698 ut
2942 3645 3221 3715 aliquando
3251 3644 3487 3698 laberum
3517 3647 3662 3699 acci-

2097 3740 2207 3811 piat
2234 3740 2529 3793 ntercedes.
2562 3739 2623 3791 Et
2649 3738 2804 3791 miles
2822 3752 3029 3805 quoilue
3057 3738 3147 3807 qui
3167 3738 3386 3791 assumit
3412 3753 3557 3790 arma
3576 3779 3592 3802 ,
3614 3749 3663 3791 et

2097 3832 2150 3885 in
2184 3830 2424 3899 praelium
2452 3830 2720 3898 egreditur
2744 3870 2759 3893 ,
2794 3844 2896 3881 non
2937 3829 3132 3898 cogitat
3174 3829 3395 3883 vulnera
3425 3839 3665 3894 tantum,

2097 3923 2291 3985 caedes,
2323 3932 2376 3975 et
2404 3922 2633 3975 hostium
2674 3920 2918 3974 incursus
2937 3961 2950 3985 ,
2983 3922 3220 3989 aliasque
3248 3936 3511 3974 mrutnnas
3530 3962 3544 3985 ,
3573 3924 3665 3976 sed

2098 4017 2257 4070 etiam
2286 4014 2537 4069 victorias
2558 4054 2572 4077 ,
2603 4022 2658 4066 et
2688 4011 2984 4079 triumphos
3025 4011 3125 4064 sibi
3153 4009 3499 4080 praeﬁngens,
3522 4015 3666 4065 omni

2096 4118 2368 4162 armatura
2388 4118 2446 4161 se
2472 4105 2641 4159 munit
2657 4145 2672 4167 ,
2704 4111 2755 4158 et
2785 4118 2904 4157 cum
2936 4104 3169 4157 incertus
3193 4103 3345 4157 valde
3369 4105 3438 4157 sit
3458 4105 3633 4159 exitus
3652 4146 3667 4168 ,

2100 4212 2155 4255 et
2183 4197 2375 4253 damna
2406 4197 2749 4257 immineant,
2773 4195 3001 4264 repulsis
3022 4195 3086 4248 iis
3113 4194 3356 4247 omnibus
3374 4209 3441 4249 ex
3469 4197 3667 4257 animo,

2090 4306 2164 4363 ac
2207 4293 2346 4346 bona
2386 4305 2481 4360 Spe
2517 4289 2813 4359 preposita,
2838 4288 2986 4358 ponit
3025 4302 3239 4340 onmem
3287 4296 3547 4354 torporem
3572 4329 3589 4351 ,
3620 4299 3671 4340 et

2101 4386 2336 4454 acceptis
2359 4383 2522 4437 armis
2541 4391 2724 4437 contra
2748 4381 2976 4435 hostium
2997 4380 3165 4433 aciem
3190 4389 3455 4448 protxerat.
3488 4378 3671 4447 igitur,

2102 4480 2310 4541 dilecti,
2338 4477 2382 4531 si
2410 4476 2725 4545 negotiator,
2753 4484 2806 4527 et
2829 4472 2980 4527 miles
2998 4513 3012 4537 ,
3039 4481 3094 4524 et
3118 4471 3367 4539 agricola,
3399 4469 3485 4523 ubi
3507 4478 3559 4524 ct
3588 4471 3674 4524 in-

2103 4583 2247 4630 certa
2293 4586 2438 4642 spes,
2480 4578 2533 4624 et
2579 4569 2761 4639 plures
2805 4565 3193 4629 frustrationes,
3238 4572 3394 4631 atque
3443 4563 3675 4631 impedi-

2105 4674 2283 4721 menta
2306 4706 2320 4729 ,
2349 4666 2485 4719 sicut
2514 4661 2736 4715 audistis
2758 4701 2771 4724 ,
2801 4659 2966 4712 multa
2995 4666 3049 4711 et
3071 4655 3248 4719 varia,
3272 4669 3374 4708 non
3406 4654 3475 4707 ita
3506 4654 3677 4707 refor-

2105 4757 2272 4814 midat
2296 4757 2525 4817 labores,
2551 4763 2609 4807 ut
2653 4768 2682 4806 a
2723 4750 2929 4805 meliori
2971 4760 3249 4817 propterea
3279 4761 3373 4814 spe
3405 4746 3631 4799 desistat
3659 4763 3675 4799 :

2105 4850 2248 4921 quali
2268 4863 2365 4903 nos
2385 4848 2537 4901 venia
2554 4846 2696 4915 digni
2716 4845 2916 4899 erimus
2940 4841 3009 4894 ita
3037 4840 3363 4909 negligentes
3396 4838 3459 4891 ad
3484 4852 3677 4905 capes-

2106 4943 2325 5000 sendam
2350 4940 2621 5003 virtutem,
2645 4946 2699 4992 et
2719 4950 2823 4990 non
2844 4948 3057 4989 omnem
3086 4933 3319 4986 laborem
3341 4940 3530 4998 sponte
3551 4930 3677 4983 sub-

2106 5045 2330 5101 euntes,
2369 5048 2490 5088 cum
2521 5042 2630 5087 tam
2668 5044 2856 5085 secura
2885 5036 3063 5082 nostra
3111 5040 3235 5093 spes
3272 5025 3374 5086 sit,
3428 5031 3681 5090 tantaque

2107 5131 2245 5187 bona
2273 5128 2428 5183 nobis
2457 5125 2717 5194 reposita,
2745 5135 2808 5174 ac
2847 5118 3062 5190 przcmia
3099 5126 3153 5172 et
3194 5115 3467 5169 mercedes
3500 5114 3681 5166 omnia

2107 5238 2226 5296 quae
2252 5238 2281 5277 a
2309 5222 2460 5276 nobis
2482 5226 2625 5274 recte
2650 5223 2904 5287 geruntur
2928 5211 3105 5266 multis
3124 5209 3363 5280 partibus
3382 5216 3637 5276 superent
3661 5203 3686 5255 ἲ

2109 5315 2247 5375 Audi
2272 5312 2432 5384 igitur
2448 5312 2658 5366 beatum
2695 5305 2939 5369 Paulum,
2958 5312 3078 5370 post
3106 5309 3277 5354 tantas
3301 5308 3355 5353 et
3385 5300 3525 5352 tales
3548 5296 3684 5351 allii-

2109 5410 2343 5473 etiones,
2373 5413 2427 5460 et
2450 5404 2515 5458 ad
2546 5399 2825 5456 tribunalia
2852 5395 3227 5458 abductiones,
3252 5402 3305 5446 et
3329 5404 3606 5456 carceres,
3632 5399 3682 5443 et

2177 5550 2192 5577 ι
2228 5542 2370 5592 savii.
2390 5549 2441 5592 et
2462 5544 2667 5601 quatuor
2694 5542 2797 5583 Mss.
2836 5533 2906 5580 sic
2926 5529 3110 5581 habent
3132 5541 3155 5601 ς.
3177 5525 3324 5601 Igitur
3419 5522 3680 5601 spernADei,

2116 5614 2251 5667 quasi
2287 5602 2338 5654 in
2360 5593 2620 5652 anc/tinam
2641 5604 2827 5667 tutam,
2851 5604 2935 5643 nos
2964 5593 3305 5655 appendentes,
3329 5598 3398 5637 stt
3420 5598 3583 5636 mutua
3598 5599 3676 5647 ag.

2117 5658 2416 5733 grediamur,
2440 5670 2485 5714 et
2506 5674 2565 5713 ne
2586 5662 2650 5711 ad
2674 5658 2899 5710 laborem.
