3804 6250
424 234 532 292 εει

425 351 553 415 τοὺς
576 349 999 422 καθημερινούςο
1033 352 1155 407 Οὐκ
1186 350 1324 416 ἄξια
1348 351 1420 405 τὰ
1460 350 1777 420 παθήματα
1823 347 1931 403 τοῦ
1963 347 2079 402 νῦν

425 439 634 506 καιροῦ
666 440 814 506 πρὸς
846 438 961 506 τὴν
987 438 1344 508 μέλλουσαν
1373 439 1561 502 δόξαν
1584 433 2079 506 ἀποκαλυφθῆναι

427 527 515 591 εις
552 525 727 594 ἡμᾶς.
757 525 874 579 Κάν
911 525 1030 579 καθ’
1062 526 1298 595 ἑκάστην
1331 526 1569 597 ἡμέραν,
1612 525 1786 595 φησὶ,
1828 523 2074 582 θανάτοις

427 612 650 672 ἐαυτοὺς
683 611 944 681 ἐκδῶμεν,
987 612 1123 682 ὅπερ
1172 613 1205 683 ἡ
1249 611 1409 680 φύσις
1455 613 1513 665 οὐ
1542 613 1787 683 δέχεται,
1818 612 1866 664 εἰ
1907 611 2000 663 καὶ
2043 611 2077 680 ἡ

426 695 618 766 γνώμη
653 698 855 749 νικῶσα
882 699 979 767 τὴν
1017 697 1177 767 φύσιν
1204 698 1292 751 διὰ
1331 699 1428 769 τὴν
1459 698 1552 751 τοῦ
1592 699 1861 751 Δεσπότου
1894 697 2082 765 φιλαν-

427 783 674 855 θρωπίαν
697 785 1072 852 στεφανοῦται.
1099 787 1248 838 οὐδὲν
1275 786 1420 850 ἀξιον
1450 785 1787 856 ὑπομένομεν
1815 786 1922 838 τῶν
1955 783 2085 854 μελ·

425 872 624 925 λόντων
651 873 816 942 ἡμᾶς,
859 875 1012 943 φησὶ,
1036 873 1368 942 διαδέχεσθαι
1409 873 1516 927 τῶν
1560 873 1808 942 ἀγαθῶν,
1856 872 1952 925 καὶ
1986 871 2087 940 τῆς

425 960 583 1029 δόξης
617 961 716 1030 τῆς
751 961 1052 1032 μελλούσης
1093 962 1570 1016 ἀποκαλύπτεσθαι
1613 964 1690 1025 είς
1739 963 1905 1034 ήμᾶς.
1948 962 2087 1030 Ὅρα

427 1049 592 1100 πόσον
627 1047 725 1116 τῆς
753 1047 911 1117 δόξης
937 1048 997 1100 τὺ
1029 1048 1258 1118 μέγεθος
1279 1045 1347 1120 ἦς
1368 1049 1730 1103 ἀπολαύουσιν
1761 1050 1812 1102 οἰ
1842 1048 1938 1119 τήν
1958 1049 2086 1119 ἀρε-

424 1134 525 1204 τὴν
565 1134 1004 1204 μεταδιώκοντες,
1039 1136 1114 1198 ώς
1156 1137 1308 1206 νικᾷν
1345 1137 1513 1208 αὐτὴν
1547 1137 1742 1200 πάντα,
1777 1137 1986 1205 ὅσαπερ
2020 1135 2086 1188 ἀν

424 1239 510 1283 τις
535 1219 900 1285 ἐπιδείξασθαι
942 1222 1140 1294 δυνηθῇ
1167 1241 1180 1254 ·
1213 1224 1316 1278 κᾶν
1348 1223 1454 1296 γάρ
1493 1226 1572 1288 εἰς
1603 1225 1771 1295 αὐτὴν
1800 1225 1896 1296 τὴν
1923 1240 2085 1294 κορυ-

427 1309 533 1379 φὴν
563 1309 764 1378 φθάσῃ,
787 1309 881 1362 καὶ
913 1309 1055 1364 οὕτω
1081 1311 1344 1368 λείπεται.
1369 1313 1433 1365 Τί
1457 1312 1564 1382 γάρ
1591 1311 1843 1365 τοσοῦτον
1873 1311 2085 1384 ἀνθρω-

427 1413 528 1459 πος
565 1397 932 1463 ἐπιδείξασθαι
961 1397 1201 1462 δύναται,
1236 1398 1310 1462 ώς
1340 1399 1576 1463 ἐπαξίως
1605 1399 1832 1469 ἀθλῆσαι
1861 1399 1958 1469 τῆς
1990 1398 2084 1451 τοῦ

427 1485 694 1538 Δεσπὸτου
727 1485 1072 1556 φιλοτιμίας;
1101 1487 1161 1539 Εἰ
1196 1487 1254 1539 δὲ
1288 1488 1496 1550 Παῦλος
1531 1489 1559 1540 δ
1582 1486 1832 1549 τοσοῦτος
1862 1487 1957 1540 καὶ
1991 1504 2086 1557 τη-

428 1569 671 1635 λικοῦτος
699 1572 900 1640 ἐλεγεν,
934 1575 1054 1628 Οὐκ
1081 1573 1220 1638 ἄξια
1247 1574 1318 1628 τὰ
1347 1574 1663 1643 παθήματα
1690 1575 1795 1630 τοῦ
1818 1573 1934 1630 νῦν
1961 1593 2086 1630 και-

422 1658 535 1728 ροῦ
559 1657 706 1728 πρὸς
730 1659 842 1725 τὴν
863 1660 1215 1728 μέλλουσαν
1237 1659 1424 1725 δόξαν
1451 1661 1975 1717 ἀποκαλύπτεσθαι
1999 1663 2085 1727 είς

430 1743 608 1815 ἡμᾶς,
639 1748 664 1799 ὁ
695 1745 886 1815 λέγων,
923 1746 1060 1802 κου’
1105 1747 1333 1817 ἡμέραν
1363 1748 1745 1816 ἀποθνήσκω,
1779 1749 1873 1802 καὶ
1901 1748 2082 1812 πάλιν,

427 1833 860 1902 Περισσότερον
878 1832 1116 1887 πάντων
1131 1834 1428 1890 ἐκοπίασα
1445 1851 1460 1865 ·
1478 1835 1529 1887 τί
1552 1834 1616 1888 ἂν
1640 1834 1886 1905 εἴποιμεν
1903 1837 2080 1904 ἡμεῖς,

425 1919 478 1974 01
508 1919 645 1991 μηδέ
676 1921 766 1974 τὸν
810 1921 1039 1991 τυχόντα
1075 1922 1321 1992 κάματον
1362 1922 1502 1994 ὑπὲρ
1537 1923 1635 1993 τῆς
1666 1922 1865 1993 ἀρετῆς
1898 1922 2085 1975 ἀναδέ-

427 2005 620 2072 ξασθαι
655 2007 988 2079 βουλόμενοι,
1031 2009 1144 2062 ἀλλ’
1178 2009 1264 2062 ἀεὶ
1295 2010 1394 2081 τὴν
1427 2011 1609 2063 ἄνεσιν
1639 2009 2082 2080 μεταδιώκοντες,

425 2095 520 2148 καὶ
547 2094 702 2149 τοῦτο
732 2097 1209 2168 περισκοποῦντες,
1234 2100 1382 2160 ὅπως
1410 2097 1678 2168 μηδεμίαν
1709 2096 1858 2169 [245]
1893 2100 2086 2168 πεῖραν

424 2182 680 2254 λάϐωμεν
716 2183 824 2236 τῶν
855 2184 1136 2255 λυπηρῶν,
1159 2187 1255 2238 καὶ
1286 2186 1458 2239 ταῦτα
1489 2185 1708 2248 εἰδότες,
1741 2187 1823 2238 ὅτι
1850 2185 1949 2256 οὐχ
1975 2180 2084 2237 οἶόν

425 2289 484 2327 τε
508 2272 710 2344 ἐτέρως
729 2274 828 2343 τῆς
847 2273 963 2325 ἐκεῖ
986 2275 1166 2342 τυχεῖν
1194 2273 1449 2338 ἀνέσεως,
1471 2273 1544 2344 μὴ
1570 2273 1831 2344 πρότερον
1850 2272 2084 2326 ἐνταῦθα

425 2359 518 2415 τὸν
547 2359 634 2414 διὰ
663 2359 762 2430 τῆς
791 2361 1069 2433 ἀθλήσεως
1099 2362 1440 2433 ποθήσαντας
1467 2361 1613 2431 βίονς
1640 2362 1707 2415 Δί
1739 2360 1846 2431 γάρ
1877 2360 2084 2430 θλίψεις

425 2439 589 2502 αὗται
603 2448 852 2519 πρόξενοι
872 2448 1221 2519 γίνονταιτῆς
1234 2448 1368 2520 πρὸς
1385 2448 1476 2501 τὸν
1495 2448 1627 2502 Θεὸν
1655 2449 2081 2520 εὐαρεστήσεως,

426 2535 521 2590 καὶ
540 2535 602 2588 τὸ
623 2535 818 2606 μικρὸν
832 2534 1064 2589 ἐνταῦθα
1085 2536 1314 2605 κάμνειν
1336 2535 1535 2607 πολλὴν
1554 2538 1686 2607 ἡμῖν
1711 2538 1829 2589 ἐκεῖ
1841 2536 1937 2606 τὴν
1956 2539 2086 2606 παρ-

429 2622 626 2692 ρησίαν
651 2621 953 2694 χαρίζεται,
988 2623 1146 2692 μόνον
1169 2622 1264 2676 ἐὰν
1291 2621 1606 2692 βουλώμεθα
1644 2623 1786 2675 κατά
1815 2622 1915 2694 τὴν
1951 2639 2087 2692 συμ-

426 2710 590 2780 ϐολήν
611 2710 800 2763 τούτου
822 2710 913 2763 τοῦ
939 2713 1037 2780 τῆς
1053 2711 1376 2782 οἰκουμένης
1397 2709 1712 2764 διδασκάλου
1738 2708 2083 2780 πορεύεσθαι.

440 2798 662 2864 Ἔννὸει,
695 2798 942 2869 ἀγαπητὲ
964 2839 978 2863 ,
1009 2800 1091 2853 ὅτι
1132 2797 1233 2852 κᾶν
1269 2793 1544 2871 λυπηράᾗ
1581 2798 1648 2851 τά
1688 2798 2082 2868 συμπίπτοντα,

425 2886 563 2942 ἀλλὰ
588 2886 894 2958 πρόσκαιρα
915 2903 929 2916 ·
964 2886 1032 2942 τά
1063 2885 1245 2957 μέντοι
1272 2886 1388 2939 ἐκεῖ
1403 2885 1746 2956 διαδεξόμενα
1772 2887 1917 2956 ἡμᾶς
1946 2887 2084 2953 ἀγα-

429 2973 530 3038 θά,
559 2973 804 3028 ἀθάνατα
834 2975 927 3028 καὶ
962 2973 1172 3026 αἰώνια.
1211 2972 1287 3028 Τὰ
1333 2972 1442 3042 γὰρ
1494 2973 1876 3041 βλεπόμενα,
1917 2972 2082 3042 φησὶ,

429 3062 785 3130 πρόσκαιρα,
820 3061 889 3114 τὰ
918 3061 984 3114 δὲ
1021 3061 1106 3131 μὴ
1135 3062 1518 3129 βλεπόμενα,
1556 3049 1780 3113 αἰώνια.
1820 3060 2081 3127 Ἐνέγκω-

431 3165 532 3219 μεν
553 3150 727 3203 τοίνυν
753 3149 1011 3218 γενναίως
1039 3149 1105 3202 τά
1133 3147 1463 3218 πρόσκαιρα,
1489 3148 1579 3199 καὶ
1611 3147 1684 3218 μὴ
1709 3147 2085 3216 ἁποκάμωμεν

429 3235 566 3307 πρὸς
594 3237 718 3300 τοὺς
744 3236 844 3306 τῆς
870 3236 1066 3307 ἀρετῆς
1095 3236 1308 3298 πόνους,
1342 3235 1427 3286 ἵνα
1455 3234 1563 3286 τῶν
1591 3233 1822 3286 αἰωνίων
1853 3232 2087 3286 ἀπολαύ-

429 3339 630 3392 σωμεν,
659 3322 753 3375 καὶ
798 3323 886 3376 ἀεὶ
925 3322 1191 3392 μενόντων
1235 3320 1451 3389 ἀγαθῶν
1473 3338 1484 3350 ·
1519 3314 1594 3374 ὧν
1626 3321 1832 3388 γένοιτο
1881 3321 2086 3384 πάντας

425 3411 574 3482 ἡμᾶς
621 3411 912 3480 ἐπιτυχεῖν,
943 3410 1126 3480 χάριτι
1177 3409 1270 3460 καὶ
1322 3407 1700 3480 φιλανθρωπίᾳ
1753 3407 1847 3462 τοῦ
1881 3409 2084 3480 Κυρίου

425 3497 585 3571 ἡμῶν
615 3496 789 3568 Ἰησοῦ
820 3496 1075 3568 Χριστοῦ,
1111 3497 1230 3566 μεθ’
1260 3488 1321 3548 οὐ
1346 3495 1424 3567 τῷ
1462 3497 1658 3568 Πατρὶ,
1693 3497 1806 3568 ἅμα
1831 3496 1906 3568 τῷ
1944 3497 2084 3568 ἁγίῳ

427 3585 703 3658 Πνεύματι
725 3585 871 3650 δόξα,
902 3585 1122 3657 κράτος,
1149 3585 1302 3658 τιμὴ,
1338 3585 1432 3640 νῦν
1464 3586 1560 3639 καί⁵
1588 3586 1693 3651 ἀεὶ,
1720 3586 1814 3640 καὶ
1854 3589 1933 3650 εἰς
1960 3586 2084 3651 τούς

427 3671 631 3737 αἰῶνας
662 3673 771 3726 τῶν
809 3671 1037 3726 αἰώνων.
1086 3671 1278 3743 Ἀμήν.

1045 3791 1293 3849 οΜιΑιΑ
1328 3794 1472 3862 κς.

423 3880 533 3937 Καὶ
556 3879 826 3951 ἐμνήσθη
857 3882 891 3934 ό
915 3879 1075 3951 ,Θεὸς
1104 3879 1211 3951 τοῦ
1239 3879 1393 3946 Νῶε,
1416 3879 1531 3951 ,καί
1571 3879 1812 3951 πάντων
1839 3881 1957 3934 τῶν
1984 3884 2085 3951 θη-

487 3948 656 4021 ρίων,
695 3948 1082 4021 καίπάντων
1106 3948 1225 4003 τῶν
1252 3948 1505 4021 κςηνῷν,
1546 3950 1644 4021 καὶ
1686 3951 1924 4021 πάντων
1967 3950 2084 4004 τῶν

494 4017 800 4091 πετεινῶν,
834 4021 930 4091 καὶ
970 4019 1208 4091 πάντων
1243 4018 1361 4091 τῷν
1388 4019 1670 4091 ἑρπετῶν,
1699 4020 1814 4075 ὅσα
1848 4017 1927 4091 ἦν
1956 4022 2082 4091 μετ.

492 4090 679 4164 αὑτοῦ
707 4090 776 4142 ἐν
804 4088 877 4164 τῇ
905 4087 1273 4164 κιϐωτῷηιὶαί
1295 4089 1597 4164 ἐπήγαγεν
1617 4093 1648 4143 d
1679 4091 1822 4157 Θεὸς
1848 4087 2084 4164 πνεῦμα

494 4161 593 4215 ἐπὶ
622 4159 736 4228 τὴν
771 4159 908 4230 γῆν,
935 4158 1034 4211 καί
1061 4158 1324 4212 ἐκόπασε
1353 4159 1418 4212 τὸ
1451 4158 1627 4226 ὕδωρ.

496 4268 566 4317 α’.
579 4259 806 4329 Μεγάλη
827 4258 919 4312 καὶ
940 4257 1142 4326 ἀφατος
1162 4259 1218 4310 ἐν
1233 4260 1345 4320 τοῖς
1363 4258 1671 4328 πρόσφατον
1691 4260 2081 4329 άναγνωσθεῖσι

423 4349 694 4405 δείκνυται
725 4349 758 4417 ἡ
791 4345 884 4398 τοῦ
912 4343 1046 4398 Θεοῦ
1077 4345 1473 4415 φιλανθρωπία,
1506 4348 1718 4418 καὶτῆς
1751 4348 2082 4418 ἀγαθότητος

422 4435 586 4492 αὐτοῦ
622 4437 656 4506 ἡ
699 4432 989 4504 ὑπερϐολὴ,
1022 4433 1088 4502 ἡν
1124 4433 1184 4485 οὐ
1233 4433 1389 4502 μόνον
1437 4433 1566 4504 περὶ
1593 4435 1651 4488 τὸ
1689 4435 1902 4505 λογικὸν
1927 4437 2082 4491 τοῦτο

423 4525 562 4591 ζῶον
600 4524 985 4586 ἐπιδείκνυται,
1013 4521 1103 4574 τὸν
1149 4520 1432 4591 ἄνθρωπον
1469 4522 1628 4590 λέγω,
1655 4523 1788 4578 άλλά
1839 4527 2084 4598 καὶπερὶ

422 4612 520 4684 τήν
550 4611 658 4665 τῶν
681 4611 887 4678 ἀλόγων
917 4608 1072 4672 ζώων
1095 4606 1274 4676 φύσιν.
1298 4610 1632 4679 Δημιουργδς
1653 4611 1760 4681 γὰρ
1783 4612 1892 4665 τῶν
1917 4613 2084 4666 ἀπάν-

420 4718 530 4754 των
554 4699 854 4770 τυγχάνων,
895 4698 975 4760 εἰς
1005 4695 1179 4748 πάντα
1206 4695 1274 4748 τά
1302 4697 1392 4749 ὑπ’
1418 4696 1582 4748 αὑτοῦ
1611 4698 2082 4770 δημιουργηθέντα

419 4789 521 4858 τὴν
541 4787 745 4842 οἰκείαν
777 4785 1006 4840 ἐκτείνει
1033 4784 1362 4854 ἀγαθότητα,
1387 4784 1474 4837 διά
1514 4785 1729 4838 πάντων
1758 4788 1887 4856 ἡμῖν
1916 4788 2075 4841 ἐνδειιι

421 4877 705 4947 κνύμενος,
753 4875 884 4943 ὅσην
928 4876 1157 4927 ποιεῖται
1203 4871 1456 4944 πρόνοιαν
1492 4872 1590 4926 τοῦ
1631 4874 1739 4927 τῶν
1779 4876 2082 4947 ἀνθρώπων

419 4965 630 5035 γένους,
659 4963 751 5017 καὶ
768 4963 850 5016 δτι
873 4962 1052 5016 πάντα
1075 4960 1281 5016 ἀνωθεν
1307 4962 1400 5014 καὶ
1428 4961 1487 5026 ἐξ
1512 4961 1683 5032 ἀρχῆς
1706 4964 2082 5034 ἐπραγματεύ.

422 5069 554 5106 σατο
589 5052 674 5104 διὰ
698 5050 794 5122 τὴν
825 5049 1095 5120 σωτηρίαν
1123 5049 1221 5119 τήν
1252 5050 1548 5119 ἡμετέραν.
1607 5049 1722 5102 Κᾶν
1754 5051 1954 5124 κολάζῃ
1974 5053 2082 5106 τοί-

419 5158 535 5206 νυν,
577 5139 678 5193 κᾶν
732 5139 1056 5212 τιμωρῆται,
1105 5137 1211 5190 ἀπὸ
1245 5137 1345 5206 τῆς
1396 5138 1565 5208 αὐτῆς
1608 5139 1939 5210 ἀγαθότητος
1987 5142 2082 5194 καὶ

420 5229 594 5281 ταῦτα
621 5228 847 5280 κάκεῖνα
880 5228 1038 5280 ποιεῖ.
1083 5225 1217 5279 Οὐδὲ
1253 5225 1362 5296 γὰρ
1396 5225 1556 5279 πάθει
1597 5226 1691 5278 καὶ
1719 5228 1855 5300 ὀργῇ
1881 5227 1981 5292 τάς
2010 5247 2082 5282 τι-

423 5316 634 5386 μωρίας
675 5314 889 5382 ἐπάγει,
919 5313 1053 5366 ἀλλά
1081 5315 1180 5384 τὴν
1207 5314 1402 5367 κακίαν
1430 5313 1659 5383 ἐγκόψαι
1683 5315 1710 5354 ι)
1741 5315 2077 5386 βουλόμενος,

422 5405 515 5457 καὶ
545 5403 683 5456 ὥστε
721 5403 794 5473 μὴ
843 5401 981 5454 πάνυ
1024 5402 1194 5471 αὐτὴν
1231 5401 1520 5473 προϐῆναι.
1568 5402 1722 5456 Ἐπεὶ
1747 5404 1840 5455 καὶ
1859 5403 1973 5467 νῦν,
2005 5405 2080 5468 ώς

421 5491 672 5556 ἀκούετε,
711 5489 1088 5560 κατακλυσμὸν
1111 5492 1178 5544 δι’
1216 5491 1368 5544 οὐδὲν
1397 5491 1582 5562 ἕτερον
1609 5492 1908 5562 ἐπήγαγεν,
1944 5492 2082 5546 ἁλλά

421 5580 716 5649 κηδόμενος
742 5579 850 5631 τῶν
895 5579 1029 5649 πρὸς
1070 5579 1337 5650 τοσαύτην
1371 5581 1567 5634 κακίαν
1601 5582 1825 5644 ἑαυτοὺς
1854 5580 2082 5635 ἐκδεδω-

421 5668 615 5722 κότων.
651 5669 760 5723 Καὶ
792 5668 940 5730 ποία,
981 5669 1136 5738 φησὶ,
1168 5668 1484 5739 κηδεμονία,
1521 5671 1580 5723 τὸ
1605 5669 1811 5731 πάντας
1844 5669 1948 5722 ὑπὸ
1970 5668 2077 5722 τῶν

418 5755 625 5809 ὑδάτων
659 5756 1040 5827 ἀναιρεθῆναι;
1085 5757 1177 5827 Μὴ
1221 5757 1636 5827 ἀπερισκέπτως
1684 5756 1943 5825 φθέγγου,
1985 5759 2077 5812 ἄν-

486 5877 511 5908 ·
550 5875 649 5927 Alii
671 5882 751 5936 τῆς
790 5877 1001 5939 θλίψεως.
1066 5876 1093 5918 δ
1115 5876 1263 5927 SaVil.
1297 5877 1346 5928 in
1371 5889 1520 5938 marg.
1545 5889 1575 5928 θ
1597 5890 1692 5928 var.
1720 5878 1841 5938 lect.
1863 5879 2082 5943 ἐκκόψαι.

1249 236 1304 291 8.
1357 233 1641 292 JOANNIS
1680 230 2167 290 εηιιγεοετοκι
2198 230 2513 288 ARCHIEP.
2552 233 2751 289 CONS'I

2294 230 2513 288 CHIEP.
2552 229 3094 290 CONSTANTINOP.
3749 230 3796 284 23

2187 347 2392 419 θρωπε,
2425 349 2540 402 ἀλλ’
2569 348 2870 420 εὐγνώμονι
2901 348 3107 419 διανοίᾳ
3147 346 3216 400 τά
3255 346 3406 418 παρά
3447 346 3540 400 τοῦ
3568 345 3797 398 Δεσπότι

2203 436 2452 506 γινόμενα
2473 437 2649 506 δέχου,
2675 438 2767 490 καὶ
2786 437 2904 490 τότε
2925 435 3126 508 γνώσῃ,
3147 436 3278 506 ὅσης
3307 434 3400 488 καὶ
3426 432 3582 488 τοῦτο
3606 431 3797 502 μάλιστ

2185 523 2525 593 κηδεμονίας.
2584 525 2656 578 Tb
2682 526 2791 595 γὰρ
2824 526 2950 589 τοὺς
2981 526 3050 578 τά
3091 525 3362 594 ἀνήκεστα
3405 523 3797 594 ἁμαρτάνοντα

2185 611 2276 662 καὶ
2306 612 2426 664 καθ’
2456 613 2690 684 ἑκάστην
2717 612 2925 683 ἡμέραν
2951 613 3018 665 τά
3033 611 3322 682 τραύματα
3342 611 3729 670 ἐπιτείνοντας.
3755 626 3797 660 κε

2182 692 2251 744 τὰ
2284 695 2413 766 ἐλκη
2447 697 2635 751 ἀνίατα
2664 697 3076 769 ἐργαζομένους,
3112 699 3173 750 ἐκ
3200 697 3298 767 τῆς
3336 697 3529 759 κακίας
3564 695 3797 749 ἀπαλλάτ

2182 796 2316 848 τειν,
2343 784 2462 854 οὐχὶ
2491 786 2812 856 κηδεμονίας
2835 781 2902 857 ἦν
2932 786 3030 855 τῆς
3059 786 3354 856 μεγίστης;
3405 787 3513 838 Καὶ
3541 784 3712 845 αὐτὸς
3738 783 3790 834 δέ

2182 870 2596 944 τῆς.τιμωρίας
2640 874 2838 945 τρόπος
2881 874 2941 927 οὐ
2983 875 3164 945 πάσης
3188 874 3347 944 γέμει
3388 871 3797 944 φιλανθρωπίας

2184 959 2258 1011 Τὸ
2290 960 2398 1030 γάρ
2425 962 2550 1024 τοὺς
2583 963 2676 1015 καὶ
2704 963 2831 1016 ἄνευ
2860 961 3049 1016 τούτου
3091 962 3382 1033 μέλλοντας
3413 962 3474 1015 τὸ
3499 961 3597 1030 τῆς
3621 959 3797 1028 φύσει

2183 1045 2342 1114 χρέος
2368 1047 2616 1110 ἐκτίνειν,
2651 1049 2820 1112 οὕτως
2856 1049 3076 1112 ἀλύπως
3113 1050 3170 1102 ἐν
3201 1049 3358 1120 μέρει
3381 1047 3652 1118 τιμωρίας
3691 1045 3797 1115 [2M

2181 1131 2280 1203 τὴν
2312 1132 2456 1205 ζωὴν
2489 1135 2804 1200 ἀποθέσθαι,
2844 1137 2937 1190 καὶ
2973 1137 3110 1208 μήτε
3138 1136 3386 1207 αἴσθησιν
3413 1136 3506 1189 τοῦ
3536 1151 3797 1203 γεγενημε

2182 1235 2272 1271 νου
2306 1218 2509 1285 λαϐεῖν,
2549 1221 2662 1274 ἀλλ’
2695 1222 2978 1287 ἀνωδύνως
3011 1225 3104 1277 καὶ
3147 1222 3409 1292 ἀναλγητὶ
3442 1221 3539 1291 τὴν
3569 1221 3797 1290 τιμωρία

2181 1304 2452 1372 δέξασθαι,
2477 1307 2649 1377 πόσης
2682 1309 2780 1362 οὐκ
2807 1309 2872 1362 ἂν
2898 1310 2982 1380 εἴη
3017 1310 3205 1379 σοφίας
3231 1311 3324 1363 καὶ
3345 1307 3680 1376 άγαθότητος
3702 1323 3716 1370 ;
3739 1309 3797 1359 Κε

2181 1393 2314 1446 αὐτὸ
2334 1393 2443 1464 γάρ
2467 1395 2627 1448 πάλιν
2652 1397 2706 1448 εί
2722 1413 2806 1460 τις
2837 1396 3051 1449 εὐσεϐεῖ
3071 1396 3315 1466 λογισμῷ
3343 1394 3649 1464 καταμάθοι
3673 1393 3738 1445 τὸ
3762 1410 3797 1458 γε

2181 1482 2502 1550 γενημένον,
2533 1483 2614 1536 ὅτι
2641 1482 2740 1536 οὐκ
2765 1484 2845 1547 εἰς
2871 1485 2995 1546 τούς
3018 1483 3425 1554 τιμωρηθέντας
3460 1482 3619 1552 μόνον
3640 1481 3714 1533 τὰ
3745 1481 3797 1544 τί

2181 1567 2499 1640 εὐεργεσίας
2521 1569 2761 1638 γέγονεν,
2802 1570 2936 1624 ἀλλά
2965 1571 3057 1624 καὶ
3087 1573 3134 1623 οἰ
3169 1572 3249 1633 είς
3290 1568 3352 1622 τὸ
3388 1570 3512 1640 ἐξῆς
3555 1569 3797 1639 μέλλοντι

2181 1655 2398 1710 ἔσεσθαι
2425 1657 2519 1710 δύο
2557 1657 2624 1711 τὰ
2664 1658 2893 1728 μέγιστα
2929 1657 3178 1711 ἐντεῦθεν
3215 1656 3602 1728 ἐκαρπώσαντο
3634 1655 3797 1723 ἀγαθὲ

2182 1744 2265 1815 [τό
2294 1763 2352 1799 τε
2383 1746 2457 1818 μὴ
2481 1747 2682 1801 ἁλῶναι
2710 1749 2767 1800 ἐν
2797 1750 2909 1809 τοῖς
2941 1747 3143 1810 αὐτοῖς,
3167 1746 3262 1800 καὶ
3290 1745 3352 1798 τὸ
3389 1747 3452 1799 ἐκ
3494 1744 3704 1798 τούτων
3737 1744 3797 1796 τιῐ

2182 1834 2557 1904 γεγενημένων
2594 1833 3060 1906 σωφρονεστέρους
3104 1831 3474 1904 γεγενῆσθαι,]
3522 1833 3705 1901 πόσην
3745 1832 3797 1884 οὐ

2181 1921 2408 1990 ὤφειλον
2437 1923 2514 1994 τῷ
2543 1923 2660 1994 Θεῷ
2701 1923 2860 1995 χάριν
2892 1923 3033 1994 ὑπὲρ
3067 1921 3270 1976 τούτων
3293 1921 3593 1990 ὁμολογεῖν,
3631 1920 3724 1973 ὃτι
3753 1937 3797 1972 aa

2181 2011 2247 2081 τῇ
2277 2009 2514 2082 τιμωρίᾳ
2538 2011 2758 2064 ἐκείνων
2789 2012 2881 2064 καὶ
2905 2009 2984 2080 τῷ
3009 2011 3120 2062 δέει
3146 2008 3242 2062 τοῦ
3270 2009 3345 2080 μὴ
3377 2008 3443 2062 τά
3473 2007 3614 2061 αὐτά
3646 2007 3797 2060 παθεῑ

2182 2099 2608 2172 σωφρονέστεροι
2640 2098 2924 2167 γεγόνασιν
2980 2098 3028 2150 οί
3070 2096 3207 2167 μετά
3235 2096 3424 2162 ταῦτα,
3475 2094 3673 2165 καὶτῷ
3703 2094 3797 2148 ἀπὲ

2184 2204 2282 2259 σης
2311 2188 2408 2259 τῆς
2447 2185 2646 2249 κακίας
2672 2184 2766 2239 καὶ
2818 2184 3080 2255 πονηρίας
3118 2184 3218 2254 τὴν
3249 2182 3428 2253 ζύμην
3463 2181 3797 2252 ἀναιρεθῆναι

2182 2276 2277 2328 καὶ
2301 2274 2507 2346 μηδένα
2527 2271 2952 2343 καταλειφθῆναι
2976 2270 3292 2326 διδάσκαλον
3311 2268 3494 2332 αὐτοῖς
3511 2268 3614 2338 τῆς
3638 2269 3797 2321 κακία

2182 2363 2278 2420 καὶ
2308 2364 2407 2433 τῆς
2433 2362 2731 2433 πυνηρίας;
2767 2357 2917 2424 Εἶδες
2948 2359 3066 2423 πῶς
3080 2360 3174 2414 καὶ
3197 2359 3252 2413 αἰ
3283 2357 3531 2420 κολάσεις
3553 2356 3728 2410 αὑτοῦ
3755 2375 3797 2410 κε

2182 2453 2239 2505 αἰ
2264 2453 2523 2524 τιμωρίαι
2568 2451 2876 2523 εὐεργεσίαι
2917 2450 3117 2522 μᾶλλόν
3162 2451 3288 2513 είσι,
3321 2449 3415 2502 καὶ
3442 2449 3541 2518 τήν
3581 2447 3797 2519 πρόνοια

2181 2541 2344 2594 αὐτοῦ
2387 2540 2617 2610 μάλιστα
2637 2541 2737 2608 τὴν
2771 2539 2901 2610 περὶ
2933 2540 3031 2609 τὴν
3071 2539 3181 2592 τῶν
3212 2536 3510 2608 ἀνθρώπων
3544 2538 3715 2605 φύσιν
3741 2539 3797 2590 be:

2183 2625 2420 2688 κνύουσι;
2452 2624 2560 2677 Καὶ
2581 2621 2634 2675 εῐ
2649 2639 2732 2686 τις
2753 2622 3034 2693 βουληθείη
3053 2622 3256 2676 ἀνωθεν
3279 2621 3372 2673 καὶ
3396 2620 3454 2687 ἐξ
3473 2621 3648 2691 ἀρχῆς
3669 2621 3797 2673 ταῦτ

2182 2708 2686 2780 ἀπαριθμήσασθαι,
2713 2708 2932 2780 εὑρήσει
2952 2705 3058 2759 ἀπὸ
3083 2703 3176 2757 τοῦ
3199 2702 3361 2757 αὐτοῦ
3392 2702 3594 2756 σκοποῦ
3622 2704 3797 2756 άπάσι

2182 2791 2280 2854 τὰς
2299 2792 2564 2862 τιμωρίας
2585 2791 2859 2858 ἐπάγοντα
2873 2801 2894 2829 ο
2920 2791 3030 2852 τοῖς
3050 2787 3438 2858 ἡμαρτηκόσιν.
3465 2787 3617 2840 Ἐπεὶ
3637 2788 3740 2840 καὶ
3760 2787 3797 2840 τί

2196 2875 2384 2944 Ἀδὰμ,
2420 2875 2582 2944 ἡνίκα
2611 2874 2849 2945 παρέϐη,
2888 2873 2949 2926 οὐ
2983 2871 3224 2937 κολάζων
3255 2872 3434 2942 μόνον,
3458 2870 3594 2925 ἀλλὰ
3621 2874 3724 2924 καὶ
3755 2875 3797 2924 εἰ

2183 2958 2419 3028 εργετῶν
2446 2957 2665 3021 ἐξέϐαλε
2709 2956 2802 3010 τοῦ
2831 2954 3178 3026 παραδείσου.
3215 2955 3323 3008 Καὶ
3350 2955 3496 3017 ποία,
3524 2955 3718 3025 φησὶν,
3759 2957 3797 3008 εί

2183 3039 2404 3110 εργεσία
2447 3039 2507 3092 τὸ
2539 3040 2787 3092 ἐκπεσεῖν
2830 3037 2926 3108 τῆς
2974 3037 3030 3089 ἐν
3074 3035 3151 3105 τῷ
3193 3035 3502 3107 παραδείσῳ
3527 3036 3797 3104 διαγωγῆς

2183 3121 2273 3191 Μὴ
2302 3120 2480 3184 ἁπλῶς
2502 3124 2613 3183 τοῖς
2629 3119 2933 3188 γινομένοις
2960 3119 3210 3190 πρόσεχε,
3235 3118 3504 3186 άγαπητέ,
3532 3119 3673 3188 μηδέ
3705 3137 3795 3186 παι

2183 3207 2359 3277 έργως
2394 3206 2462 3258 τά
2491 3205 2640 3276 παρά
2677 3204 2771 3256 τοῦ
2802 3202 2935 3258 Θεοῦ
2980 3202 3240 3272 γινόμενα
3271 3202 3678 3272 καταμάνθανε,
3713 3205 3795 3255 ddi

2184 3291 2320 3360 πρὸς
2342 3289 2403 3342 τὸ
2428 3287 2589 3359 βάθος
2611 3288 2908 3341 κατόπτευε
2933 3287 3030 3357 τῆς
3061 3285 3260 3355 πολλῆς
3292 3284 3454 3339 αὐτοῦ
3485 3286 3795 3355 ἀγαθάτητα

2183 3374 2277 3427 καὶ
2298 3373 2552 3444 εὑρήσεις
2589 3372 2804 3424 ἄπαντα
2854 3368 2942 3422 διά
2984 3369 3143 3422 τοῦτο
3170 3370 3298 3440 παρ’
3348 3367 3512 3421 αὑτοῦ
3559 3370 3795 3438 γινόμενι

2185 3457 2319 3511 Είπέ
2344 3455 2454 3526 γάρ
2503 3472 2613 3527 μοι,
2667 3455 2716 3507 εἰ
2746 3452 2843 3507 καὶ
2870 3451 3007 3522 μετά
3053 3452 3151 3522 τὴν
3180 3451 3490 3522 παράϐασιν
3521 3452 3631 3504 τῶν
3662 3454 3795 3505 αὑτέ

2180 3539 2494 3610 ἀπήλαυσεν
2521 3541 2549 3592 ό
2593 3536 2784 3606 Ἀδὰμ,
2838 3534 2941 3588 ποῦ
2972 3535 3072 3588 οὐκ
3127 3535 3192 3588 ἂν
3222 3534 3571 3604 ἐξεκυλίσθη;
3626 3537 3695 3589 Εἰ
3742 3553 3795 3606 γι

2184 3622 2325 3696 μετά
2354 3621 2619 3685 τοσαύτας
2652 3618 3024 3692 παραγγελίας
3044 3617 3368 3687 ἀνασχέσθαι
3393 3617 3727 3683 κατεδέξατο

2179 3707 2396 3777 ἀπάτης
2428 3706 2520 3760 τοῦ
2547 3706 2741 3775 ὄφεως,
2773 3705 2867 3757 καὶ
2889 3701 2986 3774 τὴν
3006 3701 3292 3773 ἐπιϐουλὴν
3322 3701 3574 3767 δέξασθαι
3607 3703 3708 3755 τοῦ
3738 3704 3795 3754 δυ

2181 3789 2359 3853 ϐόλου,
2393 3790 2458 3861 ἡν
2495 3789 2560 3842 δι’
2592 3787 2756 3841 αὑτοῦ
2803 3787 3121 3858 προσήγαγε
3152 3786 3218 3854 τῇ
3261 3784 3360 3854 τῆς
3402 3785 3638 3847 ἰσοθεϊας
3670 3785 3793 3837 ἐλτεὲ

2187 3873 2435 3943 φυσήσας
2461 3871 2677 3938 αὐτοὺς,
2698 3870 2791 3924 καὶ
2819 3873 2898 3933 είς
2922 3869 3019 3940 τὴν
3047 3868 3144 3938 τῆς
3178 3866 3536 3938 παραϐάσεως
3564 3868 3793 3938 ἀμαρτίι

2184 3956 2454 4027 ἐμϐαλὼν,
2478 3957 2526 4008 εί
2553 3956 2644 4009 καί
2673 3953 2810 4026 μετὰ
2838 3952 3007 4007 ταῦτα
3039 3953 3132 4006 ἐπὶ
3157 3950 3258 4022 τῆς
3273 3951 3443 4021 αὐτῆς
3465 3952 3658 4021 ἔμενεν
3688 3953 3793 4015 dii:

2183 4040 2277 4093 καὶ
2300 4040 2591 4109 διαγωγῆς,
2613 4039 2727 4100 πῶς
2750 4037 2849 4090 οὐκ
2875 4038 2940 4090 ἂν
2967 4035 3145 4106 πολλῷ
3177 4035 3376 4106 μᾶλλον
3401 4032 3793 4105 ἀξιοπιστότερα

2181 4125 2426 4194 ἡγήσατο
2453 4123 2544 4175 τὸν
2577 4120 2808 4192 πονηρὸν
2830 4121 3034 4174 ἐκεῖνον
3069 4119 3301 4190 δαίμονα
3331 4117 3424 4171 τοῦ
3453 4117 3564 4171 τῶν
3593 4117 3736 4170 ὅλων
3763 4120 3793 4178 ἐι

2183 4206 2464 4276 μιουργοῦ,
2495 4205 2589 4258 καὶ
2618 4203 2838 4275 μείζονα
2865 4202 2966 4271 τῆς
2993 4202 3198 4264 οἰκείας
3225 4201 3384 4266 ἀξίας
3420 4200 3584 4254 πάλιν
3612 4199 3793 4269 ἐφαντί

2181 4289 2318 4359 σθη;
2373 4289 2481 4342 Καὶ
2512 4286 2619 4358 γὰρ
2657 4285 2878 4354 τοιαύτη
2913 4285 3022 4337 τῶν
3072 4281 3373 4355 ἀνθρώπων
3414 4283 3447 4352 ἡ
3479 4281 3646 4351 φύσις
3672 4299 3688 4312 ·
3721 4283 3793 4334 δτι

2178 4372 2570 4444 ἁμαρτάνουσα
2602 4369 2676 4440 μὴ
2709 4366 3142 4438 ἀναχαιτίζηται,
3191 4364 3305 4419 ἀλλ’
3339 4363 3521 4428 ἀδείας
3555 4364 3791 4417 ἀπολαύει

2181 4456 2485 4528 περαιτέρω
2515 4454 2777 4526 προϊοῦσα
2805 4451 2945 4506 κατά
2972 4448 3232 4521 κρημνῶν
3258 4448 3494 4502 ἀπεισιν.
3540 4447 3756 4508 Ἀλλως
3781 4446 3791 4496 ί

2179 4544 2273 4595 καὶ
2301 4539 2564 4612 ἑτέρωθεν
2602 4538 2709 4608 ἔχω
2753 4535 2944 4601 δεῖξαι,
2972 4535 3053 4587 ὅτι
3076 4531 3484 4602 φιλανθρωπίαν
3513 4529 3619 4600 τὴν
3649 4531 3791 4582 ἐαυτι

2179 4623 2617 4693 ἐπιδεικνύμενος
2647 4621 2742 4674 καὶ
2761 4619 2996 4687 ἐξελθεῖν
3017 4617 3179 4670 αὑτὸν
3202 4617 3294 4670 τοῦ
3316 4613 3652 4686 παραδείσου
3681 4625 3791 4683 πρα

2179 4707 2355 4772 έταξε,
2399 4709 2493 4760 καὶ
2531 4705 2609 4776 τῷ
2657 4704 2753 4757 τοῦ
2800 4703 3029 4757 θανάτου
3074 4699 3332 4768 ἐπιτιμίῳ
3370 4697 3675 4750 ὑπεύθυνον
3710 4711 3791 4747 και

2181 4791 2396 4864 ἐστησε,
2419 4793 2481 4860 τῇ
2514 4790 2613 4860 μὲν
2649 4787 2866 4857 ἐκϐολῇ,
2893 4787 2987 4838 καὶ
3027 4785 3105 4854 τῷ
3147 4783 3371 4852 πλησίον
3400 4782 3717 4836 κατοικίσαι
3752 4791 3791 4832 cui

2181 4863 2534 4945 φρονέστερον
2561 4870 2924 4944 ἐργαζόμενος
2945 4868 3039 4922 καὶ
3064 4870 3144 4930 εἰς
3175 4866 3237 4919 τὸ
3264 4865 3388 4934 ἑξῆς
3415 4863 3791 4945 ἀσφαλέστεῇ

2180 4944 2273 5009 καὶ
2300 4955 2386 5007 διὰ
2433 4953 2542 5007 τῶν
2569 4954 2746 5024 ἔργων
2773 4950 2935 5004 αὐτὸν
2975 4948 3239 5004 διδάσκων
3268 4947 3362 4999 τοῦ
3398 4944 3719 5024 ἀπατεῷνος

2179 5032 2489 5104 ἐπιϐουλήν.
2516 5033 2589 5085 Τὸ
2605 5021 2665 5085 δὲ
2687 5030 2781 5084 τοῦ
2820 5031 3052 5084 θανάτου
3085 5027 3355 5096 ἐπιτίμιον
3379 5024 3537 5077 πάλιν
3564 5023 3659 5104 διὰ
3692 5021 3789 5104 τοὶξ

2178 5102 2476 5184 ἐπήγαγεν,
2509 5113 2594 5164 ἵνα
2627 5110 2702 5182 μὴ
2725 5111 2911 5164 λοιπὸν
2941 5110 3028 5162 διὰ
3053 5109 3150 5177 τῆς
3183 5107 3466 5176 παρακοῆς
3495 5106 3561 5173 τῇ
3586 5102 3789 5184 ,ἀμαρτῖ

2178 5183 2475 5256 ὑπεύθυνος
2528 5191 2764 5260 γεγονὼς
2806 5191 3049 5244 ἀθάνατα
3094 5187 3406 5259 ἁμαρτάνῃ.
3460 5185 3532 5237 Οὐ
3576 5183 3727 5234 δοκεῖ
3752 5185 3789 5228 ει

2180 5292 2262 5329 σοι
2289 5273 2460 5326 ταῦτα
2492 5273 2665 5326 πάντα
2689 5272 2785 5341 τῆς
2817 5272 3077 5342 μεγίστης
3104 5265 3241 5321 εἶναι
3272 5262 3708 5342 φιλανθρωπίας.
3750 5273 3789 5342 κε

2176 5354 2236 5406 τὸ
2262 5353 2510 5406 ἐκϐαλεῖν
2548 5351 2644 5404 τοῦ
2695 5341 3045 5421 παραδείσου,
3088 5347 3181 5401 καὶ
3220 5345 3280 5398 τὸ
3324 5341 3789 5421 τιμωρήσασθαιῐί

2177 5433 2269 5486 τοῦ
2293 5433 2521 5485 θανάτου
2541 5418 2798 5500 ἐπιτιμίῴ
2819 5445 2833 5493 ;
2859 5429 3006 5497 Ἐχω
3027 5427 3082 5479 δὲ
3108 5427 3201 5479 καὶ
3221 5424 3406 5493 ἕτερον
3431 5418 3789 5500 τιπροσθεῖντξ

2181 5511 2333 5584 [245]
2368 5514 2524 5565 Ποῖον
2550 5511 2614 5581 δὴ
2643 5491 2799 5563 τοῦτο
2822 5524 2835 5570 ;
2861 5509 2982 5561 Ὅτι
3014 5508 3106 5560 καὶ
3125 5505 3328 5584 ταύτην
3356 5499 3501 5569 αὐτῷ
3529 5499 3635 5568 τὴν
3651 5491 3789 5582 ἀξίανί

2182 5573 2373 5663 κτησιν
2416 5573 2724 5662 ἐπήγαγεν,
2777 5588 2876 5640 οὐκ
2903 5589 2980 5650 είς
3026 5586 3186 5637 αὑτὸν
3235 5573 3738 5663 μόνονμπεριισίτόμν
3771 5585 3787 5614 τ

2185 5655 2283 5743 τῆξ
2309 5655 2644 5739 εὐεργεσίας,
2668 5667 2804 5721 ἀλλά
2839 5667 2931 5719 καὶ
2965 5665 3086 5726 τούς
3111 5663 3236 5743 ἑξῆς
3268 5659 3590 5743 βουλόμενος
3624 5655 3710 5743 διὰ
3739 5667 3787 5743 τε

2185 5732 2496 5819 είξέκεῖνον
2546 5732 2925 5818 γεγενημένων
2972 5739 3428 5812 σωφρονίσασθαι.
3487 5736 3551 5789 EE
3588 5732 3720 5803 γὰρ,
3749 5741 3787 5776 ιι

2255 5879 2274 5907 ε
2302 5873 2451 5928 Sari].
2477 5875 2525 5922 in
2550 5877 2686 5920 textu
2712 5876 2763 5919 et
2791 5865 2986 5928 quidam
3011 5877 3122 5913 mss.
3158 5861 3425 5922 ἐπάγοντος.
