3804 6240
115 218 226 275 ἘΘ

116 339 327 385 etortes
365 327 703 399 quotidianas
746 326 1014 381 dicentem
1059 339 1074 375 :
1125 322 1246 376 Non
1285 333 1400 377 sunt
1451 323 1715 393 condigmz

121 416 390 484 passiones
420 417 682 486 prwsentis
709 414 946 484 temporis
971 411 1040 465 ad
1064 412 1286 480 futuram
1306 411 1520 482 gloriam
1545 411 1597 463 in
1625 428 1716 464 no-

117 509 192 563 bis
211 507 540 561 "velandum
565 505 809 571 (Rom.8.
838 500 951 572 18).
974 501 1195 556 Etiamsi
1219 500 1456 571 quntidie
1481 541 1496 564 ,
1525 500 1712 570 inquit,

118 597 287 652 morti
335 611 438 650 nos
477 610 890 666 exponeremus,
923 593 974 648 id
997 593 1137 662 quod
1179 602 1362 646 natura
1392 606 1498 646 non
1533 593 1712 660 capit,

119 688 249 742 licet
269 702 428 742 mens
454 687 674 741 vincens
704 695 968 750 naturam,
989 699 1082 753 per
1102 683 1477 752 benignitatem
1505 681 1713 736 Domini

113 786 410 831 coronetur
429 817 444 842 ,
476 776 630 842 nihil,
654 776 844 845 inquit,
864 773 1125 828 ferremus
1151 789 1244 843 par
1266 773 1448 838 tantis,
1469 788 1587 842 qu:e
1616 787 1713 828 nos

115 878 438 938 accepturos
467 882 767 938 speramus,
789 866 1273 936 bonis,glori:cquc
1298 865 1352 920 in
1374 867 1526 920 nobis
1556 880 1714 920 reve-

115 959 314 1013 laudae.
345 959 478 1014 Vide
502 969 698 1030 quanta
723 959 908 1028 gloriae
936 956 1300 1027 magnitudine
1330 956 1572 1011 fruantur
1601 957 1708 1011 vir-

116 1051 247 1106 tutis
274 1051 520 1116 asseche,
535 1052 606 1104 ita
633 1060 689 1103 ut
715 1051 802 1103 illa
823 1049 990 1119 gloria
1011 1057 1225 1116 superet
1246 1048 1424 1100 omnia
1445 1062 1714 1116 qntncum-

113 1158 222 1214 que
249 1144 511 1199 exhibere
538 1144 657 1213 quis
687 1143 879 1211 poterit
922 1157 937 1193 :
986 1138 1194 1194 etiamsi
1220 1138 1363 1192 cnim
1400 1139 1468 1193 ad
1496 1140 1710 1194 culmen

118 1236 376 1305 attingat,
397 1239 526 1288 tun’c
545 1249 756 1304 quoque
787 1231 1008 1286 inferior
1034 1230 1156 1285 erit.
1183 1230 1320 1298 Quid
1347 1231 1486 1285 enim
1511 1239 1709 1284 tantum

113 1329 379 1383 exhibere
401 1337 577 1396 potest
607 1327 768 1379 homo
787 1367 802 1390 ,
825 1325 964 1395 quod
996 1333 1162 1380 certet
1188 1339 1310 1378 cum
1341 1325 1546 1378 Domini
1571 1325 1710 1380 lihe-

115 1421 379 1477 ralitate?
411 1421 564 1488 Quod
596 1421 638 1473 si
670 1419 863 1473 Paulus
894 1419 1018 1472 talis
1043 1428 1094 1472 ct
1125 1426 1299 1471 tantus
1325 1418 1565 1484 dicebat,
1593 1418 1710 1473 Non

109 1517 232 1558 sunt
252 1505 812 1575 condignwpassiones
831 1504 988 1572 hujus
1004 1505 1248 1572 temporis
1267 1504 1335 1558 ad
1349 1505 1581 1574 futuram
1593 1509 1698 1577 glo-

112 1599 250 1649 riam
270 1612 394 1666 qua:
416 1596 733 1650 revelabitur
748 1596 802 1648 in
823 1595 970 1649 nobis
989 1594 1344 1666 (Rom.8.18),
1362 1595 1454 1665 qui
1473 1596 1606 1650 alias
1625 1597 1699 1647 di-

109 1691 205 1751 cit,
229 1689 482 1752 Quotidie
509 1689 709 1742 morior
737 1689 810 1756 (1.
838 1686 963 1743 Cor.
996 1688 1082 1743 15.
1110 1689 1199 1758 3i)
1222 1704 1238 1753 ;
1265 1695 1318 1742 et
1333 1701 1549 1749 rursus,
1575 1685 1706 1740 Plus

115 1780 362 1835 omnibus
389 1779 626 1835 laboravi
646 1779 875 1850 (lbid.v.
905 1779 992 1850 10)
1012 1799 1024 1834 :
1048 1777 1178 1850 quid
1204 1793 1304 1832 nos
1321 1778 1585 1839 dicemus,
1609 1775 1706 1844 qui

115 1889 300 1943 neque
330 1874 604 1942 vulgarem
635 1872 874 1927 laborem
898 1887 995 1941 pro
1028 1874 1228 1925 virtute
1248 1869 1526 1938 suscipere
1554 1869 1708 1922 volu-

117 1981 265 2028 mus,
285 1965 382 2020 sed
407 1965 693 2020 remissam
717 1965 883 2018 vitam
911 1972 1206 2027 sectamur,
1227 1972 1281 2016 et
1306 1962 1408 2018 hoc
1427 1976 1592 2015 unum
1616 1976 1706 2016 ca-

117 2074 340 2126 vemus,
359 2073 428 2113 ne
449 2057 578 2127 quid
599 2057 756 2112 triste
776 2055 934 2112 nobis
953 2054 1449 2126 accidat,quamvis
1465 2053 1706 2112 sciamus

110 2133 224 2208 non
257 2167 387 2208 esse
415 2150 672 2221 possibile
701 2149 857 2205 aliter
880 2150 1095 2219 assequi
1124 2147 1512 2204 beatitudinem
1540 2148 1705 2204 cmle-

110 2256 280 2310 stem,
327 2245 434 2302 nisi
470 2261 566 2315 per
606 2251 903 2314 praesentes
939 2243 1259 2298 aﬁlictiones
1289 2244 1353 2297 ad
1384 2258 1504 2296 eam
1547 2240 1702 2312 prius

109 2336 828 2395 anhelemus?Alllictiones
858 2337 1001 2391 enim
1027 2336 1078 2390 id
1100 2336 1260 2392 nobis
1290 2335 1608 2398 conciliant,
1639 2344 1703 2390 ut

110 2432 227 2488 Deo
265 2435 432 2503 grati.
459 2433 663 2496 simus;
694 2439 749 2486 et
781 2430 868 2485 hic
904 2431 988 2486 vel
1027 2445 1219 2501 parum
1272 2430 1540 2494 laborare,
1589 2429 1702 2485 illic

112 2525 280 2581 nobis
311 2539 564 2596 magnam
591 2523 844 2579 ﬁduciam
875 2524 1100 2593 praebet,
1136 2523 1433 2581 dummodo
1467 2524 1699 2581 velimus

109 2616 422 2674 secundum
447 2616 736 2671 consilium
770 2615 918 2669 illius
941 2615 1186 2686 magistri
1217 2615 1368 2671 orbis
1397 2614 1696 2671 ambulare.

112 2710 448 2771 Considera,
480 2709 698 2768 dilecte.
733 2709 860 2763 licet
892 2709 1068 2762 tristia
1104 2711 1215 2764 sint
1248 2724 1369 2778 quae
1418 2709 1697 2777 accidunt,

107 2819 240 2859 esse
272 2811 456 2858 tamen
481 2810 829 2870 temporanea
855 2817 869 2855 :
898 2801 1036 2854 bona
1071 2814 1199 2855 vero
1221 2815 1343 2870 quae
1368 2799 1479 2854 illic
1505 2815 1696 2858 susce-

105 2895 258 2966 pturi
291 2909 505 2960 sumus,
541 2892 871 2946 immortalia
899 2907 1019 2948 esse
1048 2899 1102 2946 et
1133 2901 1356 2947 aeterna.
1387 2891 1519 2959 Qua:
1556 2895 1694 2947 enim

105 2988 380 3052 ridentur,
406 2967 603 3055 inquit,
626 2985 938 3054 temporalia
971 2995 1130 3038 sunt:
1153 3001 1269 3056 qua:
1292 2995 1470 3039 autem
1495 3002 1596 3040 non
1619 2986 1695 3040 vi-

103 3083 331 3140 dentur,
349 3084 548 3129 (eterna
577 3075 654 3145 (2.
683 3073 810 3130 Cor.
833 3074 887 3129 4.
913 3071 999 3142 18)
1037 3072 1077 3126 F
1081 3089 1299 3130 eramus
1323 3089 1453 3145 ergo
1483 3073 1695 3131 fortiter

107 3167 609 3237 inec'temporalia,
650 3181 829 3236 neque
859 3165 1192 3222 desistamus
1222 3182 1253 3221 a
1283 3167 1545 3222 virtutum
1576 3176 1694 3225 stu-

105 3260 241 3322 diis,
256 3266 317 3312 ut
337 3257 559 3313 :eternis
576 3265 630 3312 et
645 3272 860 3327 semper
880 3258 1228 3314 manentibus
1241 3258 1399 3315 bonis
1412 3259 1692 3318 fruamur:

103 3367 231 3422 quae
252 3353 414 3406 nobis
441 3351 696 3406 omnibus
725 3351 1094 3406 concedantur
1113 3351 1285 3422 gratia
1308 3357 1362 3406 et
1382 3353 1693 3409 misericor-

111 3444 206 3496 dia
227 3441 445 3497 Domini
465 3442 637 3498 nostri
658 3441 786 3499 Jesu
815 3442 1040 3508 Christi,
1068 3456 1191 3497 cum
1212 3457 1322 3512 quo
1342 3441 1509 3508 l’atri,
1531 3445 1693 3500 simul

102 3542 159 3590 et
183 3531 420 3602 Spiritui
448 3541 640 3588 sancto
669 3535 740 3590 sit
768 3534 964 3604 gloria,
988 3533 1298 3605 imperium,
1330 3535 1525 3602 honor,
1548 3551 1695 3592 nunc

102 3638 161 3683 et
193 3640 437 3697 semper,
469 3634 525 3682 et
550 3624 607 3682 in
634 3626 834 3683 saecula
864 3624 1206 3681 saeculorum.
1234 3626 1426 3683 Amen.

658 3716 936 3771 HOMILIA
975 3715 1163 3771 XXVI.

115 3825 187 3880 Et
212 3825 507 3880 recordatus
530 3836 602 3880 est
631 3825 769 3880 Deus
799 3827 912 3881 Noe
931 3868 947 3892 ,
991 3838 1041 3881 et
1082 3828 1305 3882 omnium
1332 3829 1620 3899 bestiarum,
1653 3843 1700 3886 et

185 3917 418 3971 omnium
445 3919 812 3986 jumentorum,
852 3927 898 3971 et
933 3919 1156 3972 omnium
1182 3918 1478 3989 volatilium,
1504 3932 1552 3976 et
1592 3940 1700 3977 om-

185 4006 331 4059 nium
351 4006 627 4074 reptilium,
654 4022 974 4076 quacumque
992 4017 1259 4061 erantcum
1278 4008 1368 4064 illo
1392 4013 1444 4064 in
1470 4027 1610 4065 arca.
1632 4012 1699 4066 Et

185 4097 403 4150 adduxit
427 4095 566 4150 Deus
589 4097 824 4166 spiritum
851 4113 1005 4167 super
1030 4106 1231 4164 terram,
1261 4109 1307 4154 et
1343 4102 1547 4156 cessauit
1566 4118 1699 4174 aqua

191 4188 348 4260 (Gen.
370 4189 425 4244 8.
460 4190 536 4262 ι).

188 4302 240 4354 1.
282 4300 470 4369 Magna
491 4309 544 4355 et
569 4299 849 4354 iuell‘abilis
869 4298 961 4355 Dei
982 4299 1300 4370 benignitas,
1319 4301 1700 4372 excellensque

108 4392 232 4462 ejus
255 4392 468 4446 bonitas
488 4407 550 4445 ex
572 4391 681 4460 jam
704 4391 854 4445 lectis
878 4391 1361 4462 ostenditur.quam
1393 4409 1498 4447 non
1525 4394 1698 4449 solum

108 4499 241 4553 erga
291 4483 549 4537 rationale
596 4483 698 4536 hoc
750 4482 980 4548 animal,
1011 4482 1277 4536 hominem
1317 4483 1473 4549 dico,
1504 4485 1599 4538 sed
1645 4496 1701 4540 et

107 4591 242 4645 erga
271 4575 551 4629 brutorum
599 4575 906 4628 animalium
941 4587 1180 4628 naturam
1225 4574 1530 4629 declaravit.
1565 4577 1696 4631 Nam

107 4675 239 4714 cum
262 4660 502 4712 omnium
527 4659 599 4713 sit
624 4658 900 4723 Conditor,
919 4674 1040 4729 erga
1072 4659 1269 4726 omnia,
1295 4675 1412 4729 qua:
1432 4675 1460 4712 a
1489 4677 1548 4716 se
1575 4671 1700 4717 sunt

107 4748 357 4813 condita,
390 4763 540 4802 suam
568 4749 800 4802 ostendit
841 4749 1128 4802 bonitatem
1165 4767 1178 4802 :
1207 4764 1302 4819 per
1327 4750 1504 4803 omnia
1544 4753 1698 4808 nobis

106 4853 302 4896 notum
333 4839 552 4902 faciens,
576 4849 824 4909 quantam
851 4840 1065 4895 humani
1088 4843 1298 4910 generis
1322 4858 1503 4898 curam
1526 4855 1695 4914 gerat,

104 4945 174 4984 ac
199 4945 261 4985 se
281 4930 458 4982 omnia
487 4929 612 4983 olim
641 4939 692 4984 et
718 4929 786 4983 ab
807 4930 954 4984 initio
977 4939 1190 4999 propter
1208 4932 1431 4986 salutem
1461 4944 1696 4990 nostram

109 5020 514 5088 fecisse.ltaque
537 5020 636 5074 etsi
660 5021 860 5090 puniat,
881 5021 982 5075 etsi
1007 5022 1060 5074 in
1088 5037 1184 5075 nos
1211 5022 1611 5090 animadvertat,
1631 5041 1695 5080 ex

105 5111 300 5167 eadem
328 5112 564 5165 bonitate
585 5125 678 5165 sua
699 5111 810 5165 haec
832 5122 885 5164 et
902 5112 985 5165 illa
1008 5111 1149 5164 facit.
1169 5112 1281 5166 Non
1298 5113 1438 5168 enim
1459 5115 1539 5169 vel
1570 5115 1699 5171 affe-

103 5204 292 5257 ctione
320 5201 404 5256 vel
429 5201 507 5255 ira
530 5217 740 5271 pmnam
767 5203 926 5256 infert
958 5203 1084 5257 :sed
1105 5204 1355 5258 malitiam
1387 5205 1698 5262 exscindere

105 5295 244 5360 vult,
273 5308 341 5348 ne
360 5293 492 5347 ultra
514 5294 898 5364 progrediatur.
915 5294 1042 5360 Quia
1068 5305 1118 5349 ct
1141 5311 1298 5362 nunc,
1316 5296 1452 5350 sicut
1479 5299 1693 5363 auditis,

103 5383 371 5438 diluvium
398 5383 469 5438 ob
496 5383 630 5438 nihil
655 5384 796 5439 aliud
813 5385 1037 5452 induxit,
1054 5401 1210 5454 quam
1231 5395 1286 5439 ut
1305 5403 1485 5441 curam
1515 5397 1698 5458 ageret

104 5490 297 5531 eorum
314 5475 407 5546 qui
432 5475 693 5547 iniquitati
722 5491 782 5532 se
805 5475 1137 5532 dediderant.
1163 5478 1230 5532 Et
1255 5479 1444 5548 qualis,
1469 5479 1694 5549 inquies,

103 5580 236 5620 cura
259 5564 398 5630 haec,
424 5581 614 5622 omnes
635 5582 770 5637 aqua
806 5567 1052 5622 suﬂ'ocari
1069 5568 1092 5621 ?
1111 5567 1187 5623 Ne
1213 5577 1411 5623 temere
1440 5569 1696 5639 loquaris,

104 5657 294 5725 homo,
331 5656 427 5714 sed
456 5667 607 5730 grato
635 5659 818 5718 animo
841 5659 1023 5732 accipe
1046 5674 1105 5717 ca
1128 5676 1245 5731 qua:
1266 5676 1296 5716 a
1323 5661 1547 5718 Domino
1573 5671 1696 5719 sunt

1187 210 1250 267 ΙΝ
1278 209 1429 266 CAP.
1471 212 1604 271 VIII.
1637 219 1875 278 GENES.
1919 219 2146 278 HOMIL.
2188 219 2382 278 XX“.

3303 215 3408 272 250

1833 323 1987 387 facta,
2007 333 2062 377 et
2087 325 2222 379 scies
2243 325 2346 380 hoc
2367 325 2527 380 etiam
2556 339 2676 380 esse
2703 324 2945 380 maximat
2966 341 3108 381 curm
3134 343 3408 398 argumen-

1827 423 1960 469 tum.
1989 413 2120 469 Nam
2151 431 2244 470 eos
2269 418 2358 485 qui
2390 417 2467 471 sic
2506 417 2873 473 incurabiliter
2903 429 3126 488 peccant
3146 460 3162 486 ,
3191 429 3244 475 et
3270 438 3404 490 quo-

1825 505 1952 560 tidie
1981 506 2198 560 vulnera
2227 508 2327 562 sibi
2359 508 2602 577 inﬂigunt
2622 551 2637 574 ,
2669 517 2724 563 ct
2763 509 2944 565 ulcera
2970 510 3068 565 sibi
3098 512 3244 565 omni
3277 528 3406 567 cura

1822 597 2095 664 superiora
2125 598 2391 664 inferunt,
2421 615 2485 653 ex
2519 610 2668 655 tanto
2711 601 2852 655 malo
2901 602 3155 656 liberasse
3176 644 3191 668 ,
3227 619 3406 659 nonne

1821 703 2045 744 summa:
2086 697 2201 742 erat
2241 689 2574 758 prudentiae?
2605 691 2669 744 Et
2707 691 2822 760 ipse
2868 692 3120 760 puniendi
3169 693 3362 749 modus
3387 735 3406 762 ,

1821 794 1999 832 nonne
2040 780 2184 832 omni
2238 779 2562 850 benignitate
2605 782 2793 851 plenus
2817 783 2943 837 est?
2985 783 3092 838 Eos
3140 785 3283 840 enim
3313 786 3406 856 qui

1820 870 2056 941 alioquin
2107 881 2310 926 natura:
2357 873 2591 928 debitum
2641 874 2866 928 soluturi
2907 887 3079 943 erant,
3109 877 3186 932 sic
3229 893 3405 947 poenae

1822 961 1942 1016 loco
1967 963 2129 1016 vitam
2170 963 2440 1032 deponere
2466 1004 2481 1030 ,
2513 973 2570 1018 ut
2601 980 2666 1018 ne
2703 979 2917 1020 sensum
2960 968 3172 1036 quidem
3214 972 3402 1026 mortis

1823 1053 2118 1120 haberent,
2172 1054 2265 1109 sed
2308 1056 2508 1124 absque
2549 1055 2749 1109 doloris
2787 1059 3023 1113 cruciatu
3073 1061 3400 1130 supplicium

1817 1144 2074 1211 subirent,
2103 1156 2314 1214 quanta:
2355 1161 2462 1200 non
2503 1145 2659 1201 fuerit
2691 1146 2966 1217 sapientia:
2996 1159 3049 1204 et
3092 1150 3396 1208 bonitatis?

1816 1234 1952 1302 Quin
1979 1236 2023 1288 si
2050 1236 2170 1304 quis
2199 1237 2379 1289 animo
2412 1235 2502 1306 pio
2531 1237 2796 1307 espendat
2822 1238 3016 1292 factum
3039 1281 3053 1303 ,
3080 1256 3183 1294 non
3220 1243 3395 1298 solum

1817 1339 2008 1396 nempe
2035 1327 2101 1382 iis
2129 1327 2219 1396 qui
2259 1327 2427 1398 puniti
2456 1336 2580 1383 sunt
2605 1327 2859 1384 beneﬁcia
2886 1345 3006 1386 esse
3033 1331 3261 1400 collata,
3296 1334 3394 1390 sed

1815 1426 1870 1473 et
1910 1419 2159 1488 posteris,
2182 1419 2272 1489 qui
2315 1418 2423 1475 duo
2468 1421 2703 1476 maxima
2748 1420 2874 1478 inde
2915 1436 3266 1494 perceperunt
3301 1425 3396 1481 bo-

1815 1524 1882 1563 na
1902 1551 1916 1573 ,
1951 1508 2026 1582 (a)
2070 1509 2202 1582 [tum
2231 1510 2373 1582 quod
2401 1511 2588 1567 iisdem
2616 1513 2667 1568 in
2696 1514 2848 1568 malis
2877 1530 2983 1569 non
3014 1516 3122 1571 sint
3145 1517 3392 1586 involuti,

1813 1607 1926 1653 tum
1955 1600 2097 1670 quod
2127 1616 2192 1655 ex
2221 1602 2519 1670 huiusmodi
2547 1603 2698 1658 factis
2735 1605 3001 1661 cautiores
3040 1615 3094 1662 et
3132 1618 3395 1678 tempera-

1815 1693 1977 1749 tiores
2003 1695 2300 1768 evaserint]
2346 1707 2594 1767 quantam
2643 1700 2931 1769 gratiarum
2979 1703 3242 1759 actionem
3296 1721 3392 1775 pro

1811 1783 1918 1838 illis
1947 1785 2059 1841 Deo
2088 1801 2194 1841 non
2219 1787 2489 1843 debeant?
2512 1790 2719 1845 Etenim
2746 1792 2945 1860 posteri
2972 1807 3126 1862 pinna
3152 1796 3390 1864 illorutn,

1811 1882 1866 1929 et
1896 1885 2060 1939 metu.
2093 1892 2160 1930 ne
2179 1877 2365 1932 eadem
2389 1893 2509 1947 qua:
2538 1878 2614 1932 illi
2638 1889 2965 1948 paterentur,
2992 1883 3239 1940 meliores
3267 1885 3387 1942 facti

1810 1977 1960 2021 sunt:
1985 1983 2046 2021 ac
2071 1978 2323 2037 prmterea
2346 1984 2506 2025 omne
2529 1970 2740 2024 malitia:
2763 1970 3078 2028 fermentum
3098 1975 3383 2045 sublatum,

1812 2068 1866 2115 et
1894 2061 2072 2115 nullus
2093 2061 2313 2117 relictus
2337 2062 2436 2117 fuit
2463 2063 2542 2118 eis
2573 2063 2790 2118 malitiae
2827 2075 2880 2119 et
2911 2065 3198 2134 iniquitatis
3222 2070 3388 2140 magi-

1810 2159 1939 2206 ster.
1969 2152 2128 2208 Vides
2153 2153 2422 2224 quomodo
2450 2163 2505 2209 et
2534 2169 2707 2224 ptume
2750 2164 2801 2210 et
2841 2157 3098 2228 supplicia
3128 2159 3386 2216 beneﬁcia

1808 2242 1916 2296 sint
1936 2282 1952 2308 ,
1975 2253 2028 2298 et
2058 2243 2151 2299 Dei
2178 2258 2301 2314 erga
2331 2243 2597 2300 hominem
2642 2245 3028 2316 providentiam
3072 2249 3388 2307 declarent?

1809 2332 1876 2387 Et
1902 2333 1946 2387 si
1971 2334 2088 2403 quis
2117 2334 2252 2390 velit
2278 2334 2394 2390 haec
2418 2350 2451 2390 a
2479 2335 2664 2405 primis
2689 2345 2743 2391 et
2764 2337 2832 2393 ab
2858 2339 3008 2394 initio
3035 2355 3348 2399 enumerare
3367 2384 3384 2411 ,

1808 2424 2042 2480 inveniet
2067 2439 2254 2480 omnes
2295 2439 2480 2496 pmnas
2507 2426 2607 2482 hac
2638 2427 2706 2482 de
2731 2443 2887 2484 causa
2919 2433 3281 2499 peccatoribus
3307 2435 3386 2489 in-

1808 2523 2058 2572 tentatas.
2082 2514 2215 2570 Nam
2247 2524 2302 2571 et
2326 2516 2493 2572 Adam
2526 2527 2828 2586 peccantem
2857 2536 2966 2573 non
3010 2521 3234 2590 puniens
3264 2533 3383 2578 tan-

1809 2614 1945 2673 tum,
1977 2606 2072 2662 sed
2103 2615 2158 2662 et
2182 2606 2442 2664 beneﬁcio
2477 2623 2801 2679 prosequens
2829 2611 3075 2681 paradiso
3095 2613 3268 2684 ejecit.
3317 2615 3384 2672 Et

1805 2699 1964 2768 quale
1991 2698 2124 2754 dicis
2149 2698 2486 2766 beneﬁcium,
2517 2700 2676 2755 etiam
2707 2700 2934 2770 paradisi
2962 2702 3064 2756 vita
3087 2703 3382 2760 excidisset

1805 2786 1885 2845 Ne
1911 2789 2222 2858 simpliciter
2249 2789 2495 2844 attendas
2523 2789 2590 2844 ad
2615 2805 2676 2844 ea
2699 2806 2817 2860 quae
2841 2801 3098 2861 geruntur
3116 2834 3132 2860 ,
3168 2794 3379 2862 dilecte,

1807 2894 1980 2949 neque
2007 2879 2181 2935 obiter
2204 2894 2323 2950 qua:
2353 2896 2381 2933 a
2414 2881 2525 2936 Deo
2565 2880 2698 2935 ﬁunt
2721 2880 3000 2938 addiscas:
3032 2883 3126 2939 sed
3162 2885 3380 2954 profun-

1804 2970 1932 3026 dum
1961 2970 2104 3026 illius
2128 2971 2382 3027 bonitatis
2410 2971 2634 3039 intuere,
2655 2982 2710 3027 et
2737 2974 2973 3030 invenies
2997 2977 3171 3030 omnia
3192 2976 3381 3034 eadem

1805 3061 1876 3119 de
1903 3077 2064 3118 causa
2085 3062 2153 3118 ab
2179 3063 2296 3134 ipso
2317 3064 2455 3119 ﬁeri.
2481 3064 2575 3120 Dic
2601 3064 2740 3120 enim
2763 3064 2916 3132 mihi,
2937 3066 2984 3122 si
3006 3067 3196 3134 Adam,
3228 3080 3378 3138 post-

1802 3171 1960 3226 quam
1989 3155 2067 3210 sic
2091 3165 2454 3227 transgressus
2473 3166 2555 3212 est
2573 3198 2588 3220 ,
2622 3157 2809 3212 iisdem
2840 3158 3016 3215 adhuc
3045 3159 3146 3214 frui
3176 3163 3380 3232 potuis-

1803 3256 1917 3313 set,
1945 3263 2051 3318 quo
2097 3261 2208 3303 non
2259 3248 2743 3305 excidissetiNam
2795 3250 2840 3305 si
2895 3252 3056 3306 tantis
3106 3254 3380 3322 promissis

1809 3340 2066 3408 acceptis,
2098 3347 2402 3409 serpentem
2445 3339 2782 3410 deeeptorem
2826 3341 3049 3407 audivit,
3073 3351 3128 3397 et
3164 3343 3379 3399 insidias

1801 3429 2037 3496 admisit,
2063 3443 2196 3500 quas
2221 3443 2316 3499 per
2340 3445 2462 3485 eum
2490 3429 2732 3486 diabolus
2776 3430 2983 3497 intulit,
3017 3447 3112 3502 spe
3137 3432 3380 3489 videlicet

1803 3517 2114 3574 obtinenda:
2155 3518 2476 3589 aequalitatis
2518 3535 2638 3574 cum
2689 3521 2798 3575 Deo
2848 3519 3071 3585 inﬁans,
3104 3531 3263 3592 atque
3324 3523 3377 3578 in

1802 3607 2252 3678 praevaricationis
2279 3618 2554 3680 peccatum
2582 3611 2726 3665 illum
2750 3611 3010 3680 injiciens,
3041 3611 3084 3666 si
3112 3612 3162 3666 in
3191 3611 3375 3668 eadem

1803 3702 2060 3773 dignitate
2080 3716 2144 3756 ac
2190 3703 2312 3757 vitae
2355 3703 2562 3756 ratione
2602 3703 2918 3770 mansisset,
2955 3703 3222 3774 quomodo
3270 3719 3376 3759 non

1803 3793 1972 3848 multo
2002 3792 2105 3848 ﬁde
2129 3792 2421 3862 digniorem
2446 3802 2677 3862 putasset
2699 3795 2982 3864 malignum
3013 3795 3157 3849 illum
3176 3794 3376 3849 daemo-

1803 3898 1957 3948 nem,
1990 3898 2148 3954 quam
2200 3899 2378 3939 rerum
2424 3883 2659 3939 omnium
2705 3885 3076 3949 Conditorem,
3104 3885 3275 3956 deque
3317 3902 3376 3943 se

1803 3973 2136 4038 sublimiora,
2165 3989 2324 4044 quam
2353 3974 2579 4045 dignitas
2609 3990 2701 4031 sua
2735 3975 2958 4042 ferebat,
2979 3977 3158 4032 animo
3179 3993 3376 4033 conce-

1803 4064 2010 4134 pisset?
2061 4064 2272 4120 Etenim
2319 4065 2439 4119 talis
2492 4065 2764 4120 hominum
2821 4075 3008 4121 natura
3061 4077 3174 4134 est,
3227 4078 3284 4124 ut
3329 4068 3376 4124 si

1801 4155 2014 4225 quando
2057 4169 2285 4226 peccans
2336 4171 2442 4210 non
2489 4157 2819 4221 refrenatur,
2861 4158 2956 4213 sed
3002 4174 3188 4215 secure
3231 4161 3373 4232 agit,

1802 4246 2025 4300 ulterius
2049 4246 2343 4316 procedens
2364 4247 2415 4301 in
2440 4262 2672 4316 praeceps
2695 4247 2912 4302 feratur.
2946 4249 3059 4303 Alia
3087 4258 3262 4306 tamen
3292 4254 3374 4306 via

1804 4351 2020 4406 possum
2047 4336 2328 4393 ostendere
2347 4378 2360 4402 ,
2383 4337 2520 4407 quod
2551 4339 2886 4392 clementiam
2916 4356 3023 4408 pra:
3057 4355 3115 4394 se
3157 4340 3332 4396 ferens
3356 4383 3372 4408 ,

1803 4427 2063 4482 Adamum
2087 4427 2329 4497 paradiso
2350 4429 2568 4496 jusserit
2593 4429 2874 4496 excedere,
2905 4439 2960 4484 et
2985 4432 3169 4486 mortis
3202 4449 3374 4502 pinnae

1804 4518 1991 4573 fecerit
2016 4519 2307 4574 obnoxium
2333 4537 2346 4573 :
2373 4535 2492 4574 nam
2522 4520 2782 4590 ejectione
2808 4530 2864 4576 et
2901 4525 3193 4594 prepinqua
3224 4526 3376 4580 habi-

1805 4609 2003 4664 tatione
2026 4609 2417 4679 castigatiorem
2438 4651 2454 4673 ,
2477 4619 2531 4664 et
2567 4610 2619 4664 in
2644 4619 2912 4678 posterum
2954 4615 3275 4670 securiorem
3305 4617 3376 4671 fa-

1805 4700 1985 4765 ciens,
2009 4714 2067 4754 re
2097 4700 2208 4770 ipsa
2238 4699 2417 4754 docuit
2443 4713 2671 4771 quantus
2691 4702 2940 4772 deceptor
2964 4705 3120 4760 fuerit
3141 4706 3374 4764 dtemon.

1806 4791 1992 4846 Mortis
2019 4802 2196 4846 autem
2226 4792 2543 4862 supplicium
2581 4804 2795 4864 propter
2822 4795 2922 4850 hoc
2960 4797 3178 4861 intulit,
3209 4809 3266 4851 ut
3309 4815 3378 4855 ne

1805 4881 2026 4952 posthac
2068 4897 2163 4952 per
2184 4881 2592 4938 inobedientiam
2617 4894 2832 4952 peccato
2862 4886 3125 4941 obnoxius
3153 4888 3374 4943 ell'ectus

1806 4982 2065 5043 perpetuo
2093 4983 2356 5043 peccaret.
2384 4974 2497 5028 Non
2527 4974 2776 5030 videntur
2800 4976 2893 5029 tibi
2921 4975 3033 5030 hac
3058 4993 3176 5032 esse
3202 4979 3376 5032 maxi-

1806 5080 1909 5118 ma:
1943 5065 2260 5130 clementi-.e,
2281 5073 2335 5118 et
2359 5064 2553 5132 ejicere
2578 5081 2607 5118 a
2639 5065 2883 5132 paradiso
2920 5077 2973 5118 et
3005 5081 3160 5134 poma
3189 5072 3376 5122 mortis

1804 5155 2076 5224 plectere?
2104 5155 2325 5211 Possum
2353 5166 2528 5210 autem
2575 5165 2629 5210 et
2668 5155 2810 5209 aliud
2854 5167 3110 5224 praeterea
3158 5159 3370 5216 afferre.

1804 5247 2097 5314 Qualenam
2132 5246 2447 5314 hociilanc
2490 5245 2902 5315 indignationem
2944 5247 3019 5301 illi
3059 5248 3372 5316 inferendo,

1804 5352 1910 5390 non
1930 5336 2067 5405 apud
2095 5336 2263 5404 ipsum
2291 5335 2563 5390 dumtaxat
2590 5337 2845 5391 beneﬁcia
2872 5339 3172 5409 collocavit,
3194 5342 3290 5398 sed
3319 5352 3375 5398 et

1805 5438 2051 5500 posteros
2100 5429 2266 5499 ipsius
2296 5429 2542 5498 exemplo
2590 5430 2855 5500 corrigere
2900 5433 3087 5489 voluit.
3116 5434 3248 5489 Nam
3300 5438 3370 5506 si,

1867 5609 1939 5671 (a)
1973 5616 2082 5660 Haec
2101 5622 2210 5671 quae
2231 5610 2366 5660 uncis
2403 5607 2687 5658 clauduntur
2712 5621 2774 5658 ex
2801 5623 2898 5663 uno
2930 5618 3116 5664 tantum
3137 5619 3218 5664 tu.
3244 5615 3374 5668 erui-

1802 5685 1925 5733 mus,
1950 5672 2039 5722 sed
2063 5671 2285 5724 videntur
2308 5674 2366 5723 ad
2389 5673 2568 5724 seriem
2591 5671 2848 5736 quadrare.
