3804 6246
398 251 500 307 231

401 379 681 444 postquam
726 364 843 419 haec
883 366 1189 424 evenerant,
1212 357 1257 409 is
1302 353 1390 423 qui
1432 365 1496 405 ex
1547 363 1613 403 eo
1652 357 1806 401 natus
1852 351 1969 405 est,

396 458 531 518 Cain
564 462 798 529 inquam,
820 456 907 525 qui
940 467 1049 523 prae
1075 448 1242 505 oculis
1268 446 1478 501 videbat
1507 452 1708 511 patrem
1730 455 1794 494 ex
1818 451 1971 506 parad

405 554 524 607 uiso
566 551 824 621 ejectum,
871 543 1187 599 ineffabilem
1237 538 1382 592 illam
1422 535 1641 605 gloriam
1686 532 1971 592 amissam,

396 642 829 699 maledictionem
862 639 1004 692 illam
1033 636 1244 697 miram,
1277 646 1395 699 qua:
1425 626 1631 681 dicebat
1662 642 1675 677 :
1705 621 1864 677 Terra
1890 637 1973 684 es,

401 750 449 792 et
476 738 526 790 in
561 744 747 788 terram
766 731 921 784 abibis
951 727 1100 801 (Cen.
1122 727 1174 780 5.
1198 726 1311 790 19),
1335 722 1522 776 melior
1549 720 1717 773 factus
1748 732 1850 769 non
1873 723 1974 778 est,

403 828 496 882 sed
536 823 864 895 gravioribus
914 836 970 874 se
1010 817 1227 873 involvit
1268 815 1418 868 malis
1460 830 1474 866 :
1516 812 1557 864 si
1610 825 1714 863 non
1758 806 1981 861 vidisset

402 932 521 987 qua:
553 913 689 983 patri
720 912 1071 980 contigerant,
1092 909 1146 961 in
1168 920 1323 977 quam
1354 918 1458 957 non
1492 900 1817 971 pervenisset
1844 898 1984 950 insa-

403 1004 583 1075 niam?
606 1004 675 1059 Et
696 1003 836 1073 quod
866 1018 993 1055 sane
1023 999 1374 1053 admiratione
1396 995 1550 1049 fuerit
1578 993 1814 1062 dignum,
1836 990 1981 1042 illum

403 1096 563 1151 etiam
587 1096 675 1164 qui
700 1094 821 1148 talia
851 1090 1089 1162 peccavit
1118 1098 1171 1143 et
1197 1087 1398 1142 nefario
1429 1083 1715 1139 homicidio
1744 1081 1982 1135 dextram

406 1185 597 1257 polluit
622 1184 847 1254 puniens
871 1224 886 1247 ,
924 1178 1284 1235 misericordia
1307 1190 1518 1246 poenam
1545 1173 1779 1227 miscuit.

477 1274 532 1329 2.
578 1275 643 1329 Et
672 1281 729 1327 ut
757 1269 1034 1326 manifeste
1076 1270 1215 1322 scias
1250 1267 1441 1321 divinae
1470 1264 1719 1320 bonitatis
1739 1303 1754 1329 ,
1789 1277 1905 1331 qua)
1934 1270 1988 1314 et

407 1366 494 1422 isti
524 1364 757 1420 exhibita
783 1372 904 1428 est,
948 1359 1359 1429 magnitudinem
1403 1375 1415 1411 :
1460 1367 1569 1410 tum
1610 1354 1821 1425 quidem
1864 1369 1985 1407 cum

409 1459 575 1514 Deum
597 1455 744 1526 gravi
763 1452 1079 1509 contumelia
1101 1450 1333 1504 alliceret
1354 1446 1625 1502 offerendo
1647 1444 1986 1507 sacrificium,

413 1557 469 1603 et
496 1560 743 1617 magnum
776 1558 884 1615 pra:
914 1558 972 1596 se
1015 1540 1232 1596 ferendo
1266 1547 1627 1607 contemptum
1675 1536 1818 1607 (non
1848 1536 1989 1589 enim

411 1637 681 1695 dividebat
707 1634 883 1706 juste,
936 1632 1031 1686 sed
1077 1630 1332 1685 oﬂ’crebat
1361 1629 1670 1698 simpliciter
1712 1637 1763 1680 et
1794 1625 1992 1693 abSque

416 1730 623 1785 delectu
645 1728 685 1797 ),
717 1725 847 1780 nihil
867 1724 945 1777 vel
973 1736 1135 1793 grave
1154 1722 1236 1775 vel
1262 1721 1538 1775 molestum
1568 1719 1817 1772 adversus
1846 1716 1993 1770 illum

414 1822 665 1890 loquutus
712 1825 794 1871 est
836 1816 1011 1879 Deus,
1062 1814 1303 1883 quamvis
1350 1820 1622 1879 peccatum
1667 1811 1838 1879 ipsum
1889 1823 1993 1861 non

416 1920 559 1967 esset
582 1923 805 1980 parvum
832 1914 885 1961 et
914 1906 1130 1974 vulgare
1149 1945 1165 1972 ,
1195 1904 1287 1958 sed
1316 1903 1468 1956 valde
1494 1917 1763 1970 magnum.
1792 1900 1920 1954 Nam
1948 1898 1994 1952 si

417 2003 454 2058 ii
485 2004 572 2073 qui
603 2015 930 2071 congeneres
963 1999 1205 2052 inmunes
1234 1997 1480 2050 honorari
1513 1995 1714 2058 volunt,
1749 1995 1912 2064 prima
1943 2002 1998 2047 et

416 2094 684 2165 prtecipun
701 2094 803 2147 illis
820 2092 1073 2153 tribuunt,
1097 2090 1287 2159 illaque
1306 2086 1424 2142 olle:
1440 2103 1498 2141 re
1518 2088 1746 2140 maxime
1762 2084 1995 2149 student,

418 2200 540 2255 quae
587 2183 835 2239 omnibus
882 2180 1197 2253 pretiosiora
1250 2179 1352 2233 sibi
1393 2178 1638 2232 videntur
1680 2194 1693 2229 :
1735 2175 1998 2246 quomodo

420 2276 691 2331 hominem
723 2274 832 2328 Deo
866 2272 1178 2326 ollerentem
1222 2284 1327 2323 non
1357 2267 1635 2336 oportebat
1666 2267 1772 2320 Deo
1801 2265 1999 2336 pretio-

421 2368 562 2421 siora
589 2374 641 2420 et
672 2362 1034 2433 [instantiora
1065 2359 1298 2415 odcrre?
1331 2359 1489 2428 Igitur
1515 2372 1631 2411 cmn
1655 2365 1855 2412 tantum
1879 2370 2002 2423 pec.

422 2467 586 2520 caret,
611 2465 666 2510 et
697 2464 895 2508 tantum
925 2466 1031 2522 prce
1061 2466 1120 2505 se
1146 2451 1307 2505 ferret
1333 2458 1697 2518 contemptum
1723 2448 1830 2512 ille,
1862 2447 2001 2500 Deus

424 2556 600 2601 tatnen
633 2560 739 2599 non
785 2545 963 2614 petivit
992 2558 1203 2613 pinnam
1224 2583 1239 2607 ,
1287 2556 1459 2609 neque
1487 2555 1579 2609 pro
1624 2540 1770 2593 lactis
1797 2538 2001 2606 simpli-

423 2639 563 2693 cium
588 2638 797 2707 exegit:
827 2636 919 2690 sed
944 2636 1091 2705 quasi
1120 2633 1326 2687 amicus
1341 2635 1533 2696 amico,
1561 2646 1681 2686 cum
1703 2631 1846 2684 omni
1874 2629 2002 2683 leui-

426 2737 533 2784 tate
562 2729 783 2798 loquens
811 2728 887 2781 sic
928 2726 1060 2779 dixit
1088 2743 1102 2779 :
1134 2723 1383 2787 Peccasti,
1407 2724 1599 2792 quiesce
1632 2720 1795 2793 (Gen.
1826 2721 1876 2774 ὁ.
1909 2720 1999 2791 7).

428 2822 708 2877 Peccatum
737 2821 1012 2873 dumtaxat
1039 2818 1113 2871 illi
1146 2816 1392 2871 indicavit
1411 2859 1425 2880 ,
1455 2826 1508 2870 et
1532 2815 1797 2869 consuluit
1832 2828 1897 2867 ne
1924 2812 2005 2866 ul-

426 2912 589 2967 terius
619 2910 1045 2981 progrederetur.
1074 2906 1265 2963 Vidisti
1309 2907 1557 2961 bonitatis
1594 2902 2004 2960 excellentiam?

424 3003 529 3060 Sed
557 3006 679 3075 quia
709 3003 797 3057 ille
819 3017 923 3056 non
949 3003 1118 3055 solum
1149 2999 1279 3053 nihil
1306 3014 1368 3053 ex
1400 3008 1541 3052 tanta
1569 2997 1819 3067 patientia
1845 2995 2003 3049 lucri-

427 3094 584 3161 fecit,
614 3095 706 3148 sed
736 3102 790 3149 et
817 3094 1058 3162 graviora
1089 3092 1277 3161 primis
1303 3089 1516 3159 adjecit,
1545 3099 1704 3158 atque
1732 3088 1797 3141 ad
1826 3085 2003 3139 fratris

429 3201 613 3242 necem
643 3184 980 3255 properavit,
1014 3184 1151 3236 Deus
1179 3181 1393 3252 quidem
1422 3181 1473 3234 in
1517 3196 1638 3235 eum
1680 3179 1855 3234 adhuc
1890 3194 2006 3232 ma-

428 3290 586 3348 gnam
612 3275 928 3330 ostendebat
954 3274 1243 3337 lenitatem,
1273 3272 1611 3342 interrogans
1633 3272 1778 3342 prius
1802 3281 1857 3325 et
1874 3272 2006 3325 dans

433 3368 509 3424 illi
545 3366 923 3420 satisiactionis
953 3365 1125 3419 locum
1154 3363 1292 3418 :‘sed
1319 3363 1439 3433 quia
1470 3364 1665 3417 mansit
1705 3362 2002 3432 impudens,

433 3467 557 3514 tunc
580 3471 791 3529 prunam
813 3457 986 3510 intulit
1010 3456 1057 3509 ei
1083 3454 1469 3511 emendationis
1494 3454 1681 3522 gratia,
1705 3468 1824 3523 qua:
1847 3453 2006 3507 etiam

432 3553 545 3622 ipsa
575 3551 797 3605 multum
826 3549 1054 3604 habebat
1081 3548 1459 3602 misericordia:
1488 3546 1802 3601 admixtum.

510 3643 615 3711 Qui
651 3645 702 3697 in
746 3659 838 3697 nos
879 3653 1083 3712 peccat,
1132 3645 1367 3713 feratur;
1405 3642 1488 3711 qui
1530 3643 1583 3694 in
1610 3639 1773 3694 Deum
1816 3648 2006 3709 peccat,

437 3738 698 3811 puniatur.
722 3766 792 3776 —
815 3735 977 3790 Vides
1012 3733 1280 3804 quomodo
1307 3734 1444 3787 Deus
1464 3775 1478 3798 ,
1518 3732 1729 3802 quando
1757 3733 1807 3786 in
1836 3732 2008 3801 ipsum

434 3829 695 3903 peccavit,
717 3835 1099 3898 peccatumque
1125 3840 1228 3879 non
1249 3824 1485 3894 vulgare,
1510 3823 1708 3878 dimisit
1733 3824 1779 3878 ei
1806 3841 1819 3877 :
1846 3838 2011 3892 quan-

435 3922 505 3977 do
531 3931 705 3976 autem
736 3920 786 3972 in
828 3916 1044 3971 fratrem
1085 3915 1308 3969 armavit
1346 3915 1586 3969 dextram
1614 3956 1629 3979 ,
1670 3913 2009 3967 maledictum

436 4013 612 4068 intulit
634 4020 687 4065 et
716 4006 1051 4076 increpavit?
1079 4007 1166 4061 Sic
1193 4021 1332 4060 nunc
1357 4014 1411 4059 et
1441 4019 1539 4058 nos
1567 4003 1819 4059 Faciamus
1841 4045 1854 4066 ,
1887 4002 2009 4057 imi—

439 4112 718 4171 temurque
746 4101 1024 4154 Dominum
1058 4107 1296 4152 nostrum
1323 4114 1336 4161 ;
1370 4107 1423 4150 et
1448 4098 1490 4151 si
1518 4096 1641 4165 quid
1684 4096 1733 4149 in
1765 4110 1861 4149 nos
1892 4110 2013 4165 pec-

438 4204 616 4250 catum
645 4191 822 4253 fuerit,
852 4190 1055 4243 veniam
1084 4187 1290 4252 demus,
1321 4196 1376 4240 et
1405 4187 1732 4240 remittamus
1759 4186 1822 4239 iis
1845 4186 1933 4255 qui
1960 4185 2009 4238 in

443 4299 541 4338 nos
581 4283 956 4350 deliquerunt:
987 4277 1200 4347 quando
1244 4286 1417 4330 autem
1451 4278 1501 4330 in
1536 4276 1698 4330 Deum
1739 4286 2012 4345 peccatum

444 4375 723 4446 rci‘ertnr,_
746 4381 870 4426 tunc
914 4385 1097 4440 ptenas
1139 4371 1429 4440 exigamus.
1476 4368 1581 4424 Sed
1614 4370 1791 4423 nescio
1820 4370 1906 4439 qui
1935 4368 2010 4433 fit,

446 4475 504 4521 nt
528 4469 702 4519 omnia
745 4478 896 4517 secus
937 4462 1187 4515 iaciamus
1212 4502 1225 4524 ,
1271 4461 1488 4514 omnino
1532 4470 1743 4530 peccata
1787 4478 1905 4531 qua:
1949 4461 2013 4515 ad

445 4557 612 4611 Deum
642 4554 937 4623 pertingunt
961 4593 975 4615 ,
1003 4551 1166 4605 inulta
1194 4565 1310 4604 esse
1337 4551 1557 4605 sinimus
1587 4568 1599 4604 :
1627 4552 1670 4604 si
1698 4552 1814 4621 quis
1840 4563 2014 4607 autem

445 4660 630 4718 parum
664 4644 789 4713 quid
827 4645 877 4696 in
923 4655 1023 4697 nos
1066 4641 1395 4711 peccaverit,
1445 4642 1559 4712 ejus
1600 4658 1786 4713 graves
1834 4658 2016 4698 sumus

443 4738 647 4792 ultores
690 4744 741 4790 et
789 4742 1163 4799 accusatores,
1217 4734 1517 4802 ignorantes
1564 4751 1659 4788 nos
1706 4752 1765 4789 ea
1813 4736 2017 4791 ratione

444 4824 843 4883 misericordem
862 4824 1140 4877 Dominum
1163 4824 1327 4893 magis
1347 4826 1681 4880 exacerbare.
1707 4826 1855 4894 Quod
1876 4828 2016 4881 enim

445 4935 564 4976 mos
584 4920 651 4973 sit
677 4919 782 4973 Deo
808 4932 951 4986 saepe
972 4916 1237 4972 dimittere
1256 4932 1372 4987 quur
1399 4918 1449 4972 in
1475 4934 1532 4973 se
1559 4930 1773 4989 peccata
1802 4920 2015 4989 fuerint,

445 5030 629 5069 verum
661 5029 779 5085 qua:
810 5013 861 5067 in
898 5011 1191 5081 proximum
1214 5054 1229 5077 ,
1274 5027 1335 5067 ea
1365 5026 1483 5066 cum
1515 5029 1701 5083 magna
1740 5017 2021 5070 severitate

447 5107 763 5175 exquirere,
798 5105 921 5158 andi
966 5104 1175 5158 beatum
1209 5104 1425 5157 Paulum
1470 5105 1732 5160 dicentem
1763 5125 1775 5160 :
1808 5107 1867 5161 Si
1909 5110 2020 5179 quis

450 5212 659 5250 uxorem
683 5194 826 5249 habet
852 5194 1127 5263 inﬁdelem,
1151 5204 1197 5248 et
1222 5195 1319 5264 ipsi
1343 5208 1538 5266 gratum
1564 5197 1714 5267 fuerit
1740 5199 2021 5254 cohabitare

448 5287 548 5353 illi,
580 5302 681 5339 non
717 5286 934 5339 dimittat
973 5287 1134 5340 illaut.
1165 5286 1233 5339 Et
1272 5287 1317 5341 si
1354 5304 1450 5358 qua
1489 5289 1668 5342 mulier
1696 5291 1837 5344 habet
1862 5292 2019 5344 virum

450 5380 725 5451 inﬁdelem,
759 5392 805 5434 et
833 5380 911 5432 hic
937 5380 1176 5433 consentit
1206 5381 1429 5436 habitare
1456 5398 1567 5435 cum
1593 5383 1702 5447 illa,
1732 5401 1828 5437 non
1854 5385 2022 5438 dimit-

451 5483 521 5527 tat
548 5471 695 5525 illum
721 5472 811 5540 (1.
836 5470 953 5524 Cor.
977 5473 1029 5523 7.
1057 5472 1141 5525 12.
1169 5473 1294 5542 15),
1322 5473 1509 5529 Vidisti
1537 5485 1728 5545 quanta
1753 5477 1820 5530 ibi
1850 5477 2022 5531 indul-

450 5562 672 5635 gentis?
701 5562 918 5617 Etiamsi
944 5564 1154 5630 gentilis
1183 5564 1357 5630 fuerit,
1386 5566 1590 5620 etiamsi
1622 5567 1869 5633 inlidelis,
1902 5583 2022 5638 pro-

450 5657 540 5713 bet
566 5664 740 5711 autem
767 5654 1242 5721 cohabitatinnem.
1283 5673 1385 5713 non
1419 5657 1667 5728 refugiat.
1693 5658 1761 5715 Et
1789 5660 2016 5723 iterum;
2055 5682 2061 5687 -

1111 240 1168 296 S.
1208 232 1489 294 JOANN‘S
1523 218 1998 287 CHRYSOSTOMI
2035 218 2350 273 AﬁClﬂlﬁP.
2392 218 2922 278 CONSTANTINOP.

3542 225 3652 281 9.39

2088 332 2200 388 Etsi
2225 339 2422 407 gentilis
2447 339 2598 406 fuerit
2624 337 2802 391 mulier
2820 380 2833 402 ,
2875 338 2970 392 etsi
2994 338 3213 406 inﬁdelis
3232 382 3248 405 ,
3276 340 3477 412 uultque
3496 343 3647 396 coha-

2082 427 2257 490 bitare,
2282 444 2383 480 non
2407 429 2635 496 repellat.
2665 428 2771 493 Qui
2786 431 2903 491 scis,
2930 430 3111 498 inquit,
3136 432 3334 494 mulier,
3357 434 3649 488 tinniturum

2082 521 2336 571 calcatura
2362 520 2430 571 sis
2452 519 2476 571 .’
2504 530 2588 572 aut
2613 520 2701 588 qui
2726 520 2844 585 scis,
2872 521 2966 585 vir,
2996 537 3123 573 num
3146 523 3404 576 mulierem
3430 525 3655 578 salvatu-

2082 626 2170 662 rus
2195 610 2264 661 sis
2292 609 2361 680 (l’.
2386 609 2501 663 Cor.
2520 611 2575 664 7.
2603 611 2729 679 l6)?
2748 610 2878 665 Vide
2902 612 3171 681 quomodo
3187 628 3289 667 non
3311 616 3552 683 prohibet
3578 618 3655 670 in-

2087 701 2297 753 lidelem
2321 702 2623 769 quempiam
2640 702 2723 755 vel
2744 704 3043 772 quampiam
3066 704 3116 757 in
3139 706 3465 761 contubernii
3490 707 3665 775 legem

2086 790 2305 845 assumi.
2335 792 2473 845 Audi
2502 786 2689 846 iterum
2722 795 2888 862 ipsum
2919 794 3188 850 Christum
3216 798 3476 853 dicentem
3503 799 3659 853 disci-

2086 883 2223 951 pulis
2254 902 2265 935 :
2307 882 2434 937 Dico
2468 886 2600 938 enim
2629 887 2764 940 vobis
2788 929 2803 949 ,
2836 888 2997 941 omnis
3041 890 3130 959 qui
3172 890 3414 946 dimiserit
3456 911 3661 947 uxorem

2088 992 2261 1041 suam,
2288 990 2498 1047 excepta
2523 995 2677 1031 causa
2701 981 3067 1049 fornicationis,
3098 982 3218 1051 facit
3246 984 3388 1038 illam
3426 988 3664 1040 utmchari

2092 1067 2110 1139 (
2138 1069 2319 1124 Matth.
2350 1071 2403 1125 5.
2435 1070 2502 1125 52
2528 1071 2567 1140 ).
2615 1071 2799 1140 Ingens
2829 1075 3161 1144 benignitas!
3191 1077 3407 1133 Etiamsi
3439 1079 3664 1135 inﬁdelis

2094 1160 2270 1225 fuerit,
2304 1162 2385 1214 vel
2418 1163 2625 1231 gentilis
2650 1204 2663 1228 ,
2703 1165 2745 1216 si
2776 1168 3136 1233 consenserit,
3184 1169 3351 1224 retine
3380 1187 3393 1223 :
3419 1172 3462 1225 si
3489 1185 3665 1226 autem

2092 1255 2144 1308 in
2173 1266 2224 1310 te
2252 1256 2578 1324 peccaverit,
2607 1267 2659 1310 et
2697 1267 2966 1326 pactorum
3003 1260 3343 1317 obliviscatur
3363 1304 3378 1328 ,
3410 1264 3664 1318 aliorum-

2095 1362 2195 1416 que
2225 1348 2515 1415 praatulcrit
2539 1351 2861 1403 consortium
2884 1393 2898 1417 ,
2940 1351 3062 1406 licet
3107 1353 3197 1407 tibi
3230 1355 3370 1409 illam
3398 1358 3590 1425 ejicere
3616 1371 3667 1413 et

2095 1438 2377 1506 repellere.
2408 1438 2531 1492 llaec
2557 1440 2879 1508 cogitantes,
2912 1444 3220 1499 studeamus
3248 1446 3407 1500 etiam
3448 1448 3669 1503 Domino

2095 1543 2314 1602 propter
2356 1534 2490 1587 hanc
2521 1535 2572 1587 in
2619 1551 2714 1589 nos
2754 1535 3172 1591 benevolentiam
3202 1539 3401 1606 pariter
3430 1540 3668 1595 referre:

2096 1635 2149 1678 et
2175 1626 2313 1678 sicut
2340 1624 2453 1694 ipse
2478 1627 2587 1679 vult
2611 1627 2877 1681 dimittere
2903 1643 2963 1681 ea
2990 1643 3106 1697 qua:
3134 1632 3185 1682 in
3210 1644 3265 1683 se
3292 1640 3503 1698 peccata
3525 1641 3667 1694 sunt,

2097 1730 2212 1784 quze
2240 1726 2412 1771 autem
2442 1715 2491 1768 in
2523 1732 2639 1782 nos,
2664 1718 2951 1780 ulciscitur,
2979 1719 3134 1790 idque
3161 1736 3346 1790 magna
3372 1724 3668 1793 severitate,

2097 1806 2283 1862 eodem
2313 1824 2441 1862 sane
2481 1809 2641 1863 modo
2683 1820 2734 1864 et
2782 1812 2878 1881 ipsi
2921 1811 3171 1868 faciamus
3200 1832 3213 1868 :
3240 1831 3582 1887 quamcumque
3618 1818 3671 1871 in

2102 1906 2199 1952 nos
2230 1907 2448 1965 peccant
2478 1901 2701 1969 proximi
2746 1904 3076 1957 remittamus
3097 1947 3109 1967 ,
3139 1919 3256 1973 quae
3286 1916 3459 1959 autem
3491 1920 3673 1961 contra

2103 1991 2291 2053 Deum,
2323 2005 2382 2043 ea
2412 2005 2600 2060 magno
2624 1993 2804 2047 studio
2826 2010 3071 2049 curemus
3094 1997 3293 2050 ulcisci.
3327 1999 3477 2063 Quod
3505 2009 3555 2053 et
3583 2018 3677 2054 no-

2101 2080 2183 2137 bis
2230 2084 2461 2151 proderit
2487 2084 2768 2152 plurimum
2795 2128 2809 2151 ,
2842 2095 2894 2140 et
2935 2103 3028 2142 eos
3066 2090 3151 2158 qui
3197 2091 3530 2161 corriguntur
3572 2111 3675 2147 non

2104 2187 2288 2241 parum
2330 2174 2553 2242 juvabit.
2587 2174 2850 2231 Fortassis
2895 2177 3050 2233 hodie
3094 2181 3346 2249 prolixius
3372 2185 3513 2251 justo
3555 2203 3676 2254 pro-

2103 2266 2319 2320 tendunt
2352 2265 2592 2320 fecimus.
2640 2267 2742 2322 Sed
2772 2269 2896 2337 quid
2938 2271 3134 2339 agam?
3173 2272 3282 2327 Hoc
3323 2286 3513 2343 prartcr
3555 2292 3679 2330 sen-

2106 2355 2321 2409 tentiam
2350 2356 2478 2410 mihi
2505 2359 2754 2427 contigit,
2787 2360 3067 2415 verborum
3101 2362 3243 2415 ﬂuxu
3274 2378 3441 2433 rapto.

2176 2444 2351 2500 Ρωηω
2387 2464 2418 2500 α
2455 2446 2559 2501 Deo
2604 2450 2762 2503 illati:
2800 2451 3077 2506 clementia:
3114 2453 3412 2523 conjunctw.
3436 2488 3507 2497 —
3534 2460 3679 2524 Quo-

2106 2538 2247 2591 niam
2279 2550 2457 2593 autcm
2483 2542 2656 2594 omnis
2683 2557 2861 2597 sermo
2887 2553 3068 2597 noster
3091 2544 3156 2599 de
3185 2546 3380 2601 diluvio
3405 2558 3513 2614 est,
3547 2567 3681 2618 «quis

2105 2629 2258 2683 nobis
2297 2639 2414 2684 erat
2452 2632 2658 2686 caritati
2704 2642 2894 2687 vestrae
2924 2636 3240 2701 ostendere,
3290 2654 3472 2707 plenas
3503 2657 3531 2693 a
3573 2640 3681 2694 Deo

2110 2722 2263 2777 nobis
2294 2720 2465 2777 illatas
2494 2724 2871 2779 misericordire
2903 2728 3069 2796 magis
3092 2743 3211 2782 esse
3230 2771 3243 2791 ,
3285 2745 3440 2799 quam
3471 2746 3639 2800 pecua:
3666 2752 3679 2785 :

2106 2814 2184 2867 sic
2226 2829 2439 2883 quoque
2484 2826 2601 2869 erat
2647 2825 2701 2869 et
2742 2816 3017 2872 diluvium.
3067 2818 3199 2873 Nam
3247 2821 3378 2875 sicut
3411 2824 3684 2894 benignus

2107 2918 2227 2973 erga
2258 2903 2392 2959 ﬁlios
2418 2916 2599 2975 pater,
2632 2909 2809 2962 omnia
2848 2910 2917 2964 ob
2959 2925 3139 2964 curam
3172 2912 3221 2965 in
3248 2928 3419 2982 genus
3445 2928 3683 2971 nostrum

2110 2994 2250 3049 Facit.
2285 2996 2353 3051 Ut
2376 3006 2549 3051 autem
2581 3013 2645 3053 ex
2674 3000 2735 3052 iis
2760 3042 2774 3065 ,
2819 3016 2940 3070 qua:
2969 3016 3107 3057 tmnc
3138 3008 3403 3073 proposita
3431 3019 3482 3061 et
3528 3008 3685 3063 hodie

2110 3088 2242 3143 lecta
2270 3088 2482 3143 discetis
2513 3092 2851 3160 benignitatis
2878 3092 3021 3148 illius
3041 3096 3475 3165 magnitudinem,
3506 3100 3687 3153 andia-

2109 3195 2231 3233 mus
2273 3181 2382 3247 ipsa
2430 3181 2624 3234 divina:
2666 3182 2952 3253 Scriptura:
3000 3186 3179 3241 verba.
3232 3187 3360 3241 Nam
3405 3193 3525 3259 quin
3572 3192 3685 3246 heri

2109 3272 2289 3326 docuit
2325 3289 2419 3327 nos
2457 3274 2643 3327 beatus
2669 3275 2838 3331 Moses
2863 3320 2876 3342 ,
2910 3279 3126 3344 dicens,
3172 3279 3413 3337 Emltata
3439 3297 3511 3338 est
3554 3303 3687 3354 aqiza

2109 3380 2260 3433 super
2291 3375 2475 3417 terram
2501 3366 2678 3420 diebus
2702 3377 2898 3421 centum
2921 3371 3282 3442 quinquaginta
3310 3373 3472 3443 (Gen.
3503 3378 3551 3427 τ.
3582 3377 3683 3443 ‘2‘.)

2111 3453 2200 3523 (et
2227 3470 2291 3511 eo
2318 3470 2483 3524 usque
2510 3458 2752 3512 docendo
2783 3461 3195 3530 processimus),
3227 3462 3380 3519 hodie
3401 3467 3472 3517 ait
3502 3482 3517 3521 :
3548 3470 3596 3519 t.
3625 3466 3690 3519 Et

2110 3548 2405 3602 recordatus
2431 3560 2503 3603 est
2531 3549 2671 3605 Deus
2695 3551 2846 3616 Noe,
2873 3563 2917 3607 et
2952 3557 3174 3608 omnium
3217 3561 3457 3627 ferarum,
3504 3571 3549 3612 et
3575 3577 3687 3613 om-

2113 3639 2249 3691 nium
2280 3642 2649 3710 jumentorum,
2691 3653 2735 3697 et
2775 3646 2999 3699 omnium
3037 3649 3311 3702 volatilia»:
3337 3695 3350 3715 ,
3384 3664 3430 3705 et
3467 3656 3691 3707 euntium

2116 3731 2368 3798 reptilium
2392 3775 2405 3795 ,
2433 3750 2757 3803 qua’cumqne
2777 3748 3053 3791 erantcum
3079 3740 3165 3792 illo
3192 3742 3242 3793 in
3269 3760 3387 3794 arra
3416 3743 3563 3811 (Cen.
3590 3746 3668 3816 8).

2186 3823 2237 3876 5.
2282 3823 2412 3878 Vide
2457 3825 2541 3879 hic
2578 3826 2805 3889 iterum,
2846 3843 3005 3896 quam
3044 3844 3101 3883 se
3142 3840 3451 3901 attemperet
3492 3848 3690 3889 nostne

2116 3911 2406 3967 inﬁrmitati
2434 3915 2608 3969 divina
2638 3916 2929 3987 Scriptura.
2961 3919 3025 3972 Et
3054 3922 3342 3976 recordatus
3371 3936 3462 3987 est,
3500 3928 3688 3994 inquit,

2118 4006 2277 4061 Deus.
2303 4009 2658 4073 Dilectissimi,
2684 4011 3041 4080 intelligamus
3066 4012 3177 4068 haec
3205 4025 3257 4068 ut
3282 4016 3495 4085 dignum
3523 4031 3599 4071 est
3625 4020 3693 4073 de

2119 4098 2229 4153 Deo
2256 4100 2567 4169 intelligere,
2593 4114 2655 4154 ac
2682 4116 2748 4155 ne
2773 4103 3063 4156 secundum
3091 4116 3290 4159 naturae
3321 4120 3514 4161 nostra:
3546 4109 3692 4163 inﬁr—

2120 4193 2356 4245 mitatem
2391 4191 2503 4244 haec
2543 4206 2718 4245 crassa
2760 4192 2919 4246 verba
2963 4194 3341 4264 intelligamus.
3366 4198 3497 4251 Nam
3522 4216 3692 4268 quan-

2120 4292 2229 4336 tum
2260 4283 2327 4337 ad
2358 4283 2675 4337 inell‘abilem
2707 4285 3118 4341 illamnaturam
3155 4290 3383 4354 attinet,
3422 4292 3692 4361 indignum

2123 4376 2308 4429 inisset
2335 4376 2433 4429 hnc
2458 4376 2680 4430 verbum
2711 4395 2722 4430 :
2755 4387 3006 4447 quantum
3034 4389 3207 4433 autem
3235 4381 3299 4433 ad
3326 4392 3559 4435 nostram
3595 4386 3695 4437 im-

2123 4467 2496 4530 becillitatem,
2539 4468 2779 4537 apposite
2821 4477 2903 4523 est
2962 4470 3182 4524 dictum.
3234 4471 3540 4527 Recordutus
3587 4486 3696 4541 Cal,

2124 4558 2323 4627 inquit,
2368 4556 2509 4611 Deus
2550 4557 2684 4611 Noe.
2733 4558 2991 4626 Quoniam
3023 4564 3251 4616 narravit
3296 4563 3449 4617 nobis
3491 4566 3541 4617 in
3585 4566 3697 4632 jam

2123 4651 2299 4715 dictis,
2343 4652 2476 4703 sicut
2519 4650 2664 4718 prius
2704 4652 2909 4705 caritati
2947 4662 3137 4707 vestrm
3174 4654 3421 4720 diximus,
3469 4658 3699 4725 quadra-

2123 4741 2267 4808 ginta
2287 4740 2471 4793 diebus
2491 4751 2545 4794 et
2567 4741 2781 4795 totidem
2805 4743 3047 4795 noctibus
3066 4742 3225 4798 fuisse
3248 4748 3493 4813 pluviam,
3513 4758 3566 4801 et
3586 4748 3703 4801 die-

2127 4832 2224 4885 bus
2258 4842 2472 4886 ceutum
2506 4834 2878 4902 quinquaginta
2914 4834 3159 4888 eamdem
3193 4837 3450 4890 mansisse
3481 4853 3701 4906 aquam.

2126 4924 2424 4992 quindecim
2473 4924 2664 4978 cubitis
2706 4940 2869 4993 super
2894 4935 3101 4980 montes
3138 4928 3441 4992 exaltatum,
3485 4938 3541 4982 et
3578 4943 3701 4983 cum

2129 5015 2243 5069 haec
2274 5018 2491 5077 tierent,
2530 5015 2729 5084 justum
2771 5017 3032 5071 resedisse
3060 5019 3109 5070 iu
3137 5033 3258 5072 area
3279 5058 3294 5082 ,
3327 5034 3496 5086 neque
3522 5036 3703 5074 aerem

2128 5108 2332 5174 spirare
2358 5106 2642 5169 valentem,
2672 5106 3135 5179 habitantibusque
3158 5123 3279 5162 cum
3302 5124 3369 5163 eo
3394 5108 3565 5164 brutis
3590 5111 3706 5163 uni-

2130 5199 2316 5265 versis,
2348 5200 2544 5253 idcirco
2611 5201 2813 5270 inquit,
2850 5200 2915 5254 Et
2944 5204 3232 5255 recordatus
3273 5212 3347 5256 est
3385 5201 3529 5257 Deus
3566 5202 3700 5258 Nec.

2129 5291 2265 5358 Quid
2290 5302 2389 5353 est,
2425 5290 2741 5346 Recordatus
2781 5293 2899 5347 est?
2938 5292 3181 5346 Misenus
3217 5302 3317 5357 est,
3351 5294 3549 5371 inquit,
3573 5294 3707 5365 justi

2131 5384 2183 5436 in
2212 5397 2330 5437 arca
2358 5384 2563 5451 agentis
2591 5401 2603 5436 :
2637 5384 2885 5439 misertus
2911 5394 2993 5438 est
3035 5384 3149 5452 ejus
3191 5384 3243 5437 in
3284 5392 3423 5437 tanta
3463 5386 3706 5455 angustia

2133 5487 2187 5529 et
2216 5492 2391 5528 rerum
2419 5475 2729 5531 dil‘licultate
2764 5476 3077 5541 constituti,
3121 5477 3514 5547 ignorantisque
3541 5493 3706 5547 quam

2135 5567 2327 5621 donum
2360 5567 2613 5621 molcslitn
2639 5568 2743 5621 illa:
2788 5570 2945 5623 linem
2990 5568 3249 5624 habiturae
3285 5580 3485 5624 essent.

2132 5660 2257 5715 dera
2286 5658 2400 5714 hic.
2426 5673 2608 5730 quaeso
2627 5701 2641 5725 ,
2672 5661 2857 5730 quales
2885 5670 3009 5715 tunc
3039 5660 3177 5716 illius
3207 5659 3401 5716 iuerint
3433 5660 3699 5732 cogitatio
