3804 6240
31 229 130 288 233

36 355 130 395 nes
184 347 318 409 post
367 338 717 408 quadraginta
771 337 888 396 dies
930 349 985 394 et
1028 339 1371 412 quadraginta
1430 355 1639 410 noctes,

37 429 237 500 quibus
269 429 484 501 impetu
507 445 698 499 magno
721 429 914 499 pluvia:
935 429 1270 500 ingruebant,
1293 446 1412 487 cum
1439 435 1642 491 videret

39 520 231 575 diebus
263 530 490 575 centum
521 518 899 590 quinquaginta
926 519 978 572 in
1009 517 1194 574 eadem
1221 521 1498 578 altitudine
1531 540 1644 578 ma-

40 626 164 665 nere
191 626 408 680 aquas,
439 626 614 681 neque
639 611 859 665 omnino
887 609 1144 666 desistere
1172 629 1184 666 ε
1218 620 1271 667 et
1306 614 1446 683 quod
1478 617 1643 672 multo

44 703 286 771 gravius,
314 719 495 774 neque
522 703 690 758 oculis
712 703 892 758 videre
914 704 1083 772 potuit
1109 720 1169 759 ea
1191 720 1309 774 quas
1339 706 1471 761 facta
1497 719 1640 776 sunt,

41 793 127 846 sed
158 793 439 858 inclusus,
464 808 586 849 cum
618 808 722 848 nou
751 803 935 864 posset
960 811 1207 865 umquam
1238 798 1407 852 oculis
1432 802 1639 871 assequi

39 893 240 950 quanta
287 894 482 940 essent
525 884 699 950 mala,
744 884 1002 953 majorem
1039 887 1334 943 sustinebat
1377 889 1640 959 dolorem,

41 978 410 1048 gravioraque
431 977 668 1048 quotidie
693 977 1082 1048 suspicabatur.
1117 979 1230 1049 Ego
1254 995 1382 1036 vero
1405 980 1644 1038 admiror

36 1069 321 1137 quomodo
376 1085 487 1138 prae
538 1069 748 1124 tristitia
793 1085 898 1124 non
949 1069 1107 1125 fuerit
1151 1073 1473 1142 absorptns,
1518 1090 1638 1130 cum

39 1170 288 1215 mentem
321 1161 464 1215 illius
493 1166 733 1215 subit-ent
762 1160 976 1215 humani
1006 1163 1216 1232 generis
1240 1163 1483 1220 interitus
1502 1206 1516 1232 ,
1546 1181 1640 1221 sua

39 1249 306 1314 solitudo,
339 1260 395 1305 et
428 1250 662 1304 difﬁcilis
688 1250 772 1304 illa
797 1251 922 1304 vita.
955 1252 1198 1306 Atcausa
1225 1253 1486 1308 bonorum
1519 1271 1639 1309 om-

43 1342 182 1395 nium
223 1341 309 1395 illi
350 1340 446 1394 fuit
484 1357 576 1395 sua
610 1341 662 1395 in
690 1342 853 1396 Deum
879 1341 1030 1406 fides,
1057 1357 1151 1411 per
1172 1358 1328 1411 quam
1351 1353 1405 1399 et
1425 1346 1638 1412 restitit,

47 1443 94 1485 et
120 1431 316 1486 omnia
352 1431 557 1486 fortiter
587 1432 706 1486 tulit
734 1446 748 1484 :
778 1447 1007 1501 cumque
1032 1447 1125 1501 spe
1151 1443 1479 1502 pasceretur,
1512 1435 1640 1490 nihil

45 1523 193 1576 triste
223 1522 521 1576 sentiebat.
551 1521 809 1589 Quoniam
838 1522 998 1592 igitur
1021 1523 1160 1591 quod
1183 1539 1335 1578 suum
1365 1536 1478 1580 erat
1504 1542 1641 1596 pra:-

43 1614 204 1678 stitit,
263 1623 382 1666 tam
434 1612 741 1682 patientiam
790 1612 1168 1681 monstrando,
1216 1630 1373 1684 quam
1419 1617 1638 1671 multam

46 1704 197 1758 ﬁdem
230 1702 523 1758 afferenda
545 1744 561 1768 ,
589 1716 797 1757 necnon
825 1703 1012 1757 miram
1045 1702 1404 1759 fortitudinem
1449 1722 1557 1775 prae
1581 1721 1640 1762 se

43 1793 267 1847 ferendo
285 1833 304 1855 ,
340 1791 461 1846 vide
489 1800 685 1861 quanta
713 1791 784 1846 sit
813 1791 908 1846 Dei
935 1807 1058 1862 erga
1104 1793 1274 1864 ipsum
1319 1793 1636 1866 benignitas.

43 1881 104 1935 Et
131 1881 444 1936 recordatus
472 1891 578 1947 est,
616 1883 783 1952 inquit
807 1923 822 1945 ,
852 1880 990 1937 Deus
1020 1882 1074 1936 Ν
1078 1900 1155 1937 oe.
1185 1884 1301 1939 Non
1328 1885 1640 1956 simpliciter

43 1985 93 2028 et
120 1975 343 2041 absque
386 1988 544 2028 causa
577 1973 746 2040 dixit,
788 1973 855 2027 Et
892 1977 1185 2029 recordatus
1211 1985 1284 2030 est
1319 1995 1339 2032 :
1375 1978 1469 2033 sed
1514 1980 1636 2048 quia

39 2066 185 2132 prius
207 2064 398 2119 divina
423 2064 694 2134 Scriptura
717 2064 1082 2122 declaraverat
1103 2068 1254 2122 nobis
1277 2070 1637 2126 testimonium

39 2156 100 2208 de
127 2155 286 2223 justo
321 2155 432 2219 illo,
461 2154 647 2209 dicens
672 2195 686 2218 ,
716 2153 989 2224 Ingredere
1015 2157 1068 2209 in
1095 2173 1287 2220 arcam,
1318 2160 1436 2228 quia
1463 2170 1510 2214 te
1536 2161 1639 2214 vidi

37 2248 229 2315 justum
257 2248 317 2300 in
346 2248 667 2317 generatione
695 2247 790 2300 hac
817 2247 966 2314 (Gen.
989 2249 1041 2302 7.
1070 2249 1156 2321 1),
1187 2262 1470 2321 eapropter
1498 2270 1638 2310 nunc

40 2339 210 2408 inquit
237 2356 254 2392 :
291 2336 366 2391 Et
395 2338 687 2393 recordatus
714 2348 786 2392 est
818 2338 955 2393 Deus
980 2339 1095 2394 Noe
1116 2382 1130 2406 ,
1179 2342 1280 2396 hoc
1321 2353 1404 2398 est
1424 2383 1440 2406 ,
1484 2347 1636 2400 testi-

42 2431 204 2486 monii
233 2431 387 2500 quod
409 2429 477 2485 de
508 2431 597 2484 illo
621 2431 984 2499 perhibuerat,
1013 2448 1183 2502 neque
1207 2434 1373 2489 multo
1400 2445 1638 2507 tempore

42 2526 284 2596 neglexit
327 2525 550 2595 justum,
584 2524 677 2579 sed
705 2525 928 2591 distulit,
972 2527 1223 2596 quamdiu
1254 2528 1342 2583 ille
1376 2529 1513 2584 ferre
1539 2547 1633 2599 po-

40 2622 160 2681 tuit,
194 2628 252 2672 et
300 2626 430 2670 tunc
468 2617 516 2670 ei
554 2632 706 2670 suum
737 2616 1052 2671 beneficium
1089 2627 1144 2673 et
1179 2621 1400 2690 gratiam
1436 2623 1636 2694 impar-

39 2711 165 2763 titus
211 2720 330 2764 eSI.
377 2709 506 2762 Nam
547 2709 724 2762 sciens
766 2708 1125 2764 infirmitatem
1173 2722 1366 2766 nostra:
1410 2725 1632 2780 natura),

40 2800 314 2870 siquando
340 2801 600 2870 permittit
627 2801 972 2855 tentationem
996 2801 1202 2870 inferri,
1230 2820 1464 2875 eousque
1488 2809 1635 2878 sinit,

41 2907 336 2961 quousque
362 2892 462 2945 scit
504 2905 602 2944 nos
641 2906 798 2961 posse
836 2891 1119 2961 sustinere,
1161 2903 1217 2950 ut
1245 2905 1299 2950 et
1328 2897 1637 2954 retributio-

39 2987 162 3038 nem
191 2999 323 3052 qua:
347 2993 543 3038 nostrae
566 2993 823 3054 congruat
847 2984 1141 3042 fortitudini
1173 2988 1390 3058 tribuat,
1412 3001 1465 3047 et
1485 3009 1636 3050 suam

42 3073 481 3129 misericordiam
539 3073 774 3130 declaret
821 3092 836 3130 :
885 3076 1024 3132 sicut
1074 3087 1129 3134 et
1178 3079 1374 3137 Paulus
1421 3084 1634 3154 inquit:

42 3164 244 3219 Fidelis
269 3175 444 3218 autem
484 3165 618 3220 Deus
637 3207 651 3230 ,
684 3167 770 3236 qui
797 3183 898 3222 non
933 3169 1060 3224 sinet
1087 3187 1172 3224 vos
1199 3174 1382 3227 tentari
1405 3192 1559 3244 supra
1583 3177 1638 3232 id

41 3259 174 3326 quod
205 3258 424 3326 potestis
449 3259 464 3287 ¹
487 3299 502 3321 ,
534 3258 621 3311 sed
665 3259 814 3327 faciet
853 3275 968 3313 cum
1009 3263 1276 3317 tentatione
1322 3276 1636 3335 proventum,

42 3359 93 3400 ut
123 3348 264 3416 ferre
294 3348 500 3416 possitis
527 3347 619 3419 (1.
649 3348 766 3403 Cor.
796 3349 886 3405 10.
918 3351 1044 3423 15).
1073 3352 1331 3420 Quoniam
1362 3358 1521 3428 igitur
1547 3360 1638 3430 ju-

42 3448 158 3490 stus
189 3437 288 3490 ille
337 3435 700 3492 fortitudinem
740 3449 794 3494 et
823 3442 1128 3510 patientiam
1174 3461 1282 3516 prte
1309 3462 1368 3503 se
1413 3450 1636 3519 ferebat,

41 3543 136 3582 sua
168 3529 227 3582 in
258 3528 430 3581 Deum
457 3528 560 3583 ﬁde
584 3545 722 3584 arcze
749 3531 904 3587 sedes
930 3543 982 3588 et
1009 3535 1161 3590 taedia
1192 3539 1482 3608 sustinens,
1511 3559 1638 3613 pro-

39 3630 162 3687 pter
206 3618 318 3672 hoc
359 3619 566 3689 inquit,
595 3619 661 3673 Et
692 3623 984 3678 recordatus
1013 3635 1085 3680 est
1116 3625 1249 3684 Deus
1273 3628 1405 3685 Noe.
1439 3633 1638 3691 Deinde

41 3722 98 3765 ut
123 3712 315 3766 discas
341 3712 592 3784 abyssum
633 3713 825 3769 divinae
866 3717 1243 3775 misericordia:
1267 3763 1282 3788 ,
1313 3721 1516 3779 addidit
1553 3725 1638 3781 di-

46 3803 172 3855 vina
205 3802 485 3871 Scriptura
521 3822 534 3857 :
565 3802 633 3857 Et
674 3807 896 3859 omnium
935 3811 1156 3879 ferarum
1177 3852 1192 3877 ,
1225 3821 1273 3866 et
1296 3815 1518 3869 omnium
1546 3817 1639 3887 ju-

40 3903 358 3959 mentorum,
387 3902 434 3946 et
456 3896 681 3948 omnium
706 3897 1003 3965 volatilium,
1035 3909 1081 3954 et
1109 3902 1330 3956 omnium
1359 3906 1636 3975 reptilium,

41 4002 378 4054 quaecumque
405 3998 545 4041 erant
575 4005 689 4041 cum
717 3991 808 4044 illo
836 3992 889 4045 in
912 4008 1054 4047 arca.

119 4076 318 4131 Omnia
340 4077 393 4130 in
422 4078 664 4133 honorem
695 4081 911 4137 hominis
940 4087 1095 4156 facta.
1120 4117 1192 4132 -η
1213 4089 1344 4146 Vide
1372 4095 1640 4162 quomodo

42 4169 231 4223 omnia
286 4168 340 4222 in
389 4168 648 4226 honorem
695 4172 927 4230 hominis
971 4175 1118 4232 facit.
1162 4178 1297 4236 Nam
1340 4183 1477 4240 sicut
1515 4201 1638 4244 cum

43 4260 364 4315 hominibus
408 4262 500 4332 qui
557 4263 756 4318 diluvio
807 4268 1116 4336 perierunt,
1161 4286 1320 4329 omne
1359 4275 1637 4335 brutorum

42 4354 364 4408 animalium
386 4370 556 4424 genus
593 4356 845 4426 perdidit,
888 4358 961 4414 ita
999 4360 1086 4416 hic
1113 4378 1261 4418 suam
1287 4381 1410 4437 erga
1437 4369 1638 4437 justum

41 4445 204 4500 illum
248 4445 669 4501 miscricordiam
709 4447 982 4505 declarare
1012 4453 1234 4520 volens,
1283 4458 1336 4511 in
1381 4459 1638 4517 honorem

39 4538 191 4606 ejus,
235 4548 391 4590 suam
430 4537 592 4592 etiam
635 4537 927 4594 bonitatem
965 4556 1029 4597 ac
1070 4558 1252 4600 curam
1295 4547 1348 4602 in
1390 4549 1540 4606 bruta
1585 4562 1642 4609 et

39 4631 224 4692 feras,
270 4636 328 4684 et
365 4629 596 4684 volatilia
639 4641 693 4686 et
737 4634 948 4703 reptilia
991 4650 1161 4707 usque
1198 4642 1412 4696 extendi
1451 4644 1638 4702 voluit.

43 4721 118 4775 Et
150 4720 450 4775 recordatus
477 4731 570 4788 est,
604 4722 806 4793 inquit,
836 4722 972 4780 Deus
998 4725 1132 4796 Noe,
1163 4739 1212 4784 et
1247 4733 1470 4787 omnium
1499 4739 1640 4807 fera-

38 4832 200 4880 rum,
246 4823 296 4866 et
337 4815 562 4867 onmium
597 4816 966 4885 jumentorum,
1009 4830 1056 4873 et
1092 4823 1318 4877 omnium
1362 4828 1637 4897 reptilium,

41 4921 382 4975 quacumque
411 4915 552 4959 erant
591 4923 709 4960 cum
753 4908 844 4962 illo
886 4910 938 4964 in
977 4928 1116 4967 arca.
1163 4911 1235 4969 Et
1260 4918 1475 4987 adduxit
1504 4919 1642 4979 Deus

41 4998 289 5066 spiritum
319 5014 473 5066 super
500 5008 722 5064 terram,
767 5012 816 5057 et
857 5006 1066 5059 cessavit
1105 5024 1258 5078 aqua.
1290 5010 1640 5085 Recordatus,

43 5091 245 5158 inquit,
278 5087 415 5154 Noe,
449 5098 504 5144 et
532 5092 771 5148 omnium
800 5109 919 5164 quae
945 5111 1065 5151 cum
1108 5099 1200 5154 illo
1237 5112 1390 5158 erant
1418 5105 1470 5160 in
1496 5121 1641 5176 arca,

44 5180 311 5250 ρηξθθρὶι
337 5195 491 5249 aqua:
536 5182 789 5252 impetum
817 5185 1078 5256 detineri,
1126 5199 1185 5245 ut
1211 5196 1466 5263 paulatim
1491 5215 1641 5257 suam

42 5281 506 5328 commonstraret
529 5274 940 5346 benignitatem;
967 5290 1021 5337 et
1044 5295 1225 5353 postea
1247 5287 1447 5357 justum
1472 5295 1647 5364 respi-

44 5377 170 5417 rare
196 5373 440 5426 curaret,
472 5372 532 5420 et
567 5379 596 5419 a
628 5368 930 5427 turbatione
959 5374 1337 5444 cogitationum
1368 5381 1643 5440 liberatum

42 5449 97 5507 in
127 5453 429 5525 tranquillo
456 5463 598 5512 statu
623 5460 994 5534 constitueret,
1021 5471 1276 5525 concesso
1295 5479 1351 5526 et
1385 5472 1518 5531 lucis
1545 5489 1644 5533 usu

121 5624 139 5654 ί
172 5620 332 5671 Savil.
357 5625 412 5672 et
435 5620 634 5686 Morel.,
653 5636 740 5676 nos
763 5622 951 5688 (ἡμᾶς),
977 5628 1050 5689 et,
1073 5638 1328 5690 possumus
1354 5631 1629 5703 (δυνάμεθα)

1045 226 1112 284 ΙΝ
1147 228 1300 285 CAP.
1340 226 1476 282 VIII.
1513 225 1760 288 GENES.
1802 227 2028 283 ilOMIL.
2069 228 2259 287 XXVI.

1754 346 1808 396 et
1833 340 1975 395 aeris
2001 343 2372 412 respiratione.
2402 345 2470 401 Et
2494 348 2708 406 adduxit
2749 351 2916 422 Deus,
2948 355 3148 428 inquit,
3175 361 3321 428 spiri-

1753 436 1860 481 tum
1886 446 2037 502 super
2075 441 2279 502 terram,
2325 444 2373 491 et
2400 439 2609 493 cessavit
2651 457 2802 511 aqua.
2827 443 2883 499 2.
2911 443 2980 499 Et
3005 448 3183 504 obtecti
3209 461 3326 506 sunt

1752 523 1914 591 fontes
1943 522 2109 594 abyssi
2150 537 2198 580 et
2240 536 2509 585 cataractae
2544 532 2673 587 creti.
2712 533 2841 592 Vide
2865 540 3133 608 quomodo
3174 557 3325 599 more

1752 609 1986 666 humano
2024 614 2257 683 loquitur
2294 618 2448 674 nobis
2475 622 2672 677 omnia.
2705 623 2898 680 Oblecti
2933 638 3086 698 sunt,
3131 630 3320 702 inquit,

1749 705 1912 772 fontes
1942 701 2110 775 abyssi
2132 716 2177 759 et
2203 717 2470 765 cataracta:
2491 715 2622 780 cali,
2665 726 2712 768 et
2736 719 2951 773 cohibita
2979 722 3150 791 pluvia
3175 701 3288 779 cali
3305 742 3326 780 :

1749 794 1898 860 quasi
1924 793 2125 850 diceret
2147 838 2162 862 ,
2195 797 2457 867 placuisse
2485 802 2708 860 Domino
2732 816 2790 861 ut
2815 808 3003 865 iterum
3034 813 3085 868 in
3112 829 3208 869 sua
3233 831 3320 872 re-

1747 879 1905 949 gione
1932 895 2214 941 manerent
2243 903 2396 958 aqua;
2418 930 2434 956 ,
2467 908 2638 963 neque
2664 896 2800 952 ultra
2829 902 3189 970 exundarent,
3230 907 3324 963 sed

1745 973 1997 1042 paulatim
2043 977 2369 1037 desinerent.
2414 985 2470 1040 3.
2512 984 2581 1038 Et
2622 988 2823 1044 cedebat
2866 1009 3000 1062 aqua
3040 997 3225 1053 uadens
3261 1003 3327 1055 de

1747 1073 1881 1118 terra
1903 1107 1919 1131 ,
1963 1076 2010 1120 et
2051 1068 2368 1126 minuebatur
2407 1091 2540 1143 aqua
2580 1088 2692 1148 post
2729 1091 2924 1137 centum
2962 1086 3325 1160 quinquaginta

1747 1153 1873 1211 dies.
1902 1157 2030 1225 Quae
2055 1161 2189 1215 ratio
2220 1166 2412 1232 poterit
2438 1166 2538 1224 hoc
2564 1185 2810 1241 umquam
2831 1153 3324 1247 comprehendere?

1747 1247 1896 1314 Esto,
1929 1252 2075 1305 stetit
2103 1253 2297 1322 pluvia,
2328 1258 2541 1314 cohibiti
2573 1261 2746 1319 fontes
2771 1281 2874 1320 non
2901 1270 3129 1338 amplius
3157 1289 3321 1330 exun-

1748 1336 1976 1403 dabant,
2001 1348 2057 1395 et
2084 1352 2362 1400 cataracta:
2391 1348 2506 1402 cadi
2545 1350 2791 1407 cohibitae
2821 1364 2945 1411 sunt
2972 1336 3148 1430 {aqua
3180 1371 3324 1420 tanta

1754 1429 2019 1496 quomodo
2039 1429 2238 1488 desiit?
2267 1435 2450 1490 Omnia
2481 1439 2701 1510 ahyssus
2729 1455 2899 1498 erant.
2922 1429 3198 1514 Quomodo
3229 1454 3323 1524 igi-

1744 1526 1830 1573 tur
1857 1529 2032 1578 tantus
2074 1539 2327 1594 aquarum
2369 1526 2540 1584 ﬂuxus
2569 1532 2744 1588 subito
2786 1538 2964 1593 minor
3004 1541 3172 1598 {actus
3198 1546 3325 1600 est?

1744 1607 1876 1676 Quis
1903 1608 2004 1664 hoc
2032 1611 2261 1669 humana
2293 1619 2500 1673 ratione
2541 1621 2781 1678 invenire
2811 1629 3000 1694 poterit
3030 1635 3324 1703 umquam?

1743 1695 1878 1764 Quid
1911 1700 2072 1769 igitur
2096 1697 2423 1760 dicendum?
2451 1707 2547 1764 Dei
2575 1724 2895 1784 praeceptum
2925 1727 3009 1774 est
3033 1695 3172 1794 quod
3200 1723 3322 1780 facit

1742 1802 1941 1843 omnia.

1811 1879 1868 1935 4.
1908 1879 1987 1938 Ne
2028 1881 2189 1954 igitur
2229 1901 2326 1941 nos
2368 1889 2627 1948 curiosius
2665 1895 3007 1968 exploremus
3033 1905 3319 1974 quomodo,

1740 1973 1835 2028 sed
1866 1981 2068 2031 tantum
2095 1977 2414 2047 credamus;
2459 1997 2650 2055 nempe
2688 1987 2881 2058 jussit,
2909 1999 2964 2047 et
2986 1996 3214 2052 exaltata
3241 1973 3322 2055 est

1740 2063 1965 2137 abyssus
1995 2085 2009 2121 :
2041 2071 2331 2140 praecepit,
2374 2081 2428 2128 et
2455 2074 2645 2130 iterum
2678 2094 2832 2134 suum
2860 2084 3120 2140 continuit
3149 2086 3321 2159 impe-

1742 2162 1887 2222 tum,
1929 2167 1983 2212 et
2010 2159 2076 2212 ad
2109 2160 2377 2230 proprium
2421 2166 2685 2221 concessit
2731 2169 2926 2237 locum,
2974 2190 3132 2244 quem
3175 2181 3322 2236 solus

1741 2245 1855 2316 ipse
1884 2247 2140 2305 Dominus
2169 2253 2303 2321 scit,
2335 2255 2422 2324 qui
2463 2257 2719 2313 condidit.
2750 2261 2804 2315 4.
2835 2261 2904 2315 Et
2932 2266 3088 2332 sedit,
3131 2268 3320 2340 inquit,

1739 2355 1861 2392 arca
1881 2357 2049 2397 mense
2066 2345 2295 2413 septimo,
2322 2346 2554 2402 vicesima
2575 2352 2786 2422 septima
2807 2357 2988 2411 mensis
3007 2375 3158 2430 super
3180 2379 3322 2418 man-

1739 2439 1813 2485 tes
1851 2431 2053 2486 Ararat.
2097 2435 2151 2490 5.
2179 2436 2324 2507 Aqua
2352 2449 2520 2494 autem
2565 2442 2876 2500 decrescebat
2904 2464 3060 2519 usque
3086 2451 3156 2504 ad
3183 2454 3321 2508 deci-

1739 2705 1874 2762 facta
1902 2710 2141 2776 mutatio,
2164 2720 2218 2766 et
2250 2723 2443 2783 quanta
2471 2716 2626 2771 simul
2652 2734 2907 2789 aquarum
2934 2734 3122 2781 natura
3147 2727 3322 2785 desie-

1739 2801 1828 2867 rit,
1869 2810 1926 2855 ut
1951 2816 2108 2872 supra
2137 2813 2347 2860 montes
2376 2820 2501 2861 arca
2530 2810 2806 2868 resideret.
2837 2812 2965 2881 Qua:
2988 2833 3144 2888 supra
3176 2819 3323 2876 dixe-

1742 2903 1823 2947 rat
1851 2892 2126 2965 Scriptura
2145 2939 2160 2962 ,
2193 2899 2494 2968 quindecim
2536 2903 2728 2958 cubitis
2756 2919 2918 2976 super
2943 2919 3149 2967 montes
3174 2914 3321 2968 exal-

1744 2991 1907 3040 tatam
1937 2984 2102 3042 fuisse
2131 3001 2321 3059 aquam
2353 3005 2368 3043 :
2401 3005 2542 3046 nunc
2568 2992 2697 3048 dicit
2726 2994 2930 3052 sedisse
2957 3013 3136 3055 arcam
3162 3016 3324 3072 super

1741 3085 1950 3132 montes
1987 3078 2211 3147 Ararat,
2242 3090 2296 3136 et
2325 3082 2574 3150 paulatim
2607 3094 2791 3153 postea
2831 3102 3021 3158 aquam
3061 3107 3227 3164 usque
3254 3095 3321 3151 ad

1742 3165 2010 3223 decimum
2061 3185 2297 3226 mensem
2352 3172 2697 3244 decrevisse,
2751 3188 2805 3233 et
2854 3181 3065 3238 tandem
3112 3185 3324 3243 decimo

1742 3272 1928 3313 mense
1975 3261 2086 3315 visa
2140 3260 2304 3318 fuisse
2353 3266 2628 3320 cacumina
2678 3270 2958 3328 montium.
3009 3274 3322 3346 Considera,

1743 3366 1947 3421 quaeso,
1985 3346 2111 3422 jusﬂ
2143 3357 2495 3412 constantiam
2518 3399 2533 3424 ,
2567 3363 2833 3430 quomodo
2862 3365 3053 3423 durare
3094 3374 3325 3439 potuerit

1744 3449 1823 3496 tot
1851 3444 2122 3499 mensibus
2147 3485 2162 3512 ,
2205 3447 2296 3516 qui
2336 3450 2486 3518 quasi
2530 3450 2584 3505 iu
2629 3454 2865 3512 tenebris
2909 3470 3024 3513 erat
3070 3460 3322 3519 inclusus.

1742 3533 1795 3587 6.
1827 3533 1894 3586 Et
1921 3535 2111 3604 factum
2137 3547 2229 3603 est,
2261 3539 2447 3609 inquit,
2478 3551 2588 3610 post
2613 3545 2950 3617 quadraginta
2972 3550 3098 3618 dies,
3127 3558 3324 3625 aperuit

1745 3621 1799 3675 Ν
1803 3639 1862 3676 oe
1903 3623 2172 3692 fenestram
2197 3644 2362 3693 arere,
2404 3646 2556 3700 quam
2582 3637 2800 3704 fecerat,
2832 3647 2879 3691 et
2907 3641 3069 3695 emisit
3098 3659 3323 3712 corvum,

1744 3722 1801 3765 ut
1828 3713 2015 3768 videret
2040 3732 2160 3769 num
2187 3729 2425 3773 cessasset
2449 3737 2599 3791 aqua.
2624 3723 2761 3779 Ecce
2781 3725 2957 3795 justus
2982 3731 3068 3785 ille
3089 3734 3324 3791 nondum

1744 3821 1839 3876 per
1868 3821 1926 3862 se
1952 3806 2113 3863 audet
2151 3811 2454 3880 reSpicere,
2494 3814 2590 3870 sed
2630 3830 2847 3873 corvum
2885 3820 3079 3891 mittit,
3124 3840 3186 3881 ac
3229 3842 3326 3898 per

1745 3899 1896 3953 illum
1927 3899 2132 3956 discere
2158 3901 2289 3967 vult,
2317 3918 2383 3957 an
2417 3905 2554 3961 bona
2583 3901 3014 3968 rerum'mutatio
3045 3916 3219 3987 aliqua
3256 3920 3327 3974 sit

1743 3991 2120 4061 exspectanda.
2146 3992 2202 4049 7.
2226 3991 2297 4048 Et
2325 4012 2572 4066 egressus,
2600 3998 2792 4068 inquit,
2820 4018 2920 4056 non
2958 4006 3140 4073 rediit,
3169 4009 3327 4064 donec

1743 4083 2016 4139 siccaretur
2039 4101 2170 4156 aqua
2193 4104 2226 4141 a
2251 4097 2404 4144 terra.
2430 4089 2640 4159 Adiecit
2664 4093 2936 4165 Scriptura
2958 4099 3174 4156 verbum
3201 4102 3322 4170 hoc,

1743 4172 1938 4242 Donec,
1965 4190 2070 4232 non
2091 4178 2231 4249 quod
2259 4188 2440 4250 postea
2465 4183 2713 4251 redierit;
2745 4186 2841 4242 sed
2866 4188 3056 4245 idioma
3086 4203 3168 4248 est
3186 4195 3329 4251 Scri-

1745 4275 1915 4336 pturaa
1943 4267 2158 4324 divina).
2199 4269 2266 4324 Et
2294 4269 2434 4327 hanc
2457 4276 2894 4334 consuetudinem
2922 4295 3064 4352 smpe
3091 4287 3212 4355 quis
3241 4288 3324 4342 in-

1744 4356 1944 4423 veniet,
1967 4369 2294 4430 possentque
2317 4362 2480 4417 multa
2507 4364 2628 4418 talia
2657 4367 2900 4436 inveniri,
2924 4385 2987 4426 ac
3014 4372 3066 4428 in
3095 4377 3328 4434 medium

1744 4448 1924 4504 afferri
1954 4465 1969 4503 :
1996 4450 2088 4504 sed
2130 4466 2199 4506 ne
2234 4453 2410 4508 omnia
2440 4469 2467 4506 a
2499 4456 2653 4511 nobis
2683 4457 2948 4516 discentes
2975 4465 3330 4536 negligentio-

1745 4553 1834 4593 res
1860 4540 2119 4607 evadatis,
2153 4543 2302 4597 vobis
2332 4545 2706 4615 relinquimus,
2738 4559 2793 4604 ut
2821 4551 3148 4623 Scripturam
3175 4574 3328 4614 scru-

1746 4631 1966 4698 temini,
1998 4641 2052 4688 et
2096 4634 2378 4690 inveniatis
2419 4637 2632 4693 ubinam
2665 4645 3075 4712 proprietatibus
3102 4658 3156 4704 et
3193 4650 3329 4707 idio-

1748 4723 1976 4778 matibus
2001 4722 2364 4794 hujuscemodi
2405 4738 2598 4783 utatur.
2625 4730 2742 4787 Jam
2771 4743 2950 4790 autem
2987 4753 3165 4809 opera:
3205 4758 3328 4811 pre-

1749 4815 1878 4867 tium
1912 4813 2097 4882 fuerit,
2144 4829 2203 4872 ut
2228 4819 2432 4876 dicatur
2458 4839 2616 4878 causa
2643 4841 2809 4896 quare
2838 4845 2942 4884 non
2972 4831 3189 4888 redierit
3216 4834 3332 4892 haec

1747 4905 1882 4959 avis.
1912 4905 2177 4964 Fortassis
2201 4911 2318 4966 avis
2342 4913 2451 4977 illa,
2477 4915 2553 4968 uti
2576 4925 2657 4970 est
2679 4917 2970 4985 immunda,
2998 4937 3119 4978 cum
3142 4925 3329 4981 desiis-

1749 5006 1869 5050 sent
1894 5013 2064 5069 aquae,
2091 5001 2275 5057 incidit
2297 5004 2346 5057 in
2369 5005 2627 5061 cadavera
2651 5008 2927 5066 hominum
2951 5023 3007 5068 et
3027 5016 3325 5087 brutorum,

1750 5087 1942 5156 quibus
1962 5130 1977 5154 ,
2016 5090 2233 5146 invento
2269 5094 2370 5148 sibi
2397 5100 2707 5166 congruenti
2736 5101 2858 5156 cibo
2878 5143 2895 5168 ,
2924 5103 3116 5160 insedit
3142 5124 3156 5161 :
3187 5110 3329 5180 quod

1750 5179 1910 5232 etiam
1943 5181 2115 5249 ipsum
2146 5197 2250 5237 non
2274 5199 2492 5254 parvum
2521 5188 2673 5244 bona:
2701 5192 2814 5261 spei
2839 5179 3213 5264 argumentum
3234 5201 3332 5260 fuit

1751 5268 1916 5338 justo.
1964 5273 2172 5341 Alioqui
2218 5275 2398 5340 enim,
2440 5278 2541 5332 nisi
2585 5283 3000 5342 consolationem
3044 5289 3333 5351 invenisset

1751 5361 1982 5430 aliquam
2006 5402 2022 5426 ,
2064 5379 2272 5420 reversa
2315 5369 2496 5439 utique
2532 5370 2733 5428 fuisset.
2761 5375 2936 5448 Atque
2975 5389 3033 5437 ut
3073 5380 3176 5440 hoc
3214 5401 3333 5444 esse

1751 5466 1940 5506 verum
1987 5454 2159 5522 scias,
2211 5468 2390 5526 postea
2434 5461 2610 5530 justus
2656 5467 2878 5525 meliore
2922 5485 3019 5542 spe
3055 5487 3334 5550 concepta,

1754 5543 1952 5599 emittit
1979 5545 2313 5616 columbam,
2341 5567 2491 5608 avem
2521 5556 2702 5612 mitem
2729 5569 2783 5616 et
2824 5561 3135 5624 familiarem
3158 5611 3175 5636 ,
3218 5543 3335 5643 quas

1760 5638 1946 5695 miram
1978 5655 2088 5711 prae
2116 5656 2176 5700 se
2205 5641 2310 5702 fert
2351 5650 2809 5711 mansuetudinem
2833 5695 2850 5723 ,
2893 5665 2947 5712 et
2973 5674 3087 5732 qua:
3113 5638 3336 5716 nonnisi
