3760 6302
467 287 573 340 235

463 400 756 453 seminibus
785 396 926 468 pasci
954 394 1125 462 solita,
1150 412 1216 454 ex
1249 395 1390 466 puris
1410 391 1491 454 εει
1516 394 1718 446 avibus.
1748 393 1801 446 8.
1821 389 1888 445 Et
1907 392 2032 445 emi-

463 491 560 556 sit,
589 491 789 560 inquit,
829 485 1107 544 columbam
1135 505 1167 540 a
1191 506 1275 552 se,
1315 498 1370 540 ut
1403 482 1589 540 videret
1607 527 1623 550 ,
1651 501 1772 538 num
1797 491 2034 540 cessasset
2092 534 2102 542 ,

463 598 595 652 aqua
637 598 667 633 a
695 581 824 652 {acie
863 590 1026 633 terrm.
1071 578 1125 634 9.
1154 578 1217 632 At
1250 578 1478 631 columba
1508 592 1608 628 non
1645 567 1841 630 inventa
1865 572 2035 640 requie

467 671 674 742 pedibus
701 669 826 738 suis,
855 672 1003 725 rediit
1033 673 1099 724 ad
1127 672 1290 740 ipsum
1320 671 1371 723 in
1397 686 1568 722 arcam
1589 710 1603 732 ,
1635 668 1752 740 quia
1777 665 1905 735 aqua
1930 663 2054 720 erat

467 780 618 834 super
645 779 841 816 onmem
865 763 1044 834 [aciem
1069 759 1232 815 terra}.
1258 761 1354 816 [’ar
1371 769 1470 824 est,
1490 770 1546 812 ut
1571 759 1655 814 hic
1681 758 2033 827 disquiramus

463 854 731 924 quomodo
759 869 879 908 cum
907 868 1062 930 supra
1095 853 1285 906 dixerit
1326 852 1594 920 Scriptura
1635 837 1812 903 sancta
1833 891 1846 910 ,
1879 864 2035 902 cacu-

463 946 604 998 mina
647 946 905 998 montium
956 946 1118 1000 fuisse
1155 945 1300 1006 visa,
1345 959 1482 997 nunc
1523 942 1668 1008 dicit,
1712 942 2030 1002 columbam,

461 1049 567 1086 non
595 1037 807 1088 inventa
837 1034 1038 1103 requie,
1070 1033 1134 1088 ad
1168 1035 1337 1102 ipsum
1365 1033 1416 1087 in
1443 1047 1618 1086 arcam
1646 1031 1885 1097 rediisse,
1913 1033 2034 1102 quia

459 1140 596 1192 aqua
624 1134 739 1180 erat
759 1141 919 1198 super
937 1141 1149 1180 omnem
1175 1125 1356 1179 faciem
1388 1134 1561 1177 teme.
1591 1124 1877 1194 Diligenter
1895 1122 2035 1192 lcga-

459 1230 580 1268 mus
609 1215 733 1285 quid
760 1217 828 1270 sit
869 1216 1084 1278 dictum,
1134 1224 1187 1268 et
1230 1216 1457 1270 sciemus
1485 1229 1718 1268 causam.
1750 1213 1864 1268 Non
1893 1215 2034 1268 enim

460 1307 772 1374 simpliciter
802 1305 968 1371 dixit,
1012 1304 1134 1359 Non
1174 1307 1372 1360 inventa
1406 1307 1604 1376 requie,
1646 1305 1740 1359 sed
1769 1305 2031 1373 apposuit,

460 1395 682 1450 Pedibus
722 1399 857 1464 suis,
903 1406 960 1450 ut
1001 1397 1190 1451 doceat
1236 1413 1370 1463 nos,
1415 1396 1621 1450 tametsi
1665 1396 1933 1451 desierant
1968 1411 2035 1449 ex

459 1499 608 1558 parte
635 1489 804 1557 aliqua
843 1503 1015 1558 aqum,
1061 1498 1115 1543 et
1158 1489 1429 1542 cacumina
1473 1487 1729 1542 montium
1771 1502 2034 1557 apparue-

459 1589 616 1646 rant,
657 1580 829 1635 adhuc
860 1589 1036 1634 tamen
1065 1579 1133 1634 ob
1167 1580 1544 1633 abundantiam
1587 1593 1842 1648 aquarum
1873 1578 2033 1634 etiam

461 1670 718 1723 montium
746 1665 1020 1723 Cacumina
1051 1670 1176 1722 limo
1206 1670 1357 1738 plena
1386 1669 1568 1723 fuisse.
1600 1667 1664 1721 Et
1691 1667 1808 1722 ideo
1832 1668 2034 1722 colum-

458 1761 522 1816 ba
554 1758 784 1814 nondum
818 1769 999 1826 stare,
1048 1774 1222 1828 neque
1267 1758 1670 1813 convenientem
1713 1758 1816 1812 sibi
1858 1759 2032 1814 cibum

458 1852 695 1906 invenire
724 1851 907 1904 valens
928 1893 943 1917 ,
985 1866 1195 1906 reversa
1225 1859 1340 1914 est,
1383 1852 1554 1905 reditu
1589 1865 1686 1904 suo
1726 1850 1922 1905 docens
1945 1851 2032 1920 ju-

457 1944 599 1996 stum
621 1983 636 2008 ,
669 1955 787 1996 esse
814 1941 988 1996 adhuc
1023 1957 1268 2010 magnam
1306 1957 1561 2009 aquarum
1598 1941 1823 2010 copiam.
1855 1937 1922 1993 Et
1947 1957 2035 1998 ea:-

464 2042 598 2086 tenta
621 2073 636 2096 ,
668 2030 868 2101 inquit,
900 2031 1051 2084 manu
1076 2035 1266 2099 accepit
1295 2031 1470 2094 illam,
1505 2041 1551 2086 et
1585 2031 1864 2084 introduxit
1892 2031 2034 2084 illam

456 2125 523 2178 ad
547 2141 600 2178 se
627 2124 678 2176 in
706 2140 899 2177 arcam.
925 2124 1115 2178 Vidisti
1141 2133 1334 2194 quanta
1358 2123 1470 2176 avis
1499 2117 1873 2189 mansuetudo,
1903 2137 2034 2189 quo-

457 2215 614 2270 modo
644 2215 858 2270 rediens
894 2215 1095 2283 justum
1133 2215 1313 2269 docuit
1332 2255 1348 2278 ,
1377 2223 1434 2268 ut
1457 2213 1836 2283 aliquantisper
1862 2211 2034 2268 adhuc

457 2306 908 2374 looganimitatem
937 2305 1255 2360 exhiberet?
1297 2305 1456 2372 ldeo,
1493 2304 1581 2358 10.
1633 2303 1701 2357 Et
1737 2321 1850 2357 cum
1880 2306 2032 2358 susti-

456 2397 664 2459 nuisset,
697 2396 884 2462 inquit,
915 2395 1077 2447 ad/tuc
1102 2405 1290 2461 septem
1318 2394 1453 2459 dies,
1483 2395 1644 2449 emisit
1669 2395 1949 2452 columbam
1974 2411 2035 2448 ex

455 2504 593 2540 arca.
625 2489 708 2542 ll.
741 2485 802 2540 Et
823 2502 1019 2539 reuersa
1039 2495 1108 2539 est
1136 2485 1202 2538 ad
1226 2487 1388 2556 ipsum
1414 2484 1651 2538 columba
1668 2487 1735 2537 ad
1757 2501 2030 2554 vesperam,

455 2591 502 2632 et
533 2579 702 2631 [tabuit
730 2578 909 2649 folium
938 2578 1082 2634 oliva:
1109 2573 1364 2631 surculum
1393 2578 1445 2628 in
1481 2593 1565 2630 ore
1593 2593 1704 2629 suo.
1754 2575 1868 2630 Non
1908 2576 2032 2630 abs-

455 2688 558 2740 que
599 2673 837 2737 ratioue,
870 2686 1043 2741 neque
1086 2679 1286 2724 temere
1330 2668 1568 2738 adjunxit
1590 2710 1604 2733 ,
1634 2666 1716 2720 Ad
1744 2685 2032 2735 vesperam:

453 2764 548 2817 sed
582 2774 638 2816 ut
677 2763 943 2817 discamus
963 2803 975 2825 ,
1009 2777 1125 2816 eam
1155 2769 1260 2815 tota
1291 2760 1378 2814 die
1407 2769 1606 2827 pastam
1639 2758 1835 2822 fuisse,
1866 2767 1920 2813 et
1947 2761 2030 2812 in-

454 2864 613 2908 vento
639 2854 738 2908 sibi
767 2852 1102 2907 convenienti
1130 2851 1270 2914 cibo,
1302 2850 1368 2906 ad
1399 2865 1674 2919 vesperam
1706 2849 1948 2910 rediisse,
1979 2849 2032 2903 in

451 2962 546 3001 ore
591 2946 846 3000 ferentem
893 2943 1164 2998 surculum
1204 2941 1379 2996 olivm.
1430 2941 1557 2995 Tale
1601 2940 1795 3011 quippe
1837 2939 2032 2993 animal

452 3048 536 3092 est
565 3038 712 3099 mite,
743 3045 797 3091 et
842 3046 1022 3090 nostra
1065 3033 1417 3088 familiaritate
1443 3033 1714 3104 gaudens;
1754 3041 1808 3086 ct
1835 3032 2031 3086 idcirco

454 3128 649 3193 rediit,
679 3137 734 3180 et
759 3127 911 3180 oliva:
940 3125 1152 3180 surculo
1181 3125 1404 3178 multum
1435 3125 1608 3178 solatii
1650 3125 1796 3194 justo
1834 3124 2026 3178 attulit.

453 3219 558 3276 Sed
581 3220 774 3273 dixerit
801 3217 1024 3272 fortasse
1046 3217 1269 3286 aliquis:
1296 3216 1363 3270 Et
1386 3217 1599 3271 ubinam
1623 3217 1826 3270 invenit
1851 3216 2055 3270 folium

452 3310 646 3364 olivm?
677 3307 867 3362 Totum
900 3306 1002 3362 hoc
1043 3305 1236 3360 factum
1277 3314 1358 3360 est
1396 3305 1792 3375 dispensatione
1831 3306 2025 3371 divina,

447 3411 502 3457 et
534 3398 671 3467 quod
701 3397 942 3450 columba
989 3395 1286 3461 invenerit,
1318 3405 1370 3450 et
1397 3397 1537 3465 quod
1565 3411 1659 3451 ore
1689 3398 1949 3467 receperit
1978 3408 2029 3452 et

451 3490 518 3543 ad
540 3490 740 3558 justmn
769 3504 982 3543 reversa
1014 3489 1083 3543 sit
1112 3506 1125 3543 :
1158 3489 1390 3558 alioquin
1420 3498 1473 3543 et
1498 3487 1655 3543 arbo'r
1682 3489 1795 3544 haec
1821 3506 2031 3559 semper

454 3582 631 3633 virens
657 3588 759 3644 est,
791 3579 1184 3648 verisimileque
1210 3587 1314 3641 est,
1348 3588 1622 3649 postquam
1651 3595 1800 3651 aqua:
1827 3598 2032 3651 regres-

451 3684 524 3726 sae
553 3679 706 3733 sunt,
743 3671 984 3724 arborem
1012 3669 1148 3724 hanc
1181 3669 1354 3724 adhuc
1384 3669 1631 3724 habuisse
1661 3671 1904 3725 foliorum
1936 3687 2029 3725 co-

453 3778 615 3816 mam.
648 3761 730 3816 12.
759 3759 826 3814 Et
853 3771 905 3814 ut
931 3762 1253 3832 exspectavit,
1285 3761 1473 3831 inquit,
1504 3763 1669 3814 adhuc
1694 3774 1880 3832 septem
1903 3765 2029 3817 alios

451 3855 577 3916 dies,
608 3853 769 3907 emisit
793 3852 1074 3906 columbam
1103 3893 1116 3916 ,
1146 3863 1192 3906 et
1218 3855 1528 3924 non‘adjecit
1559 3864 1612 3907 ut
1640 3855 1708 3908 ad
1735 3855 1880 3908 illum
1910 3858 2025 3908 red-

452 3945 561 3996 iret.
597 3943 726 3996 Vide
751 3943 1016 4012 quomodo
1047 3946 1215 4008 iustus
1243 3945 1295 3996 in
1327 3946 1574 3998 omnibus
1607 3948 2026 4010 consolationem

453 4035 696 4088 idoneam
744 4034 984 4102 accipiat.
1017 4033 1150 4087 Nam
1196 4044 1250 4086 ut
1294 4034 1431 4088 bona
1474 4050 1569 4103 spe
1615 4045 1881 4091 recreatus
1923 4050 2024 4103 est,

452 4141 573 4180 cum
619 4125 845 4186 rediret,
889 4132 942 4178 et
981 4124 1135 4178 oliva:
1180 4123 1360 4177 folium
1414 4125 1466 4177 in
1511 4139 1602 4179 ore
1649 4125 1852 4181 ferret:
1884 4128 1949 4180 ita
1978 4139 2030 4183 et

453 4230 598 4270 nunc
625 4230 745 4269 cum
771 4229 983 4284 egressa
1015 4230 1119 4268 non
1147 4213 1315 4279 redit,
1346 4217 1630 4270 maximum
1663 4217 1736 4270 illi
1777 4219 2027 4274 indicium

453 4305 570 4371 fuit,
612 4320 728 4359 eam
770 4305 1118 4358 sufficientem
1165 4304 1430 4375 invenisse
1473 4305 1933 4375 refocillationem,
1974 4319 2028 4364 et

450 4410 614 4464 aquas
643 4395 692 4446 in
722 4395 1025 4448 universum
1053 4394 1294 4448 desiisse.
1329 4395 1394 4449 Et
1421 4396 1519 4450 hoc
1547 4397 1615 4450 ita
1644 4413 1781 4462 esse,
1813 4400 1934 4454 audi
1961 4417 2025 4454 ex

453 4485 812 4555 sequentibus.
846 4487 933 4540 l5.
965 4484 1030 4538 Et
1055 4486 1244 4554 factum
1271 4497 1371 4550 est,
1406 4487 1601 4556 inquit,
1628 4489 1681 4542 in
1713 4507 1810 4543 uno
1835 4499 1883 4544 et
1909 4507 2025 4553 sea:-

451 4579 718 4632 centesimo
743 4595 875 4631 anno
901 4582 1016 4632 vitta
1049 4577 1162 4632 Noe
1180 4622 1196 4644 ,
1226 4581 1386 4649 printo
1425 4597 1591 4634 mense
1627 4583 1806 4650 defecit
1833 4600 1967 4653 aqua
1995 4601 2026 4636 a

453 4670 582 4738 {acie
621 4678 784 4722 terrm.
816 4669 879 4722 Et
911 4670 1105 4739 aperuit
1133 4669 1247 4724 Noe
1277 4680 1458 4724 tectum
1481 4687 1614 4726 arca:
1647 4673 1778 4743 quod
1819 4680 2020 4745 fecerat,

451 4773 496 4816 et
522 4763 644 4815 vidit
669 4763 800 4831 quod
825 4763 1003 4832 defecit
1031 4780 1162 4828 aqua
1186 4780 1216 4815 a
1245 4765 1373 4834 facie
1397 4773 1559 4819 terras.

519 4856 572 4910 5.
614 4855 808 4909 lterum
837 4854 920 4907 hic
949 4869 1033 4908 me
1059 4863 1244 4924 stupor
1267 4855 1485 4920 invadit,
1505 4866 1562 4910 ut
1586 4857 1834 4912 admirari
1866 4873 2024 4928 cogar

441 4946 570 5016 justi
610 4945 766 5015 hujus
791 4946 1070 5009 virtutem,
1118 4957 1171 5000 et
1212 4946 1305 5000 Dei
1343 4948 1699 5004 clementiam.
1746 4949 2023 5017 Quomodo

443 5038 609 5103 enim,
653 5051 852 5106 quzcso,
883 5046 1004 5108 post
1047 5046 1248 5091 tantum
1293 5047 1520 5107 tempus,
1567 5050 1625 5093 ut
1649 5056 1705 5095 se
1735 5043 1843 5096 aeri
1872 5059 2020 5097 com-

445 5131 610 5195 misit,
657 5138 711 5184 et
735 5130 918 5184 oculos
941 5129 1006 5183 ad
1034 5132 1217 5184 crnlnm
1249 5135 1590 5202 spectandum
1623 5134 1867 5202 intendit,
1913 5154 2017 5191 non

444 5230 633 5288 captus
660 5230 742 5274 est
769 5221 934 5275 oculis
961 5231 1014 5276 et
1040 5225 1376 5277 excaecatus?
1403 5223 1572 5279 Probe
1597 5241 1823 5297 namque
1850 5231 2016 5296 scitis,

447 5309 548 5364 hoc
577 5311 884 5380 contingere
913 5311 1211 5368 hominibus
1241 5314 1440 5379 solere,
1484 5317 1640 5370 etiam
1691 5321 1754 5370 ad
1803 5334 2018 5388 parvam

445 5402 548 5456 diei
594 5415 796 5471 partem
841 5405 892 5458 in
935 5405 1232 5459 tenebrosis
1261 5408 1668 5477 caliginooisque
1694 5409 1821 5465 locis
1852 5426 2014 5479 agen-

445 5493 604 5559 tibus,
651 5509 771 5547 cum
793 5497 975 5549 subito
1015 5497 1065 5551 in
1104 5498 1234 5551 lucis
1263 5496 1518 5568 fulgorem
1546 5500 1783 5569 aspicere
1810 5502 2011 5555 volunt.

439 5582 623 5638 Justus
647 5592 822 5638 autem
871 5586 961 5639 ille
998 5602 1138 5641 anno
1184 5589 1409 5658 integro,
1447 5600 1498 5644 et
1530 5598 1607 5644 tot
1648 5591 1916 5646 mensibus
1959 5592 2011 5646 in

445 5687 609 5745 arca,
655 5676 804 5746 quasi
851 5675 904 5732 ln
937 5679 1167 5734 tenebris
1194 5693 1378 5750 agens,
1426 5682 1584 5736 etiam
1619 5698 1758 5737 nunc
1792 5691 2012 5754 repente

1171 285 1224 340 S.
1265 281 1542 340 JOANNIS
1577 275 2049 335 CllRYSOSTOMl
2089 275 2406 331 ABClllEP.
2445 272 2980 330 CONSTANTINOP.

3610 273 3725 328 236

2141 391 2252 444 viso
2292 391 2424 444 lucis
2453 388 2662 458 jubare,
2713 389 2845 443 nihil
2894 387 2998 442 tale
3027 394 3280 457 expertus
3313 394 3413 444 est.
3442 385 3538 444 Dei
3581 392 3720 443 enim

2135 480 2302 550 gratia
2353 487 2487 544 erat,
2537 487 2592 532 et
2636 477 2883 548 patientia
2937 477 3005 532 ab
3048 492 3113 532 eo
3153 475 3232 532 illi
3272 491 3551 544 concessa,
3605 493 3724 547 qua:

2136 574 2295 626 etiam
2342 571 2581 640 corporis
2632 585 2820 624 sensus
2871 568 3134 623 firmiores
3186 567 3509 633 reddiderat,
3540 577 3596 622 et
3627 585 3723 636 pn-

2139 662 2392 715 tentiores
2431 675 2590 729 quam
2635 660 2724 728 qui
2768 659 3133 727 corporalibus
3167 657 3576 714 necessitatibus
3616 660 3725 711 vin-

2136 762 2400 807 cerentur.
2447 752 2532 805 14.
2581 748 2646 804 1η
2689 766 2858 803 mense
2899 759 3067 803 autem
3108 750 3328 803 secundo
3377 753 3608 819 arefacta
3657 761 3728 803 est

2138 853 2290 909 terra,
2321 844 2550 897 vicesimo
2577 853 2623 897 et
2649 843 2859 912 septimo
2885 843 2966 896 die
2991 845 3192 897 mensis.
3232 843 3349 897 Non
3389 843 3596 911 absque
3641 860 3722 896 ra-

2140 935 2281 988 tione
2329 943 2526 987 tantam
2565 933 2889 1004 diligentiam
2937 931 3155 986 adhibet
3199 932 3372 986 divina
3412 932 3725 1001 Scriptura.

2137 1026 2229 1080 sed
2269 1035 2325 1079 ut
2364 1025 2631 1080 discamus
2677 1041 2844 1094 usque
2887 1023 2953 1078 ad
2998 1025 3226 1094 primum
3256 1025 3395 1079 diem
3425 1027 3555 1079 anni
3586 1026 3727 1079 illius

2137 1119 2647 1172 consummationem
2679 1118 2896 1172 dilatam
2937 1116 3128 1178 fuisse,
3184 1132 3292 1186 quo
3331 1128 3728 1172 monstraretur

2131 1209 2260 1279 justi
2291 1210 2560 1278 patientia,
2587 1218 2642 1262 et
2672 1209 2834 1263 totius
2863 1209 3008 1264 orbis
3036 1210 3282 1278 purgatio
3317 1210 3491 1265 fieret.
3525 1209 3727 1263 Deinde

2139 1309 2415 1372 postquam
2469 1301 2619 1371 quasi
2671 1316 2702 1356 a
2749 1301 2907 1355 sorde
2945 1300 3170 1369 quadam
3213 1301 3390 1355 abluta
3431 1312 3515 1356 est
3555 1304 3727 1356 omnis

2135 1401 2398 1456 creatura,
2432 1403 2481 1446 et
2515 1391 2755 1462 deposuit
2783 1407 2993 1447 omnem
3029 1393 3307 1457 maculam,
3340 1410 3499 1464 quam
3528 1411 3596 1449 ex
3630 1393 3721 1448 hu.

2135 1498 2292 1536 mana
2319 1491 2659 1538 contraxerat
2685 1484 2900 1546 malitia,
2931 1483 3201 1553 faciesque
3240 1486 3289 1538 ei
3332 1501 3461 1554 pura
3509 1486 3718 1539 reddita

2134 1584 2216 1629 est
2261 1592 2274 1627 :
2323 1582 2448 1629 tunc
2482 1575 2710 1644 denique
2743 1575 2973 1645 prmcipit
3003 1589 3059 1628 ut
3083 1576 3256 1642 justus
3285 1591 3351 1629 ex
3382 1591 3503 1629 arca
3549 1588 3724 1639 exeat,

2141 1668 2380 1737 liberque
2406 1683 2433 1720 a
2464 1668 2609 1738 gravi
2637 1667 2730 1721 illo
2759 1682 2972 1722 carcere
2998 1668 3118 1730 fiat,
3149 1677 3201 1721 et
3229 1667 3397 1735 inquit
3425 1684 3440 1719 :
3475 1669 3566 1722 l5.
3588 1667 3727 1720 Dixit

2134 1759 2382 1817 Dominus
2422 1759 2558 1814 Deus
2596 1759 2664 1812 ad
2693 1758 2807 1812 Noe
2839 1759 2967 1813 :16.
2999 1757 3247 1830 Egredere
3273 1768 3346 1822 tu,
3373 1767 3420 1811 et
3451 1775 3582 1812 uxor
3608 1772 3692 1812 tua
3713 1803 3725 1820 ,

2135 1861 2182 1906 et
2209 1852 2304 1920 ﬁlii
2327 1852 2418 1913 tui,
2469 1861 2516 1905 et
2560 1868 2738 1908 uxores
2787 1852 3007 1919 filiorum
3051 1861 3250 1905 tuorum
3282 1845 3507 1908 tecum;
3558 1853 3649 1906 17.
3685 1864 3728 1905 et

2136 1958 2305 1995 omnes
2331 1941 2499 1996 bestia:
2541 1957 2860 2012 quaecumque
2901 1953 3014 1995 sunt
3041 1952 3220 2004 tecum,
3255 1951 3300 1995 et
3329 1943 3492 1995 omnis
3535 1960 3657 1995 caro
3698 1961 3729 1995 a

2135 2033 2420 2086 volatilibus
2446 2049 2602 2102 usque
2619 2032 2688 2085 ad
2717 2049 2918 2102 pecora,
2947 2043 2992 2085 et
3039 2048 3184 2086 omne
3224 2034 3403 2102 reptile
3441 2036 3580 2104 quod
3616 2053 3728 2088 mo-

2135 2132 2276 2176 vetur
2299 2140 2450 2194 super
2477 2133 2661 2176 terram
2687 2122 2812 2175 educ
2840 2133 3000 2175 tecum
3021 2163 3035 2183 ,
3077 2132 3123 2176 et
3165 2126 3368 2177 crescite
3394 2134 3441 2176 et
3470 2125 3726 2192 maltipti-

2135 2214 2320 2267 camini
2361 2231 2514 2284 super
2557 2223 2760 2266 terram.
2820 2213 3074 2282 Expende
3115 2213 3203 2268 hic
3248 2214 3338 2268 Dei
3389 2215 3726 2280 bonitatem,

2135 2305 2402 2373 quomodo
2424 2320 2517 2373 per
2543 2305 2719 2358 omnia
2742 2304 2944 2374 justum
2973 2307 3291 2359 conSolatur.
3325 2305 3456 2359 Nam
3478 2307 3603 2376 quia
3630 2308 3729 2360 ἰιιι-

2134 2395 2338 2465 peravit
2367 2395 2464 2459 illi,
2505 2405 2565 2449 ut
2604 2396 2772 2450 exiret
2804 2411 2868 2450 ex
2913 2410 3034 2448 arca
3083 2396 3217 2464 ipse,
3256 2405 3312 2450 et
3336 2413 3489 2461 uxor,
3519 2410 3575 2452 et
3608 2399 3728 2462 lilii,

2135 2495 2190 2542 et
2224 2502 2416 2542 uxores
2459 2486 2706 2549 filiorum,
2753 2496 2808 2541 et
2852 2487 3035 2542 bestia:
3067 2503 3253 2542 omnes
3283 2505 3295 2540 :
3326 2499 3380 2542 ut
3410 2505 3477 2543 ne
3504 2500 3557 2544 et
3585 2491 3731 2544 istud

2137 2576 2311 2647 ipsum
2359 2591 2645 2632 maerorem
2673 2577 2903 2647 aliquem
2933 2579 2980 2630 ei
3009 2577 3240 2637 afferret.
3288 2589 3341 2633 et
3383 2580 3602 2633 anxium
3634 2598 3731 2633 re-

2133 2667 2402 2736 linqueret
2427 2670 2748 2737 cogitantem
2779 2668 3044 2737 qnomodo
3073 2670 3123 2722 in
3155 2669 3439 2725 solitudine
3462 2683 3608 2726 esset
3641 2672 3730 2725 fu-

2133 2767 2304 2824 turus,
2345 2767 2546 2812 tantam
2594 2767 2750 2812 terrae
2805 2758 3134 2814 latitudinem
3183 2765 3328 2815 solus
3379 2761 3730 2827 inhabitans,

2135 2851 2280 2903 nullo
2312 2849 2423 2919 jam
2465 2849 2570 2904 alio
2597 2849 2814 2904 vivente
2847 2867 2861 2903 :
2893 2850 3012 2905 ideo
3038 2859 3318 2920 postquam
3350 2851 3482 2906 dixit
3511 2871 3526 2906 :
3557 2854 3736 2922 Egre-

2133 2939 2261 2996 dere
2305 2955 2369 2994 ex
2413 2954 2558 3004 arca,
2592 2948 2646 2994 et
2686 2939 2818 2994 educ
2848 2942 3026 2995 omnia
3052 2950 3246 3007 tecum,
3275 2942 3420 2997 addit
3453 2962 3466 2997 :
3496 2943 3730 2998 Crescite

2133 3043 2180 3088 et
2206 3033 2611 3104 multiplicamini
2638 3049 2790 3101 super
2819 3035 3024 3087 terram.

2155 3144 2158 3146 ·
2206 3122 2320 3178 Noe
2362 3113 2672 3195 fermentum~
2698 3124 2893 3177 mundi.
2943 3119 3015 3164 +-
3062 3124 3196 3180 Vide
3239 3126 3508 3195 quomodo
3545 3127 3736 3196 justus

2134 3215 2220 3271 ille
2263 3215 2439 3270 denuo
2477 3230 2766 3285 supernam
2821 3210 3013 3283 accipit
3055 3216 3505 3283 benedictionem,
3563 3235 3737 3289 quam

2133 3319 2256 3363 ante
2307 3309 2784 3378 transgressionem
2833 3318 3112 3380 acceperat
3154 3310 3344 3366 Adam.
3389 3309 3524 3364 Nam
3587 3312 3739 3366 sicut

2132 3401 2344 3470 quando
2397 3402 2484 3455 ille
2528 3399 2787 3454 formatus
2834 3410 2936 3464 est,
2991 3401 3193 3453 audivit
3229 3416 3242 3453 :
3280 3400 3343 3453 Et
3369 3401 3631 3454 benedixit
3659 3405 3739 3456 eis

2133 3491 2293 3556 Deus,
2326 3492 2495 3546 dicens
2531 3508 2548 3546 :
2589 3493 2806 3546 Crescite
2852 3501 2896 3545 et
2934 3491 3359 3561 multiplicamini,
3408 3503 3452 3545 et
3490 3493 3736 3546 domina-

2133 3587 2258 3639 mini
2300 3594 2447 3639 terrw
2492 3583 2644 3654 (Gen.
2679 3586 2728 3640 ‘l.
2761 3583 2856 3656 28)
2893 3603 2906 3638 :
2941 3585 3011 3637 ita
3054 3593 3107 3639 ct
3151 3584 3275 3638 huic
3307 3599 3444 3638 utmc
3480 3585 3696 3639 dicitur
3728 3605 3740 3640 :

2134 3677 2347 3731 Crescite
2386 3687 2430 3730 et
2471 3676 2874 3746 multiplicamini
2921 3693 3072 3745 super
3115 3685 3318 3729 terram.
3345 3677 3557 3744 Quippe
3588 3677 3746 3731 siCut

2133 3773 2220 3826 ille
2269 3772 2416 3840 origo
2463 3780 2516 3824 et
2567 3769 2713 3824 radix
2760 3770 2856 3822 fuit
2897 3769 3139 3823 omnium
3173 3770 3261 3839 qui
3289 3771 3395 3822 nati
3426 3779 3557 3823 sunt
3606 3780 3746 3824 ante

2132 3861 2383 3914 diluvium
2431 3878 2444 3915 :
2488 3862 2555 3913 ita
2596 3870 2648 3913 et
2687 3860 2860 3929 justus
2901 3859 2985 3913 hic
3032 3859 3352 3913 fermentum
3401 3859 3696 3928 quoddam
3727 3903 3741 3921 ,

2131 3954 2299 4022 origo,
2329 3962 2383 4006 et
2414 3952 2562 4006 radix
2586 3962 2667 4005 est
2695 3951 2932 4005 omnium
2969 3953 3057 4020 qni
3086 3960 3205 4020 post
3238 3951 3493 4004 diluvium
3529 3949 3699 4006 fuere
3730 3972 3743 4005 :

2131 4053 2186 4096 et
2225 4042 2347 4096 hinc
2391 4051 2569 4110 postea
2636 4041 2882 4095 humana:
2957 4042 3349 4094 constitutionis
3397 4041 3742 4110 principium

2131 4130 2326 4185 factum
2387 4141 2489 4185 est.
2549 4131 2800 4185 Creatura
2851 4145 3061 4200 quoque
3099 4130 3276 4184 omnis
3316 4144 3471 4184 suum
3519 4134 3747 4201 accepit

2132 4232 2397 4284 ornatum,
2425 4230 2566 4274 terra
2596 4222 2663 4274 ad
2701 4219 2952 4275 ferendos
2992 4220 3193 4274 fructus
3220 4219 3411 4274 idonea
3437 4219 3592 4274 facta
3631 4234 3740 4283 est,

2131 4313 2341 4383 aliaque
2370 4313 2547 4367 omnia
2577 4329 2695 4384 qua:
2721 4322 2940 4383 propter
2955 4313 3192 4368 hominis
3211 4314 3575 4368 ministerium
3611 4328 3747 4371 sunt

2131 4406 2364 4459 condita.
2391 4404 2478 4459 l8.
2508 4405 2574 4458 Et
2601 4422 2828 4476 egressus
2854 4417 2926 4459 est
2955 4405 3087 4470 Noe,
3113 4405 3300 4476 inquit,
3320 4415 3369 4459 et
3395 4423 3531 4460 uxor
3559 4409 3740 4470 illius,

2131 4504 2177 4549 et
2203 4495 2298 4564 filii
2317 4496 2475 4560 illius,
2517 4505 2562 4549 et
2604 4513 2784 4550 uxores
2817 4497 3039 4565 ﬁliorum
3080 4495 3220 4549 illius
3254 4513 3368 4549 cum
3398 4513 3457 4550 eo
3478 4493 3514 4560 ς’
3548 4499 3651 4554 19.
3698 4512 3745 4554 et

2133 4601 2306 4640 omnes
2355 4588 2554 4652 bestiae,
2603 4597 2650 4640 et
2704 4589 2874 4640 omnia
2912 4603 3132 4656 pecora,
3189 4598 3235 4639 et
3287 4604 3432 4639 omne
3492 4591 3742 4654 uolatile,

2129 4687 2176 4730 et
2213 4679 2359 4730 omne
2384 4677 2562 4746 reptile
2588 4677 2720 4746 quod
2753 4687 2974 4729 movetur
3003 4693 3153 4746 super
3173 4687 3358 4730 terram
3373 4679 3536 4747 juxta
3569 4698 3744 4750 genus

2129 4785 2279 4824 suum
2320 4770 2546 4823 exierunt
2577 4785 2640 4822 ea:
2665 4787 2804 4821 arra.
2865 4769 3148 4838 Postquam
3177 4771 3378 4838 accepit
3403 4771 3639 4825 mandat
3653 4791 3744 4826 nm

2129 4876 2156 4914 a
2210 4862 2437 4915 Domino
2487 4871 2540 4915 et
2591 4861 3014 4915 benedictionem
3054 4861 3350 4921 dicentem,
3384 4861 3635 4917 Crescite
3696 4879 3742 4918 et

2125 4952 2568 5020 multiplicamini,
2633 4952 2763 5006 exiit
2809 4967 2873 5005 ex
2929 4965 3050 5004 arca
3095 4967 3215 5005 cum
3268 4952 3386 5004 aliis
3438 4955 3742 5010 omnibus.

2125 5042 2197 5095 Et
2248 5043 2467 5112 posthac
2519 5043 2570 5096 in
2621 5051 2723 5096 tota
2775 5051 2917 5095 terra
2967 5043 3111 5095 solus
3153 5043 3360 5096 vivebat
3402 5043 3599 5110 justus
3655 5050 3744 5101 ille

2123 5151 2248 5189 cum
2297 5151 2488 5202 uxore,
2540 5144 2592 5189 et
2637 5136 2778 5202 filiis,
2823 5145 2876 5188 et
2915 5135 3166 5188 uxoribus
3210 5134 3438 5188 illorum.
3471 5132 3614 5192 Mox
3647 5157 3745 5194 au-

2121 5239 2233 5283 tem
2282 5238 2336 5282 ut
2375 5243 2621 5298 egressus
2665 5237 2767 5287 est,
2817 5243 2972 5279 suum
3022 5227 3296 5280 declarans
3345 5237 3566 5296 gratum
3615 5237 3712 5286 ani

2119 5334 2269 5372 mum
2300 5360 2315 5383 ,
2367 5328 2472 5372 tam
2527 5333 2622 5387 pro
2663 5319 2724 5372 iis
2756 5335 2874 5387 qua:
2923 5318 3320 5386 praeterierunt,
3373 5336 3540 5388 quam
3611 5342 3736 5392 qua:

2118 5407 2296 5463 futura
2343 5419 2515 5472 erant,
2553 5412 2751 5480 gratias
2782 5411 3004 5464 Domino
3053 5411 3260 5478 agebat.
3297 5408 3494 5462 Verum
3531 5414 3584 5466 si
3611 5418 3734 5485 pla-

2117 5510 2229 5564 cet,
2272 5516 2339 5555 ne
2387 5516 2563 5555 sermo
2607 5502 2673 5553 sit
2713 5501 2938 5569 longior,
2989 5515 3323 5577 reservemus
3353 5503 3409 5552 in
3441 5500 3601 5554 diem
3638 5522 3736 5573 po-

2122 5601 2322 5648 sterum
2381 5607 2498 5662 qua:
2554 5592 2619 5645 ad
2669 5605 2880 5666 gratum
2934 5592 3064 5660 justi
3117 5592 3352 5654 animum
3398 5594 3740 5666 pertinent,

2126 5684 2344 5741 missum
2405 5685 2490 5739 hic
2537 5685 2791 5739 facientes
2847 5699 3146 5738 sermonem
3203 5701 3214 5736 :
3264 5693 3318 5740 ct
3362 5685 3740 5772 obsecrantes
