3760 6248
39 208 160 263 23ἲί

39 328 158 381 τῶν
192 328 305 399 γὰρ
333 328 586 400 καθαρῶν
609 328 887 399 τυγχάνει.
924 327 1035 382 Καὶ
1068 327 1390 383 ἀπέστειλε
1420 328 1536 397 τὴν
1567 342 1729 397 περι-

37 420 316 484 στερὰν,
357 416 489 487 φησὶ
511 454 531 480 ,
563 415 699 485 παρ’
752 415 943 470 αὑτοῦ
965 455 981 478 ,
1017 414 1200 479 ἰδεῖν,
1239 417 1293 468 εὶ
1339 415 1634 470 κεκόπακε
1667 413 1733 467 τὸ

40 503 216 571 ὕδωρ
254 503 376 558 ἀπὸ
422 502 750 572 προσώπου
797 500 908 570 τῆς
935 500 1065 572 γῆς.
1099 502 1209 557 Καὶ
1251 502 1340 571 μὴ
1393 503 1659 572 εὑροῦσα
1694 502 1733 570 ἡ

39 590 379 657 περιστερὰ
405 588 755 644 ἀνάπαυσιν
782 588 907 654 τοῖς
935 588 1123 643 ποσὶν
1151 588 1363 657 αὐτῆς,
1390 588 1736 656 ὑπέστρεψε

40 677 206 744 πρὸς
229 678 421 731 αὐτὸν
446 679 533 743 είς
562 675 675 745 τὴν
706 675 974 741 κιϐωτὸν,
1009 674 1100 729 ὅτι
1122 676 1281 744 ὕδωρ
1308 673 1387 747 ἦν
1406 676 1503 731 ἐπὶ
1528 673 1651 732 πᾶν
1670 675 1736 729 τὸ

44 766 389 830 πρόσωπον
431 764 543 835 τῆς
596 764 728 835 γῆς.
789 764 975 829 ’Ἄξιον
991 765 1228 819 ἐνταῦθα
1283 764 1735 837 διερευνήσασθαι

43 854 168 916 πῶς
201 855 464 924 ἀνωτέρω
487 853 716 907 εἰποῦσα
738 856 771 925 ἠ
793 852 926 920 ἁγία
951 853 1162 924 Γραφὴ,
1190 854 1273 906 ὃτι
1292 854 1349 907 αί
1371 853 1607 923 κεφαλαὶ
1628 851 1737 904 τῶν

40 942 227 1010 ὀρέων
276 941 569 1012 ιῖκρθησαν,
615 941 711 994 νῦν
756 958 954 1013 φησιν,
984 942 1066 994 ὃτι
1100 942 1199 1013 οὐχ
1228 940 1466 1012 εὑροῦσα
1496 943 1530 1011 ὴ
1576 956 1736 1010 περι-

42 1033 224 1104 στερὰ
251 1034 561 1087 ἀνάπαυσιν
589 1032 897 1103 ὑπέστρεψε
915 1032 1052 1104 πρὸς
1075 1031 1237 1087 αὑτὸν
1261 1034 1341 1095 είς
1361 1031 1457 1103 τὴν
1477 1030 1733 1095 κιϐωτὸν,

38 1123 121 1174 ὅτι
156 1122 222 1176 τὸ
258 1122 404 1194 ὕδωρ
450 1119 519 1194 ἦν
558 1122 650 1175 ἐπὶ
696 1124 807 1176 πᾶν
830 1123 905 1183 τὸ
948 1123 1240 1193 πρόσωπον
1278 1122 1378 1193 τῆς
1422 1120 1544 1190 γῆς.
1579 1119 1737 1173 Μετά

42 1211 346 1281 ἀκριϐείας
390 1209 713 1281 ἀναγνῶμεν
748 1209 806 1263 τὸ
849 1209 1171 1282 εἰρημένον,
1215 1209 1311 1262 καὶ
1348 1208 1606 1278 εἰσόμεθα
1639 1207 1737 1279 τὴν

42 1298 259 1352 αἰτίαν.
288 1299 362 1351 Οὑ
397 1298 505 1370 γὰρ
528 1293 682 1351 εἶπεν
707 1297 911 1363 ἁπλῶς,
932 1300 1051 1367 Οὐχ
1078 1297 1343 1366 εὑροῦσα
1364 1296 1732 1361 ἀνάπαυσιν,

42 1385 211 1452 ἀλλὰ,
250 1386 381 1452 Τοῖς
413 1386 600 1440 ποσὶν
627 1383 837 1455 αὐτῆς,
862 1386 1226 1457 προσέθηκεν,
1250 1386 1335 1439 ἵνα
1357 1383 1543 1458 διδάξῃ
1567 1385 1734 1455 ἡμᾶς,

43 1474 124 1525 ὅτι
161 1474 215 1526 εἰ
274 1474 369 1527 καί
410 1473 601 1545 ἔληξεν
632 1476 697 1528 ἐκ
735 1475 934 1545 μέρους
978 1472 1048 1527 τὰ
1087 1473 1252 1528 ὕδατα
1300 1473 1395 1526 καὶ
1421 1474 1476 1527 αἰ
1503 1471 1737 1541 κεφαλαὶ

43 1561 156 1613 τῶν
194 1562 375 1631 ὀρέων
413 1561 694 1632 ὤφθησαν,
733 1561 849 1615 ἀλλ’
889 1562 973 1615 ἔτι
994 1561 1103 1615 ἀπὸ
1127 1561 1225 1632 τῆς
1270 1559 1591 1632 πλησμονῆς
1629 1559 1736 1613 τῶν

45 1646 267 1700 ὑδάτων
310 1649 406 1700 καὶ
431 1648 595 1703 αὐταὶ
636 1649 744 1700 τῶν
784 1649 955 1718 ὀρέων
992 1651 1049 1703 αἱ
1096 1648 1326 1719 κεφαλαί
1357 1645 1734 1720 βορϐορώδεις,

44 1734 76 1802 ἢ
130 1733 522 1804 τελματώδους
576 1734 721 1799 ἰλύος
763 1731 903 1806 ἦσαν
966 1735 1417 1808 πεπληρωμέναι.
1476 1735 1575 1787 Διὸη
1616 1734 1737 1789 οὐδὲ

47 1822 251 1891 στῆναί
276 1840 379 1875 που
418 1822 684 1893 ἰσχύσασα
715 1826 748 1893 ἡ
784 1823 1083 1895 περιστερὰ
1104 1864 1118 1889 ,
1151 1824 1270 1877 οὐδέ
1297 1823 1502 1895 τροφὴν
1537 1822 1738 1877 κατάλ-

42 1907 211 1977 ληλον
246 1909 432 1981 εὑρεῖν
469 1911 777 1983 δυναμένη,
816 1911 1160 1983 ὑπέστρεψε,
1208 1910 1297 1965 διὰ
1337 1911 1435 1980 τῆς
1477 1911 1735 1965 ἐπανόδου

43 1998 388 2054 διδάσκουσα
414 2000 507 2053 τὸν
540 2000 768 2067 δίκαιον,
797 2001 873 2065 ὡς
902 2001 985 2054 ἔτι
1017 2000 1184 2073 πολλὴ
1213 2000 1321 2054 τῶν
1354 2000 1563 2054 ὑδάτων
1591 2001 1738 2055 ἐστὶν

44 2086 75 2155 ἡ
104 2088 282 2159 φορά.
304 2088 417 2141 Καὶ
439 2089 729 2155 ἐκτείνας,
760 2090 913 2161 φησὶ,
940 2088 1055 2158 τὴν
1082 2088 1252 2158 χεῖρα
1270 2088 1489 2142 ἐλαϐεν
1519 2090 1735 2157 αὐτὴν,

43 2174 144 2227 ναὶ
182 2173 518 2245 εισήγαγεν
540 2176 735 2244 αὐτὴν
761 2177 911 2244 πρὸς
935 2176 1142 2232 ἑαυτὸν
1197 2178 1281 2242 εἰς
1310 2176 1426 2245 τὴν
1464 2179 1727 2231 κιϐωτόν.

44 2258 205 2325 Εἶδες
256 2264 400 2333 πόση
439 2261 533 2316 τοῦ
577 2263 765 2335 ὀρνέου
819 2266 853 2335 ἡ
901 2263 1311 2336 εὐγνωμοσύνη,
1355 2263 1472 2328 πῶς
1510 2265 1737 2319 ἐπανελ-

44 2349 220 2402 θοῦσα
247 2351 337 2405 διὰ
368 2351 470 2421 τῆς
508 2352 805 2424 παρουσίας
848 2351 1095 2406 ἐδίδασκε
1134 2352 1225 2406 τὸν
1252 2351 1462 2406 δίκαιον
1491 2352 1572 2407 ἔτι
1613 2353 1735 2407 τινὰ

46 2436 203 2508 [250]
266 2438 470 2510 μικρὰν
520 2439 904 2512 μακροθυμίαν
966 2439 1301 2508 ἐνδείξασθαι
1336 2452 1398 2505 α;
1455 2441 1566 2503 Διὸ,
1624 2441 1733 2494 Καὶ

40 2524 346 2594 ἐπισχὼν,
389 2528 572 2598 φησὶν,
614 2528 701 2583 ἐτι
748 2527 899 2582 ἑπτὰ
931 2527 1158 2597 ἡμέρας
1203 2527 1594 2593 ἐξαπέστειλε
1621 2529 1736 2597 τὴν

41 2616 415 2684 περιστερὰν
435 2617 503 2670 ἐκ
530 2615 629 2686 τῆς
662 2618 929 2672 κιϐωτοῦ.
960 2617 1067 2671 Καὶ
1092 2617 1430 2686 ἀνέστρεψε
1451 2618 1599 2685 πρὸς
1632 2620 1735 2672 αὐ-

40 2704 148 2755 τὸν
191 2706 235 2773 ἡ
280 2709 600 2777 περιστερὰ
647 2707 797 2777 πρὸς
852 2707 1138 2777 ἑσπέραν,
1174 2708 1272 2761 καὶ
1322 2703 1448 2775 εἶχε
1495 2708 1736 2776 φύλλον

40 2791 264 2859 ἐλαίας
286 2792 517 2863 κάρφος
549 2796 620 2849 ἐν
659 2795 739 2861 τῷ
772 2798 1019 2865 στόματι
1050 2795 1257 2865 αὐτῆς.
1294 2796 1404 2866 Οὐχ
1437 2794 1622 2860 ἁπλῶς
1652 2797 1736 2848 ἐν-

40 2881 223 2934 ταῦθα
248 2883 370 2936 οὐδὲ
402 2885 523 2955 εἰκῇ
556 2886 733 2937 κεῖται
763 2885 844 2949 τὸ,
875 2885 1027 2953 Πρὸς
1051 2884 1338 2953 ἑσπέραν,
1371 2884 1486 2938 ἀλλ’
1516 2885 1603 2938 ἵνα
1633 2885 1737 2955 μάο

43 2967 238 3039 θωμεν
269 2970 351 3024 ὅτι
383 2970 472 3024 διὰ
507 2972 689 3043 πάσης
717 2972 817 3043 τῆς
848 2972 1063 3043 ἡμέρας
1093 2972 1475 3043 διατραφεῖσα,
1527 2974 1619 3027 καὶ
1644 2972 1735 3026 εὑ-

42 3057 220 3126 ροῦσά
277 3072 401 3112 τινα
465 3059 805 3131 κατάλληλον
856 3061 1084 3125 δίαιταν,
1140 3060 1284 3114 κατὰ
1337 3062 1435 3133 τὴν
1496 3061 1737 3133 ἑσπέραν

42 3142 355 3214 ἐπανῆλθεν
384 3145 477 3198 ἐπὶ
525 3145 620 3199 τοῦ
674 3147 938 3217 στόματος
990 3148 1226 3219 φέρουσα
1276 3148 1486 3219 κάρφος
1526 3148 1731 3213 ἐλαίας.

42 3230 307 3284 Τοιοῦτον
352 3234 466 3304 γάρ
496 3234 555 3286 τδ
588 3233 748 3297 ζῶον,
793 3236 1021 3306 ἥμερον,
1052 3236 1146 3288 καὶ
1187 3236 1274 3287 ἀεὶ
1316 3236 1415 3306 τὴν
1449 3235 1735 3307 συνήθειαν

42 3318 346 3390 ἐπιζητοῦν
370 3338 384 3350 ·
415 3321 507 3374 διά
552 3339 636 3375 τοι
683 3322 839 3375 τοῦτο
889 3326 982 3376 καὶ
1017 3322 1343 3396 ὑπέστρεψε,
1379 3325 1471 3377 καὶ
1521 3324 1609 3376 διὰ
1640 3325 1733 3379 τοῦ

40 3409 294 3478 κάρφους
324 3412 424 3480 τῆς
446 3410 630 3473 ἐλαίας
678 3410 883 3482 πολλὴν
913 3412 1269 3483 παραμυθίαν
1301 3412 1526 3483 ἐκόμισε
1554 3412 1632 3483 τῷ
1658 3413 1735 3466 δι-

42 3498 205 3567 καίῳ.
248 3497 392 3549 Ἀλλ’
422 3497 550 3561 ἴσως
573 3499 635 3553 ἄν
667 3517 748 3563 τις
773 3499 945 3553 εἶπον
975 3500 1068 3553 καὶ
1096 3500 1256 3552 πόθεν
1289 3494 1414 3572 εὗρε
1448 3501 1508 3554 τὸ
1538 3501 1733 3570 φύλλον

39 3586 136 3656 τῆς
168 3585 404 3653 ἐλαίας;
440 3586 514 3639 Τὸ
553 3587 652 3658 μὲν
684 3589 792 3641 πᾶν
835 3588 1043 3653 ἐγίνετο
1089 3587 1189 3658 τῆς
1232 3588 1325 3641 τοῦ
1352 3587 1487 3641 Θεοῦ
1520 3591 1735 3657 ,οἰκονο-

42 3674 195 3744 μίας,
226 3676 328 3727 καὶ
351 3674 411 3726 τὸ
436 3674 751 3746 εὑρεθῆναι,
784 3676 878 3729 καὶ
899 3675 961 3729 τὸ
985 3677 1083 3747 τὴν
1106 3676 1432 3748 περιστερὰν
1462 3677 1734 3732 λαϐοῦσαν

40 3763 128 3815 ἐπὶ
162 3762 265 3816 τοῦ
306 3763 576 3833 στόματος
620 3764 938 3818 ἐπανελθεῖν
984 3765 1145 3819 πάλιν
1191 3765 1321 3837 πρὸς
1353 3766 1443 3818 τὸν
1484 3767 1689 3820 δίκαιον
1715 3786 1730 3801 ο

40 3848 219 3914 ἄλλως
248 3850 309 3904 δὲ
341 3852 435 3904 καὶ
481 3850 541 3903 τὸ
570 3850 785 3923 δένδρον
830 3851 1078 3914 ἀειθαλές
1111 3853 1248 3918 ἐστι,
1280 3852 1377 3906 κοιλ⁹
1424 3854 1589 3919 εἰκὸς,
1624 3855 1733 3909 τῶν

42 3938 255 3992 ὑδάτων
282 3939 788 4009 ὑπονοστησάντων,
823 3940 901 3993 ἐτι
931 3939 990 3993 τὸ
1015 3940 1229 4009 δένδρον
1256 3941 1355 4011 τὴν
1385 3941 1491 3994 τῶν
1521 3942 1731 4011 φύλλων

40 4028 181 4096 ἔχειν
229 4027 433 4098 κόμην.
476 4025 590 4080 Καὶ
627 4026 917 4097 ἐπισχὼν,
973 4028 1157 4099 φησὶν,
1193 4028 1279 4082 ἔτι
1312 4028 1462 4082 ἑπτὰ
1507 4030 1732 4099 ἡμέρας

39 4116 251 4182 ἑτέρας
294 4113 689 4178 ἐξαπέστειλε
746 4114 857 4182 τὴν
904 4114 1287 4183 περιστερὰν,
1332 4115 1430 4169 καί
1471 4119 1543 4171 οὑ
1590 4135 1732 4187 προ-

39 4202 205 4257 έθετο
232 4202 346 4257 τοῦ
375 4202 736 4271 ἐπιστρέψαι
765 4202 914 4271 πρὸς
947 4202 1133 4256 αὑτὸν
1159 4203 1263 4258 ἔτι.
1297 4203 1440 4275 Ὅρα
1479 4204 1565 4258 διὰ
1597 4208 1730 4260 πάν-

38 4309 143 4345 των
168 4292 266 4345 τὸν
292 4291 500 4345 δίκαιον
533 4292 722 4363 ἱκανὴν
753 4291 1104 4363 παραμυθίαν
1126 4290 1490 4363 λαμϐάνοντα.
1518 4294 1728 4367 Ὥσπερ

38 4383 143 4452 γὰρ
178 4378 589 4449 ἐπανελθούσης
628 4378 816 4449 αὐτῆς,
860 4380 954 4432 καὶ
984 4380 1077 4433 ἐπὶ
1110 4380 1201 4434 τοῦ
1236 4380 1502 4451 στόματος
1533 4382 1728 4452 φερού-

38 4485 137 4539 σης
169 4468 235 4521 τὸ
284 4467 484 4537 φύλλον
515 4468 615 4538 τῆς
642 4466 846 4530 ἐλαίας,
892 4468 1134 4540 χρηστὰς
1180 4462 1289 4538 εἷχε
1340 4469 1439 4533 τὰς
1482 4470 1723 4537 ἐλπίδας,

34 4558 179 4610 οὕτω
207 4558 307 4611 καὶ
326 4557 495 4611 νῦντὸ
522 4556 841 4623 ἐξελθοῦσαν
866 4558 940 4629 μὴ
967 4558 1303 4629 ὑποστρέψαι
1324 4560 1505 4624 πάλιν,
1529 4562 1725 4633 δεῖγμα

37 4642 303 4709 μέγιστον
337 4640 487 4711 αὐτῷ
517 4644 744 4712 παρεῖχε
772 4641 866 4695 τοῦ
894 4643 1093 4712 πολλὴν
1117 4643 1286 4713 αὐτὴν
1308 4643 1598 4714 εὑρηκέναι
1628 4648 1725 4719 τὴν

33 4729 245 4793 ἄνεσιν,
283 4730 379 4781 καί
416 4728 569 4800 λῆξιν
608 4730 933 4801 γεγενῆσθαι
959 4730 1066 4783 τῶν
1095 4730 1300 4784 ὑδάτων
1328 4732 1584 4806 παντελῆ.
1616 4737 1724 4790 Καὶ

33 4817 113 4869 ὅτι
138 4815 309 4870 τοῦτό
340 4818 485 4870 ἐστιν
515 4817 733 4888 ἀληθὲς,
760 4818 988 4872 ἄκουσον
1016 4819 1123 4873 τῶν
1148 4818 1293 4891 ἑξῆς.
1326 4822 1434 4874 Καὶ
1462 4823 1718 4892 ἐγένετο,

36 4906 193 4975 φησὶ,
230 4903 317 4971 τῷ
359 4905 450 4959 ὲνί
494 4906 591 4959 καὶ
623 4905 1033 4972 έξιικοσιοστῷ
1081 4908 1196 4961 ἔτει
1238 4909 1308 4962 ἐν
1354 4909 1432 4977 τῇ
1475 4908 1583 4980 ζωῇ
1614 4915 1721 4969 τοῦ

35 4992 182 5057 Νῶε,
210 4991 324 5046 τοῦ
353 4991 589 5059 πρώτου
613 4991 829 5061 μηνὸς,
861 4993 1101 5057 ἐξέλιπε
1127 4995 1189 5047 τὸ
1214 4995 1370 5065 ὕδωρ
1400 4997 1517 5051 ἀπὸ
1539 5015 1724 5068 προσ-

36 5079 200 5133 ώπου
220 5078 340 5147 τῆς
363 5077 499 5148 γῆς.
529 5080 641 5132 Καὶ
684 5079 1041 5149 ἀπεκάλυψέ
1061 5082 1188 5136 Νῶε
1215 5084 1327 5150 τὴν
1367 5086 1592 5155 στέγην
1614 5088 1724 5157 τῆς

37 5167 312 5233 κιϐωτοῦ,
346 5166 427 5234 ἢν
457 5166 729 5235 ἐποίησε,
764 5167 862 5221 καὶ
896 5165 1056 5222 εἶδεν
1084 5169 1171 5223 ὅτι
1195 5171 1436 5235 ἐξέλιπε
1472 5173 1538 5226 τὸ
1566 5174 1721 5245 ὕδωρ

34 5251 149 5303 ἀπὸ
182 5252 517 5319 προσώπου
543 5250 653 5319 τῆς
692 5250 814 5322 γῆς,

100 5346 163 5394 ε’,
196 5339 372 5394 Πάλιν
402 5339 635 5392 ἐνταῦθα
667 5339 844 5392 ἔπεισί
887 5357 975 5412 μοι
1008 5341 1305 5413 θαυμάζειν
1342 5346 1435 5399 καὶ
1478 5348 1719 5419 ἐκπλήτ-

38 5428 223 5481 τεσθαι
272 5428 369 5480 καὶ
398 5426 491 5479 τοῦ
543 5426 751 5481 δικαίου
785 5428 885 5500 τὴν
911 5430 1131 5502 ἀρετὴν,
1168 5433 1259 5486 καί
1305 5433 1398 5487 τοῦ
1444 5435 1577 5489 Θεοῦ
1621 5438 1720 5508 τὴν

39 5516 474 5588 φιλανθρωπίαν.
530 5515 659 5580 Πῶς
723 5517 853 5588 γὰρ,
920 5519 1041 5571 εἰπέ
1101 5538 1210 5589 μοι,
1273 5522 1411 5590 μετὰ
1469 5525 1719 5580 τοσοῦτον

37 5605 221 5673 χρόνον
280 5601 609 5676 προσϐαλὼν
640 5603 719 5675 τῷ
772 5606 917 5678 ἀέρι,
964 5608 1186 5671 καὶτὰς
1239 5608 1389 5679 ὄψεις
1434 5612 1717 5677 ἀνατείνας

35 5692 265 5773 εξςῗτὴνγ
457 5692 689 5762 οὐρανοῦ
721 5691 848 5746 θέαν
888 5695 988 5747 οὐκ
1035 5696 1396 5768 ἀπετυφλώθη
1449 5701 1542 5753 καὶ
1576 5703 1713 5773 ἐπη-

36 5770 180 5842 ρώθη
212 5772 316 5835 τὰς
356 5771 543 5840 ὄφεις
589 5774 732 5825 Ἴστε
783 5774 912 5844 γὰρ,
948 5776 1082 5841 ἴστε,
1138 5777 1218 5830 ὅτι
1278 5778 1510 5848 μάλιστα
1560 5770 1715 5836 ’τοῦτο

93 5862 119 5889 ⁸
142 5859 244 5909 Alii
267 5860 605 5913 ἐπιδείξασθαι.

450 5942 719 5999 ιἈτιιοι.
768 5941 882 6001 Gn.
935 5942 1089 6003 LIII.

1228 213 1297 267 IN
1326 214 1481 270 CAP.
1524 211 1635 266 VIII
1675 210 1920 269 CENES.
1963 210 2193 275 HOMIL.
2236 212 2423 269 XXVI.

3406 207 3511 263 936

1843 329 2074 405 πάσχειν
2106 332 2225 395 ἔθος
2262 333 2377 395 τοῖς
2405 326 2714 400 ἀνθρώποις
2742 324 2792 388 ι’,
2833 325 2936 380 κᾶν
2975 324 3111 396 πρὸς
3151 332 3323 395 βραχὺ
3356 326 3518 398 μέρος

1840 416 1941 485 τῆς
1987 416 2203 489 ἡμέρας
2265 419 2323 469 ἐν
2370 414 2660 475 σκοτεινοῖς
2710 409 2898 472 τόποις
2948 408 3040 462 καὶ
3098 405 3517 479 ζοφωδεστέροις

1841 499 2120 568 διάγοντες
2152 499 2288 569 πρὸς
2329 497 2425 568 τὴν
2464 495 2558 549 τοῦ
2593 494 2769 565 φωτὸς
2821 491 3017 563 ἀθρόον
3050 490 3223 559 αὐγὴν
3274 492 3516 548 ἀτενίσαι

1846 583 2200 655 βουληθῶσιν.
2246 582 2383 635 Ἀλλ’
2422 582 2450 634 ὁ
2478 581 2685 643 δίκαιος
2717 572 2869 640 οὗτος
2896 579 2952 629 ἐν
2977 575 3213 645 ἐνιαυτῷ
3238 576 3517 649 ὁλοκλήρῳ

1842 669 1938 720 καὶ
1971 670 2030 720 ἐν
2058 664 2333 729 τοσούτοις
2381 664 2536 735 μησὶ,
2587 663 2837 731 καθάπερ
2877 662 2935 713 ἐν
2977 662 3173 732 σκότῳ,
3212 661 3415 729 διάγων
3458 663 3517 715 ἐν

1842 754 1906 821 τῇ
1950 750 2190 820 κιϐωτῷ,
2224 749 2320 802 καὶ
2360 749 2454 803 νῦν
2484 748 2676 818 ἁθρόον
2718 746 2856 817 πρὸς
2892 745 2992 815 τὴν
3019 744 3112 797 τοῦ
3143 744 3319 812 φωτὸς
3341 743 3516 814 αὐγὴν

1844 832 2064 895 ἐπιδὼν,
2092 832 2243 885 οὐδὲν
2264 831 2500 885 τοιοῦτον
2536 830 2794 899 ἔπασχεν.
2842 828 2907 882 Ἦ
2937 827 3045 899 γὰρ
3072 826 3164 880 τοῦ
3196 826 3330 880 Θεοῦ
3358 829 3517 899 χάρις

1845 912 1912 986 ἦν
1956 916 2093 987 μετὰ
2132 916 2232 985 τῆς
2264 912 2703 985 παρασχεθείσης
2731 910 2879 981 αὐτῷ
2913 911 3209 980 ὑπομονῆς,
3238 912 3270 980 ἡ
3304 911 3517 965 καὶτοῦ

1847 1001 2101 1071 σώματος
2152 999 2250 1063 τὰς
2305 996 2586 1068 αἰσθήσεις
2641 994 2865 1066 ἰσχυρὰς
2916 992 3377 1064 ἀπεργαζομένη,
3424 997 3519 1049 καὶ

1844 1085 2122 1155 ἀνωτέρας
2140 1083 2248 1135 τῶν
2273 1079 2599 1151 σωματικῶν
2626 1077 2877 1145 ἀναγκῶν
2904 1076 3105 1138 ταύτας
3140 1076 3385 1130 ποιοῦσα.
3423 1077 3520 1128 Ἐν

1843 1167 1911 1220 δὲ
1944 1166 2022 1233 τῷ
2046 1167 2299 1233 δευτέρῳ
2315 1164 2462 1233 μηνί
2485 1161 2783 1231 ἐξηράνθη
2820 1161 2853 1228 ἠ
2890 1159 2985 1229 τῆ,
3015 1158 3230 1228 ἐϐδόμῃ
3290 1160 3384 1213 καὶ
3435 1162 3519 1212 εὶ-

1844 1249 1979 1304 κάδι
2013 1250 2119 1303 τοῦ
2156 1250 2369 1319 μηνός.
2406 1248 2516 1318 Οὐχ
2555 1245 2741 1308 ἁπλῶς
2780 1245 2875 1316 τὴν
2928 1242 3196 1313 τοσαύτην
3233 1244 3520 1314 ἀκρίϐειαν

1847 1335 2078 1386 ποιεῖται
2118 1334 2150 1402 ή
2187 1332 2308 1384 θεία
2350 1331 2563 1403 Γραφὴ,
2615 1328 2845 1383 ἀλλ’ἵνα
2897 1326 3176 1397 μάθωμεν,
3226 1328 3307 1379 ὅτι
3356 1328 3520 1398 μέχρι

1848 1416 1974 1485 μιᾶς
2002 1416 2216 1487 ἡμέρας
2242 1414 2337 1468 τοῦ
2364 1411 2612 1467 ἐνιαυτοῦ
2636 1411 2847 1465 ἐκείνου
2869 1412 2902 1480 ἠ
2930 1409 3324 1480 συμπλήρωσις
3356 1408 3521 1477 γεγέ-

1844 1519 2023 1571 νηται,
2059 1501 2180 1554 καθ’
2204 1500 2262 1553 ὃν
2290 1500 2383 1553 τοῦ
2424 1499 2631 1553 δικαίου
2667 1496 2879 1567 ἐδείχθη
2915 1496 2947 1565 ἡ
2986 1495 3253 1565 ὑπομονὴ,
3284 1493 3375 1547 καὶ
3422 1494 3523 1564 τῆς

1843 1586 2166 1657 οἰκουμένης
2203 1585 2420 1655 ἀπάσης
2456 1584 2515 1637 τὸ
2538 1582 2834 1653 καθάρσιον
2875 1581 3115 1650 γέγονεν.
3159 1576 3290 1633 Εἶτα
3334 1578 3521 1649 ἐπειδὴ

1844 1671 2096 1743 καθάπερ
2116 1670 2238 1723 τινὰ
2256 1669 2425 1741 ῥύπον
2459 1667 2808 1721 ἀπεπλύνατο
2837 1668 2870 1737 η
2896 1665 3073 1728 κτίσις
3090 1663 3299 1727 ἅπασα,
3326 1661 3492 1716 ἀποθε
3515 1692 3523 1700 -

1846 1756 1983 1827 μένη
1998 1755 2098 1827 τὴν
2120 1756 2337 1810 ἃπασαν
2353 1752 2565 1825 κηλῖδα,
2593 1750 2743 1824 [251]
2763 1751 2826 1820 ἢν
2840 1752 2874 1822 ἡ
2892 1749 2999 1802 τῶν
3024 1747 3119 1801 ἀνθ
3128 1749 3325 1818 ρώπων
3355 1746 3523 1801 κακία

1843 1840 1903 1891 ἐν
1917 1840 2053 1910 αὐτῇ
2078 1837 2469 1901 κατεσκεύασε,
2495 1836 2588 1889 καλ⁸
2616 1835 2837 1906 φαιδρὸν
2859 1833 3034 1902 αὑτῆς
3058 1834 3251 1901 γέγονε
3274 1831 3334 1884 τὸ
3355 1831 3523 1897 πρόσ-

1843 1941 2011 1989 ωπον,
2039 1923 2158 1976 τότε
2173 1923 2358 1976 λοιπὸν
2385 1920 2712 1993 προστάττει
2740 1919 2831 1971 τὸν
2846 1918 3055 1971 δίκαιον
3078 1915 3315 1979 ἐξελθεῖν
3340 1918 3404 1968 ἐκ
3422 1916 3522 1986 τῆς

1844 2007 2102 2073 κιϐωτοῦ,
2137 2008 2231 2061 καὶ
2280 2006 2554 2076 ἐλευθεροῖ
2580 2004 2743 2057 αὑτὸν
2774 2001 2865 2055 τοῦ
2919 2000 3157 2072 χαλεποῦ
3189 2000 3399 2053 ἐκείνου
3432 1999 3518 2051 δε-

1845 2091 2180 2162 σμωτηρίου,
2209 2089 2301 2144 καί
2341 2106 2507 2159 φησιν
2526 2104 2541 2120 ο
2584 2083 2729 2141 Εἷπε
2761 2087 2973 2154 Κύριος
2999 2087 3030 2138 ό
3058 2083 3202 2148 Θεὸς
3240 2081 3322 2148 τῷ
3354 2082 3481 2136 Νῶε
3502 2100 3525 2149 '_

1845 2173 2097 2238 Ἔξελθε
2133 2173 2236 2235 σὺ,
2267 2172 2365 2225 καὶ
2398 2174 2453 2224 οἱ
2478 2170 2596 2224 υἱοί
2620 2184 2761 2231 σου,
2792 2168 2890 2222 καὶ
2916 2170 2953 2236 τ’,
2985 2164 3137 2237 γυνή
3162 2182 3301 2230 σου,
3332 2165 3431 2220 καί
3463 2169 3521 2218 al

1840 2256 2123 2327 γυναῖκες
2152 2255 2271 2309 τῶν
2299 2254 2445 2309 υίῶν
2474 2269 2590 2307 σου
2618 2252 2770 2322 μετὰ
2797 2252 2944 2305 σοῦ·
2979 2251 3078 2304 καί
3108 2248 3306 2305 πάντα
3325 2251 3399 2303 τὰ
3417 2251 3524 2315 θη-

1835 2344 1938 2410 ρία
1963 2342 2080 2395 ὅσα
2100 2341 2230 2394 ἐστὶ
2254 2340 2406 2409 μετὰ
2429 2338 2567 2405 σοῦ,
2597 2338 2695 2391 καὶ
2716 2335 2884 2391 πᾶσα
2909 2335 3067 2403 σὰρξ
3088 2334 3207 2388 ἀπὸ
3234 2331 3524 2387 πετεινῶν

1840 2430 1951 2495 ἕως
1980 2427 2237 2495 κτηνῶν,
2281 2426 2381 2482 καὶ
2421 2423 2546 2480 πᾶν
2582 2423 2835 2492 ἑρπετὸν
2878 2422 3239 2487 κινούμενον
3274 2419 3372 2473 ἐπὶ
3412 2418 3524 2486 τῆς

1841 2514 1958 2584 τῆς
1987 2514 2245 2583 ἐξάγαγε
2265 2511 2417 2581 μετὰ
2444 2508 2727 2573 σεαυτοῦ,
2753 2507 2850 2560 καὶ
2878 2504 3219 2570 αὐξάνεσθε
3246 2504 3345 2557 καὶ
3372 2509 3524 2570 πλη-

1841 2600 2096 2653 θύνεσθε
2121 2597 2218 2649 ἐπὶ
2242 2595 2352 2664 τῆς
2371 2593 2503 2665 γῆς.
2533 2593 2731 2647 Σκόπει
2755 2590 2890 2644 Θεοῦ
2924 2590 3255 2659 ἁγαθότητα,
3290 2589 3407 2653 πῶς
3434 2590 3521 2642 δτι

1844 2685 2061 2737 πάντων
2108 2679 2516 2751 παραμυθεῖται
2557 2677 2650 2731 τὸν
2681 2678 2908 2731 δίκαιον.
2954 2675 3173 2745 Ἐπειδὴ
3206 2675 3315 2745 γὰρ
3353 2691 3521 2745 προσ-

1840 2766 2035 2831 έταξεν
2079 2765 2241 2819 αὑτὸν
2289 2764 2523 2829 ἐξελθεῖν
2552 2764 2616 2816 ἐκ
2645 2763 2745 2833 τῆς
2779 2759 3035 2824 κιϐωτοῦ,
3065 2759 3160 2813 καὶ
3196 2760 3322 2822 τούς
3348 2758 3518 2821 υίοῦς,

1838 2852 1931 2905 καὶ
1957 2851 2057 2921 τὴν
2077 2851 2336 2918 γυναῖκα,
2358 2847 2455 2901 καὶ
2485 2846 2585 2909 τὰς
2616 2847 2880 2913 γυναῖκας
2909 2842 3016 2895 τῶν
3046 2841 3176 2894 υἱῶν
3210 2841 3402 2905 αὑτοῦ,
3428 2844 3523 2894 καὶ

1840 2934 1911 2988 τὰ
1938 2934 2101 3008 θηρία
2129 2934 2328 2997 πάντα,
2364 2932 2453 2986 ἵνα
2502 2931 2577 3002 μὴ
2634 2930 2726 2983 καὶ
2754 2929 2886 2983 αὐτὸ
2910 2927 3069 2982 τοῦτο
3115 2926 3275 2980 πάλιν
3323 2924 3522 2994 πολλὴν

1842 3018 1996 3089 αὐτῷ
2048 3017 2432 3088 κατασκεδάσῃ
2468 3015 2565 3085 τὴν
2596 3013 2860 3085 ἀθυμίαν,
2896 3012 2992 3066 καὶ
3036 3012 3329 3081 ἐναγώνιον
3358 3009 3521 3064 αὑτὸν

1841 3102 2158 3173 καταστήσῃ
2190 3099 2556 3170 λογιζόμενον,
2581 3098 2657 3161 ὡς
2677 3099 2733 3150 ἐν
2759 3097 2965 3171 ἐρημία
2986 3094 3160 3159 ἔσται,
3190 3097 3248 3148 ἐν
3281 3092 3521 3163 τοσούτῳ

1841 3186 2034 3239 πλάτει
2060 3186 2159 3256 τῆς
2196 3185 2300 3254 γῆς
2348 3183 2508 3255 μόνος
2546 3180 2734 3245 οἰκῶν,
2769 3179 2984 3242 οὐδενὸς
3014 3178 3163 3241 ὄντος
3193 3177 3379 3248 ἐτέρου
3406 3195 3418 3208 ·
3445 3177 3518 3229 εἰ-

1842 3269 1983 3331 πὼν,
2014 3267 2197 3332 ἔξελθε
2227 3269 2291 3321 ἐκ
2312 3268 2408 3337 τῆς
2452 3263 2712 3329 κιϐωτοῦ,
2742 3263 2835 3315 καὶ
2869 3261 3105 3330 ἐξάγαγε
3138 3260 3353 3315 ἅπαντα
3382 3260 3520 3331 μετὰ

1841 3351 2091 3415 σεαυτοῦ,
2124 3350 2450 3423 προσέθηκε,
2488 3345 2595 3402 Kal
2624 3345 2963 3412 αὑξάνεσθε
2992 3345 3089 3399 καὶ
3136 3344 3520 3413 πληθύνεσυε

1838 3437 1936 3489 ἐπὶ
1970 3433 2079 3505 τῆς
2107 3432 2239 3503 γῆς.

1912 3521 2056 3591 Ὅρα
2086 3519 2202 3584 πῶς
2227 3518 2385 3571 πάλιν
2410 3516 2614 3572 ἄνωθεν
2640 3518 2667 3570 ὁ
2697 3516 2904 3579 δίκαιος
2926 3508 3081 3577 οὗτος
3113 3513 3329 3583 ἐκείνην
3357 3512 3513 3582 δέχεο

1840 3623 1929 3658 ται
1959 3605 2056 3676 τὴν
2078 3603 2346 3672 εὐλογίαν,
2381 3602 2446 3673 ἣν
2484 3600 2591 3673 πρὸ
2620 3601 2719 3670 τῆς
2747 3598 3113 3671 παραϐάσεως
3136 3598 3164 3650 ὁ
3200 3596 3371 3665 Ἀδὰμ
3399 3595 3513 3648 ἐδέ-

1840 3686 1985 3752 ξατο.
2018 3688 2230 3757 Ὥσπερ
2253 3686 2322 3753 γὰ
2333 3702 2361 3756 ρ
2395 3684 2557 3756 ἡνίκα
2585 3685 2788 3746 ἐκεῖνος
2818 3679 3245 3753 ἐδημιουργήθη,
3274 3680 3472 3750 ῆκουσε
3497 3695 3510 3709 ·

1837 3773 1947 3827 Καὶ
1971 3771 2312 3840 εὐλόγησεν
2331 3768 2552 3835 αὐτοὺς
2568 3770 2603 3822 ό
2629 3768 2773 3835 Θεὸς
2793 3766 3006 3837 λέγων,
3038 3763 3388 3828 Αὺξάνεσθε
3417 3764 3514 3816 καὶ

1838 3855 2242 3923 πληθύνεσθε,
2266 3852 2364 3906 καὶ
2397 3852 2909 3920 κατακυριεύσατε
2937 3848 3048 3918 τῆς
3080 3848 3193 3918 τῆς
3218 3866 3229 3878 ·
3256 3846 3397 3900 οὑτω
3420 3849 3516 3900 καὶ

1836 3932 1989 4002 οὗτος
2024 3936 2141 3996 νῦν,
2170 3934 2519 4000 Αὺξάνεσθε
2562 3934 2659 3987 καὶ
2705 3934 3087 4000 πληθύνεσθε
3116 3931 3216 3984 ἐπὶ
3246 3929 3357 3999 τῆς
3376 3930 3509 4000 γῆς.

1839 4020 2011 4073 Ὦσπε
2018 4036 2050 4091 ρ
2070 4019 2179 4090 γὰρ
2196 4019 2403 4081 ἐκεῖνος
2422 4017 2566 4089 ἀρχὴ
2591 4017 2685 4070 καί
2715 4016 2837 4087 ῥίζα
2856 4015 3044 4084 γέγονε
3064 4014 3281 4068 πάντων
3294 4014 3402 4066 τῶν
3417 4030 3512 4082 γε-

1836 4104 2072 4173 γονότων
2094 4102 2203 4174 πρὸ
2223 4102 2318 4155 τοῦ
2339 4099 2748 4169 κατακλυσμοῦ,
2774 4098 2917 4152 οὕτω
2947 4100 3039 4153 καὶ
3066 4101 3094 4153 ὁ
3120 4098 3328 4161 δίκαιος
3358 4092 3512 4162 οὗτος

1838 4187 1988 4258 ζύμη
2029 4203 2112 4250 τις
2156 4186 2251 4239 καὶ
2286 4186 2431 4256 ἀρχὴ
2468 4184 2562 4237 καὶ
2600 4182 2726 4254 ῥίζα
2748 4182 2958 4250 γίνεται
2991 4183 3208 4235 πάντων
3238 4180 3344 4236 τῶν
3373 4184 3514 4251 μετὰ

1836 4272 1928 4325 τὸν
1956 4269 2362 4340 κατακλυσμόν.
2393 4268 2502 4322 Καὶ
2543 4266 2796 4321 ἐντεῦθεν
2834 4266 3020 4319 λοιπέν
3046 4264 3115 4318 τὰ
3139 4264 3241 4333 τῆς
3270 4263 3380 4317 τῶν
3412 4266 3509 4318 ἀν-

1835 4354 2069 4425 θρώπων
2091 4355 2400 4416 συστάσεως
2430 4351 2601 4423 ἀρχὴν
2621 4351 2908 4422 λαμϐάνει,
2937 4351 3031 4404 καὶ
3061 4353 3094 4421 ἡ
3118 4350 3292 4412 κτίσις
3323 4350 3508 4403 ἅπασα

1758 4469 1762 4473 <
1831 4441 1924 4493 τὸν
1959 4441 2156 4492 οἰκεῖον
2184 4436 2562 4506 ἀπολαμϐάνει
2584 4436 2809 4505 κόσμον,
2849 4436 2885 4507 ἥ
2925 4453 2982 4488 τε
3013 4435 3086 4505 γῆ
3128 4434 3265 4507 πρὸς
3299 4449 3509 4505 καρπο-

1834 4523 2026 4593 φορίαν
2053 4520 2454 4591 διεγειρομένη,
2485 4523 2578 4572 καὶ
2607 4519 2674 4572 τὰ
2694 4518 2829 4573 ἄλλα
2851 4518 3028 4572 πάντα
3058 4520 3159 4571 ὅσα
3183 4517 3270 4572 διὰ
3290 4519 3391 4587 τὴν
3412 4515 3505 4569 τοῦ

1831 4606 2121 4679 ἀνθρώπου
2153 4605 2457 4675 ὑπηρεσίαν
2496 4603 2921 4674 ἐδημιουργήθη.
2955 4602 3063 4657 Καὶ
3098 4601 3320 4673 ἐξῆλθε
3352 4601 3502 4657 Νῶε.

1831 4691 1989 4763 φησὶ,
2036 4690 2134 4743 καὶ
2181 4689 2220 4756 ἠ
2269 4687 2424 4758 γυνὴ
2454 4687 2661 4750 αὑτοῦ,
2697 4688 2794 4741 καὶ
2842 4690 2896 4741 οι
2926 4686 3043 4741 υιοί
3071 4686 3277 4747 αὐτοῦ.
3321 4685 3418 4739 καὶ
3445 4688 3504 4737 αἱ

1828 4774 2109 4846 γυναῖκες
2143 4771 2259 4827 τῶν
2292 4772 2437 4826 υἱῶν
2464 4773 2652 4827 αὑτοῦ
2667 4774 2792 4841 μετ’
2823 4771 3010 4827 αὑτοῦ
3035 4788 3049 4802 ο
3087 4771 3184 4825 καὶ
3215 4768 3410 4824 πάντα
3433 4771 3506 4824 τὰ

1829 4857 2021 4926 θηρία,
2055 4855 2155 4908 καὶ
2185 4854 2384 4907 πάντα
2424 4853 2495 4907 τὰ
2536 4853 2748 4921 κτήνη,
2780 4854 2880 4907 καί
2923 4853 3047 4908 πᾶν
3074 4849 3368 4915 πετεινὸν,
3403 4851 3501 4903 καὶ

1827 4942 1951 4998 πᾶν
1976 4938 2227 5008 ἑρπετὸν
2255 4939 2611 5006 κινούμενον
2630 4938 2731 4991 ἐπὶ
2758 4937 2869 5005 τῆς
2897 4935 3009 5005 γῆς
3034 4934 3183 4988 κατὰ
3202 4933 3374 5003 γένος
3395 4935 3503 4987 αὑ-

1826 5027 1946 5081 τῶν
1966 5022 2231 5091 ἐξῆλθον
2255 5020 2325 5073 ἐκ
2366 5019 2477 5087 τῆς
2510 5019 2777 5074 κιϐωτοῦ.
2808 5018 2964 5075 Κατά
2992 5017 3053 5069 τὸ
3085 5016 3177 5068 τοῦ
3206 5016 3497 5080 Δεσπότου,
3556 5030 3580 5045 '

1831 5109 1985 5180 φησὶ,
2024 5107 2353 5177 πρόσταγμα
2385 5104 2675 5173 δεξάμενος
2702 5103 2800 5174 τὴν
2821 5103 3069 5170 εὐλογίαν
3089 5101 3186 5174 τὴν
3211 5101 3499 5169 λέγουσαν,

1826 5189 2172 5255 Αὑξάνεσθε
2212 5187 2311 5239 καὶ
2360 5186 2760 5252 πληθύνεσθε,
2796 5183 3015 5252 ἐξῆλθεν
3050 5186 3115 5237 ἐκ
3139 5183 3234 5254 τῆς
3265 5180 3500 5235 κιϐωτοῦ

1830 5271 1968 5340 μετά
1991 5267 2098 5320 τῶν
2127 5266 2301 5320 ἄλλων
2327 5264 2601 5318 ἁπάντων.
2634 5264 2743 5317 Καὶ
2762 5258 2831 5335 ἦν
2854 5262 3038 5316 λοιπὸν
3068 5264 3125 5317 ἐν
3150 5263 3301 5335 πάσῃ
3329 5264 3396 5335 τῇ
3427 5265 3497 5333 γῇ

1826 5358 1853 5409 ὀ
1887 5355 2092 5417 δίκαιος
2142 5351 2303 5422 μόνος
2344 5349 2545 5417 διάγων
2592 5348 2730 5419 μετά
2782 5349 2879 5419 τῆς
2927 5348 3203 5417 γυναικὸς,
3246 5350 3341 5403 καὶ
3390 5349 3499 5401 τῶν

1825 5438 2074 5497 παιδίων,
2107 5434 2328 5489 καὶτῶν
2356 5433 2561 5486 τούτων
2580 5433 2871 5501 γυναικῶν.
2896 5433 3005 5487 Καὶ
3034 5432 3235 5495 εὐθέως
3267 5432 3497 5497 ἐξελθὼν

1825 5520 1923 5589 τὴν
1961 5517 2168 5569 οἰκείαν
2219 5513 2640 5584 εὐγνωμοσύνην
2698 5512 3084 5575 ἐπιδείκνυται,
3124 5512 3219 5565 καὶ
3253 5512 3395 5581 ὑπέρ
3437 5528 3497 5565 τε

1823 5601 1931 5651 τῶν
1968 5593 2443 5668 παρεληλυθότων,
2485 5594 2624 5665 ὑπέρ
2657 5612 2716 5646 τε
2743 5594 2852 5646 τῶν
2887 5592 3187 5664 μελλόντων
3206 5594 3305 5656 τὰς
3330 5593 3491 5664 εὐχα·

1831 5679 2039 5753 ριστίας
2070 5676 2332 5747 ἀναφέρει
2350 5675 2428 5746 τῷ
2449 5676 2642 5729 ἐαυτοῦ
2666 5676 2934 5746 Δεσπότῃ.
2978 5674 3119 5727 Ἀλλ’
3141 5676 3189 5727 εί
3214 5674 3383 5739 δοκεῖ,
3408 5673 3496 5753 ἵνα

1830 5749 1902 5833 μὴ
1936 5758 2142 5831 μακρὸν
2172 5757 2417 5827 ποιῶμεν
2445 5757 2534 5810 τὸν
2567 5755 2744 5825 λόγον,
2776 5759 2855 5821 εἰς
2893 5755 2990 5828 τὴν
3025 5756 3151 5827 ἑξῆς
3187 5749 3492 5828 ταμιευσώ-

1883 5866 1909 5905 δ
1938 5868 2034 5917 Alii
2066 5868 2173 5925 τούς
2190 5866 2476 5931 ἀνθρώπους.

2956 5943 3027 6001 15
