3804 6290
289 226 412 283 ’237

308 348 450 417 μεθα
470 347 536 401 τά
562 350 702 403 κατὰ
722 342 820 421 ¹τὴν
843 351 1256 425 εὐγνωμοσύνην
1277 356 1367 409 τοῦ
1394 358 1626 427 δικαίου,
1656 362 1819 434 μέχρι
1842 363 1965 417 τού-

304 451 404 522 του
423 436 721 505 στήσαντες
750 438 842 491 τὸν
872 439 1046 508 λόγον,
1076 443 1168 493 καὶ
1190 445 1667 514 παρακαλέσαντες
1690 449 1842 519 ὑμῶν
1868 450 1966 522 τὴν

303 520 526 593 ἀγάπην
558 522 819 593 διηνεκῶς
855 526 1043 579 τοῦτον
1072 528 1161 580 τὸν
1186 531 1450 600 μακάριον
1484 535 1543 585 ἐν
1579 535 1785 606 διανοίᾳ
1810 520 1968 607 περι·

303 609 574 680 στρέφειν,
614 612 706 664 καὶ
736 611 837 681 τῆς
869 613 1068 683 ἀρετῆς
1097 614 1260 668 αὐτοῦ
1290 619 1426 685 μετά
1452 620 1732 689 ἀκριϐείας
1754 623 1853 693 τὴν
1880 624 1967 676 εὐ-

305 696 541 767 μορφίαν
589 698 1041 769 καταμανθάνειν,
1085 703 1177 754 καὶ
1210 702 1455 773 ζηλωτὰς
1494 708 1658 760 αὑτοῦ
1700 710 1964 777 γίνεσθαι.

290 782 499 835 Σκόπει
526 783 633 855 γάρ
667 802 755 854 μοι
780 785 944 850 πόσος
980 787 1144 840 αὑτοῦ
1185 790 1284 858 τῆς
1321 792 1520 862 ἀρετῆς
1545 795 1573 845 6
1602 794 1848 857 πλοῦτος.
1888 797 1965 849 ὅτι

304 870 544 939 σήμερον
574 872 631 923 ἐν
658 874 943 937 τοσαύταις
980 876 1211 945 ἡμέραις
1239 880 1305 929 τά
1348 881 1467 931 κατ’
1498 880 1657 933 αὐτὸν
1680 882 1969 953 διηγούμε-

306 973 406 1017 νοι,
436 958 649 1011 οὐδέπω
679 961 770 1012 καὶ
794 962 887 1013 νῦν
914 963 1062 1025 τέλος
1091 963 1238 1035 [252]
1279 966 1545 1037 ἐπιθεῖναι
1577 968 1873 1039 ἰσχύσαμεν
1899 974 1965 1041 τῇ

289 1042 421 1096 κατ’
445 1045 607 1097 αὑτὸν
633 1046 906 1102 ὑποθέσει.
933 1050 1039 1101 Καὶ
1074 1050 1125 1102 τί
1150 1051 1290 1118 λέγω
1314 1053 1463 1116 τέλος
1490 1054 1749 1108 ἐπιθεῖναι
1774 1074 1789 1123 ;
1827 1057 1967 1110 ’Όσα

300 1128 369 1180 ἂν
416 1130 681 1201 εἴπωμεν,
730 1135 789 1186 οὐ
824 1134 1098 1205 δυνάμεθα
1147 1138 1426 1206 ἐφικέσθαι
1455 1156 1467 1169 ³
1504 1141 1639 1193 ἀλλά
1680 1145 1782 1196 κᾶν
1808 1133 1967 1214 ἡμεῖς

294 1216 470 1268 πολλά
522 1218 839 1290 δυνηθῶμεν
870 1224 1063 1288 εἰπεῖν,
1110 1225 1216 1277 κᾶν
1244 1226 1293 1277 οἰ
1330 1227 1447 1294 μεθ’
1476 1229 1643 1298 ἡμᾶς,
1677 1230 1796 1283 οὐδέ
1826 1231 1967 1284 οὑτω

290 1303 437 1374 πρὸς
462 1304 520 1358 τὺ
544 1306 693 1370 τέλος
713 1308 913 1376 φθάσαι
936 1310 1275 1380 δυνησόμεθα
1291 1330 1305 1345 ο
1329 1314 1581 1368 τοσοῦτόν
1604 1318 1751 1370 ἐστιν
1773 1319 1963 1389 ἀρετή.

298 1390 436 1446 ’Ἐάν
463 1394 572 1465 γὰρ
605 1394 978 1467 βουληθῶμεν,
1028 1399 1245 1453 ἃπασαν
1287 1401 1445 1471 ήμῶν
1486 1402 1584 1472 τὴν
1615 1404 1775 1471 φύσιν
1814 1400 1967 1469 οὗτος

300 1479 589 1533 παιδεῦσαι
615 1481 903 1554 δυνήσεται
928 1496 977 1549 ο,
1013 1486 1267 1560 καὶπρὸς
1300 1488 1389 1541 τὸν
1429 1489 1527 1559 τῆς
1565 1491 1764 1561 ἀρετῆς
1805 1492 1966 1561 ζῆλον

294 1565 610 1635 ἐναγαγεῖν.
648 1569 817 1623 Ὅταν
860 1572 968 1641 γὰρ
1020 1574 1114 1625 καὶ
1177 1574 1378 1644 μεταξὺ
1410 1576 1677 1630 τοσούτων
1716 1580 1965 1649 πονηρῶν

294 1653 777 1727 ἀναστρεφόμενος
796 1650 950 1722 οὗτος
976 1661 1003 1712 6
1027 1660 1249 1727 δίκαιος,
1272 1663 1364 1715 καὶ
1396 1664 1601 1735 μηδένα
1626 1665 1764 1734 ἔχων
1786 1667 1965 1738 εὑρεῖν

296 1740 617 1825 ὑμότροπον,
674 1744 810 1815 πρὸς
856 1744 1104 1799 τοσοῦτον
1147 1746 1343 1819 μέτρον
1380 1750 1575 1821 εὑρέθη
1605 1752 1821 1819 φθάνων
1866 1755 1965 1825 τῆς

300 1822 518 1895 ἀρετῆς,
550 1826 634 1890 τίς
663 1828 794 1898 ἡμῖν
826 1827 979 1882 ἔσται
1011 1830 1275 1899 ἀπολογία
1304 1835 1413 1895 τοῖς
1441 1834 1575 1904 μηδὲ
1604 1834 1839 1889 τοσαῦτα
1866 1822 1967 1890 κω·

301 1910 513 1981 λύματα
542 1911 743 1983 ἔχουσι,
788 1915 879 1968 καὶ
906 1916 1214 1987 ῥᾳθυμοῦσι
1249 1919 1382 1989 πρὸς
1416 1920 1513 1990 τὴν
1542 1920 1743 1991 ταύτης
1770 1925 1965 1995 κατόρ-

300 1998 463 2053 θωσιν
488 2017 501 2064 ;
529 2002 617 2072 Μὴ
642 2004 748 2072 γάρ
775 2020 865 2073 μοι
900 2004 997 2075 τὴν
1031 2006 1089 2057 ἐν
1135 2008 1247 2069 τοῖς
1283 2010 1652 2072 πεντακοσίοις
1673 2009 1815 2062 ἔτεσι
1845 2011 1961 2065 δια-

299 2086 480 2157 γωγὴν
509 2087 632 2156 λέγε
659 2088 836 2159 μόνον,
889 2091 970 2143 ὅτι
1023 2091 1450 2161 κωμῳδούμενος
1494 2095 1589 2147 καὶ
1641 2095 1965 2167 χλευαζόμε-

299 2192 386 2240 νος
412 2176 633 2229 διετέλει
669 2178 773 2230 ὑπὺ
812 2179 919 2231 τῶν
969 2180 1068 2250 τὴν
1118 2182 1316 2233 κακίαν
1349 2181 1663 2251 μετιόντων,
1694 2184 1828 2237 ἀλλά
1870 2186 1964 2238 καὶ

292 2264 396 2332 τὴν
444 2265 501 2314 ἐν
543 2266 607 2334 τῇ
648 2264 865 2335 κιϐωτῷ
897 2266 1196 2337 διατριϐήν.
1242 2266 1299 2320 '0
1332 2268 1439 2339 γάρ
1479 2270 1721 2336 ἐνιαυτὸς
1760 2273 1964 2337 ἐκεῖνος

291 2347 619 2419 ἀντίρροπος
648 2345 785 2401 εἷναί
819 2367 908 2420 μοι
940 2350 1089 2403 δοκεῖ
1130 2351 1224 2405 τοῦ
1272 2353 1471 2416 παντὸς
1500 2355 1692 2425 χρόνου
1717 2372 1730 2387 ο
1772 2357 1964 2411 τοσαύ-

296 2452 395 2507 την
422 2438 535 2489 ὲκεῖ
563 2438 662 2507 τὴν
690 2438 869 2507 θλίψιν
908 2440 1197 2510 ὑπομένειν
1225 2442 1254 2492 6
1277 2440 1481 2505 δίκαιος
1518 2443 1879 2511 ἠναγκάζετο,
1905 2447 1963 2500 ἐν

299 2526 628 2597 στενοχωρίᾳ
664 2525 885 2599 τοιαύτῃ
928 2526 1233 2596 τυγχάνων,
1278 2528 1373 2580 καὶ
1425 2529 1557 2599 μηδέ
1589 2533 1845 2585 ἀναπνεῖν
1874 2533 1965 2585 δυ-

297 2612 550 2683 νάμενος,
580 2617 674 2667 καὶ
701 2615 796 2683 τῆς
826 2614 967 2683 μετά
990 2615 1097 2667 τῶν
1130 2614 1335 2686 θηρίων
1365 2618 1459 2670 καὶ
1475 2620 1582 2671 τῶν
1606 2618 1813 2687 ἀλόγων
1847 2621 1963 2675 δια-

299 2701 484 2771 γωγῆς
515 2701 858 2772 ἀνεχόμενος,
913 2702 1004 2755 καὶ
1034 2702 1122 2756 διὰ
1165 2704 1383 2758 πάντων
1426 2706 1638 2769 δεικνὺς
1672 2709 1834 2762 αὐτοῦ
1866 2711 1964 2779 τῆς

296 2786 522 2857 γνώμνς
554 2789 613 2841 τὸ
636 2789 880 2860 στερρὸν,
906 2790 999 2843 καὶ
1021 2790 1081 2844 τὸ
1098 2790 1312 2855 ἀκλινὲς
1340 2792 1439 2862 τῆς
1459 2796 1847 2864 προαιρέσεως,
1873 2798 1965 2849 καὶ

287 2874 393 2946 τὴν
425 2877 606 2928 πίστιν
636 2879 701 2948 ἢν
731 2876 857 2947 περί
889 2877 980 2930 τὸν
1030 2877 1162 2930 Θεὸν
1194 2879 1558 2942 ἐπεδείκνυτο,
1605 2880 1671 2933 δι’
1702 2883 1767 2952 ἣν
1789 2884 1965 2939 πάντα

297 2963 488 3034 πράως
510 2964 605 3016 καὶ
629 2964 845 3032 κούφως
866 2964 1051 3035 ἔφερε.
1074 2965 1171 3018 Δία
1203 2982 1285 3018 τοι
1319 2966 1494 3030 τοῦτο,
1521 2968 1708 3039 ἐπειδὴ
1736 2968 1805 3022 τὰ
1832 2972 1963 3042 παρ’

294 3050 460 3103 αὐτοῦ
478 3050 654 3103 πάντα
673 3052 976 3121 εἰσήνεγκε,
990 3052 1090 3105 καὶ
1108 3050 1215 3105 τῶν
1231 3053 1380 3123 παρά
1393 3053 1486 3107 τοῦ
1508 3054 1644 3108 Θεοῦ
1665 3055 1800 3125 μετά
1810 3054 1966 3125 δαψι-

298 3136 451 3201 λείας
484 3139 820 3208 ἀπήλαυσεν.
843 3140 905 3193 Εἰ
938 3139 1050 3211 γὰρ
1074 3140 1170 3192 καὶ
1215 3143 1576 3212 στενοχωρίαν
1632 3142 1831 3215 πολλὴν
1864 3144 1966 3196 ὐπ-

299 3225 493 3296 Ξμενεν
519 3228 577 3279 ἐν
608 3229 674 3298 τῇ
691 3226 934 3299 διαγωγῇ
964 3228 1062 3298 τῆς
1089 3226 1344 3294 κιϐωτοῦ,
1368 3228 1483 3282 ἀλλ’
1517 3230 1665 3299 ὅμως
1690 3230 1750 3283 τὸ
1766 3231 1966 3285 κλυδώο

290 3331 407 3367 νιον
437 3313 499 3366 τὺ
519 3313 747 3385 φοϐερὸν
778 3315 871 3367 καὶ
919 3315 1017 3385 τὴν
1064 3315 1437 3385 πανωλεθρίαν
1464 3317 1681 3388 ἐκείνην
1720 3318 1963 3387 διέφυγε.

293 3402 408 3455 Καὶ
439 3400 529 3454 διά
558 3401 715 3455 τοῦτο
774 3401 913 3472 μετά
950 3401 1049 3472 τὴν
1084 3404 1446 3471 στενοχωρίαν
1478 3404 1692 3477 ἐκείνην
1720 3405 1815 3459 καὶ
1870 3405 1966 3478 τὴν

298 3489 567 3561 ἀφόρητον
586 3489 827 3561 εἱρκτὴν,
849 3491 941 3543 καὶ
980 3490 1164 3553 ἀδείας
1188 3491 1282 3543 καὶ⁵
1313 3492 1547 3556 ἀνέσεως
1580 3493 1846 3566 ἀπήλαυε,
1874 3498 1967 3549 καὶ¹

297 3578 396 3648 τῆς
429 3578 581 3649 παρὰ
611 3576 704 3632 τοῦ
734 3578 867 3633 Θεοῦ
899 3578 1149 3647 εὐλογίας
1174 3578 1410 3649 ἠξιοῦτο,
1453 3581 1545 3634 καὶ
1571 3581 1732 3635 πάλιν
1760 3583 1858 3654 τὴν
1886 3586 1965 3637 οί-

297 3668 451 3721 κείαν
471 3667 885 3739 εὐγνωμοσύνην
917 3666 1004 3722 διά
1024 3667 1131 3722 τῶν
1156 3667 1331 3739 ἔργων
1353 3667 1607 3741 ἐπλήρου·
1642 3670 1733 3723 καὶ
1759 3687 1965 3726 παντα-

298 3755 392 3824 χοῦ
414 3755 665 3827 εὑρήσεις
677 3753 774 3819 τὰς
794 3754 969 3826 άρχάίς
990 3756 1119 3827 παρ’
1147 3754 1310 3809 αὑτοῦ
1335 3756 1966 3829 εἰσφερομένας.Ὦσπερ

292 3844 351 3895 δὲ
374 3843 473 3913 τὴν
495 3841 716 3914 πρώτην
753 3841 970 3897 ἃπασαν
998 3841 1217 3913 ήλικίαν
1241 3841 1339 3915 τήν
1377 3843 1576 3915 ἀρετήν
1608 3845 1963 3915 μεταδιώξας,

294 3930 389 3983 καὶ
422 3931 517 3999 τῆς
547 3928 744 3986 κακίας
774 3930 997 3982 ἐκείνων
1024 3929 1180 3991 ἐκτὸς
1202 3928 1524 3997 γεγονὼς,οὑ
1556 3932 1967 4003 συναπήλαυσεν

294 4021 475 4082 αὐτοῖς
503 4019 603 4088 τῆς
627 4018 921 4088 τιμωρίας,
964 4018 1100 4071 ἀλλά
1128 4019 1348 4072 πάντων
1376 4019 1721 4089 ὑποϐρυχίων
1745 4023 1966 4092 γινομέ-

298 4119 402 4154 νων
431 4102 590 4164 αὐτὸς
628 4102 787 4170 μόνος
814 4099 1119 4164 διεσώζετο·
1159 4099 1301 4153 οὑτω
1341 4101 1500 4154 πάλιν
1528 4103 1716 4174 ἐπειδὴ
1768 4105 1965 4177 πολλὴν

296 4190 395 4257 τὴν
423 4187 601 4240 πίστιν
632 4188 937 4259 εἰσήνεγκε,
993 4187 1086 4239 καὶ
1119 4189 1236 4257 μετ’
1268 4188 1617 4259 εὐχαριστίας
1648 4191 1746 4261 τῆς
1792 4194 1849 4246 ἐν
1897 4196 1964 4265 τῇ

298 4274 511 4344 κιϐωτῷ
541 4276 807 4345 οἰκήσεως
836 4274 1110 4344 ἠνέσχετο,
1167 4274 1326 4328 πάλιν
1372 4275 1440 4328 τά
1492 4276 1640 4347 παρὰ
1696 4279 1789 4334 τοῦ
1831 4280 1965 4335 Θεοῦ

294 4360 624 4430 ἠκολούθησε
649 4361 788 4430 μετά
839 4359 1040 4429 πολλῆς
1064 4362 1161 4430 τῆς
1185 4360 1512 4431 φιλοτιμίας,
1545 4364 1639 4417 καὶ
1665 4364 1965 4437 ἐξενεχθεὶς

296 4447 394 4515 τῆς
427 4446 677 4511 κιϐωτοῦ,
712 4448 805 4500 καὶ
841 4448 921 4511 εἰς
948 4448 1047 4519 τὴν
1081 4448 1350 4519 προτέραν
1382 4448 1656 4521 διαγωγὴν
1686 4453 1964 4509 ἀποκατα-

296 4533 533 4597 σταθεὶς,
569 4534 767 4598 εὐθέως
818 4535 1067 4602 εὐλογίας
1096 4535 1363 4603 ἀξιοῦται,
1425 4538 1519 4590 καὶ
1553 4539 1716 4593 πάλιν
1747 4541 1845 4613 τὴν
1882 4546 1963 4597 οἰ-

295 4620 449 4673 κείαν
477 4619 896 4691 εὐγνωμοσύνην
932 4622 1358 4692 ἐπιδειξάμενος,
1400 4624 1490 4677 καὶ
1510 4625 1608 4695 τὴν
1638 4626 1776 4681 κατὰ
1801 4628 1960 4684 δύνα-

297 4724 390 4776 μιν
416 4707 762 4779 εὐχαριστίαν
789 4707 1172 4778 ποιησάμενος,
1202 4710 1295 4763 καὶ
1328 4710 1469 4765 οὑτω
1502 4714 1761 4782 μειζόνων
1785 4715 1963 4782 ἀξιοῦ-

290 4814 379 4850 ται
407 4797 556 4868 παρὰ
584 4797 678 4849 τοῦ
704 4795 1081 4869 φιλανθρώπου
1102 4797 1257 4851 Θεοῦ.
1295 4798 1403 4852 Καὶ
1426 4801 1533 4869 γάρ
1565 4799 1683 4865 ἔθος
1709 4801 1867 4857 τοῦτο
1887 4805 1965 4876 τῷ

284 4887 431 4958 Θεῷ,
462 4886 679 4941 ἐπειδὰν
721 4886 893 4958 μικρά
949 4888 1043 4940 καὶ
1069 4888 1259 4957 εὐτελῆ
1295 4888 1423 4958 παρ’
1456 4888 1613 4959 ήμῶν
1662 4893 1965 4965 εἰσενεχθῇ.

291 4977 439 5045 ὅμως
470 4976 513 5031 δ’
539 4972 634 5029 οὖν
660 4976 962 5047 εἰσενεχθῇ,
1014 4975 1211 5047 πολλὴν
1232 4978 1361 5047 ἡμῖν
1384 4977 1481 5047 τὴν
1518 4981 1643 5049 παρ’
1675 4980 1837 5033 αὐτοῦ
1862 4982 1965 5035 δω-

293 5060 501 5131 ρεῖσθαι
537 5060 866 5130 φιλοτιμίαν.
894 5062 1001 5114 Καὶ
1022 5060 1108 5114 ἵνα
1136 5060 1313 5132 μάθῃς
1366 5061 1460 5113 καὶ
1492 5062 1589 5131 τῆς
1621 5063 1966 5137 ἀνθρωπίνης

294 5148 562 5212 εὐτελείας
593 5148 689 5220 τὴν
726 5144 1049 5223 ὑπερϐολήν,
1077 5148 1288 5202 καὶτοῦ
1325 5149 1594 5202 Δεσπότου
1629 5167 1721 5203 σου
1742 5150 1841 5221 τὴν
1874 5169 1965 5220 φι-

292 5236 563 5306 λοτιμίαν,
598 5237 788 5291 σκόπει
824 5254 915 5307 μοι
944 5236 1200 5291 ἐνταῦθα.
1228 5236 1344 5290 Κᾶν
1381 5238 1488 5309 γὰρ
1527 5236 1876 5308 βουληθῶμέν
1911 5258 1963 5292 τι

293 5324 641 5390 εἰσενεγκεῖν,
659 5324 711 5376 τί
743 5323 994 5377 τοσοῦτον
1020 5324 1381 5395 δυνησόμεθα,
1409 5324 1440 5395 ἢ
1464 5325 1585 5377 ὅσον
1620 5324 1715 5395 τὴν
1736 5326 1824 5379 διὰ
1858 5327 1965 5379 τῶν

292 5410 463 5479 λόγων
495 5410 841 5480 εὐχαριστίαν
865 5411 1233 5478 ἐπιδείξασθαι
1261 5428 1275 5477 ;
1308 5412 1389 5465 Τὰ
1415 5412 1513 5483 μέν
1539 5430 1619 5465 τοι
1644 5414 1773 5484 παρ’
1802 5414 1965 5467 αὑτοῦ

293 5498 381 5552 διὰ
416 5498 521 5552 τῶν
551 5497 729 5569 ἔργων
767 5498 845 5561 εἱς
880 5498 1023 5569 ήμᾶς
1054 5499 1442 5570 ἐκπληροῦται.
1476 5500 1583 5555 Ποῦ
1633 5497 1726 5556 οῦν
1756 5501 1820 5556 ἂν
1854 5501 1965 5558 ἴσον

355 5694 379 5723 ε’
410 5692 548 5743 Nulli
576 5706 686 5741 mss.
711 5694 835 5742 οὕτω
854 5692 1105 5742 παιδεῦσαι
1127 5693 1435 5757 δυνησόμεθα.

1062 236 1119 289 S.
1162 236 1442 293 JOANNIS
1479 239 1963 302 CIIRYSOSTOMI
2014 248 2333 307 ARCHIEP.
2376 250 2920 310 CONSTANTINOP.

3671 248 3797 304 2‘58

2075 368 2282 437 γένοιτο
2304 372 2440 443 ἔργα
2478 372 2570 425 καὶ
2599 372 2777 440 λόγοι;
2822 370 3095 443 ’Ἀνενδεὴς
3124 371 3231 443 γὰρ
3267 371 3341 427 ὢν
3362 371 3506 445 [255]
3541 369 3747 442 ἡμῶν
3768 367 3798 419 ὁ

2075 454 2373 525 Δεσπότης,
2407 456 2617 518 οὐδενος
2632 456 2800 508 δεῖται
2826 454 2931 507 τῶν
2960 458 3087 526 παρ’
3108 455 3287 525 ἡμῶν,
3322 459 3369 509 εἰ
3402 457 3476 528 μὴ
3502 455 3647 510 τῶν
3688 454 3797 523 ρη-

2078 536 2265 604 μάτων
2303 538 2483 606 μόνον’
2526 537 2619 590 καὶ
2647 537 2816 609 αὐτὴν
2846 538 2903 590 δὲ
2930 538 3029 608 τὴν
3056 536 3144 591 διὰ
3167 539 3275 591 τῶν
3308 539 3480 608 λόγων
3523 538 3797 607 εὐχαρι·

2078 618 2231 671 στίαν
2255 618 2511 682 ἀπαιτεῖ,
2541 620 2639 688 οὐχ
2671 619 2747 682 ὼς
2769 620 2975 690 ταύτης
3032 620 3247 691 χρῄζων
3276 622 3459 685 αὐτὸς,
3494 620 3638 675 ἀλλ’
3701 618 3795 670 ἵνα

2068 701 2222 771 *ἡμᾶς
2260 701 2523 774 παιδεύσῃ
2551 703 2899 772 εὐγνώμονας
2926 700 3084 767 εἰναι,
3119 705 3212 756 καὶ
3244 705 3660 771 ἐπιγινώσκειν
3695 700 3797 752 τὸν

2074 785 2182 837 τῶν
2229 784 2450 853 ἀγαθῶν
2487 786 2739 856 χορηγόν.
2795 786 2892 839 Διά
2932 786 3088 839 τοῦτο
3133 792 3224 840 καὶ
3271 788 3480 852 Παῦλος
3519 786 3796 859 γράφων

2075 867 2279 934 ἔλεγεν,
2310 866 2668 936 Εὑχείριστοι
2699 869 2949 937 γίνεσθε
2975 870 3138 922 Οὐδὲν
3168 870 3275 940 γὰρ
3301 871 3473 933 οὕτως
3497 868 3797 936 ἐπιζητεῖ

2076 950 2202 1017 παρ’
2230 949 2385 1020 ήμῶν
2416 952 2444 1002 6
2486 952 2779 1021 Δεσπότης,
2836 952 2910 1015 ('0;
2964 952 3122 1020 τοῦτο
3155 953 3216 1004 τὸ
3260 954 3633 1023 κατόρθωμα..
3689 950 3792 1018 Μὴ

2075 1033 2249 1085 τοίνυν
2289 1032 2600 1104 ἀγνώμονες
2631 1034 2926 1105 γινώμεθα,
2966 1036 3099 1107 μηδὲ
3126 1035 3191 1088 δι’
3227 1036 3399 1106 ἔργων
3425 1035 3797 1107 εὐεργετούο

2078 1132 2226 1183 μενοι
2261 1116 2437 1181 αὐτοὶ,
2476 1118 2721 1187 όκνῶμεν
2766 1117 2861 1189 τὴν
2910 1118 2997 1171 διὰ
3040 1118 3147 1171 τῶν
3175 1118 3346 1186 λόγων
3392 1118 3795 1190 εὐχαριστίαν

2076 1196 2364 1268 ἀναφέρειν
2414 1198 2492 1268 τῷ
2525 1200 2787 1273 Δεσπότῃ·
2844 1200 3005 1253 πάλιν
3039 1200 3145 1271 γάρ
3182 1202 3261 1264 εἰς
3292 1202 3437 1272 ήμᾶς
3470 1203 3535 1255 τὸ
3566 1200 3796 1269 κέρδος

2077 1278 2439 1351 περιίσταται.
2505 1281 2629 1335 Ἐὰν
2665 1282 2775 1354 γὰρ
2808 1283 2898 1335 ἐπὶ
2947 1284 3057 1346 τοῖς
3111 1283 3377 1353 φθάσασιν
3428 1283 3790 1354 εὐχάριστοι

2076 1365 2371 1437 γινώμεθα,
2401 1368 2643 1439 καὶπρὸς
2663 1370 2723 1423 τὸ
2742 1370 2849 1423 τῶν
2879 1370 3347 1441 μειζόνωντυχεῗν
3375 1372 3610 1434 ἑαυτοῖς
3644 1368 3793 1423 πολ-

2074 1453 2171 1523 λὴν
2194 1456 2688 1527 προευτρεπίζομεν
2707 1458 2805 1527 τὴν
2828 1457 3157 1528 παρρησίαν.
3185 1459 3377 1522 Μόνον,
3412 1456 3786 1523 παρακαλῶ,

2074 1542 2194 1595 καθ’
2227 1542 2463 1615 ἑκάστην
2511 1545 2727 1618 ἡμέραν
2760 1546 2851 1599 καὶ
2876 1544 3044 1617 ὥραν,
3084 1546 3132 1599 εί
3163 1540 3273 1599 οἶόν
3300 1564 3381 1609 τε,
3411 1544 3792 1613 ἀναλογιζώ-

2078 1628 2215 1700 μεθα
2251 1630 2372 1684 καθ’
2398 1632 2623 1695 ἑαυτοὺς
2654 1632 2729 1703 μὴ
2756 1632 2856 1696 τὰς
2881 1632 3064 1697 κοινάς
3118 1633 3276 1705 μόνον
3308 1632 3681 1705 εὐεργεσίας,
3714 1630 3791 1693 ἃς

2075 1717 2222 1788 πάσῃ
2247 1720 2312 1788 τῇ
2341 1716 2498 1786 φύσει
2531 1720 2559 1772 6
2583 1719 2691 1772 τῶν
2722 1718 2857 1773 ὅλων
2886 1720 3210 1794 δημιουργὸς
3239 1722 3597 1794 κεχάρισται,
3630 1720 3789 1775 ἀλλά

2073 1804 2168 1857 καὶ
2193 1804 2287 1867 τάς
2312 1804 2416 1877 ἰδίᾳ
2451 1807 2542 1859 καὶ
2569 1805 2689 1860 καθ’
2708 1807 2935 1861 ἕκαστον
2965 1810 3094 1878 ἡμῖν
3120 1807 3525 1879 παρεχομένας.

2145 1910 2254 1962 Καὶ
2278 1910 2329 1961 τί
2354 1909 2495 1977 λέγω
2520 1910 2616 1973 τὰς
2646 1910 2748 1981 ἰδίᾳ
2780 1912 2871 1963 καὶ
2901 1912 3018 1964 καθ’
3051 1912 3277 1964 ἕκαστον
3324 1910 3783 1983 παρεχομένας;

2076 2000 2182 2052 Καὶ
2211 1998 2348 2069 ὑπὲρ
2369 1991 2442 2050 ὧν
2474 1998 2791 2067 ἀγνοοῦντες
2830 1998 3278 2070 εὐεργετούμεθα,
3314 2000 3409 2052 καὶ
3442 2001 3604 2071 ὑπὲρ
3641 2001 3788 2054 τού-

2073 2105 2179 2140 των
2206 2086 2635 2158 εὑχαριστῶμεν.
2682 2086 2899 2158 Ἐπειδὴ
2950 2087 3058 2158 γὰρ
3089 2088 3303 2157 κήδεται
3335 2087 3431 2156 τῆς
3466 2088 3789 2159 ἡμετέρας

2075 2176 2365 2245 σωτηρίας,
2426 2174 2593 2227 πολλά
2621 2172 2821 2245 καὶμὴ
2867 2174 3071 2239 εἰδότας
3099 2177 3246 2246 ἡμᾶς
3292 2175 3609 2247 εὐεργετεῖ,
3681 2181 3785 2230 καὶ

2074 2262 2329 2324 πολλάκις
2359 2261 2448 2314 καί
2474 2260 2729 2314 κινδύνων
2756 2262 3069 2332 ἐξαρπάζει,
3094 2263 3187 2315 καὶ
3212 2262 3398 2332 ἑτέρας
3421 2263 3786 2332 εὐεργεσίας

2074 2352 2151 2411 είς
2182 2352 2326 2422 ήμᾶς
2350 2349 2715 2403 κατατίθεται.
2740 2349 2894 2421 Πηγὴ
2912 2350 3020 2421 γάρ
3044 2351 3158 2402 ἐστι
3191 2350 3649 2419 φιλανθρωπίας,
3681 2353 3786 2404 καὶ

2072 2438 2322 2490 οὐδέποτε
2354 2436 2584 2491 παύεται
2621 2437 2691 2490 τὰ
2718 2438 2924 2490 ἐκεῖθεν
2953 2437 3169 2508 νάματα
3204 2439 3268 2508 τῇ
3300 2437 3406 2489 τῶν
3436 2438 3786 2509 ἀνθρώπων

2075 2526 2232 2595 φύσει
2268 2525 2595 2597 προχέουσα.
2637 2528 2732 2579 Ἂν
2783 2525 2962 2579 τοίνυν
3009 2525 3179 2578 ταῦτα
3235 2523 3623 2594 λογιζώμεθα,
3682 2528 3787 2579 καὶ

2075 2612 2463 2684 σπουδάζωμεν
2488 2613 2584 2667 καὶ
2616 2612 2758 2683 ὑπὲρ
2778 2612 2885 2665 τῶν
2919 2612 3237 2680 φθασάντων
3267 2612 3365 2674 τάς
3393 2612 3787 2683 εὐχαριστίας

2073 2701 2365 2773 ἀναφέρειν
2417 2700 2495 2771 τῷ
2521 2702 2784 2772 Δεσπότῃ,
2834 2702 2927 2754 καὶ
2956 2700 3094 2772 ὑπὲρ
3130 2700 3237 2753 τῶν
3294 2702 3417 2770 ἑξῆς
3469 2701 3787 2767 τοιούτους

2074 2791 2297 2854 ἑαυτοὺς
2327 2790 2780 2856 κατασκευάζειν,
2813 2788 2953 2842 ὥστε
2980 2788 3056 2858 μὴ
3101 2788 3347 2852 ἀναξίους
3372 2790 3631 2859 φανῆναι
3666 2793 3785 2844 τῶν

2075 2878 2204 2948 παρ’
2233 2876 2395 2931 αὐτοῦ
2426 2876 2775 2948 εὐεργεσιῶν,
2806 2874 3142 2945 δυνησόμεθα
3188 2875 3282 2929 καὶ
3316 2874 3612 2931 πολιτείαν
3647 2877 3786 2948 dp!-

2078 2982 2210 3035 στην
2249 2963 2639 3029 ἐπιδείξασθαι,
2690 2964 2784 3017 καὶ
2819 2963 2915 3033 τῆς
2949 2962 3146 3026 κακίας
3174 2962 3271 3033 τήν
3319 2965 3523 3033 πεῖραν
3571 2965 3785 3034 διαφυ-

2076 3056 2213 3122 γεῖν.
2253 3053 2317 3105 Ἦ
2363 3052 2474 3123 γάρ
2510 3052 2697 3122 μνήμη
2731 3049 2838 3104 τῶν
2866 3050 3188 3121 εὐεργεσιῶν
3221 3050 3379 3121 ἱκανὴ
3423 3051 3785 3115 διδάσκαλος

2075 3142 2204 3211 ήμῖν
2236 3140 2386 3193 ἔσται
2414 3139 2514 3209 τῆς
2541 3140 2659 3192 κατ’
2690 3136 2889 3208 ἀρετὴν
2914 3136 3202 3202 πολιτείας,
3232 3138 3331 3191 οὐκ
3354 3138 3603 3207 ἀφιεῖσά
3642 3158 3782 3195 ποτε

2074 3230 2154 3293 εἰς
2177 3228 2449 3300 ρᾳθυμίαν
2496 3226 2833 3297 ἐμπεσόντας
2857 3225 2951 3278 καὶ
2981 3225 3169 3298 λήθην,
3198 3225 3342 3296 πρὸς
3393 3225 3499 3297 τὴν
3562 3230 3782 3284 κακίαν

2074 3316 2459 3387 αὐτομολῆσαι.
2495 3314 2559 3367 'H
2585 3314 2695 3385 γάρ
2727 3314 2970 3383 νήφουσα
3002 3313 3095 3367 καὶ
3142 3315 3479 3387 ἐγρηγορυῖα
3508 3314 3681 3388 ψυχὴ
3718 3318 3781 3371 οὐ

2074 3406 2193 3459 τότε
2226 3405 2384 3476 μόνον
2412 3403 2628 3456 ἐπειδὰν
2680 3401 2820 3455 κατά
2853 3402 2980 3472 ῥοῦν
3031 3401 3263 3472 φέρηται
3294 3402 3362 3454 τά
3414 3404 3779 3475 πράγματα,

2075 3490 2492 3563 εὐγνωμοσύνην
2515 3488 2894 3553 ἐπιδείκνυται,
2928 3487 3061 3541 ἀλλὰ
3092 3487 3192 3541 κάν
3220 3489 3437 3543 ἐναντία
3486 3507 3589 3553 τις
3629 3511 3781 3564 πρα.

2075 3577 2297 3647 γμάτων
2346 3575 2664 3648 περίστασις
2698 3572 3173 3644 παρακολουθήσῃ,
3208 3572 3301 3625 καὶ
3320 3573 3438 3625 τότε
3472 3573 3594 3645 τὴν
3656 3577 3781 3647 ἷσην

2076 3665 2424 3739 εὐχαριστίαν
2462 3662 2745 3734 ἀναφέρει,
2779 3660 2932 3714 οὐδὲν
2983 3660 3092 3713 ἀπὸ
3121 3659 3217 3730 τῆς
3250 3657 3357 3712 τῶν
3403 3664 3781 3731 πραγμάτων

2079 3752 2377 3824 μεταϐολῆς
2404 3750 2759 3821 χαυνουμένη,
2794 3744 2928 3803 ἀλλά
2960 3747 3127 3819 ταύτῃ
3161 3747 3355 3817 μᾶλλον
3384 3751 3780 3821 νευρουμένη,

2076 3841 2169 3895 καὶ
2192 3840 2289 3911 τὴν
2321 3840 2522 3907 ἄφατον
2551 3837 2643 3891 τοῦ
2674 3835 2808 3890 Θεοῦ
2835 3836 3154 3905 κηδεμονίαν
3177 3835 3535 3906 λογιζομένη,
3570 3840 3684 3892 καὶ
3706 3842 3779 3903 ὡς

2076 3926 2305 3996 εὐπορος
2332 3926 2408 3978 ὢν
2462 3926 2555 3979 καὶ
2612 3925 2918 3994 εὐμήχανος
2967 3923 3187 3977 δύναται
3229 3924 3321 3975 καὶ
3372 3922 3439 3975 δι’
3491 3924 3779 3980 ἐναντίων

2078 4015 2454 4088 πραγμάτων,
2514 4015 2562 4066 εί
2594 4014 2684 4065 καὶ
2718 4014 2876 4083 ἡμεῖς
2916 4013 3015 4083 τὴν
3064 4012 3267 4084 ἀκριϐῆ
3320 4012 3659 4082 κατάληψιν
3708 4018 3778 4086 μὴ

2078 4102 2349 4174 ίσχύωμεν
2382 4100 2631 4162 συνιδεῖν,
2656 4100 2751 4170 τὴν
2777 4100 2969 4153 ἐαυτοῦ
2993 4098 3317 4170 κηδεμονίαν
3346 4100 3775 4166 ἐπιδείξασθαι.

2147 4197 2219 4255 ς’.
2259 4188 2414 4243 υὺτω
2454 4188 2633 4242 τοίνυν
2665 4189 2881 4243 ἅπαντα
2918 4188 2987 4241 τὰ
3018 4188 3139 4241 καθ’
3177 4188 3323 4259 ήμάς
3354 4191 3775 4260 παραχωροῦνι

2073 4295 2183 4340 τες,
2202 4278 2346 4342 ὅπως
2364 4278 2427 4331 ἂν
2445 4277 2674 4348 φέρηται
2700 4276 2767 4329 τὰ
2796 4277 3113 4347 πράγματα,
3135 4277 3294 4346 ήμεῖς
3322 4275 3377 4327 ’ἐν
3398 4275 3579 4345 μόνον
3610 4279 3775 4351 ἔργον

2074 4364 2309 4435 ἔχωμεν,
2337 4364 2396 4421 τὺ
2421 4363 2683 4435 διηνεκῶς
2717 4362 2865 4433 αὐτῷ
2915 4363 3252 4433 εὐχαριστεῖν
3296 4361 3435 4433 ὑπὲρ
3461 4364 3771 4419 ἁπάντων.

2073 4455 2171 4508 Διά
2197 4453 2305 4526 γὰρ
2340 4452 2497 4506 τοῦτο
2524 4452 2728 4520 λογικοί
2755 4468 2899 4514 τινες
2940 4451 3262 4520 γεγόναμεν,
3294 4450 3387 4503 καὶ
3411 4449 3608 4522 ταύτῃ
3672 4454 3773 4506 τῶν

2072 4544 2282 4612 ἀλόγων
2309 4542 2690 4613 διεστήκαμεν,
2732 4541 2819 4595 ἵνα
2848 4542 2945 4605 τὰς
2968 4540 3238 4609 εὐφημίας
3263 4539 3356 4592 καὶ
3385 4539 3519 4603 τοὺς
3553 4540 3772 4611 ὓμνους

2074 4634 2167 4689 καὶ
2189 4633 2459 4702 διηνεκεῖς
2485 4629 2792 4697 δοξολογίας
2844 4628 3203 4699 ἀναφέρωμεν
3252 4627 3329 4697 τῷ
3357 4626 3465 4679 τῶν
3494 4627 3664 4681 ὅλων
3689 4632 3773 4701 δη-

2076 4718 2343 4791 μιουργῷ.
2374 4718 2470 4771 Διά
2493 4718 2650 4771 τοῦτο
2673 4718 2766 4771 καὶ
2789 4716 2964 4787 ψυχὴν
2991 4719 3121 4787 ἡμῖν
3141 4714 3570 4777 ὲνέπνευσε,καὶ
3592 4718 3772 4785 γλῶσ·

2076 4826 2172 4861 σαν
2200 4807 2510 4878 ἐχαρίσατο,
2553 4806 2639 4858 ἴνα
2657 4804 2765 4857 τῶν
2791 4804 2920 4875 παρ’
2947 4803 3109 4857 αὑτοῦ
3147 4806 3225 4865 εἰς
3246 4804 3389 4873 ἡμᾶς
3412 4802 3773 4873 εὐεργεσιῶν

2072 4898 2150 4958 εἰς
2180 4896 2430 4965 αἴσθησιν
2458 4894 2759 4965 ἐρχόμενοι,
2800 4892 2892 4945 καὶ
2923 4890 3019 4959 τὴν
3042 4890 3354 4942 δεσποτείαν
3375 4892 3773 4955 ἐπιγινώσκει)-

2077 5001 2196 5053 μεν,
2218 4984 2309 5035 καὶ
2329 4983 2427 5051 τὴν
2456 4978 2873 5051 εὐγνωμοσύνην
2901 4975 3050 5049 [εει]
3077 4974 3494 5047 ἐπιδειξώμεθα,
3545 4980 3663 5032 καὶ
3686 4979 3773 5051 τήν

2076 5072 2215 5126 κατά
2252 5070 2478 5141 δύναμιν
2507 5068 2854 5140 εὐχαριστίαν
2880 5066 3237 5135 ἀναφέρωμεν
3265 5062 3341 5133 τῷ
3369 5064 3671 5135 Δεσπότῃ.
3716 5065 3771 5120 ει

2075 5162 2182 5232 γὰρ
2230 5158 2505 5231 ἄνθρωποι
2564 5160 2611 5210 οἱ
2638 5157 2738 5226 τῆς
2765 5155 2934 5225 αὐτῆς
2965 5155 3094 5225 ἡμῖν
3115 5152 3324 5222 φύσεως
3338 5152 3765 5219 κοινωνοῦντες,

2080 5249 2280 5320 μικράν
2310 5265 2428 5299 τινα
2462 5245 2717 5307 πολλάκις
2759 5242 2854 5297 καὶ
2883 5240 3071 5311 εὐτελῆ
3117 5240 3197 5303 είς
3227 5240 3369 5309 ήμᾶς
3421 5238 3766 5310 εὐεργεσίαν

2075 5335 2449 5405 καταθέμενοι.
2477 5331 2766 5385 ἀπαιτοῦσι
2797 5328 2895 5399 τὴν
2927 5329 3065 5398 ὑπὲρ
3090 5320 3164 5379 ὧν
3212 5325 3569 5394 πεπόνθαμεν
3595 5330 3763 5401 εὐχα-

2078 5422 2317 5495 ριστίαν,
2353 5422 2413 5474 οὐ
2443 5420 2530 5474 διὰ
2572 5420 2668 5489 τὴν
2698 5415 2973 5487 ἡμετέραν
3004 5409 3437 5483 εὐγνωμοσύνην,
3501 5410 3632 5463 ἀλλ’
3686 5417 3767 5466 ἵνα

2076 5511 2169 5564 καὶ
2194 5510 2345 5563 αὐτοὶ
2369 5508 2616 5562 ἐντεῦθεν
2648 5504 3012 5575 λαμπρότεροι
3042 5501 3352 5571 φαίνωνται-
3387 5496 3575 5568 πολλῷ
3616 5502 3761 5569 pax.

2075 5599 2164 5652 λον
2193 5599 2283 5651 ἐπὶ
2309 5596 2404 5650 τοῦ
2432 5593 2813 5666 φιλανθρώπου
2834 5591 2968 5645 Θεοῦ
3007 5589 3163 5643 τοῦτο
3202 5586 3371 5640 πλείω
3399 5589 3579 5639 ποιεῖν
3603 5589 3765 5659 ἡμᾶς]

2075 5685 2203 5759 χρὴ,
2234 5684 2329 5739 τοῦ
2353 5684 2439 5739 διὰ
2463 5682 2558 5755 τὴν
2584 5680 2861 5754 ἡμετέραν
2899 5680 3163 5748 ὠφέλειαν
3204 5676 3363 5747 μόνον
3418 5674 3583 5729 τοῦτο
3604 5678 3758 5745 τίνι.
