3760 6262
114 293 235 351 237

84 422 333 495 vestram
381 415 687 491 caritatem,
742 433 801 479 ut
845 427 1095 483 continuo
1144 430 1356 488 beatum
1403 433 1565 489 istum
1616 434 1673 490 in

87 506 363 561 memoria
415 519 591 565 vestra
633 516 865 584 geratis,
917 527 971 573 et
1025 521 1167 577 illius
1205 524 1415 580 virtutis
1449 526 1680 596 pulchri.

84 593 336 651 tudinem
382 598 518 656 bene
565 602 816 671 discatis,
853 624 959 678 quo
995 625 1118 666 eum
1161 593 1462 670 imitemini.
1487 618 1675 673 Anim-

80 683 315 743 adverte
354 690 494 747 enim
516 734 534 759 ,
569 695 827 763 obsecro,
862 710 1094 769 quantus
1127 703 1338 760 virtutis
1390 706 1529 761 illius
1561 709 1677 763 the-

77 790 304 845 saurus,
354 784 476 852 quia
514 801 635 843 cum
690 804 784 858 per
836 799 910 846 tot
952 791 1068 849 dies
1109 794 1178 849 de
1215 796 1307 849 illo
1358 796 1675 854 disserueri-

77 881 228 932 mus,
279 871 510 927 nondum
555 874 711 931 ﬁnem
760 879 1042 950 imponere
1081 885 1375 940 narrationi
1402 887 1671 956 potuimus

76 972 275 1013 eorum
304 978 422 1031 qtue
463 965 526 1018 ad
575 966 718 1022 illum
748 972 993 1026 attinent.
1023 974 1156 1040 Quid
1200 976 1320 1031 dico
1358 976 1517 1033 ﬁnem
1565 979 1669 1034 im-

75 1050 338 1114 ponere?
379 1064 798 1128 quantacumque
841 1060 1165 1130 dixerimus,
1216 1080 1319 1120 non
1379 1068 1670 1135 poterimus

71 1137 145 1189 ad
170 1140 384 1195 culmen
405 1145 702 1215 pertingere
734 1168 747 1203 :
778 1151 871 1204 sed
902 1154 1140 1221 quamvis
1161 1163 1213 1210 et
1243 1170 1339 1211 nos
1367 1166 1422 1212 et
1444 1159 1664 1226 posteri,

72 1231 251 1284 multa
284 1232 350 1287 de
378 1232 468 1290 illo
497 1236 673 1293 dicere
702 1241 991 1309 valeamus,
1049 1261 1152 1299 non
1201 1257 1373 1303 tamen
1412 1248 1477 1302 ad
1508 1248 1667 1305 ﬁnem

72 1324 369 1388 pervenire
398 1328 686 1394 poterimus
719 1349 732 1385 :
767 1341 907 1387 tanta
950 1351 1035 1390 res
1077 1346 1160 1393 est
1208 1339 1392 1394 virtus.
1442 1339 1497 1396 Si
1526 1342 1665 1397 enim

72 1412 409 1470 voluerimus
430 1457 447 1479 ,
503 1421 691 1488 poterit
720 1421 803 1477 hic
828 1425 1127 1481 universam
1157 1440 1388 1484 nostram
1426 1440 1663 1487 naturam

71 1498 361 1558 instituere
391 1507 429 1570 ί,
457 1516 509 1561 et
532 1508 599 1562 ad
628 1510 834 1566 virtutis
862 1513 1207 1570 imitationem
1235 1518 1500 1575 inducere.
1531 1520 1661 1576 Nam

69 1590 116 1643 si
146 1591 239 1646 ille
268 1593 405 1649 inter
433 1607 508 1650 tot
539 1598 811 1669 improbos
849 1620 1066 1659 versans
1089 1647 1105 1671 ,
1135 1622 1304 1678 neque
1340 1609 1539 1665 habens
1581 1612 1661 1666 fa-

71 1684 348 1741 miliarem
376 1687 627 1760 aliquem,
677 1694 728 1748 in
759 1703 961 1751 tantum
990 1698 1200 1753 virtutis
1229 1701 1491 1772 fastigium
1538 1720 1658 1774 per-

67 1781 289 1835 venisse
320 1782 561 1840 inventus
587 1796 666 1842 est
698 1804 711 1841 :
745 1805 863 1857 quae
890 1801 1071 1846 nostra
1096 1794 1198 1847 erit
1225 1798 1515 1860 excusatio,
1537 1811 1658 1853 cum

67 1883 174 1924 nec
201 1870 325 1926 talia
357 1875 508 1929 nobis
533 1876 639 1930 sint
668 1877 1065 1948 impedimenta,
1092 1891 1146 1937 et
1173 1891 1347 1938 tamen
1386 1886 1658 1956 negligen-

66 1971 156 2016 tes
194 1965 368 2018 simus
422 1968 489 2021 ad
539 1968 676 2023 bona
732 1973 933 2040 Opera?
966 1972 1101 2029 Nolo
1152 1975 1295 2030 enim
1339 1976 1483 2032 dicas
1529 1978 1659 2034 mihi

62 2052 242 2107 solam
274 2055 415 2111 illam
458 2060 867 2130 quingentorum
905 2078 1165 2121 annorum
1209 2068 1393 2132 vitam,
1445 2071 1657 2139 quando

59 2144 499 2202 subsannabatur
566 2159 621 2205 et
686 2153 1038 2223 irridebatur,
1122 2160 1532 2232 versabaturque
1600 2164 1653 2220 in

62 2235 251 2289 medio
300 2238 678 2309 ﬂagitiosorum
727 2261 742 2299 :
789 2244 884 2299 sed
935 2254 990 2301 et
1026 2261 1222 2303 annum
1274 2250 1442 2316 illum,
1494 2268 1653 2323 quem

70 2336 248 2381 totum
297 2329 350 2382 in
402 2345 524 2386 arca
569 2335 839 2405 transegit,
884 2337 970 2404 qui
999 2350 1126 2391 sane
1150 2337 1501 2396 conferendas
1526 2344 1651 2397 mihi

62 2420 289 2475 videtur
338 2423 432 2477 tuti
481 2425 704 2494 tempori
745 2427 1005 2496 superiori
1035 2444 1051 2481 :
1085 2437 1280 2484 tantam
1317 2430 1386 2486 ibi
1415 2431 1655 2489 afﬂictio-

60 2527 188 2567 nem
246 2512 385 2569 ferre
425 2519 713 2587 cogebatur
742 2518 918 2587 justus
962 2519 1080 2587 ille,
1128 2522 1181 2575 in
1222 2522 1384 2578 tantis
1431 2539 1651 2581 versans

55 2603 347 2673 angustiis,
398 2620 569 2676 neque
608 2609 871 2678 respirare
894 2611 1097 2676 valens,
1127 2622 1182 2667 et
1210 2613 1438 2668 ferarum
1469 2614 1650 2670 bruto-

54 2709 292 2765 rumque
318 2697 614 2752 convictmn
648 2697 825 2755 ferens
853 2717 870 2755 :
896 2702 985 2771 qui
1006 2710 1059 2757 et
1079 2703 1133 2757 in
1156 2704 1401 2759 omnibus
1416 2714 1647 2761 mentem

54 2799 212 2838 suam
261 2785 485 2840 solidam
529 2786 852 2855 declarabat,
901 2800 955 2845 et
1002 2791 1323 2848 voluntatem
1367 2792 1506 2849 ﬂecti
1551 2810 1647 2851 ne-

52 2878 249 2944 sciam,
304 2887 361 2933 et
400 2878 557 2934 ﬁdem
609 2896 733 2951 erga
765 2881 949 2948 Deum,
982 2899 1076 2954 per
1101 2900 1258 2955 quam
1289 2880 1451 2942 facile
1479 2897 1529 2943 et
1561 2886 1641 2944 le-

50 2968 194 3023 viter
238 2970 415 3022 omnia
453 2972 766 3026 sustinebat.
803 2975 976 3045 Atque
1006 2975 1223 3042 idcirco,
1255 2978 1501 3047 quoniam
1529 2996 1648 3050 qua:

50 3070 144 3110 sua
176 3068 336 3113 erant
363 3060 536 3115 omnia
563 3062 841 3129 atl'erehat,
887 3078 1074 3120 eorum
1117 3066 1276 3121 etiam
1314 3084 1433 3138 quze
1478 3085 1508 3123 a
1538 3072 1644 3126 Deo

51 3156 232 3222 erant,
255 3148 470 3205 abunde
499 3154 695 3221 potitus
713 3162 814 3209 est.
837 3154 1088 3222 Quamvis
1115 3158 1255 3212 enim
1285 3159 1504 3214 multam
1536 3160 1643 3216 fer-

50 3250 132 3294 ret
162 3219 218 3294 ib
245 3257 373 3296 arca
401 3219 717 3314 angustiam,
761 3219 992 3301 attamen
1026 3249 1314 3305 terribilem
1357 3259 1642 3322 tempesta-

48 3341 153 3387 tem
182 3344 239 3389 et
269 3349 611 3392 communem
639 3339 872 3393 omnium
901 3339 1316 3396 internecionem
1336 3342 1637 3414 eﬁ‘ugiebat.

45 3421 112 3477 Et
158 3434 449 3496 propterea
491 3436 611 3497 post
647 3430 943 3498 angustiam
989 3430 1135 3485 illam
1176 3442 1229 3486 et
1255 3432 1639 3491 intolerabilem

45 3530 344 3583 carcerem,
390 3519 727 3575 securitatem
774 3530 828 3575 et
869 3521 1101 3592 quietem
1154 3522 1375 3593 adeptus
1413 3536 1493 3581 est
1534 3543 1638 3584 una

42 3623 161 3663 cum
193 3609 377 3665 divina
406 3610 812 3680 benedictione;
847 3615 1144 3686 iterumque
1177 3629 1383 3687 gratum
1404 3620 1636 3676 animum

42 3702 300 3771 operibus
338 3703 611 3772 indicavit,
653 3715 709 3761 et
756 3706 951 3777 ubique
1007 3708 1244 3765 invenies
1286 3711 1430 3764 illum
1467 3712 1636 3782 prima

42 3795 359 3852 contulisse.
400 3797 531 3852 Nam
580 3798 718 3854 sicut
762 3800 812 3854 in
854 3800 1021 3871 prima
1048 3812 1205 3857 aetate
1233 3816 1444 3858 onmem
1471 3804 1635 3860 virtu-

42 3896 145 3940 tem
174 3896 416 3942 sectatus
444 3897 545 3953 est,
593 3900 645 3945 et
672 3905 701 3944 a
730 3891 871 3946 vitiis
908 3906 966 3947 se
995 3893 1264 3957 alienavit,
1309 3894 1499 3965 quibus
1538 3897 1627 3967 qui

43 3989 165 4035 tunc
213 3980 482 4046 vivebant,
537 3980 714 4036 infecti
742 3991 895 4037 erant
926 4000 943 4038 :
976 3983 1116 4038 unde
1154 3999 1327 4054 neque
1357 4001 1631 4055 pmnarum

41 4073 313 4143 particeps
359 4072 478 4140 fuit,
519 4082 721 4129 etcum
768 4073 859 4129 alii
904 4090 1092 4131 omnes
1140 4077 1628 4148 submergerentur,

40 4164 151 4232 ipse
200 4165 354 4220 solus
399 4176 639 4221 servatus
682 4174 804 4221 est:
839 4167 909 4221 ita
940 4182 1123 4221 rursus
1149 4169 1271 4237 quia
1312 4168 1467 4223 ﬁdem
1498 4185 1630 4239 quo-

38 4270 141 4321 que
189 4255 411 4320 habuit,
459 4266 513 4311 et
554 4271 674 4311 cum
698 4257 985 4326 gratiarum
1015 4258 1222 4313 actione
1252 4274 1400 4313 suam
1426 4260 1480 4313 in
1506 4274 1628 4315 arca

38 4344 424 4400 habitationem
470 4348 621 4413 tulit,
666 4348 852 4404 iterum
892 4348 1067 4403 divina
1110 4349 1247 4404 dona
1294 4350 1507 4420 cepiose
1553 4352 1625 4406 illi

34 4453 298 4493 concessa
330 4447 489 4504 sunt,
530 4446 584 4493 et
620 4455 740 4495 cum
782 4455 1030 4511 egressus
1069 4457 1134 4495 ex
1161 4456 1302 4507 arca,
1348 4446 1482 4496 etin
1519 4444 1627 4513 pri-

33 4530 229 4583 stinum
256 4539 457 4584 statum
484 4531 757 4585 restitutus
784 4542 958 4596 esset,
987 4534 1163 4588 statim
1190 4534 1611 4591 benedictionem

30 4628 396 4690 consequutus
425 4629 528 4685 est,
564 4630 618 4675 et
665 4622 853 4676 iterum
893 4624 1100 4677 solitam
1127 4640 1233 4693 pra:
1261 4640 1320 4679 se
1352 4625 1621 4696 tulitgrati

30 4710 191 4764 animi
214 4711 557 4781 probitatem,
587 4713 883 4784 emissaque
910 4715 1196 4784 gratiarum
1224 4717 1431 4771 actione
1459 4717 1619 4771 etiam

30 4811 154 4857 tunc
185 4802 483 4871 majoribus
513 4802 784 4858 beneﬁciis
809 4819 837 4857 a
882 4804 1000 4859 Ded
1031 4805 1326 4860 cumulatus
1364 4816 1465 4861 est.
1508 4808 1621 4865 Mos

30 4896 171 4948 enim
221 4895 320 4949 Dei
358 4904 462 4959 est,
506 4904 567 4949 ut
613 4897 657 4950 si
687 4911 784 4950 nos
815 4897 987 4951 tenuia
1017 4899 1255 4968 quaedam
1286 4910 1339 4955 et
1365 4901 1484 4954 vilia
1515 4902 1617 4957 ob-

31 4986 343 5045 tulerimus.
378 4987 473 5042 sed
517 4998 694 5043 tamen
719 4989 1087 5057 obtulerimus,
1115 4994 1277 5047 multa
1305 4993 1617 5051 liberalitate

31 5094 121 5132 nos
150 5088 483 5134 remuneret.
531 5078 598 5134 Et
622 5087 680 5135 ut
708 5080 882 5136 diseas
908 5092 1101 5152 quanta
1144 5083 1212 5137 sit
1263 5083 1491 5139 humana
1535 5097 1616 5142 te-

30 5171 220 5236 nuitas,
278 5180 475 5240 quanta
526 5171 616 5227 Dei
657 5172 1065 5244 magniﬁcentia,
1113 5174 1201 5229 hic
1239 5186 1468 5232 mentem
1517 5178 1614 5233 ad-

30 5261 168 5318 hibe.
224 5263 340 5318 Nos
366 5263 508 5318 enim
535 5265 579 5319 si
609 5264 736 5334 quid
761 5266 1085 5321 voluerimus
1109 5267 1319 5335 offerre,
1347 5270 1471 5340 quid
1501 5288 1614 5326 am-

30 5356 159 5420 plius
187 5355 393 5409 offerre
423 5371 728 5425 possumus,
773 5373 928 5428 quam
968 5370 1219 5429 quantum
1276 5361 1451 5417 verbis
1492 5379 1614 5435 gra—

29 5446 121 5497 tias
170 5446 503 5501 rel’erimus?
533 5447 605 5500 Ea
645 5462 774 5503 sane
822 5465 940 5517 qure
994 5449 1107 5519 ipse
1151 5450 1400 5520 exhibet,
1450 5469 1611 5524 opere

0 5538 173 5596 nobis
222 5546 461 5609 prastat.
505 5538 672 5607 Quam
720 5540 939 5610 imparia
983 5551 1161 5596 autem
1200 5553 1322 5597 sunt
1364 5544 1520 5600 verba
1554 5554 1611 5601 et

84 5695 100 5725 ¹
137 5695 268 5744 ιςυηὶ
302 5701 433 5753 κει,
458 5693 649 5761 siquia:
683 5694 989 5761 uoluerimus,
1033 5697 1294 5761 poterimus
1337 5699 1605 5753 redieram:

26 5764 246 5808 amaram
268 5763 482 5809 nostram
504 5756 584 5821 sic
600 5757 863 5810 instituere.

1121 311 1186 367 IN
1225 312 1373 370 CAP.
1417 314 1544 370 \‘lll.
1590 318 1835 377 GENES.
1878 324 2101 386 llOMlL.
2147 334 2332 392 XXVI.

3254 360 3357 415 $53

1786 444 1987 511 opera?
2025 457 2077 502 et
2108 450 2357 508 Dominus
2385 457 2643 513 nullarum
2671 476 2845 517 rerum
2878 466 3085 539 indigus
3112 482 3214 536 est,
3244 476 3358 527 nul-

1784 532 1940 604 laque
1988 554 2167 596 rerum
2206 556 2504 603 nostrarum
2551 562 2690 621 eget,
2744 565 3093 627 prmterquam
3133 562 3355 621 verbis:

1781 634 1938 695 atque
1965 626 2101 685 hanc
2121 632 2285 703 ipsam
2313 639 2486 694 verbis
2512 644 2768 710 prolatam
2793 626 3077 720 gratiarum
3096 654 3356 711 actionem

1780 715 1959 785 exigit,
2010 734 2115 775 non
2156 725 2297 792 quod
2350 742 2411 781 ea
2458 729 2571 799 ipse
2613 749 2746 802 opus
2792 715 3000 800 habeat.
3034 742 3126 796 sed
3160 753 3215 798 ut
3260 762 3355 800 nos

1778 804 1965 862 doceat
2002 822 2179 880 gratos
2223 830 2364 879 esse,
2404 828 2457 874 et
2486 836 2775 892 agnoscere
2802 838 3065 886 tantorum
3096 833 3355 892 bonorum

1776 901 2247 968 suppeditatorem.
2300 911 2363 964 Et
2412 912 2553 968 illam
2583 917 2651 970 ob
2681 934 2889 974 causam
2924 924 3115 980 Paulus
3144 943 3353 998 quoque

1779 991 2014 1048 scribens
2041 994 2249 1053 dicebat
2280 1023 2296 1055 .-
2325 1001 2472 1057 Grati
2496 1018 2649 1062 estote
2694 1009 2911 1081 (colas.
2951 1018 3001 1072 5.
3034 1019 3103 1073 is
3123 991 3174 1087 ).“
3205 991 3353 1076 Num

1773 1082 1915 1136 enim
1960 1086 2037 1141 sic
2063 1090 2280 1158 requirit
2314 1108 2343 1147 a
2383 1096 2534 1152 nobis
2575 1100 2844 1169 Dominus,
2888 1107 3118 1165 utistud
3158 1110 3350 1180 ipsum.

1774 1172 2001 1231 Proinde
2045 1194 2112 1234 ne
2156 1183 2325 1240 simus
2354 1188 2564 1258 ingrati,
2614 1207 2784 1261 neque
2810 1182 2945 1261 dum
2965 1214 3020 1252 re
3049 1199 3158 1269 ipsa
3192 1201 3354 1257 bene-

1771 1262 1887 1318 ﬁcia
1937 1270 2268 1340 experimur,
2342 1292 2628 1346 gravenmr
2666 1283 2856 1341 oll‘erre
2899 1288 3122 1346 Domino
3172 1293 3349 1347 verbis

1769 1358 1965 1413 nostris
1990 1363 2275 1429 gratiarum
2326 1370 2585 1426 actionem
2622 1391 2634 1426 :
2666 1374 2855 1430 itermu
2880 1378 3021 1444 enim
3048 1382 3252 1437 lucrum
3294 1385 3345 1437 in

1768 1459 1867 1500 nos
1895 1448 2169 1507 redundat.
2195 1452 2345 1521 Quod
2372 1458 2415 1512 si
2443 1459 2509 1513 de
2532 1462 2713 1530 primis
2737 1466 2872 1535 grati
2899 1466 3175 1537 fuerimus,
3217 1488 3347 1541 pra:-

1769 1542 2004 1607 terquam
2043 1543 2184 1611 quod
2224 1546 2425 1613 majora
2467 1552 2838 1620 nanciscimur,
2906 1558 3063 1612 etiam
3098 1560 3344 1618 ﬁduciam

1766 1627 1918 1682 nobis
1960 1646 2201 1700 magnam
2248 1650 2635 1707 comparamus.
2672 1643 2841 1700 Unum
2896 1647 3032 1716 hoc,
3086 1651 3342 1720 obsecro,

1763 1716 1984 1786 singulis
2025 1721 2210 1778 diebus
2241 1734 2297 1781 et
2324 1726 2490 1795 horis,
2544 1732 2587 1785 si
2626 1731 2736 1787 ﬁeri
2777 1746 2971 1805 potest,
3004 1716 3347 1810 supputemus

1763 1808 2060 1876 nobiscum,
2111 1830 2216 1869 non
2260 1820 2556 1875 communia
2587 1830 2789 1878 tantum
2818 1808 3219 1902 beneﬁcia—qua:
3253 1836 3343 1888 toti

1763 1910 1964 1959 natura;
2008 1909 2242 1965 omnium
2279 1909 2462 1981 Opifex
2507 1916 2763 1985 contulit,
2808 1919 2901 1975 sed
2947 1930 3001 1976 et
3040 1925 3243 1993 privata
3290 1937 3340 1981 et

1760 1993 2084 2060 quotidiana.
2436 2056 2439 2059 λ
3078 2064 3083 2071 ,
3222 2070 3225 2071 ν

1829 2080 2084 2154 Beneﬁcia
2121 2087 2257 2144 Dens
2297 2093 2438 2148 nobis
2465 2097 2679 2166 confert,
2708 2101 2854 2155 etiam
2884 2105 3083 2159 nesciis.
3110 2137 3181 2169 τ-
3200 2109 3335 2174 Quid

1758 2173 1878 2229 dico
1925 2178 2122 2245 privata
2153 2190 2206 2236 et
2234 2178 2581 2253 quotidiana?
2613 2190 2783 2246 Etiam
2808 2209 2869 2247 ea
2896 2211 3012 2264 qua:
3049 2173 3339 2268 ignoranti-

1759 2262 1856 2319 bus
1881 2266 2031 2322 nobis
2059 2269 2282 2337 confert,
2314 2289 2511 2346 proque
2550 2278 2629 2333 his
2657 2283 2852 2350 gratias
2895 2262 3133 2355 agamus.
3158 2289 3339 2356 Quart-

1756 2352 2039 2425 doquidem
2068 2361 2209 2415 enim
2237 2379 2330 2433 pro
2358 2366 2526 2422 salute
2553 2380 2731 2424 nostra
2757 2352 3012 2430 sollicitus
3038 2387 3138 2443 est,
3173 2379 3335 2434 multa

1757 2447 1912 2501 etiam
1944 2449 1995 2502 in
2036 2465 2132 2507 nos
2163 2455 2370 2511 nescios
2414 2457 2668 2515 beneﬁcia
2706 2463 2942 2531 certiert,
2987 2481 3131 2538 smpe
3173 2473 3333 2526 etiam

1755 2552 1785 2592 e
1815 2540 2063 2608 periculis
2088 2543 2266 2614 eripit,
2294 2557 2453 2618 atque
2489 2551 2589 2605 alia
2624 2553 2879 2610 benelieia
2909 2570 3141 2628 praestat.
3192 2562 3335 2620 Fons

1752 2632 1893 2685 enim
1923 2643 2003 2688 est
2042 2634 2362 2707 clementius,
2394 2656 2488 2697 sua
2518 2642 2712 2700 ﬂuenta
2738 2661 2949 2719 semper
2975 2634 3208 2709 humano
3236 2671 3331 2727 ge-

1752 2724 1868 2779 neri
1909 2727 2251 2796 prol‘undens.
2285 2733 2445 2804 Igitur
2484 2734 2685 2808 si'lttec
2726 2744 3036 2813 cogitemus,
3082 2724 3330 2817 operam-

1750 2830 1853 2886 que
1881 2817 2067 2875 demus
2094 2832 2152 2877 ut
2180 2833 2234 2880 et
2263 2841 2358 2897 pro
2387 2829 2572 2897 primis
2621 2833 2731 2887 suis
2762 2834 2916 2890 donis
2951 2839 3149 2908 gratias
3187 2840 3323 2896 otl‘e-

1750 2924 1928 2966 ramus
1977 2913 2221 2983 Domino,
2274 2927 2328 2973 et
2360 2935 2455 2989 pro
2485 2920 2671 2976 futuris
2698 2924 2777 2980 sic
2805 2941 2901 2980 nos
2932 2943 3288 2996 prmparemus
3309 2975 3324 2997 ,

1750 3010 1808 3056 ut
1836 3016 1939 3058 non
1970 3004 2238 3063 videamur
2277 3010 2475 3082 indigni
2501 3013 2614 3083 ejus
2640 3014 2926 3084 beneﬁciis,
2956 3024 3133 3078 sxatim
3163 3024 3320 3079 vitam

1747 3095 2010 3164 egregiam
2059 3098 2352 3170 instituere,
2406 3112 2461 3158 et
2508 3106 2723 3162 malitiae
2766 3110 3053 3178 periculum
3092 3114 3325 3186 etl'ugere

1747 3185 2057 3253 poterimus.
2092 3189 2469 3248 Beneﬁciorum
2500 3197 2641 3250 enim
2676 3201 2931 3255 memoria
2955 3201 3141 3258 idonea
3172 3185 3326 3263 nobis

1747 3286 1829 3330 est
1857 3280 2104 3349 magistra
2135 3283 2200 3336 ad
2228 3285 2388 3340 vitam
2435 3288 2626 3343 virtute
2662 3291 2958 3361 prteditam,
3012 3312 3117 3352 non
3142 3299 3324 3356 siueus

1742 3380 1843 3423 nos
1870 3368 1920 3424 in
1941 3380 2204 3442 torporem
2232 3376 2656 3451 oblivionemquc
2676 3382 2931 3452 incidere,
2958 3396 3012 3443 et
3039 3388 3102 3443 ad
3125 3390 3321 3446 malum

1742 3459 2026 3519 declinare.
2074 3465 2220 3521 Mens
2247 3468 2387 3524 enim
2415 3470 2591 3526 sobria
2620 3480 2676 3528 et
2711 3474 2952 3544 vigilans,
3002 3494 3106 3533 non
3136 3480 3311 3534 solum
3358 3527 3367 3541 ,

1740 3565 1859 3609 cum
1880 3554 2103 3612 feliciter
2126 3573 2212 3612 res
2246 3560 2558 3629 succedunt,
2588 3564 2682 3619 sed
2711 3567 2869 3621 etiam
2891 3569 3101 3639 quando
3125 3582 3318 3640 prauer

1739 3646 2053 3700 sententiam
2104 3658 2341 3705 nostram
2386 3652 2607 3708 adversa
2653 3657 2938 3722 eveniunt,
2992 3676 3097 3716 non
3144 3662 3318 3719 minus

1738 3734 1933 3803 gratias
1961 3736 2088 3807 agit,
2125 3738 2398 3810 nihiloque
2432 3757 2498 3798 ex
2530 3760 2707 3799 rerum
2737 3747 3102 3805 vicissitudine
3125 3754 3312 3807 remis-

1737 3823 1847 3877 sior
1889 3824 1946 3879 ﬁt
1989 3843 2002 3878 :
2045 3827 2139 3883 sed
2184 3832 2352 3901 magis
2393 3832 2709 3903 roboratur,
2761 3846 2815 3892 et
2854 3839 3172 3898 ineliabilem
3213 3843 3311 3901 Dei

1736 3916 2115 3985 providentiam
2137 3921 2455 3990 considerat,
2478 3926 2565 3995 qui
2595 3942 2715 3982 cum
2742 3929 2811 3983 sit
2832 3929 2981 3986 dives
2998 3941 3054 3989 et
3076 3934 3311 4006 sapiens,

1734 4007 1892 4060 etiam
1926 4023 2019 4076 per
2040 4025 2126 4065 res
2150 4010 2400 4068 adversas
2418 4054 2435 4080 ,
2487 4018 2728 4086 quamvis
2749 4018 2850 4074 hoc
2880 4021 3176 4093 intelligere
3204 4040 3311 4080 non

1733 4099 2020 4169 possimus,
2065 4118 2215 4158 suam
2245 4105 2518 4164 declarare
2547 4118 2720 4178 potest
2749 4114 3150 4181 providentiam.

1803 4191 1856 4247 6.
1900 4190 2114 4249 Herulis
2154 4197 2458 4253 exhortatio.
2513 4230 2585 4241 —
2625 4200 2790 4273 Igitur
2811 4204 2889 4260 sic
2912 4214 2966 4259 et
2994 4223 3091 4261 nos
3130 4210 3308 4264 omnia

1731 4294 1911 4341 nostra
1955 4286 2245 4353 faciamus,
2294 4299 2355 4345 ut
2412 4292 2865 4367 qualitercumque
2904 4297 3128 4366 cadant,
3193 4301 3309 4355 uni-

1729 4390 1848 4431 cum
1872 4388 2108 4434 nostrum
2134 4394 2265 4450 opus
2292 4381 2359 4436 sit
2386 4384 2637 4440 continuo
2664 4402 2759 4456 pro
2788 4388 2890 4443 illis
2910 4392 3102 4460 gratias
3125 4406 3302 4463 agere.

1728 4466 1953 4537 Propter
1981 4469 2079 4525 hoc
2125 4473 2266 4526 enim
2298 4474 2584 4530 rationales
2612 4470 2734 4533 facti
2763 4494 2967 4548 sumus,
2993 4490 3050 4539 et
3077 4498 3104 4536 a
3134 4484 3305 4545 brutis

1726 4558 2036 4626 diﬂ‘erimus,
2083 4572 2140 4617 ut
2182 4562 2453 4621 laudemus
2478 4608 2493 4634 ,
2529 4568 2893 4637 celebremus,
2945 4574 3298 4643 gloriﬁcemus

1721 4650 1917 4720 jugiter
1948 4651 2228 4708 Dominum
2259 4656 2493 4712 omnium
2524 4659 2873 4717 conditorem.
2912 4662 3205 4736 Eaproptcr
3247 4676 3303 4722 et

1725 4742 1954 4796 animam
1999 4744 2152 4799 nobis
2185 4747 2479 4816 inspiravit,
2526 4762 2580 4805 et
2620 4751 2848 4823 linguam
2896 4748 3062 4824 dedit,
3104 4768 3161 4813 ut
3183 4759 3297 4828 ejus

1725 4831 1776 4885 in
1810 4848 1907 4887 nos
1939 4833 2191 4890 beneﬁcia
2219 4852 2378 4892 sensu
2404 4841 2775 4911 pereipientes,
2805 4843 3096 4901 dominium
3130 4864 3296 4919 agno-

1722 4938 1952 4988 scamus,
1982 4936 2035 4980 et
2077 4942 2173 4982 nos
2211 4940 2392 4999 gratos
2438 4931 2807 4998 cxhibeamus,
2854 4950 2917 4989 ac
2964 4952 3058 5007 pro
3097 4939 3294 4993 viribus

1724 5015 1945 5071 Domino
1981 5019 2177 5087 gratias
2222 5035 2459 5089 agamus.
2506 5020 2636 5075 Nam
2686 5023 2729 5076 si
2778 5024 3046 5091 homines,
3104 5029 3294 5097 quibus

1719 5109 1904 5164 eadem
1931 5119 2011 5165 est
2041 5119 2224 5166 natura
2253 5113 2546 5175 nobiscum,
2594 5128 2714 5167 cum
2756 5129 2976 5183 parvum
3010 5118 3293 5188 aliquando

1670 5214 1677 5223 ‘
1717 5216 1780 5256 ac
1808 5202 1911 5263 vile
1937 5204 2089 5258 nobis
2122 5203 2433 5258 beneﬁcium
2461 5205 2817 5273 praestiterint,
2843 5207 3055 5275 exigunt
3080 5223 3109 5262 a
3141 5211 3291 5264 nobis

1716 5294 2004 5363 gratiarum
2035 5294 2317 5358 actionem,
2358 5308 2462 5347 non
2511 5292 2651 5364 quod
2682 5304 2916 5349 nostrum
2956 5308 3143 5352 curent
3170 5314 3282 5369 grac

1719 5394 1826 5439 tum
1875 5386 2145 5449 animum,
2185 5383 2279 5438 sed
2335 5392 2391 5436 ut
2446 5383 2547 5452 ipsi
2592 5382 2712 5438 inde
2753 5384 3285 5459 celebriores‘ﬁant:

1714 5486 1911 5547 quanto
1950 5477 2115 5547 magis
2157 5475 2209 5530 id
2245 5474 2396 5529 nobis
2426 5474 2719 5530 faciendum
2760 5476 2813 5531 in
2864 5478 2924 5531 iis
2961 5495 3078 5550 qua:
3116 5497 3145 5535 a
3176 5482 3286 5537 Deo

1712 5570 2047 5638 accepimus,
2097 5568 2184 5637 qui
2239 5566 2341 5621 hoc
2383 5568 2553 5620 solum
2604 5567 2674 5621 ob
2725 5579 2959 5624 uestram
3007 5574 3280 5628 utilitatem

1712 5661 1825 5715 vult
1860 5660 2015 5715 ﬁeri?
2068 5658 2199 5713 Nam
2244 5657 2381 5713 sicut
2428 5673 2546 5711 cum
2591 5659 2725 5727 grati
2753 5674 2933 5716 sumus
2960 5662 3279 5733 hominibus,

1708 5753 1798 5825 qui
1839 5752 1990 5809 nobis
2030 5750 2444 5816 benefecerunt,
2513 5748 2631 5805 illos
2674 5750 2927 5808 clariores
2968 5753 3271 5818 reddimus;
