3804 6306
453 371 561 429 9.739

460 480 527 530 ita
569 486 629 532 et
679 476 723 532 si
766 476 820 531 in
868 474 1147 544 benignum
1198 473 1360 526 Dettm
1402 470 1656 526 fuerimus
1696 471 1868 541 grati,
1927 480 2025 523 nos

461 583 602 637 lpSOS
640 567 957 622 illustriores
1003 563 1265 628 facimus;
1306 563 1553 631 quoniam
1605 575 1709 615 non
1757 568 1819 613 ut
1851 560 2029 613 nostra

460 659 814 715 celebratione
858 670 996 725 opus
1039 654 1260 720 habens,
1313 652 1414 708 hoc
1460 652 1571 706 ﬁeri
1616 652 1729 706 vult
1768 668 1781 705 :
1825 649 1919 705 sed
1970 656 2029 704 ut

458 748 708 820 quidquid
758 748 809 802 id
853 746 993 801 lucri
1042 754 1146 811 est,
1178 746 1367 800 iterum
1405 744 1471 799 ad
1506 757 1604 798 nos
1646 743 1845 808 redeat,
1868 750 1924 796 et
1942 741 2027 796 di-

451 855 587 909 gnos
615 836 869 893 faciamus
898 853 992 891 nos
1025 838 1169 906 ipsos
1211 836 1499 907 majoribus
1536 835 1803 890 subsidiis.
1832 832 2028 901 Quam;

455 933 534 987 vis
576 941 748 986 autem
796 945 903 985 non
949 932 1213 999 possimus
1256 928 1304 984 id
1342 928 1534 994 facere,
1580 936 1639 982 ut
1663 928 1877 997 dignum
1906 934 2025 982 est:

452 1025 539 1092 qui
586 1024 723 1078 enim
766 1021 866 1080 hoc
914 1022 1029 1076 ﬁeri
1062 1030 1260 1092 posset,
1311 1036 1430 1075 cum
1478 1030 1584 1075 tam
1618 1018 1783 1089 fragili
1823 1028 2026 1075 natura!

448 1116 645 1184 alligati
698 1113 902 1169 simus?
959 1122 1013 1167 et
1058 1112 1182 1182 quid
1231 1113 1349 1167 dico
1403 1113 1682 1166 humanam
1742 1108 2026 1165 naturami?

448 1207 628 1275 Neque
687 1207 813 1276 ipsae
861 1206 1185 1275 incorporea:
1231 1214 1285 1260 et
1330 1203 1622 1258 invisibiles
1662 1202 1915 1266 virtutes,
1969 1209 2024 1258 et

449 1297 769 1367 principatus
795 1304 849 1351 et
880 1305 1163 1365 potestates
1180 1338 1194 1361 ,
1221 1303 1274 1349 et
1300 1294 1610 1359 Cherubim,
1638 1300 1690 1347 et
1718 1291 2016 1361 Serapltim,

447 1396 505 1442 ut
555 1388 769 1458 dignum
818 1398 928 1454 est,
997 1388 1267 1443 celebrare
1334 1386 1480 1441 illum
1532 1396 1773 1455 possunt,
1815 1384 2023 1439 etiamsi

446 1492 544 1551 pro
568 1480 764 1535 viribus
791 1480 1010 1551 gloriam
1040 1480 1111 1533 illi
1143 1478 1365 1534 offerant
1401 1494 1415 1534 :
1456 1476 1798 1531 nihilominus
1820 1475 2021 1545 justum

447 1572 604 1628 fuerit
651 1589 747 1644 pro
797 1573 999 1627 viribus
1045 1573 1328 1643 gratiarum
1372 1571 1631 1626 actionem
1687 1568 1915 1634 offerre,
1964 1564 2019 1621 et

444 1664 810 1719 indesinenter
858 1663 1131 1719 celebrare
1181 1663 1460 1717 Dominum
1514 1670 1772 1726 nostrum,
1828 1668 1883 1714 et
1929 1672 2022 1729 per

440 1755 657 1811 landum
689 1769 867 1820 voces,
914 1762 968 1809 et
1004 1764 1098 1824 per
1117 1755 1278 1809 vitam
1319 1754 1593 1822 optimam.
1639 1750 1740 1805 ista
1770 1750 1910 1805 enim
1938 1756 2021 1804 est

444 1845 741 1901 clarissima
772 1844 862 1899 Dei
885 1843 1191 1909 celebratio,
1221 1842 1432 1913 quando
1462 1857 1555 1911 per
1585 1842 1889 1895 innumeras
1911 1839 2014 1894 lin-

446 1951 573 2005 guas
597 1936 820 2007 gloriam
868 1935 967 2005 ipsi
1004 1934 1293 1989 oilerimus.
1342 1932 1472 1989 Nam
1521 1931 1609 2003 qui
1650 1933 1843 1987 virtute
1884 1945 2020 2001 pra:-

446 2029 589 2084 ditus
630 2035 732 2094 est,
780 2028 830 2082 id
870 2027 1034 2082 efﬁcit
1072 2034 1131 2082 ut
1171 2041 1378 2088 omnes,
1426 2026 1515 2094 qui
1561 2025 1833 2080 intuentur
1872 2037 2015 2089 eum,

446 2123 724 2177 Dominum
775 2120 891 2191 ejus
941 2119 1198 2175 laudent:
1230 2128 1284 2174 et
1328 2117 1614 2174 celebratio
1658 2118 1771 2169 lure
1812 2113 1882 2181 ei,
1929 2115 2017 2185 qni

443 2208 776 2268 occasionem
838 2210 1092 2281 praebuit,
1160 2224 1402 2279 magnam
1452 2218 1504 2262 et
1547 2203 1864 2261 ineffabilem
1923 2204 2020 2260 Dei

444 2300 863 2357 benevolentiam
909 2302 1174 2356 conciliat.
1230 2299 1365 2367 Quid
1422 2300 1576 2369 igitur
1618 2298 1771 2352 nobis
1812 2296 2017 2353 beatius

442 2396 607 2459 foret,
656 2395 699 2449 si
750 2411 852 2449 non
903 2394 1071 2449 solum
1118 2393 1312 2448 uoSIris
1355 2392 1544 2462 linguis
1602 2390 1795 2445 bonum
1849 2390 2013 2445 Deum

434 2486 607 2556 gloria
657 2484 1024 2551 afﬁceremus,
1093 2484 1184 2540 sed
1238 2494 1291 2538 ct
1334 2484 1602 2553 proximos
1641 2496 1884 2552 quoque,
1960 2482 2018 2535 ut

444 2582 641 2633 nostro
665 2578 877 2633 nomine
921 2592 1043 2633 eum
1087 2576 1434 2639 Celebrarent,
1470 2573 2014 2630 incitarentusi'fnn-

433 2683 551 2727 tum
591 2673 731 2728 enim
778 2671 988 2727 virtutis
1037 2673 1199 2727 robur
1245 2682 1342 2737 est,
1391 2678 1452 2724 ut
1502 2671 1795 2726 innumeris
1823 2669 2015 2741 linguis

432 2762 783 2817 Conditorem
834 2762 1052 2818 laudare
1097 2771 1275 2834 queat.
1339 2761 1479 2817 Nihil
1516 2762 1698 2834 utique
1737 2762 1857 2814 vitae
1908 2762 2013 2815 vir-

442 2857 564 2911 tutis
599 2854 849 2911 stndiosae
896 2856 1191 2923 comparari
1243 2854 1438 2923 potest,
1490 2852 1704 2908 dilecte.
1755 2850 1903 2908 Unde
1959 2854 2014 2907 et

436 2949 693 3002 Dominus
718 2947 925 3002 dicebat
957 2964 970 3001 :
1000 2940 1184 3001 Luceat
1214 2945 1302 3000 tua:
1328 2955 1489 2999 uestra
1517 2961 1687 2999 coram
1709 2943 2008 3008 hominibus,

443 3049 494 3093 ut
534 3040 730 3092 rideant
764 3055 917 3106 opera
963 3049 1123 3090 vestra
1172 3036 1328 3100 bona,
1374 3046 1419 3089 et
1469 3035 1750 3107 gloriﬁcent
1805 3032 2011 3088 Patrem

439 3137 651 3183 vestmm
698 3129 785 3200 qui
813 3138 885 3181 est
928 3129 978 3180 in
1016 3128 1150 3182 rwlis
1179 3126 1387 3198 (.llattlt.
1416 3128 1468 3183 5.
1505 3127 1616 3196 16).
1650 3124 1836 3181 Vidisti
1880 3141 2010 3195 quo-

443 3218 603 3272 modo
653 3219 828 3274 lumen
873 3232 992 3273 cum
1036 3221 1376 3288 apparuerit,
1426 3217 1671 3288 dispellat
1723 3218 2011 3273 tenebras?

438 3307 511 3363 lta
537 3317 591 3365 ct
617 3310 801 3375 virtus,
842 3310 888 3365 si
938 3310 1222 3378 conspicua
1270 3309 1447 3376 fuerit,
1498 3320 1549 3366 et
1593 3311 1843 3364 malitiam
1872 3309 2012 3380 fugat

438 3413 491 3457 et
534 3403 728 3458 erroris
778 3403 1023 3457 tenebras
1075 3403 1278 3472 abigit,
1326 3413 1665 3473 mentemque
1714 3402 2005 3457 videntium

438 3495 634 3550 excitat
670 3493 734 3548 ad
777 3495 939 3549 Deum
986 3494 1384 3549 celebrandum.
1428 3493 1680 3561 Quocirca
1711 3488 2011 3565 satagamus

438 3599 494 3639 ut
536 3586 613 3640 sic
648 3585 855 3640 luceant
893 3600 1051 3654 opera
1099 3595 1300 3652 nostra,
1354 3601 1458 3656 quo
1503 3592 1559 3641 et
1606 3586 1861 3641 Dominus
1912 3600 2013 3642 no-

438 3689 547 3733 ster
572 3677 891 3734 celebretur.
925 3678 1050 3734 "ch
1103 3689 1277 3734 autem
1324 3678 1459 3735 dixit
1495 3679 1755 3747 ChriStu‘s,
1807 3696 1910 3735 non
1953 3690 2011 3735 ut

437 3768 500 3822 ad
550 3772 955 3825 ostentationem
1000 3771 1195 3842 aliquid
1240 3770 1532 3839 faciamus;
1581 3772 1719 3829 absit
1760 3792 1772 3829 :
1816 3772 1911 3829 sed
1955 3781 2011 3828 ut

438 3861 732 3930 diligenter,
761 3872 813 3917 et
841 3872 899 3917 ut
946 3862 1045 3932 ipsi
1091 3863 1361 3932 probatur,
1410 3864 1569 3918 vitam
1620 3874 1858 3936 agamus,
1902 3880 2007 3919 non

438 3952 777 4022 blasphemia:
803 3954 1029 4023 cuipiam
1076 3954 1247 4009 locum
1278 3955 1648 4023 concedentes,
1699 3957 1792 4013 sed
1814 3957 1864 4013 id
1891 3956 2003 4013 efﬁ-

437 4045 678 4112 cientes,
730 4055 786 4099 ιιι
848 4045 1001 4100 bonis
1066 4046 1319 4116 operibus
1376 4051 1426 4102 in
1481 4048 1691 4104 laudem
1748 4050 1837 4104 Dei
1887 4065 2010 4121 pro-

441 4140 684 4194 rnmnant
725 4151 914 4193 omnes
948 4138 1038 4208 qui
1087 4150 1187 4192 nos
1232 4138 1430 4195 vident.
1483 4140 1633 4196 Tunc
1668 4142 1841 4207 enim,
1888 4152 2011 4199 tunc

435 4227 606 4298 ipsius
630 4225 781 4280 nobis
806 4229 1027 4297 gratiam
1056 4228 1309 4298 majorem
1338 4229 1765 4295 conciliabimus,
1805 4242 1859 4287 et
1898 4248 2011 4303 pte-

439 4332 559 4369 nam
587 4314 836 4386 effugere,
860 4317 1105 4388 bonaque
1143 4317 1425 4374 ineffabilia
1450 4321 1667 4391 adipisci
1696 4324 2007 4392 poterimus,

438 4398 609 4475 gratia‘
646 4415 699 4460 et
742 4406 1104 4462 misericordia
1153 4408 1359 4465 Domini
1416 4412 1581 4466 nostri
1620 4410 1746 4469 Jesu
1785 4412 2009 4485 Christi,

438 4511 558 4551 cum
595 4512 702 4567 quo
746 4498 888 4553 Patri
934 4499 1090 4555 simul
1129 4508 1185 4557 et
1226 4500 1444 4573 Spiritui
1482 4516 1668 4560 sancto
1711 4507 1781 4562 sit
1820 4507 2008 4577 gloria,

440 4588 756 4667 imperium,
807 4591 999 4658 honor,
1057 4607 1196 4649 nunc
1245 4603 1300 4650 et
1338 4604 1572 4667 semper,
1617 4606 1672 4654 et
1722 4598 1775 4653 in
1821 4600 2012 4655 szecula

438 4681 772 4736 meculorum.
822 4684 1012 4738 Amen.

956 4772 1231 4831 llOMlLlA
1273 4775 1482 4831 XXVII.

441 4866 507 4921 Et
534 4866 801 4936 wdiﬁcavit
836 4865 949 4921 Noe
987 4867 1147 4920 altare
1180 4866 1428 4936 Domino,
1474 4879 1520 4923 et
1549 4871 1739 4939 accepit
1766 4872 1828 4925 de
1849 4873 2014 4926 omni.

510 4961 601 5014 bus
650 4959 908 5031 pecoribus
956 4961 1194 5026 mundis,
1261 4970 1307 5015 et
1356 4964 1418 5016 de
1459 4964 1688 5018 omnibus
1734 4965 2015 5020 volucribus

509 5053 747 5119 mundis,
787 5060 832 5106 et
877 5051 1053 5106 obtulit
1100 5051 1442 5107 holocaustum
1482 5072 1633 5125 super
1669 5057 1829 5111 altare
1857 5054 2009 5129 (Gen.

510 5144 561 5199 8.
594 5142 722 5212 eo).

513 5235 567 5290 1.
599 5230 961 5305 Beneﬁciorum
988 5226 1087 5290 Dei
1114 5237 1371 5290 memoria.
1398 5267 1470 5277 —
1513 5238 1732 5294 Vidistis
1763 5239 1876 5295 lteri
1903 5240 2013 5296 cle-
2039 5218 2050 5231 ⁸

445 5325 640 5381 mentis
666 5318 869 5380 Domini
898 5324 1186 5382 bonitatem
1211 5369 1226 5394 ,
1273 5329 1545 5399 quomodo
1574 5346 1637 5385 ex
1666 5345 1787 5385 arca
1811 5330 2013 5401 justum

445 5418 647 5482 eduxit,
674 5416 742 5472 ab
767 5417 882 5487 ejus
913 5416 1233 5475 habitatione
1257 5420 1535 5486 liberavit,
1566 5428 1630 5477 ex
1671 5422 1761 5479 illo
1789 5424 1922 5478 tristi
1954 5439 2017 5479 ac

447 5508 673 5561 molesto
691 5520 907 5560 carcere
933 5506 1143 5577 eripuit,
1190 5518 1242 5563 et
1274 5510 1577 5579 patientiam
1602 5512 1741 5566 illius
1769 5526 2016 5569 remune-

1164 362 1220 417 S.
1260 357 1533 415 JOANNIS
1569 334 2053 411 CHRYSOSTOMI'
2079 357 2393 419 ARClllEP.
2421 364 2947 429 CONSTANTINOP.

3604 384 3709 442 240

2138 471 2419 531 volentiam
2464 478 2565 533 sibi
2611 482 2989 538 eottciliaverit.
3042 485 3171 541 Nam
3223 490 3360 544 solet
3399 492 3539 549 Deus
3586 513 3707 554 cum

2132 562 2360 635 aliquem
2390 567 2529 623 videt
2572 569 2661 638 qui
2698 583 2881 640 gratus
2929 576 2997 627 sit
3041 575 3107 629 de
3156 574 3458 647 prioribus,
3510 584 3707 655 largius

2131 662 2185 712 et
2212 659 2526 716 cumulatius
2554 676 2648 717 sua
2672 662 2809 717 dona
2854 681 2903 719 ιη
2943 666 3090 720 illum
3132 668 3471 737 profundere.
3508 675 3709 732 Demus

2130 744 2289 816 igitur
2325 756 2380 804 et
2424 764 2520 804 nos
2550 764 2765 821 operam
2792 795 2806 818 ,
2838 764 2893 809 ut
2921 756 3207 826 gratiarum
3247 761 3482 818 actiones
3506 780 3605 834 pro
3633 769 3709 820 vi-

2129 834 2213 890 rili
2243 834 2463 893 Domino
2492 838 2776 898 offeramus
2812 859 2909 913 pro
2953 846 3105 903 donis
3134 864 3251 919 qua!
3294 851 3361 907 ab
3390 866 3457 908 eo
3495 856 3705 924 pridem

2129 926 2280 981 nobis
2311 930 2542 997 praestita
2589 944 2733 1000 sunt,
2762 945 2818 989 ut
2842 946 2893 991 et
2916 939 3112 1008 majora
3142 941 3262 997 inde
3285 957 3702 1017 consequamur,

2126 1023 2181 1069 et
2223 1033 2509 1087 numquam
2551 1022 2925 1080 obliviscamur
2953 1028 3047 1082 Dei
3094 1029 3346 1087 beneﬁcia
3380 1036 3434 1088 in
3465 1052 3566 1091 nos
3595 1041 3705 1093 col-

2128 1107 2252 1173 lata,
2284 1110 2381 1164 sed
2405 1125 2615 1182 semper
2640 1129 2699 1169 ea
2729 1117 2778 1169 in
2811 1127 2987 1173 mente
3014 1131 3191 1176 nostra
3217 1139 3513 1194 versemus,
3547 1139 3604 1184 ut
3635 1131 3699 1185 ad

2124 1198 2426 1254 continuam
2452 1202 2736 1271 gratiarum
2763 1207 3025 1263 actionem
3055 1225 3238 1266 eorum
3270 1220 3525 1272 memoria
3556 1234 3705 1276 cem-

2124 1288 2418 1358 pellamur,
2462 1296 2669 1349 tametsi
2706 1305 2783 1351 tot
2809 1298 2933 1364 sint,
2970 1311 3025 1354 ιιι
3054 1318 3206 1358 mens
3232 1317 3411 1362 nostra
3451 1326 3556 1366 non
3588 1314 3706 1368 suf-

2127 1378 2263 1433 ficiat
2281 1379 2344 1435 ad
2369 1385 2923 1452 comprehendendum
2941 1404 2993 1445 et
3011 1397 3430 1453 enumerandum
3453 1417 3702 1471 magnam

2124 1483 2240 1537 qum
2290 1472 2440 1526 nobis
2473 1476 2691 1546 contigit
2717 1493 2781 1532 ex
2816 1483 2929 1550 ejus
2958 1482 3271 1540 liberalitate
3296 1490 3526 1559 copiam.
3560 1492 3705 1560 Quo-

2125 1560 2281 1615 modo
2308 1563 2447 1616 euim
2479 1566 2594 1634 quis
2637 1568 2867 1637 cogitare
2896 1583 3076 1641 posset
3098 1590 3158 1629 ea
3191 1591 3309 1646 qua:
3354 1579 3404 1633 in
3445 1596 3547 1635 nos
3589 1584 3701 1652 jam

2123 1659 2245 1704 sunt
2284 1652 2473 1707 collata
2499 1694 2514 1717 ,
2559 1671 2676 1725 quzr
2713 1660 2836 1712 item
2877 1664 3135 1730 promissa
3163 1707 3177 1731 ,
3220 1682 3337 1735 qua:
3373 1678 3425 1722 et
3458 1672 3705 1740 quotidie

2121 1738 2464 1798 conferuntur
2494 1761 2508 1800 :
2536 1745 2674 1815 quod
2699 1763 2762 1802 ex
2794 1750 2957 1805 nihilo
2996 1755 3304 1821 produxerit
3342 1770 3395 1812 ut
3432 1738 3701 1826 essemus,

2123 1832 2259 1901 quod
2288 1848 2482 1904 corpus
2506 1844 2559 1891 et
2580 1839 2809 1893 animam
2849 1841 3082 1909 dederit,
3117 1847 3257 1914 quod
3288 1850 3574 1906 rationales
3602 1870 3705 1909 nos

2123 1920 2443 1989 formaverit,
2471 1927 2611 1996 quod
2636 1943 2811 1985 aerem
2844 1934 3174 2003 reSpirationi
3193 1945 3536 2005 concesserit,
3555 1948 3705 2014 quod

2122 2021 2416 2068 creaturam
2444 2030 2655 2072 omnem
2684 2031 2900 2090 pmpter
2926 2024 3209 2081 humanum
3238 2044 3404 2099 genus
3431 2034 3704 2101 produxe-

2121 2104 2191 2157 rit
2212 2145 2225 2168 ,
2258 2107 2399 2174 quod
2441 2108 2552 2177 ipse
2579 2111 2788 2179 quidem
2820 2113 2885 2168 ab
2912 2114 3061 2170 initio
3088 2119 3317 2175 voluerit
3341 2121 3617 2179 hominem
3650 2129 3705 2182 in

2122 2198 2367 2267 paradiso
2394 2202 2555 2256 vitam
2598 2217 2758 2272 agere
2796 2205 2929 2262 citra
2957 2223 3167 2265 omnem
3196 2212 3430 2269 dolorem
3460 2226 3517 2270 ct
3546 2218 3706 2273 labo-

2120 2303 2265 2355 rem,
2301 2301 2355 2345 et
2390 2292 2518 2346 nihil
2547 2296 2720 2351 minus
2747 2296 3026 2356 habentem
3057 2305 3258 2373 angelis
3286 2316 3339 2361 et
3367 2307 3707 2378 incorporeis

2123 2381 2229 2437 illis
2259 2385 2561 2453 virtutibus,
2590 2390 2945 2448 exsistentem'
2965 2394 3014 2447 in
3038 2410 3281 2466 corpore,
3309 2399 3401 2454 sed
3428 2410 3479 2455 et
3508 2416 3710 2472 corpo-

2121 2475 2316 2529 ralibus
2342 2478 2741 2536 necessitatibus
2763 2490 2864 2536 non
2893 2484 3219 2540 obnoxium?
3249 2486 3449 2544 Deinde
3476 2493 3705 2559 quando

2118 2566 2187 2621 ob
2218 2566 2587 2639 negligentiam
2626 2572 2938 2643 deceptione
2978 2576 3237 2633 diabolica
3271 2596 3362 2649 per
3387 2597 3705 2652 serpentem

2118 2658 2273 2713 allata
2299 2662 2664 2730 supplantatus
2691 2664 2819 2733 fuit,
2850 2674 3021 2737 neque
3049 2669 3126 2723 sic
3153 2670 3356 2727 destitit
3380 2676 3708 2743 praevarica-

2119 2750 2219 2805 tori
2270 2749 2579 2809 benefacere
2611 2772 2623 2808 :
2651 2755 2741 2809 sed
2786 2765 2840 2811 et
2882 2769 2977 2826 per
3021 2759 3109 2813 illa
3144 2761 3285 2829 ipsa,
3333 2778 3427 2831 per
3451 2780 3573 2833 qum
3604 2782 3708 2835 pu-

2118 2842 2285 2898 nierat
2310 2883 2326 2910 ,
2359 2845 2493 2899 sicut
2523 2846 2633 2902 heri
2658 2847 2909 2915 diximus,
2941 2852 3296 2908 excellentem
3327 2869 3475 2908 suam
3506 2856 3708 2911 huma-

2116 2932 2333 2989 nitatem
2361 2934 2680 3004 declaravit,
2713 2950 2871 3011 atque
2902 2943 3092 2997 multas
3116 2943 3245 2999 alias
3276 2946 3706 3019 innumerasque

2115 3025 2493 3084 beneﬁciorum
2519 3032 2725 3100 species
2770 3034 2819 3087 in
2852 3033 3007 3089 illum
3044 3037 3343 3093 collocavit.
3396 3039 3461 3093 Et
3510 3050 3703 3110 postea

2115 3112 2437 3189 procedente
2462 3130 2700 3193 tempore
2724 3133 2773 3179 et
2790 3135 3063 3182 crescente
3081 3143 3293 3198 genere.
3321 3144 3382 3185 ac
3407 3131 3456 3185 in
3475 3148 3704 3189 omnem

2115 3211 2370 3266 malitiam
2402 3225 2672 3285 vergente,
2714 3217 2835 3285 quia
2859 3217 3070 3273 videbat
3092 3219 3395 3276 incnrabilia
3424 3232 3547 3278 esse
3576 3226 3709 3281 vul-

2115 3296 2263 3373 nera,
2293 3308 2537 3375 nequitiae
2566 3319 2873 3378 operatores
2898 3352 2912 3375 ,
2961 3312 3111 3380 quasi
3159 3310 3477 3369 fermentum
3511 3319 3702 3386 quod-

2113 3395 2234 3451 dam
2281 3397 2476 3452 malum
2514 3396 2746 3466 delevit,
2777 3400 2965 3456 relicto
3002 3402 3146 3471 justo
3188 3404 3278 3458 illo
3324 3405 3410 3472 qui
3459 3407 3618 3462 radix
3650 3417 3708 3463 et

2114 3492 2263 3563 origo
2294 3494 2444 3549 ﬁeret
2466 3494 2673 3564 generis
2701 3493 2938 3549 humani.
2969 3495 3035 3550 Et
3054 3496 3173 3551 vide
3196 3497 3405 3561 itert'tm,
3434 3509 3703 3569 quantam

2113 3602 2235 3659 erga
2259 3586 2459 3658 justum
2490 3587 2636 3642 illum
2665 3585 2902 3642 declaret
2926 3588 3317 3645 liberalitatem.
3360 3591 3554 3647 Totum
3592 3592 3705 3648 htt-

2114 3692 2325 3731 manum
2353 3693 2520 3747 genus
2546 3678 2614 3732 ab
2644 3693 2709 3733 eo
2732 3688 2788 3734 et
2832 3678 2953 3734 ﬁliis
2980 3680 3095 3749 ejus
3146 3682 3494 3747 instauravit,
3542 3692 3601 3738 et
3647 3686 3703 3739 in

2115 3779 2313 3823 tantam
2357 3769 2751 3826 multitudinem
2786 3787 3094 3827 excrescere
3119 3774 3363 3838 curavit,
3408 3776 3711 3843 paulatim-

2113 3876 2215 3930 que
2234 3860 2407 3931 justos
2435 3861 2656 3931 eligens,
2690 3862 3014 3932 patriarchas
3041 3863 3180 3929 dico,
3209 3876 3569 3934 przeceptores
3600 3868 3708 3924 de—

2114 3951 2191 4006 dit
2223 3951 2429 4022 reliquo
2469 3952 2742 4008 hominum
2775 3955 2956 4024 generi
2982 3996 2997 4020 ,
3026 3955 3114 4024 qui
3143 3970 3237 4010 sua
3269 3957 3463 4010 virtute
3501 3974 3708 4015 omnes

2114 4061 2211 4101 nos
2239 4046 2516 4103 instituere
2544 4090 2559 4115 ,
2582 4058 2675 4131 et,
2717 4049 2864 4120 quasi
2893 4050 3122 4116 medici,
3152 4060 3471 4121 aegrotantes
3499 4068 3709 4109 curare

2116 4141 2339 4210 possint.
2380 4141 2447 4196 Et
2472 4139 2630 4196 modo
2660 4157 2752 4198 eos
2783 4142 2833 4197 in
2863 4142 3196 4207 Palmstinam
3219 4186 3232 4208 ,
3263 4141 3421 4197 modo
3443 4144 3497 4198 in
3521 4144 3707 4218 Egy—

2116 4239 2260 4300 ptum
2283 4230 2526 4298 deducit,
2568 4232 2725 4286 simul
2747 4238 2800 4286 et
2838 4247 3112 4287 servorum
3138 4247 3350 4287 auorum
3380 4232 3705 4302 patientiam

2116 4336 2371 4376 exercens
2398 4363 2412 4388 ,
2458 4330 2512 4377 et
2559 4337 2707 4377 suam
2743 4323 2991 4377 virtutem
3030 4322 3309 4377 clariorem
3356 4332 3703 4393 monstrans,

2117 4411 2415 4481 mansitque
2449 4426 2659 4480 semper
2688 4412 2877 4467 eodem
2907 4409 3067 4467 modo
3096 4412 3337 4466 humanze
3381 4412 3577 4469 salutis
3607 4432 3713 4469 cu-

2117 4516 2228 4555 ram
2256 4517 2443 4572 gerens
2473 4520 2486 4555 :
2520 4503 2757 4558 exhibuit
2797 4503 3082 4574 prophetas
3104 4546 3117 4569 ,
3154 4512 3208 4559 et
3244 4516 3338 4574 per
3381 4505 3502 4559 illos
3540 4508 3712 4579 signa

2116 4602 2170 4647 et
2196 4592 2642 4667 prodigiacdidit.
2691 4594 2882 4663 Atque,
2912 4604 2969 4649 ut
3002 4594 3211 4651 brevius
3247 4596 3414 4651 dicam
3450 4614 3462 4649 :
3499 4614 3707 4666 quem.

2117 4681 2399 4737 admodum
2431 4684 2571 4738 enim
2593 4687 2752 4740 maris
2782 4685 2971 4740 ﬂuctus
2993 4726 3006 4751 ,
3037 4688 3280 4757 quamvis
3308 4692 3618 4745 sexcenties
3655 4693 3713 4747 id
3780 4748 3781 4767 η

2114 4768 2391 4838 eonemur,
2416 4790 3034 4847 enumerarenumqnam
3054 4779 3340 4847 poterimus
3370 4800 3382 4834 :
3414 4779 3487 4834 ita
3519 4797 3715 4853 neque

2119 4854 2494 4920 beneficiorum
2530 4866 2656 4935 Dei,
2686 4884 2804 4937 qua:
2828 4867 2879 4921 in
2909 4879 3141 4924 nostram
3172 4870 3393 4924 contulit
3418 4880 3712 4942 naturam,

2118 4958 2447 5013 varietatem.
2477 4957 2712 5015 Tandem
2743 4959 2828 5014 ubi
2854 4958 2982 5014 vidit
3011 4971 3129 5029 post
3158 4967 3352 5015 tantam
3384 4974 3536 5016 snam
3574 4979 3719 5034 pro-

2120 5048 2403 5105 videntium
2444 5052 2617 5108 adhuc
2647 5051 2808 5106 multa
2836 5058 2889 5106 et
2928 5048 3175 5107 ineffabili
3218 5053 3589 5109 misericordia
3627 5058 3715 5111 in-

2120 5142 2300 5216 digere
2356 5145 2643 5199 humanum
2690 5158 2894 5215 genus,
2942 5152 2996 5199 ct
3033 5145 3163 5198 nihil
3210 5146 3325 5213 plus
3370 5143 3566 5201 fecisse
3621 5150 3713 5204 vel

2122 5222 2468 5307 patriarchas,
2502 5237 2582 5293 vel
2612 5236 2917 5306 prophetas,
2949 5237 3030 5292 vel
3062 5237 3208 5307 signa
3225 5237 3584 5306 admirabilia,
3625 5243 3713 5296 vel

2122 5344 2341 5399 poenas,
2386 5330 2467 5384 vel
2511 5327 2901 5383 admonitiones
2933 5327 3048 5383 illas
3088 5328 3518 5399 frequentissime
3542 5333 3709 5388 adhi—

2121 5424 2258 5479 bitas
2281 5462 2298 5487 ,
2332 5430 2386 5477 et
2408 5420 2736 5491 captivitates
2764 5419 2879 5474 illas
2908 5420 3007 5475 sibi
3049 5420 3271 5475 invicem
3300 5418 3671 5478 succedentes
3715 5468 3732 5479 .

2122 5516 2271 5585 quasi
2299 5514 2580 5570 miseratus
2605 5527 2772 5583 genus
2797 5522 3032 5567 nostrum
3054 5553 3067 5575 ,
3101 5514 3241 5568 misit
3279 5512 3344 5567 ad
3375 5526 3475 5567 nos
3501 5516 3715 5571 anima-

441 5601 604 5665 ravit,
652 5594 837 5650 dicens
872 5615 883 5650 :
924 5596 1137 5653 Crescite
1171 5609 1216 5653 et
1263 5600 1688 5668 multiplicamini.
1742 5603 2016 5659 Discamus

444 5692 606 5750 hodie
638 5701 797 5757 quam
839 5685 1157 5757 benevolus,
1189 5699 1242 5744 et
1268 5706 1423 5758 quam
1450 5700 1612 5763 graue
1640 5696 1836 5750 anima).
1859 5694 2019 5752 fuerit

448 5780 585 5850 Noe,
666 5776 768 5835 ude
796 5780 907 5851 ipse
933 5782 1101 5836 multo
1137 5782 1435 5839 uberiorem
1476 5786 1569 5842 Dei
1608 5801 1730 5857 erga
1765 5803 1823 5846 se
1854 5788 2017 5847 bene-

2122 5622 2241 5663 rum
2289 5615 2675 5674 corporumque
2721 5601 3023 5669 medicum,
3076 5601 3400 5673 unigenitum
3427 5617 3597 5659 suum
3634 5606 3755 5662 Fi—

2123 5697 2251 5753 lium
2272 5736 2288 5760 ,
2329 5711 2393 5751 ex
2422 5694 2688 5765 paternis,
2729 5702 2789 5749 ut
2826 5693 2897 5748 ita
2922 5692 3091 5748 dicam
3122 5735 3138 5758 ,
3186 5693 3391 5748 sinibus
3415 5692 3691 5751 excitans
3724 5720 3749 5757 ;
3780 5716 3781 5739 :

2125 5790 2292 5847 voluit
2312 5798 2555 5860 suscepta
2584 5787 2722 5843 servi
2752 5785 2923 5843 forma
2949 5800 2981 5842 e
3007 5784 3224 5857 Virgine
3251 5786 3415 5854 nasci,
3458 5799 3518 5846 et
3531 5790 3747 5847 nobis-
