3760 6254
55 151 170 208 9.59

54 277 199 335 σθαι
237 281 594 355 βουλομένου.
634 287 846 360 Ὥσπερ
877 287 988 360 γὰρ
1013 287 1106 342 ἐπὶ
1143 288 1252 343 τῶν
1281 289 1585 361 ἀνθρώπων
1615 291 1648 362 ἡ
1679 308 1763 361 γι-

51 364 289 438 νομένη
339 369 660 440 εὐχαριστία
707 372 788 435 εἰς
835 372 962 436 τούς
1018 373 1470 445 εὐεργετηκότας,
1525 373 1764 437 ἐκείνους

51 445 504 522 λαμπροτέρους
539 454 850 525 ἐργάζεται,
879 455 1052 520 οὓτως
1098 458 1191 510 ἐπὶ
1231 457 1327 510 τοῦ
1379 455 1762 527 φιλανθρώπου

53 537 207 590 θεοῦ
237 540 375 594 ὅταν
407 541 566 595 τοῦτο
594 543 855 614 ποιῶμεν,
903 544 1127 609 ἑαυτοὺς
1156 544 1570 616 λαμπροτέρους
1595 547 1765 616 άπερ-

56 620 390 692 γαζόμεθαο
416 625 601 697 ἐπειδὴ
622 627 743 697 οὐχὶ
770 628 870 697 τῆς
895 629 1020 699 παρ’
1038 629 1193 700 ήμῶν
1217 629 1467 701 δεόμενος
1489 630 1762 702 εὐφημίας

57 702 237 757 τοῦτο
279 706 530 776 βούλεται
553 710 817 776 γίνεσθαι,
853 711 966 764 ἀλλ’
998 711 1086 765 ἵνα
1113 713 1275 767 πάλιν
1307 715 1386 777 εἰς
1432 715 1578 785 ἡμᾶς
1609 729 1765 784 περι·

62 790 166 860 στῇ
208 790 283 844 τὸ
316 793 526 864 κέρδος,
555 796 649 848 καὶ
679 794 924 865 μείζονος
952 797 1268 867 συμμαχίας
1323 798 1547 860 ἑαυτοὺς
1580 796 1763 864 ἀξίους

58 881 540 950 καταστήσωμεν.
570 881 634 934 Εἰ
659 882 767 953 γάρ
788 882 881 935 καὶ
905 883 980 954 μὴ
1004 884 1278 955 δυνάμεθα
1303 886 1424 939 κατ’
1453 885 1610 951 ἀξίαν
1634 883 1763 937 ποτὲ

57 957 236 1012 τοῦτο
269 961 518 1032 ποιῆσαν
553 963 669 1027 πῶς
706 965 838 1037 γὰρ,
863 966 1097 1038 τοσαύτῃ
1115 967 1369 1039 ἀσθενείᾳ
1400 967 1615 1038 φύσεως
1637 985 1763 1021 συν-

55 1043 363 1113 δεδεμένοι
385 1063 398 1110 ;
434 1047 526 1099 καὶ
546 1046 598 1101 τί
618 1046 760 1116 λέγω
785 1049 883 1120 τὴν
911 1049 1260 1122 ἀνθρωπίνην
1282 1051 1442 1121 φύσιν
1467 1069 1482 1117 ;
1510 1050 1622 1103 ἀλλ’
1643 1049 1764 1104 οὐδέ

56 1125 238 1180 αὐταὶ
261 1130 325 1182 αί
344 1129 620 1202 ἀσώματοι
643 1132 735 1186 καὶ
758 1133 977 1204 ἀόρατοι
1000 1134 1275 1204 δυνάμεις,
1291 1135 1384 1188 καὶ
1409 1136 1462 1188 αἱ
1483 1134 1764 1207 ἀρχαὶκαὶ

59 1213 118 1262 αἱ
145 1211 431 1278 ἐξουσίαι,
454 1215 549 1269 καὶ
579 1215 646 1270 τὰ
675 1217 973 1291 Χερουϐὶμ,
1003 1218 1095 1271 καὶ
1117 1218 1183 1272 τά
1205 1220 1483 1290 Σεραφεὶμ
1510 1219 1607 1290 τὴν
1642 1218 1763 1272 κατ’

60 1295 236 1360 ἀξίαν
273 1297 584 1368 δοξολογίαν
609 1301 901 1374 ἀναφέρειν
947 1303 1392 1375 εὐχαριστοῦντες
1424 1303 1760 1374 δυνήσονται-⁸

60 1380 184 1432 ἀλλ’
227 1383 392 1453 ὅμως
411 1382 508 1455 τὴν
534 1383 673 1437 κατά
701 1384 929 1456 δύναμιν
963 1387 1272 1454 ἀνενεγκεῖν
1299 1387 1650 1458 εὐχαριστίαν
1687 1386 1765 1438 δί-

61 1482 230 1516 κανιν
264 1464 335 1519 ἂν
361 1466 468 1537 εἴη,
489 1471 582 1521 καὶ
610 1467 873 1538 διηνεκῶς
902 1469 1143 1536 δοξάζειν
1162 1470 1254 1523 τὸν
1280 1471 1549 1543 ἡμέτερον
1569 1473 1766 1524 Δεσπό-

58 1563 166 1616 την
214 1549 324 1602 καὶ
343 1549 433 1602 διὰ
455 1551 556 1620 τῆς
581 1551 689 1604 τῶν
719 1551 892 1621 λόγων
934 1553 1224 1624 εὐφημίας,
1259 1555 1352 1608 καὶ
1372 1554 1460 1607 διὰ
1495 1555 1596 1624 τῆς
1644 1555 1765 1627 ἀρί-

62 1645 210 1700 στης
268 1633 570 1696 πολιτείας.
629 1633 775 1705 Αὕτη
825 1634 935 1707 γάρ
989 1637 1221 1706 μάλιστα
1276 1637 1368 1690 καὶ
1406 1637 1763 1710 λαμπροτέρα

58 1714 298 1800 γένοιτο
322 1719 356 1789 ή
390 1719 654 1790 εὐφημία,
689 1721 818 1774 ὅταν
841 1721 934 1800 διὰ
968 1721 1176 1794 μυρίων
1204 1721 1462 1790 γλωσσῶν
1487 1721 1584 1794 τὴν
1613 1723 1762 1792 δοξο-

58 1797 274 1866 λογίαν
296 1802 682 1872 ἀναφέρωμεν.
729 1803 786 1857 '0
831 1797 941 1875 γὰρ
978 1805 1230 1874 ἐνάρετος
1260 1805 1490 1859 ἐκαστον
1529 1807 1638 1859 τῶν
1679 1808 1761 1872 εἰς

57 1883 242 1937 αὐτὸν
274 1883 531 1956 δρώντων
581 1887 988 1956 παρασκευάζει
1018 1888 1107 1940 τὸν
1136 1887 1302 1942 αὐτοῦ
1332 1889 1607 1958 Δεσπότην
1670 1889 1762 1942 ἀν-

55 1975 299 2041 υμνεῖνο
334 1974 431 2028 καὶ
457 1975 494 2045 ἡ
529 1976 657 2046 παρ’
688 1975 912 2030 ἐκείνων
963 1975 1238 2045 δοξολογία
1276 1977 1476 2049 πολλὴν
1508 1979 1600 2031 καὶ
1619 1978 1762 2046 ἀφα-

57 2073 156 2108 τον
186 2056 278 2125 τῷ
317 2057 418 2128 τὴν
463 2059 641 2111 αἰτίαν
685 2060 976 2131 παρέχοντι
1027 2061 1308 2131 χαρίζεται
1354 2061 1454 2131 τὴν
1483 2061 1633 2132 παρὰ
1665 2063 1759 2116 τοῦ

60 2141 360 2194 Δεσπότου
395 2141 628 2197 εὔνοιαν.
667 2143 732 2196 Τί
758 2139 851 2197 οῦν
879 2143 947 2198 ἂν
990 2144 1145 2216 ήμῶν
1175 2146 1636 2218 μακαριστότερον
1663 2146 1761 2215 γέ-

57 2243 238 2286 νοιτο,
270 2227 322 2279 εἰ
343 2227 630 2296 μέλλοιμεν
660 2227 734 2300 μὴ
765 2229 927 2300 μόνον
955 2230 1109 2283 αὐτοὶ
1132 2230 1220 2284 διὰ
1243 2231 1342 2300 τῆς
1366 2231 1570 2295 οἰκείας
1591 2230 1762 2300 γλώτο

57 2324 164 2378 της
210 2308 472 2374 δοξάζειν
517 2309 611 2364 τὸν
663 2311 868 2380 ἀγαθὸν
894 2312 1046 2379 Θεὸν,
1073 2313 1208 2367 ἀλλά
1251 2313 1344 2366 καὶ
1381 2315 1587 2380 πάντας
1633 2317 1761 2380 τούς

60 2393 370 2458 ὁμογενεῖς
423 2390 712 2463 διεγείρειν
752 2395 832 2458 εἰς
887 2394 986 2466 τὴν
1039 2396 1178 2467 ὑπὲρ
1213 2397 1372 2468 ἡμῶν
1410 2397 1758 2469 δοξολογίαν;

60 2473 330 2544 Τοσαύτη
358 2474 470 2546 γάρ
489 2477 587 2546 τῆς
613 2477 818 2548 ἀρετῆς
849 2479 880 2548 ή
920 2480 1070 2549 ἰσχὺς
1095 2520 1108 2544 ,
1158 2480 1236 2544 ὡς
1285 2481 1498 2554 μυρίοις
1531 2483 1758 2554 στόμασι

59 2556 341 2610 δύνασθαι
368 2557 462 2611 τὸν
479 2559 808 2632 δημιουργὸν
851 2563 1124 2631 ἀνυμνείν.
1158 2564 1323 2617 Οὐδὲν
1375 2565 1482 2636 γάρ
1533 2567 1760 2638 ἀρίστης

61 2641 364 2706 πολιτείας
399 2645 511 2697 ἴσον
541 2644 780 2712 γένοιτο,
823 2645 1093 2715 ἀγαπητέ.
1145 2647 1246 2702 Διά
1294 2648 1451 2703 τοῦτο
1479 2650 1571 2704 καὶ
1591 2653 1620 2704 ὁ
1649 2649 1761 2704 Κύ-

63 2742 184 2792 ριος
235 2725 425 2796 ἔλεγε·
475 2726 775 2796 Λαμψάτω
829 2727 895 2781 τὸ
938 2727 1062 2798 φῶς
1091 2729 1257 2798 ὑμῶν
1283 2733 1622 2801 ἔμπροσθεν
1643 2733 1760 2790 τῶν

57 2806 431 2888 ἀνθρώπων,
477 2808 636 2874 ὅπως
677 2808 890 2861 ἴδωσιν
930 2809 1098 2880 ὑμῶν
1140 2813 1213 2866 τὰ
1276 2817 1432 2869 καλὰ
1462 2817 1626 2888 ἔργα,
1662 2819 1760 2872 καὶ

59 2887 390 2952 δοξάσωσι
416 2890 520 2943 τὸν
563 2891 792 2959 Πατέρα
821 2891 987 2960 ὑμῶν
1042 2893 1152 2948 τὸν
1178 2895 1248 2950 ἐν
1299 2897 1421 2964 τοῖς
1458 2901 1756 2968 οὐρανοῖς.

59 2968 224 3034 Εἶδες
257 2973 384 3036 πῶς
424 2973 671 3044 καθάπερ
702 2974 760 3026 τὸ
786 2977 899 3043 φῶς
926 2976 1090 3044 φανὲν
1137 2978 1429 3033 ἀπελαύνει
1458 2983 1520 3035 τὸ
1547 2983 1756 3049 σκότος,

59 3057 215 3110 οὕτω
245 3057 351 3110 καὶ
385 3059 417 3128 η
440 3057 606 3129 ἀρετὴ
621 3057 851 3128 ὀφθεῖσα
873 3061 965 3112 καὶ
987 3060 1084 3132 τὴν
1109 3062 1306 3116 κακίαν
1336 3065 1645 3134 φυγαδεύει,
1665 3071 1760 3123 καὶ

59 3141 164 3210 τῆς
202 3141 426 3213 πλάνης
460 3142 518 3196 τὸ
541 3142 731 3208 σκότος
757 3143 1075 3198 ἀπελάσασα
1103 3146 1242 3217 πρὸς
1268 3147 1573 3218 δοξολογίαν
1623 3157 1761 3207 κινεῖ

59 3226 173 3278 τῶν
208 3226 474 3298 ὁρώντων
511 3227 608 3298 τὴν
655 3227 928 3293 διάνοιαν;
959 3227 1112 3282 Οὕτω
1165 3229 1342 3282 τοίνυν
1376 3233 1759 3308 σπουδάζωμεν

59 3313 93 3377 ἡ
102 3309 228 3379 μῶν
260 3310 507 3382 λάμπειν
534 3309 602 3363 τά
629 3309 788 3381 ἔργα,
827 3311 903 3376 ώς
935 3311 1026 3364 τὸν
1047 3312 1310 3384 ἡμέτερον
1331 3313 1644 3380 δοξάζεσθαι
1665 3323 1759 3373 Δε·

61 3397 308 3466 σπότην.
347 3393 531 3447 Ταῦτα
552 3393 608 3447 δέ
638 3394 825 3464 ἐλεγεν
871 3396 900 3448 ὁ
934 3396 1194 3468 Χριστὸς,
1235 3400 1334 3470 οὐχ
1369 3400 1455 3454 ἵνα
1473 3402 1608 3475 πρὸς
1643 3405 1760 3458 ἐπί·

62 3479 243 3546 δειξίν
274 3496 334 3532 τι
364 3478 714 3550 πράττωμεν·
753 3479 826 3550 μὴ
875 3479 1103 3549 γένοιτο·
1131 3482 1245 3535 ἀλλ’
1286 3484 1372 3537 ἵνα
1431 3486 1568 3556 μετά
1597 3489 1755 3561 ἀκρι..

59 3564 224 3626 ϐείας
254 3563 359 3617 καὶ
377 3561 517 3615 κατά
540 3562 602 3614 τὸ
627 3561 778 3632 αὐτῷ
795 3561 984 3616 δοκοῦν
1008 3563 1412 3634 πολιτευόμενοι
1429 3569 1565 3641 μήτε
1591 3570 1755 3640 βλασ-

61 3646 267 3719 φημίᾳ
340 3647 447 3699 τινὶ
495 3646 680 3718 χώραν
713 3646 1065 3718 παρέχωμεν,
1119 3650 1212 3703 καὶ
1239 3651 1329 3706 διὰ
1356 3652 1456 3723 τῆς
1495 3653 1602 3709 τῶν
1621 3656 1758 3723 ἀγα·

58 3731 177 3784 θῶν
202 3731 394 3803 ἔργων
427 3729 682 3802 πράξεως
717 3733 1224 3804 παρασκευάζωμεν
1251 3736 1376 3798 τοὺς
1395 3737 1638 3810 ὁρῶντας
1675 3739 1760 3793 δο-

63 3817 197 3880 ξάζε
208 3834 260 3868 ιν
287 3816 384 3868 τὸν
428 3815 536 3868 τῶν
565 3815 701 3870 ὅλων
721 3814 875 3868 Θεόν.
901 3815 1034 3870 Τότε
1060 3817 1189 3890 γὰρ,
1218 3821 1341 3872 τότε
1361 3822 1464 3874 καὶ
1492 3823 1592 3893 τὴν
1626 3823 1757 3893 παρ’

55 3898 238 3953 αὐτοῦ
279 3898 495 3952 εὔνοιαν
523 3896 785 3969 μειζόνως
817 3899 1256 3970 ἐπισπασόμεθα,
1293 3903 1386 3955 καὶ
1418 3903 1516 3975 τὴν
1538 3904 1758 3959 κόλασιν

59 3985 366 4055 διαφυγεῖν
388 3981 752 4055 δυνησόμεθα,
775 3982 998 4036 καὶτῶν
1024 3983 1353 4055 ἀπορρήτων
1375 3986 1596 4055 ἀγαθῶν
1634 3990 1758 4042 ἐπι-

62 4074 278 4140 τυχεῖν,
315 4069 497 4140 χάριτι
527 4068 622 4122 καὶ
653 4065 1034 4138 φιλανθρωπίᾳ
1059 4069 1152 4122 τοῦ
1181 4069 1384 4140 Κυρίου
1409 4072 1565 4142 ήμῶν
1581 4071 1756 4143 Ἰησοῦ

63 4153 225 4224 ζνὶὸὃ]
269 4151 533 4224 Χριστοῦ,
596 4151 713 4222 μεθ’
743 4144 804 4207 οὗ
839 4150 917 4221 τῷ
967 4149 1143 4220 [Iath
1180 4151 1294 4222 ἅμα
1356 4154 1451 4208 καὶ
1488 4154 1566 4225 τῷ
1618 4156 1758 4226 ἁγίῳ

64 4239 364 4308 [πνεύματι
397 4235 544 4300 δόξα,
574 4235 794 4306 κράτος,
815 4235 971 4305 τιμὴ,
997 4234 1091 4288 νῦν
1127 4235 1222 4287 καὶ
1266 4236 1372 4300 ἀεὶ,
1401 4239 1497 4293 καὶ
1529 4239 1606 4304 είς
1630 4242 1758 4304 τοὺς

62 4324 278 4385 αἰῶνας
298 4319 412 4374 τῶν
433 4319 661 4373 αἰώνων.
704 4319 895 4390 Ἀμήν.

678 4483 922 4537 OMIAIA
957 4485 1046 4538 KZ
1062 4492 1074 4504 ‘

66 4631 175 4684 Καὶ
201 4627 563 4695 ᾠκοδόμησε
597 4623 725 4680 Νῶε
776 4624 1213 4694 θυσιαστήριον
1262 4623 1342 4689 τῷ
1377 4627 1592 4695 Κυρίῳ,
1657 4631 1754 4685 καί

132 4715 367 4769 ἐλαϐεν
392 4710 512 4764 ἀπὸ
537 4709 777 4763 πάντων
805 4708 924 4762 τῶν
952 4709 1188 4776 κτηνῶν
1208 4709 1327 4762 τῶν
1351 4712 1642 4780 καθαρῶν,
1659 4715 1756 4770 καί

131 4799 260 4854 ἀπὸ
283 4795 528 4849 πάντων
554 4791 670 4846 τῶν
692 4791 978 4846 πετεινῶν
994 4791 1287 4861 καθαρῶν,
1303 4793 1401 4847 καὶ
1425 4794 1756 4866 ἀνήνεγκεν

133 4879 577 4947 ὁλοχάρπωσιν
613 4878 700 4942 εις
740 4876 805 4930 τὸ
836 4875 1286 4944 θυσιαστήριον.

134 4994 210 5042 α’.
230 4985 420 5037 Εἴδετε
452 4983 576 5054 χθὲς
606 4980 701 5035 τοῦ
736 4981 1114 5053 φιλανθρώπου
1144 4982 1414 5036 Δεσπότου
1444 4983 1541 5056 τὴν
1563 4986 1758 5054 ἀγαθό-

61 5089 231 5141 τητα,
267 5070 420 5129 ὅπως
438 5067 530 5118 τὸν
577 5065 782 5119 δίκαιον
811 5065 1076 5136 ἐξήγαγεν
1105 5067 1168 5118 ἐκ
1188 5067 1287 5136 τῆς
1323 5068 1577 5136 κιϐωτοῦ,
1615 5072 1756 5128 ἐλευ-

64 5157 326 5233 θερώσας
365 5155 458 5208 καὶ
487 5155 585 5225 τῆς
609 5155 726 5206 ἐκεῖ
748 5151 1047 5221 διαγωγῆς,
1072 5153 1165 5205 καὶ
1195 5153 1508 5221 ἀπαλλάξας
1532 5157 1626 5211 τοῦ
1653 5178 1752 5229 χα-

63 5248 117 5296 λε
129 5241 238 5295 ποῦ
278 5239 490 5292 ἐκείνου
513 5238 602 5290 καὶ
629 5236 778 5301 ξένου
806 5236 1198 5306 δεσμωτηρίου,
1231 5237 1444 5308 καὶτῆς
1477 5240 1754 5315 ὑπομονῆς

63 5331 220 5401 αιτῷ
247 5328 346 5391 τὰς
367 5326 601 5396 ἀμοιϐὰς
639 5323 974 5378 ἀποδέδωκεν
1023 5323 1210 5376 εἰπών’
1243 5324 1587 5389 Αὐξάνεσθε
1653 5332 1751 5384 καὶ

64 5413 484 5482 πληθύνεσθε.
516 5409 791 5478 Μάθωμεν
835 5407 1074 5478 σήμερον
1123 5406 1216 5459 τοῦ
1260 5407 1382 5460 Νῶε
1416 5408 1514 5481 τὴν
1545 5412 1751 5479 εὐγνω-

70 5499 340 5570 μοσύνην,
365 5495 461 5548 καὶ
491 5493 589 5563 τὴν
617 5492 935 5562 εὐχάριστον
955 5489 1150 5560 ψυχήν,
1168 5488 1234 5541 δι’
1251 5484 1319 5562 ἦς
1339 5490 1500 5544 πάλιν
1531 5493 1752 5551 πλείονα

67 5586 162 5636 καὶ
189 5578 374 5647 πολλῷ
407 5575 628 5647 μείζονα
652 5574 1010 5639 ἐξεκαλέσατο
1028 5575 1118 5628 τοῦ
1139 5574 1275 5629 Θεοῦ
1305 5576 1403 5647 τὴν
1435 5578 1561 5649 περὶ
1589 5578 1750 5634 αὐτὸν

66 5666 304 5724 cinctam
332 5661 445 5720 Καὶ
468 5661 574 5732 γὰρ
604 5659 841 5724 τοιοῦτος
871 5661 898 5712 ὁ
936 5657 1088 5722 Θεός·
1115 5659 1328 5717 ἐπειδὰν
1371 5659 1455 5732 ἴδῃ
1499 5661 1590 5716 ἐπί
1636 5665 1746 5726 τοῖς

1223 173 1293 230 ΙΝ
1324 172 1478 230 CAP.
1525 171 1638 227 VIII
1675 171 1918 228 GENES.
1949 171 2180 230 HOIIIL.
2223 171 2432 228 XXVII.

3435 175 3555 230 ξιο-

1871 289 2140 359 φθάσασιν
2170 288 2517 362 εὐγνώμονας
2541 289 2960 362 γεγενημένους,
2991 289 3423 360 ἐπιδαψιλείεται
3441 293 3540 355 τὰς

1871 373 2000 443 παρ’
2032 372 2225 428 ἐαυτοῦ
2246 373 2474 447 δωρεάς.
2493 371 2888 444 Σπουδάζωμεν
2917 372 3094 426 τοίνυν
3113 372 3203 426 καὶ
3231 374 3390 444 ἡμεῖς
3443 373 3540 445 τὴν

1871 457 2012 510 κατά
2042 457 2270 528 δύναμιν
2295 457 2646 528 εὐχαριστίαν
2679 456 2970 528 ἀναφέρειν
3009 454 3084 528 τῷ
3115 457 3359 530 Δεσπότῃ
3400 456 3540 528 ὐπέρ

1870 538 1978 593 τῶν
2005 539 2360 612 ὑπαρξάντων
2379 543 2508 612 ἡμῖν
2547 542 2677 613 παρ’
2697 539 2863 594 αὐτοῦ
2895 541 3134 610 ἀγαθῶν,
3163 541 3259 596 ἵνα.
3290 540 3381 593 καὶ
3417 557 3538 610 μει-

1872 622 2039 687 ζὸνων
2062 621 2402 693 ἀξιωθῶμεν,
2451 624 2545 678 καὶ
2599 624 2867 695 μηδέποτε
2902 623 3388 694 ἐπιλανθανώμεθα
3431 623 3552 676 τῶν.

1871 705 2023 777 παρὰ
2045 705 2137 759 τοῦ
2165 705 2300 759 Θεοῦ
2335 707 2663 778 εὐεργεσιῶν
2688 707 2767 770 είς
2797 709 2941 778 ἡμᾶς
2969 707 3368 777 γεγενημένων,
3403 705 3541 759 ἀλλά

1870 789 1958 841 ἀεὶ
1986 787 2159 841 ταῦτα
2195 787 2512 858 στρέφωμεν
2539 789 2631 843 ἐπὶ
2645 789 2745 859 τῆς
2771 789 3004 853 διανοίας
3020 790 3118 860 τῆς
3139 789 3435 859 ἡμετέρας,
3454 788 3557 843 ἴνα..

1872 875 1977 928 ὐπὸ
2008 874 2109 944 τῆς
2134 875 2356 946 μνήμης
2382 875 2775 946 συνωθούμενοι
2809 876 3029 948 διηνεκῆ
3067 877 3163 948 τὴν
3195 874 3550 947 εὐχαριστίαν.

1873 957 2173 1030 ποιώμεθα,
2213 960 2262 1011 εί
2291 959 2382 1011 καὶ
2410 958 2664 1012 τοσαῦται
2687 958 2747 1012 τὸ
2773 957 2973 1029 πλῆθός
3000 961 3156 1020 εἰσιν,
3189 958 3264 1021 ὡς
3296 957 3426 1030 μηδέ
3443 958 3542 1028 ἀρ-

1871 1049 1989 1100 κεῖν
2025 1046 2116 1100 τὸν
2151 1046 2407 1117 λογισμὸν
2426 1046 2515 1100 τὸν
2541 1045 2810 1117 ἡμέτερον
2849 1045 3314 1117 ἐξαριθμήσασθαι
3339 1045 3440 1116 τὴν
3461 1045 3540 1109 είς

1872 1136 2019 1207 ἡμᾶς
2051 1132 2364 1204 φιλοτιμίαν
2395 1134 2560 1186 αὐτοῦ
2586 1133 2977 1203 γεγενημένην.
3014 1131 3078 1185 Τί
3107 1133 3214 1204 γάρ
3253 1132 3316 1186 ἀν
3348 1149 3430 1194 τις
3462 1131 3544 1183 λο-

1870 1217 2082 1286 γίσαιτο
2111 1218 2178 1270 τά
2199 1218 2298 1289 ἤδη
2329 1218 2408 1280 εἰς
2438 1219 2591 1288 ἡμᾶς
2635 1217 2996 1287 γεγενημένα,
3045 1215 3114 1269 τὰ
3137 1214 3537 1285 ἐπηγγελμένα,

1869 1297 1939 1352 τὰ
1972 1299 2096 1352 καθ’
2127 1301 2364 1372 ἑκάστην
2385 1300 2598 1372 ἡμέραν
2627 1299 2906 1369 γινόμενα·
2935 1300 3016 1352 ὅτι
3046 1300 3110 1352 ἐκ
3155 1297 3250 1352 τοῦ
3285 1298 3358 1368 μὴ
3387 1298 3548 1362 ὄντος

1871 1382 1952 1444 είς
1969 1383 2030 1434 τὸ
2050 1377 2188 1436 εἶναι
2211 1384 2554 1453 παρήγαγεν,
2585 1384 2665 1437 ὅτι
2689 1383 2783 1436 καὶ
2817 1382 2975 1453 σῶμα
3027 1381 3122 1436 καὶ
3154 1382 3332 1453 ψυχὴν
3364 1384 3544 1454 ἐχαρί-

1874 1466 2128 1529 σατο,δτι
2155 1465 2404 1535 λογικοὺς
2457 1468 2606 1537 ἡμᾶς
2653 1465 3106 1537 ἐδημιούργησεν,
3152 1466 3234 1518 ὃτι
3289 1464 3378 1518 τὸν
3403 1465 3540 1537 ἀέρα

1867 1547 2058 1602 τοῦτον
2091 1549 2350 1602 ἀναπνεῖν
2395 1548 2711 1619 ἐχαρίσατο,
2745 1549 2826 1602 ὅτι
2863 1550 2961 1618 τὴν
2996 1547 3172 1602 κτίσιν
3206 1547 3424 1602 ἃπασαν
3455 1548 3544 1601 διὰ

1869 1632 1969 1702 τὴν
1993 1631 2340 1704 ἀνθρωπίνην
2393 1632 2556 1702 φύσιν
2582 1632 2924 1702 παρήγαγεν,
2948 1632 3030 1685 ὅτι
3060 1629 3223 1692 αὐτὸς
3267 1630 3363 1700 μὲν
3388 1630 3544 1684 €600-

1869 1715 2007 1786 λήθη
2028 1718 2092 1770 ἐκ
2118 1716 2419 1788 προοιμίων
2436 1719 2533 1786 τῆς
2547 1715 2642 1770 τοῦ
2673 1717 2998 1785 παραδείσου
3016 1717 3222 1786 διαίτης
3251 1713 3543 1769 ἀπολαύειν

1869 1799 1960 1852 τὸν
1993 1799 2298 1871 ἄνθρωπον,
2349 1799 2443 1853 καὶ
2500 1799 2770 1854 ἀνώδυνον
2809 1799 2921 1870 βίον
2967 1799 3131 1870 ἔχειν,
3189 1800 3280 1853 καὶ
3340 1796 3539 1870 μόχθου

1869 1887 2070 1950 παντὸς
2103 1885 2541 1958 ἀπηλλαγμένον,
2582 1889 2674 1941 καὶ
2699 1887 2865 1959 μηδὲν
2889 1887 3107 1942 ἔλαττον
3136 1886 3280 1957 ἔχειν
3307 1887 3414 1942 τῶν
3443 1889 3543 1958 ἀγ-

1869 1970 2040 2038 γέλων
2062 1971 2154 2024 καὶ
2181 1970 2288 2023 τῶν
2317 1971 2628 2040 ἀσωμάτων
2667 1973 2890 2026 ἐκείνων
2943 1971 3221 2043 δυνάμεων
3243 1975 3300 2026 ἐν
3331 1972 3542 2042 σώματι

1868 2054 2223 2125 τυγχάνοντα,
2261 2053 2397 2107 ἀλλά
2433 2056 2526 2107 καὶ
2564 2055 2832 2128 ἀνώτερον
2886 2051 3158 2110 εἶναιτῶν
3215 2055 3543 2126 σωματικῶν

1868 2137 2160 2206 ἀναγκῶνς
2197 2132 2326 2189 Εἶτα
2357 2137 2542 2208 ἐπειδὴ
2571 2138 2658 2192 διὰ
2684 2139 2957 2210 ρᾳθυμίαν
2981 2137 3196 2208 ὐπήχθη
3242 2139 3306 2206 τῇ
3357 2139 3544 2209 ἀπάτῃ

1867 2216 1960 2270 τοῦ
1990 2216 2233 2271 διαϐόλου
2263 2219 2329 2288 τῇ
2357 2215 2446 2270 διά
2476 2217 2569 2270 τοῦ
2615 2217 2791 2287 ὄφεως
2826 2217 3215 2290 προσαχθείσῃ,
3243 2216 3362 2270 οὐδέ
3400 2215 3544 2270 οὕτω

1867 2299 2072 2354 διέλιπε
2105 2302 2196 2354 τὸν
2217 2301 2596 2373 ἡμαρτηκότα,
2631 2301 2720 2355 τὸν
2758 2301 3182 2373 παραϐεϐηκότα
3217 2301 3540 2372 εὐεργετῶν,

1867 2389 2122 2443 ἀλλὰκαὶ
2149 2381 2307 2442 δι’ὦν
2337 2389 2738 2462 ἐτιμωρήσατο,
2801 2389 3052 2461 καθάπερ
3107 2388 3201 2443 καὶ
3248 2387 3374 2458 χθὲς
3425 2387 3543 2440 ἐλέ-

1867 2494 2054 2548 γομεν,
2105 2477 2204 2549 τῆς
2238 2476 2448 2540 οίκείας
2499 2475 2909 2549 φιλανθρωπίας
2937 2476 3033 2548 τὴν
3095 2475 3397 2546 ὑπερϐολὴν
3447 2475 3543 2528 £1:-

1867 2565 2125 2631 εδείξατο,
2172 2564 2267 2618 καὶ
2301 2563 2470 2618 πολλὰ
2504 2565 2668 2636 ἕτερα
2701 2565 2793 2618 καὶ
2819 2563 3164 2635 ἀναρίθμητα
3210 2561 3544 2633 εὐεργεσιῶν

1867 2654 1989 2725 εἴδη
2013 2655 2094 2718 εἰς
2121 2652 2284 2708 αὐτὸν
2318 2653 2606 2710 κατέθετοκ
2635 2653 2744 2708 Καὶ
2797 2652 2980 2706 λοιπὸν
3009 2651 3103 2705 τοῦ
3161 2652 3352 2728 χρόνου
3405 2667 3541 2722 προ-

1865 2743 2070 2807 ϊόντος,
2115 2743 2208 2795 καὶ
2255 2740 2350 2795 τοῦ
2403 2741 2592 2811 γένους
2613 2739 2976 2812 αὐξανομένου
3007 2779 3022 2805 ,
3077 2740 3170 2793 καὶ
3216 2741 3294 2803 είς
3341 2739 3542 2792 κακίαν

1866 2828 2272 2893 ἀποκλίναντος,
2327 2828 2513 2900 ἐπειδὴ
2554 2827 2700 2900 ἐώρα
2731 2829 2924 2883 ἀνίατα
2967 2827 3224 2898 γινόμενα
3270 2825 3339 2879 τά
3368 2825 3547 2898 τραύ-.

1869 2935 2036 2989 ματα,
2058 2917 2310 2988 καθάπερ
2345 2915 2524 2988 ζύμην
2570 2915 2692 2970 τινά
2739 2914 3002 2987 πονηρὰν,
3038 2916 3164 2978 τούς
3204 2913 3302 2984 τῆς
3339 2914 3538 2979 κακίας

1867 3008 2103 3078 ἐργάτας
2125 3006 2389 3074 ἠφάνισε,
2476 3002 2794 3058 καταλιπὼν
2869 3004 2960 3056 τὸν
3030 3003 3235 3056 δίκαιον
3310 3003 3498 3058 τοῦτον
3518 3043 3546 3068 ,,
3616 2999 3621 3004 ’

1869 3094 2024 3164 ῥίζαν
2059 3093 2153 3147 καὶ
2196 3093 2367 3164 ἀρχὴν
2401 3092 2653 3164 γενέσθαι
2693 3091 2784 3145 τοῦ
2828 3090 2935 3145 τῶν
2980 3091 3281 3164 ἀνθρώπων
3322 3090 3534 3160 γένους.

1866 3183 1976 3236 Καὶ
2021 3182 2179 3236 πάλιν
2212 3175 2404 3234 σκόπει
2455 3179 2625 3250 πόσην
2662 3179 2792 3252 περὶ
2831 3179 2992 3233 αὐτὸν
3040 3178 3400 3232 ἐπιδείκνυται
3436 3179 3536 3250 τὴν

1867 3270 2195 3341 φιλοτιμίαν.
2231 3267 2364 3321 Ἀπὸ
2384 3267 2477 3321 τοῦ
2497 3267 2706 3321 δικαίου
2729 3267 2918 3321 τούτου
2943 3267 3036 3320 καὶ
3064 3266 3171 3320 τῶν
3191 3265 3380 3320 τούτου
3403 3265 3538 3319 υίῶν

1867 3358 2086 3412 ἃπασαν
2133 3357 2232 3427 τὴν
2265 3356 2372 3409 τῶν
2418 3354 2722 3429 ἀνθρώπων
2765 3354 2926 3424 φύσιν
2964 3357 3044 3419 εἰς
3091 3353 3342 3408 τοσοῦτον
3385 3352 3538 3426 [256}

1866 3445 2070 3518 πλῆθος
2115 3445 2406 3499 ἐπιδιδόναι
2441 3444 2839 3517 παρεσκεύασε,
2872 3445 2967 3498 καὶ
3009 3444 3150 3499 κατά
3183 3443 3377 3516 μικρὸν
3410 3443 3544 3508 τούς,

1865 3533 2101 3597 δικαίους
2138 3532 2519 3604 ἐκλεξάμενος,
2548 3533 2673 3596 τοὺς
2705 3533 3052 3605 πατριάρχας
3082 3531 3244 3601 λέγω,
3283 3531 3538 3585 διδασκά-

1865 3621 1989 3685 λους
2025 3621 2292 3692 ἐπέστησε
2333 3620 2409 3692 τῷ
2438 3621 2610 3691 λοιπῷ
2645 3620 2754 3674 τῶν
2783 3620 3086 3692 ἀνθρώπων
3115 3621 3284 3689 γένει,
3319 3618 3407 3673 διά
3440 3619 3542 3690 τῆς

1865 3709 2069 3774 οἰκείας
2118 3709 2324 3781 ἀρετῆς
2373 3709 2618 3772 ἅπαντας
2680 3711 2969 3778 ἐναγαγεῖν
3027 3707 3380 3779 δυναμένους,
3441 3709 3538 3760 καὶ

1867 3797 2117 3868 καθάπερ
2154 3797 2394 3869 ἰατροὺς,
2413 3797 2541 3860 τοὺς
2572 3796 2932 3867 νενοσηκότας
2962 3794 3286 3867 θεραπεύειν
3304 3795 3552 3866 δυναμέε

1865 3903 2006 3950 νους.
2040 3885 2176 3939 Ποτέ
2207 3885 2307 3956 μὲν
2344 3885 2422 3948 εἰς
2455 3885 2555 3957 τὴν
2588 3883 2971 3954 Παλαιστίνην,
3005 3883 3133 3938 ποτέ
3169 3883 3226 3938 δὲ
3261 3885 3339 3947 είς
3372 3884 3550 3952 Λίγυ-

1865 3992 1997 4028 πτον
2031 3974 2276 4042 κατάγει,
2312 3971 2448 4043 ὁμοῦ
2477 3972 2703 4026 καὶτῶν
2743 3970 2908 4026 αὐτοῦ
2939 3969 3140 4026 δούλων
3179 3969 3538 4043 ἐγγυμνάζων

1865 4063 1963 4134 τὴν
1993 4061 2290 4134 ὑπομονὴν,
2328 4061 2422 4114 καὶ
2444 4059 2541 4131 τήν
2568 4059 2774 4114 οἰκείαν
2812 4059 3041 4131 δύναμιν
3070 4060 3542 4134 περιφανεστέραν»

1865 4133 2113 4213 δεικνύςέ
2149 4147 2241 4202 καὶ
2292 4147 2555 4218 διηνεκῶς
2608 4145 2751 4200 οὓτω
2794 4133 3080 4201 διετέλεσέ
3107 4145 3407 4218 φροντίζων
3437 4147 3536 4217 τῆς

1863 4235 1971 4292 τῶν
2027 4233 2328 4301 ἀνθρώπων
2377 4233 2670 4305 σωτηρίας,
2718 4236 3000 4306 προφήτας
3050 4234 3385 4298 ἀναδεικνύς,
3443 4231 3537 4287 καὶ

1864 4325 2066 4396 σημεῖα
2091 4323 2184 4376 καὶ
2211 4319 2465 4392 θαύματα
2489 4321 2556 4375 δι’
2577 4321 2756 4375 αὐτῶν
2777 4321 3136 4376 ἐπιτελεῖσθαι
3167 4322 3352 4378 ποιῶν.
3384 4319 3533 4390 Εἶτα,

1863 4414 1950 4467 ἵνα
1980 4408 2260 4482 συντεμὼν
2291 4409 2430 4463 εἴπω
2455 4425 2468 4436 ·
2501 4409 2752 4482 καθάπερ
2780 4409 2888 4482 γὰρ
2920 4410 3018 4481 τῆς
3051 4410 3321 4484 θαἎάττης
3349 4411 3418 4465 τὰ
3447 4412 3540 4466 κύ.

1867 4516 2032 4571 ματα,
2064 4499 2167 4553 κᾶν
2199 4497 2458 4570 μυριάκις
2495 4497 2830 4570 βιασώμεθα,
2863 4499 2964 4552 οὐκ
2997 4499 3061 4554 ἄν
3089 4517 3219 4554 ποτε
3250 4487 3536 4572 δυνηθείη-

1867 4605 1965 4660 μεν
1991 4585 2424 4657 ἐξαριθμεῖσθαι,
2460 4585 2631 4649 οὕτως
2667 4587 2786 4642 οὐδέ
2812 4585 2873 4640 τὸ
2916 4587 3157 4642 ποικίλον
3182 4587 3288 4642 τῶν
3315 4581 3537 4659 εὐεργε-

1865 4676 1996 4729 σιῶν
2022 4673 2115 4728 τοῦ
2144 4673 2302 4739 Θεοῦ,
2325 4667 2398 4726 ὧν
2428 4675 2554 4745 περὶ
2586 4673 2682 4744 τὴν
2712 4675 2982 4747 ἡμετέραν
3008 4677 3168 4747 φύσιν
3201 4662 3530 4741 ἐπεδείξατο.

1863 4763 1936 4816 Τὸ
1962 4761 2018 4816 δέ
2049 4760 2375 4826 τελευταῖον,
2422 4761 2611 4832 ἐπειδὴ
2644 4759 2751 4815 εἶδε
2799 4763 2937 4834 μετά
2984 4763 3248 4835 τοσαύτην
3279 4764 3536 4836 πρόνοιαν

1863 4850 1943 4904 ἔτι
1971 4849 2174 4920 πολλῆς
2206 4850 2300 4903 καὶ
2333 4851 2540 4918 ἀφάτου
2567 4850 2975 4922 φιλανθρωπίας
3003 4851 3262 4924 δεομένην
3295 4852 3392 4922 τὴν
3426 4852 3540 4904 τῶν

1862 4937 2164 5010 ἀνθρώπων
2197 4936 2378 5004 φύσιν,
2411 4938 2500 4990 καὶ
2532 4937 2682 4991 οὐδὲν
2721 4937 2880 4993 πλέον
2924 4938 3267 5008 ἰσχύσαντας,
3303 4939 3361 4991 οὐ
3406 4931 3533 5002 τούς

1863 5027 2226 5097 πατριάρχας,
2270 5025 2330 5078 οὐ
2361 5025 2484 5088 τοὺς
2526 5025 2828 5098 προφήτας,
2864 5027 2924 5078 οὐ
2958 5025 3026 5078 τὰ
3069 5025 3320 5096 θαύματα
3352 5030 3534 5082 ἐκεῖνα

1860 5114 1930 5168 τὰ
1961 5112 2256 5184 παράδοξα,
2307 5113 2368 5166 οὐ
2408 5112 2506 5176 τὰς
2543 5112 2811 5184 τιμωρίας
2855 5114 2948 5167 καὶ
2985 5113 3083 5177 τάς
3123 5113 3400 5179 νουθεσίας
3432 5116 3532 5180 τὰς

1862 5200 1982 5255 καθ’
2006 5199 2232 5254 ἕκαστον
2261 5200 2623 5270 ἐπαγομένας,
2656 5199 2751 5253 καὶ
2778 5200 2875 5264 τὰς
2917 5200 3290 5272 αἰχμαλωσίας
3316 5204 3550 5267 ἐκείνας,

1859 5290 1958 5354 τάς
1988 5289 2341 5361 ἐπαλλήλους,
2367 5288 2556 5358 ὥσπερ
2575 5287 2846 5360 οἰκτείρας
2878 5289 2938 5343 τδ
2967 5290 3120 5359 γένος
3152 5290 3212 5343 τὸ
3241 5291 3527 5365 ἡμέτερον,

1859 5377 1968 5430 τῶν
1997 5376 2185 5447 ψυχῶν
2229 5377 2321 5430 καὶ
2365 5376 2473 5428 τῶν
2503 5376 2769 5448 σωμάτων
2816 5377 3016 5450 ἰατρὸν,
3056 5377 3146 5430 τὸν
3187 5377 3314 5432 Υίὸν
3365 5380 3526 5434 αὐτοῦ

1860 5466 1950 5518 τὸν
1992 5464 2254 5536 μονογενῆ
2309 5465 2372 5517 ἐκ
2417 5464 2522 5518 τῶν
2565 5463 2779 5518 κόλπων
2826 5465 3156 5536 ἀναστήσας,
3209 5465 3282 5530 ώς
3331 5468 3543 5530 εἰπεῖν,

1859 5553 1966 5607 τῶν
1993 5551 2294 5622 πατρικῶν,
2319 5551 2503 5606 δούλου
2530 5550 2742 5622 μορφὴν
2765 5553 3097 5608 ἀναλαϐόντα
3120 5556 3532 5624 παρεσκεύασεν

1861 5644 1923 5696 ἐκ
1953 5638 2220 5713 παρθένου
2259 5639 2529 5712 τεχθῆναι,
2566 5641 2653 5693 καὶ
2693 5637 2788 5691 σὺν
2824 5640 2952 5712 ἡμῖν
2978 5639 3402 5714 ἀναστραφῆναι,
3433 5642 3538 5700 καὶ·
