3760 6264
103 269 207 326 261

94 399 226 440 cum
280 382 624 450 conversari,
667 391 722 439 et
748 381 927 439 omnia
973 389 1154 438 nostra
1196 382 1373 450 ferre,
1425 392 1484 438 ιιι
1517 398 1685 455 genus

95 484 346 530 nostrum
373 475 602 546 peccatis
631 488 946 545 oppressum
968 473 1156 545 jacens
1173 489 1204 529 ιι
1235 475 1390 531 terris
1415 476 1467 530 in
1497 470 1684 531 caelum

93 565 404 622 subvehere
431 566 614 636 possit.
642 564 710 620 Et
735 564 840 621 hoc
865 565 1250 636 obstupescens
1278 564 1494 621 tonitrui
1522 566 1677 632 ﬁlius,

87 655 557 726 tonsideransque
584 654 882 711 dilectionis
900 655 1094 710 divinae
1112 655 1500 722 excellentiam,
1523 671 1682 726 quam

89 757 233 814 erga
254 760 422 814 genus
451 753 689 800 nostrum
719 742 1007 800 declaravit
1024 785 1038 810 ,
1065 745 1328 802 clamabat
1354 753 1410 802 et
1432 745 1680 802 dicebat:

92 836 194 888 Sic
215 837 352 890 enim
392 836 534 891 Deus
579 837 756 892 dilexit
802 838 1046 892 mundum
1091 837 1272 909 (Joan.
1303 840 1358 894 5.
1387 840 1500 912 16).
1551 841 1683 898 Vide

88 938 304 994 quanto
327 927 588 982 miraculo
615 928 769 997 plena
798 927 913 984 haec
937 928 1100 984 dictio
1128 947 1142 985 :
1172 929 1296 997 Sic,
1325 931 1432 996 ait,
1462 933 1538 987 rei
1569 949 1684 988 ma-

85 1018 430 1087 gnitudinem
459 1019 786 1089 expendens,
815 1035 971 1090 quam
995 1020 1231 1076 dicturus
1251 1031 1369 1078 erat
1397 1039 1410 1077 :
1441 1033 1682 1095 propter-

83 1123 158 1160 ea
197 1108 292 1162 ad.
314 1108 452 1164 bune
489 1109 706 1164 modum
766 1125 994 1167 exorsus
1030 1119 1158 1168 est:
1201 1111 1291 1168 Sic
1338 1113 1532 1168 dilexit.
1586 1115 1682 1171 Dic

86 1197 262 1267 igitur
282 1200 461 1265 nobis,
492 1199 647 1255 beate
672 1199 906 1256 Joannes
925 1242 940 1268 ,
965 1203 1232 1272 quomodo
1258 1202 1346 1258 Sic
1368 1203 1393 1257 7
1416 1203 1502 1259 dic
1528 1219 1680 1259 men-

84 1303 280 1345 suram
304 1333 319 1358 ,
362 1291 448 1346 dic
486 1291 902 1362 magnitudinem
927 1337 943 1358 ,
991 1292 1125 1347 doce
1156 1308 1254 1348 nos
1281 1294 1676 1350 excellentiam.

85 1381 196 1433 Sic
213 1383 350 1436 enim
375 1382 548 1436 dilexit
579 1382 714 1437 Deus
747 1383 1032 1450 mundum,
1075 1394 1128 1437 ut
1165 1383 1356 1438 Filium
1385 1401 1531 1438 suum
1560 1387 1678 1440 uni-

83 1473 319 1541 genitum
347 1474 509 1541 daret,
541 1483 594 1528 ut
620 1476 781 1530 omnis
799 1475 886 1546 qui
905 1475 1062 1530 credit
1085 1477 1138 1530 in
1166 1477 1333 1542 illum,
1365 1493 1466 1532 non
1485 1487 1674 1548 pereat,

82 1563 182 1614 ml
205 1563 386 1617 habeat
414 1565 567 1618 vitam
592 1575 854 1620 (sternam.

162 1654 336 1708 Causa
360 1657 597 1711 adventus
624 1654 828 1711 Christi.
853 1688 926 1698 —
949 1655 1135 1713 Vidisti
1163 1675 1374 1715 causam
1414 1661 1676 1717 adventus

81 1745 212 1800 Filii
259 1747 395 1803 hanc
421 1736 562 1816 esse,
594 1757 653 1803 ut
693 1764 790 1820 per
817 1747 975 1805 ﬁdem
1004 1751 1054 1806 in
1079 1751 1228 1805 illum
1259 1752 1294 1806 ii
1330 1753 1417 1823 qui
1451 1755 1672 1824 perituri

78 1850 266 1906 erant,
299 1838 487 1895 salutis
508 1841 840 1897 occasionem
872 1843 1214 1898 invenirent?
1242 1844 1523 1913 Quomodo
1546 1846 1666 1917 quis

78 1940 270 1986 mente
309 1934 612 2004 conceperit
652 1949 900 2005 magnam
935 1945 988 1990 et
1015 1935 1386 1992 admirabilem
1409 1937 1553 1992 illam
1576 1981 1590 2006 ,
1619 1948 1672 1993 et

77 2037 208 2090 qua:
257 2037 472 2079 omnem
515 2023 773 2080 rationem
811 2026 1008 2092 vincit,
1063 2027 1469 2096 liberalitatem,
1515 2045 1672 2100 quam

76 2123 296 2168 natura:
323 2124 518 2171 nostrae
539 2132 633 2186 per
648 2117 843 2172 donum
867 2118 1110 2188 baptismi
1129 2121 1412 2184 concessit,
1431 2123 1666 2177 omnium

77 2218 434 2274 peccatorum
480 2218 782 2264 nostrorum
826 2210 947 2267 data
989 2211 1362 2269 remissione?
1397 2214 1510 2270 Sed
1545 2216 1681 2286 quid‘

74 2295 260 2351 dicam
279 2297 310 2354 ἓ
333 2315 502 2372 neque
533 2315 682 2356 mens
709 2300 941 2369 sufficit,
987 2318 1160 2374 neque
1185 2303 1363 2359 sermo
1387 2306 1526 2361 valet
1561 2321 1670 2362 cac-

77 2398 190 2440 tera
223 2402 564 2446 enumerare.
594 2390 723 2444 Nam
743 2393 1079 2462 quantumvis
1103 2393 1308 2463 dixero,
1333 2397 1501 2451 multo
1522 2399 1668 2468 plura

73 2481 241 2538 dictis
288 2494 568 2552 praetereo.
617 2485 735 2540 iam
776 2486 895 2556 quis
939 2487 1264 2557 paenitentiae
1307 2490 1443 2543 viam
1472 2491 1672 2560 cogita-

74 2574 238 2638 verit,
294 2588 456 2644 quam
504 2574 736 2630 humano
778 2579 960 2648 generi
1011 2587 1192 2632 nostro
1234 2579 1304 2634 ob
1349 2579 1668 2636 ineffabilem

73 2663 509 2720 misericordiam
541 2681 692 2721 suam
721 2669 1010 2734 concessit,
1041 2679 1096 2722 et
1126 2679 1246 2738 post
1275 2669 1520 2740 baptismi
1549 2688 1670 2742 gra-

75 2756 205 2809 tiam
228 2797 244 2821 ,
287 2757 552 2812 mirabilia
595 2759 684 2813 illa
726 2759 971 2814 mandata
1001 2802 1016 2827 ,
1047 2776 1141 2829 per
1166 2776 1320 2832 quae,
1351 2763 1393 2816 si
1419 2763 1667 2832 velimus,

75 2849 383 2916 poterimus
411 2849 525 2918 ejus
549 2849 704 2905 nobis
719 2851 938 2921 gratiam
963 2851 1289 2907 conciliare?

142 2939 204 2994 2.
238 2939 474 3009 Vidisti,
522 2941 749 3007 dilecte,
795 2943 1044 3014 abyssum
1076 2945 1215 3000 illius
1240 2946 1618 3003 beneficiorum
1644 2949 1668 3002 'l

72 3030 258 3084 vidisti
290 3041 488 3102 quanta
513 3036 1003 3090 enumeraverimus
1027 3077 1041 3101 ,
1071 3036 1164 3091 sed
1195 3037 1426 3092 nondum
1450 3053 1666 3109 parvam

71 3137 270 3178 eorum
299 3132 506 3197 partem
524 3125 706 3182 dicere
735 3128 1002 3196 potuimus
1026 3127 1050 3180 ?
1092 3126 1367 3194 Quomodo
1395 3131 1536 3184 enim
1565 3131 1663 3184 hu-

71 3231 234 3270 mana
269 3215 448 3286 lingua
475 3233 591 3287 qure
611 3233 639 3270 a
664 3218 774 3274 Deo
803 3219 956 3274 nobis
982 3220 1172 3274 collata
1199 3230 1322 3276 sunt
1349 3231 1668 3291 pertractare

73 3309 304 3373 posset?
350 3311 420 3365 At
443 3310 565 3368 licet
593 3311 678 3365 illa
707 3320 848 3366 tanta
873 3328 937 3367 ac
963 3313 1084 3366 talia
1116 3303 1242 3379 Sint,
1272 3315 1438 3369 multo
1467 3316 1664 3385 majora

71 3410 124 3452 cl
165 3400 523 3456 ineﬂ‘abiliora
554 3411 679 3458 sunt
709 3403 962 3459 bcnelicia
989 3447 1004 3471 ,
1037 3421 1155 3476 qua:
1183 3407 1232 3460 in
1263 3406 1440 3461 futuro
1470 3409 1666 3462 szrcnlo

72 3508 170 3560 per
197 3494 456 3548 virtutum
486 3495 622 3550 viam
649 3495 1014 3552 incedentibus
1035 3539 1050 3564 ,
1081 3507 1136 3552 et
1166 3498 1288 3552 hinc
1315 3499 1664 3569 migrantibus

68 3585 328 3639 daturum
356 3600 414 3641 se
436 3588 702 3656 promisit.
743 3588 976 3656 Quorum
1007 3589 1420 3659 magnitudinem
1453 3601 1508 3645 ut
1536 3608 1669 3660 pau-

67 3677 149 3731 cis
171 3678 360 3732 verbis
387 3679 538 3734 nobis
567 3681 965 3736 commendaret
991 3682 1177 3737 beatus
1206 3683 1399 3738 Paulus
1420 3726 1436 3752 ,
1467 3685 1661 3755 inquit:

72 3768 207 3832 Qum
234 3770 414 3823 oculus
443 3787 543 3824 non
575 3771 733 3839 vidit,
779 3781 825 3827 et
851 3774 991 3827 auris
1013 3761 1112 3828 nati
1139 3775 1328 3828 audivit
1352 3816 1368 3842 ,
1414 3786 1460 3829 et
1500 3781 1552 3830 in
1581 3793 1667 3831 cor

69 3860 302 3914 hominis
327 3877 426 3914 non
453 3863 814 3929 ascenderunt,
856 3881 968 3934 quia
997 3867 1299 3935 prwparavit
1327 3865 1462 3920 Deus
1492 3870 1552 3921 iis
1577 3871 1665 3939 qui

69 3954 300 4025 diligunt
337 3971 391 4007 se
427 3955 506 4024 (l.
539 3954 654 4009 Cor.
682 3955 736 4010 2.
761 3957 837 4027 9).
895 3957 1080 4012 Vidisti
1125 3957 1261 4013 dona
1307 3959 1662 4016 excellentia?

69 4047 252 4100 vidisti
288 4046 546 4100 beneﬁcia
576 4048 715 4102 illius
737 4064 948 4103 omnem
979 4049 1264 4105 humanam
1288 4053 1660 4123 cogitationem

69 4136 514 4191 lranscendenlia
537 4139 560 4192 ’ἓ
590 4138 724 4193 Dicit
742 4140 903 4205 enim,
936 4139 1001 4194 In
1025 4157 1112 4194 cor
1130 4142 1346 4196 hominis
1372 4161 1470 4197 non
1495 4162 1659 4199 ascen-

65 4229 279 4280 derunt.
313 4228 364 4282 Si
397 4229 552 4299 igitur
579 4231 822 4285 volumus
849 4231 934 4286 illa
963 4233 1140 4287 animo
1165 4234 1460 4298 revolvere,
1491 4245 1542 4290 et
1564 4251 1663 4307 pro

65 4320 281 4374 viribus
326 4321 520 4375 nostris
566 4324 762 4393 gratias
799 4337 992 4394 agere,
1038 4324 1332 4395 poterimus
1357 4328 1522 4381 multo
1553 4345 1663 4383 ma-

59 4413 245 4478 jorem
277 4410 422 4464 illius
447 4413 670 4482 gratiam
701 4414 854 4468 nobis
878 4414 1162 4471 conciliare
1181 4456 1199 4483 ,
1225 4426 1279 4471 et
1303 4417 1371 4471 ad
1410 4419 1657 4474 virtutem

61 4502 245 4572 magis
291 4502 472 4560 idonei
519 4503 654 4564 ﬁeri.
703 4504 955 4561 Memoria
984 4507 1125 4562 enim
1155 4507 1534 4564 beneficiorum
1568 4511 1658 4566 Dei

58 4593 349 4648 sufﬁciens
372 4604 475 4661 est,
501 4611 618 4666 qua:
635 4595 700 4650 ad
721 4598 972 4652 virtutum
987 4598 1194 4655 labores
1214 4615 1309 4654 nos
1324 4599 1657 4669 adhortetnr,

58 4694 122 4740 et
150 4695 417 4754 praeparet
440 4697 498 4740 ut
524 4689 801 4756 praesentia
827 4689 1006 4743 omnia
1030 4690 1383 4759 despiciemus
1407 4733 1422 4757 ,
1451 4702 1501 4746 ct
1527 4705 1582 4746 ut
1610 4693 1658 4747 ci

56 4777 159 4848 qui
212 4786 358 4830 tanta
409 4777 460 4830 in
515 4791 611 4832 nos
657 4779 909 4834 beneﬁcia
961 4781 1214 4845 contulit,
1269 4782 1654 4849 adhaareamus,

57 4885 311 4926 amorem
341 4871 393 4924 in
424 4871 568 4924 illum
603 4870 824 4942 singulis
849 4872 1037 4929 diebus
1074 4883 1290 4928 auctum
1321 4873 1653 4930 exhibentes.

59 4961 205 5015 llinc
235 4962 436 5014 etenim
469 4960 654 5015 beatus
681 4962 780 5016 iste
809 4970 1004 5017 tantam
1040 4963 1132 5017 Dei
1159 4964 1380 5032 gratiam
1407 4974 1462 5018 et
1484 4965 1653 5018 hono-

57 5068 184 5107 rem
212 5051 320 5106 sibi
347 5052 679 5117 conciliavit,
716 5053 836 5122 quia
864 5053 930 5108 de
962 5055 1226 5123 prioribus
1251 5055 1450 5125 gratias
1481 5055 1657 5109 reddi-

56 5143 164 5196 dit.
214 5141 323 5196 Sed
370 5150 427 5195 ut
453 5142 786 5198 manifestior
820 5144 970 5199 nobis
997 5146 1084 5200 ilie
1117 5153 1297 5200 seruio
1326 5147 1414 5199 ﬁat
1435 5187 1449 5212 ,
1478 5161 1654 5215 operae

57 5232 301 5304 pretium
324 5241 409 5286 est
431 5273 444 5297 ,
477 5241 534 5287 ut
558 5233 766 5288 initium
794 5249 978 5290 eorum
1006 5252 1122 5306 qua:
1154 5236 1311 5290 hodie
1340 5237 1475 5291 lecta
1504 5246 1649 5305 sunt,

55 5324 278 5380 caritati
330 5335 524 5378 vestrm
568 5340 882 5395 proponam.
935 5326 1068 5382 Nam
1121 5337 1397 5397 postquam
1427 5342 1490 5383 ex
1529 5343 1652 5384 arca

1122 267 1190 326 IN
1226 269 1377 327 CAP.
1420 271 1552 328 Vlli.
1593 271 1835 330 GENES.
1877 275 2105 334 HOMIL.
2135 277 2347 332 XXV".

3265 285 3370 348 2l2

1797 386 1881 442 bis
1899 388 2078 446 verbis
2101 408 2115 446 :
2132 390 2347 448 Crescite
2365 402 2412 448 et
2432 393 2852 467 multiplicamini,
2871 397 3071 456 docens
3099 415 3198 457 nos
3220 401 3367 458 Scri-

1794 486 1945 546 ptura
1987 478 2114 548 justi
2155 489 2361 549 gratum
2388 483 2658 551 animum,
2698 486 2825 542 dicit
2857 505 2871 542 :
2898 487 2990 545 20.
3021 489 3372 561 Etcdiﬁeavit

1803 565 1918 622 Noe
1942 569 2104 622 altare
2133 569 2348 627 Domino
2367 614 2382 639 ,
2423 584 2468 628 et
2503 577 2694 644 accepit
2733 578 2797 633 de
2835 579 3064 637 erunibus
3111 583 3368 652 pecoribus

1793 657 2015 724 mundis,
2037 668 2084 712 et
2113 659 2174 712 de
2192 661 2418 716 omnibus
2447 665 2728 722 volatilibus
2748 671 2969 738 mundis,
2996 679 3043 725 et
3069 671 3246 728 obtulit
3268 674 3334 728 lto
3351 705 3365 716 -

1793 746 2072 802 locaustum
2111 767 2260 820 super
2287 752 2467 808 altare.
2525 755 2814 828 Diligenter
2849 761 3128 818 considera
3153 805 3170 832 ,
3197 766 3366 821 caris-

1790 839 1964 909 sime,
2010 857 2076 896 ex
2119 846 2465 912 prtesentibus
2495 849 2706 914 verbis,
2759 852 3026 920 quomodo
3071 854 3127 910 in
3177 866 3362 913 natura

1791 940 1968 985 nostra
1995 935 2232 988 omnium
2249 933 2504 992 Conditor
2528 939 2717 994 insevit
2741 952 2938 998 certam
2962 945 3176 1003 virtutis
3201 950 3367 1004 scien-

1791 1019 1937 1074 tiam.
1966 1021 2116 1078 Unde
2145 1026 2284 1079 enim
2313 1067 2325 1092 ,
2367 1025 2451 1082 dic
2469 1069 2485 1094 ,
2512 1043 2629 1097 oro,
2656 1029 2801 1100 justo
2823 1034 2897 1089 illi
2928 1035 3029 1091 hoc
3054 1037 3108 1093 in
3130 1047 3362 1095 mentem

1789 1111 2062 1166 venisset?
2102 1113 2286 1170 Nullus
2325 1128 2438 1172 erat
2465 1117 2599 1175 alius
2627 1137 2783 1191 quem
2813 1123 3034 1181 videret.
3078 1129 3182 1185 Sed
3223 1132 3364 1188 sicut

1788 1197 1841 1251 in
1873 1202 2132 1270 principio
2163 1206 2293 1260 Abel
2337 1208 2426 1264 ille
2456 1211 2608 1278 primi
2650 1212 2882 1270 hominis
2919 1215 3092 1283 illius,
3125 1234 3155 1274 a
3185 1221 3363 1292 seipse

1787 1293 2141 1348 commonitus
2165 1335 2180 1361 ,
2226 1312 2411 1366 magna
2440 1299 2709 1371 diligentia
2739 1303 3058 1377 obiationem
3087 1309 3312 1379 perfecit
3343 1328 3357 1367 :

1786 1381 1865 1437 sic
1893 1385 2073 1454 utique
2103 1403 2242 1442 nunc
2267 1398 2321 1443 et
2354 1390 2532 1461 justus
2560 1393 2649 1449 ille
2671 1435 2688 1463 ,
2715 1411 2810 1452 sua
2837 1397 3111 1455 voluntate
3134 1410 3189 1456 et
3213 1402 3356 1458 arbiv

1786 1471 1890 1526 trio
1913 1489 2084 1542 sano,
2130 1488 2383 1549 quantum
2429 1481 2674 1541 humanis
2703 1487 2900 1544 viribus
2945 1493 3152 1558 potuit,
3199 1505 3360 1564 utque

1785 1561 2081 1620 faciendum
2127 1573 2361 1638 putavit,
2395 1573 2620 1630 Domino
2649 1591 2743 1646 per
2771 1577 3046 1636 sacriﬁcia.
3069 1561 3359 1651 gratiarum

1782 1654 2045 1711 actionem
2076 1660 2362 1716 retulit..Et
2391 1664 2510 1720 vide
2537 1676 2732 1735 quanta
2761 1669 3357 1743 sapientiaaexsequitnr

1782 1748 1979 1802 omnia.
2013 1749 2355 1822 Neque-enim
2387 1756 2665 1825 splendido
2689 1775 2835 1829 opus
2855 1761 3078 1818 habebat
3108 1763 3355 1832 aediﬁcio,

1781 1851 1954 1909 neque
2011 1843 2242 1912 templo,
2300 1861 2476 1916 neque
2529 1847 2688 1902 domo
2738 1851 2984 1922 quapiam
3032 1852 3356 1921 admirabili,

1780 1930 2082 2000 neque-alio
2107 1935 2294 2002 quovis
2327 1955 2339 1990 :
2372 1939 2575 1994 sciebat
2601 1941 2742 1996 enim
2766 1983 2782 2010 ,
2808 1942 3012 1999 sciebat
3039 1944 3219 2016 utique
3244 1945 3353 2002 Do-

1779 2022 1980 2078 minum
2021 2036 2267 2082 mentem
2289 2030 2455 2085 solam
2499 2032 2805 2103 requirere;
2853 2044 2910 2092 et
2951 2047 3225 2095 exstructo
3268 2049 3354 2095 tu-

1778 2114 2058 2171 multuaria
2099 2133 2260 2187 opera
2303 2121 2493 2191 altari,
2534 2139 2654 2179 cum
2697 2128 2991 2198 accepisset
3017 2131 3260 2201 quaedam
3287 2149 3352 2190 es

1777 2208 2093 2265 animalibus
2120 2213 2330 2268 mundis
2353 2255 2368 2278 ,
2415 2224 2469 2271 et
2506 2233 2571 2271 ex
2614 2218 2798 2274 avibus
2824 2223 3071 2290 mundis,
3099 2223 3341 2280 bolocaw

1777 2306 1917 2353 stum
1954 2300 2181 2368 obtulit,
2228 2313 2540 2377 gratamque
2588 2323 2737 2364 suam
2785 2310 3113 2369 voluntatem
3157 2324 3353 2384 quanta

1777 2391 1947 2462 potuit
1989 2394 2234 2452 facultate
2275 2399 2548 2458 ostendit:
2589 2417 2745 2471 quam
2796 2405 3099 2474 approbans
3144 2408 3354 2464 miseri-

1775 2496 1896 2538 cors
1918 2483 2058 2539 Deus
2085 2496 2139 2542 et
2166 2489 2489 2546 voluntatem
2524 2495 2836 2561 coronavit,
2882 2504 2938 2551 et
2979 2497 3172 2553 iterum
3200 2513 3352 2554 suam

1776 2575 2142 2636 liberalitatem
2171 2597 2296 2652 erga
2327 2583 2473 2638 illum
2504 2585 2813 2643 declaravit.
2861 2589 2998 2644 Dicit
3033 2591 3174 2645 enim
3205 2591 3352 2646 Scri-

1777 2678 1928 2739 ptura
1962 2688 1976 2726 :
2015 2671 2105 2728 21.
2137 2673 2204 2727 Et
2240 2675 2478 2731 odoratus
2507 2670 2578 2732 est
2606 2677 2852 2733 Dominus
2878 2679 3083 2736 odorem
3110 2686 3351 2754 fragran-

1774 2761 1876 2815 tiaz.
1932 2762 2064 2818 Vide
2110 2766 2375 2835 quomodo
2421 2769 2629 2824 animus
2675 2770 2950 2827 olfereutis
3005 2773 3246 2839 fumant,
3295 2785 3359 2834 et

1776 2853 2014 2911 nidorem
2041 2897 2056 2923 ,
2095 2866 2148 2912 et
2173 2874 2384 2914 omnem
2412 2877 2530 2932 qme
2561 2865 2682 2918 inde
2712 2867 2948 2920 nascitur
2973 2866 3345 2924 insuavitatem

1774 2945 1935 3001 multa
1965 2946 2251 3018 fragrantia
2280 2952 2534 3024 implevit.
2581 2954 2781 3011 ideirco
2809 2966 2863 3012 et
2888 2957 3082 3014 Paulus
3108 2959 3350 3016 scribens

1770 3037 1981 3094 dicebat
2010 3057 2024 3093 :
2052 3039 2226 3095 Bonus
2253 3044 2379 3097 odor
2405 3045 2590 3101 Christi
2620 3064 2796 3102 sumus
2819 3090 2834 3117 ,
2866 3051 2919 3104 in
2944 3051 3006 3104 iis
3030 3052 3114 3120 qui
3140 3052 3348 3107 salvan-

1773 3141 1888 3199 tur,
1928 3143 1973 3186 et
2015 3133 2066 3186 in
2097 3134 2160 3188 iis
2187 3136 2272 3204 qui
2302 3148 2554 3205 pereunt:
2589 3149 2636 3194 et
2677 3141 2738 3196 iis
2779 3143 2980 3210 quidem
3017 3143 3146 3198 odor
3173 3147 3350 3200 mortis

1770 3225 1822 3278 in
1849 3236 2080 3292 manem,
2111 3226 2212 3282 illis
2234 3239 2403 3283 autem
2429 3231 2553 3285 odor
2580 3233 2690 3287 vilic
2713 3234 2765 3286 in
2790 3235 2960 3289 vitam.
2989 3234 3208 3292 Odorem
3235 3241 3346 3308 fra-

1769 3319 2015 3386 grantiw'
2049 3319 2122 3390 (‘2.
2155 3319 2273 3373 Cor.
2307 3321 2360 3374 2.
2392 3321 2507 3391 15.)

1841 3411 1943 3464 Cur
1974 3410 2106 3466 Deus
2134 3415 2385 3482 sacriﬁcia
2415 3418 2648 3488 exegerit.
2675 3418 2996 3475 Circumcisio
3025 3423 3168 3476 nihil"
3195 3425 3350 3495 perﬁd-

1769 3520 1880 3557 cere
1906 3515 2064 3573 potest
2090 3506 2158 3558 ad
2183 3509 2411 3561 salutem.
2448 3540 2519 3549 —
2568 3510 2644 3566 Ne
2675 3512 2961 3569 ollendaris
3001 3516 3166 3571 verbo
3205 3532 3348 3573 cras-

1770 3596 1910 3651 siore
1941 3612 1956 3649 :
1985 3598 2077 3652 sed
2110 3598 2266 3669 bnjtrs
2294 3603 2435 3655 verbi
2483 3611 2884 3675 attemperatam
2933 3609 3192 3664 rationem
3243 3621 3345 3666 tute

1770 3690 2061 3747 inﬁrmitati
2090 3694 2400 3750 adscribcns
2424 3697 2653 3769 intelligo
2682 3700 2823 3766 hinc,
2873 3714 3142 3775 acceptam
3186 3704 3346 3760 fuisse

1770 3784 1882 3840 Deo
1908 3786 2230 3842 oblationem
2275 3788 2424 3859 justi.
2480 3790 2548 3845 lit
2571 3793 2710 3847 enim
2749 3810 2845 3864 per
2871 3811 2958 3850 res
2980 3795 3122 3866 ipsas
3148 3797 3346 3852 sciatur

1769 3876 2053 3932 Dominum
2085 3880 2276 3934 nullius
2306 3880 2562 3952 indigere,
2590 3893 2644 3938 et
2664 3894 2877 3956 propter
2897 3885 3027 3940 nihil
3059 3887 3198 3942 aliud
3230 3887 3344 3943 haec

1769 3968 1882 4024 ﬁeri
1913 3972 2215 4035 permisisse
2241 4015 2255 4038 ,
2283 3989 2438 4043 quam
2460 3984 2513 4029 ut
2538 3975 2778 4031 homines
2798 3977 2860 4032 ad
2878 3988 3084 4048 gratum
3108 3980 3342 4035 animum

1766 4060 2055 4117 adduceret
2088 4080 2101 4115 :
2138 4072 2416 4133 propterea
2465 4069 2731 4122 concessit
2773 4077 2835 4122 ut
2886 4069 3018 4139 igne-
3051 4083 3340 4129 consume-

1767 4164 1972 4222 rentur,
1997 4165 2053 4211 ut
2081 4172 2144 4212 ex
2179 4156 2242 4211 iis
2290 4174 2410 4228 qua:
2456 4159 2586 4214 ﬁunt
2613 4201 2626 4224 ,
2656 4159 2862 4216 discant
2891 4161 2925 4216 ii
2952 4162 3044 4232 qui
3085 4163 3336 4232 oll'erunr,

1765 4252 1942 4304 omnia
1974 4265 2185 4322 propter
2208 4268 2392 4308 eorum
2422 4255 2700 4313 utilitatem
2734 4257 2870 4312 ﬁeri.
2899 4258 3077 4328 Quare
3119 4272 3295 4317 autem
3322 4305 3336 4328 ,

1765 4341 1877 4408 die,
1901 4357 2103 4412 qua-so,
2137 4344 2251 4399 ha-c
2301 4345 2415 4400 ﬁeri
2455 4346 2673 4401 omnino
2718 4349 2975 4418 permittit
3000 4350 3024 4405 2
3050 4349 3115 4404 Ει
3155 4351 3207 4406 in
3238 4351 3341 4406 hoc

1769 4444 1965 4488 nostra:
1995 4435 2316 4490 inﬁrmitatis
2339 4437 2564 4492 habetur
2586 4438 2740 4493 ratio.
2764 4438 2896 4506 Quia
2928 4441 3074 4496 enim
3095 4441 3340 4496 homines

1766 4528 2013 4598 paulatim
2039 4544 2068 4582 a
2093 4544 2220 4584 vero
2246 4529 2342 4584 Dei
2366 4529 2509 4583 cultu
2537 4530 2790 4586 defecturi
2818 4541 2993 4600 erant,
3011 4540 3068 4588 et
3085 4534 3185 4589 sibi
3206 4534 3344 4590 deos

1763 4621 2084 4690 cooptaturi,
2112 4622 2304 4692 quibus
2327 4622 2586 4678 sacriﬁcia
2607 4623 2966 4694 immolarent,
2998 4625 3148 4697 prius
3169 4628 3339 4684 voluit

1763 4720 1820 4765 ut
1845 4711 1942 4766 sibi
1975 4711 2114 4767 dona
2136 4711 2479 4781 oll‘errentur,
2503 4729 2612 4784 quo
2637 4714 2723 4770 vel
2746 4716 2824 4771 sic
2843 4715 3184 4786 depellerem
3214 4733 3336 4790 pcr-

1763 4802 1964 4857 nicioso
1988 4818 2168 4859 errore
2197 4819 2289 4858 eos
2314 4805 2506 4874 quibus
2531 4804 2667 4861 inde
2683 4806 2973 4875 periculum
2998 4807 3329 4864 imminebat.

1761 4896 1828 4950 Et
1872 4905 1930 4950 ut
1983 4895 2242 4965 intelligas
2303 4896 2416 4951 haec
2453 4898 2632 4952 omnia
2679 4907 2932 4953 concessa
2960 4899 3122 4956 fuisse
3144 4901 3213 4956 ob
3233 4918 3332 4956 no-

1760 4998 1923 5044 stram
1955 4989 2348 5054 infirmitatem,
2390 4991 2602 5046 attende
2645 4992 2911 5061 quomodo
2962 5003 3144 5062 postea
3193 5007 3332 5051 tem-

1761 5097 1888 5152 pore
1918 5083 2252 5151 procedente,
2286 5084 2511 5138 voluerit
2566 5083 3022 5140 circumcisioaem
3069 5101 3167 5155 pro
3216 5089 3330 5157 lege

1758 5174 1937 5236 statui,
1968 5190 2070 5226 non
2099 5173 2237 5242 quod
2283 5174 2347 5226 ad
2395 5175 2587 5227 anima:
2636 5174 2857 5227 salutem
2912 5176 3168 5244 perlicere
3215 5179 3330 5236 lucc

1756 5263 2182 5339 possitaliquid,
2225 5262 2544 5321 sed’ut'hoc
2612 5264 2752 5337 grati
2820 5266 2982 5320 animi
3024 5267 3275 5324 indicium
3304 5312 3321 5337 ,

1755 5359 1904 5430 quasi
1934 5359 2139 5428 signum
2173 5365 2227 5410 ct
2253 5355 2481 5424 sigillum
2507 5355 2910 5411 circumterrent
2935 5356 3105 5414 Judaei
3124 5375 3144 5428 -‘,
3174 5370 3229 5416 ct
3253 5377 3322 5417 ne

56 5419 228 5473 exivit
267 5417 562 5472 secundum
607 5419 910 5474 mandatum
941 5421 1142 5477 Domini
1173 5463 1186 5486 ,
1235 5435 1357 5476 cum
1405 5421 1527 5476 ﬁliis
1550 5461 1565 5487 ,
1597 5431 1652 5477 et
1746 5417 1926 5507 dcem
1953 5417 2032 5506 e‘i's'
2058 5417 2393 5503 mmmisc'eri
2423 5446 2658 5516 genuum
2682 5449 3078 5519 congressibus.

53 5526 155 5565 sua
186 5525 356 5566 uxore
375 5551 390 5577 ,
423 5521 479 5565 et
505 5512 756 5567 uxoribus
786 5513 1011 5569 ﬁliorum
1052 5527 1291 5580 suorum,
1323 5522 1378 5569 et
1403 5515 1649 5569 omnibus

57 5603 191 5656 ieris
215 5610 272 5656 et
301 5601 607 5657 volatilibus
631 5645 644 5668 ,
692 5612 744 5659 et
792 5613 912 5674 post
953 5619 1225 5684 egressum
1253 5605 1453 5676 accepit
1483 5620 1511 5658 a
1537 5605 1648 5660 Deo

1797 5635 1811 5666 ί
1847 5632 2009 5703 Morel.
2037 5641 2087 5684 et
2111 5633 2248 5703 savii.
2277 5635 2353 5684 hic
2375 5643 2630 5703 repetunt,
2662 5643 2707 5687 et
2728 5640 2954 5694 odoratas
2977 5651 3047 5695 est
3074 5646 3329 5703 Dominus:

59 5687 500 5747 benedictionem
543 5693 688 5748 illam
728 5702 929 5750 tantum
972 5695 1070 5751 sibi
1116 5695 1420 5752 offerentem
1446 5699 1647 5754 solatii:

1819 5709 1923 5747 rem
1947 5697 2376 5765 [νιιςινηιιιὶίυκιιυίε
2403 5687 2449 5747 ni
2475 5707 2578 5747 Mss.
2603 5687 2797 5751 desunt.
