3760 6314
440 260 535 316 243

501 361 554 414 3.
583 358 715 413 llinc
738 358 925 413 beatus
955 356 1151 411 Paulus
1174 356 1385 424 signum
1433 355 1533 409 hoc
1562 364 1714 409 vocat
1734 397 1750 422 ,
1775 357 1960 411 dicens
1990 375 2002 410 :

432 449 497 503 Et
516 450 715 519 signum
743 448 878 502 dedit
905 446 1316 510 circumisionis,
1344 446 1563 515 sigillum
1590 446 1769 516 (liam.
1795 446 1850 500 '4.
1873 447 1928 499 Η
1961 446 2002 516 ).

429 540 558 596 Nam
586 540 727 610 quod
753 539 820 593 ad
862 538 1119 608 justitiam
1176 536 1305 590 nihil
1358 534 1646 600 conducat.
1682 550 1810 592 ecce
1838 546 1892 592 et
1914 535 2003 591 hic

427 630 636 698 justus,
664 628 895 685 nondum
945 637 1140 681 statuta
1183 626 1610 692 circumcisione,
1641 626 1708 680 ad
1763 627 2003 683 eamdem

428 722 669 791 pervenit
715 722 984 775 virtutem.
1040 720 1103 773 Et
1149 718 1274 789 quid
1332 718 1496 773 dico?
1543 717 1660 788 ipse
1710 719 2002 788 patriarcha

424 815 713 878 Abraham,
745 814 1044 883 priusqumn
1077 811 1542 865 circumcisionem
1570 811 1867 880 acciperet,
1898 812 2002 866 lide

423 906 532 960 sola
556 905 877 974 justitieatus
912 912 1015 956 est.
1052 902 1181 955 Nam
1213 911 1337 956 ante
1388 901 1847 955 circumcisionem
1877 942 1893 965 ,
1923 903 2002 953 in-

421 997 555 1066 quit,
587 995 813 1050 Credidit
841 995 1095 1048 Abraham
1136 994 1240 1047 Deo
1268 1036 1283 1056 ,
1318 1003 1365 1046 et
1390 1002 1675 1061 repntatum
1703 1002 1775 1046 est
1814 992 1895 1045 illi
1932 992 2000 1045 ad

421 1089 665 1153 iustitiam
692 1086 865 1158 (Rom.
897 1088 949 1141 4.
984 1088 1063 1155 3).
1094 1086 1230 1153 Quid
1286 1086 1447 1152 igitur
1476 1084 1719 1151 superbis
1749 1125 1762 1147 ,
1792 1082 1995 1149 ludite,

422 1180 473 1232 in
506 1178 948 1233 circumcisione?
976 1177 1132 1230 Disce
1161 1186 1283 1229 ante
1314 1175 1448 1229 hanc
1477 1174 1637 1227 fuisse
1658 1177 1831 1241 justus
1853 1174 1995 1227 mul-

420 1279 522 1323 tos.
550 1268 758 1323 Etenim
784 1267 914 1321 Abel
930 1268 1026 1319 fide
1049 1266 1369 1320 oblationem
1388 1265 1533 1328 fecit,
1550 1263 1994 1333 quemadmodum

425 1369 481 1412 et
507 1358 702 1412 Paulus
727 1357 855 1410 dicit
890 1373 902 1407 :
940 1354 1066 1408 Fide
1108 1355 1382 1408 uberiorem
1409 1354 1623 1407 hostiam
1666 1354 1845 1406 obtulit
1875 1354 1996 1407 Abel

425 1448 556 1515 Deo,
582 1465 730 1519 quam
756 1447 881 1503 Cain
917 1451 934 1517 (
964 1446 1119 1502 Hebr.
1151 1448 1237 1503 11.
1266 1448 1300 1500 lt
1329 1446 1381 1517 ):
1411 1457 1466 1500 et
1497 1445 1679 1500 Eroch
1713 1446 1995 1500 translatus

417 1549 519 1607 est,
540 1550 593 1595 et
630 1539 743 1594 Noe
785 1539 853 1591 ob
878 1539 1095 1592 multum
1123 1538 1380 1605 justitiam
1428 1544 1794 1605 tempestatem
1848 1536 1991 1590 illam

417 1631 781 1699 gravissimam
840 1629 1023 1697 effugit
1052 1646 1065 1693 ;
1097 1638 1151 1682 et
1200 1627 1467 1682 Abraham
1524 1635 1647 1680 ante
1688 1622 1873 1686 hanc,
1922 1626 1992 1679 ob

419 1739 570 1776 suam
603 1722 653 1775 in
679 1723 843 1776 Deum
891 1720 1046 1775 fidem
1091 1720 1393 1774 celebratus
1434 1718 1553 1775 fuit.
1586 1720 1677 1772 Sic
1724 1720 1792 1770 ab
1843 1718 1991 1771 initio

415 1829 517 1881 per
549 1812 704 1867 fidem
736 1814 1023 1866 humanum
1047 1826 1214 1881 genus
1240 1812 1463 1865 salutem
1499 1818 1840 1879 assequutum
1885 1819 1985 1863 est.

415 1906 555 1961 Sane
591 1913 873 1976 propterea
904 1905 1141 1974 permisit
1172 1904 1429 1973 benignus
1457 1903 1710 1957 Dominus
1726 1902 1987 1959 sacriﬁcia

408 1998 506 2051 sibi
532 1997 734 2064 oﬂirrri,
758 2009 814 2051 ut
842 1997 1091 2066 quoniam
1119 2007 1304 2051 tritura
1335 2005 1513 2049 nostra
1546 1994 1904 2063 imperfectius
1931 2010 1989 2050 se

408 2088 675 2152 habebat,
700 2090 864 2143 simul
906 2098 964 2143 et
1004 2104 1161 2141 suam
1188 2098 1395 2156 gratam
1444 2088 1767 2141 voluntatem
1814 2087 1989 2141 decla-

414 2195 553 2242 mre,
588 2189 641 2234 et
672 2181 931 2233 idolorum
970 2179 1328 2249 perniciosum
1364 2178 1566 2231 cultum
1598 2178 1830 2248 effugere
1860 2192 1986 2248 pos-

408 2272 495 2325 sit.
531 2272 663 2326 Nam
686 2274 752 2336 si,
779 2288 900 2326 cum
930 2281 1130 2325 tantum
1159 2270 1312 2325 nobis
1343 2270 1617 2324 indulserit
1645 2271 1803 2334 Deus,
1837 2270 1983 2325 multi

406 2372 587 2418 tamen
624 2378 651 2415 a
686 2364 834 2417 ruina
878 2364 978 2417 sibi
1018 2378 1123 2417 non
1155 2373 1451 2417 caverunt:
1492 2362 1535 2415 si
1568 2362 1669 2415 hoc
1702 2377 1804 2414 non
1851 2360 1980 2414 fuis-

403 2464 485 2508 set
511 2455 702 2509 factum
728 2496 746 2521 ,
790 2470 895 2525 quo
930 2464 1083 2524 pacto
1119 2454 1239 2525 quis
1264 2454 1514 2509 damnum
1542 2454 1645 2509 hoc
1669 2454 1982 2523 effugisset?

404 2541 471 2596 Et
507 2546 746 2600 odoratus
778 2555 852 2599 est
884 2544 1135 2600 Dominus
1164 2544 1302 2601 Deus
1339 2546 1543 2600 odorem
1569 2546 1883 2616 fragrantitc.
1913 2545 1982 2599 At

401 2655 507 2691 non
537 2639 609 2692 ita
644 2648 726 2693 est
751 2638 818 2693 de
848 2639 1069 2708 ingratis
1090 2638 1288 2693 Iudaeis
1317 2656 1331 2691 :
1360 2636 1454 2692 sed
1492 2637 1796 2707 quomodo?
1843 2636 1978 2691 Audi

399 2728 711 2798 prophetam
752 2728 1015 2783 dicentem
1061 2747 1075 2782 :
1118 2728 1421 2798 Thymiama
1462 2728 1516 2781 in
1559 2727 1980 2781 abominationem

396 2820 522 2872 mihi
548 2828 619 2872 est
646 2817 796 2890 (Isai.
832 2819 882 2872 l.
912 2818 1000 2890 15)
1033 2836 1048 2872 :
1081 2818 1232 2889 quasi
1261 2816 1508 2872 ostendat
1534 2817 1819 2872 voluntatis
1848 2816 1977 2871 olfe-

396 2909 621 2963 reutium
644 2910 915 2963 malitiam.
947 2908 1404 2977 Quemadmodum
1437 2909 1577 2963 enim
1610 2908 1694 2962 hic
1712 2908 1839 2977 justi
1871 2908 1979 2963 vir-

396 3011 479 3054 tus
519 3000 719 3055 fumum
747 3010 802 3057 et
844 3001 1085 3057 nidorem
1130 3000 1251 3055 fecit
1276 2999 1494 3054 odorem
1527 2998 1831 3069 fragrantia:
1858 3017 1871 3054 :
1900 3000 1977 3053 sic

394 3093 532 3162 apud
566 3094 683 3147 illos
711 3093 1046 3148 offerentium
1085 3094 1315 3162 nequitia
1348 3093 1484 3147 bene
1515 3094 1662 3145 olens
1688 3091 1972 3162 thymiama

398 3182 451 3236 in
501 3182 906 3238 abominabilem
960 3182 1179 3238 odorem
1231 3184 1512 3237 convertit.
1573 3183 1734 3253 Igitur
1782 3184 1973 3251 ubique

391 3274 717 3340 studeamus,
743 3291 943 3346 quaeso,
971 3286 1201 3331 mentem
1228 3276 1417 3330 alierre
1446 3278 1826 3347 incorruptmn.
1850 3278 1973 3332 lla‘e

390 3366 533 3420 enim
562 3381 718 3421 causa
749 3377 831 3422 est
866 3368 1104 3422 omnium
1152 3367 1431 3422 bonorum.
1480 3367 1657 3421 Bonus
1685 3370 1824 3421 enim
1864 3368 1970 3422 Do-

390 3460 567 3514 minus
612 3474 714 3514 non
762 3461 1037 3515 cmisuevit
1081 3459 1358 3515 attendere
1400 3459 1465 3514 ad
1507 3475 1568 3512 ea
1613 3476 1729 3529 qua}
1757 3475 1786 3513 a
1819 3461 1969 3515 nobis

387 3549 543 3616 ﬁunt,
557 3550 648 3607 sed
666 3552 729 3606 ad
753 3552 1013 3606 internam
1031 3561 1281 3617 mentem,
1301 3567 1328 3604 a
1347 3566 1466 3621 qua,
1489 3560 1543 3605 ut
1561 3550 1673 3606 haec
1693 3550 1966 3618 faciamus,

385 3645 729 3715 impellimur,
758 3656 811 3700 et
839 3646 903 3699 ad
934 3646 1067 3699 hanc
1095 3654 1341 3715 Spectans
1372 3644 1454 3699 vel
1483 3644 1741 3714 approbat
1760 3659 1820 3699 ea
1847 3658 1967 3713 quae

382 3752 415 3790 a
443 3738 594 3791 nobis
624 3738 749 3792 lium
778 3779 792 3802 .
836 3739 914 3793 vel
944 3748 1242 3792 aversatur.
1300 3737 1483 3807 itaque
1523 3738 1634 3791 sive
1666 3752 1961 3806 precemur,

382 3830 493 3884 sive
534 3831 876 3900 jejunemus,
920 3831 1033 3886 sive
1076 3831 1469 3902 eleemosynam
1503 3829 1755 3883 faciamus
1798 3830 1964 3899 (ipsa:

381 3922 521 3975 enim
572 3931 696 3977 sunt
748 3922 1048 3991 spirituales
1096 3931 1292 3977 nostra:
1342 3922 1612 3989 hostiae),
1661 3922 1774 3974 sive
1821 3920 1960 3973 aliud

380 4015 651 4083 spirituale
679 4015 943 4084 quoddam
963 4030 1097 4084 opus
1124 4015 1397 4079 faciamus,
1427 4015 1528 4068 hoc
1548 4014 1801 4068 faciamus
1824 4012 1959 4067 bona

382 4115 561 4161 mente
606 4107 803 4161 incitati
836 4124 849 4161 :
881 4115 936 4160 ut
981 4116 1035 4160 et
1087 4107 1360 4161 laboribus
1402 4107 1614 4176 dignam
1668 4105 1962 4161 referamus

380 4211 651 4251 coronam.
680 4197 834 4252 Esset
863 4199 1003 4252 enim
1036 4198 1435 4266 perabsurdum,
1457 4198 1691 4252 laborem
1717 4213 1813 4253 nos
1836 4213 1956 4254 suso

377 4291 573 4355 linere,
606 4300 661 4344 et
694 4291 945 4345 mercede
986 4290 1215 4344 fraudari
1238 4333 1252 4351 .
1298 4292 1340 4345 si
1371 4292 1581 4361 quidem
1613 4307 1716 4345 non
1764 4306 1956 4348 secun-

379 4381 503 4434 dum
548 4383 692 4452 leges
734 4382 801 4436 ab
848 4382 940 4436 illo
987 4382 1138 4437 nobis
1166 4383 1317 4437 datas
1350 4385 1594 4437 virtutem
1625 4398 1954 4438 exercemus.

378 4472 518 4527 Fieri
560 4483 734 4528 autem
766 4482 941 4543 potest
960 4475 1028 4529 ob
1058 4490 1299 4545 magnam
1327 4475 1419 4529 Dei
1451 4476 1829 4544 benignitatem
1857 4517 1872 4542 ,
1902 4486 1957 4529 ut

375 4581 537 4635 opere
585 4567 819 4621 nondum
866 4569 1172 4638 completo,
1222 4584 1474 4624 coronam
1521 4572 1637 4638 quis
1668 4570 1892 4640 accipiat
1926 4586 1955 4625 a

374 4660 487 4714 sola
520 4661 603 4728 pia
631 4670 827 4713 mente.
878 4661 939 4713 Et
967 4668 1023 4714 ut
1050 4660 1149 4714 hoc
1176 4660 1353 4716 discas
1375 4703 1390 4727 ,
1418 4661 1637 4716 adverte
1663 4704 1677 4728 ,
1706 4662 1953 4727 obsecro,

374 4753 475 4804 hoc
520 4753 570 4803 in
612 4748 971 4822 eleemosyna.
1018 4750 1149 4806 Nam
1195 4753 1237 4806 si
1282 4752 1494 4822 quando
1518 4753 1667 4807 vides
1690 4753 1953 4821 jacentem

374 4847 427 4898 in
451 4845 601 4909 foro,
628 4853 683 4899 et
709 4854 947 4898 extrema
979 4845 1152 4914 inopia
1183 4845 1481 4913 detentum,
1507 4856 1561 4900 et
1586 4846 1857 4913 condoles,
1891 4863 1954 4901 ac

372 4948 549 4992 mente
578 4940 628 4992 in
658 4938 846 4992 CtBlllln
886 4938 1092 4993 sublata
1135 4940 1332 5009 gratias
1374 4940 1485 5009 agis
1531 4940 1789 5002 Domino,
1842 4949 1952 4994 tum

375 5041 591 5099 propter
617 5045 677 5084 ea
706 5046 823 5100 qua:
854 5030 945 5084 tibi
974 5044 1228 5083 concessa
1263 5040 1421 5093 sunt,
1456 5041 1564 5084 tmn
1618 5040 1832 5100 propter
1874 5031 1953 5084 in-

368 5124 484 5190 opis
515 5102 821 5190 paiientiam
847 5141 858 5175 :
886 5122 1094 5176 etiamsi
1121 5138 1224 5174 non
1250 5122 1420 5191 pOSsiS
1446 5122 1659 5190 explere
1685 5131 1737 5175 et
1764 5120 1952 5175 sedare

370 5214 507 5267 illius
540 5214 752 5280 famem,
782 5225 1001 5285 pr0pter
1030 5214 1227 5268 bomun
1259 5215 1585 5283 propositum
1613 5231 1952 5269 censumma-

370 5314 475 5356 tam
520 5305 743 5374 recipies
787 5304 1108 5359 mercedem.
1168 5306 1234 5359 Et
1277 5321 1339 5359 ea
1379 5306 1445 5359 de
1491 5320 1649 5359 eausa
1696 5307 1949 5360 Dominus

368 5412 576 5465 quoque
605 5398 811 5451 dietcbat
847 5415 859 5451 ε
892 5397 954 5451 Si
998 5399 1108 5465 quis
1140 5410 1311 5467 potum
1349 5400 1538 5452 dederit
1567 5400 1775 5452 calicem
1809 5416 1953 5467 aqua:

370 5489 571 5558 frigida:
601 5499 792 5540 tantum
819 5490 869 5540 in
915 5490 1113 5541 nomine
1147 5492 1417 5560 discipuli,
1459 5508 1603 5543 auten
1640 5492 1751 5543 dico
1790 5492 1946 5547 vobis.

370 5599 471 5638 non
502 5584 671 5648 perdet
702 5580 975 5632 mercedem
1005 5597 1147 5633 suam
1175 5581 1383 5652 (Matth.
1407 5582 1491 5636 ‘10.
1517 5582 1629 5650 42).
1663 5582 1796 5635 Num
1826 5582 1951 5650 quid

380 5677 568 5747 poculo
596 5691 744 5746 aqum
774 5676 974 5746 frigida:
1005 5677 1255 5731 tenuius?
1292 5676 1395 5732 Sed
1427 5676 1634 5732 animus
1662 5677 1781 5751 pius
1804 5692 1942 5735 mer-

1203 256 1261 312 S.
1303 254 1584 313 JOANNIS
1621 249 2002 308 CHRYSIBTC

2127 255 2442 312 ARCHIEP.
2476 257 3014 316 CONSTANTINOP.

3573 258 3669 314 9H

2106 368 2292 424 cedem
2324 370 2446 426 inde
2484 371 2584 427 sibi
2623 374 2892 429 conciliat.
2938 374 3056 431 Hoc
3086 385 3139 431 et
3180 377 3231 431 in
3258 379 3494 450 opposito
3521 380 3650 438 inve-

2103 461 2330 517 niemus.
2359 462 2797 533 Operae-pretium
2816 467 2964 521 enim
2982 476 3108 535 est,
3140 478 3197 523 ut
3223 469 3292 525 de
3318 471 3382 525 iis
3406 471 3653 541 loquamut

2102 553 2309 609 caritati
2356 564 2583 623 vestrm,
2628 572 2739 626 quo
2778 557 2928 613 vobis
2963 558 3080 614 hcce
3111 571 3357 618 accurate
3391 564 3666 619 scientibus

2102 644 2379 712 probitatis
2412 656 2652 702 tutamen
2682 652 3022 718 comparatis.
3052 652 3187 707 Audi
3215 654 3357 707 enim
3388 655 3505 725 quid
3529 656 3669 711 dicat

2097 734 2339 791 Christus
2378 738 2526 803 τοιιὶ
2566 742 2771 810 respicit
2798 744 3074 797 mulierem
3110 745 3191 797 ,αα
3226 748 3667 816 concupiscendum

2096 842 2209 879 eam
2233 867 2247 887 .
2287 830 2401 897 jam
2431 830 2706 885 machatus
2743 843 2813 887 est
2836 850 2955 887 eam
2993 836 3047 889 in
3082 837 3235 890 corde
3260 854 3351 891 suo
3378 837 3582 907 (Matth.
3607 840 3662 893 5.

2094 914 2208 985 28).
2242 917 2397 972 Vides
2421 928 2479 976 et
2522 919 2608 975 hic
2644 922 3055 979 iterummalam
3096 935 3330 981 mentem
3360 930 3505 998 sequi
3531 944 3663 984 con-

2093 1007 2487 1065 demnationem
2513 1053 2533 1077 ,
2562 1020 2617 1068 et
2636 1014 2708 1068 ob
2732 1014 3180 1071 inconsideratum
3202 1019 3449 1074 intuitum
3472 1062 3487 1083 ,
3517 1023 3663 1090 quasi

2093 1101 2413 1170 completum
2438 1111 2586 1158 esset
2610 1104 2856 1161 adulterii
2878 1122 3033 1176 opus,
3067 1123 3277 1179 pmnam
3309 1112 3528 1167 inferri?
3557 1114 3660 1168 ita-

2092 1206 2197 1259 que
2224 1207 2345 1246 cum
2388 1193 2502 1249 haec
2544 1197 2820 1263 sciamus,
2872 1199 3105 1270 undique
3149 1214 3385 1258 mentem
3433 1214 3664 1260 nostram

2093 1281 2229 1337 bene
2259 1285 2560 1339 muniamus
2580 1327 2596 1352 ,
2616 1295 2689 1341 Aut
2726 1302 2821 1355 per
2846 1303 2963 1343 eam
2992 1288 3125 1347 ﬁant
3156 1302 3372 1362 accepta
3400 1309 3515 1364 qua:
3540 1293 3664 1348 faci-

2091 1386 2229 1425 mus.
2280 1372 2409 1426 Nam
2452 1376 2497 1429 si
2547 1374 2746 1430 fumum
2777 1387 2830 1432 et
2866 1378 3107 1435 nidorem
3154 1382 3310 1436 \ertit
3352 1383 3402 1437 in
3446 1382 3663 1438 odorem

2089 1460 2409 1532 fragrantite,
2437 1466 2561 1534 quid
2590 1482 2694 1521 non
2720 1483 2751 1520 e
2777 1470 3039 1537 spirituali
3063 1481 3248 1526 nostro
3275 1471 3471 1529 faceret
3495 1478 3659 1535 cultu.

2087 1559 2143 1604 et
2169 1563 2417 1621 quantam
2458 1570 2562 1609 non
2609 1559 2831 1626 gratiam
2879 1561 3084 1615 cmiitus
3122 1562 3275 1617 nobis
3320 1568 3665 1633 procuraret?

2086 1640 2152 1694 Et
2169 1642 2409 1698 odoratus
2434 1656 2526 1713 est,
2558 1647 2746 1716 inquit,
2778 1648 3026 1705 Dominus
3045 1649 3184 1706 Deus
3205 1654 3409 1708 odorem
3431 1658 3665 1726 frugi-ano

2085 1734 2187 1789 tite.
2238 1734 2421 1791 Vidisti
2459 1752 2576 1807 quae
2603 1738 2987 1809 feceritjustus
3013 1783 3030 1806 ,
3070 1742 3340 1813 quomddo
3362 1788 3377 1809 ,
3408 1756 3665 1817 quantum

2083 1825 2148 1878 ad
2194 1834 2472 1881 externum
2516 1831 2880 1899 spectaculum
2930 1834 3192 1903 pertinet,
3236 1850 3353 1889 rem
3400 1851 3661 1906 parvam;

2082 1924 2336 1985 quantum
2364 1928 2540 1973 autem
2584 1920 2653 1975 ad
2692 1922 2963 1988 animum,
3004 1926 3391 1996 permagnam?
3431 1928 3666 1984 Attende

2084 2016 2260 2060 autem
2286 2008 2537 2079 deinceps
2566 2011 2878 2067 immensam
2905 2014 3184 2071 clementis
3212 2016 3421 2072 Domini
3449 2018 3665 2074 bonita-

2081 2103 2207 2150 tem.
2260 2095 2322 2149 Et
2352 2099 2481 2153 dixit
2508 2098 2755 2155 Dominus
2793 2100 2928 2156 Deus
2958 2105 3011 2158 in
3050 2116 3213 2160 mente
3233 2123 3327 2160 sua
3364 2123 3383 2162 :
3421 2108 3513 2164 21.
3541 2109 3664 2164 Non

2078 2188 2317 2256 adjiciam
2356 2191 2491 2243 ultra
2533 2201 2587 2244 ut
2630 2193 2929 2247 maledicam
2971 2204 3117 2249 teme
3157 2207 3359 2266 propter
3387 2216 3545 2268 opera
3569 2202 3663 2255 Ιω-

2077 2279 2301 2345 utinam,
2348 2281 2468 2349 quia
2507 2283 2747 2337 incumbit
2782 2300 2921 2338 mens
2955 2285 3173 2340 hominis
3202 2288 3391 2342 intente
3428 2292 3481 2342 in
3522 2293 3663 2344 ntala

2075 2385 2228 2439 Opera
2255 2388 2286 2422 a
2310 2372 2587 2443 juventute.
2634 2372 2755 2429 Non
2792 2376 2945 2447 igitur
2984 2377 3254 2448 adjiciam,
3300 2390 3352 2433 ut
3380 2384 3665 2449 percutiam

2076 2476 2271 2515 omnem
2295 2478 2495 2516 carnem
2523 2466 2763 2520 viventem
2786 2509 2800 2533 ,
2831 2471 2960 2523 sicut
2989 2468 3091 2537 feci
3108 2509 3124 2538 ,
3165 2468 3255 2523 2‘2.
3288 2471 3522 2526 omnibus
3546 2475 3661 2526 ἀίε-

2073 2552 2165 2605 bus
2192 2562 2351 2609 terrae.

2150 2726 2201 2777 4.
2231 2723 2470 2794 Magnum
2495 2726 2855 2786 beneficentia:
2881 2727 3117 2797 pondus;
3150 2732 3333 2800 ingens
3360 2729 3672 2788 clementia:

2077 2816 2424 2886 magnitudo;
2458 2817 2739 2873 itteil‘abilis
2791 2821 3084 2875 tolerantia:
3134 2825 3533 2891 exsuperantia.
3602 2825 3673 2878 Et

2076 2905 2203 2958 dixit
2230 2905 2475 2961 Dominus
2504 2908 2641 2962 Deus
2665 2910 2717 2963 in
2746 2921 2906 2964 mente
2932 2928 3042 2964 sua.
3077 2910 3233 2976 illud,
3262 2911 3328 2967 In
3360 2925 3525 2967 mente
3544 2932 3672 2981 sua,

2078 2997 2266 3054 iterum
2295 3000 2526 3056 humano
2549 3020 2695 3057 more
2725 3003 2871 3071 dicit,
2905 3014 2959 3059 et
2979 3006 3127 3075 quasi
3156 3014 3395 3061 naturam
3419 3018 3674 3061 noster

2078 3095 2385 3163 respiciens.
2446 3095 2565 3149 Non
2614 3098 2854 3165 adjiciam
2891 3099 3024 3152 ultra
3069 3109 3122 3151 ut
3170 3099 3469 3153 maledicam
3518 3111 3679 3154 terra:

2074 3196 2278 3255 propter
2312 3204 2464 3256 opera
2494 3187 2772 3242 hominum.
2830 3189 2897 3243 Et
2923 3188 3159 3258 homini,
3198 3191 3288 3261 qui
3314 3192 3526 3261 primus
3555 3192 3680 3247 fur-

2066 3283 2244 3330 matus
2271 3287 2390 3342 est,
2439 3278 2650 3333 dicebat
2672 3319 2687 3345 ,
2720 3295 2840 3334 cum
2871 3279 2942 3334 illi
2971 3281 3311 3337 malediceret
3340 3300 3351 3335 :
3385 3282 3593 3353 Spinas
3628 3296 3679 3339 et

2072 3369 2279 3425 tribulos
2326 3372 2623 3441 germinabit
2668 3373 2756 3425 tibi
2788 3370 3007 3445 (Cenes.
3037 3376 3089 3429 5.
3129 3375 3214 3430 l8.
3252 3386 3297 3429 ct
3326 3376 3381 3431 4.
3412 3376 3519 3448 12)
3551 3395 3568 3441 ;
3621 3389 3679 3432 et

2069 3461 2235 3515 (Saino
2256 3463 2518 3518 similiter.
2548 3464 2679 3531 Quia
2701 3476 2875 3519 autem
2891 3481 3031 3520 nunc
3055 3481 3390 3523 communem
3408 3470 3675 3525 omnium

2069 3553 2338 3609 invexerat
2381 3555 2650 3609 interitum
2676 3597 2692 3622 ,
2742 3557 3242 3613 utconsolationem
3287 3559 3377 3614 det
3414 3560 3578 3628 justo
3623 3575 3681 3616 et

2068 3644 2312 3699 fiduciam
2342 3646 2389 3700 ei
2416 3645 2611 3713 addat,
2664 3662 2731 3701 ne
2771 3645 2909 3703 forte
2952 3648 3146 3717 Cogitet
3194 3649 3331 3717 apud
3378 3665 3479 3713 se,
3530 3650 3683 3717 Qua:

2066 3736 2261 3789 utilitas
2286 3736 2424 3789 dattc
2454 3737 2887 3791 benedictionis?
2917 3747 2967 3793 et
2994 3738 3133 3809 quod
3164 3740 3389 3806 dixerit,
3435 3740 3684 3796 Crescite

2070 3835 2115 3877 et
2136 3826 2544 3896 multiplicamini
2575 3827 2727 3894 (Gen.
2763 3830 2813 3882 l.
2843 3828 2939 3900 28)
2961 3872 2975 3894 ,
3021 3830 3066 3883 si
3097 3831 3285 3885 iterum
3305 3872 3322 3897 ,
3353 3833 3444 3886 ubi
3477 3835 3681 3888 inulti-

2064 3917 2238 3985 plicati
2266 3916 2523 3974 fuerimus
2544 3961 2559 3983 ,
2592 3921 2921 3989 pereundum
2949 3922 3018 3976 sit
3049 3923 3244 3977 nobis?
3284 3923 3417 3977 Nam
3446 3926 3593 3979 olim
3627 3940 3680 3981 et

2062 4008 2268 4063 Adamo
2296 4010 2500 4065 dixerat
2531 4029 2543 4064 :
2579 4010 2795 4065 Crescite
2822 4022 2869 4065 et
2895 4014 3298 4082 multiplicamini
3326 4031 3345 4068 :
3375 4024 3439 4069 et
3468 4032 3685 4088 super-

2062 4105 2205 4158 venit
2234 4092 2409 4158 tamen
2454 4104 2730 4158 diluvium.
2789 4104 2857 4160 Ut
2887 4121 3015 4176 ergo
3055 4123 3122 4162 ne
3151 4107 3441 4175 cogitando
3466 4124 3679 4164 secum

2062 4195 2183 4250 talia
2226 4196 2280 4250 in
2332 4206 2583 4265 perpetuo
2627 4212 2824 4266 angore
2857 4207 3038 4264 esset,
3098 4197 3219 4253 vide
3262 4199 3686 4268 benignitatem

2062 4288 2291 4342 Domini.
2318 4286 2439 4341 Non
2471 4288 2744 4359 adjiciam,
2773 4288 2979 4358 inquit,
3012 4290 3148 4343 ultra
3173 4290 3489 4347 maledicere
3517 4305 3689 4348 terra:

2059 4390 2265 4451 propter
2304 4396 2457 4451 Opera
2484 4380 2762 4434 hominum.
2797 4379 2927 4435 Vide
2955 4382 3221 4451 quomodo
3245 4382 3590 4453 declaravit,
3628 4404 3689 4441 se

2061 4483 2279 4545 propter
2328 4475 2514 4528 horum
2567 4476 2818 4529 malitiam
2869 4474 3296 4530 maledictionem
3349 4486 3531 4533 terra:
3597 4482 3691 4535 in-

2058 4568 2285 4621 vexisse.
2318 4566 2514 4621 Deinde
2538 4577 2592 4619 nt
2622 4582 2688 4619 nc
2728 4576 2971 4633 pntenms
3000 4569 3167 4636 ipsum
3197 4567 3315 4621 ideo
3344 4568 3499 4624 hanc
3543 4587 3691 4640 prs.

2057 4659 2364 4713 missionem
2412 4657 2599 4712 fecisse
2624 4699 2638 4723 ,
2690 4660 2812 4726 quia
2845 4658 2944 4726 ipsi
2981 4658 3091 4727 jam
3126 4659 3175 4712 in
3209 4661 3403 4714 melius
3435 4676 3503 4717 se
3544 4681 3693 4717 con-

2057 4760 2345 4815 verterant,
2371 4750 2541 4819 inquit
2568 4768 2580 4802 :
2612 4750 2743 4815 Quia
2784 4750 3020 4802 incumbit
3048 4767 3184 4802 mens
3207 4751 3436 4807 hominis
3472 4755 3697 4809 intente

2057 4844 2107 4897 in
2130 4846 2262 4896 mala
2293 4860 2448 4913 Opt’l'a
2475 4845 2799 4913 ajuventnte.
2852 4843 2985 4896 llara
3032 4842 3372 4913 benignitatis
3422 4850 3689 4916 spec'es.

2060 4938 2210 5002 Quia,
2246 4938 2433 5003 inquit,
2464 4938 2701 4990 incumbit
2728 4955 2864 4991 mens
2895 4938 3111 4991 hominis
3142 4939 3417 5008 diligenter
3441 4942 3503 4994 in
3539 4947 3699 4998 ntnlu

2055 5046 2206 5099 opera
2232 5047 2260 5079 a
2279 5030 2540 5098 jnventnte
2561 5072 2575 5095 ,
2608 5039 2822 5099 propter
2852 5030 2972 5093 hoc,
3006 5029 3125 5085 Non
3154 5034 3292 5084 ultra
3315 5033 3602 5102 adjiciam
3642 5050 3698 5089 ut

2056 5120 2356 5174 maledicunt
2398 5130 2562 5177 terrw.
2597 5122 2705 5191 Ego
2733 5123 2906 5188 enim,
2936 5123 3142 5191 inquit,
3173 5139 3291 5192 qua:
3319 5125 3391 5177 ad
3421 5143 3524 5183 me
3558 5145 3701 5199 per-

2058 5212 2261 5274 tinent,
2294 5211 2463 5266 semel
2499 5221 2658 5281 atque
2701 5214 2890 5267 iterum
2920 5213 3134 5267 exhibui
3161 5230 3175 5267 :
3207 5215 3328 5284 quia
3353 5226 3570 5272 autem
3608 5225 3697 5274 vi-

2056 5302 2156 5354 deo
2194 5301 2451 5355 malitiam
2485 5301 2553 5354 ita
2594 5302 2896 5357 increscere
2922 5344 2935 5369 ,
2966 5304 3220 5374 promitto
3247 5321 3333 5359 me
3366 5323 3486 5361 non
3534 5312 3697 5364 ultra

2057 5394 2459 5449 maledicturum
2492 5403 2667 5449 terrm.
2702 5395 2901 5450 Deinde
2925 5395 3214 5451 ostendens
3251 5412 3365 5450 sua:
3401 5397 3695 5472 benigni-

2058 5488 2177 5541 tatis
2210 5486 2625 5557 magnitudinem
2648 5530 2662 5554 ,
2699 5489 2971 5559 subjunxit
2998 5506 3011 5543 :
3046 5488 3165 5543 Non
3197 5491 3450 5559 adjiciam
3500 5496 3683 5565 igitur

2057 5580 2192 5631 ultra
2222 5587 2274 5630 ut
2307 5579 2582 5647 percutiam
2607 5594 2804 5633 omnem
2835 5596 3037 5634 carnem
3064 5581 3306 5633 viventem
3330 5623 3343 5643 ,
3376 5584 3528 5636 sicut
3560 5586 3699 5649 Γτ-ρυῑ,

2062 5670 2289 5726 omnibus
2318 5669 2511 5724 diebus.
2564 5668 2696 5726 Vide
2722 5712 2736 5735 ,
2760 5671 3006 5737 obsecro,
3041 5680 3290 5742 quantam
3321 5677 3699 5730 COJISUlalEO-
