3804 6248
306 254 420 310 245

306 369 468 439 καίῳ,
524 367 658 421 ἀλλά
699 366 787 420 διά
832 364 931 437 τὴν
976 363 1182 417 οἰκείαν
1217 362 1527 432 ἀγαθότητα
1572 362 1666 415 καὶ
1714 360 1863 431 πάσῃ
1894 357 1960 426 τῇ

310 455 578 528 μελλούσῃ
610 454 760 526 [261]
802 451 1148 506 συνίστασθαι
1183 450 1291 503 τῶν
1335 448 1635 519 ἀνθρώπων
1680 445 1862 515 φύσει.
1897 443 1970 496 Τὸ

308 546 437 617 γάρ,
458 546 540 598 οὐ
561 541 885 611 προσθήσω
904 535 1017 593 οὖν
1035 536 1292 600 πατάξαι
1314 534 1520 590 πᾶσαν
1538 535 1733 602 σάρκα
1754 532 1967 594 ζῶσαν,

310 633 403 687 καὶ
443 632 522 695 τὸ,
557 629 760 693 Καθὼς
804 627 1081 692 ἐποίησα,
1114 624 1208 677 καὶ
1232 624 1312 685 τὸ,
1360 621 1567 687 Πὰσας
1591 622 1696 685 τὰς
1722 618 1966 688 ἡμέρας,

307 718 465 772 τοῦτό
513 720 658 770 ἐστιν
700 712 1126 781 ἐνδεικνυμένου,
1172 711 1253 764 ὅτι
1301 710 1483 763 οὐκέτι
1533 707 1770 762 τοιοῦτον
1818 706 1968 759 ἐσται

309 804 615 862 κλυδώνιον.
645 801 767 855 οὔτε
812 799 1047 869 τοσαύτη
1082 796 1426 868 πανωλεθρία
1470 793 1835 864 καταλήψεται
1872 793 1969 863 τὴν

308 890 649 961 οἰκουμένην.
682 884 814 941 Εἶτα
863 887 957 940 καὶ
997 887 1097 956 τῆς
1130 884 1445 956 εὐεργεσίας
1493 882 1656 936 αὐτοῦ
1685 882 1743 934 τὸ
1792 880 1969 950 διηνε-

309 979 434 1041 κές·
474 979 569 1030 Ἐν
595 975 838 1039 πάσαις,
868 973 1023 1044 φησὶ,
1047 974 1165 1036 ταῖς
1193 972 1443 1042 ἡμέραις,
1466 970 1609 1022 τοῦτ’
1636 969 1770 1032 ἐστι,
1794 967 1969 1021 πάντα

306 1064 397 1116 τὸν
443 1063 615 1116 αἰῶνα
672 1059 1074 1130 ἐπαγγέλλομαι
1130 1057 1325 1127 μηκέτι
1379 1055 1645 1126 τοσαύτην
1706 1052 1973 1117 ἐπιδείξα-

310 1149 431 1202 σθαι
472 1150 570 1220 τὴν
614 1148 1003 1215 ἀγανάκτησιν,
1048 1145 1169 1197 οὐδέ
1219 1142 1363 1195 οὐτω
1421 1143 1681 1211 σύγχυσιν
1735 1140 1968 1210 ἐργάσα.

311 1236 434 1289 σθαι
472 1236 571 1305 τῆς
606 1234 711 1287 τῶν
760 1232 914 1304 ώρῶν
954 1231 1223 1302 κράσεως,
1277 1228 1494 1297 καὶτῆς
1546 1228 1653 1279 τῶν
1696 1226 1971 1297 στοιχείων

307 1320 526 1385 θέσεως.
563 1321 655 1372 Διὸ
683 1320 777 1373 καὶ
814 1320 1083 1389 ἐπήγαγε,
1117 1314 1359 1383 Σπέρμα
1386 1314 1482 1367 καὶ
1524 1312 1825 1381 θερισμός,
1856 1312 1973 1381 ψῦ-

307 1426 415 1478 χος
441 1409 537 1461 καὶ
560 1407 776 1475 καῦμα,
812 1404 983 1473 θέρος
1014 1403 1111 1457 καὶ
1146 1402 1253 1471 ἔαρ
1278 1400 1508 1470 ἡμέραν
1544 1401 1640 1453 καὶ
1672 1400 1863 1453 νύκτα
1899 1399 1970 1452 οὺ

308 1494 823 1548 καταπαύσουσιν.
868 1489 1166 1559 Ἀκίνητος,
1220 1490 1407 1558 φησὶν,
1443 1486 1589 1540 ἔσται
1622 1486 1760 1556 αὐτη
1795 1484 1972 1555 ὴδιά-

308 1582 480 1646 ταξις,
506 1580 600 1634 καὶ
619 1579 739 1633 οὐτε
770 1582 802 1650 ἡ
831 1580 902 1649 γῆ
929 1577 1191 1648 διαλείψει
1227 1576 1357 1629 ποτέ
1387 1574 1455 1628 τά
1495 1576 1620 1643 παρ’
1668 1573 1867 1643 ἐαυτῆς
1895 1570 1973 1643 τῷ

307 1669 416 1721 τῶν
452 1665 753 1738 ἀνθρώπων
782 1665 927 1733 γένει
962 1663 1292 1735 χορηγοῦσα,
1329 1664 1421 1715 καὶ
1452 1661 1558 1713 τῶν
1586 1659 1845 1729 καμάτων
1879 1658 1971 1712 καὶ

309 1755 406 1825 τῆς
425 1753 699 1824 γεωργίας
726 1750 1052 1806 ἀποδιδοῦσα
1074 1750 1171 1813 τάς
1202 1748 1435 1819 ἀμοιϐὰς
1457 1788 1472 1811 ,
1514 1747 1639 1801 οὐτε
1672 1748 1727 1800 al
1775 1746 1972 1817 τροπαὶ

312 1838 851 1910 μετακινηθήσονται,
878 1836 1016 1889 ἀλλά
1034 1835 1204 1907 ψῦχος
1228 1836 1321 1888 καὶ
1341 1835 1550 1905 καῦμα,
1581 1833 1675 1887 καὶ
1702 1832 1858 1905 θέρος
1877 1832 1972 1887 καὶ

306 1926 408 1997 ἔαρ
437 1923 559 1980 καθ’
597 1923 826 1977 ’ἑκαστον
858 1921 951 1975 τοῦ
984 1920 1229 1976 ἐνιαυτοῦ
1281 1921 1478 1975 κύκλον
1522 1922 1695 1974 ἔσται.
1755 1920 1970 1991 Ἐπειδὴ

307 2012 415 2083 γὰρ
442 2010 583 2065 κατά
607 2011 698 2064 τὸν
724 2009 819 2063 τοῦ
838 2008 1227 2080 κατακλυσμοῦ
1253 2008 1445 2080 καιρὸν
1489 2007 1693 2079 ταύτης
1722 2007 1850 2078 ὅλης
1873 2007 1972 2076 τῆς

306 2097 603 2161 διατάξεως
628 2095 885 2167 σύγχυσίς
913 2112 998 2159 τις
1028 2095 1239 2165 γέγονε,
1268 2095 1364 2148 καὶ
1391 2095 1639 2164 καθάπερ
1667 2096 1724 2147 ἐν
1761 2094 1858 2163 μιᾷ
1878 2110 1971 2145 νυ-

309 2187 419 2251 κτὶ,
469 2185 640 2248 οὕτως
668 2186 725 2237 ἐν
761 2183 921 2237 παντὶ⁸
951 2183 1029 2255 τῷ
1056 2183 1232 2255 χρόνῳ
1279 2185 1335 2237 ἐν
1378 2185 1443 2254 τῇ
1474 2181 1692 2252 κιϐωτῷ
1739 2181 1922 2248 διῆγεν
1943 2180 1972 2232 ό

308 2274 512 2336 δίκαιος
533 2267 706 2338 οὗτος,
732 2269 822 2323 διὰ
847 2269 1005 2323 τοῦτό
1031 2286 1163 2339 φησι
1188 2284 1200 2300 ·
1235 2268 1329 2323 νῦν
1348 2268 1470 2322 οὐτε
1502 2271 1532 2340 ἡ
1559 2268 1763 2339 ἡμέρα,
1791 2266 1968 2338 οὗτεή

308 2360 404 2427 νὺξ
432 2360 524 2414 τὸν
551 2361 748 2412 οίκεῖον
782 2356 1017 2426 ἐλλείψει
1053 2356 1272 2429 δρόμον,
1303 2356 1438 2410 ἀλλά
1465 2356 1624 2427 μέχρι
1651 2355 1749 2426 τῆς
1783 2370 1966 2407 συντεο

308 2446 459 2508 λείας
489 2445 584 2498 τοῦ
624 2445 815 2508 αἰῶνος
848 2443 1101 2514 ἀκίνητος
1139 2442 1289 2496 ἔσται
1324 2442 1528 2495 τούτων
1570 2444 1603 2510 ἡ
1642 2441 1968 2512 λειτουργία.

310 2529 462 2596 Εἶδες
491 2531 835 2603 παράκλησιν
879 2529 1151 2603 ἀρκοῦσαν
1193 2530 1286 2582 καὶ
1324 2529 1625 2600 δυναμένην
1671 2528 1971 2598 ἀναστῆσαι

309 2619 400 2673 τοῦ
439 2618 647 2672 δικαίου
679 2617 740 2671 τὸ
792 2619 1080 2689 φρόνημα;
1130 2614 1268 2681 εἶδες
1294 2617 1391 2686 τῆς
1419 2614 1836 2687 εὐγνωμοσύνης
1856 2616 1972 2669 οἵαν

308 2706 524 2777 δέχεται
571 2705 669 2775 τὴν
724 2705 990 2774 ἀμοιϐήν;
1027 2706 1221 2757 ’Δκουε
1251 2705 1343 2757 καὶ
1378 2707 1440 2757 ἐκ
1468 2703 1575 2757 τῶν
1621 2703 1974 2773 ἐπαγομένων

310 2793 471 2848 πάλιν
496 2791 593 2864 τὴν
620 2792 823 2860 ἄφατον
850 2790 1176 2861 φιλοτιμίαν.
1203 2791 1312 2844 Kal
1360 2791 1676 2859 εὐλόγησε,
1723 2791 1905 2859 φησὶν,
1941 2793 1973 2843 ό

312 2880 455 2947 Θεὸς
489 2880 595 2934 τὸν
631 2877 758 2933 Νῶε
788 2879 885 2932 καὶ
915 2878 1057 2945 τοὺς
1078 2878 1247 2943 υἱοὺς
1273 2878 1477 2932 αὐτοῦ.
1507 2876 1617 2931 Kal
1661 2873 1829 2931 εἶπεν
1865 2878 1972 2931 αὐ-

308 2966 461 3033 τοῖς·
508 2965 854 3030 Αὺξάνεσθε
898 2966 995 3018 καὶ
1035 2966 1435 3031 πληθύνεσθε,
1488 2963 1584 3017 καὶ
1620 2963 1972 3032 πληρώσατε

309 3053 424 3122 τὴν
449 3053 565 3123 γῆν
586 3094 601 3117 ,
636 3051 734 3105 καὶ
769 3052 1275 3119 κατακυριεύσατε
1312 3050 1520 3119 αὐτῆς.
1562 3050 1671 3105 Kal
1709 3053 1741 3104 ό
1762 3052 1976 3119 τρόμος

311 3138 478 3209 ὑμῶν
506 3137 605 3193 καὶ
627 3141 658 3192 ό
687 3141 871 3207 φόϐος
908 3137 1079 3191 ἐσται
1110 3138 1207 3191 ἐπὶ
1239 3136 1388 3191 πᾶσι
1439 3137 1562 3202 τοῖς
1608 3137 1829 3204 θηρίοις
1866 3134 1975 3204 τῆς

312 3224 446 3295 γῆς,
486 3226 585 3279 καὶ
624 3225 721 3278 ἐπὶ
750 3225 945 3278 πάντα
985 3225 1056 3278 τὰ
1093 3224 1269 3292 ὄρνεα
1303 3224 1407 3277 τοῦ
1429 3224 1710 3293 οὐρανοῦ,
1751 3223 1849 3277 καὶ
1876 3222 1975 3277 ἐπὶ

312 3312 508 3366 πάντα
543 3312 614 3366 τὰ
638 3312 957 3379 κινούμενα
1003 3310 1100 3363 ἐπὶ
1132 3308 1242 3378 τῆς
1295 3308 1425 3379 γῆς,
1468 3311 1567 3363 καὶ
1615 3311 1713 3365 ἐπὶ
1744 3309 1974 3375 πάντας

313 3398 455 3465 τοὺς
487 3398 694 3467 ἰχθύας
719 3397 829 3464 τῆς
850 3394 1166 3463 θαλάσσης
1186 3412 1199 3425 ⁸
1232 3396 1350 3449 ὑπὸ
1382 3395 1583 3465 χεῖρας
1602 3396 1745 3466 ὑμῖν
1780 3396 1975 3451 πάντα

314 3486 560 3539 δέδωκα.
591 3486 699 3539 Kal
724 3483 847 3538 πᾶν
874 3482 1142 3552 ἑρπετὸν,
1164 3482 1197 3536 ὅ
1217 3483 1348 3537 ἐστι
1375 3482 1502 3549 ζῶν,
1528 3483 1668 3553 ὑμῖν
1691 3483 1861 3538 ἔσται
1889 3486 1975 3551 εἰς

306 3573 559 3641 βρῶσιν.
604 3573 697 3640 Ὡς
723 3571 960 3643 λάχανα
992 3573 1207 3641 χόρτου
1229 3570 1457 3625 δέδωκα
1488 3572 1630 3641 ὑμῖν
1650 3575 1722 3627 τὰ
1756 3572 1969 3627 πάντα.

313 3658 486 3727 Πλὴν
522 3658 699 3727 κρέας
731 3657 801 3710 έν
851 3658 1049 3727 αἵματι
1105 3655 1313 3726 ψυχῆς
1343 3658 1413 3711 οὐ
1447 3657 1729 3727 φάγεσθε.
1792 3658 1974 3725 Ἀξιον

313 3745 545 3800 ἐνταῦθα
598 3745 874 3815 θαυμάσαι
925 3743 1018 3797 τοῦ
1076 3744 1345 3797 Δεσπότου
1396 3744 1493 3816 τὴν
1534 3744 1975 3817 ὑπερϐάλλουσαν

312 3832 644 3903 ἀγαθότητα.
680 3830 822 3904 Ὅρα
849 3832 956 3903 γάρ
993 3850 1080 3903 μοι
1103 3833 1262 3885 πάλιν
1295 3832 1383 3885 τὸν
1411 3832 1617 3886 δίκαιον
1644 3832 1829 3888 τοῦτον
1876 3836 1973 3906 τῆς

312 3920 481 3991 αὐτῆς
504 3919 749 3988 εὐλογίας
777 3918 1092 3990 ἀξιούμενον
1137 3918 1216 3990 τῷ
1264 3919 1456 3988 Ἀδὰμ,
1498 3919 1591 3973 καὶ
1610 3920 1707 3990 τὴν
1739 3921 1971 3993 ἀφαιρε-

313 4008 494 4061 θεῖσαν
520 4007 690 4077 ἀρχὴν
735 4006 1206 4076 ἀνακαλεσάμενον
1247 4005 1336 4059 διὰ
1361 4007 1459 4075 τῆς
1508 4006 1714 4069 οίκείας
1748 4008 1968 4077 ἀρετῆς,

315 4092 513 4154 μᾶλλον
540 4093 594 4145 δέ
617 4093 702 4145 διά
734 4092 831 4163 τὴν
860 4094 1063 4160 ἄφατον
1100 4092 1193 4144 τοῦ
1237 4091 1504 4145 Δεσπότου
1544 4092 1967 4162 φιλανθρωπίαν.

313 4180 524 4251 ’Ὠσπερ
561 4180 669 4252 γὰρ
699 4181 783 4231 ἐπ’
813 4180 1019 4233 ἐκείνου
1049 4179 1229 4246 ἔλεγεν
1248 4217 1262 4241 ,
1308 4179 1655 4243 Αὐξάνεσθε
1689 4181 1784 4233 καὶ
1822 4185 1972 4248 πλη-

313 4270 585 4335 θύνεσθε,
620 4267 717 4319 καὶ
746 4265 1100 4333 πληρώσατε
1134 4266 1247 4332 τὴν
1273 4265 1409 4336 γῆν,
1452 4267 1550 4319 καὶ
1585 4270 1970 4336 κατακυριεύ-

312 4371 460 4409 σατε
487 4352 692 4421 αὐτῆς,
721 4354 819 4407 καὶ
854 4353 1065 4423 ἄρχετε
1088 4352 1205 4407 τῶν
1234 4355 1453 4423 ἰχθύων
1482 4352 1588 4423 τῆς
1632 4353 1968 4423 θαλάσσης,

314 4443 407 4499 καὶ
429 4443 547 4496 τῶν
566 4440 845 4511 ἑρπετῶν,
869 4443 965 4495 καὶ
992 4441 1275 4496 πετεινῶν
1290 4441 1396 4495 τοῦ
1425 4443 1703 4509 οὐρανοῦ,
1733 4443 1831 4497 καὶ
1854 4442 1972 4497 τῶν

312 4531 529 4598 θηρίων
561 4528 661 4597 τῆς
696 4528 807 4597 γῆς
826 4546 839 4559 ·
873 4528 1012 4581 οὕτω
1036 4528 1129 4581 νῦν
1158 4546 1289 4600 φησι
1312 4544 1326 4558 '
1358 4529 1467 4585 Kal
1505 4533 1536 4584 ό
1563 4532 1779 4599 τρόμος
1806 4529 1972 4600 ὑμῶν

314 4617 413 4672 καὶ
443 4620 476 4672 ό
514 4618 695 4686 φόϐος
726 4615 896 4669 ἔσται
940 4615 1038 4669 ἐπὶ
1079 4615 1228 4670 πᾶσι
1276 4617 1399 4683 τοῖς
1422 4617 1645 4685 θηρίοις
1672 4617 1783 4685 τῆς
1834 4616 1968 4687 γῆς,

313 4705 412 4760 καὶ
440 4704 538 4757 ἐπὶ
564 4702 759 4757 πάντα
787 4702 858 4756 τὰ
892 4701 1087 4770 ὄρνεα.
1114 4704 1225 4756 Kal
1272 4700 1396 4757 πᾶν
1437 4703 1708 4772 ἑρπετὸν,
1757 4703 1790 4756 ὅ
1840 4704 1971 4757 ἐστι

312 4791 442 4856 ζῶν,
474 4789 616 4862 ὑμῖν
641 4791 813 4844 ἔσται
837 4792 924 4856 είς
942 4789 1197 4857 βρῶσιν.
1238 4791 1336 4856 Ὠς
1355 4791 1592 4860 λάχανα
1627 4792 1844 4861 χόρτου
1872 4790 1970 4844 δέ-

309 4880 468 4934 ὄωκα
493 4878 632 4947 ὑμῖν
654 4880 727 4932 τὰ
757 4877 971 4932 πάντα.
1018 4878 1192 4947 Πλὴν
1215 4879 1391 4947 κρέας
1434 4880 1504 4932 ἐν
1533 4880 1729 4947 αἵματι
1761 4880 1967 4949 ψυχῆς
2029 4908 2041 4936 λ

310 4970 382 5022 οὐ
413 4966 695 5039 φάγεσθε.
731 4964 871 5035 Ὅρα
904 4963 993 5018 τὸν
1023 4965 1184 5019 αὐτὸν
1233 4966 1432 5020 κανόνα
1473 4966 1672 5037 ἑτέρως
1713 4966 1969 5031 διασωζό-

314 5072 494 5124 μενον,
527 5053 618 5107 τὸν
646 5052 738 5106 ἐπὶ
788 5051 879 5105 τοῦ
912 5052 1353 5124 πρωτοπλάστου.
1402 5052 1669 5124 Καθάπερ
1697 5053 1803 5126 γὰρ
1854 5055 1970 5107 ἐκεῖ

314 5140 450 5210 μετά
500 5140 560 5193 τὸ
584 5140 798 5194 πάντων
822 5140 1124 5210 ἐγχειρίσαι
1154 5142 1251 5211 τὴν
1276 5140 1471 5213 ἀρχὴν,
1509 5141 1601 5194 καὶ
1637 5140 1744 5193 τῶν
1790 5142 1847 5193 ἐν
1891 5141 1968 5212 τῷ

311 5221 618 5291 παραδείσῳ
646 5226 944 5291 παρασχεῖν
968 5222 1064 5294 τὴν
1109 5224 1425 5289 ἀπόλαυσιν,
1477 5224 1590 5287 ἐνὸς
1619 5223 1776 5291 ξύλου
1811 5224 1968 5295 μόνον

310 5306 608 5375 ἀπέχεσθαι
662 5306 975 5360 ἐκέλευσενο
1008 5309 1147 5363 οὕτω
1172 5309 1234 5381 δὴ
1268 5310 1363 5364 καὶ
1420 5310 1651 5364 ἐνταῦθα
1686 5311 1822 5382 μετά
1870 5311 1967 5382 τὴν

308 5393 574 5461 εὐλογίαν,
624 5394 718 5445 καὶ
768 5394 830 5446 τὸ
858 5395 1085 5467 φοϐερὸν
1116 5398 1276 5452 αὐτὸν
1316 5399 1650 5469 καταστῆσαι
1682 5398 1965 5473 10?;[262]

307 5482 536 5553 θηρίοις,
570 5481 662 5534 καὶ
696 5480 871 5533 πάντα
896 5482 963 5536 τά
992 5484 1213 5537 πετεινὰ
1258 5486 1351 5540 καὶ
1388 5486 1457 5539 τὰ
1484 5486 1643 5558 ὄρνεα
1667 5486 1771 5540 ὐπὸ
1812 5489 1967 5558 χεῖρα

306 5571 551 5640 ποιῆσαι,
588 5566 720 5637 φησί
739 5583 753 5597 ·
774 5566 904 5622 Πᾶν
930 5569 1172 5638 ἑρπετὸν⁴
1211 5571 1321 5632 ζῶν
1348 5573 1490 5642 ὑμῖν
1507 5572 1679 5627 ἔσται
1707 5576 1793 5639 εις
1816 5573 1969 5642 ,βρῶ-

305 5676 407 5714 σιν
432 5673 444 5686 ·
469 5659 548 5723 ὡς
572 5654 807 5724 λάχανα
832 5657 1048 5725 χόρτου
1070 5657 1214 5726 ὑμῖν
1241 5658 1467 5715 δέδωκα
1509 5661 1579 5714 τὰ
1606 5660 1821 5718 πάντα.
1849 5662 1964 5715 Ἐν-

306 5746 493 5802 τεῦθεν
512 5743 651 5811 ἀρχὴ
677 5748 1019 5814 κρεωφαγίας
1047 5746 1273 5815 γίνεται,
1300 5749 1395 5819 οὐχ
1412 5748 1497 5804 ἵνα
1523 5752 1599 5813 είς
1620 5766 1957 5822 γαστριμαρ-

1096 246 1150 303 S.
1191 245 1472 303 JOANNIS
1509 241 1994 300 CHRYSOSTOMI
2031 239 2345 296 ARCHIEP.
2385 242 2934 300 CONSTANTINOP.

3657 241 3771 294 956

2075 358 2200 425 γίαν
2232 361 2428 425 αὐτοὺς
2456 358 2672 431 ἀλείφῃ,
2709 360 2823 414 ἀλλ’
2854 359 3041 432 ἐπειδὴ
3073 361 3303 431 ἤμελλον
3347 360 3405 424 ἐξ
3435 358 3643 414 αὐτῶν
3673 356 3768 409 Θυ-

2070 447 2191 510 σίας
2219 448 2508 521 ἀναφέρειν
2539 450 2589 502 οί
2618 449 2914 521 ἄνθρωποι,
2944 449 3040 502 καὶ
3085 448 3431 519 εὐχαριστίας
3462 445 3768 500 ποιεῖσθαι

2066 532 2143 603 τῷ
2168 536 2432 608 Δεσπότῃ,
2479 538 2565 591 ῐνα
2602 537 2676 609 μὴ
2724 536 2946 604 δόξωσιν
2976 537 3053 599 ὡς
3081 536 3474 607 ἀφιερωμένων
3539 531 3768 603 ἀπέχε-

2070 620 2215 683 σθαι,
2237 621 2325 674 διὰ
2348 622 2507 676 τοῦτο
2527 624 2625 693 τῆς
2647 623 2901 694 βρώσεως
2923 622 3020 692 τὴν
3048 622 3295 687 ἐξουσίαν
3324 620 3657 693 χαρίζεται,
3672 619 3771 671 καὶ

2068 708 2268 780 πολλὴν
2287 710 2385 780 τὴν
2417 710 2598 765 ἄδειαν
2630 711 2875 781 παρέχει.
2926 710 3019 775 Ὡς
3049 708 3285 778 λάχανα
3304 709 3546 778 χόρτου,
3592 706 3768 774 φησὶ.

2068 794 2296 849 δέδωκα
2332 796 2477 863 ὑμῖν
2495 796 2567 851 τὰ
2593 796 2809 851 πάντα.
2869 791 3003 850 Είτα
3032 797 3282 866 καθάπερ
3312 796 3403 849 ἐπὶ
3427 794 3526 848 τοῦ
3575 793 3770 862 ’Δδάμ

2067 882 2161 935 τοῦ
2185 883 2303 947 ἐνὸς
2337 883 2493 948 ξύλου
2522 884 2825 937 ἐνετείλατο
2860 884 2999 954 μετὰ
3043 883 3140 953 τὴν
3172 884 3390 937 πάντων
3437 881 3770 936 ἀπόλαυσιν

2069 970 2388 1040 ἀπέχεσθαι,
2428 970 2570 1024 οὓτω
2603 973 2697 1025 καὶ
2723 971 2975 1036 ἐνταῦθα,
3020 971 3161 1042 μετά
3202 970 3264 1024 τὸ
3294 970 3514 1024 πάντων
3570 968 3771 1031 ἀδεῶς

2069 1058 2360 1129 ἐπιτρέψαι
2390 1060 2488 1130 τὴν
2514 1060 2775 1121 ἑστίασιν,
2800 1059 2930 1129 φησί
2954 1075 2967 1088 ο
3006 1059 3180 1128 Πλὴν
3200 1059 3379 1127 κρέας
3414 1059 3487 1113 ἐν
3540 1058 3768 1127 αἵματι

2068 1144 2278 1212 ψυχῆς
2308 1147 2379 1200 οὺ
2404 1146 2688 1216 φάγεσθε.
2718 1147 2782 1201 Τί
2812 1143 2904 1201 οῦν
2932 1146 3179 1217 βούλεται
3224 1147 3285 1200 τὸ
3326 1145 3673 1218 είρημένονς
3716 1144 3768 1195 τί

2070 1230 2223 1295 ἐστι,
2260 1231 2449 1300 Κρέας
2480 1233 2549 1286 έν
2578 1235 2777 1302 αἵματι
2814 1233 3058 1303 ψυχῆς
3109 1233 3264 1289 Τοῦτ’
3307 1233 3452 1299 ἔστι,
3492 1233 3763 1288 πνικτόν.

2070 1317 2173 1370 Τοῦ
2197 1318 2306 1389 γάρ
2332 1319 2525 1387 ἀλόγου
2555 1321 2588 1391 ὴ
2618 1319 2762 1391 ψυχὴ
2794 1322 2855 1373 τὸ
2884 1317 3023 1392 αἷμα
3052 1320 3328 1391 τυγχάνει.

2139 1416 2199 1464 ε’.
2218 1408 2369 1463 Ἐπεὶ
2396 1406 2488 1464 οὖν
2515 1411 2611 1475 τὰς
2636 1410 2825 1475 θυσίας
2847 1412 3079 1483 ἤμελλον
3107 1411 3375 1467 ἐπιτελεῖν
3397 1411 3498 1476 τάς
3520 1411 3624 1466 διὰ
3649 1411 3765 1465 τῶν

2069 1496 2297 1566 ἀλόγων,
2335 1500 2616 1570 μονονουχὶ
2660 1499 2899 1554 διδάσκει
2945 1500 3140 1564 αὐτοὺς
3192 1500 3385 1570 λέγων,
3414 1502 3502 1555 ὅτι
3556 1502 3629 1554 τὸ
3660 1502 3767 1572 μὲν

2069 1579 2208 1655 αἷμα
2263 1588 2384 1656 ἐμοὶ
2436 1586 2816 1659 ἀφώρισταιο,
2850 1589 2910 1642 τὸ
2940 1588 2996 1642 δέ
3041 1589 3207 1659 κρέας
3251 1589 3397 1658 ὑμῖν.
3451 1587 3663 1642 Ταῦτα
3707 1589 3767 1641 δὲ

2070 1675 2234 1739 ποιεῖ,
2256 1674 2461 1727 ἀνωθεν
2491 1675 2937 1746 προαναστέλλων
2961 1676 3141 1729 αὐτῶν
3166 1675 3270 1747 τὴν
3288 1675 3461 1748 ὁρμὴν
3484 1675 3590 1745 τὴν
3624 1678 3765 1746 περὶ

2068 1759 2169 1832 τὴν
2205 1760 2576 1832 ἀνδροφονίαν.
2612 1764 2721 1817 Kal
2747 1765 2828 1816 ὅτι
2857 1761 3012 1816 τοῦτό
3034 1763 3183 1817 ἐστιν
3213 1762 3431 1834 ἀληθὲς,
3462 1764 3567 1816 καὶ
3596 1762 3766 1816 εὐλα-

2072 1847 2360 1919 ϐεστέρους
2412 1850 2607 1913 αὐτοὺς
2650 1849 2900 1903 ἐντεῦθεν
2947 1850 3168 1921 ποιῆσαι
3211 1849 3531 1921 βουλόμενος
3568 1850 3763 1905 ταῦτα

2071 1933 2410 1989 διατάττεται
2454 1937 2505 1995 ι».
2537 1937 2698 1991 ἄκουε
2730 1938 2836 1990 τῶν
2867 1938 3011 2009 ἐξῆς.
3053 1936 3162 1991 Kal
3193 1938 3301 2006 γὰρ
3351 1936 3416 1990 τὸ
3449 1937 3765 2007 ὑμέτερον

2071 2014 2234 2089 alga.
2267 2023 2418 2094 φησὶ,
2446 2021 2562 2075 τῶν
2589 2023 2806 2091 ψυχῶν
2830 2022 3009 2093 ὑμῶν,
3036 2022 3335 2091 έκζητήσω
3353 2024 3499 2078 αὑτό
3527 2024 3603 2078 ἐκ
3626 2040 3761 2092 χει-

2061 2105 2175 2174 ρὸς
2203 2108 2443 2162 πάντων
2472 2108 2590 2163 τῶν
2635 2111 2852 2179 θηρίων
2876 2149 2892 2175 ,
2948 2111 3043 2163 καὶ
3098 2111 3167 2163 έκ
3199 2110 3394 2179 χειρὸς
3420 2110 3758 2180 ἀνθρώπου

2070 2195 2339 2266 ἀδελφοῦ
2362 2197 2666 2266 έκζητήσω
2688 2198 2800 2267 τὴν
2818 2198 3030 2268 ψυχὴν
3053 2199 3158 2253 τοῦ
3175 2199 3505 2268 ἀνθρώπου.
3532 2199 3605 2251 Τί
3628 2195 3755 2263 οὖνς

2070 2285 2104 2355 ἡ
2127 2283 2272 2358 ψυχὴ
2294 2286 2387 2339 τοῦ
2417 2284 2700 2359 ἀνθρώπου
2723 2288 2782 2341 τὸ
2807 2282 2945 2359 αἷμα
2973 2289 3259 2358 τυγχάνεις
3285 2290 3359 2343 Οὐ
3389 2287 3550 2341 τοῦτο
3565 2287 3752 2357 λέγει’

2073 2371 2149 2443 μὴ
2174 2372 2382 2441 γένοιτο
2407 2391 2419 2404 ·
2454 2375 2590 2428 ἀλλά
2615 2378 2682 2447 τῇ
2717 2376 2973 2449 συνηθείᾳ
3000 2379 3065 2447 τῇ
3096 2375 3407 2450 ἀνθρωπίνῃ
3443 2376 3758 2446 κέχρηται.

2070 2459 2146 2522 ὡς
2163 2459 2231 2513 ἄν
2255 2478 2336 2525 τις
2364 2462 2509 2516 εἴποι
2536 2464 2662 2527 τινὶ,
2696 2463 2756 2516 τὸ
2790 2458 2931 2534 αἷμά
2954 2481 3048 2517 σου
3073 2464 3322 2534 βαστάζω
3347 2466 3403 2518 ἐν
3430 2466 3555 2528 ταῖς
3582 2463 3761 2536 χερσί

2074 2566 2196 2617 μου.
2226 2550 2346 2604 ἀντὶ
2380 2551 2495 2613 τοῦ,
2545 2552 2642 2624 τὴν
2668 2553 2914 2617 ἐξουσίαν
2965 2554 3074 2623 ἔχω
3107 2554 3201 2623 τῆς
3253 2552 3586 2625 ἀναιρέσεως
3629 2571 3757 2608 σου.

2073 2637 2198 2693 Ὀτι
2231 2639 2339 2711 γάρ
2368 2641 2429 2694 οὐ
2462 2640 2523 2694 τὸ
2555 2637 2693 2712 αἷμά
2719 2644 2834 2695 ἐστι
2858 2641 2952 2696 τοῦ
2995 2642 3280 2715 ἀνθρώπου
3305 2644 3337 2713 ή
3367 2642 3537 2714 ψυχὴ,
3571 2643 3758 2697 ἄκουε

2069 2724 2163 2778 τοῦ
2201 2726 2436 2796 Χριστοῦ
2484 2727 2765 2797 λέγοντος·
2799 2729 2897 2796 Μὴ
2941 2727 3236 2797 φοϐηθῆτε
3287 2730 3404 2784 ἀπὸ
3437 2729 3560 2783 τῶν
3586 2731 3761 2785 d10-

2070 2815 2425 2869 κτεινόντων
2452 2817 2516 2871 τὸ
2549 2816 2718 2887 σῶμα
2737 2860 2751 2884 ,
2793 2817 2908 2883 τὴν
2938 2816 3007 2871 δὲ
3044 2816 3255 2887 ψυχὴν
3279 2818 3363 2887 μὴ
3386 2818 3763 2888 δυναμέτκαν

2073 2901 2435 2956 ἀποκτεῖναι.
2499 2905 2609 2957 Kal
2656 2906 2757 2976 ὅρα
2786 2904 2896 2985 ,τὴν
2941 2904 3203 2975 διαφορὰν
3252 2904 3382 2974 ὅσην
3421 2905 3761 2975 ἐποιήσατο.

2086 2988 2147 3042 '0
2183 2990 2427 3059 ἐκχέων,
2458 2994 2641 3064 φησίν,
2670 2988 2814 3061 αἷμα
2841 2991 3176 3061 ἀνθρώπου,
3198 2992 3330 3046 ἀντὶ
3362 2992 3465 3047 τοῦ
3488 2994 3763 3061 αἵματος

2071 3077 2257 3132 αὐτοῦ
2292 3078 2357 3131 τὸ
2390 3080 2575 3133 αὑτοῦ
2624 3080 3041 3150 ἐκχυθήσεται,
3098 3080 3187 3134 ὅτι
3234 3080 3303 3134 έν
3353 3081 3540 3134 εἰκόνι
3590 3082 3759 3135 Θεοῦ

2071 3164 2329 3232 ἐποίησα
2358 3165 2466 3219 τὸν
2490 3165 2823 3234 ἄνθρωπον.
2871 3168 3151 3237 Ἐννόησόν
3186 3184 3295 3237 μοι,
3312 3168 3432 3220 ὅσον
3454 3166 3549 3219 τὸν
3575 3169 3767 3236 φόϐον.

2072 3250 2159 3304 διὰ
2190 3252 2281 3305 τοῦ
2320 3254 2561 3325 ῥήματος
2582 3256 2936 3325 ἐπετείχισεν.
2970 3256 3030 3310 El
3063 3256 3155 3309 καὶ
3188 3256 3249 3308 τὸ
3272 3256 3549 3325 ὁμογενὲς,
3580 3260 3756 3327 φησὶ,

2076 3337 2151 3409 μὴ
2180 3339 2384 3407 γίνεταί
2440 3357 2521 3394 σοι
2577 3340 2824 3413 κώλυμα,
2876 3342 2998 3396 οὐδὲ
3042 3344 3075 3413 ὴ
3124 3343 3376 3396 κοινωνία
3398 3345 3495 3413 τῆς
3524 3342 3757 3411 φύσεως

2073 3427 2332 3497 ἀφίστησι
2361 3446 2419 3482 σε
2451 3430 2548 3499 τῆς
2570 3430 2745 3499 κακῆς
2777 3432 3189 3503 ἐπιχειρήσεως,
3214 3430 3348 3486 ἀλλά
3374 3434 3465 3485 καὶ
3478 3433 3582 3503 τὴν
3604 3450 3757 3504 cup.-

2074 3514 2303 3569 πάθειαν
2323 3516 2421 3587 τὴν
2442 3516 2731 3588 ἀδελφικὴν
2756 3519 3135 3589 ἀπωσάμενος,
3168 3519 3287 3583 ὅλος
3332 3520 3456 3593 γίνῃ
3476 3520 3575 3574 τοῦ
3609 3539 3757 3592 μια-

2077 3606 2169 3678 ροῦ
2198 3608 2387 3661 τούτου
2410 3609 2778 3681 τολμήματος,
2818 3611 2988 3664 ἐννόει
3016 3613 3095 3665 ὃτι
3120 3612 3238 3664 κατ’
3262 3612 3441 3666 εἰκόνα
3478 3612 3622 3665 Θεοῦ
3656 3613 3753 3667 δε-
3802 3672 3804 3675 ,

2071 3696 2488 3767 δημιούργηται,
2539 3697 2633 3750 καὶ
2679 3699 2810 3767 ὅσης
2858 3698 3083 3768 ἠξίωται
3139 3698 3286 3771 παρά
3322 3699 3414 3752 τοῦ
3461 3698 3597 3753 Θεοῦ
3640 3701 3755 3771 τῆς

2073 3785 2381 3856 προεδρίας,
2414 3787 2506 3838 καὶ
2525 3786 2605 3839 ὅτι
2631 3786 2807 3857 πάσης
2832 3787 2931 3857 τῆς
2955 3787 3181 3850 κτίσεως
3208 3788 3306 3860 τὴν
3334 3787 3581 3855 ἐξουσίαν
3608 3790 3753 3843 ἀναν

2072 3872 2334 3935 δέδεκται,
2379 3875 2471 3927 καὶ
2495 3873 2701 3927 παῦσαι
2725 3875 2824 3945 τῆς
2852 3874 3127 3948 μοχθηρᾶς
3149 3874 3390 3946 γνώμης.
3417 3874 3481 3929 Τί
3498 3872 3593 3930 οὖν
3636 3896 3753 3949 φη-
3802 3862 3804 3895 ¹

2075 3973 2190 4019 σιν;
2237 3957 2362 4009 Ἐὰν
2396 3958 2619 4028 μυρίους
2664 3975 2747 4022 τις
2788 3959 3086 4030 ἐργάσηται
3134 3960 3345 4027 φόνους,
3376 3958 3466 4012 καὶ
3495 3961 3750 4016 τοσαῦτα

2073 4045 2277 4113 αἵματα
2306 4046 2491 4117 ἐκχέῃ,
2528 4048 2643 4109 πῶς
2683 4047 2778 4118 τὴν
2809 4047 2964 4111 ἀξίαν
2991 4046 3101 4117 δώῃ
3138 4048 3292 4116 δίκην
3312 4084 3326 4110 ,
3374 4047 3467 4100 τοῦ
3501 4048 3748 4119 αἵματος

2073 4132 2235 4186 αὐτοῦ
2265 4134 2423 4204 μόνου
2458 4133 2816 4203 ὲκχυθέντος;
2849 4134 2939 4206 Μὴ
2988 4133 3149 4187 τοῦτο
3194 4133 3429 4203 λογίζου,
3452 4134 3744 4205 ἄνθρωπε,
3802 4190 3804 4195 ,

2073 4220 2184 4272 ἀλλ’
2233 4222 2403 4274 ἐννόει
2437 4223 2518 4275 ὅτι
2567 4221 2805 4275 τοιοῦτον
2858 4220 2975 4292 μετ’
3012 4222 3070 4274 οὐ
3128 4221 3257 4274 πολὺ
3319 4222 3528 4287 δέξεται
3576 4223 3747 4295 σῶμα

2072 4306 2365 4379 ἄφθαρτον,
2388 4308 2447 4361 τὸ
2469 4308 2763 4380 δυνάμενον
2793 4307 3013 4379 διηνεκῆ
3039 4309 3131 4361 καὶ
3150 4307 3364 4362 αἰώνιον
3386 4309 3604 4363 κόλασιν
3631 4312 3746 4365 ὐπ-

2072 4395 2237 4467 έχειν.
2271 4398 2504 4451 Κάκεῖνο
2536 4399 2592 4452 δέ
2646 4399 2858 4463 σκόπει,
2916 4397 3030 4463 πῶς
3065 4398 3203 4469 μετά
3246 4397 3529 4467 ἀκριϐείας
3560 4399 3749 4455 διετάο

2074 4483 2216 4549 ξατο.
2260 4485 2383 4538 Ἐπὶ
2437 4484 2538 4553 μὲν
2588 4485 2695 4557 γάρ
2738 4485 2832 4539 τοῦ
2872 4486 3159 4558 ἀνθρώπου
3205 4485 3375 4555 φησὶ.
3412 4483 3485 4555 μὴ
3535 4486 3747 4560 ἐπιχέῃς

2070 4568 2209 4643 αἷμα
2234 4589 2246 4601 ·
2290 4572 2383 4625 ἐπὶ
2410 4572 2466 4625 δὲ
2497 4572 2606 4627 τῶν
2632 4573 2841 4642 ἀλόγων
2885 4575 2981 4627 οὐκ
3026 4568 3167 4637 εἶπε,
3202 4573 3281 4644 μὴ
3327 4570 3545 4645 ἐκχέῃς,
3575 4573 3746 4639 ἀλλὰ,
3802 4640 3804 4643 ,

2069 4660 2243 4727 Πλὴν
2267 4660 2443 4729 κρέας
2469 4660 2539 4713 ἐν
2565 4662 2763 4730 αἵματι
2785 4659 2994 4730 ψυχῆς
3022 4662 3095 4715 οὐ
3127 4658 3409 4729 φάγεσθε.
3458 4660 3631 4727 Ἐκεῖ,
3669 4663 3749 4733 μὴ

2071 4747 2298 4820 ἐκχέῃς·
2334 4746 2586 4810 ἐνταῦθα.
2625 4747 2772 4821 [265]
2811 4750 2883 4819 μὴ
2922 4750 3116 4818 φάγῃς.

2139 4831 2292 4898 Εἶδες
2313 4836 2433 4888 ὅσον
2461 4836 2520 4889 τὸ
2534 4836 2838 4907 ἀνεπαχθὲς
2864 4835 3074 4906 ἔχουσιν
3103 4834 3266 4889 αὐτοῦ
3293 4837 3348 4889 αἱ
3378 4835 3707 4907 νομοθεσίαι
3733 4858 3747 4903 ;

2069 4922 2186 4985 πῶς
2212 4923 2409 4991 κοῦφαι
2449 4924 2542 4977 καὶ
2577 4924 2755 4994 ῥᾴδιαι
2784 4925 2838 4976 al
2870 4922 3077 4977 ἐντολαί
3099 4939 3116 4988 ;
3136 4922 3253 4989 πῶς
3272 4922 3422 4977 οὐδὲν
3444 4923 3587 4994 βαρύ
3615 4927 3749 4985 οὐδὲ

2070 5011 2324 5082 φορτικὸν
2348 5010 2595 5083 ἐπιζητεί
2623 5012 2773 5083 παρά
2795 5011 2894 5080 τῆς
2924 5010 3195 5081 ἡμετέρας
3229 5010 3470 5079 φύσεως;
3497 5013 3749 5081 Λέγουσι

2068 5099 2177 5171 γάρ
2201 5117 2342 5164 τινες
2376 5100 2514 5172 βαρὺ
2553 5102 2646 5155 καὶ
2689 5099 2885 5169 γεῶδες
2920 5098 3015 5154 καὶ
3052 5097 3327 5152 νοσοποιὸν
3366 5093 3505 5152 εἶναι
3533 5100 3599 5153 τὸ
3630 5103 3748 5155 τῶν
3802 5093 3804 5127 ¹

2070 5188 2277 5256 ἀλόγων
2305 5185 2464 5259 αἷμα.
2510 5188 2648 5242 Ἀλλ’
2688 5190 2845 5258 ἡμεῖς
2882 5187 2957 5256 μὴ
2992 5184 3058 5238 δι’
3081 5185 3402 5244 ἐκεῖνοντὸν
3427 5186 3747 5258 φιλοσοφώ-

2068 5291 2221 5346 τερον
2245 5275 2421 5342 λόγον,
2454 5274 2588 5326 ἀλλά
2614 5273 2701 5327 διὰ
2730 5273 2827 5342 τὴν
2856 5272 2955 5324 τοῦ
2980 5270 3244 5326 Δεσπάτου
3290 5272 3617 5341 νομοθεσίαν
3643 5276 3745 5346 τὴν

2069 5361 2309 5430 φυλακην
2360 5360 2644 5431 ὀφείλομεν
2694 5358 3087 5413 ἐκδείκνυσθαι.
3150 5354 3278 5411 Εἶτα
3335 5358 3419 5413 ἵνα
3472 5360 3747 5431 μάθωμεν

2066 5450 2309 5522 ἀκριϐῶς
2340 5449 2485 5509 τίνος
2512 5448 2695 5502 ἐνεκεν
2726 5447 2992 5519 τοσαύτην
3025 5446 3226 5516 ταύτης
3256 5449 3353 5517 τῆς
3382 5447 3609 5519 ἐντολῆς
3640 5450 3749 5521 τὴν

2067 5537 2352 5609 ἀκρίϐειαν
2384 5538 2695 5608 ἐποιήσατο,
2732 5537 2824 5591 καὶ
2865 5537 2946 5590 ὅτι
2989 5532 3351 5605 ἀναχαιτίξων
3383 5534 3491 5586 τῶν
3522 5536 3749 5609 ἀνθρώ-

2069 5644 2186 5681 πων
2216 5627 2313 5699 την
2344 5625 2568 5697 φονικὴν
2597 5624 2820 5696 γνώμην
2848 5624 3032 5696 φησὶν,
3076 5620 3261 5691 Ὑμεῖς
3297 5620 3367 5673 δὲ
3392 5622 3749 5687 αὐξάνεσθι

2131 5756 2155 5784 ⁸
2182 5754 2332 5805 Savil.
2366 5753 2640 5817 ἀφορίσατε.
2707 5751 2736 5795 ι»
2770 5748 2977 5801 Plurimi
2999 5761 3113 5799 mss.
3136 5746 3493 5811 διαπράττεται.
