3804 6282
126 243 244 297 235

128 460 257 516 pter
282 463 441 503 suam
472 451 761 505 bonitatem
790 450 950 506 etiam
981 453 1229 507 universo
1255 452 1526 507 hominum
1550 454 1732 523 generi

124 548 256 609 post
285 540 437 594 illum
466 539 666 595 l‘uturo.
690 541 819 595 Nam
837 541 976 611 quod
999 542 1146 608 dicit,
1177 541 1300 596 Non
1321 544 1559 614 adjiciam
1581 545 1736 614 igitur

124 640 189 682 ut
214 631 503 699 percutiam
527 647 725 684 onmem
759 650 961 685 carnem
1002 633 1237 687 viventem
1258 676 1271 699 ,
1304 642 1357 688 et
1384 634 1524 704 quod
1558 634 1723 698 addit,

123 722 282 777 Sicut
314 724 435 793 feci,
472 724 598 777 item
628 723 779 791 illud,
818 723 1063 778 Omnibus
1087 725 1549 797 diebus,ldeclarat
1575 727 1730 781 nobis

124 827 237 867 non
267 814 409 867 ultra
439 815 544 869 tale
562 814 816 869 diluvium
845 822 1126 872 venturum
1150 830 1291 881 esse,
1326 831 1500 886 neque
1528 826 1726 870 tantam

121 904 429 971 perniciem
449 920 699 975 umquam
715 914 882 959 totum
899 906 1082 960 orbem
1103 906 1403 960 invasuram
1418 920 1553 961 esse.
1578 907 1729 961 Dein-

118 994 194 1048 de
206 994 373 1049 etiam
392 995 591 1051 indicat
606 996 963 1051 beneficentia:
977 1010 1086 1051 suae
1103 999 1504 1067 perpetuitatem
1524 1016 1536 1050 :
1556 998 1726 1053 0mni~

115 1086 237 1151 bus,
256 1088 452 1159 inquit,
472 1089 665 1156 diebus,
696 1088 798 1144 hoc
814 1098 927 1143 est:
952 1089 1005 1143 In
1028 1104 1185 1145 omne
1202 1093 1451 1146 saeculum
1472 1095 1722 1162 promitto

116 1194 213 1233 tne
244 1193 355 1233 non
386 1180 727 1235 inducturum
757 1182 1058 1251 hujusmodi
1089 1182 1524 1252 indignationem,
1546 1180 1719 1255 neque

113 1270 393 1324 facturum
441 1281 637 1326 tantam
687 1273 1052 1327 confusionem
1100 1289 1198 1328 nec
1245 1273 1296 1328 in
1346 1283 1716 1345 tempestatum

113 1361 360 1426 ratione,
396 1378 495 1417 nec
522 1364 573 1417 in
617 1364 1000 1418 elementorum
1045 1365 1171 1419 situ.
1213 1365 1336 1420 ldeo
1376 1368 1585 1421 subdit:
1616 1368 1714 1423 Se-

112 1454 307 1505 mentis
353 1464 404 1507 et
450 1455 644 1521 messis,
676 1456 838 1526 frigus
885 1466 932 1508 ct
975 1467 1145 1522 wstus,
1175 1468 1324 1511 testas
1362 1470 1408 1511 et
1437 1474 1519 1512 ver
1548 1459 1628 1513 die
1656 1477 1715 1513 ac

109 1555 266 1598 nocte
296 1561 401 1598 non
429 1546 756 1615 requiescent.
790 1545 1103 1614 lmmobilis,
1131 1548 1321 1617 inquit,
1351 1554 1453 1602 erit
1482 1549 1595 1604 haec
1620 1566 1712 1604 or-

107 1636 330 1691 dinatio
381 1656 394 1692 :
443 1648 582 1694 terra
628 1655 915 1710 numquam
960 1640 1170 1696 desinet
1205 1642 1548 1712 suppeditare
1592 1659 1711 1712 qua:

108 1728 402 1783 hominum
427 1731 611 1801 generi
642 1731 963 1796 necessaria,
992 1746 1164 1802 neque
1198 1733 1428 1787 cessabit
1470 1734 1711 1804 proferre

105 1820 366 1876 laborum
409 1832 463 1877 et
506 1822 843 1893 agriculturae
874 1824 1112 1893 prtemia,
1143 1840 1314 1891 neque
1357 1826 1483 1880 anni
1531 1836 1711 1896 partes

100 1912 232 1966 aliis
284 1914 729 1968 conversionibus
774 1914 1166 1969 mutabuntur:
1210 1915 1303 1970 sed
1348 1924 1402 1971 ct
1453 1915 1616 1987 frigus
1656 1925 1710 1972 et

100 2003 287 2069 calor,
318 2014 376 2058 et
419 2014 578 2059 testas
619 2014 674 2060 et
719 2020 814 2059 ver
865 2006 915 2060 in
964 2021 1283 2076 unoquoque
1333 2007 1456 2061 anni
1506 2007 1707 2063 circulo

100 2105 294 2150 erunt.
322 2096 458 2151 Nam
504 2099 625 2168 quia
675 2114 768 2167 per
816 2099 1005 2153 diluvii
1052 2110 1258 2169 tempus
1312 2099 1410 2154 fuit
1463 2099 1705 2156 confusio

96 2190 359 2258 qumdam
406 2191 570 2245 totius
613 2190 765 2246 istius
797 2192 1020 2257 ordinis,
1050 2201 1106 2247 et
1137 2192 1314 2262 justus
1355 2193 1442 2246 ille
1480 2193 1532 2246 in
1580 2208 1702 2247 arca

94 2291 222 2335 erat
247 2292 365 2337 toto
395 2281 489 2336 illo
512 2292 750 2352 tempore
771 2284 920 2354 quasi
950 2286 1196 2338 continua
1225 2292 1398 2349 nocte,
1420 2284 1542 2339 ideo
1562 2299 1703 2339 nunc

96 2374 283 2444 inquit
312 2393 326 2429 :
359 2375 543 2445 Neque
573 2392 700 2442 nox,
721 2393 895 2446 neque
925 2377 1040 2432 dies
1069 2392 1224 2432 suum
1254 2378 1556 2447 relinquent
1580 2393 1701 2433 cur-

94 2479 249 2530 sum,
272 2464 370 2519 sed
400 2481 571 2535 usque
588 2466 652 2519 ad
681 2468 860 2522 saeculi
883 2469 1394 2522 consummationem
1420 2468 1699 2523 immotum

94 2555 325 2610 illorum
360 2557 693 2625 permanebit
720 2558 1096 2612 ministerium.
1121 2558 1306 2613 Vidisti
1329 2559 1540 2629 dignam
1571 2574 1700 2615 con-

94 2648 454 2715 solutionem,
486 2664 603 2719 qua:
645 2650 814 2719 potuit
835 2649 963 2719 justi
990 2650 1224 2704 animum
1250 2652 1492 2721 erigere?
1520 2651 1698 2707 vidisti

91 2740 317 2808 qualem
358 2741 769 2797 retributionem
813 2743 1078 2813 acceperit
1112 2743 1239 2812 justi
1282 2744 1554 2811 probitas?
1591 2743 1695 2798 Sed

90 2841 147 2885 et
176 2848 248 2886 ex
280 2833 633 2901 sequentibus
659 2834 849 2888 iterum
890 2834 1011 2888 audi
1056 2833 1374 2888 ineffabilem
1406 2833 1695 2888 liberalita-

90 2934 227 2979 tem.
253 2925 306 2978 1.
331 2924 481 2994 (Cap.
500 2923 554 2994 9)
576 2924 642 2978 Et
666 2924 936 2987 benedixit,
956 2925 1143 2995 inquit,
1164 2924 1298 2979 Deus
1325 2924 1459 2990 Noe,
1490 2934 1537 2978 et
1560 2925 1695 2993 ﬁlios

87 3017 257 3070 illius.
302 3015 374 3068 Et
413 3016 540 3069 dixit
579 3017 649 3070 eis
685 3032 703 3069 :
742 3016 795 3070 2.
827 3015 1042 3071 Crescite
1088 3026 1132 3071 et
1177 3017 1617 3087 multiplicamini,
1646 3027 1694 3072 et

87 3108 304 3177 implete
333 3116 539 3171 terram,
577 3117 625 3161 et
658 3108 988 3161 dominamini
1021 3110 1087 3162 ei.
1128 3106 1197 3160 Et
1232 3118 1420 3162 tremor
1451 3109 1695 3179 timorque

94 3198 256 3249 vestri
281 3196 378 3249 erit
398 3214 550 3265 super
576 3214 745 3251 onmes
772 3197 953 3251 bestias
977 3208 1141 3263 terrae,
1165 3206 1211 3251 et
1234 3215 1386 3269 super
1410 3216 1582 3253 omnes
1607 3216 1693 3254 vo-

94 3288 270 3340 lucres
298 3288 433 3352 creti,
454 3298 498 3339 et
525 3304 676 3357 super
697 3289 872 3341 omnia
887 3303 1002 3358 qua:
1028 3298 1287 3342 moventur
1308 3305 1460 3359 super
1483 3297 1689 3356 terram,

87 3391 133 3432 et
169 3396 337 3449 super
382 3396 555 3433 omnes
580 3380 742 3449 pisces
787 3381 940 3433 maris
969 3395 988 3435 .'
1013 3380 1067 3433 in
1093 3396 1271 3433 manus
1306 3390 1492 3434 vestras
1520 3382 1692 3435 omnia

85 3472 230 3524 dedi.
262 3472 320 3526 5.
355 3469 423 3523 Et
450 3488 595 3525 omne
628 3471 824 3541 reptile,
853 3471 988 3541 quod
1017 3481 1089 3526 est
1128 3472 1313 3538 vivens,
1344 3471 1479 3526 vobis
1517 3474 1609 3526 erit
1638 3473 1692 3529 in

84 3566 282 3619 cibum.
322 3564 486 3632 Quasi
505 3565 645 3617 olera
683 3565 952 3619 herbarum
976 3565 1093 3619 dedi
1113 3566 1248 3619 vobis
1274 3564 1462 3618 omnia.
1492 3565 1546 3619 4.
1590 3564 1689 3620 Ve-

83 3666 385 3709 rumtamen
429 3672 633 3709 carnem
681 3656 735 3709 in
778 3657 1021 3726 sanguine
1064 3656 1245 3710 anima:
1293 3672 1356 3710 ne
1396 3657 1686 3711 comedatis.

84 3748 326 3819 Dignum
358 3757 443 3802 est
491 3756 547 3801 ut
590 3746 678 3802 hic
724 3748 1051 3802 admiremur
1076 3748 1425 3803 excellentem
1482 3749 1689 3804 Domini

84 3840 417 3896 bonitatem.
449 3838 584 3894 Vide
606 3839 746 3893 enim
770 3840 857 3893 hic
877 3838 1144 3909 quomodo
1164 3840 1341 3909 justus
1380 3839 1469 3894 ille
1497 3841 1686 3894 iterum

84 3933 345 3988 eamdem
364 3929 788 3985 benedictionem
805 3930 1167 4000 consequitur,
1181 3945 1338 4000 quam
1356 3930 1480 3984 olim
1496 3930 1685 3998 Adam,

83 4034 135 4078 et
180 4031 437 4092 ereptum
474 4031 755 4091 recuperat
798 4023 1148 4093 principatum
1194 4023 1391 4077 virtute
1432 4037 1549 4088 sua,
1580 4022 1689 4077 imo

85 4112 356 4170 ineffabili
378 4113 588 4167 Domini
608 4113 912 4169 clementia.
935 4113 1066 4167 Nam
1091 4114 1228 4168 sicut
1249 4112 1315 4168 de
1340 4112 1431 4168 illo
1456 4112 1685 4183 dicebat,

86 4207 320 4261 Crescite
346 4214 392 4258 et
426 4206 853 4274 multiplicamini,
890 4215 936 4259 et
966 4205 1297 4259 dominamini
1322 4216 1487 4272 terrw,
1519 4216 1566 4260 et
1589 4206 1689 4258 im-

82 4310 266 4369 perate
294 4300 518 4369 piscibus
548 4299 721 4363 maris,
745 4308 789 4351 et
826 4298 1106 4369 reptilibus,
1140 4308 1183 4352 et
1206 4299 1512 4363 volatilibus,
1534 4307 1582 4353 et
1606 4302 1688 4369 fe-

82 4394 154 4447 ris
190 4390 357 4462 (Gen.
388 4390 439 4443 1.
469 4388 560 4459 28)
594 4408 607 4442 :
649 4390 729 4444 sic
754 4405 895 4444 nunc
922 4389 1128 4460 inquit:
1162 4387 1228 4444 Et
1255 4399 1441 4443 tremor
1464 4399 1511 4442 et
1539 4390 1690 4443 timor

81 4482 243 4539 vestri
270 4481 367 4534 erit
390 4497 543 4549 super
567 4496 737 4536 omnes
758 4480 939 4537 bestias
960 4490 1126 4543 terrai,
1155 4489 1204 4534 et
1229 4495 1382 4549 super
1407 4494 1579 4533 omnes
1602 4495 1690 4532 vo-

80 4576 275 4629 turres.
310 4572 379 4629 Et
404 4588 551 4631 omne
576 4572 755 4641 reptile
781 4573 919 4641 quod
942 4580 1013 4626 est
1045 4571 1232 4637 vivens,
1256 4570 1392 4624 vobis
1413 4570 1508 4622 erit
1540 4570 1593 4622 in
1612 4570 1687 4622 ci-

80 4670 228 4723 bum.
282 4666 444 4734 Quasi
482 4665 621 4721 olera
652 4665 919 4719 herbarum
945 4665 1059 4719 dedi
1088 4664 1223 4718 vobis
1247 4664 1434 4716 omnia.
1472 4661 1689 4717 Verum-

80 4773 259 4815 tamen
286 4775 492 4812 carnem
511 4759 565 4813 in
584 4758 829 4829 sanguine
851 4761 1036 4813 animm
1058 4773 1121 4811 ne
1143 4756 1438 4810 comedatis.
1457 4754 1690 4811 Attende

80 4853 339 4911 eamdem
371 4851 631 4922 regulam,
663 4852 820 4907 aliter
847 4849 1163 4909 servandam
1206 4858 1381 4902 tamen
1421 4862 1540 4903 eam
1567 4862 1687 4918 qua:

83 4950 267 5019 primo
295 4946 498 5002 homini
533 4945 655 5004 data
679 4944 797 4999 fuit.
814 4944 962 4999 Sicut
986 4943 1128 4998 enim
1158 4952 1304 5005 tunc,
1332 4949 1611 5012 postquam
1637 4941 1688 4996 ei

82 5041 351 5095 traditum
381 5048 464 5093 est
492 5037 786 5095 dominium
817 5036 871 5096 in
902 5035 1102 5102 omnia,
1133 5043 1192 5090 ut
1229 5034 1330 5089 frui
1360 5043 1541 5110 posset
1567 5049 1688 5088 om-

81 5133 247 5189 nibus
292 5145 415 5199 quaa
450 5137 607 5185 erant
649 5129 702 5183 in
752 5128 1018 5199 paradiso,
1063 5128 1331 5184 abstinere
1374 5135 1578 5187 tantum
1621 5126 1691 5183 ab

82 5228 252 5281 unico
273 5225 419 5294 ligno
439 5223 619 5293 jussus
644 5233 759 5278 est:
785 5224 855 5277 ita
886 5230 941 5277 et
971 5222 1056 5275 hic
1085 5229 1205 5291 post
1232 5219 1686 5287 benedictionem,

80 5330 137 5375 et
171 5325 463 5387 postquam
490 5314 744 5370 terribilis
775 5313 947 5369 factus
974 5323 1057 5369 eSt
1087 5312 1292 5380 bestiis,
1321 5321 1374 5366 et
1402 5312 1503 5366 sub
1528 5326 1690 5366 manu

80 5413 208 5481 eius
251 5408 441 5480 positu:
485 5416 610 5464 sunt
637 5421 763 5463 aves
786 5415 841 5462 et
865 5405 1120 5470 volatilia,
1154 5406 1366 5475 inquit:
1403 5403 1564 5458 Omne
1604 5420 1689 5457 re—

83 5507 214 5582 ptile
242 5504 413 5557 vivens
436 5501 574 5555 vobis
601 5502 694 5555 erit
714 5502 765 5555 in
791 5501 953 5554 cibum
976 5509 1063 5552 :ut
1090 5500 1229 5552 olera
1254 5497 1523 5552 herbarum
1548 5494 1687 5551 vobis

82 5597 208 5653 dedi
237 5595 433 5649 omnia.
474 5593 611 5649 Hinc
636 5593 843 5650 initium
871 5591 1088 5649 ductum
1111 5599 1193 5645 est
1216 5589 1542 5645 edendarum
1574 5602 1691 5643 car-

85 5692 239 5753 nium
274 5708 288 5743 :
319 5702 427 5745 non
460 5696 515 5744 ut
541 5686 687 5758 ipsos
710 5684 777 5742 ad
807 5684 1007 5745 ventris
1036 5682 1327 5756 ingluviem
1350 5690 1500 5756 paret
1527 5689 1583 5739 et
1609 5681 1691 5738 lu.

1168 245 1233 301 IN
1272 244 1423 303 CAP.
1464 247 1551 301 IX.
1593 247 1833 306 GENES.
1876 252 2102 311 llOMlL.
2146 257 2360 315 XXVII.

126 372 262 411 nem
289 359 449 414 aliert
474 357 622 429 justo
649 377 663 413 :
695 359 802 415 imo
823 375 927 415 non
951 360 1098 431 justo
1125 370 1329 416 tantum
1350 403 1365 429 ,
1394 361 1486 417 sed
1527 375 1581 418 et
1610 379 1733 434 pro-

3315 269 3419 325 256

1843 376 2034 435 struat,
2063 371 2156 426 sed
2179 374 2300 443 quia
2332 389 2394 429 ex
2437 374 2567 446 ipsis
2592 375 2837 433 homines
2870 389 3022 435 erant
3046 382 3419 451 sacriﬁcaturi,

1839 467 1893 512 et
1922 458 2033 513 Deo
2061 463 2258 530 gratias
2283 466 2471 532 acturi,
2506 473 2561 519 ut
2590 480 2657 521 ne
2696 467 3003 525 viderentur
3026 472 3174 539 quasi
3218 488 3248 526 a
3290 489 3419 529 con-

1838 550 2060 603 secratis
2084 552 2352 608 abstinere
2384 571 2397 608 :
2442 555 2641 609 idcirco
2666 557 2856 612 edendi
2896 558 3192 617 facultatem
3222 578 3417 620 conoe-

1837 635 1918 690 dit
1953 650 2008 691 et
2046 640 2266 694 nutltam
2295 642 2387 696 dat
2414 644 2591 698 utendi
2634 645 2920 702 licentiam.
2952 648 3112 714 Quasi
3140 652 3278 705 olera
3307 656 3421 709 her-

1836 726 2014 781 barum
2060 729 2196 784 vobss
2244 730 2359 784 dedi
2412 734 2583 786 omnia
2635 733 2788 806 (Gen.
2839 736 2896 790 2.
2945 738 3057 809 17).
3103 739 3235 795 Dein
3281 744 3420 798 sicut

1834 818 2003 872 Adam
2034 821 2242 875 ueteris
2270 819 2453 877 fruens
2477 821 2652 894 lignis,
2681 826 2862 894 jussus
2891 838 2973 882 est
3008 830 3077 884 ab
3120 847 3226 885 uno
3254 835 3417 889 absti-

1833 922 1962 962 nere
1996 926 2009 961 :
2042 909 2111 963 ita
2160 909 2246 964 hic
2286 911 2482 967 dictum
2527 924 2627 979 est,
2657 929 2779 969 cum
2828 917 2903 971 illi
2932 920 3107 974 omnia
3151 922 3217 977 ad
3262 939 3415 981 esum

1831 997 1997 1053 libere
2021 1001 2277 1055 sumenda
2308 1005 2578 1072 permissa-
2595 1016 2807 1065 essent:
2834 1008 2887 1061 4.
2930 1007 3277 1068 Verumtamen
3300 1032 3418 1069 car-

1827 1105 1940 1142 nem
1969 1091 2022 1144 in
2049 1094 2295 1163 sanguine
2316 1096 2499 1149 anima:
2522 1112 2585 1149 ne
2602 1097 2894 1152 comedatis.
2935 1101 3072 1166 Quid
3100 1114 3183 1158 est
3208 1121 3333 1165 caro
3356 1108 3411 1164 in

1824 1181 2082 1250 sanguine
2124 1184 2353 1238 animae?
2401 1184 2514 1241 Hoc
2554 1197 2656 1255 est,
2685 1188 3022 1245 suil‘ocatum.
3070 1194 3219 1250 Bruti
3262 1198 3408 1253 enim

1822 1273 1999 1328 anima
2029 1276 2244 1345 sanguis
2265 1285 2366 1331 est.

1895 1364 1948 1417 5.
1988 1364 2121 1430 Quia
2148 1366 2306 1435 igitur
2325 1367 2581 1423 sacrificia
2625 1370 2908 1439 perfecturi
2936 1382 3090 1428 erant
3116 1390 3179 1430 ex
3216 1376 3406 1444 brutis,

1821 1451 1926 1508 hoc
1955 1452 2065 1508 fere
2091 1454 2252 1510 modo
2284 1456 2440 1511 docet
2465 1458 2603 1524 illos,
2633 1459 2850 1515 dicens:
2880 1462 3013 1528 Quia
3041 1467 3257 1534 sanguis
3277 1469 3409 1522 mihi

1818 1555 2125 1615 segregatus
2162 1558 2266 1612 est,
2297 1548 2448 1603 vobis
2470 1563 2616 1604 caro.
2658 1550 2769 1607 lloc
2798 1560 2976 1608 autem
3019 1554 3141 1609 ideo
3170 1555 3314 1623 facit,
3345 1569 3408 1613 ut

1820 1637 2005 1704 primis
2034 1637 2139 1691 illis
2180 1639 2507 1708 temporibus
2547 1641 2861 1710 comprimat
2891 1643 3105 1699 illorum
3146 1647 3403 1716 impetum

1759 1748 1764 1755 -
1816 1737 1866 1781 et
1898 1728 2307 1798 propensionem
2333 1732 2400 1784 ad
2447 1730 2752 1787 homicidia.
2799 1734 2865 1787 Et
2899 1736 3039 1804 quod
3084 1735 3188 1792 hoc
3210 1737 3283 1793 sit
3304 1754 3402 1795 ve-

1815 1834 1956 1885 rum,
1989 1835 2182 1891 nempe
2220 1822 2361 1891 quod
2390 1822 2515 1879 hinc
2545 1838 2639 1879 eos
2678 1827 2844 1896 magis
2886 1827 3002 1896 pios
3040 1828 3264 1886 reddere
3303 1844 3403 1887 vo-

1812 1911 1991 1977 luerit,
2017 1913 2139 1967 audi
2172 1928 2291 1983 qua:
2328 1924 2646 1984 sequuntur.
2686 1915 2740 1970 5.
2789 1915 2992 1970 Etenim
3038 1930 3251 1975 vestrum
3279 1939 3404 1976 san-

1811 2004 2029 2073 guinem,
2080 2004 2277 2074 inquit,
2324 2006 2607 2060 animarum
2647 2018 2943 2075 vestrarum,
2976 2012 3236 2081 exquiram
3279 2030 3393 2069 eum

1811 2094 1873 2147 de
1899 2111 2051 2147 manu
2091 2097 2314 2148 omnium
2341 2096 2627 2149 bestiarum.
2664 2095 2734 2151 Et
2758 2100 2822 2151 de
2846 2115 3001 2153 manu
3044 2102 3261 2157 hominis
3289 2107 3397 2175 [ra-

1810 2185 1902 2237 tris
1941 2186 2198 2254 exquiram
2237 2186 2458 2239 animam
2487 2187 2722 2241 hominis.
2769 2188 2907 2256 Quid
2946 2191 3111 2261 ergo?
3152 2193 3397 2249 animane

1810 2275 2043 2355 hominis
2083 2278 2300 2347 sanguis
2330 2279 2449 2332 est?
2487 2278 2605 2332 Non
2646 2278 2750 2333 hoc
2776 2280 2928 2348 dicit,
2954 2281 3127 2336 absit:
3158 2283 3251 2337 sed
3292 2284 3396 2339 hu-

1807 2381 1963 2421 mana
2002 2369 2385 2422 consuetudine
2415 2384 2544 2423 usus
2566 2380 2669 2436 est,
2697 2385 2763 2425 ac
2786 2371 2830 2425 si
2857 2372 2976 2441 quis
3014 2372 3157 2428 dicat
3197 2375 3390 2434 alicui:

1804 2457 2125 2527 Sanguinem
2172 2469 2320 2513 tuum
2366 2469 2518 2529 porto
2560 2460 2614 2514 in
2658 2462 2902 2517 manibus
2948 2464 3083 2519 meis
3114 2484 3126 2518 :
3157 2467 3257 2520 hoc
3282 2476 3386 2534 est,

1806 2561 2123 2622 potestatem
2154 2552 2325 2608 habeo
2368 2554 2721 2609 interficiendi
2753 2564 2824 2610 te.
2867 2556 2998 2610 Nam
3029 2558 3169 2627 quod
3211 2560 3395 2614 anima

1803 2644 2037 2700 hominis
2078 2660 2184 2699 non
2226 2646 2296 2700 sit
2335 2647 2571 2716 sanguis,
2612 2648 2735 2701 audi
2776 2649 3044 2703 Christum
3086 2650 3395 2708 dicentem:

1804 2736 1888 2791 Ne
1913 2738 2178 2790 (inmeritis
2200 2737 2261 2790 ab
2288 2738 2359 2791 eis
2380 2738 2467 2807 qui
2492 2738 2729 2791 occidunt
2754 2755 2957 2809 corpus,
2972 2742 3193 2795 animum
3221 2753 3388 2797 autem

1801 2830 2031 2883 occidere
2065 2846 2168 2884 non
2200 2839 2409 2901 possunt
2450 2828 2663 2899 (Matth.
2697 2831 2785 2885 10.
2816 2830 2930 2903 28).
2961 2832 3029 2886 Et
3056 2832 3177 2889 vide
3214 2849 3385 2905 quan-

1802 2930 1907 2975 tam
1954 2919 2351 2976 distinctionem
2401 2920 2607 2977 fecerit.
2658 2924 2714 2977 ϐ.
2763 2922 3160 2990 Qui‘e/fuderit,
3191 2926 3386 2996 inquit,

1799 3013 2096 3083 sanguinem
2121 3011 2356 3076 hominis,
2392 3028 2485 3083 pro
2524 3014 2769 3084 sanguine
2813 3015 2921 3082 eius
2967 3018 3173 3088 sanguis
3224 3018 3390 3087 ipsius

1799 3102 2085 3171 elfuudetur
2109 3104 2270 3174 :‘quia
2296 3105 2346 3157 in
2379 3105 2596 3175 imagine
2620 3104 2714 3159 Dei
2741 3107 2839 3179 feci
2867 3107 3140 3162 hominem.
3173 3108 3385 3178 Cogita,

1797 3196 2043 3262 obsecro,
2075 3204 2332 3265 quantum
2364 3207 2621 3251 terrorem
2650 3195 2753 3251 hoc
2778 3197 2942 3252 verbo
2976 3198 3221 3257 incussit.
3248 3198 3314 3254 Et
3337 3202 3383 3255 si

1798 3290 1938 3359 quod
1960 3288 2199 3359 ejusdem
2222 3298 2424 3344 naturae
2444 3290 2534 3357 sit,
2554 3291 2744 3360 inquit,
2767 3306 2873 3345 non
2902 3301 2953 3346 te
2977 3302 3183 3359 avocat,
3210 3308 3381 3364 neque

1797 3395 1828 3434 a
1850 3388 1958 3435 tam
1986 3394 2239 3449 perverso
2254 3388 2445 3435 conatu
2471 3380 2682 3450 repellit
2706 3390 2907 3436 natura:
2925 3384 3263 3438 communio:
3288 3383 3384 3439 sed

1795 3470 1841 3526 si
1869 3471 2335 3527 commiseratione
2374 3471 2606 3526 fraterna
2632 3471 2851 3542 depulsa
2879 3482 3021 3527 totus
3042 3474 3093 3528 in
3121 3472 3222 3530 hoc
3249 3474 3380 3530 faci-

1797 3579 1897 3620 nus
1927 3564 2251 3635 prorumpis,
2265 3564 2435 3635 cogita
2455 3580 2579 3620 eum
2598 3565 2663 3618 ad
2686 3564 2966 3634 imaginem
2985 3565 3075 3620 Dei
3098 3564 3381 3621 formatum

1795 3670 1935 3720 esse,
1963 3665 2017 3709 et
2045 3655 2255 3724 quantis
2291 3671 2410 3710 eum
2442 3653 2584 3711 Deus
2608 3655 2853 3725 dignatus
2892 3655 2963 3710 sit
2993 3657 3383 3726 pra-rogativis,

1794 3756 1848 3801 et
1875 3748 2014 3816 quod
2059 3748 2203 3801 omni
2247 3756 2491 3801 creatura
2541 3748 2823 3816 praefectus
2864 3749 2955 3812 sit,
2987 3762 3050 3802 ac
3089 3750 3303 3817 quiesce
3349 3764 3383 3803 a

1794 3838 1933 3891 mala
1964 3838 2253 3891 voluntate.
2300 3836 2434 3904 Quid
2463 3852 2590 3907 ergo
2619 3838 2662 3891 si
2719 3837 3031 3892 innumeras
3054 3838 3172 3907 quis
3201 3849 3379 3908 patra-

1794 3929 1929 3983 verit
1955 3928 2152 3993 cazdes,
2184 3938 2238 3982 et
2281 3938 2486 3983 tantum
2518 3929 2791 3999 sanguinis
2820 3928 3086 3995 effuderit,
3114 3930 3382 3999 quomodo

1793 4020 2006 4090 dignam
2031 4019 2177 4074 dabit
2204 4034 2414 4089 poenam
2451 4018 2619 4073 effuso
2648 4020 2764 4074 solo
2790 4033 2887 4074 suo
2930 4019 3225 4089 sanguine?
3265 4019 3382 4103 Non

1794 4111 1895 4167 hoc
1937 4111 2248 4177 considera,
2299 4111 2489 4176 homo,
2540 4110 2633 4165 sed
2682 4111 2914 4181 intellige
2956 4126 3076 4165 eum
3125 4111 3229 4166 tale
3273 4126 3381 4166 non

1795 4203 1963 4259 multo
2001 4213 2121 4273 post
2155 4212 2496 4273 accepturum
2538 4216 2733 4271 corpus
2780 4201 3209 4271 incorruptibile,
3241 4201 3381 4271 quod

1795 4296 1989 4369 poterit
2006 4298 2309 4351 continuam
2333 4305 2386 4350 et
2406 4306 2657 4350 aeternam
2680 4309 2891 4365 poenam
2918 4294 3079 4349 ferre.
3101 4292 3231 4349 Illud
3254 4294 3381 4348 item

1794 4388 2085 4461 perpende,
2134 4404 2291 4460 quam
2333 4388 2615 4458 diligenter
2659 4397 2983 4459 princeptum
3014 4388 3103 4442 sit.
3148 4386 3281 4442 Nam
3313 4387 3383 4443 de

1795 4481 2034 4547 homine,
2062 4481 2266 4550 inquit,
2311 4479 2390 4535 Ne
2430 4478 2671 4535 eil'nndas
2713 4479 3067 4550 sanguinem:
3107 4477 3175 4534 de
3212 4478 3385 4534 brutis

1794 4585 1972 4630 autem
2012 4573 2303 4639 non'dixit,
2335 4572 2411 4627 Ne
2442 4571 2705 4638 eil‘uudas,
2736 4572 2852 4637 sed,
2895 4570 3245 4626 Verumtamen
3268 4586 3383 4626 car-

1796 4685 1911 4723 nem
1936 4667 1990 4721 in
2016 4666 2261 4737 sanguine
2288 4665 2474 4718 anima:
2519 4679 2582 4717 ne
2626 4662 2919 4718 comedatis.
2967 4661 3082 4717 lllic
3124 4662 3274 4731 dicit,
3304 4660 3381 4719 Ne

1794 4758 2073 4824 eﬂ'undas;
2109 4758 2215 4824 hic,
2251 4756 2330 4812 Ne
2359 4754 2632 4811 comedas.

1867 4851 1970 4907 Cur
1999 4866 2113 4907 esus
2137 4849 2399 4921 sanguinis
2425 4849 2624 4902 vetitus.
2646 4876 2716 4887 —
2733 4845 2895 4901 Vides
2920 4860 3081 4916 quam
3112 4843 3240 4899 nihil
3262 4860 3378 4898 mo-

1793 4944 1985 5000 lestum
2018 4942 2251 4997 habeant
2277 4941 2393 5008 eius
2424 4939 2612 5010 leges?
2650 4938 2921 5009 quomodo
2964 4937 3095 4992 levia
3124 4945 3180 4990 et
3209 4934 3378 4989 facilia

1794 5034 2079 5091 mandata?
2119 5032 2389 5104 quomodo
2429 5032 2557 5086 nihil
2586 5044 2747 5101 grave
2776 5042 2947 5099 neque
2987 5041 3269 5081 onerosum
3299 5042 3378 5080 re-

1794 5126 1956 5199 quirit
1975 5141 2005 5179 a
2027 5136 2208 5180 nostra
2240 5122 2466 5178 natura?
2498 5121 2687 5175 Dicunt
2714 5118 2855 5173 enim
2881 5117 3060 5186 aliqui,
3096 5116 3374 5171 brutoruin

1794 5219 2128 5290 sanguinem,
2160 5230 2395 5287 gravem,
2444 5220 2774 5275 terrestrem,
2815 5220 2867 5265 et
2896 5210 3186 5264 multarum
3217 5210 3375 5279 aegri-

1795 5310 2036 5366 tudinum
2085 5320 2300 5363 causam
2350 5323 2365 5358 :
2416 5313 2472 5359 at
2511 5318 2609 5358 nos
2645 5318 2750 5356 non
2806 5310 3023 5371 propter
3075 5300 3382 5370 prmdictutu

1793 5414 2097 5457 sermonem
2141 5396 2309 5467 magis
2351 5394 2418 5451 ad
2463 5393 2855 5467 philosophiam
2893 5392 3375 5458 accommodatum,

1794 5494 1888 5550 sed
1918 5500 2135 5563 propter
2154 5488 2360 5544 Domini
2384 5485 2690 5542 mandatum
2719 5484 2769 5539 id
2792 5484 3080 5539 observare
3095 5482 3375 5540 debemus.

1797 5583 1998 5642 Deinde
2028 5592 2084 5638 ut
2107 5582 2378 5638 discamus
2402 5593 2569 5651 quare
2592 5586 2697 5632 tam
2729 5575 3011 5647 diligenter
3050 5574 3154 5631 hoc
3179 5589 3385 5644 prace-

1799 5688 1945 5750 ptum
1983 5673 2186 5743 statuit,
2218 5687 2413 5746 nempe
2452 5679 2512 5729 ut
2535 5667 2813 5727 cohiberet
2855 5666 3132 5725 hominum
3160 5664 3375 5736 stingui-
