3804 6254
412 237 512 292 ιιι-ι
552 255 556 259 ·

413 350 618 404 narium
646 344 902 407 animum,
925 340 1089 396 dicit:
1116 340 1169 391 7.
1211 335 1311 389 Vos
1336 342 1499 388 autent
1538 330 1761 394 crescite,
1788 338 1835 383 st
1861 327 1991 382 mul-

414 436 735 507 tiplicamini,
765 443 811 489 et
842 432 1057 500 implete
1100 438 1302 489 terram,
1339 433 1386 487 et
1415 421 1746 475 dominamini
1777 419 1820 473 ἀ
1844 433 1862 471 :
1892 432 1997 470 non

417 543 639 591 temere,
668 537 721 582 et
761 526 961 592 absque
989 534 1146 575 causa
1186 516 1338 579 dixit,
1374 513 1470 575 Vos
1498 522 1697 574 autem,
1727 509 1820 563 sed
1851 507 2000 577 quasi

414 621 639 683 diceret,
664 616 767 670 Vos
786 615 874 684 qui
902 612 1073 682 pauci,
1097 618 1152 662 et
1179 620 1340 676 parvo
1371 618 1592 657 nmnero
1616 604 1766 663 estis,
1786 614 1998 653 omnem

421 720 622 763 terram
672 705 910 774 implete,
941 712 993 755 et
1033 697 1379 755 dominamini
1405 696 1453 749 ci
1485 712 1499 747 :
1549 695 1651 753 hoc
1692 700 1793 756 est,
1820 691 2001 747 domi-

412 800 565 852 nium
596 796 805 858 habete,
836 804 888 847 et
926 800 1271 861 potestatem,
1300 795 1352 841 et
1379 785 1630 845 fructum.
1660 782 1812 844 Vide,
1843 782 2002 837 obse-

416 889 656 951 ret-0,.Dei
699 886 1095 955 benignitatem,
1127 879 1394 950 quomodo
1424 877 1568 946 prius
1609 890 1796 945 magna
1842 875 2005 929 bene-

418 983 549 1035 fficia
574 979 756 1045 donat,
781 989 834 1033 et
862 988 986 1032 tunc
1014 977 1224 1029 unicum
1247 982 1307 1027 et
1336 972 1447 1024 leve
1475 969 1777 1023 mandatum
1806 966 1914 1022 dat.
1943 966 2010 1024 Et

417 1073 561 1125 sicut
588 1071 815 1137 Adamo,
843 1077 1119 1138 postquam
1148 1064 1413 1119 concessit
1444 1071 1500 1115 ιιι
1524 1061 1789 1117 habitaret
1820 1060 1871 1113 in
1918 1074 2010 1127 pa-

424 1162 613 1216 radiso
633 1204 649 1228 ,
682 1170 735 1215 et
777 1170 855 1215 tot
883 1176 945 1213 ac
988 1160 1149 1213 tantis
1176 1157 1457 1217 frueretur,
1480 1152 1694 1206 tandem
1740 1150 2007 1220 prmcepit,

436 1266 490 1308 ut
528 1255 593 1309 ab
635 1254 791 1307 unico
838 1254 979 1322 ligno
1026 1251 1315 1305 abstineret
1345 1266 1356 1300 :
1391 1247 1463 1299 ita
1501 1255 1555 1300 et
1607 1245 1690 1298 hic
1735 1254 2010 1312 postquam

435 1346 677 1415 promisit
704 1360 809 1398 non
835 1344 972 1398 ultra
994 1343 1150 1397 talem
1179 1356 1237 1395 se
1261 1340 1525 1392 illaturum
1550 1334 1849 1404 generalem
1878 1342 2015 1387 stra-

434 1456 580 1508 gem,
614 1454 786 1508 neque
816 1439 884 1492 ita
929 1453 987 1491 se
1014 1436 1426 1505 indignaturum,
1458 1431 1550 1486 sed
1582 1446 1750 1499 usque
1787 1430 1850 1483 ad
1883 1444 2007 1483 eou-

432 1528 844 1582 summationem
902 1525 1087 1579 mundi
1151 1524 1368 1576 immota
1440 1536 1782 1588 permansura
1837 1520 2013 1573 omnia

422 1620 732 1679 elementa,
770 1618 838 1671 ita
873 1626 928 1671 ut
971 1631 1197 1685 quaeque
1224 1630 1378 1669 suum
1422 1630 1638 1668 cursum
1684 1623 1738 1667 et
1775 1613 2014 1667 ordinem

437 1710 723 1779 impleant;
753 1718 807 1763 et
835 1718 1112 1778 postquam
1144 1705 1244 1775 ipsi
1270 1706 1696 1760 benedictionem
1738 1715 1859 1760 sunt
1889 1720 2017 1758 con-

438 1801 671 1869 sequuti,
700 1799 987 1867 donatique
1026 1798 1246 1868 pristina
1276 1812 1437 1866 super
1476 1796 1630 1851 bruta
1658 1798 1836 1851 omnia
1864 1805 2019 1865 pote-

438 1900 595 1955 state,
627 1905 692 1944 ac
728 1888 964 1943 carnium
1007 1905 1099 1942 esu
1126 1903 1315 1943 secure
1361 1887 1642 1957 permisso,
1674 1896 1797 1941 tunc
1826 1886 2017 1955 inquit,

454 1980 809 2034 l’ermntamen
829 1995 1032 2032 carnem
1054 1979 1111 2031 in
1158 1980 1404 2049 sanguine
1431 1983 1614 2033 anima:
1637 1996 1699 2032 ne
1725 1978 2022 2032 comedetis.

445 2071 631 2124 Vidisti
657 2070 923 2140 quomodo
962 2070 1113 2140 prius
1140 2071 1469 2138 benignitate
1496 2086 1558 2124 ac
1600 2069 1851 2125 incﬂabili
1884 2070 2020 2124 libo..-

446 2163 657 2215 ralitate
708 2163 890 2227 utitur,
945 2172 999 2216 et
1051 2170 1175 2215 tunc
1224 2162 1437 2217 demum
1493 2162 1764 2231 praecipit?
1804 2161 2024 2214 Διίιτιιιίιιιιιὶ

450 2268 732 2321 munquam
780 2252 917 2306 istud
958 2253 1097 2306 inter
1130 2253 1370 2307 homines
1402 2253 1512 2306 fieri
1551 2253 1745 2307 soleat.
1775 2251 2027 2305 Homines

448 2345 588 2397 enim
612 2346 843 2413 primum
872 2345 1051 2399 volunt
1076 2359 1163 2406 ea,
1183 2359 1301 2413 qua:
1333 2344 1667 2411 principium,
1694 2357 1859 2410 opere
1883 2356 2029 2394 cotu-

452 2435 607 2504 pferi,
639 2450 856 2505 eosque,
880 2437 967 2506 qui
998 2436 1244 2490 mandata
1273 2435 1541 2504 excipiunt
1569 2444 1621 2488 et
1643 2442 2025 2503 exsequuntur,

453 2543 696 2597 inagnam
721 2528 1451 2593 exbiberebenevolentiam,
1480 2542 1545 2583 ac
1570 2535 1694 2581 tunc
1720 2527 1901 2595 utique
1939 2542 2031 2580 co-

432 2620 622 2686 .gitaut
648 2618 715 2674 de
746 2619 1149 2674 remunerandis
1190 2618 1373 2688 iisqui
1418 2619 1636 2671 ntultam
1673 2617 2029 2673 obedientiam

454 2722 562 2775 tum
604 2722 663 2762 se
694 2708 929 2767 tulerint.
957 2708 1153 2763 Ceutra
1183 2723 1312 2762 vero
1338 2708 1633 2763 communis
1658 2708 1893 2763 omnium
1925 2708 2031 2761 Do-

457 2798 632 2852 minus
664 2815 678 2851 :
711 2799 857 2867 prius
886 2800 1027 2855 enim
1074 2797 1355 2863 benefacit,
1385 2808 1439 2853 et
1467 2798 1802 2854 multitudine
1831 2796 2028 2853 benefi-

458 2892 664 2945 ciorum
697 2901 933 2946 nostram
975 2903 1218 2945 naturam
1249 2890 1314 2945 ad
1337 2905 1395 2945 se
1432 2890 1617 2954 allicit,
1645 2899 1699 2944 et
1726 2898 1905 2959 postea
1932 2889 2035 2947 im-

455 2993 605 3052 perat
634 2982 808 3036 facilia
834 2992 993 3050 atque
1024 2983 1178 3045 levia,
1212 2992 1269 3036 ut
1297 2982 1546 3037 facilitate
1582 2981 1956 3038 mandatorum
1985 2990 2038 3039 et

455 3073 726 3128 beneficiis
743 3073 1006 3141 prioribus
1017 3074 1250 3135 excitati,
1268 3073 1333 3127 ad
1349 3089 1411 3128 ea
1429 3072 2033 3142 implendainducamur.

524 3161 739 3216 Moralis
758 3162 1078 3233 epilogus.—-—
1092 3161 1168 3216 Ne
1194 3161 1354 3230 igitur
1379 3162 1703 3232 negligentes
1744 3162 1931 3223 simus,
1961 3159 2042 3215 di-

450 3252 600 3318 lecti,
633 3268 802 3321 neque
845 3254 977 3323 pigri
1016 3252 1089 3309 ad
1130 3251 1376 3311 mandata
1430 3254 1695 3321 implenda
1730 3271 1743 3307 :
1785 3252 2039 3307 beneficia

458 3344 633 3412 priora
647 3343 956 3413 cogitantes,
981 3352 1034 3396 et
1053 3341 1420 3397 mandatorum
1446 3342 1772 3406 facilitatem,
1798 3339 2042 3410 prsentia;-

436 3448 680 3504 rumque
709 3444 828 3502 post
856 3432 1070 3502 impleta
1098 3433 1345 3489 mandata
1375 3434 1688 3502 promissam
1717 3434 2037 3503 magnitudi-

459 3542 581 3581 nem
613 3542 628 3580 :
659 3524 754 3581 sed
793 3525 1089 3595 vigilemus,
1141 3535 1195 3581 et
1239 3524 1553 3581 festinemus
1596 3525 1663 3580 ad
1704 3526 2042 3596 exsequenda

463 3615 708 3671 mandata
736 3631 765 3670 a
798 3616 905 3671 Deo
934 3615 1086 3671 nobis
1117 3616 1306 3671 tradita
1337 3635 1351 3671 :
1378 3623 1432 3671 et
1457 3632 1526 3671 ne
1554 3616 1880 3672 dimittamus
1908 3618 2041 3683 vias,

466 3722 600 3777 quas
643 3706 711 3761 ad
738 3706 1110 3777 perficiendam
1151 3708 1448 3762 animarum
1474 3717 1776 3763 nostrarum
1817 3709 2042 3764 salutem

466 3798 921 3870 praescripsit,sed
952 3809 1189 3868 tempore
1224 3801 1346 3855 vita:
1384 3810 1578 3855 nostra:
1605 3800 1743 3871 quod
1784 3800 2045 3870 reliquum

461 3902 575 3957 est,
603 3892 734 3947 bene
773 3900 1003 3955 utamur,
1030 3902 1089 3947 et
1118 3901 1330 3961 peccata
1365 3892 1662 3958 abluamus,
1702 3900 1758 3945 et
1802 3908 2044 3962 magnam

462 3984 617 4038 nobis
643 3984 888 4039 ﬁduciam
947 3984 1091 4053 prius
1138 3984 1495 4053 acquiramus,
1526 3984 1862 4053 maximeque
1907 3997 2048 4038 nunc

460 4091 583 4131 cum
613 4075 783 4131 adhuc
806 4076 1015 4130 residua
1045 4084 1127 4131 cst
1150 4074 1573 4144 Quadragesima:
1603 4090 1742 4144 pars.

534 4168 592 4221 6.
626 4167 885 4221 Modicum
915 4177 1110 4235 tempus
1134 4166 1313 4237 sufﬁcit
1348 4168 1414 4219 ad
1463 4167 1823 4237 pwnitcndum.
1857 4166 2047 4221 Metilio

473 4258 533 4325 ﬁt
570 4258 633 4311 de
661 4257 989 4327 confessione.
1017 4285 1088 4296 -—
1125 4256 1307 4326 Neque
1334 4257 1474 4310 enim
1504 4271 1698 4326 parvus
1735 4265 1818 4312 est
1840 4256 2045 4313 dierum

478 4363 730 4403 numerus
769 4349 859 4418 qui
904 4356 1111 4413 restat,
1152 4348 1194 4401 si
1248 4347 1575 4404 voluerimus
1626 4362 1911 4418 parumper
1959 4365 2044 4403 re-

473 4438 746 4507 sipiscere.
799 4439 911 4493 Hoc
943 4448 1120 4494 autem
1166 4438 1317 4504 dixi,
1366 4454 1471 4492 non
1525 4438 1665 4508 quod
1688 4438 1858 4492 solum
1900 4447 2046 4493 tanto

473 4539 709 4598 tempore
755 4544 888 4599 Opus
928 4530 1121 4584 habent
1160 4539 1493 4599 peccatorum
1526 4538 1826 4583 nostrorum
1869 4545 2047 4601 corre-

469 4622 597 4687 ctio,
630 4622 721 4677 sed
752 4626 871 4692 quia
890 4623 1170 4677 Dominum
1193 4622 1448 4675 habemus
1473 4621 1787 4676 clementem
1814 4630 1869 4677 et
1892 4621 2046 4678 beni-

472 4729 629 4783 gnum
660 4715 749 4782 qui
778 4728 882 4768 non
927 4714 1124 4782 indiget
1155 4712 1321 4773 multo
1351 4721 1627 4781 tempore;
1655 4713 1698 4768 si
1738 4713 1895 4767 modo
1924 4728 2044 4775 cum

472 4821 665 4876 magno
695 4806 898 4861 fervore
926 4814 980 4860 et
1006 4804 1273 4874 vigilantia
1299 4804 1364 4858 ad
1395 4805 1563 4873 ipsum
1590 4805 1924 4869 accedamus,
1955 4820 2044 4860 re-

471 4898 628 4967 jrctis
662 4896 1006 4951 szecularibus
1032 4898 1174 4950 curis
1197 4895 1444 4949 outnibus
1469 4936 1483 4958 ,
1514 4904 1566 4949 et
1594 4910 1825 4963 superno
1849 4894 2046 4951 auxilio

476 4990 604 5043 nisi.
632 4986 763 5040 Nam
806 4994 860 5040 et
902 4984 1145 5039 Ninivita:
1173 4994 1313 5037 tanta
1348 4991 1682 5052 peccatorum
1712 4982 2047 5037 multitudine

471 5081 736 5148 nggravati
758 5119 777 5144 ,
826 5078 945 5148 quia
973 5091 1216 5146 magnam
1240 5084 1297 5131 et
1322 5089 1500 5131 veram
1535 5075 1897 5144 pomitentiam
1918 5090 2044 5145 ege-

478 5182 597 5228 runt
645 5169 813 5233 (Jan.
847 5170 1029 5238 5.10)
1061 5209 1075 5233 ,
1109 5183 1214 5223 non
1256 5182 1391 5238 opus
1436 5167 1732 5221 habuerunt
1786 5167 2047 5235 ampliore

474 5278 633 5329 quam
653 5262 809 5316 trium
825 5261 1028 5316 dierum
1060 5271 1297 5330 tempore
1322 5259 1385 5316 ad
1419 5259 1804 5329 provocandam
1834 5258 1927 5312 Dei
1954 5258 2049 5313 bo-

476 5353 711 5415 nitatem,
744 5360 798 5405 et
822 5352 1023 5409 irritam
1049 5351 1395 5414 reddendam,
1416 5365 1538 5421 qua:
1562 5349 1841 5403 adversum
1867 5363 1924 5403 se
1946 5349 2049 5403 lata

476 5454 592 5497 erat
614 5482 628 5506 ,
661 5442 999 5496 sententiam.
1026 5442 1097 5496 Et
1123 5441 1249 5511 quid
1280 5441 1402 5497 dico
1433 5483 1449 5509 ,
1486 5441 1733 5496 Ninivitte
1759 5442 1781 5493 Ὺ
1810 5440 1968 5495 Latro
1998 5441 2048 5495 iu

479 5549 636 5589 cruce
659 5548 837 5602 neque
867 5549 973 5588 uno
993 5533 1079 5588 die
1100 5549 1236 5602 opas
1256 5535 1459 5590 habuit.
1503 5533 1573 5589 Et
1595 5534 1721 5605 quid
1761 5533 1881 5588 dico
1914 5574 1928 5597 ,
1960 5532 2050 5588 die

483 5641 593 5685 uno
606 5625 628 5678 2'
646 5620 831 5695 Neque
844 5622 990 5683 brevi
1006 5624 1159 5687 liora.
1186 5625 1359 5685 Tanta
1408 5636 1490 5683 est
1517 5627 1607 5683 Dei
1633 5641 1757 5699 erga
1781 5641 1877 5683 nos
1903 5626 2053 5684 beni-

1152 225 1209 280 S.
1250 220 1526 278 JOANNIS
1562 211 2037 273 CHRYSOSTOMI
2077 208 2393 267 ARCHIEP.
2433 202 2969 262 CONSTANTINOP.

2098 323 2301 393 gnitas!
2330 321 2459 376 Nam
2479 320 2566 375 ubi
2591 320 2781 376 viderit
2803 317 3087 373 voluntatis
3114 324 3309 370 nostra:
3327 310 3534 369 firmum
3562 326 3699 383 pro-

2104 415 2333 484 positum
2362 452 2380 479 ,
2426 422 2479 467 et
2506 411 2728 466 ferventi
2752 424 2849 463 nos
2872 407 3140 462 desiderio
3168 404 3231 460 ad
3272 421 3330 460 se
3381 404 3652 460 accedere
3682 441 3703 465 ,

3581 192 3700 246 2.8

2108 520 2215 559 non
2252 503 2459 566 tardat,
2503 517 2675 571 neque
2712 500 2892 553 diﬂ‘ert
2919 518 2930 552 :
2957 498 3049 553 sed
3093 497 3353 553 accelerat
3384 538 3398 563 ,
3426 507 3708 562 suamque

2107 596 2313 651 solitam
2344 594 2713 649 liberalitatem
2744 591 3025 656 exhibens,
3055 590 3215 644 dicit:
3249 587 3425 642 Adhuc
3454 589 3711 656 loquente

2108 697 2156 740 te
2174 686 2339 739 dicam
2372 701 2390 738 :
2414 683 2541 738 Ecce
2570 684 2747 735 adsunt
2768 680 2918 753 (lsai.
2942 680 3028 736 58.
3062 680 3139 749 9).

2182 777 2362 847 itaque
2388 775 2730 829 cxauditurns
2752 782 2833 827 est
2858 781 2909 827 et
2930 786 3048 837 nos,
3072 772 3115 825 si
3134 769 3453 828 voluerimus
3477 768 3530 822 in
3562 782 3711 837 pau-

2104 870 2187 926 cis
2209 869 2396 924 diebus
2428 868 2542 922 istis
2585 866 2743 921 studii
2772 865 3045 934 specimen
3071 862 3332 932 quoddam
3362 860 3559 917 afferre
3580 899 3598 923 ,
3654 870 3715 912 et

2108 961 2292 1029 jejunii
2317 959 2553 1017 subsidio
2578 974 2682 1012 non
2703 957 2868 1021 abuti,
2883 968 3039 1025 atque
3055 969 3272 1009 excussa
3295 952 3540 1009 socordia
3560 967 3707 1006 con-

2115 1050 2274 1103 tiauis
2294 1049 2536 1117 precibus
2556 1048 2763 1116 placare
2782 1047 3062 1100 Dominum
3079 1085 3094 1111 ,
3118 1043 3345 1099 fervidus
3367 1041 3705 1112 profundere

2114 1140 2396 1212 lacrymas,
2412 1138 2601 1194 delicta
2626 1146 2801 1193 nostra
2825 1136 3009 1191 sedulo
3034 1135 3291 1201 confiteri,
3312 1134 3459 1204 quasi
3483 1132 3713 1188 medico

2117 1246 2412 1299 preponct‘e
2439 1239 2618 1283 nosua
2650 1229 2885 1290 vulnera,
2911 1236 2963 1279 et
2985 1226 3277 1281 animarum
3306 1224 3483 1281 ulcera
3510 1222 3711 1279 decla-

2118 1338 2237 1377 rare
2265 1366 2279 1386 ,
2308 1338 2406 1377 nec
2433 1323 2665 1393 abjieere
2696 1336 2852 1391 quam
2873 1321 2956 1374 ille
2984 1319 3074 1373 dat
3100 1318 3434 1383 medicinam,
3462 1331 3565 1371 nec
3595 1330 3712 1370 non

2116 1424 2169 1470 et
2197 1415 2297 1469 alia
2338 1430 2454 1484 qua:
2495 1430 2523 1467 a
2563 1413 2714 1467 nobis
2744 1412 3026 1482 exiguntur
3055 1409 3243 1463 afferre
3272 1425 3287 1464 :
3320 1408 3713 1463 contritioncm

2118 1506 2314 1567 cordis,
2337 1505 2799 1573 compunctionem
2826 1517 3025 1567 veram,
3054 1502 3250 1570 largam
3273 1501 3711 1572 eleemosynam;

2114 1599 2428 1653 affectiones
2456 1614 2573 1668 qua:
2604 1608 2835 1653 mentem
2866 1604 3098 1649 nostram
3136 1593 3489 1649 interturbant
3529 1592 3711 1647 refre-

2122 1707 2268 1755 nare,
2297 1702 2347 1744 ct
2374 1707 2436 1743 ex
2469 1690 2641 1743 anima
2662 1688 2977 1752 eliminare;
3007 1688 3075 1741 ita
3107 1694 3167 1741 ut
3194 1701 3365 1756 neque
3391 1685 3713 1740 divitiarum

2122 1782 2410 1851 cupiditate
2439 1797 2830 1851 expugnemur,
2859 1796 3031 1850 neque
3069 1779 3287 1848 injurias
3326 1780 3497 1833 illatas
3524 1780 3712 1832 vindi-

2118 1890 2246 1929 care
2272 1875 2545 1942 cupiamus
2571 1916 2583 1934 ,
2612 1888 2782 1942 neque
2812 1871 3073 1926 hostiliter
3103 1872 3151 1925 in
3195 1871 3491 1940 proximum
3532 1870 3721 1924 affecti

2116 1968 2311 2027 simus.
2340 1966 2481 2020 Nihil
2508 1967 2669 2029 enim,
2698 1965 2829 2018 nihil
2856 1966 3033 2032 utique
3058 1964 3290 2027 omnium
3310 1962 3456 2017 Deus
3490 1962 3564 2016 ita
3602 1962 3723 2014 odit

2126 2068 2177 2113 et
2199 2067 2490 2125 aversatur,
2516 2066 2576 2110 ut
2602 2057 2867 2112 hominem
2892 2055 3104 2111 ultionis
3123 2054 3355 2118 avidum,
3379 2062 3431 2110 et
3448 2054 3504 2109 in
3530 2055 3726 2110 animo

2120 2164 2225 2203 suo
2254 2158 2532 2215 perpetuas
2562 2146 2815 2200 adversus
2852 2146 3150 2215 proximum
3190 2154 3487 2200 servantem
3531 2147 3723 2198 inimi-

2129 2240 2299 2292 citias.
2327 2238 2556 2293 Tantum
2584 2237 2725 2292 enim
2750 2237 2865 2305 ejus
2892 2236 3090 2305 peccati
3120 2235 3368 2289 damnum
3398 2246 3501 2301 est,
3532 2246 3591 2291 ut
3623 2238 3729 2289 mi.

2118 2330 2476 2395 ,st-ricordiam
2520 2330 2611 2387 Dei
2654 2341 2907 2391 revocet,
2955 2345 3053 2385 nec
3097 2330 3267 2385 locum
3314 2328 3510 2389 habere
3549 2331 3724 2382 sinat.

2132 2420 2283 2497 Quod
2312 2422 2596 2487 ut-sciatis,
2623 2422 2978 2491 evangelicum
3009 2422 3160 2475 vobis
3187 2421 3485 2489 parabolam
3514 2421 3728 2487 refero,

2132 2512 2400 2579 quomodo
2431 2512 2520 2567 ille
2550 2512 2733 2566 decem
2775 2512 2995 2567 millium
3028 2512 3342 2566 talentorum
3370 2512 3604 2577 debitor,
3642 2531 3731 2568 re-

2134 2602 2441 2659 missionem
2459 2604 2694 2658 omnium
2711 2620 2739 2657 a
2754 2603 2968 2657 domino
2988 2613 3343 2673 consequutus
3364 2604 3448 2665 sit,
3465 2606 3726 2673 procidit,

2121 2704 2189 2748 tet
2214 2695 2410 2749 oravit.
2454 2693 2803 2748 Misericordia
2843 2694 2983 2750 enim
3023 2706 3216 2759 motus,
3253 2694 3451 2763 inquit,
3481 2695 3732 2748 dominus

2138 2786 2245 2855 ejus
2267 2826 2282 2851 ,
2315 2788 2463 2840 etiam
2488 2785 2703 2839 debitum
2731 2786 2777 2839 ei
2804 2786 2992 2839 remisit
3021 2784 3229 2854 (Matth.
3264 2786 3348 2839 18.
3380 2786 3492 2855 27).
3528 2786 3733 2841 Vidisti

2139 2878 2553 2933 misericordiam
2576 2878 2816 2932 domini?
2842 2878 2935 2933 Ille
2962 2878 3204 2947 procidit,
3228 2888 3281 2931 et
3307 2880 3509 2949 rogavit
3536 2890 3594 2933 ιιι
3620 2881 3736 2934 lca-

2137 2969 2254 3038 gius
2284 2969 2382 3023 sibi
2410 2976 2615 3037 tempus
2642 2970 3010 3038 praefiniretur.
3042 2968 3347 3024 Patientiam
3372 2970 3498 3022 habe
3525 2971 3577 3024 in
3611 2988 3697 3024 me
3717 3015 3735 3037 ,

2143 3061 2340 3129 inquit,
2373 3070 2417 3113 et
2444 3061 2611 3114 omnia
2636 3060 2724 3113 tibi
2748 3061 2974 3114 reddam.
3005 3059 3108 3115 Sed
3139 3060 3307 3115 bonus
3332 3062 3601 3125 dominus,
3639 3064 3738 3116 mi-

2141 3152 2370 3205 sericors
2393 3192 2407 3215 ,
2437 3152 2710 3222 nostrique
2738 3166 2918 3206 curam
2945 3165 3106 3221 agens
3126 3194 3138 3214 ,
3170 3151 3388 3220 supplici
3422 3150 3703 3227 propitius,
3721 3194 3737 3219 ,

2142 3262 2247 3299 non
2291 3247 2459 3299 solum
2499 3254 2750 3315 quantum
2784 3245 2956 3314 petiit,
2990 3244 3081 3300 sed
3110 3254 3361 3314 quantum
3397 3261 3463 3299 ne
3490 3248 3741 3316 cogitare

2145 3337 2358 3405 quidem
2401 3352 2561 3393 ausus
2591 3336 2721 3403 fuit,
2754 3336 2917 3392 dedit.
2949 3336 2997 3391 Is
3028 3338 3170 3392 enim
3212 3337 3325 3406 ejus
3369 3352 3484 3392 mos
3519 3348 3606 3392 est
3631 3380 3646 3399 ,
3683 3350 3741 3391 ut

2146 3428 2321 3482 vincat
2345 3468 2358 3489 ,
2394 3436 2449 3482 et
2487 3428 2780 3497 pt‘mveniat
2820 3429 3101 3498 petitiones
3141 3439 3366 3481 nostras.
3414 3428 3508 3481 Illo
3550 3430 3742 3499 itaque

2146 3528 2332 3573 orante
2360 3527 2419 3573 ut
2443 3519 2778 3573 severitatem
2802 3519 3051 3574 dominus
3082 3519 3401 3578 remitteret.
3429 3529 3481 3574 et
3508 3523 3743 3589 promit-

2149 3618 2291 3664 tente
2319 3610 2613 3665 soluturum
2644 3625 2702 3664 se
2726 3610 2923 3674 omnia,
2958 3610 3203 3667 dominus
3232 3612 3461 3664 bonitate
3486 3625 3584 3665 sua
3618 3613 3745 3665 vin-

2148 3715 2274 3755 cens
2298 3709 2474 3754 nostra
2500 3699 2712 3766 delicta,
2744 3701 3103 3757 misericordia
3131 3710 3322 3767 motus,
3351 3701 3556 3756 dimisit
3583 3719 3743 3769 eum,

2149 3790 2493 3861 debitumque
2523 3801 2688 3846 totum
2713 3793 2761 3846 ei
2789 3792 3010 3847 remisit.
3040 3792 3226 3848 Vidisti
3253 3792 3375 3861 quid
3404 3808 3594 3851 servus
3614 3809 3745 3848 ora-

2150 3884 2304 3947 verit,
2328 3892 2382 3937 et
2401 3892 2651 3952 quantum
2672 3884 2721 3938 ei
2743 3882 2988 3937 dominus
3006 3882 3299 3938 dimiserit?
3321 3883 3447 3938 Vide
3467 3899 3497 3938 e
3519 3884 3745 3939 diverso

2151 3984 2205 4029 et
2246 3975 2385 4029 servi
2428 3975 2759 4030 insolentiam
2792 3992 2805 4028 :
2836 3990 2955 4029 cum
2999 3974 3217 4030 deberet
3255 3976 3393 4029 enim
3438 3976 3742 4032 secundum

2151 4075 2352 4124 tantam
2379 4067 2757 4137 benignitatem
2780 4077 2831 4122 ct
2858 4067 3171 4121 ineffabilem
3203 4068 3601 4123 beneficentiam
3636 4071 3743 4125 sibi

2152 4160 2460 4226 exhibitam,
2491 4171 2544 4215 et
2569 4161 2681 4230 ipse
2705 4176 2830 4231 erga
2858 4162 3152 4231 proximum
3181 4161 3315 4216 bene
3343 4161 3565 4217 affectus
3588 4179 3741 4228 esse,

2152 4255 2420 4309 contrario
2450 4269 2667 4322 prorsus
2692 4254 2851 4309 modo
2876 4269 2934 4309 se
2959 4255 3139 4324 gessit.
3167 4252 3410 4324 Egressus
3434 4256 3576 4308 enim
3602 4297 3618 4319 ,
3655 4256 3745 4309 in-

2152 4349 2264 4418 quit
2289 4389 2303 4413 ,
2331 4348 2417 4400 ille
2446 4348 2462 4417 (
2488 4346 2567 4401 Ib.
2593 4364 2640 4399 υ.
2667 4347 2737 4401 28
2756 4346 2795 4418 ),
2824 4345 2913 4415 qui
2943 4345 3125 4399 decem
3162 4345 3379 4399 millium
3411 4344 3743 4400 talentorum

2153 4439 2519 4493 remissionem
2550 4446 2866 4507 assequutus
2906 4445 3037 4490 erat.
3065 4435 3286 4500 Audite,
3317 4434 3541 4490 obsecro
3567 4476 3582 4497 ,
3608 4436 3743 4491 dili-

2150 4540 2338 4598 genter
2364 4546 2376 4582 :
2406 4544 2523 4597 qum
2549 4527 2622 4580 illi
2650 4527 2975 4589 acciderunt,
2999 4526 3259 4581 sufﬁciunt
3282 4526 3345 4579 ad
3367 4527 3744 4595 corripiendas

2154 4621 2360 4675 animas
2390 4631 2596 4674 nostras
2616 4660 2630 4684 ,
2660 4632 2713 4674 et
2742 4617 2806 4672 ad
2842 4616 3264 4687 persuadendum
3294 4625 3350 4670 ut
3375 4617 3592 4671 tollatur
3616 4634 3747 4687 gra-

2153 4715 2232 4765 vis
2268 4712 2353 4765 ille
2399 4712 2617 4764 morbus
2659 4726 2688 4763 c
2727 4718 2904 4764 mente
2943 4718 3142 4763 nostra.
3174 4708 3272 4762 Hic
3300 4709 3490 4778 igitur,
3522 4709 3743 4779 inquit,

2153 4821 2380 4875 egressus
2418 4804 2599 4858 invenit
2639 4819 2793 4856 unum
2822 4819 2847 4855 e
2875 4803 3123 4856 conservis
3167 4804 3268 4855 suis
3292 4843 3307 4868 ,
3339 4802 3424 4870 qui
3458 4801 3672 4854 debebat
3704 4806 3747 4856 ci

2155 4905 2349 4949 centum
2384 4894 2638 4948 denarios.
2672 4892 2803 4948 Vide
2831 4902 3083 4962 quantum
3117 4893 3351 4947 interi-st.
3395 4892 3487 4945 llic
3516 4906 3745 4946 conscr-

2157 5000 2252 5040 vus
2285 4984 2514 5045 debebat
2548 4994 2758 5038 centum
2793 4982 3071 5046 denarios,
3106 4982 3209 5037 illic
3235 4983 3481 5036 dominus
3507 4992 3628 5035 erat
3656 4985 3743 5050 qui

2154 5076 2426 5145 repetebat
2455 5076 2637 5131 decent
2664 5075 2828 5129 millia
2856 5074 3170 5128 talentorum
3200 5092 3211 5125 :
3241 5072 3589 5127 nihilominus
3619 5076 3738 5144 Quit

2157 5167 2287 5221 vidit
2313 5166 2696 5235 supplicantem
2720 5176 2771 5220 et
2795 5175 3056 5231 orantem,
3083 5164 3299 5218 dlllllsll-
3325 5166 3393 5217 At
3416 5169 3517 5217 iste
3542 5163 3745 5231 Appre-

2160 5259 2367 5312 hensum
2396 5274 2590 5311 servum
2614 5256 2894 5323 stt/forabat
2914 5297 2925 5317 ,
2959 5256 3127 5308 dicens
3154 5272 3171 5309 :
3200 5253 3373 5309 Redde
3400 5255 3522 5307 mihi
3548 5257 3596 5309 si
3624 5258 3746 5326 quid

2159 5349 2322 5402 debes.
2350 5348 2486 5416 Quid
2527 5348 2715 5418 igitur?
2750 5346 3059 5413 Procidens,
3090 5346 3291 5415 inquit,
3330 5363 3598 5400 conservus
3636 5351 3745 5418 ejus

2159 5438 2321 5509 (Ibid.
2352 5456 2397 5492 υ.
2428 5439 2543 5509 29).
2571 5438 2701 5493 Vide
2726 5437 2991 5508 quomodo
3018 5437 3240 5493 subinde
3266 5437 3593 5507 evangelista
3620 5455 3743 5493 ver-

2160 5535 2305 5599 bum,
2339 5532 2635 5596 Conservns,
2661 5540 2851 5591 versat,
2882 5548 2986 5585 non
3022 5540 3240 5597 temere,
3271 5531 3362 5586 sed
3393 5539 3446 5585 ut
3472 5530 3747 5586 discamus

2163 5625 2279 5680 illos
2314 5639 2469 5693 pares
2495 5624 2713 5682 omnino
2742 5622 2924 5679 fuisse.
2961 5621 3331 5681 Verumtamen
3371 5638 3670 5679 conservus
3703 5625 3749 5677 ei
