3760 6298
69 277 149 334 ΜΘ
1081 269 1149 327 IN
1186 269 1337 327 CAP.
1382 267 1471 324 IX.
1500 267 1742 325 GENES.
1784 268 2011 326 HOMlL.
2056 268 2270 326 XXVII.

69 386 367 460 supplicabat
388 384 578 442 eodem
604 384 764 441 modo
783 427 798 451 ,
828 399 935 456 quo
960 383 1052 440 ille
1076 393 1229 440 antea
1255 383 1473 438 domino
1490 425 1506 451 ,
1538 381 1621 438 di-

68 495 175 537 cens
198 496 210 533 :
245 476 548 532 Patientiam
569 476 696 530 habe
713 477 765 529 in
787 492 885 539 me,
908 483 953 529 et
973 476 1141 529 omnia
1166 475 1253 528 tibi
1277 474 1505 529 reddam.
1529 473 1631 529 Ille

69 582 230 638 autem,
260 570 447 638 inquit,
471 586 720 641 egressus,
750 566 964 636 coniecit
990 566 1137 621 illum
1162 567 1215 621 in
1239 583 1511 631 carcerem,
1538 566 1630 619 do—

68 679 141 716 nec
158 678 299 714 omne
321 660 535 715 debitum
558 660 653 713 sibi
675 668 955 714 numeraret
974 657 1181 729 (Matth.
1204 657 1289 713 I8.
1312 658 1427 727 50).
1451 657 1495 711 Ο
1516 657 1632 711 ani-

70 769 190 807 mum
212 750 421 816 Summe
452 751 749 820 ingratum!
776 749 950 805 adhuc
977 748 1179 805 recenti
1204 749 1458 803 memoria
1485 756 1633 802 tene-

70 847 159 911 bat,
190 855 385 912 quanta
414 842 663 898 dominus
687 842 1002 896 liberalitate
1025 856 1207 896 secum
1233 848 1433 911 egerat,
1459 854 1631 910 neque

68 938 130 990 sic
153 936 325 1003 aliqua
355 934 819 989 commiseratione
861 944 1036 987 motus
1065 941 1146 987 est
1177 950 1190 985 :
1224 932 1316 985 sed
1350 930 1492 995 prius
1517 930 1634 1000 qui-

68 1029 168 1083 dem
198 1026 509 1088 suﬂ'ocabat,
538 1041 683 1080 nunc
706 1040 835 1079 vero
863 1025 913 1079 in
940 1039 1209 1078 carcerem
1238 1022 1486 1091 conjecit.

126 1118 171 1172 7.
197 1118 465 1172 ‘Czeterum
506 1117 623 1171 vide
653 1116 777 1185 quid
815 1124 1066 1183 sequatur
1097 1132 1109 1167 :
1147 1114 1212 1170 Ut
1244 1114 1506 1174 viderunt,
1546 1112 1637 1166 in-

69 1212 183 1281 quit,
212 1209 434 1263 conservi
458 1210 617 1275 illius,
649 1209 928 1261 contristati
965 1217 1082 1261 sunt
1108 1223 1125 1260 :
1150 1217 1197 1260 et
1224 1220 1281 1260 ut
1308 1215 1544 1260 venerunt
1569 1205 1635 1258 ad

66 1301 312 1355 dominum
336 1317 499 1366 suum,
531 1317 638 1353 rem
663 1316 859 1353 omnem
888 1299 1210 1352 declararunt
1238 1296 1408 1368 (Ibid.
1439 1315 1486 1352 υ.
1517 1297 1631 1365 5|).

70 1394 166 1447 Non
192 1392 283 1448 ille
308 1391 518 1461 quidem
551 1392 638 1461 qui
666 1391 735 1446 ita
764 1391 901 1446 male
927 1390 1146 1445 allectus
1171 1398 1319 1457 erat,
1348 1389 1637 1462 (quomodo

69 1485 191 1539 enim
219 1484 500 1554 potuisset,
534 1483 587 1538 in
615 1498 883 1538 carcerem
912 1482 1182 1552 conjectus
1199 1482 1247 1552 ?)
1272 1484 1364 1537 sed
1392 1483 1478 1536 alii
1503 1497 1637 1536 con-

69 1576 215 1639 servi,
240 1585 299 1631 et
323 1575 410 1646 qui
438 1575 582 1630 nulla
613 1575 802 1645 injuria
827 1574 1021 1643 affecti,
1046 1576 1194 1645 quasi
1223 1575 1411 1644 injuria
1439 1574 1635 1643 allecti,

70 1668 129 1720 ita
154 1668 328 1722 maesti
360 1675 509 1722 erant
530 1708 545 1733 ,
575 1666 954 1738 dominumque
982 1666 1240 1722 adeuntes
1261 1706 1277 1733 ,
1310 1682 1424 1720 rem
1455 1681 1640 1721 narra-

72 1767 264 1812 verunt.
299 1755 414 1811 Jam
446 1756 566 1812 vide
591 1757 792 1812 domini
832 1757 1266 1828 indignationem.
1296 1757 1439 1811 Tunc
1465 1774 1640 1812 accer-

66 1850 150 1902 sito
174 1865 250 1913 eo,
283 1849 473 1918 inquit,
506 1849 623 1903 dicit
647 1864 665 1903 :
692 1849 846 1905 Serve
870 1866 1081 1919 nequam
1100 1849 1263 1921 (Ibid.
1286 1865 1333 1902 υ.
1364 1848 1476 1920 32).
1502 1848 1640 1906 Vere

67 1940 142 1993 hic
166 1939 349 1994 videre
388 1939 509 1995 licet
536 1956 694 2009 quam
729 1941 1082 2010 perniciosum
1111 1941 1182 1995 sit
1210 1940 1517 2010 injuriarum
1550 1956 1639 1995 re-

66 2031 284 2086 minisci.
309 2031 567 2099 Quoniam
593 2046 715 2086 cum
747 2031 934 2087 decem
968 2032 1125 2085 millia
1155 2031 1637 2105 talentaexigebat,

68 2138 158 2174 non
204 2122 415 2176 vaeavit
460 2136 581 2176 eum
624 2122 815 2175 malum
848 2139 861 2175 :
894 2123 985 2176 sed
1023 2138 1196 2187 nunc,
1232 2137 1350 2176 cum
1382 2138 1642 2178 conservo

62 2212 286 2265 Crudelis
326 2212 442 2273 fuit,
480 2212 633 2267 Serve
662 2230 894 2284 nequam,
927 2214 1118 2283 inquit,
1147 2230 1292 2267 omne
1317 2213 1533 2268 debitum
1563 2230 1643 2269 re-

64 2305 168 2357 misi
196 2306 289 2360 tibi
309 2347 325 2371 ,
353 2290 470 2376 quia
499 2308 685 2376 rogasti
714 2324 810 2361 me.
840 2307 971 2362 Vide
1001 2308 1268 2377 quomodo
1297 2308 1530 2362 declarat
1559 2308 1641 2362 in-

65 2403 272 2464 gentem
307 2398 419 2464 ejus
458 2398 732 2451 malitiam.
769 2397 903 2452 Num
936 2398 1134 2469 aliquid
1172 2400 1396 2469 amplius
1436 2400 1642 2455 fecisti?

62 2486 243 2554 inquit.
273 2484 461 2543 Nonne
487 2488 708 2557 paucula
740 2499 941 2544 tantum
973 2490 1131 2545 verba
1154 2490 1354 2555 dixisti,
1382 2501 1436 2546 et
1463 2506 1645 2547 susce-

64 2586 140 2645 pta
178 2578 439 2645 petitione
477 2588 561 2633 tua
602 2587 767 2634 totum
812 2581 937 2636 illud
983 2582 1185 2652 grande
1226 2591 1279 2637 et
1320 2583 1639 2638 immensum

58 2667 293 2723 debitum
317 2670 527 2725 remisi?
553 2669 740 2724 Nonne
759 2682 805 2725 et
829 2682 873 2726 te
898 2673 1123 2727 misereri
1142 2673 1396 2744 Oportebat
1420 2675 1643 2728 conservi

62 2760 157 2826 tui,
186 2762 321 2814 sicut
345 2771 393 2814 et
422 2778 509 2832 ego
539 2762 615 2816 tui
653 2763 885 2819 misertus
920 2749 1033 2817 sum
1070 2763 1244 2835 (Ibid.
1277 2781 1324 2818 v.
1357 2766 1459 2838 53)
1481 2766 1503 2819 ?
1528 2766 1642 2833 Qua

56 2852 245 2923 dignus
272 2855 381 2909 eris
410 2855 580 2920 venia,
608 2856 650 2911 si
673 2871 773 2927 ego
797 2857 1040 2912 dominus
1067 2869 1186 2913 tuus
1208 2868 1408 2914 tantum
1435 2859 1643 2931 pondus

59 2943 358 3000 debitorum
398 2956 612 3016 propter
650 2949 737 3003 illa
775 2949 913 3004 nuda
943 2950 1100 3005 verba
1128 2950 1302 3005 dimisi
1335 2970 1348 3005 :
1380 2961 1435 3006 tu
1464 2961 1641 3007 autem

53 3036 304 3091 conservi
334 3038 437 3102 tui,
471 3039 561 3108 qui
591 3049 674 3094 est
699 3040 935 3109 ejusdem
967 3050 1203 3107 naturae,
1232 3058 1337 3097 non
1364 3058 1424 3098 es
1449 3044 1641 3099 miser-

54 3135 133 3179 tus
153 3168 168 3193 ,
200 3142 381 3196 neque
411 3127 606 3184 inﬂecti
641 3132 852 3199 potuisti
878 3174 893 3198 ,
923 3149 1093 3203 neque
1125 3134 1429 3189 recordatus
1454 3150 1641 3190 eorum

50 3232 165 3285 qute
195 3232 225 3270 a
259 3233 349 3271 me
372 3218 465 3272 tibi
491 3235 744 3275 concessa
774 3232 916 3288 sunt,
941 3224 1098 3277 ullam
1122 3224 1641 3281 commiserationem

56 3324 157 3376 pra:
191 3319 244 3364 te
279 3310 474 3377 tulisti,
504 3313 597 3367 sed
630 3313 949 3372 inhumanus
974 3316 1114 3372 luisti
1141 3328 1194 3372 et
1217 3318 1480 3383 crudelis,
1510 3335 1643 3376 con-

49 3400 308 3471 servique
331 3402 571 3458 misereri
597 3405 851 3459 noluisti?
879 3406 1075 3462 Idcirco
1099 3407 1186 3463 hic
1210 3410 1420 3466 tandem
1446 3427 1506 3467 re
1528 3412 1641 3481 ipsa

48 3492 222 3549 disces
247 3504 574 3566 quantorum
607 3497 699 3552 tibi
727 3498 825 3568 ipsi
857 3500 1117 3555 malorum
1147 3511 1332 3557 auctor
1360 3502 1543 3559 fueris.
1574 3503 1643 3558 Et

40 3586 477 3640 iratusdomiuus
496 3588 645 3659 eius,
675 3590 881 3644 tradidit
918 3591 1061 3645 illum
1101 3594 1367 3647 tortoribus
1393 3592 1561 3662 (Ibid.
1592 3611 1641 3649 v.

45 3677 159 3745 3i).
214 3677 356 3733 Vide
397 3689 453 3734 et
499 3696 638 3737 nunc
683 3681 853 3752 ipsum
902 3684 1055 3739 irasci
1096 3685 1166 3740 ob
1207 3686 1642 3744 inhumanitatem

41 3782 164 3836 erga
189 3783 413 3822 servum
433 3779 487 3825 et
508 3772 795 3827 tortoribus
823 3775 966 3829 illum
990 3776 1196 3832 tradere
1222 3795 1234 3830 :
1265 3778 1315 3832 id
1337 3779 1475 3849 quod
1497 3781 1643 3849 prius

45 3873 150 3912 non
191 3858 355 3924 fecit,
394 3875 516 3915 cum
550 3871 627 3916 tot
659 3863 955 3919 debitorum
986 3882 1111 3921 reus
1144 3877 1319 3935 esset,
1350 3885 1490 3925 nunc
1530 3872 1643 3926 ﬁeri

46 3946 212 4015 iubet.
250 3949 487 4004 Tradidit
514 3954 654 4007 enim
682 3955 828 4008 illum
858 3960 1153 4025 tortoribus,
1182 3962 1339 4015 donec
1377 3980 1522 4016 omne
1553 3963 1643 4018 de-

44 4040 201 4094 bitum
232 4043 471 4097 redderet
499 4061 517 4098 :
544 4044 715 4100 donec
734 4089 748 4108 ,
783 4049 980 4119 inquit,
1008 4050 1192 4105 decem
1219 4052 1382 4107 millia
1411 4054 1604 4113 talenta
1624 4097 1643 4122 ,

45 4144 161 4198 qum
186 4131 308 4201 jam
342 4134 566 4190 remissa
593 4147 776 4204 erant,
805 4138 1184 4197 dinumeraret.
1218 4143 1400 4214 Magna
1431 4154 1484 4201 et
1511 4146 1646 4201 inef-

44 4219 221 4274 fabilis
260 4222 355 4277 Dei
384 4225 665 4281 clementia
700 4245 712 4279 :
745 4245 863 4284 cum
905 4230 1017 4298 ipse
1044 4232 1256 4301 quidem
1284 4235 1518 4290 debitum
1562 4252 1646 4291 re-

43 4322 280 4378 peteret,
311 4315 379 4367 ad
408 4316 577 4370 nudas
607 4325 807 4373 tantum
836 4335 1022 4391 preces
1049 4331 1213 4376 totum
1241 4326 1461 4380 remittit
1486 4344 1499 4379 :
1522 4342 1642 4382 cum

40 4413 222 4456 autem
255 4404 314 4457 in
342 4419 659 4461 conservum
701 4410 841 4464 videt
877 4412 1145 4467 crudelem
1176 4425 1227 4468 et
1257 4416 1600 4473 inhumanum
1625 4460 1640 4485 ,

38 4505 192 4545 suam
231 4504 463 4549 revocat
492 4498 856 4555 liberalitatem
880 4543 892 4567 ,
922 4513 1224 4559 monstrans
1251 4507 1323 4559 illi
1353 4524 1417 4561 ex
1450 4524 1506 4563 re
1531 4510 1642 4579 ipsa

35 4599 143 4649 quo
177 4594 347 4652 pacto
376 4602 480 4640 non
512 4601 615 4642 tam
648 4590 817 4658 illum,
844 4609 1000 4663 quam
1027 4611 1085 4649 se
1116 4597 1285 4665 ipsum
1313 4597 1639 4655 oll'endisset.

36 4674 97 4727 Et
133 4676 287 4729 sicut
332 4677 421 4732 ille
449 4694 766 4735 conservum
803 4683 855 4737 in
892 4699 1162 4741 carcerem
1192 4689 1446 4757 eonjecit,
1475 4690 1645 4748 donec

33 4766 291 4821 debitum
325 4767 609 4825 redderet:
640 4772 706 4824 ita
733 4781 787 4826 et
814 4774 927 4844 ipse
955 4778 1242 4833 tortoribus
1273 4780 1515 4847 traditur,
1545 4782 1644 4838 do-

33 4873 134 4912 nec
171 4859 335 4928 quod
372 4858 599 4915 debebat
638 4874 958 4919 numeraret.
989 4866 1115 4922 Ilzcc
1140 4877 1315 4924 autem
1343 4886 1448 4925 non
1475 4873 1542 4927 de
1568 4881 1647 4928 ta-

33 4949 201 5004 lentis
224 4958 288 5004 et
310 4949 543 5006 denariis
568 4953 878 5024 simpliciter
898 4957 1051 5025 dixit,
1073 4959 1166 5014 sed
1187 4959 1255 5015 de
1281 4965 1509 5031 peccatis
1532 4975 1646 5020 erat

33 5054 222 5095 sermo
250 5048 321 5095 et
347 5039 664 5097 delictorum
704 5046 1064 5114 magnitudine
1083 5091 1098 5117 ,
1126 5060 1184 5105 ut
1211 5051 1475 5109 discamus
1499 5096 1515 5121 ,
1548 5070 1645 5111 nos

34 5134 261 5202 quidem
300 5132 632 5189 inﬁnitorum
678 5149 1014 5204 peccatorum
1059 5156 1242 5209 poenas
1287 5143 1510 5199 Domino
1546 5146 1644 5201 de-

33 5228 263 5292 bentes,
300 5236 526 5297 propter
556 5228 876 5285 inell'abilem
908 5234 1047 5288 illius
1072 5237 1487 5292 misericordiam
1508 5281 1525 5305 ,
1557 5255 1645 5295 re-

33 5319 375 5373 missionem
416 5318 484 5371 ab
524 5317 641 5388 ipso
678 5322 939 5390 accipere.
971 5324 1027 5378 Si
1055 5341 1181 5380 vero
1209 5342 1329 5397 erga
1360 5344 1646 5386 conservos

34 5421 75 5463 et
109 5410 439 5480 proximos,
468 5419 521 5463 et
549 5425 664 5476 eos,
693 5412 781 5482 qui
820 5414 1058 5470 eamdem
1089 5432 1247 5486 quam
1278 5434 1377 5473 nos
1406 5430 1645 5476 naturam

33 5504 209 5560 sortiti
240 5509 423 5568 sunt,
450 5501 694 5559 crudeles
725 5514 779 5559 et
817 5505 1089 5562 inhumani
1134 5508 1386 5567 fuerimus
1408 5552 1423 5577 ,
1452 5522 1506 5569 et
1528 5528 1646 5583 qua:

33 5600 77 5652 in
111 5613 223 5653 nos
258 5596 561 5652 commissa
591 5608 712 5651 sunt
752 5615 859 5653 non
889 5599 1247 5658 dimiserimus
1269 5645 1283 5667 ,
1317 5604 1409 5660 sed
1452 5620 1548 5674 pro
1587 5620 1646 5662 re

34 5694 221 5750 irivola
255 5691 484 5748 molesti
510 5690 765 5756 fuerimus
792 5691 1065 5764 (quantum
1096 5696 1238 5753 enim
1267 5697 1482 5755 interest
1506 5699 1645 5757 inter

3211 267 3317 322 950

1734 391 1947 437 centum
1974 382 2221 438 denarios
2242 423 2258 448 ,
2290 389 2345 437 et
2369 379 2553 439 decem
2582 378 2748 447 millia
2774 379 2971 436 talenta
2994 421 3011 450 ,
3037 388 3239 437 tantum
3265 396 3315 436 ει

1737 475 1876 530 inter
1896 490 1957 530 ea
1983 491 2101 545 qua:
2130 492 2227 531 nos
2253 476 2303 530 in
2337 474 2618 528 Dominum
2636 516 2651 539 ,
2679 482 2734 529 et
2759 489 2819 529 ea
2843 490 2961 544 qum
2991 489 3319 544 congeneres

1738 567 1788 621 in
1817 582 1915 621 nos
1938 568 2317 637 deliquerunt),
2343 576 2465 621 tunc
2490 576 2544 622 et
2570 580 2670 621 nos
2695 566 2747 620 in
2777 566 3189 636 indignationem
3218 558 3321 619 Dn-

1737 657 1865 712 miui
1895 657 2218 723 incidemus,
2246 666 2301 712 et
2336 672 2400 712 ea
2428 672 2545 727 qua:
2571 655 2680 726 jam
2709 664 2864 711 antea
2893 656 3112 710 dimissa
3137 665 3318 722 erant,

1736 750 1944 804 solvere
1982 749 2174 804 iterum
2213 748 2264 803 in
2306 750 2587 804 tormentis
2622 764 2892 818 cogemur.
2926 749 3093 803 Porro
3120 757 3177 803 ut
3205 748 3323 803 dili-

1736 852 1924 911 genter
1959 840 2226 896 discamus
2271 842 2573 911 parabolam
2616 841 2752 896 hanc
2791 842 2859 897 ob
2896 843 3191 897 animarum
3221 857 3320 897 no-

1738 942 1968 988 strarum
1995 934 2219 988 salutem
2248 948 2276 985 a
2307 933 2531 987 Domino
2560 932 2864 999 adductam,
2896 933 3017 988 andi
3045 949 3165 1003 qua:
3192 932 3324 989 infe-

1738 1033 1928 1078 runtur
1954 1041 1967 1078 :
1995 1023 2083 1078 Sic
2108 1033 2155 1077 et
2188 1023 2338 1077 Pater
2362 1033 2520 1078 vester
2544 1024 2752 1079 ctelestis
2779 1024 2929 1094 faciet
2949 1025 3104 1086 vobis,
3128 1024 3321 1095 inquit,

1737 1116 1782 1169 si
1827 1132 1928 1169 non
1976 1116 2335 1185 unusquisque.
2361 1115 2509 1185 fratri
2554 1131 2644 1168 suo
2695 1116 2981 1169 remiseritis
3023 1132 3050 1169 e
3092 1116 3325 1169 cordibus

1740 1209 1914 1262 vestris
1939 1208 2122 1263 delicta
2147 1208 2347 1261 illorum
2374 1206 2391 1277 (
2416 1206 2597 1260 Matth.
2624 1207 2709 1262 18.
2741 1207 2810 1261 55
2828 1205 2871 1278 ).
2900 1206 3143 1276 Magnum
3171 1222 3322 1276 para.

1740 1299 1877 1354 boias
1904 1299 2132 1365 lucrum,
2164 1298 2322 1352 modo
2352 1298 2624 1353 attendere
2648 1299 2993 1352 voluerimus.
3020 1296 3155 1363 Quid
3181 1297 3324 1351 enim

1744 1398 1946 1444 tantum
1979 1390 2271 1459 poterimus
2290 1388 2577 1455 dimittere,
2601 1398 2850 1458 quantum
2879 1389 3032 1442 nobis
3050 1404 3079 1442 a
3104 1389 3326 1443 Domino

1741 1480 2063 1535 dimittitur?
2093 1481 2161 1535 Et
2194 1497 2290 1535 nos
2319 1480 2532 1550 quidem
2580 1481 2624 1534 si
2669 1481 2770 1533 hoc
2810 1481 3166 1548 voluerimus,
3194 1496 3326 1536 con—

1742 1575 1910 1629 servis
1940 1574 2292 1640 remittimus;
2324 1574 2421 1643 ipsi
2464 1589 2589 1627 vero
2626 1589 2655 1627 a
2693 1575 2915 1628 Domino
2958 1575 3324 1630 remissionem

1743 1664 2053 1735 accipimus.
2086 1664 2155 1718 Et
2191 1664 2312 1718 vide
2350 1673 2406 1717 ut
2445 1664 2725 1734 diligenter
2762 1663 2966 1734 singula
3006 1672 3130 1718 sunt
3165 1663 3327 1718 dicta.

1747 1754 1860 1809 Non
1893 1756 2033 1809 enim
2063 1754 2196 1809 dixit
2234 1755 2574 1826 simpliciter,
2602 1755 2659 1812 Si
2688 1773 2793 1810 non
2821 1756 3127 1812 dimiseritis
3152 1757 3327 1811 homi-

1745 1845 1897 1900 nibus
1930 1855 2140 1914 peccala
2174 1862 2187 1897 :
2220 1845 2336 1911 sed,
2368 1846 2431 1900 Si
2458 1863 2558 1900 non
2590 1848 2926 1918 unusquisque
2952 1848 3099 1918 fratri
3126 1865 3217 1903 suo
3249 1866 3326 1902 re-

1744 1941 1978 1994 miseritis
1997 1957 2024 1994 e
2044 1940 2274 1995 cordibus
2296 1942 2468 1996 vestris
2495 1940 2677 1995 delicta
2698 1941 2921 1997 illorum.
2946 1942 3176 1998 Adverte
3196 1959 3327 2013 quo.

1745 2034 1905 2087 modo
1948 2032 2059 2087 vult
2108 2048 2201 2087 cor
2249 2044 2487 2087 nostrum
2538 2034 2590 2088 in
2634 2035 2812 2103 quiete
2852 2044 2906 2089 et
2952 2037 3326 2106 tranquillitate

1745 2139 1882 2185 esse,
1907 2133 1958 2177 et
1987 2134 2215 2179 mentem
2246 2134 2480 2178 nostram
2509 2139 2539 2177 a
2569 2126 3051 2195 perturbationibus
3077 2129 3326 2194 alienam,

1745 2216 2215 2286 all‘ectionibusque
2249 2217 2498 2271 omnibus
2526 2218 2745 2272 liberam
2766 2259 2782 2284 ,
2815 2220 3205 2291 plurimumque
3231 2237 3327 2276 nos

1744 2324 1868 2379 erga
1897 2309 2193 2378 proximum
2220 2309 2519 2365 dilectionis
2546 2311 2776 2366 studium
2808 2311 3102 2371 declarare.
3133 2314 3197 2367 Et
3225 2315 3327 2368 alio

1745 2415 1957 2469 quoque
1987 2400 2102 2455 loco
2132 2401 2321 2455 iterum
2354 2400 2621 2456 dicentem
2661 2402 2845 2456 audire
2884 2403 3008 2457 licet
3038 2421 3051 2456 :
3085 2404 3147 2457 Si
3174 2405 3328 2458 dimi-

1742 2492 1907 2546 seritis
1930 2492 2212 2547 hominibus
2237 2492 2421 2547 delicta
2447 2494 2673 2557 illorum,
2700 2494 2915 2547 dimittet
2938 2504 2985 2548 et
3010 2496 3146 2549 vobis
3176 2494 3328 2550 Pater

1744 2591 1900 2637 vester
1923 2582 2133 2638 cazlestis
2160 2582 2374 2654 (Matth.
2402 2583 2455 2638 6.
2488 2584 2595 2653 14).
2624 2583 2700 2638 Ne
2728 2584 2884 2654 igitur
2909 2594 3172 2654 putemus,
3203 2585 3328 2640 dum

1746 2673 1847 2729 hoc
1873 2674 2114 2739 lacimus,
2143 2689 2240 2729 nos
2264 2675 2413 2729 alteri
2442 2674 2746 2744 gratiﬁcari,
2773 2684 2863 2729 aut
2890 2690 3135 2744 magnum
3162 2677 3359 2747 quod-1

1744 2766 1864 2821 dam
1890 2767 2203 2823 beneﬁcium
2226 2767 2365 2836 apud
2388 2768 2536 2822 illum
2562 2767 2848 2836 deponere.
2872 2766 3002 2821 Nam
3026 2769 3124 2837 ipsi
3145 2783 3328 2823 sumus

1744 2859 1835 2929 qui
1878 2859 2137 2914 beneﬁcio
2179 2859 2428 2923 fruimur,
2469 2868 2523 2913 et
2564 2860 2788 2913 multum
2838 2859 2969 2913 lucri
3017 2860 3138 2914 inde
3176 2861 3328 2916 nobis

1744 2948 2091 3003 conciliamus
2123 2966 2136 3001 :
2165 2948 2301 3002 sicut
2326 2949 2484 3003 etiam
2513 2950 2557 3002 si
2585 2947 2687 3002 hoc
2712 2964 2818 3003 non
2857 2947 3142 3003 fecerimus
3162 2990 3177 3015 ,
3209 2965 3327 3003 om-

1747 3038 1873 3092 nino
1901 3036 2030 3093 nihil
2066 3052 2161 3092 eos
2190 3037 2381 3091 lmdere
2421 3038 2711 3106 poterimus
2733 3079 2749 3103 ,
2788 3039 2940 3094 nobis
2986 3039 3114 3108 ipsis
3150 3048 3326 3094 autem

1704 3132 1713 3143 '
1747 3127 2129 3183 intolerabilem
2156 3128 2414 3198 gehennae
2442 3143 2650 3197 poenam
2677 3145 2945 3200 paramus.
2976 3129 3200 3198 Idcirco,
3232 3132 3329 3187 ob.

1746 3235 1899 3275 secro
1921 3261 1937 3288 ,
1965 3230 2022 3275 ut
2049 3222 2341 3289 cogitantes
2367 3220 2480 3276 haec
2502 3263 2517 3285 ,
2550 3238 2833 3291 numquam
2865 3223 3203 3280 admittamus
3228 3266 3242 3292 ,
3272 3234 3329 3280 ut

1746 3328 1929 3368 eorum
1965 3314 2053 3382 qui
2085 3329 2182 3368 nos
2209 3313 2590 3369 contristarunt
2613 3354 2628 3378 ,
2667 3314 2751 3368 vel
2788 3314 2919 3368 alias
2959 3314 3327 3381 offenderunt,

1746 3406 1951 3475 injuria:
1989 3406 2426 3473 reminiscamur,
2456 3406 2541 3462 vel
2586 3406 2802 3461 inimico
2831 3408 3008 3461 animo
3044 3423 3167 3479 erga
3210 3410 3327 3463 illos

1744 3497 2039 3553 afﬁciamur
2064 3515 2077 3551 :
2107 3498 2201 3554 sed
2235 3499 2635 3553 considerantes
2660 3508 2852 3569 quanta
2893 3498 2996 3555 hoc
3025 3499 3176 3555 nobis
3201 3502 3330 3556 aﬁ'c-

1746 3598 1829 3644 rat
1869 3588 2123 3644 beneﬁcia
2148 3630 2163 3655 ,
2195 3598 2249 3644 et
2274 3599 2523 3660 quantam
2552 3589 2690 3660 apud
2733 3590 3011 3644 Dominum
3044 3589 3328 3658 ﬁduciam;

1746 3691 1801 3737 et
1835 3692 1959 3737 ante
1994 3683 2169 3737 omnia
2189 3721 2205 3747 ,
2236 3682 2377 3752 quod
2405 3682 2735 3736 reconciliari
2765 3698 2885 3737 cum
2918 3682 2981 3737 iis
3007 3684 3094 3754 qui
3126 3699 3223 3738 nos
3250 3684 3333 3738 in-

1742 3775 1881 3845 juria
1908 3773 2152 3839 aﬁecere,
2180 3782 2516 3844 peccatorum
2540 3782 2842 3829 nostrorum
2864 3775 3167 3845 absumptio
3184 3790 3331 3847 quac-

1746 3867 1868 3921 dam
1899 3865 1968 3920 sit
2000 3883 2014 3919 :
2041 3864 2349 3945 festiue/mus
2383 3873 2438 3919 et
2475 3864 2786 3919 anhelemus
2824 3873 2881 3919 ut
2921 3875 3163 3936 paratum
3207 3865 3330 3923 inde

1746 3957 1948 4010 lucrum
1978 3934 2442 4042 νεριιιθῗιὶὶεηιθῃι
2469 3953 2693 4010 ofﬁciosi
2724 3954 2775 4008 in
2803 3970 2898 4011 eos
2927 3956 3092 4009 simus
3115 3955 3205 4026 qui
3231 3972 3330 4011 nos

1748 4048 2100 4113 oll‘enderunt,
2128 4062 2284 4118 quam
2311 4061 2495 4101 sumus
2519 4046 2573 4101 in
2596 4060 2693 4101 eos
2716 4047 2809 4117 qui
2824 4062 2961 4101 vere
2982 4048 3143 4103 nobis
3167 4048 3331 4105 bene-

1748 4141 1963 4197 faciunt.
1995 4141 2125 4195 Nam
2164 4141 2207 4194 si
2239 4142 2504 4210 sapimus,
2533 4156 2639 4194 non
2668 4141 2735 4193 ita
2768 4140 2920 4194 nobis
2951 4139 3203 4210 prodesse
3232 4157 3331 4213 po-

1748 4244 1923 4290 terunt
1953 4235 2042 4306 qui
2070 4234 2311 4289 benevoli
2342 4233 2393 4288 in
2426 4247 2523 4287 nos
2556 4241 2680 4288 sunt
2705 4241 2761 4289 et
2790 4234 3050 4287 demereri
3081 4234 3327 4302 eripiunt,

1749 4341 1805 4382 ut
1835 4328 2056 4383 istorum
2083 4329 2256 4382 cultus
2286 4337 2338 4382 et
2366 4327 2667 4382 observatio
2690 4326 2925 4381 divinum
2958 4326 3190 4382 favorem
3231 4343 3330 4382 no-

1748 4419 1829 4473 bis
1857 4418 2177 4484 conciliabit,
2209 4431 2412 4486 nosque
2438 4416 2646 4470 sarcina
2673 4425 3008 4485 peccatorum
3041 4417 3256 4472 levabit.

1819 4510 1870 4563 8.
1900 4508 1979 4562 De
2003 4508 2405 4563 reconciliatione
2423 4516 2470 4561 et
2488 4524 2659 4560 amore
2677 4507 3011 4561 inimicorum.
3031 4536 3103 4547 —-
3122 4508 3326 4579 Cogita,

1748 4601 1993 4665 obsecro,
2027 4599 2240 4664 dilecte,
2269 4607 2462 4668 quanta
2487 4597 2557 4652 sit
2583 4597 2739 4667 hujus
2767 4598 2974 4652 virtutis
3002 4599 3327 4668 magnitudo,

1748 4700 1803 4745 et
1830 4691 1974 4745 disce
2000 4689 2083 4744 vel
2112 4704 2181 4744 ex
2221 4688 2454 4758 praemiis
2491 4704 2609 4759 qua:
2653 4696 2870 4757 propter
2912 4689 3055 4743 illam
3095 4690 3328 4744 universi

1754 4783 2008 4839 Dominus
2037 4781 2298 4853 promisit.
2325 4782 2458 4837 Nam
2482 4797 2602 4836 cum
2628 4781 2848 4836 dixisset
2878 4800 2893 4835 :
2924 4781 3133 4853 Diligite
3156 4783 3329 4838 inimi-

1750 4898 1833 4935 cos
1853 4890 2056 4946 vestros,
2082 4879 2351 4935 benedicite
2369 4878 2441 4933 eis
2462 4878 2549 4950 qui
2573 4887 2934 4946 persequuntur
2954 4893 3058 4943 vos,
3081 4889 3219 4936 orate
3239 4896 3331 4948 pro

1748 4970 2175 5026 calumniantibus
2200 4986 2283 5025 vos
2307 4968 2517 5041 (Matth.
2541 4968 2594 5024 5.
2622 4966 2712 5037 44)
2743 4986 2757 5019 :
2782 4969 2902 5038 quia
2933 4968 3178 5023 sublimia
3208 4980 3331 5023 sunt

1751 5071 2012 5132 praecepta
2034 5102 2049 5127 ,
2088 5073 2461 5129 summumque
2498 5058 2748 5113 verticem
2782 5057 3045 5127 tangentia
3068 5099 3082 5119 ,
3114 5059 3282 5128 inquit
3316 5077 3328 5113 :

1755 5153 1821 5208 Ut
1851 5153 2130 5223 eﬁiciamini
2155 5151 2341 5206 similes
2369 5149 2516 5203 Patri
2540 5158 2716 5211 vestro,
2738 5149 2824 5218 qui
2850 5149 2900 5201 in
2926 5148 3061 5201 aclis
3080 5158 3151 5201 est
3177 5150 3330 5216 :quia

1750 5244 1905 5298 solem
1933 5259 2078 5297 suum
2101 5243 2224 5315 oriri
2245 5241 2365 5312 facit
2392 5257 2541 5311 super
2568 5239 2722 5293 bonos
2747 5248 2791 5291 et
2818 5239 2997 5304 malos,
3024 5248 3068 5291 et
3094 5238 3221 5309 pluit
3245 5256 3331 5293 su-

1751 5352 1839 5406 per
1872 5338 2035 5404 justas
2069 5341 2113 5387 et
2149 5334 2361 5403 injustas
2395 5330 2567 5402 (Ibid.
2603 5346 2650 5383 v.
2691 5329 2803 5399 45).
2847 5328 3035 5384 Vidisti
3076 5338 3328 5399 quantum

1752 5425 1967 5479 facultas
1990 5424 2089 5479 fert
2110 5424 2359 5488 humana,
2377 5424 2458 5477 cui
2477 5420 2663 5476 similis
2683 5420 2772 5474 ﬁat
2792 5420 2878 5492 qui
2902 5436 3005 5475 non
3028 5420 3198 5475 solum
3222 5437 3327 5475 non

1751 5518 2022 5572 ulciscitur
2047 5531 2168 5570 eum
2196 5516 2285 5586 qui
2324 5514 2574 5579 oﬁ'endit,
2602 5512 2695 5569 sed
2722 5523 2776 5568 et
2804 5527 2899 5582 pro
2928 5526 2993 5567 eo
3020 5527 3175 5566 orare
3212 5521 3329 5565 stu.

1752 5610 1882 5665 det?
1915 5608 1998 5663 Ne
2031 5609 2186 5679 igitur
2213 5606 2530 5677 negligentia
2559 5613 2739 5660 nostra
2766 5604 2957 5659 talibus
2993 5616 3090 5657 nos
3119 5599 3332 5657 fraude-

1756 5701 1882 5757 tnus'
1916 5699 2067 5756 bouis
2087 5738 2102 5766 ,
2139 5708 2192 5755 et
2222 5698 2451 5769 przcniiis
2474 5712 2591 5767 qua:
2614 5710 2826 5753 omnem
2857 5709 3155 5752 sermonem
3182 5700 3330 5747 tran-
