3804 6248
425 270 525 327 9.51

431 384 692 442 scendunt
708 380 831 436 rsed
858 378 1029 435 modis
1053 373 1300 431 omnibus
1324 370 1450 426 boui
1479 365 1635 435 lmjus
1658 359 1835 433 operis
1856 354 2010 412 nobis

434 493 563 532 cura
593 477 695 539 sit,
726 482 1047 543 cogatur‘que
1072 476 1125 523 et
1149 465 1419 521 erudiatur
1442 472 1597 515 mens
1617 465 1674 511 ut
1701 459 1884 527 pareat
1922 448 2016 504 Dei

440 565 741 637 praeeptis.
774 563 903 617 Nam
937 568 1213 630 propterea
1246 556 1383 609 hanc
1405 549 1816 607 admonitionem
1842 551 1896 599 et
1918 554 2017 612 ego

443 674 591 715 nunc
608 657 706 711 fbci
726 699 741 720 ,
774 666 825 709 et
856 651 1161 724 parabolam
1187 646 1492 702 inmedium
1520 641 1710 704 attuli;
1742 645 1797 694 et
1823 640 2018 724 quanta
2108 652 2113 655 η

444 753 514 806 sit
560 750 715 818 hujus
761 723 881 799 boni
926 744 1107 813 operis
1148 737 1456 810 magnitudo
1480 776 1493 799 ,
1521 742 1575 789 et
1606 739 1860 803 quantum
1897 723 2021 781 inde

446 845 655 896 lucrum
680 838 834 892 nobis
869 844 1159 896 accrescat,
1190 830 1418 895 ostendi,
1455 836 1513 881 ut
1540 840 1660 881 cum
1689 821 1862 876 adhuc
1886 827 2025 872 tem-

445 946 546 999 pus
576 940 678 993 est,
705 930 749 983 si
777 930 893 997 quis
919 942 985 981 ex
1012 925 1163 980 vobis
1188 933 1266 978 est
1291 920 1380 990 qui
1408 919 1567 973 alium
1598 914 1790 969 habeat
1818 910 1917 965 sibi
1945 909 2025 961 in-

448 1023 679 1085 fensum,
710 1034 927 1089 operam
954 1018 1046 1071 det
1085 1024 1143 1070 ut
1163 1014 1400 1067 ofﬁciose
1440 1006 1831 1064 reconcilietur.
1863 1003 1929 1055 At
1958 1013 2024 1053 ne

443 1115 566 1184 quis
604 1112 728 1167 mihi
770 1111 912 1165 dicat
944 1126 956 1161 :
987 1108 1163 1164 Semel
1201 1114 1357 1173 atque
1397 1104 1586 1156 iterum
1616 1096 1802 1159 oravi,
1831 1101 1884 1145 et
1920 1104 2022 1144 non

444 1206 679 1261 ‘assensit
708 1220 721 1256 :
750 1204 793 1256 si
822 1201 922 1257 hoc
947 1202 1152 1255 sincere
1184 1198 1454 1258 faciamus,
1489 1206 1591 1244 non
1622 1188 1765 1257 prius
1791 1184 2029 1253 quiesca-

451 1314 571 1354 mus
595 1340 609 1364 ,
640 1298 809 1351 donec
840 1296 1003 1350 multa
1030 1291 1312 1348 sedulitate
1336 1285 1619 1341 victoriam
1639 1280 1813 1347 adepti
1839 1318 1853 1339 ,
1882 1275 2027 1330 illum

450 1390 609 1445 nobis
634 1386 975 1443 conciliemus
999 1427 1012 1442 .
1042 1391 1095 1437 et
1123 1397 1151 1435 a
1181 1382 1290 1434 suis
1317 1380 1370 1433 in
1402 1391 1497 1430 nos
1537 1369 1825 1428 inimicitiis
1860 1366 2027 1421 abdu-

456 1496 659 1535 camus.
687 1478 951 1546 Numquid
990 1476 1060 1528 illi
1102 1471 1294 1542 aliquid
1326 1465 1618 1539 largimur?
1650 1463 1704 1517 ln
1737 1475 1833 1515 nos
1863 1469 2034 1512 trans-

457 1580 587 1627 eunt
611 1570 867 1625 beneficia
894 1587 909 1620 ε
941 1566 1032 1620 Dei
1064 1564 1296 1618 favorem
1327 1562 1448 1615 hinc
1473 1555 1821 1625 assequimur,
1853 1562 2037 1618 pecea-

461 1672 637 1716 torum
664 1668 963 1713 nostrorum
985 1653 1189 1710 veniam
1216 1649 1607 1718 consequimur,
1636 1656 1883 1713 magnam
1898 1651 2035 1708 apud

467 1752 747 1806 Dominum
780 1747 1023 1802 fiduciam
1055 1744 1359 1814 accipimus.
1390 1739 1446 1794 Si
1476 1738 1578 1792 hoc
1605 1735 1914 1796 fecerimus,
1946 1742 2040 1799 po—

466 1844 689 1898 terimus
728 1856 854 1910 pura
900 1836 1221 1894 conscientia
1267 1834 1333 1889 ad
1372 1839 1609 1887 sanctam
1646 1825 2041 1892 terribilemque

468 1936 604 1990 hanc
632 1947 866 1987 mensam
895 1929 1181 1993 accedere,
1207 1936 1261 1982 et
1290 1926 1450 1981 verba
1480 1923 1565 1977 illa
1596 1934 1714 1991 qua:
1752 1914 2041 1988 precationi

467 2028 663 2081 inserta
693 2032 836 2087 sunt,
864 2021 1089 2076 ﬁdeliter
1112 2020 1308 2075 dicere.
1340 2016 1525 2071 Sciunt
1548 2011 1732 2066 initiati
1759 2007 1883 2079 quid
1905 2007 2045 2060 dica-

469 2127 577 2171 tur.
604 2114 833 2170 Proinde
856 2112 1269 2181 uniuscujusque
1292 2106 1630 2163 conscientire
1656 2103 1896 2170 relinquo
1917 2112 2050 2169 quo-

470 2206 633 2260 modo
659 2204 903 2258 mandato
930 2202 1021 2257 illo
1048 2201 1281 2270 impleto,
1312 2214 1408 2268 per
1432 2195 1557 2251 illud
1584 2192 1822 2250 terribile
1843 2199 2049 2258 tempus

472 2296 590 2351 hare
634 2295 857 2351 fidenter
899 2294 1077 2348 dicere
1120 2292 1403 2361 possimus.
1442 2286 1597 2356 Quod
1637 2285 1683 2339 si
1724 2282 2051 2353 negligentes

478 2387 731 2442 fuerimus
752 2424 771 2451 ,
798 2393 990 2452 quanta
1019 2383 1147 2437 hinc
1182 2381 1333 2436 nobis
1365 2375 1829 2434 condemnationis
1856 2384 2013 2425 causa
2034 2411 2049 2436 ,

473 2477 566 2547 qui
591 2488 709 2531 cum
732 2490 793 2530 ea
817 2490 934 2546 quae
955 2482 1077 2529 sunt
1096 2472 1250 2527 dictis
1276 2471 1471 2526 nostris
1490 2467 1750 2523 contraria
1776 2462 2051 2526 faciamus,

475 2568 738 2622 audemus
766 2576 964 2621 temere
993 2564 1150 2619 verba
1180 2577 1395 2633 precum
1424 2557 1782 2630 pronuntiare,
1811 2563 1867 2609 et
1889 2551 2059 2622 majo.

478 2676 593 2716 rem
626 2660 778 2715 nobis
804 2658 931 2727 ipsis
961 2658 1133 2727 ignem
1162 2665 1457 2717 exstruere,
1491 2653 1728 2718 iramque
1758 2647 1849 2700 Dei
1879 2645 1930 2698 in
1960 2656 2057 2697 nos

480 2752 802 2822 provocare?
826 2749 1043 2805 Gaudeo
1067 2756 1122 2802 et
1151 2747 1321 2813 hrtor,
1346 2744 1467 2813 quia
1489 2742 1644 2797 video
1670 2754 1768 2793 vos
1794 2745 1937 2792 tanta
1967 2749 2059 2789 voc

483 2844 683 2913 luptate
705 2856 826 2911 qua:
850 2840 1076 2895 dicimus
1110 2838 1327 2904 audire,
1358 2844 1413 2891 et
1442 2836 1626 2905 plausu
1655 2829 1943 2888 ostendere
1964 2841 2061 2881 vos

479 2935 699 2991 studere
735 2940 1006 3002 promptos
1030 2944 1179 2993 esse,
1206 2936 1260 2983 et
1287 2928 1351 2983 ad
1378 2925 1628 2983 dominici
1665 2920 1850 2978 moniti
1889 2919 2062 2972 adim-

486 3024 771 3092 pletionein
814 3028 1043 3091 paratos.
1083 3019 1206 3073 lltec
1245 3020 1385 3073 enim
1427 3017 1719 3070 animarum
1763 3018 2061 3065 nostrarum

490 3113 751 3169 medicina
776 3121 856 3166 est
879 3151 893 3172 ,
922 3110 1024 3164 hoc
1049 3110 1326 3162 vulnerum
1357 3114 1659 3161 nostmrum
1688 3102 2064 3172 pharmacum,

490 3203 607 3257 haec
631 3204 829 3271 optima
857 3202 966 3255 Deo
993 3202 1206 3269 placens
1234 3199 1337 3264 via,
1369 3198 1470 3253 hoc
1495 3195 1849 3252 certissimum
1877 3191 2067 3245 anima:

493 3294 587 3349 Dei
606 3293 840 3347 amantis
865 3292 1139 3354 indicium,
1165 3291 1435 3359 suscipere
1452 3288 1629 3341 omnia
1659 3294 1874 3355 propter
1902 3283 2069 3350 legem

496 3384 739 3451 Domini,
773 3392 827 3439 et
865 3400 896 3439 a
936 3381 1311 3452 cogitationum
1351 3379 1655 3436 inﬁrmitate
1691 3392 1794 3429 non
1837 3371 2069 3435 retrahi,

497 3474 589 3531 sed
619 3474 986 3530 aﬂ‘ectionihus
1021 3474 1282 3542 imperare
1302 3513 1318 3537 ,
1348 3472 1526 3525 animo
1562 3482 1776 3523 versare
1818 3464 2073 3520 beneficia

497 3565 653 3620 nobis
680 3580 708 3617 a
748 3565 856 3619 Deo
878 3564 1114 3634 quotidie
1140 3562 1396 3617 exhibita.
1438 3561 1503 3615 Et
1537 3558 1875 3630 quantumvis
1912 3570 2074 3610 cunc-

502 3671 640 3721 niur,
668 3654 754 3710 vix
777 3655 1047 3709 minimam
1071 3663 1268 3723 partem
1291 3664 1560 3722 expauere
1584 3652 1874 3719 poterimus
1893 3660 2075 3701 eorum

500 3746 581 3801 vel
618 3761 738 3814 quae
774 3745 900 3799 olim
934 3744 984 3798 in
1023 3759 1121 3799 nos
1157 3744 1345 3799 collata
1384 3751 1537 3807 sunt,
1574 3742 1657 3797 vel
1692 3756 1811 3810 quae
1843 3735 2079 3807 quotidie

501 3837 810 3907 accipimus,
842 3837 923 3891 vel
952 3852 1070 3906 qua:
1100 3836 1150 3889 in
1180 3834 1411 3890 futurum
1440 3835 1671 3904 reposita
1698 3841 1822 3886 sunt
1849 3831 2009 3893 bona,
2035 3828 2080 3882 si

503 3928 825 3983 votuerimus
862 3926 1107 3981 mandata
1149 3925 1355 3981 Domini
1398 3941 1561 3995 opere
1597 3925 1887 3993 complere.
1920 3921 2083 3992 Igitur

506 4017 629 4071 hinc
662 4026 953 4082 exeuntes,
982 4016 1119 4071 istud
1148 4017 1199 4069 in
1226 4017 1410 4085 primis
1435 4016 1697 4086 agendum
1726 4014 1920 4084 quique
1958 4027 2083 4082 pro-

504 4117 740 4177 ponant,
771 4116 826 4161 et
854 4108 1003 4177 quasi
1039 4108 1105 4161 ad
1146 4107 1448 4161 thesaurum
1490 4107 1775 4159 maximum
1806 4104 2082 4167 festinent,

507 4212 678 4267 neque
714 4196 795 4252 vel
838 4196 1111 4250 minimum
1148 4195 1413 4250 differant.
1443 4195 1659 4249 Etiamsi
1688 4195 1868 4249 labore
1894 4196 1977 4249 vel
2006 4195 2087 4247 in-

508 4289 794 4360 quisitione
821 4289 903 4344 vel
925 4289 1081 4358 longo
1108 4289 1296 4343 itinere
1320 4304 1454 4358 Opus
1480 4290 1566 4351 sit,
1594 4288 1799 4342 etiamsi
1831 4286 2088 4341 molestiae

514 4384 692 4437 multa:
716 4383 843 4445 sint,
868 4381 1049 4436 omnia
1076 4381 1189 4437 hrcc
1215 4380 1515 4437 auferamus
1543 4380 1937 4448 impedimenta.
1965 4377 2088 4433 Uni-

511 4489 573 4529 ca
605 4474 756 4529 nobis
782 4489 908 4528 cura
937 4473 1025 4538 sit,
1051 4473 1317 4545 quomodo
1349 4473 1653 4528 mandatum
1684 4471 1890 4526 Domini
1917 4470 2089 4524 adim-

514 4566 754 4635 pleamus
777 4608 792 4630 ,
822 4576 878 4621 et
903 4566 1218 4622 obedientire
1244 4567 1397 4622 nobis
1422 4565 1671 4621 efferatur
1700 4579 1927 4620 merces.
1955 4563 2088 4617 Num

516 4657 700 4725 ignoro
718 4670 879 4726 grave
898 4664 951 4711 et
972 4658 1249 4711 molestum
1276 4656 1463 4720 videri,
1487 4655 1551 4709 ad
1573 4672 1692 4711 eum
1717 4656 1805 4725 qui
1833 4654 2094 4709 hostiliter
2158 4680 2161 4681 ν

516 4748 647 4802 inte
675 4747 896 4803 affectus
921 4749 1009 4812 sit,
1036 4748 1206 4813 abire,
1229 4762 1456 4817 cumque
1484 4762 1548 4802 co
1572 4756 1714 4801 stare
1740 4754 1794 4801 et
1820 4746 2000 4814 loqui?
2028 4751 2095 4799 At

516 4838 560 4891 si
588 4837 821 4892 mandati
846 4838 1160 4907 cogitaveris
1185 4839 1494 4906 dignitatem
1523 4848 1577 4892 et
1604 4836 1865 4892 mercedis
1893 4836 2094 4905 magni-

520 4928 777 4995 tudinem,
807 4938 859 4982 et
885 4944 990 4999 quo
1021 4938 1173 4997 pacto
1202 4944 1307 4981 non
1337 4929 1389 4982 in
1421 4929 1586 4994 illum,
1618 4929 1711 4984 sed
1740 4930 1791 4982 iu
1829 4938 1879 4984 te
1909 4944 2093 4983 recur-

520 5028 640 5073 rant
666 5019 918 5075 beneficia
941 5060 955 5083 ,
986 5021 1164 5075 omnia
1194 5021 1286 5076 tibi
1311 5020 1443 5076 levia
1467 5030 1521 5076 et
1557 5020 1726 5076 facilia
1757 5021 2092 5076 videbuntur.

523 5112 645 5165 llatc
684 5112 841 5181 igitur
880 5112 932 5166 in
975 5112 1244 5168 mentibus
1288 5113 1485 5168 nostris
1522 5121 1824 5171 versantes.
1869 5128 2096 5167 consue-

525 5201 759 5256 tudinem
801 5212 1034 5259 nostram
1070 5204 1343 5259 vincamus
1364 5245 1380 5270 ,
1410 5205 1598 5274 piaque
1627 5214 1805 5259 mente
1834 5204 2097 5260 dominica

525 5292 770 5347 mandata
801 5295 1218 5365 adimpleamus;
1248 5311 1351 5367 quo
1380 5306 1434 5352 et
1467 5313 1496 5351 a
1524 5296 1737 5353 Christo
1774 5300 2098 5353 remunerari

525 5400 845 5453 mereamur,
874 5388 1038 5457 gratia
1076 5396 1131 5443 et
1157 5390 1515 5445 misericordia
1542 5390 1790 5445 bonitatis
1816 5391 1951 5459 ejus,
1979 5392 2098 5460 qni-

525 5490 646 5529 cum
669 5474 834 5543 Patri,
860 5486 913 5531 et
933 5486 1115 5534 saneto
1139 5478 1356 5548 Spiritui
1377 5482 1446 5535 sit
1468 5481 1655 5551 gleria,
1679 5482 1979 5551 imperium,
2005 5481 2103 5534 hos

529 5582 648 5635 nor,
679 5581 819 5622 nunc
841 5577 895 5625 et
916 5584 1146 5641 semper,
1172 5579 1226 5627 et
1253 5572 1307 5627 in
1332 5572 1525 5629 saecula
1546 5572 1883 5630 saeculorum.
1907 5572 2099 5629 Amen.

1144 262 1201 318 S.
1239 246 1519 315 JOANNIS
1565 235 2039 306 CHRYSOS'I‘OMI
2093 232 2407 292 ARCIIIEP.
2447 226 2982 288 CONSTANTINOP.

3596 220 3713 275 ass

2640 341 2915 399 llOMILIA
2953 337 3187 396 XXVIII.

2516 440 2547 472 Ο

2127 484 2195 540 Et
2220 484 2345 538 dixit
2378 482 2625 536 Dominus
2648 478 2787 534 Deus
2805 482 2873 531 ad
2893 475 2944 530 Ν
2948 493 3024 540 oe,
3050 486 3096 530 et
3117 474 3184 528 ad
3208 473 3341 542 ﬁlios
3362 474 3469 547 ejus
3484 488 3607 527 cum
3631 488 3714 530 eo.

2198 574 2366 627 dicens
2391 591 2409 628 :
2431 571 2561 626 Ecce
2585 587 2673 640 ego
2702 579 2863 623 statuo
2891 576 3235 621 testamentum
3250 580 3412 618 meum
3428 562 3715 617 vobiscum.

2198 676 2243 721 et
2272 683 2383 719 cum
2409 666 2594 719 semine
2619 673 2777 717 vestro
2805 671 2913 732 post
2937 677 3043 722 vos,
3071 669 3116 712 et
3154 658 3288 713 omni
3316 660 3500 711 anima:
3527 658 3723 713 viventi

2192 755 2455 810 vobiscum
2492 765 2593 808 tant
2625 756 2680 808 in
2711 751 2992 807 volucribus
3012 792 3026 815 ,
3064 766 3213 825 quant
3248 750 3301 803 in
3336 749 3644 822 pecudibus,
3675 761 3723 803 et

2200 847 2429 901 omnibus
2452 847 2616 901 bestiis
2642 856 2787 899 terra:
2811 842 2960 912 (Gen.
2993 842 3048 898 9.
3070 841 3103 897 8
3120 841 3294 916 -1Ο).

2204 1006 2253 1059 1.
2286 1004 2411 1058 Heri
2440 1004 2707 1072 proposita
2732 1000 3120 1068 benedictione,
3155 1018 3310 1073 quam
3348 1011 3737 1073 consequutus

2132 1108 2214 1152 est
2243 1097 2352 1151 Noe
2381 1112 2408 1149 a
2439 1096 2695 1160 Domino;
2736 1095 2822 1164 qui
2854 1102 2973 1164 post
3001 1111 3269 1166 egressum
3302 1111 3364 1150 ex
3397 1110 3520 1149 arca
3550 1099 3727 1147 altare

2134 1190 2431 1256 :edilicavit,
2472 1197 2525 1243 et
2564 1188 2755 1242 oblatis
2803 1188 2854 1242 in
2894 1189 3179 1259 gratiarum
3224 1188 3487 1242 actionem
3530 1186 3729 1240 hostiis

2134 1294 2345 1353 gratum
2380 1281 2618 1336 exhibuit
2659 1280 2915 1344 animum,
2957 1281 3174 1335 ulterius
3215 1293 3383 1348 neque
3429 1276 3724 1347 progredi,

2138 1388 2308 1443 neque
2331 1368 2613 1427 lectionem
2647 1379 2810 1426 totam
2842 1384 3112 1437 enarrare,
3144 1385 3311 1439 neque
3337 1380 3595 1440 quantam
3629 1367 3728 1421 be-

2138 1467 2328 1535 nignus
2360 1466 2495 1519 Deus
2519 1478 2642 1534 erga
2664 1464 2863 1533 justum
2890 1463 3059 1516 virum
3088 1460 3463 1531 indulgentiam
3496 1467 3554 1513 et
3577 1458 3732 1512 solli-

2117 1556 2427 1610 citudinem
2458 1554 2776 1616 exhibuerit,
2804 1552 3087 1608 ostendere
3115 1552 3401 1621 patuimus.
3442 1548 3583 1603 Nam
3616 1561 3733 1604 ser-

2143 1663 2355 1703 munem
2404 1656 2663 1711 nostrum,
2695 1648 2813 1717 quia
2857 1644 3063 1715 longius
3104 1643 3438 1709 excurrebat,
3476 1642 3735 1697 celeriter

2118 1740 2484 1802 ‘snccidimus,
2517 1750 2573 1793 ut
2622 1754 2687 1795 ne
2728 1738 3062 1793 multitudine
3101 1736 3211 1806 jam
3252 1736 3514 1792 dictorum
3553 1746 3735 1789 vestra

2146 1834 2400 1889 memoria
2430 1833 2762 1893 obrueretur.
2796 1847 2899 1886 non
2928 1833 3042 1885 sine
3064 1830 3265 1900 jactura
3292 1844 3476 1884 eorum
3500 1843 3628 1897 quae
3655 1827 3735 1881 di-
3799 1862 3801 1900 λ

2122 1926 2314 1981 'ccuda
2340 1933 2508 1981 erant.
2542 1923 2655 1979 Non
2684 1925 2824 1978 enim
2854 1924 2954 1977 hoc
2984 1923 3151 1977 solum
3176 1921 3327 1976 nobis
3353 1936 3497 1975 cura:
3529 1919 3655 1986 fuit,
3685 1927 3742 1973 ut
3800 1920 3801 1939 ‘

2151 2017 2316 2070 multa
2343 2014 2639 2069 diceremus
2670 2031 2683 2067 :
2713 2014 2806 2069 sed
2848 2022 2905 2067 ut
2948 2020 3090 2066 tanta
3111 2053 3125 2074 ,
3158 2026 3273 2080 qum
3300 2010 3447 2065 vobis
3484 2008 3649 2063 facile
3675 2009 3743 2061 sit

2152 2116 2331 2162 mente
2350 2122 2539 2177 capere
2563 2149 2578 2171 ,
2608 2121 2714 2175 quo
2740 2121 2857 2161 cum
2891 2106 3038 2159 lucro
3068 2104 3189 2158 hinc
3218 2103 3364 2158 abire
3390 2102 3573 2157 liceat.
3608 2101 3742 2155 Nam

2152 2201 2197 2255 si
2229 2214 2325 2254 nos
2352 2199 2496 2267 plura
2523 2212 2679 2266 quam
2708 2212 2801 2266 par
2827 2197 2895 2250 sit
2918 2196 3234 2259 dixerimus,
3253 2202 3308 2248 et
3335 2208 3428 2248 vos
3457 2192 3599 2247 nihil
3623 2192 3747 2247 inde

2155 2290 2286 2345 lucri
2329 2289 2650 2358 percipiatis,
2697 2303 2815 2356 qua:
2860 2284 3096 2341 utilitas?
3141 2284 3379 2340 Scientes
3425 2283 3614 2352 igitur,
3647 2297 3746 2336 nos

2159 2389 2374 2450 propter
2405 2389 2635 2434 vestram
2672 2378 2953 2432 utilitatem
2997 2378 3136 2430 hunc
3172 2375 3406 2430 laborem
3438 2373 3747 2442 suscipere,

2158 2481 2210 2526 et
2237 2470 2585 2527 sufficientem
2614 2484 2711 2523 nos
2737 2467 3034 2522 mercedem
3059 2466 3326 2535 accepisse
3354 2462 3630 2518 credimus
3652 2503 3667 2526 ,
3707 2462 3749 2515 si

2159 2572 2393 2618 vestrum
2430 2561 2701 2616 videamus
2740 2558 3051 2629 profectum,
3095 2564 3150 2611 et
3179 2571 3275 2610 vos
3313 2555 3601 2624 diligenter
3629 2566 3751 2621 quzc

2163 2654 2408 2709 dicuntur
2437 2662 2619 2708 tenere
2650 2653 2700 2706 in
2727 2650 2927 2707 sinibus
2955 2649 3115 2702 animi
3143 2647 3303 2701 vestri
3336 2646 3598 2714 reposita,
3622 2658 3753 2697 cou-

2163 2746 2313 2800 tinuo
2336 2760 2399 2800 ea
2431 2753 2787 2799 memorantes
2827 2752 2879 2797 et
2923 2741 3269 2796 ruminantes.
3322 2736 3581 2792 Memoria
3608 2735 3755 2789 enim

2166 2839 2290 2892 olim
2321 2838 2582 2893 dictorum
2614 2835 2770 2890 faciet
2813 2844 2871 2889 ut
2908 2833 3095 2903 majori
3140 2830 3387 2886 facilitate
3408 2826 3643 2882 dicenda
3672 2840 3759 2879 ca-

2168 2944 2295 2999 pere
2332 2928 2559 2997 possitis,
2593 2935 2750 2997 atquc
2789 2927 2860 2980 ita
2902 2937 3189 2995 progressu
3229 2920 3479 2990 temporis
3525 2928 3761 2973 ca-teros
3800 2916 3801 2923 “

2138 3023 2327 3077 etiam
2358 3020 2567 3076 docere.
2620 3020 2673 3074 ln
2718 3019 2817 3073 hoc
2854 3018 2995 3072 enim
3037 3016 3192 3085 plane
3227 3012 3564 3084 invigilamus
3594 3022 3651 3064 et
3679 3012 3759 3063 in-

2170 3112 2489 3175 cumbimus,
2522 3122 2579 3166 ut
2622 3124 2808 3165 omnes
2836 3124 2928 3166 vos
2967 3107 3187 3179 perfecti
3217 3115 3269 3160 et
3298 3103 3662 3160 consummati
3694 3102 3764 3154 si-

2172 3206 2259 3269 tis,
2283 3212 2336 3258 et
2364 3204 2495 3258 nihil
2521 3218 2702 3257 eorum
2730 3218 2845 3269 qua:
2866 3202 2918 3255 in
2940 3200 3133 3256 divinis
3160 3197 3443 3267 Scripturis
3469 3198 3766 3249 continen-

2174 3305 2262 3351 tur
2285 3312 2379 3350 vos
2412 3298 2590 3351 lateat.
2636 3296 2841 3350 Etenim
2883 3308 3064 3349 eorum
3114 3290 3327 3355 notitia,
3368 3288 3411 3342 si
3442 3286 3643 3357 vigiles
3684 3302 3766 3339 so-

2177 3391 2381 3459 briique
2424 3402 2544 3445 esse
2584 3388 2831 3443 volumus
2855 3429 2871 3453 ,
2912 3395 2966 3441 et
3002 3384 3067 3440 ad
3112 3383 3346 3438 melioris
3380 3381 3500 3434 vitae
3556 3380 3767 3447 frugem

2178 3482 2467 3552 plurimum
2513 3480 2668 3534 nobis
2709 3478 2966 3542 conferet,
3005 3476 3393 3543 alacrioresque
3437 3470 3501 3524 ad
3555 3468 3768 3523 vii-tutis

2148 3602 2151 3605 ν
2181 3573 2391 3627 labores
2432 3571 2646 3626 efficiet.
2690 3571 2819 3625 Nam
2851 3585 2970 3624 cum
3009 3568 3294 3623 doceamur
3324 3563 3577 3620 omnibus
3613 3562 3771 3631 justis

2181 3680 2423 3735 magnam
2446 3664 2585 3734 apud
2614 3663 2776 3718 Deum
2805 3677 2922 3717 esse
2952 3660 3215 3723 fiduciam,
3243 3656 3329 3727 qui
3357 3652 3539 3709 afﬂicti
3568 3661 3626 3707 et
3653 3664 3769 3707 ten.
3800 3688 3801 3721 ι

2186 3758 2279 3811 tati
2303 3771 2398 3826 per
2427 3764 2589 3810 totam
2615 3755 2776 3809 vitam
2807 3768 2978 3815 suam,
3012 3750 3315 3821 patientiam
3343 3756 3396 3803 et
3419 3757 3633 3817 gratum
3658 3746 3775 3798 ani-
3800 3776 3801 3827 ι

2185 3862 2329 3902 mum
2370 3848 2723 3910 declararunt,
2756 3853 2811 3900 et
2848 3844 2925 3898 sic
2967 3842 3180 3912 praemia
3223 3848 3345 3894 sunt
3384 3837 3566 3903 adepti
3599 3856 3613 3890 :
3643 3834 3801 3906 quo-1

2186 3941 2344 3996 modo
2376 3954 2479 3994 non
2500 3948 2553 3993 et
2581 3938 2734 3993 nobis
2761 3950 2902 3993 curae
2931 3935 3030 3991 erit
3053 3977 3068 4001 ,
3107 3942 3162 3987 ut
3190 3931 3428 3986 eamdem
3458 3928 3776 4005 incedamus
3800 3962 3801 3965 η

2186 4033 2344 4097 viam,
2372 4046 2479 4102 quo
2504 4039 2557 4086 et
2583 4030 2768 4086 eadem
2808 4028 3022 4098 prmmia
3054 4023 3426 4081 obtineamus?
3455 4019 3584 4075 Ideo
3611 4020 3774 4073 nhseo
3800 4026 3801 4031 ‘

2148 4142 2155 4147 '
2187 4140 2300 4191 cro,
2326 4136 2383 4179 ut
2403 4123 2637 4193 quotidie
2661 4120 2856 4191 aliquid
2878 4120 3095 4174 accedat
3122 4117 3241 4171 boni
3269 4113 3463 4185 operis,
3484 4122 3539 4166 et
3565 4122 3777 4166 crescat

2188 4226 2423 4272 vestrum
2450 4214 2727 4269 aedificium
2754 4211 3048 4281 spirituale,
3072 4224 3134 4263 ac
3155 4209 3287 4261 bona
3312 4219 3470 4273 Opera
3493 4219 3615 4270 qua:
3654 4203 3776 4254 olim

2193 4310 2411 4374 fecistis,
2458 4318 2613 4363 caute
2656 4306 3040 4376 diligenterque
3089 4297 3428 4363 custodiatis,
3479 4304 3534 4351 et
3583 4295 3630 4349 si
3683 4311 3779 4363 qua

2193 4402 2365 4456 adhuc
2398 4399 2766 4455 desiderantur
2786 4394 3046 4465 adjiciatis
3066 4436 3080 4458 ,
3110 4392 3266 4448 utsic
3293 4388 3344 4444 in
3369 4402 3644 4443 summum
3682 4388 3801 4451 viry

2193 4493 2320 4546 tutis
2360 4491 2682 4562 pcrveniatis
2730 4489 3017 4557 fastigium,
3065 4485 3117 4539 in
3162 4492 3394 4537 nostram
3434 4480 3693 4550 gloriam,
3739 4481 3783 4533 in

2195 4583 2593 4638 :edificationem
2623 4580 2891 4639 Ecclesire.
2917 4579 2968 4633 in
2993 4578 3246 4631 honorem
3269 4572 3481 4629 Christi.
3509 4571 3665 4626 Sane
3692 4587 3785 4641 ego

2196 4676 2381 4730 videns
2422 4673 2738 4743 inexplebile
2766 4680 2998 4726 vestrum
3040 4683 3162 4739 erga
3208 4663 3533 4733 Spiritualem
3580 4661 3786 4716 doctri-

2198 4780 2318 4820 nam
2343 4764 2597 4829 studium,
2620 4762 2826 4818 etiamsi
2848 4759 3091 4815 conscius
3114 4757 3213 4813 sim
3237 4770 3436 4823 magna:
3456 4768 3592 4809 mea:
3614 4755 3783 4808 tenui

2200 4858 2340 4921 tatis,
2375 4871 2478 4911 non
2523 4856 2813 4911 inter-mitto
2850 4852 3082 4923 quotidie
3131 4848 3433 4905 convivium
3471 4862 3543 4901 ex
3584 4846 3787 4900 divinis

2198 4947 2484 5017 Scripturis
2504 4960 2780 5016 apparare,
2805 4953 2857 4999 et
2880 4956 3225 5014 qurecumque
3250 4938 3341 4994 Dei
3366 4938 3532 5009 gratia
3562 4949 3785 5009 propter

2200 5055 2351 5095 suam
2373 5038 2746 5109 benignitatem
2770 5045 2822 5091 et
2849 5045 3076 5089 vestram
3105 5032 3383 5086 utilitatem
3409 5028 3787 5098 suppeditave-

2203 5130 2290 5194 rit,
2316 5130 2503 5184 vestris
2528 5128 2743 5182 auribus
2770 5140 3085 5196 proponere.
3114 5124 3225 5193 Age
3253 5121 3408 5192 igitur
3433 5130 3487 5174 et
3512 5120 3683 5175 hodie
3716 5123 3787 5173 in.

2202 5221 2440 5277 dicemus
2469 5219 2675 5275 caritati
2698 5229 2888 5273 vestrae
2910 5216 3231 5271 eminentem
3261 5213 3353 5267 Dei
3380 5212 3783 5281 benignitatem.

2203 5330 2361 5385 quam
2408 5313 2643 5368 humano
2678 5312 2862 5381 generi
2904 5307 3144 5371 contulit,
3174 5315 3226 5360 et
3267 5305 3335 5359 ob
3377 5303 3427 5358 id
3464 5303 3625 5358 verba
3672 5320 3783 5371 qur

2204 5408 2346 5461 Deus
2370 5406 2433 5458 ad
2463 5403 2575 5458 Noe
2599 5402 2733 5457 dixit
2755 5401 3055 5457 afferamus.
3073 5398 3127 5453 8.
3153 5396 3213 5450 Et
3236 5396 3362 5450 dixit
3387 5393 3525 5448 Deus
3555 5395 3625 5448 ad
3650 5395 3783 5459 Nor,

2204 5508 2248 5551 et
2270 5494 2573 5563 ﬁliosillins.
2603 5486 2885 5562 Postquam
2908 5489 3358 5552 benedixitillum,
3383 5495 3435 5541 et
3458 5484 3600 5541 ﬁlios
3621 5485 3783 5550 illius,

2205 5597 2257 5642 et
2283 5585 2433 5651 dixit,
2466 5583 2682 5639 Crescite
2707 5594 2752 5638 ct
2780 5582 3202 5652 multiplicamini,
3232 5589 3287 5636 et
3316 5577 3531 5634 tradidit
3559 5577 3666 5633 illis
3689 5578 3783 5632 do-

2209 5678 2431 5733 minium
2451 5688 2609 5748 super
2630 5674 2780 5732 hruta
2809 5677 3004 5741 omnia,
3035 5682 3452 5744 pote-Statelliun
3473 5669 3625 5725 dedit
3650 5671 3793 5724 illaut

3800 4506 3801 4537 1

3799 4590 3801 4705 1

3799 4748 3801 4793 l

3799 5140 3801 5189 l

3799 5224 3801 5265 ι

3798 5292 3801 5347 1

3799 5376 3801 5429 1

3799 5432 3801 5501 1

3799 5520 3801 5579 1

3799 5610 3801 5655 1

3787 5674 3801 5737 ⁵1

3799 5768 3801 5815 l
