3760 6246
49 280 155 341 233

43 396 197 466 quasi
238 394 473 451 oleribus
512 394 991 460 lierharum'vesci,
1022 409 1123 450 nec
1146 409 1252 449 non
1278 403 1334 448 et
1358 386 1628 447 mandavit

44 497 99 540 nt
133 501 327 543 carnes
374 483 427 541 in
473 487 725 555 sanguine
762 501 868 540 non
907 486 1208 549 comedant,
1239 484 1411 539 adhuc
1435 496 1627 552 gerens

39 589 227 629 curam
270 575 398 643 justi
447 585 501 630 et
552 576 910 643 posteritatis,
959 575 1335 644 beneﬁciisque
1383 582 1622 627 nostrum

40 680 210 733 genus
237 666 462 719 ubertim
488 665 723 720 afﬁciens
741 707 755 726 ,
786 666 961 720 denuo
988 665 1186 733 majora
1213 665 1392 733 adjicit
1421 665 1622 719 beneﬁ-

42 757 141 821 cia,
165 766 223 811 et
248 757 436 828 inquit,
455 756 692 825 Dixitque
708 757 955 825 Dominus
981 756 1117 811 Deus
1142 755 1321 812 Nocet
1343 756 1461 825 [iliis
1486 755 1623 809 illius

38 864 150 901 cum
175 848 313 917 ipso,
357 849 566 902 dicens:
595 849 649 904 9.
691 849 823 903 Ecce
863 858 1029 903 statuo
1073 858 1418 903 testamentum
1458 864 1621 899 meum

38 937 314 1001 vobiscum,
344 949 389 991 et
424 940 601 992 semini
637 950 797 993 vestro
822 950 932 1009 post
962 956 1064 1003 vos,
1095 940 1179 994 10.
1204 950 1250 994 et
1276 940 1412 992 omni
1439 938 1621 991 anima:

34 1030 217 1082 viventi
241 1031 515 1096 vobiscum,
544 1048 575 1084 a
603 1030 885 1085 volucribus
919 1042 966 1085 et
997 1030 1252 1101 pecoribus
1271 1072 1286 1097 ,
1318 1040 1364 1083 et
1390 1029 1618 1083 omnibus
1663 1056 1666 1058 η

34 1121 203 1173 bestiis
229 1131 395 1186 terra,
425 1139 746 1193 quacumque
768 1133 884 1177 sunt
900 1123 1167 1189 vobiscum,
1192 1132 1236 1176 et
1265 1121 1493 1175 omnibus
1508 1135 1619 1190 qua:

34 1229 232 1282 egressa
252 1224 374 1267 sunt
398 1231 459 1268 ea
484 1231 639 1281 arca;
666 1216 750 1269 11.
770 1224 817 1269 et
844 1223 1060 1268 statuam
1086 1224 1432 1268 testamentum
1453 1230 1616 1267 meum

33 1301 287 1356 vobiscum
310 1323 332 1357 ι·
354 1314 401 1358 et
440 1323 538 1358 non
580 1307 821 1359 morietur
855 1308 993 1360 ultra
1029 1308 1190 1359 omnis
1218 1323 1336 1360 caro
1375 1320 1437 1359 ea:
1472 1305 1615 1373 aquis

33 1392 241 1459 diluvii;
268 1412 362 1449 nec
387 1399 479 1451 erit
505 1399 637 1450 ultra
666 1400 904 1452 diluvium
935 1416 1097 1469 aquas,
1122 1401 1255 1467 quod
1285 1418 1478 1453 omnem
1508 1410 1611 1454 ter-

32 1500 135 1535 ram
185 1497 498 1554 corrumpat.
563 1488 693 1555 Quia
737 1490 1023 1544 verisimile
1064 1498 1178 1544 erat
1215 1490 1412 1558 justum
1462 1492 1608 1545 illum

31 1573 202 1629 adhuc
232 1575 284 1629 in
317 1592 513 1646 angore
541 1594 690 1643 esse,
718 1590 771 1634 et
798 1590 1026 1635 mentem
1058 1582 1197 1635 illius
1222 1581 1501 1636 formidine
1528 1592 1610 1637 te-

31 1664 175 1729 neri;
216 1675 276 1721 et
313 1667 355 1721 si
399 1671 609 1737 quando
649 1672 914 1740 ingrueret
956 1688 1147 1742 parvus
1186 1675 1374 1744 aliquis
1415 1675 1605 1742 imber,

31 1754 262 1809 futurum
301 1759 504 1813 tristem
532 1770 585 1813 et
612 1763 888 1817 attonitum
908 1805 921 1829 ,
953 1764 1098 1832 quasi
1124 1764 1298 1819 denuo
1327 1766 1445 1820 talis
1476 1776 1609 1820 tem-

24 1856 201 1913 pestas
242 1849 500 1905 mundum
534 1852 830 1908 involutura
866 1864 1006 1909 esset
1039 1872 1052 1909 :
1085 1855 1204 1910 ideo
1234 1864 1289 1910 ut
1315 1866 1367 1912 et
1397 1858 1509 1926 ipse
1541 1857 1605 1910 ﬁ-

22 1937 144 1990 dere
171 1950 357 2006 posset
387 1943 773 2012 posteritasque
799 1946 990 2008 omnis,
1018 1947 1248 2015 optimus
1276 1949 1412 2003 Deus
1441 1949 1607 2017 probe

22 2028 191 2082 sciens
233 2030 384 2085 illum
414 2033 499 2087 vel
542 2035 814 2090 minimam
848 2053 961 2092 rem
1002 2039 1213 2095 turbare
1259 2056 1451 2110 posse:
1481 2057 1602 2097 nam

20 2121 408 2185 praeteritorum
436 2126 761 2193 experientia
787 2127 851 2181 ad
877 2126 1217 2185 formidinem
1244 2132 1598 2187 incutiendam

22 2208 243 2262 multum
290 2209 446 2265 habet
482 2216 772 2270 momenti:
800 2216 1130 2288 itaque'quia
1164 2220 1450 2277 verisimile
1486 2231 1604 2278 erat

18 2296 225 2355 beatum
258 2301 399 2357 hunc
422 2321 636 2373 parvam
676 2308 747 2363 ob
790 2309 1017 2378 pluviam
1061 2310 1485 2379 formidaturum,
1515 2314 1598 2369 id-

19 2389 149 2443 circo
180 2391 446 2462 benignus
488 2396 656 2462 Deus,
695 2399 842 2466 quasi
869 2399 1115 2455 ﬁduciam
1140 2402 1215 2456 illi
1239 2402 1595 2470 adhibiturus,

18 2482 304 2538 ctabomni
324 2483 603 2541 formidine
631 2489 883 2556 solutum,
911 2492 962 2545 in
989 2508 1232 2562 magnam
1257 2496 1594 2550 securitatem

15 2572 465 2641 rt'jncunditatem
496 2579 823 2646 inducturus,
850 2585 1109 2652 promittit
1134 2584 1232 2655 ipsi
1254 2601 1311 2642 se
1332 2586 1593 2657 ejusmodi

17 2679 221 2730 ruinam
253 2668 393 2723 ultra
418 2686 521 2725 non
551 2686 670 2727 esse
697 2674 980 2730 illaturum.

74 2758 126 2811 2.
171 2759 243 2814 Ει
282 2762 492 2830 quidem
541 2765 743 2834 pridem
788 2775 842 2822 et
877 2778 1000 2824 ante
1043 2770 1464 2827 benedictionem
1493 2772 1594 2829 hoc

12 2851 329 2919 promiserat
346 2854 548 2924 dicens,
571 2860 1019 2928 quemadmodum
1039 2864 1334 2930 audivistis,
1363 2864 1482 2919 Non
1503 2866 1595 2919 ad-

12 2944 174 3001 iiciam
197 2945 341 3000 ultra
370 2959 424 3001 ut
453 2952 751 3006 maledicam
779 2963 925 3009 terrte
953 2954 1107 3023 (Gen.
1137 2957 1190 3012 8.
1218 2957 1312 3027 2|)
1342 2975 1355 3010 ε
1385 2961 1591 3017 etiamsi

12 3035 289 3092 hominum
312 3041 506 3095 malitia
534 3043 815 3112 increscat,
839 3062 945 3101 non
973 3056 1147 3104 tamen
1173 3066 1274 3120 ego
1302 3051 1589 3110 humanum

12 3141 167 3194 genus
197 3130 295 3184 tali
323 3132 593 3199 subjiciam
623 3151 814 3204 pmnaa.
860 3137 992 3193 Nam
1022 3143 1370 3199 monstrando
1400 3145 1589 3201 ineffa-

12 3218 157 3274 bilem
199 3236 359 3276 suam
398 3223 808 3295 benignitatem,
835 3229 1063 3301 idipsum
1094 3250 1235 3290 nunc
1262 3236 1433 3292 denuo
1462 3254 1589 3307 pro-

11 3311 179 3375 mittit,
214 3321 281 3367 ut
321 3312 454 3368 bene
489 3319 722 3374 conﬁdat
759 3322 952 3391 justus,
986 3341 1084 3381 nec
1107 3328 1302 3398 cogitet
1325 3332 1463 3399 apud
1493 3347 1585 3399 se,

12 3414 61 3452 ac
86 3402 227 3457 dicat
263 3421 278 3456 :
310 3405 440 3459 Cum
476 3408 598 3462 olim
628 3409 1049 3469 benedictionem
1076 3420 1257 3487 generi
1285 3430 1467 3476 nostro
1494 3423 1588 3479 de-

12 3489 164 3545 disset
189 3534 205 3556 ,
243 3503 301 3549 et
343 3504 399 3549 ut
439 3498 592 3553 valde
634 3502 1077 3570 multiplicaretur
1104 3506 1313 3575 effecit;
1348 3528 1588 3569 commu-

11 3600 115 3637 nem
146 3594 332 3642 tamen
362 3589 500 3643 illam
531 3593 766 3648 omnium
798 3596 1210 3654 internecionem
1252 3603 1468 3658 invexit.
1519 3605 1588 3661 Ut

12 3675 155 3742 igitur
177 3693 400 3733 omnem
427 3697 457 3736 e
486 3684 894 3751 cogitationibus
924 3688 1062 3743 illius
1089 3693 1373 3747 tumultum
1400 3696 1585 3765 expel-

12 3776 147 3833 leret,
177 3776 237 3823 et
268 3779 417 3825 certo
446 3782 711 3830 constaret
742 3777 838 3846 ipsi
866 3794 971 3833 non
1000 3778 1112 3836 fore
1136 3782 1271 3836 ultra
1295 3799 1407 3839 rem
1438 3786 1587 3840 simi-

12 3864 97 3912 tem
133 3860 660 3932 :Quemadmodum,
685 3867 871 3937 inquit,
900 3869 1152 3927 diluvium
1183 3890 1246 3928 ex
1279 3875 1584 3932 misericor-

12 3948 76 4002 lia
116 3951 329 4020 induxi,
362 3964 416 4008 ut
446 3965 497 4010 et
539 3959 735 4013 malitia
783 3961 1121 4031 impediatur,
1154 3982 1324 4036 neque
1363 3969 1585 4024 ulterius

12 4042 245 4110 progredi
272 4046 460 4112 possit,
488 4048 560 4101 ita
590 4056 643 4103 et
671 4065 811 4105 nunc
830 4052 1014 4108 eadem
1043 4055 1401 4112 misericordia
1432 4060 1586 4128 polli-

12 4147 115 4187 reor
136 4151 229 4189 me
253 4134 305 4189 id
333 4151 438 4191 non
468 4138 601 4194 ultra
626 4139 905 4209 facturum,
938 4153 993 4198 ut
1021 4148 1253 4215 seposito
1272 4149 1416 4202 omni
1442 4165 1580 4205 mte-

12 4239 115 4278 rore
164 4237 489 4293 prmsentem
530 4229 688 4284 vitam
732 4233 1052 4305 transigatis.
1096 4236 1217 4291 Ideo
1246 4236 1378 4294 dixit
1412 4256 1424 4292 :
1456 4240 1586 4296 Ecce

12 4325 154 4369 rtatao
184 4325 543 4371 testamentum
569 4338 751 4385 meum,
777 4322 878 4379 hoc
901 4334 1003 4390 est,
1032 4337 1238 4395 pactum
1268 4330 1407 4385 ineo.
1438 4330 1585 4387 Sicut

17 4422 44 4457 n
74 4406 333 4462 humanis
361 4412 585 4479 negotiis
620 4417 661 4467 si
692 4414 808 4483 quis
838 4419 1094 4485 promittit
1121 4420 1339 4490 aliquid,
1372 4434 1581 4493 pactum

12 4494 145 4563 'acit,
196 4514 453 4568 magnam
502 4503 746 4572 praebens
794 4508 1169 4563 securitatem:
1200 4513 1267 4566 ita
1314 4522 1368 4567 et
1413 4513 1583 4569 bonus

12 4589 258 4644 )ominus
289 4590 459 4660 inquit
499 4609 513 4646 :
547 4591 677 4647 Ecce
714 4606 879 4652 statuo
918 4608 1262 4655 testamentum
1294 4620 1477 4660 meum.
1519 4607 1582 4662 Et

12 4695 124 4736 tene
148 4682 308 4746 dixit,
336 4682 538 4751 Statua,
563 4700 659 4755 pro
680 4702 764 4752 eo,
787 4689 925 4758 quod
947 4698 1045 4752 est,
1072 4690 1208 4747 Ecce
1229 4709 1327 4764 ego
1350 4695 1582 4751 instauro

11 4790 47 4822 ω
73 4790 193 4841 quae
226 4788 293 4827 ex
327 4785 663 4843 peccatorum
693 4781 922 4847 pernicie
949 4782 1281 4852 acciderant,
1308 4797 1361 4840 et
1400 4788 1581 4843 Statua

12 4874 353 4917 estamentum
378 4881 542 4919 meum
564 4868 813 4923 vobiscum
839 4880 885 4923 et
918 4888 1031 4925 cum
1062 4876 1249 4928 semine
1284 4886 1443 4932 vestro
1470 4888 1580 4949 post

12 4970 86 5006 os.
130 4954 273 5010 Vide
322 4954 657 5013 clementiam
696 4959 941 5030 Domini;
981 4964 1129 5034 quasi
1169 4964 1368 5023 diceret
1411 4986 1423 5023 :
1464 4970 1577 5026 Non

12 5056 191 5100 autum
227 5034 504 5102 vobiscum
543 5058 721 5106 statuo
760 5064 969 5122 pactum
991 5096 1006 5122 ,
1047 5056 1139 5111 sed
1179 5066 1233 5112 et
1268 5058 1334 5113 iis
1371 5061 1459 5131 qui
1485 5078 1580 5119 vos

12 5145 305 5203 aequentur,
331 5137 518 5193 stabile
537 5148 591 5193 et
617 5140 827 5198 ﬁrmum
847 5143 963 5200 fore
979 5148 1279 5214 pronuntio.
1312 5149 1498 5207 Postea
1522 5163 1579 5209 ut

12 5242 136 5281 :uam
176 5228 424 5284 declaret
456 5229 845 5303 liberalitatem;
878 5236 1082 5307 inquit:
1111 5236 1177 5293 Et
1224 5242 1361 5295 omni
1396 5244 1579 5299 anima:

11 5320 168 5374 iiut-nti
197 5320 479 5389 vobiscum,
506 5340 537 5376 a
561 5323 845 5380 volatilibus
867 5337 957 5382 eta
978 5331 1253 5397 pecoribus,
1280 5342 1325 5387 et
1350 5336 1577 5391 omnibus

12 5412 151 5463 vestiis
176 5422 352 5477 terra,
384 5427 707 5485 quacumque
729 5425 845 5471 sunt
873 5418 1119 5474 vobiscum
1140 5437 1201 5476 ea:
1220 5424 1449 5480 omnibus
1466 5443 1578 5496 qua:

12 5519 184 5567 gressa
233 5511 357 5554 sunt
398 5518 460 5556 ex
494 5520 649 5569 arca;
693 5515 739 5560 et
770 5516 985 5561 statuam
1026 5520 1369 5567 testamentum
1410 5532 1575 5570 meum

12 5591 244 5644 nobiscum
278 5608 297 5645 :
326 5601 370 5643 et
410 5610 508 5645 non
553 5596 791 5649 morietur
829 5602 988 5653 omnis
1026 5618 1144 5655 caro
1180 5606 1310 5657 ultra
1345 5608 1406 5660 ab
1444 5625 1573 5676 aqua

12 5681 209 5751 ‘iluvii;
243 5692 293 5737 et
322 5700 419 5738 non
454 5686 585 5740 ultra
616 5688 704 5742 erit
729 5688 971 5745 diluvium
1001 5710 1174 5762 aqua',
1204 5708 1255 5750 ut
1286 5710 1572 5769 corrumpat

1110 279 1178 338 tN
1213 279 1364 337 car.
1404 274 1494 330 ix.
1534 269 1782 329 canes.
1824 267 2053 327 uouit.
2095 255 2341 325 xxvut‘.‘

3210 267 3309 325 254

1737 400 1931 438 onmem
1954 392 2155 438 terram.
2184 383 2368 438 Vidisti
2400 390 2671 453 pactorum
2701 382 3145 457 magnitudinem’
3175 385 3310 440 vidi.

1735 474 1858 528 disti
1888 474 2299 544 promissionum
2335 470 2653 532 ineﬁ‘abilem
2685 472 3089 529 liberalitatem?
3116 473 3308 529 Consi-

1734 564 1860 619 dera
1901 564 2165 634 quomodo
2207 564 2585 634 benignitatem
2630 580 2780 620 suam
2819 566 2994 621 denuo
3036 581 3203 636 usque
3242 565 3306 621 ad

1732 653 1883 706 bruta
1913 662 1967 707 et
1995 653 2133 707 feras
2156 655 2424 723 extendat,
2447 664 2499 709 et
2526 657 2716 710 merito
2735 654 2967 725 quidem.
2995 655 3142 724 Quod
3165 655 3305 712 enim

1731 758 1871 812 saepe
1898 742 2025 808 dixi,
2056 744 2158 798 hoc
2184 754 2236 799 et
2266 760 2406 799 nunc
2432 745 2573 802 dico.
2603 745 2734 800 Nam
2756 747 2875 817 quia
2899 756 3113 817 propter
3135 746 3306 803 homi-

1729 848 1849 887 nem
1879 829 1994 888 haec
2013 833 2266 901 producta
2292 844 2433 902 sum,
2466 835 2584 891 ideo
2608 845 2662 891 et
2698 836 2906 893 illorum
2929 836 3305 895 beneﬁciorum

1733 935 1931 996 partem
1968 926 2163 981 habent
2190 942 2307 996 qua:
2338 926 2538 981 homini
2567 943 2819 984 concessa
2841 939 2983 985 sunt.
3011 931 3076 986 Et
3099 932 3297 988 videtur

1726 1020 1937 1089 quidem
1959 1037 2239 1076 commune
2268 1037 2387 1077 esse
2411 1029 2620 1091 pactum
2650 1021 2751 1092 ipsi
2772 1032 2826 1079 et
2854 1018 3044 1091 brutis,
3072 1024 3166 1080 sed
3192 1041 3299 1081 non

1725 1110 1794 1165 ita
1831 1121 1931 1166 est.
1977 1111 2107 1165 Nam
2135 1122 2188 1166 et
2216 1111 2317 1167 hoc
2339 1112 2405 1167 ad
2431 1112 2663 1167 hominis
2687 1114 2933 1169 solatium
2962 1117 3153 1170 factum
3180 1127 3260 1172 est
3281 1158 3297 1183 ,

1724 1212 1781 1257 ut
1809 1204 1945 1259 scire
1977 1187 2144 1273 possit.
2168 1206 2221 1259 in
2253 1215 2450 1273 quanto
2479 1207 2548 1259 sit
2574 1206 2796 1271 honore,
2827 1208 2966 1278 quod
2995 1225 3098 1262 non
3127 1211 3296 1266 solum

1723 1292 1775 1347 in
1798 1308 1856 1348 se
1881 1295 2207 1350 collocentur
2228 1296 2505 1359 beneﬁcia,
2525 1297 2618 1352 sed
2641 1306 2857 1366 prepter
2881 1313 2939 1353 se
2963 1299 3014 1353 in
3042 1300 3140 1355 alia
3169 1318 3298 1370 quo-

1721 1400 1824 1454 que
1865 1386 2113 1440 animalia
2151 1388 2467 1443 extendatur
2496 1388 2785 1444 liberalitas
2815 1390 3040 1446 Domini.
3088 1392 3154 1447 Et
3197 1413 3296 1450 non

1720 1475 1979 1543 morietur,
2017 1478 2205 1547 inquit,
2240 1481 2401 1534 omnis
2438 1498 2555 1536 caro
2598 1483 2728 1535 ultra
2757 1484 2818 1536 ab
2847 1500 2979 1553 aqua
3020 1485 3216 1553 diluvii,
3249 1497 3297 1542 et

1718 1584 1820 1622 non
1857 1570 1950 1622 erit
1988 1569 2124 1623 ultm
2159 1570 2423 1639 diluvium,
2460 1582 2513 1626 ut
2545 1582 2833 1643 corrumpat
2867 1592 3061 1630 omnem
3090 1582 3299 1632 terram.

1718 1658 1905 1714 Vidisti
1934 1657 2201 1731 quomodo
2226 1670 2279 1717 et
2306 1662 2471 1717 semel
2506 1672 2558 1718 et
2592 1662 2783 1719 iterum
2817 1674 2870 1720 et
2907 1668 3099 1736 szepius
3138 1668 3295 1739 polli-

1715 1760 1897 1807 ceatur
1921 1766 1978 1807 se
2003 1768 2108 1807 non
2139 1754 2275 1808 ultra
2307 1755 2664 1811 immissurum
2696 1772 3028 1814 communem
3054 1763 3289 1817 omnium

1716 1844 2154 1909 internecionem,
2180 1854 2238 1900 ut
2263 1862 2328 1901 ex
2360 1856 2536 1902 mente
2559 1848 2686 1918 justi
2715 1848 2853 1905 hanc
2880 1848 3288 1909 sollicitudinem

1712 1935 1931 1999 adimat,
1964 1946 2017 1991 et
2055 1937 2122 1992 de
2159 1937 2347 1994 futuris
2387 1939 2581 1995 bonam
2611 1955 2758 2011 Spem
2788 1942 2876 1997 ille
2905 1941 3127 1999 habeat?
3158 1943 3288 2001 Dein

1712 2042 1817 2082 non
1859 2043 2012 2083 suam
2050 2039 2291 2085 naturam
2318 2042 2564 2103 spectans
2583 2074 2596 2097 ,
2626 2034 2718 2089 sed
2746 2046 2981 2090 nostram
3008 2036 3288 2093 inﬁrmita-

1709 2125 1838 2183 tem,
1871 2135 1977 2174 non
2003 2128 2282 2176 contentus
2310 2133 2391 2177 est
2418 2125 2766 2193 promissione
2800 2140 2895 2182 sua
2930 2143 3086 2199 quam
3114 2118 3292 2186 verbis

1709 2211 1855 2266 dedit
1888 2231 1901 2267 :
1941 2213 2033 2267 sed
2064 2214 2253 2269 iterum
2283 2216 2516 2271 ostendit
2544 2219 2811 2287 quomodo
2839 2234 2897 2275 se
2926 2231 3121 2277 nostrae
3143 2220 3289 2277 inﬁr-

1706 2304 1875 2358 mitati
1917 2313 2259 2376 attemperet,
2306 2318 2360 2362 et
2394 2309 2598 2380 signum
2643 2310 2733 2365 dat
2771 2328 2876 2382 quo
2906 2323 3161 2383 perpetuo
3185 2316 3287 2370 du-

1706 2405 1877 2460 rante,
1908 2395 1998 2450 tali
2041 2407 2185 2451 metu
2234 2399 2521 2454 humanum
2561 2417 2728 2472 genus
2772 2403 2985 2459 liberari
3014 2404 3196 2475 possit,
3232 2418 3289 2464 ut

1704 2488 1911 2544 etiamsi
1955 2504 2096 2561 saepe
2137 2490 2325 2561 pluvire
2363 2492 2697 2561 deferantur,
2734 2505 2787 2551 et
2814 2498 3057 2553 violentze
3085 2509 3287 2571 tempe.

1702 2587 1868 2635 states
1893 2580 2039 2647 ﬁant,
2081 2584 2180 2638 etsi
2206 2600 2459 2654 aquarum
2485 2603 2671 2656 magna
2696 2588 2764 2643 sit
2788 2586 3081 2657 inundatio,
3108 2608 3281 2664 neque

1701 2670 1779 2726 sic
1807 2673 2151 2728 metuendum
2183 2675 2289 2742 sit,
2318 2676 2411 2733 sed
2439 2675 2810 2734 conﬁdendum
2836 2678 2986 2737 nobis
3012 2682 3076 2738 ad
3100 2684 3283 2740 datum

1700 2760 1908 2830 signum
1936 2764 2358 2833 respicientibus.
2392 2768 2477 2822 12.
2526 2766 2593 2822 Et
2621 2766 2748 2824 dixit
2778 2765 3022 2827 Dominus
3051 2774 3186 2829 Deus
3213 2777 3282 2829 ad

1702 2848 1817 2905 Noe
1854 2867 1873 2906 :
1908 2851 2021 2907 Hoc
2046 2864 2117 2909 est
2146 2856 2344 2927 signum
2374 2862 2652 2914 testamenti
2677 2864 2812 2933 quod
2840 2879 2930 2934 ego
2960 2864 3025 2920 de
3051 2864 3182 2921 inter
3205 2885 3283 2921 me

1698 2951 1744 2997 et
1772 2955 1837 2998 te.
1889 2943 2020 3001 Vide
2048 2960 2245 3017 quanto
2274 2946 2476 3006 honore
2499 2952 2698 3021 justum
2726 2954 2989 3025 dignatur.
3030 2957 3107 3013 Ita
3137 2957 3279 3014 enim

1698 3049 1818 3088 cum
1854 3050 1918 3089 eo
1947 3036 2232 3105 paciscitur
2254 3041 2404 3109 quasi
2435 3040 2594 3097 homo
2621 3043 2818 3100 homini
2850 3046 3094 3117 loquens,
3121 3056 3174 3105 et
3201 3051 3280 3105 di-

1697 3127 1768 3180 cit
1802 3145 1815 3181 :
1842 3124 1955 3181 Hoc
1982 3138 2056 3185 est
2078 3131 2275 3203 signum
2307 3137 2583 3189 testamenti
2611 3137 2746 3207 quod
2770 3156 2859 3209 ego
2886 3140 2951 3194 do
2979 3142 3108 3196 inter
3127 3160 3205 3198 me
3230 3155 3281 3200 et

1696 3226 1762 3284 te,
1799 3228 1844 3271 et
1881 3235 2075 3275 omnem
2114 3220 2336 3277 animum
2375 3226 2635 3293 viventem,
2674 3246 2785 3299 qua:
2818 3233 3067 3287 vobiscum
3104 3245 3196 3302 est,
3226 3239 3279 3292 in

1694 3313 2036 3381 generationes
2056 3325 2287 3371 internas.
2318 3317 2504 3374 Vidisti
2527 3322 2795 3390 quomodo
2816 3324 3021 3395 signum
3044 3326 3275 3385 dandum

1694 3406 1838 3459 omni
1866 3406 2065 3463 viventi
2096 3409 2406 3466 duraturum
2434 3414 2505 3467 sit
2531 3414 2581 3467 in
2606 3417 2979 3485 generationes
3003 3427 3230 3479 aeternas
3251 3423 3277 3476 Y

1693 3496 1807 3552 Non
1850 3499 2019 3555 solum
2058 3504 2408 3559 communiter
2450 3505 2697 3561 omnibus
2739 3508 3034 3566 viventibus
3069 3511 3163 3567 dat
3197 3512 3278 3568 sim

1692 3606 1872 3661 gnum,
1901 3593 1993 3648 sed
2022 3604 2076 3649 et
2100 3605 2407 3667 perpetuum
2428 3609 2481 3654 et
2501 3609 2756 3661 aeternum
2780 3600 2906 3659 illud
2928 3604 3070 3672 facit,
3090 3624 3276 3679 quam-

1691 3683 1780 3738 diu
1829 3687 2056 3742 mundus
2100 3689 2369 3747 subsistet.
2425 3691 2700 3758 Quodnam
2742 3711 2869 3767 ergo
2907 3698 3115 3769 signum
3155 3703 3274 3757 est?

1694 3775 1779 3831 15.
1807 3775 1993 3830 Arcum
2022 3796 2187 3833 nteant
2217 3798 2349 3851 pono
2376 3782 2428 3837 in
2453 3783 2597 3851 nube,
2625 3796 2671 3840 et
2696 3788 2788 3841 erit
2815 3789 2867 3842 in
2892 3790 3090 3860 signum
3116 3795 3275 3864 [cede-

1691 3867 1762 3922 ris
1780 3867 1909 3920 inter
1936 3885 2013 3922 me
2033 3880 2078 3922 et
2103 3881 2306 3926 terram.
2336 3873 2474 3929 Ecce
2502 3885 2619 3944 post
2644 3878 3077 3947 pollicitationem
3106 3886 3270 3940 verbo

1692 3957 1902 4022 factam,
1927 3969 1980 4014 et
2009 3960 2110 4016 hoc
2138 3963 2343 4032 signum
2367 3964 2454 4031 do,
2484 3967 2669 4023 iridem
2702 3970 2903 4038 dicens,
2927 3988 3084 4043 quam
3106 3976 3269 4048 aliqui

1694 4050 1806 4104 ﬁeri
1840 4050 2023 4106 dicunt
2049 4054 2160 4108 sole
2191 4054 2366 4109 radios
2404 4071 2530 4113 suos
2576 4070 2760 4115 contra
2800 4063 2969 4120 nubes
3003 4066 3267 4125 mittente.

1689 4140 1744 4198 Si
1786 4157 1965 4199 sermo
2002 4160 2184 4213 meus,
2223 4147 2417 4219 inquit,
2451 4164 2555 4205 non
2585 4150 2799 4221 sufﬁcit,
2832 4171 2957 4213 ecce
2981 4168 3034 4214 et
3058 4161 3267 4232 signum

1690 4234 1780 4301 do,
1809 4251 2093 4307 numquam
2120 4238 2341 4294 ulterius
2370 4242 2526 4297 talem
2556 4260 2644 4300 me
2671 4261 2880 4316 pennam
2908 4249 3266 4311 inducturum.

1689 4325 1801 4382 Hoc
1848 4342 1974 4397 ergo
2022 4330 2229 4400 signum
2276 4332 2516 4391 videntes
2556 4351 2587 4391 a
2626 4338 2905 4397 formidine
2947 4342 3267 4403 liberemini.

1690 4418 1775 4473 14.
1804 4418 1873 4473 Et
1897 4422 1988 4474 erit
2013 4438 2126 4476 cum
2155 4423 2461 4490 nubilavero,
2492 4428 2677 4499 inquit,
2706 4433 2860 4488 nubes
2885 4451 3037 4506 super
3059 4446 3264 4508 unum,

1689 4517 1736 4561 et
1756 4507 2016 4579 apparebit
2044 4529 2191 4567 arcus
2217 4531 2355 4569 meus
2375 4516 2426 4570 in
2447 4512 2593 4583 nube,
2618 4521 2699 4576 15.
2725 4532 2772 4575 et
2791 4526 3093 4581 recordabar
3116 4507 3269 4584 testa-

1689 4602 1841 4654 menti
1860 4603 1976 4670 mei,
2004 4604 2141 4673 quod
2158 4616 2232 4658 est
2258 4606 2385 4661 inter
2405 4624 2484 4663 me
2502 4618 2547 4663 et
2569 4627 2671 4675 vos,
2695 4623 2742 4666 et
2770 4614 2900 4669 inter
2927 4634 3123 4673 omnem
3150 4623 3265 4675 asi-

1689 4707 1822 4745 mam
1844 4694 2083 4748 viventem
2108 4696 2161 4749 in
2182 4698 2316 4750 omni
2340 4712 2507 4754 carne.
2539 4700 2674 4770 Quid
2702 4703 2851 4772 dicis,
2881 4722 2914 4761 0
2952 4707 3107 4766 beate
3141 4727 3266 4782 pro-

1688 4781 1880 4853 pheta?
1921 4783 2278 4850 Recordabor,
2314 4786 2512 4860 inquit,
2547 4797 2849 4852 testamenti
2875 4800 2999 4865 mei,
3030 4781 3261 4872 hocest,

1690 4875 1826 4944 pacti
1857 4876 1983 4941 mei,
2007 4880 2396 4949 promissionis,
2420 4884 2845 4956 pollicitationis;
2875 4907 2978 4947 non
3003 4895 3121 4963 quia
3148 4896 3261 4965 ipse

1687 4978 1818 5034 opus
1846 4964 2037 5022 habeat
2061 4969 2448 5040 recordatione,
2476 4974 2569 5030 sed
2601 4986 2657 5031 ut
2682 4993 2777 5033 nos
2807 4980 2872 5034 ad
2898 4980 3022 5035 illud
3049 4964 3258 5055 signum

1685 5055 2048 5125 respicientes,
2077 5058 2206 5114 nihil
2237 5060 2425 5117 durum
2465 5066 2812 5135 suspicemur,
2839 5070 2930 5125 sed
2960 5075 3136 5130 statim
3174 5061 3262 5133 re-

1684 5147 1967 5202 cordemur
2003 5149 2195 5205 divinae
2240 5154 2626 5225 promissionis,
2656 5166 2709 5213 et
2750 5161 3082 5221 conﬁdamus
3128 5167 3259 5224 nihil

1684 5254 1783 5295 nos
1810 5242 1912 5295 tale
1939 5257 2209 5312 passuros.

1753 5334 1806 5389 5.
1848 5334 2032 5389 Vidisti
2061 5346 2310 5405 quantum
2340 5338 2477 5395 Deus
2506 5355 2564 5397 se
2590 5351 2807 5415 propter
2836 5356 3071 5405 nostram
3107 5349 3258 5409 inﬁr-

1682 5427 1917 5481 mitatem
1957 5426 2218 5493 demittat,
2251 5439 2500 5501 quantam
2537 5448 2717 5490 curam
2758 5446 2909 5508 gerat
2950 5443 3116 5497 nostri
3160 5459 3258 5515 ge-

1682 5520 1843 5585 neris,
1875 5530 2121 5590 quantam
2151 5522 2531 5581 misericordia:
2557 5529 2969 5600 magnitudinem
2995 5534 3252 5606 declaret,

1680 5626 1785 5665 non
1816 5612 1934 5681 quia
1980 5611 2253 5670 hominum
2289 5618 2687 5676 conversionem
2730 5622 2879 5689 vidit,
2925 5625 3017 5682 sed
3066 5638 3122 5683 ut
3162 5646 3255 5700 per

1682 5703 1857 5757 omnia
1885 5718 1980 5759 nos
2006 5702 2193 5762 doceat
2224 5705 2485 5781 ingentem
2518 5726 2666 5770 suam
2693 5712 3021 5776 bonitatem?
3060 5718 3128 5774 Et
3150 5739 3254 5779 non
