3760 6264
456 270 562 328 255

459 399 548 442 ent
574 388 705 440 ultra
732 401 863 457 aqua
892 386 945 439 in
988 382 1251 452 diluvium,
1289 384 1359 436 ita
1396 392 1449 435 ut
1487 381 1648 436 deleat
1691 394 1887 435 onmem
1932 392 2044 430 enr-

458 496 568 533 nem
599 493 618 533 :
644 492 750 533 non
771 481 999 548 amplius
1036 476 1139 532 erit
1172 473 1435 545 ejusmodi
1473 472 1674 544 pluvia.
1714 470 1847 538 Quia
1888 467 2044 523 scivit

463 577 563 623 hoc
592 568 781 624 timere
819 567 1102 621 humanam
1129 574 1394 632 naturam,
1421 563 1542 620 vide
1578 560 1845 633 quomodo
1869 558 2045 615 conti-

459 674 565 714 nuo
594 659 693 714 hoc
721 656 1016 728 pollicetur,
1061 657 1210 727 quasi
1252 656 1440 711 dicens
1481 672 1495 709 :
1542 652 1761 709 Etiamsi
1805 650 2043 705 videritis

455 751 654 805 multos
680 750 878 804 imbres
902 748 1127 814 demitti,
1157 763 1225 803 ne
1249 746 1375 818 quid
1404 744 1528 801 inde
1574 744 1766 800 durum
1802 741 2043 811 suspice-

455 842 581 896 tnini
622 849 711 894 aut
738 840 984 894 metuatis
1014 855 1027 892 :
1060 837 1182 893 Non
1214 838 1355 893 enim
1396 838 1487 892 erit
1513 852 1644 907 aqua
1675 836 1729 888 in
1772 833 2039 899 diluvium,

454 932 524 983 ita
554 939 606 983 ut
635 930 797 984 deleat
823 942 1021 983 onmem
1047 943 1250 982 carnem
1277 942 1297 981 :
1327 927 1446 983 talis
1492 926 1661 982 imber
1691 940 1795 979 non
1833 923 1933 979 erit
1960 922 2043 975 ul-

453 1030 555 1089 tra,
590 1032 787 1077 tantam
820 1021 1233 1092 indignationem
1260 1032 1365 1074 non
1404 1019 1541 1074 ultra
1581 1018 1892 1087 experietur
1929 1015 2034 1069 hu-

454 1130 668 1170 manum
725 1113 1025 1184 genusulﬁ.
1067 1108 1137 1167 Et
1180 1114 1306 1179 erit,
1361 1112 1565 1183 inquit,
1613 1127 1763 1165 arcus
1804 1126 1943 1165 meus
1990 1114 2041 1163 in

454 1206 614 1271 nube,
669 1216 715 1259 et
764 1206 937 1259 videbo
988 1212 1042 1258 ut
1092 1204 1325 1259 recorder
1371 1204 1647 1258 testamenti
1693 1202 1868 1257 aeterni
1914 1202 2044 1255 inter

454 1299 638 1367 Deum,
671 1307 715 1351 et
744 1299 874 1352 inter
904 1297 1127 1351 animam
1151 1298 1390 1351 viventem
1414 1297 1467 1350 in
1495 1297 1631 1350 omni
1652 1310 1821 1349 carne.
1846 1292 2039 1349 Consi-

453 1392 579 1446 dera
612 1390 879 1460 quomodo
929 1390 1117 1445 volens
1162 1388 1447 1443 humanam
1491 1398 1731 1442 naturam
1772 1386 1839 1441 ad
1880 1385 2043 1441 ﬁdem

452 1494 506 1538 et
556 1485 760 1537 lirmam
803 1481 1207 1552 persuasionem
1248 1479 1521 1546 inducere,
1571 1487 1717 1534 tanta
1757 1479 2040 1533 verborum

454 1590 583 1631 usus
624 1576 693 1630 sit
727 1574 1189 1643 attemperatione.
1219 1572 1286 1627 Et
1309 1571 1524 1639 videbo,
1556 1572 1747 1642 inquit,
1775 1579 1833 1625 nt
1862 1584 2043 1625 recor-

452 1669 548 1723 der
570 1668 869 1722 testamenti
897 1666 1021 1721 mei.
1048 1665 1256 1736 Ergone
1276 1663 1421 1721 visus
1449 1664 1619 1734 ipsum
1652 1664 1702 1717 in
1727 1662 2040 1717 memoriam

451 1763 597 1817 ducit
618 1762 640 1815 ?
661 1760 774 1817 Neu
807 1769 866 1816 ut
901 1761 1001 1815 hoc
1022 1761 1382 1830 suspicemur;
1406 1758 1576 1824 absit;
1606 1756 1698 1812 sed
1731 1764 1806 1825 ul,
1830 1755 2041 1827 quando

453 1856 699 1910 videmus
728 1856 937 1925 signum
977 1852 1101 1919 hoc,
1150 1852 1242 1908 Dei
1292 1851 1632 1923 promissioni
1672 1848 2037 1917 conﬁdamus,

449 1950 579 2006 certi
608 1966 711 2004 non
741 1963 858 2005 esse
884 1947 1137 2018 possibile
1173 1946 1267 2003 Dei
1298 1945 1682 2016 promissiones
1715 1940 2038 1998 intercidere

450 2042 536 2097 17.
582 2040 648 2095 Ει
690 2042 815 2095 dixit
845 2038 1015 2104 Deus,
1046 2039 1215 2109 inquit
1238 2080 1254 2104 ,
1283 2036 1350 2090 ad
1399 2036 1508 2090 Noe
1537 2052 1556 2090 :
1589 2032 1700 2088 Hoc
1729 2035 1931 2105 signum
1956 2040 2035 2087 te-

450 2131 680 2187 stamenti
708 2132 803 2185 mei
828 2129 961 2201 quod
988 2128 1132 2200 posui
1160 2128 1290 2182 inter
1314 2142 1409 2192 me,
1442 2140 1489 2181 et
1530 2127 1660 2180 inter
1705 2140 1903 2179 omnem
1926 2139 2042 2177 car-

450 2243 567 2280 nent
594 2238 705 2295 qua:
729 2232 800 2279 est
830 2236 983 2294 super
1017 2232 1225 2276 terram.
1257 2220 1544 2289 Accepisti,
1590 2217 1782 2287 inquit,
1828 2216 2037 2290 signum

451 2319 503 2373 id
531 2317 673 2389 quod
700 2316 821 2373 dedi
854 2318 994 2372 inter
1021 2330 1107 2371 me
1132 2326 1185 2370 et
1208 2328 1422 2370 omnem
1450 2323 1663 2368 carnem
1702 2326 1819 2382 quae
1848 2319 1930 2365 est
1951 2324 2042 2366 sn-

450 2425 547 2480 per
576 2419 796 2463 terram.
825 2408 901 2463 Ne
928 2408 1060 2461 ultra
1090 2403 1432 2463 confundaris
1462 2412 1659 2470 mente,
1700 2418 1771 2458 ne
1810 2401 2041 2458 turberis

450 2501 629 2555 animo
661 2518 673 2554 :
706 2500 797 2555 sed
827 2499 891 2554 ad
919 2498 1020 2553 hoc
1049 2498 1273 2568 reSpice,
1301 2506 1355 2551 et
1382 2496 1495 2566 ipse
1539 2492 1729 2549 bonam
1762 2506 1911 2563 spem
1940 2491 2040 2547 ba-

455 2593 597 2657 hcto,
632 2599 686 2646 et
714 2605 901 2645 omnes
942 2589 1031 2660 qui
1068 2596 1191 2659 post
1229 2598 1280 2643 te
1317 2584 1480 2642 futuri
1527 2594 1650 2641 sunt
1684 2584 1810 2640 hinc
1850 2598 2043 2640 conson

457 2685 709 2739 lationem
750 2685 1053 2754 accipiant:
1095 2691 1150 2739 et
1194 2688 1441 2751 aspectus
1489 2681 1623 2751 signi
1672 2678 1915 2733 ﬁduciam
1963 2680 2042 2734 cis

448 2785 692 2848 praestet,
722 2776 862 2847 quod
892 2789 1179 2846 numquam
1207 2774 1325 2829 talis
1355 2781 1642 2844 tempestas
1671 2782 1863 2828 terram
1896 2772 2043 2826 inva-

449 2883 573 2923 sura
617 2869 706 2923 sit.
740 2867 871 2922 Nam
907 2867 1150 2939 quamvis
1197 2874 1413 2937 peccata
1454 2863 1727 2919 hominum
1773 2874 2041 2931 crescant,

448 2976 548 3029 ego
580 2971 755 3016 tamen
782 2974 901 3031 quae
934 2958 1150 3030 promisi
1180 2954 1516 3029 adimplebo,
1551 2963 1605 3012 et
1631 2970 1920 3025 numquam
1957 2966 2041 3009 ta.

451 3053 556 3107 ictu
597 3052 1010 3123 indignationem
1043 3051 1094 3105 in
1120 3062 1307 3104 omnes
1327 3047 1612 3104 exhibebo.
1642 3046 1861 3103 Vidistis
1881 3062 2041 3119 qustu

452 3144 638 3212 ingens
678 3142 747 3196 sit
775 3140 983 3195 Domini
1024 3140 1272 3195 bonitas?
1314 3138 1521 3194 vidistis
1555 3147 1809 3208 quantum
1835 3137 1901 3192 ad
1946 3153 2043 3193 no-

459 3245 626 3289 stram
654 3234 908 3289 vilitatem
937 3231 1115 3287 verbis
1142 3246 1201 3286 se
1227 3229 1511 3286 demittat?
1535 3228 1742 3284 vidistis
1767 3229 1881 3299 ejus
1917 3241 2041 3299 erga

448 3343 552 3382 nos
588 3326 936 3397 providentia:
966 3322 1432 3395 magnitudinem?
1461 3321 1664 3381 vidistis
1687 3323 2042 3392 promittentis

451 3417 859 3475 liberalitatem?
886 3415 1174 3471 Non'ettim
1208 3412 1525 3470 beneﬁcium
1570 3428 1725 3468 suum
1767 3428 1937 3484 usque
1975 3412 2042 3468 ad

450 3514 607 3579 duas,
644 3512 727 3565 vel
758 3520 885 3572 tres,
919 3508 1210 3583 veirdecem
1240 3507 1611 3577 generationes
1648 3504 1906 3570 extendit,
1947 3505 2041 3560 sed

455 3602 699 3673 promisit
754 3600 1005 3670 quamdiu
1045 3600 1297 3655 subsistet
1335 3598 1564 3654 mundus
1607 3596 2039 3652 extendendum:

454 3705 512 3752 ut
534 3712 596 3751 ex
626 3704 850 3764 utroque
866 3692 1268 3748 emendatiores
1292 3690 1596 3757 reddamur,
1624 3698 1679 3745 et
1703 3702 1769 3744 ex
1807 3704 1871 3743 co
1900 3688 2043 3759 quod

455 3791 530 3846 illi
561 3799 780 3862 propter
806 3786 1199 3843 multitudinem
1241 3794 1579 3858 peccatorum
1622 3783 1715 3838 tali
1758 3796 1917 3855 plena
1949 3797 2045 3853 pu—

456 3885 549 3939 niti
577 3891 719 3948 sunt,
745 3890 798 3937 et
820 3897 887 3936 ex
914 3896 979 3936 eo
1002 3880 1145 3952 quod
1167 3879 1256 3935 ille
1277 3894 1371 3950 per
1393 3876 1714 3934 ineffabilem
1742 3877 2045 3932 misericor-

455 3972 597 4029 diam
623 3986 796 4039 suam,
825 3986 924 4026 nos
951 3978 1093 4025 tanta
1120 3970 1474 4040 promissione
1496 3967 1743 4038 dignatus
1771 3977 1874 4022 est.
1907 3967 2039 4023 Nam

456 4068 704 4123 cordatus
753 4064 1011 4120 beneﬁcia
1060 4063 1230 4129 magis
1272 4076 1432 4133 quam
1472 4072 1656 4131 poenae
1701 4059 1943 4114 alliciunt
1976 4059 2045 4113 ad

460 4158 709 4215 mandata
736 4154 1017 4212 servanda.

536 4249 670 4304 Deus
696 4249 848 4302 etiam
876 4242 1217 4319 peccatoribus
1255 4244 1520 4315 benignus,
1562 4250 1750 4313 quanto
1778 4240 1939 4313 magis
1958 4243 2052 4313 ju-

459 4345 573 4400 stis.
610 4372 681 4385 ——
706 4340 867 4413 igitur
895 4355 962 4396 ne
989 4340 1153 4395 simus
1180 4338 1391 4410 ingrati.
1417 4336 1546 4392 Nam
1577 4335 1622 4391 si
1648 4351 1745 4392 nos
1765 4346 2048 4408 antequam

460 4434 625 4492 nilum
676 4432 929 4491 bonitatis
970 4432 1241 4504 specimen
1285 4426 1704 4495 exhibuerimus,
1752 4430 1858 4484 imo
1888 4430 2049 4485 etiam

462 4544 582 4582 cum
611 4526 783 4597 poenis
811 4525 968 4596 digna
1006 4524 1309 4589 fecerimus,
1338 4530 1481 4578 tanta
1504 4521 1749 4593 dignatus
1773 4530 1857 4577 est
1885 4521 2048 4576 bene-

465 4616 676 4676 licentia
710 4636 724 4674 :
756 4619 799 4673 si
824 4617 959 4688 grati
987 4614 1261 4682 fuerimus,
1288 4613 1432 4670 etde
1457 4610 1721 4685 prioribus
1743 4612 1941 4685 gratias
1967 4626 2052 4668 re-

464 4713 764 4778 tulerimus,
792 4709 1322 4777 converterimusque
1352 4718 1451 4761 nos
1473 4705 1537 4760 ad
1580 4702 1823 4771 meliora,
1855 4712 2049 4776 quanta

463 4818 575 4861 tum
599 4804 826 4874 denique
852 4814 950 4858 nos
980 4800 1283 4872 dignabitur
1306 4799 1625 4854 liberalitate
1653 4808 1706 4853 et
1746 4799 1953 4867 gratia?
1994 4799 2050 4855 Si

462 4900 603 4954 enim
635 4897 863 4967 indignis
890 4896 959 4950 ita
991 4892 1274 4960 benefacit,
1303 4901 1357 4947 et
1381 4900 1487 4946 tam
1517 4890 1779 4962 benignus
1796 4902 1886 4948 est
1929 4907 2057 4963 pec-

463 4993 766 5058 caloribus;
789 4990 834 5046 si
864 5006 892 5044 a
920 4988 1152 5060 peccatis
1186 4985 1567 5051 destiterimus,
1593 4994 1647 5040 et
1688 4983 1936 5039 virtutem
1967 4998 2053 5039 se-

464 5101 692 5155 ctemur,
718 5103 835 5159 qua:
862 5102 963 5141 non
993 5082 1371 5154 conscquuturi
1397 5080 1617 5136 sumus?
1645 5080 1927 5137 Enimvero
1954 5081 2054 5138 hac

465 5182 531 5236 de
556 5195 712 5235 causa
741 5178 886 5249 prior
916 5177 1030 5248 ipse
1058 5175 1221 5230 multa
1251 5174 1302 5229 in
1328 5186 1427 5228 nos
1450 5173 1707 5229 beneﬁcia
1735 5172 1961 5238 confert,
1984 5183 2047 5229 et

466 5288 585 5328 cum
627 5272 1045 5344 peccaverimus,
1080 5270 1271 5325 iterum
1298 5268 1450 5323 nobis
1478 5267 1685 5321 veniam
1717 5267 1970 5337 impartit,
1995 5277 2047 5322 et

467 5366 719 5435 supplicia
747 5379 853 5418 non
883 5379 914 5418 e
945 5362 1167 5433 vestigio
1197 5360 1356 5417 infert
1384 5377 1397 5413 :
1429 5368 1486 5413 ut
1516 5375 1611 5429 per
1640 5359 1817 5413 omnia
1844 5374 1942 5412 nos
1972 5359 2049 5412 al-

467 5457 632 5520 liciat,
674 5464 729 5510 et
756 5454 882 5509 dum
906 5452 1188 5520 benefacit,
1220 5459 1274 5507 et
1295 5451 1421 5507 dum
1466 5451 1673 5505 tolerat.
1709 5450 1863 5520 Sche
1889 5449 2047 5504 etiam

465 5549 591 5602 dum
624 5546 826 5616 aliquos
855 5546 1026 5615 punit,
1059 5545 1191 5599 alios
1216 5559 1311 5614 per
1335 5543 1436 5597 hoc
1463 5542 1714 5597 inducere
1741 5540 1871 5607 vult,
1899 5551 1956 5595 ut
1983 5541 2048 5595 il-

471 5641 638 5693 lorum
681 5647 823 5692 metu
858 5634 1118 5706 castigati,
1154 5633 1398 5706 supplicii
1440 5632 1735 5705 periculum
1775 5630 2045 5702 effugiant.

478 5728 669 5786 Vidisti
725 5732 1116 5801 sapientissimi
1154 5733 1250 5789 Dei
1282 5732 1705 5803 benignitatem,
1781 5726 2048 5797 quomodo

1167 269 1224 326 S.
1264 266 1541 324 JOANNIS
1578 260 2048 319 Clll’tYSOSTOMl
2076 258 2392 316 ARCHIEP.
2424 258 2956 319 CONSTANTINOP.

3630 265 3721 321 256

2148 376 2326 431 omnia
2354 391 2477 447 quae
2510 391 2613 446 per
2655 378 2828 447 ipsum
2873 378 3027 445 ﬁunt,
3073 386 3291 448 propter
3330 392 3493 432 unum
3540 379 3721 448 solum,

2146 484 2339 541 nempe
2365 470 2557 527 salutis
2593 478 2792 527 nostra:
2819 484 2981 527 causa
3010 468 3175 525 ﬁant?
3218 470 3344 526 Haec
3386 471 3572 540 itaque
3596 478 3724 542 cogi.

2150 572 2342 630 tantes,
2374 578 2441 618 ne
2466 564 2633 618 simus
2660 561 2899 630 desides,
2922 577 2992 619 ne
3010 561 3263 618 virtutem
3294 563 3647 633 negligamus,
3670 581 3725 619 no

2148 666 2525 725 praetereamus
2550 656 2696 727 leges
2715 656 2785 711 ab
2810 656 2901 711 illo
2925 664 3174 711 statutas.
3201 655 3334 711 Nam
3354 656 3402 710 si
3427 654 3626 711 viderit
3642 674 3724 711 nos

2146 748 2406 815 converti,
2439 758 2495 803 ct
2521 748 2819 818 quiescere,
2850 756 2902 804 et
2934 748 3250 819 principium
3271 747 3490 818 aliquod
3518 762 3719 817 ponere.

2147 840 2260 910 ipse
2286 856 2498 911 quoque
2527 858 2622 898 sua
2647 845 2806 899 simul
2831 844 3041 909 afferet,
3080 843 3340 915 facietque
3369 844 3531 898 nobis
3565 846 3719 898 omnia

2148 928 2281 985 levia
2309 943 2362 986 et
2389 932 2582 998 facilia,
2614 943 2669 991 et
2697 950 2803 990 non
2855 935 3131 1006 permittet
3171 944 3231 989 ut
3272 936 3491 989 virtutis
3532 934 3721 990 labores

2147 1022 2452 1078 sentiamus.
2482 1023 2613 1079 Nam
2634 1025 2847 1096 quando
2866 1026 3041 1080 anima
3064 1026 3133 1081 ad
3162 1026 3329 1081 Deum
3354 1026 3719 1096 cogitationem

2146 1126 2297 1166 suam
2344 1114 2590 1182 intendit,
2628 1130 2734 1170 non
2768 1116 2879 1186 jam
2925 1114 3100 1186 decipi
3149 1126 3324 1188 potest
3363 1130 3394 1170 a
3446 1116 3719 1171 visibilium

2144 1212 2363 1272 aspectu
2395 1222 2410 1261 :
2438 1206 2529 1261 sed
2557 1208 2872 1278 prenteriens
2899 1209 3076 1264 omnia
3105 1224 3171 1263 ea
3199 1224 3320 1278 qua:
3350 1224 3459 1263 non
3496 1208 3719 1263 videntur

2145 1296 2513 1379 corporalibus
2553 1298 2745 1364 oculis,
2791 1314 2911 1369 qua:
2949 1298 3149 1354 nullam
3193 1300 3371 1353 sciunt
3416 1299 3722 1353 vicissitudi-

2146 1400 2289 1453 nem,
2317 1387 2412 1441 sed
2444 1398 2697 1459 perpetuo
2722 1400 2958 1455 manent,
2986 1391 3197 1460 ﬁxaque
3221 1396 3347 1445 sunt
3384 1404 3451 1445 ac
3495 1390 3716 1458 immota,

2146 1476 2457 1548 diligentius
2500 1481 2823 1550 speculatur,
2876 1497 3034 1552 quam
3077 1498 3139 1537 ea
3185 1498 3306 1553 qua:
3346 1482 3402 1537 in
3446 1496 3717 1553 conspectu

2145 1578 2271 1623 sunt
2296 1570 2488 1639 posita.
2534 1570 2693 1627 Tales
2717 1573 2859 1626 enim
2890 1573 3085 1627 mentis
3113 1582 3235 1627 sunt
3263 1573 3427 1640 oculi,
3460 1574 3559 1643 qui
3584 1574 3645 1628 ad
3669 1576 3718 1628 il-

2144 1660 2318 1716 lorum
2357 1663 2721 1733 spectaculum
2753 1664 3006 1719 continuo
3048 1663 3346 1729 intendunt,
3395 1669 3453 1718 et
3496 1666 3718 1735 supernis

2144 1755 2310 1812 radiis
2335 1756 2604 1821 illustrati,
2633 1756 2812 1812 omnia
2851 1772 2971 1828 qua:
3014 1756 3067 1811 in
3114 1755 3212 1811 hac
3237 1757 3346 1810 vita
3398 1767 3551 1824 sunt,
3590 1759 3720 1827 quasi

2144 1847 2385 1903 umbram
2416 1857 2469 1903 et
2488 1848 2773 1916 somnium,
2801 1856 3082 1904 transeunt
3108 1865 3121 1902 :
3156 1862 3260 1903 non
3289 1850 3382 1903 ulli
3409 1850 3553 1904 ultra
3578 1850 3720 1905 dece-

2145 1938 2311 2008 ptioni
2334 1938 2549 1995 obnoxii
2576 1948 2718 2002 sunt,
2748 1954 2921 2011 neque
2943 1941 3317 1996 circumveniri
3348 1951 3610 2011 possunt;
3639 1943 3717 1997 sed

2144 2031 2351 2086 etiamsi
2374 2047 2504 2103 opes
2533 2032 2784 2097 viderint,
2816 2033 2996 2088 statim
3024 2033 3291 2097 derident,
3328 2039 3569 2089 scientes
3600 2034 3720 2104 quod

2144 2123 2362 2194 fugitivo
2382 2124 2570 2195 quovis
2590 2123 2915 2181 infideliores
2940 2127 3008 2182 ab
3032 2138 3139 2182 uno
3162 2127 3227 2181 ad
3248 2128 3414 2181 alium
3438 2136 3716 2182 transeant.

2145 2222 2201 2273 et
2221 2233 2507 2288 numquam
2530 2217 2668 2289 apud
2688 2218 2935 2274 eumdem
2959 2220 3269 2286 subsistant,
3293 2230 3348 2276 et
3372 2221 3578 2275 infinita
3605 2225 3720 2275 mala

2148 2308 2541 2379 possidentibus
2566 2309 2809 2376 afferant,
2842 2323 2977 2381 quos
3005 2319 3058 2366 et
3092 2311 3149 2366 in
3178 2311 3353 2382 ipsum
3401 2312 3640 2379 malitiae,
3678 2324 3722 2367 ut

2132 2398 2217 2454 ita
2246 2400 2441 2467 dicam,
2471 2401 2821 2471 praecipitium
2848 2403 3104 2472 impulsos
3128 2403 3436 2459 deturbant.
3464 2404 3535 2460 Et
3553 2408 3597 2460 si
3618 2421 3721 2461 coro

2147 2492 2290 2562 poris
2330 2490 2717 2547 formositatem
2760 2506 2946 2549 rursus
2982 2492 3161 2549 intuiti
3206 2494 3443 2559 fuerint,
3496 2512 3603 2551 non
3649 2499 3723 2551 illa

2144 2582 2542 2649 subvertuntur,
2574 2584 2871 2655 cogitantes
2900 2594 3009 2639 tam
3038 2585 3232 2639 fluxam
3255 2597 3308 2641 et
3336 2587 3640 2643 instabilem
3668 2591 3723 2642 il-

2146 2673 2250 2729 lam
2291 2690 2430 2741 essc,
2474 2683 2532 2729 ut
2577 2676 2962 2746 superveniens
3004 2676 3222 2732 morbus
3267 2689 3495 2748 repente
3524 2696 3721 2735 omnem

2138 2765 2287 2820 illam
2315 2764 2538 2821 fortnam
2565 2766 2834 2835 obscuret,
2864 2776 2918 2823 et
2940 2776 2997 2823 ut
3022 2782 3425 2841 nonnumquam
3449 2781 3574 2825 ante
3603 2788 3727 2825 ιιιθτ-

2146 2859 2292 2925 bum,
2325 2863 2368 2915 si
2392 2859 2644 2915 invaserit
2667 2870 2935 2928 senectus,
2963 2861 3144 2929 facies,
3174 2877 3294 2934 quae
3321 2873 3482 2918 antea
3508 2864 3727 2919 fol-unos:

2146 2963 2280 3019 erat,
2311 2950 2401 3005 tiat
2428 2950 2682 3008 deformis
2734 2962 2789 3007 et
2818 2953 3103 3023 injucunda
3136 2971 3150 3008 :
3175 2970 3319 3009 mors
3345 2966 3524 3011 autem
3556 2971 3731 3026 super-

2145 3046 2384 3109 veniens,
2415 3059 2629 3102 onmem
2655 3047 2897 3116 corporis
2924 3047 3376 3117 pulchritudinem
3419 3050 3632 3119 perdat.
3671 3050 3725 3103 Et

2144 3136 2191 3191 si
2221 3151 2378 3207 quem
2406 3135 2635 3191 viderint
2661 3136 2830 3206 gloria
2856 3146 2911 3192 et
2935 3139 3171 3208 potentia
3199 3138 3549 3206 instructum,
3580 3152 3631 3194 et
3655 3142 3731 3210 qui

2146 3229 2199 3284 in
2220 3244 2486 3285 summum
2509 3230 2825 3301 dignitatum
2851 3234 3109 3287 verticem
3139 3235 3464 3301 pervenerit,
3493 3238 3733 3303 omnique

2147 3320 2402 3376 felicitate
2427 3320 2653 3387 fruatur,
2682 3323 2840 3377 etiam
2871 3323 3018 3377 illum
3051 3332 3396 3393 praetereunt,
3429 3326 3588 3395 quasi
3619 3325 3731 3379 nihil

2134 3413 2339 3468 stabile
2363 3420 2419 3467 et
2445 3412 2673 3467 solidum
2702 3412 3011 3480 habentem,
3052 3413 3146 3469 sed
3185 3414 3254 3468 de
3289 3414 3394 3468 illis
3424 3415 3731 3484 gloriantem

2148 3520 2270 3576 qua:
2318 3504 2627 3561 ﬂuminibus
2677 3507 2807 3575 ipsis
2860 3517 3024 3578 ocyus
3073 3508 3552 3577 praeter-labuntur.
3609 3509 3731 3575 Quid

2150 3599 2293 3654 enim
2338 3600 2485 3653 omni
2522 3598 2678 3669 hujus
2705 3599 2827 3654 vitm
2851 3599 3019 3670 gloria
3054 3600 3229 3664 vilius,
3260 3615 3380 3669 qum
3400 3599 3530 3655 ﬂori
3564 3602 3728 3656 herba:

2147 3692 2460 3747 confertur?
2493 3691 2673 3746 Omnis
2716 3692 2858 3747 enim
2902 3692 3070 3763 gloria
3111 3692 3350 3760 hominis,
3385 3694 3587 3765 inquit,
3620 3698 3732 3748 sicut

2144 3785 2389 3856 ﬂosfani
2418 3782 2568 3857 (Isai.
2600 3785 2689 3840 ιο.
2722 3783 2790 3851 6;
2820 3786 2874 3841 1.
2902 3783 3019 3838 Pet.
3051 3783 3101 3838 1.
3131 3784 3250 3853 24).

2219 3877 2272 3931 ι.
2318 3876 2556 3943 Vidistis,
2585 3876 2785 3942 dilecti,
2815 3892 2973 3948 quam
2997 3886 3153 3932 acute
3186 3876 3405 3931 videant
3429 3877 3581 3933 oculi
3606 3877 3731 3937 fida.

2148 3967 2193 4021 si
2218 3965 2428 4037 quando
2455 3966 2509 4020 in
2538 3967 2702 4021 Deum
2729 3981 2880 4022 mens
2906 3967 3105 4022 intenta
3132 3965 3331 4022 fuerit?
3359 3968 3578 4023 vidistis
3601 3984 3722 4039 quo-

2151 4058 2311 4113 modo
2337 4074 2367 4113 a
2394 4058 2539 4113 nulla
2565 4074 2639 4125 re
2672 4058 2871 4113 visibili
2910 4058 3083 4129 decipi
3126 4068 3369 4130 possunt,
3419 4061 3514 4115 sed
3546 4071 3731 4115 rectum

2152 4151 2347 4207 habent
2373 4167 2550 4207 rerum
2568 4152 2850 4222 judicium,
2876 4168 3049 4224 neque
3077 4153 3131 4206 iu
3156 4152 3265 4207 ullo
3286 4152 3592 4209 falluntur?
3617 4154 3729 4213 Sed.

2151 4246 2196 4301 si
2223 4256 2432 4315 gratum
2458 4254 2557 4312 est,
2591 4247 2785 4301 iterum
2812 4244 2878 4300 ad
2906 4254 3213 4301 contextum
3255 4250 3524 4301 sermonis
3569 4264 3732 4302 rever.

2154 4347 2349 4403 tamur,
2387 4343 2442 4393 et
2470 4337 2654 4407 paucis
2678 4336 2964 4408 propositis
2993 4336 3152 4391 ﬁnem
3182 4336 3433 4408 loquendi
3464 4332 3730 4401 faciamus,

2153 4438 2214 4486 ut
2252 4428 2518 4486 dictorum
2559 4432 2817 4488 memoris
2856 4432 3021 4487 menti
3066 4441 3259 4487 vestra:
3299 4429 3576 4503 inligatur.
3619 4432 3731 4488 Nam

2156 4530 2432 4592 postquam
2459 4522 2731 4593 Scriptura
2770 4535 3074 4579 sermonem
3114 4523 3182 4579 de
3220 4520 3402 4579 divino
3434 4526 3592 4595 signo
3633 4527 3733 4579 tini-

2156 4614 2251 4681 vit,
2279 4628 2377 4669 nos
2398 4613 2598 4669 iterum
2627 4613 2821 4670 docere
2845 4614 2956 4670 vult
2979 4615 3079 4670 alia
3111 4626 3229 4685 qua:
3252 4614 3321 4670 ad
3351 4614 3563 4685 justum
3606 4617 3733 4670 illum

2154 4713 2211 4761 et
2242 4702 2379 4763 ﬁlios
2407 4706 2547 4762 illius
2582 4708 2873 4777 pertinent,
2918 4716 2973 4762 et
3014 4706 3146 4762 dicit
3196 4726 3210 4761 :
3256 4708 3344 4763 18.
3386 4707 3555 4762 Erant
3582 4721 3737 4761 autem

2156 4799 2254 4870 ﬁlii
2286 4797 2419 4863 Noe,
2451 4801 2537 4869 qui
2578 4801 2641 4855 de
2680 4815 2801 4853 arca
2839 4802 3025 4872 egressi
3070 4810 3205 4867 sunt,
3238 4798 3381 4866 Sent,
3421 4800 3613 4868 (Iliam,
3655 4803 3715 4855 Ja

2158 4892 2334 4963 phelli.
2362 4890 2521 4948 Citam
2556 4902 2721 4946 autem
2750 4903 2856 4946 erat
2886 4902 3027 4963 pater
3052 4892 3318 4947 Chanaan.
3353 4893 3440 4949 19.
3474 4891 3606 4947 Tres
3634 4902 3736 4948 sunt

2157 4986 2210 5039 Ιιὶ
2234 4984 2329 5055 [illi
2358 4982 2507 5050 Noe;
2537 4985 2601 5039 ab
2630 4986 2736 5040 istis
2763 4986 2978 5055 dispersi
3004 4997 3118 5039 sunt
3139 5000 3291 5056 super
3313 5000 3516 5039 omnem
3541 4997 3733 5040 terram.

2159 5080 2384 5151 [lignum
2425 5080 2510 5134 hic
2541 5078 2701 5135 fuerit
2727 5090 2784 5134 ut
2821 5080 3149 5150 inquiramus
3193 5093 3361 5149 quare
3389 5078 3571 5133 divina
3602 5080 3736 5134 Scri-

2154 5184 2309 5243 plura
2342 5172 2440 5227 hos
2468 5179 2575 5228 tres
2608 5172 2743 5226 ﬁlios
2780 5172 3269 5237 commemorando,
3314 5172 3497 5227 subdit
3531 5190 3549 5228 :
3591 5172 3734 5227 Clum

2157 5275 2321 5318 autem
2353 5272 2460 5318 erat
2489 5274 2635 5335 pater
2664 5264 2927 5318 Chanaan.
2977 5264 3055 5319 Ne
3102 5265 3321 5334 putetis,
3354 5265 3604 5328 obsecro,
3653 5268 3733 5317 huc

2157 5360 2355 5426 absque
2379 5370 2536 5409 causa
2571 5354 2733 5410 fuisse
2774 5355 3038 5424 adjectum
3082 5374 3094 5409 :
3124 5355 3257 5409 nihil
3297 5356 3442 5410 enim
3486 5357 3539 5410 in
3572 5358 3733 5411 divina

2150 5446 2429 5515 Scriptura
2459 5444 2784 5511 continetur,
2811 5447 2951 5516 quod
2979 5462 3082 5500 non
3110 5446 3284 5517 aliqua
3313 5446 3523 5501 ratione
3548 5450 3733 5500 dictum

2156 5540 2245 5603 sit,
2284 5556 2401 5609 quae
2447 5554 2552 5594 non
2603 5547 2659 5594 et
2708 5538 2961 5593 intentent
3007 5539 3057 5593 in
3100 5554 3159 5594 se
3208 5538 3399 5593 habeat
3445 5540 3731 5594 utilitatem.

2156 5628 2331 5700 Quare
2357 5647 2485 5703 ergo
2514 5631 2851 5702 significavit,
2879 5626 3036 5685 Citam
3077 5618 3247 5683 autem
3284 5643 3393 5684 erat
3437 5643 3577 5702 pater
3613 5630 3729 5686 Cit.»

2162 5723 2336 5778 naan.’
2364 5722 2540 5779 Voluit
2569 5739 2661 5794 per
2693 5722 2792 5779 hoc
2823 5721 2975 5779 nobis
3003 5722 3143 5779 illius
3170 5723 3637 5795 intemperantiam
3670 5718 3739 5775 ia-‘
