3804 6244
365 303 468 360 157

368 422 541 493 φορᾶς
569 416 628 472 16
660 413 888 486 μέγεθος
924 405 1252 478 συσταλῆναι
1293 404 1455 493 αὐτὸν
1487 401 1814 493 πεποίηκεν,
1840 395 1960 453 οὐδὲ
1995 395 2028 493 η

368 481 604 574 τοσαύτη
656 481 715 558 ἐν
743 481 836 571 ’τῇ
887 495 1102 566 κιϐωτῷ
1148 491 1500 562 στενοχωρίᾳ,
1540 489 1673 542 ἀλλά
1723 481 2028 574 καίτοιτοῦ

370 569 678 667 πρεσϐύτου
719 569 930 642 οὐδέπω
971 584 1062 637 καὶ
1098 580 1193 635 νῦν
1237 579 1734 648 τεκνοποιήσαντος,
1767 569 1918 635 0610;
1964 572 2030 641 τῇ

371 661 611 752 ἀκρασίᾳ
631 675 820 730 ἑαυτὸν
843 671 1029 732 ἐκδοὺς
1052 671 1109 722 ἐν
1131 667 1308 738 καιρῷ
1330 664 1592 734 τοσαύτης
1614 661 2032 752 ἀγανακτήσεως

371 745 468 825 καί⁸
510 745 883 832 πανωλεθρίας
921 758 1018 830 τὴν
1063 754 1386 825 οἰκουμένην
1419 747 1849 816 καταλαϐούσης,
1907 745 2036 815 περὶ

374 853 663 911 συνουσίαν
696 846 997 919 ἠσχολεῖτο.
1033 844 1130 897 καὶ
1160 843 1219 895 16
1244 840 1570 912 ἀχαλίνωτον
1600 838 1698 906 τῆς
1742 832 2038 903 ἐπιθυμίας

370 945 434 1000 οὐ
475 936 851 998 κατέστελλεν,
901 931 1016 987 ἀλλ’
1067 929 1166 1000 ἤδη
1214 927 1420 982 ἀνωθεν
1479 925 1575 978 καὶ
1628 926 1692 976 ἐκ
1739 919 2037 992 προοιμίων

375 1029 586 1085 ἐκείνου
620 1025 718 1096 τῆς
751 1021 977 1092 γνώμης
1021 1015 1187 1071 αὐτοῦ
1239 1015 1300 1067 16
1343 1010 1633 1084 μοχθηρόν.
1679 1007 1835 1063 Ἐπεὶ
1885 1004 2035 1096 [ΞῨΒ]

374 1114 470 1172 οῦν
497 1115 614 1187 μετ’
639 1092 701 1169 06
732 1109 868 1164 πολύ
907 1106 992 1162 διὰ
1017 1104 1116 1176 τὴν
1146 1103 1299 1174 ὕϐριν
1328 1100 1424 1172 τὴν
1451 1101 1530 1162 εἰς
1557 1096 1649 1151 τὸν
1679 1092 2040 1187 γεγεννηκότα

380 1184 564 1278 μέλλει
598 1201 696 1272 τὴν
721 1198 964 1270 κατάραν
996 1191 1243 1262 δέχεσθαι
1290 1187 1576 1278 όΔΧαναάν
1613 1187 1650 1278 όΔ
1671 1184 2038 1278 τούτοσπαῖς,

377 1269 466 1348 διὰ
501 1269 664 1346 τοῦτο
684 1287 785 1358 ήδη
819 1269 1222 1356 προλαϐοῦσαὴ
1257 1276 1376 1329 θεία
1406 1273 1594 1346 Γραφὴ
1636 1269 2038 1358 ἐπεσημήνατο,

379 1380 475 1434 καὶ
507 1375 601 1431 τοῦ
633 1355 822 1434 παιδός
857 1355 989 1441 ἡμῖν
1018 1366 1115 1438 τὴν
1149 1362 1515 1436 προσηγορίαν
1560 1360 1724 1432 δήλην
1768 1355 2040 1426 ἐποίησεν,

379 1465 517 1539 ὁμοῦ
569 1464 663 1518 καὶ
707 1458 800 1514 τοῦ
847 1452 1232 1526 γεγεννηκότος
1263 1449 1324 1502 16
1359 1446 1613 1539 ἀκρατές·
1659 1447 1723 1539 ἵν’
1749 1442 2044 1539 ὅταν-μετά

381 1532 555 1609 ταῦτα
586 1551 700 1626 ἴδῃς
726 1546 889 1602 αὐτὸν
918 1541 1118 1612 πολλὴν
1154 1540 1251 1609 τὴν
1275 1535 1664 1626 ἀγνωμοσύνην
1700 1532 2043 1626 63116115605:-

381 1659 472 1697 νον
507 1619 756 1710 πρὸςῆτδν
777 1628 1162 1702 γεγεννηκότα,
1189 1625 1386 1679 εἰδέναι
1411 1624 1560 1694 έχῃς,
1601 1622 1683 1710 ὅτι
1715 1619 1918 1674 ἄνωθεν
1953 1619 2048 1710 καὶ

383 1727 443 1796 ἐξ
493 1708 670 1798 ἀρχῆς
719 1720 959 1783 τοιοῦτος
1005 1712 1095 1788 ἦν,
1127 1713 1201 1778 ὥς
1227 1729 1289 1782 γε
1315 1711 1435 1798 οὐδὲ
1478 1710 1586 1798 ῥιπὶ)
1763 1708 2048 1798 συμφορεῖς

386 1792 707 1881 συνεστάλη.
752 1805 934 1876 Ἱκανὴ
966 1802 1074 1874 γὰρ
1121 1803 1155 1872 ὴ
1196 1797 1428 1868 τοσαύτη
1464 1796 1672 1865 ἀθυμία
1711 1795 1889 1847 πᾶσαν
1922 1792 2048 1881 σϐέ-

387 1919 480 1955 σαι
509 1878 723 1971 ἡδονὴν,
761 1895 853 1949 καὶ
891 1891 1044 1946 οὐδὲν
1083 1887 1225 1942 οὕτω
1251 1885 1455 1955 ταύτην
1486 1884 1583 1955 τὴν
1621 1883 1791 1953 φλόγα
1821 1881 1916 1934 καὶ

389 1970 584 2061 μανίαν
629 1982 976 2040 καταστεῖλαι
1017 1977 1256 2040 δύναται,
1301 1976 1376 2039 ὡς
1405 1974 1636 2045 ἀθυμίας
1673 1973 1925 2034 ἐπίτασις
1959 1970 2050 2023 καὶ

391 2057 681 2147 συμφορᾶς
720 2068 1014 2141 ὑπερϐολή.
1068 2065 1126 2118 Ὀ
1184 2064 1360 2116 τοίνυν
1419 2063 1478 2114 ὲν
1530 2061 1767 2130 τοσούτῳ
1832 2057 2050 2129 μεγέθει

390 2169 501 2224 τῶν
548 2165 733 2221 κακῶν
778 2159 1047 2230 τοσαύτην
1098 2155 1504 2224 ἐπιδειξάμενος
1559 2155 1657 2224 τὴν
1706 2151 1901 2205 λύτταν
1959 2152 2053 2205 καὶ⁴

397 2253 598 2326 μανίαν
637 2250 768 2319 περὶ
790 2250 888 2320 τὴν
917 2243 1282 2308 παιδοποιίαν,
1317 2242 1476 2306 ποίας
1505 2241 1570 2294 ἂν
1601 2242 1685 2312 εἴη
1728 2241 2053 2310 συγγνώμης

393 2341 542 2409 ἄξιος
560 2353 578 2406 ;

473 2489 615 2543 Ἀλλ’
631 2485 879 2541 ἐντεῦθεν
917 2484 1046 2555 ἡμῖν
1085 2481 1244 2536 πάλιν
1266 2481 1450 2550 ἕτερον
1469 2477 1709 2532 τίκτεται
1732 2475 1970 2548 ζήτημα,
1993 2473 2053 2528 16

391 2574 822 2650 πολυθρύλλητον
843 2574 1017 2626 ἐκεῖνο
1035 2570 1128 2624 καὶ
1147 2567 1420 2638 πανταχοῦ
1444 2567 1888 2637 περιφερόμενον,
1914 2563 2056 2626 τίνος

389 2667 576 2721 ἕνεκεν
611 2661 704 2716 τοῦ
745 2659 949 2732 πατρὸς
986 2657 1319 2730 ἁμαρτόντος
1338 2657 1366 2708 6
1385 2655 1498 2718 υἱὸς
1516 2653 1612 2725 τὴν
1633 2652 1875 2722 κατάραν
1908 2651 2056 2720 δέχε-

389 2769 514 2819 ται;
549 2750 690 2805 Ἀλλ’
711 2750 799 2802 ἵνα
841 2747 914 2820 μὴ
955 2745 1049 2799 νῦν
1091 2744 1298 2816 μακρὸν
1336 2741 1577 2811 ποιῶμεν
1599 2741 1687 2794 16v
1706 2740 1881 2808 λόγον,
1903 2737 2058 2791 τοῦτο

389 2836 796 2912 ταμιευσόμεθα
815 2834 948 2908 πρὸς
967 2833 1027 2886 16
1047 2831 1240 2903 παρὸν,
1263 2830 1328 2884 ἵν’
1353 2828 1568 2883 ἐπειδὰν
1589 2829 1668 2892 είς
1690 2825 1849 2881 αὐτὸν
1869 2825 1960 2878 τὸν
1978 2823 2058 2912 16-

391 2910 493 2983 πον
513 2924 856 2998 ἀφικώμεθα,
877 2923 1000 2976 τότε
1032 2922 1128 2975 καὶ
1157 2919 1255 2991 τὴν
1274 2919 1428 2972 λύσιν
1451 2916 1836 2986 ἐπαγάγωμεν,
1856 2913 1924 2986 ἣν
1945 2913 2010 2965 ἂν
2029 2910 2058 2962 6

393 3016 525 3080 θεὸς
563 3013 841 3084 παράσχῃ.
865 3010 1029 3064 Οὐδὲν
1049 3006 1181 3079 γάρ,
1203 3005 1454 3076 καθάπερ
1476 3003 1644 3073 ἔφθην
1665 3001 1853 3064 εἰπὼν,
1877 3000 1982 3053 τῶν
2003 3001 2059 3052 ἐν

391 3107 461 3175 τῇ
484 3103 603 3174 θεία
622 3101 810 3172 Γραφῇ
833 3095 1098 3167 κειμένων
1117 3095 1240 3148 ἀνευ
1259 3093 1418 3162 λόγου
1438 3091 1582 3154 τινὸς
1602 3091 1694 3143 καὶ
1714 3089 1892 3144 αἰτίας
1913 3088 2060 3141 ἐστίν

395 3192 575 3261 εὑρεῖν
606 3183 1076 3258 ἐγγεγραμμένον.
1100 3181 1250 3243 Τέως
1279 3176 1370 3233 οὖν
1399 3178 1556 3232 τοῦτο
1574 3178 1838 3246 ἔγνωμεν,
1861 3177 1943 3229 ὅτι
1964 3175 2061 3246 οὐχ

399 3277 606 3342 ἁπλῶς,
627 3274 722 3328 καλ⁸
754 3273 829 3336 ὡς
863 3271 1044 3340 ἔτυχε,
1065 3267 1165 3338 τῆς
1184 3265 1550 3338 προσηγορίας
1571 3264 1664 3317 τοῦ
1686 3263 1801 3316 υἱοῦ
1824 3265 1958 3333 ἐμνη
1968 3261 2062 3330 μό⁴

397 3380 584 3419 νευσεν
603 3364 632 3416 6
651 3359 890 3430 Μωῦσῆς
911 3354 1101 3423 εἰπὼν,
1122 3353 1250 3425 Χὰμ
1279 3353 1347 3407 δὲ
1364 3349 1441 3423 ἦν
1458 3352 1652 3419 πατὴρ
1675 3352 1778 3406 τοῦ
1797 3348 2058 3405 Χαναὰν.

406 3451 564 3521 Τρεῖς
583 3451 739 3504 εἰσιν
763 3440 927 3502 οὗτοι
951 3443 1092 3507 υἱοί,
1127 3442 1280 3512 φησὶ,
1313 3440 1458 3501 Νῶε,
1490 3440 1588 3495 καί
1607 3438 1724 3493 ἀπὸ
1747 3440 1968 3492 τούτων
1985 3435 2063 3490 δι-

398 3536 756 3605 εσπάρησαν
772 3532 868 3587 ἐπὶ
883 3530 1089 3588 πᾶσαν
1106 3529 1221 3598 τὴν
1239 3528 1374 3597 γῆν.
1396 3527 1486 3597 Μὴ
1504 3525 1688 3589 ἀπλῶς
1706 3526 2066 3597 παραδράμω·

404 3645 523 3698 μεν,
547 3623 838 3696 ἀγαπητοὶ,
873 3619 1004 3692 μηδέ
1021 3619 1081 3674 16
1099 3619 1191 3672 νῦν
1210 3617 1392 3690 ῥηθὲν,
1418 3617 1532 3670 ἀλλ’
1546 3618 1882 3688 ἐννοήσωμεν
1897 3615 1988 3668 καὶ
2006 3615 2063 3681 ἐξ

400 3715 563 3770 αὐτοῦ
575 3712 760 3768 τούτου
772 3711 870 3782 τῆς
883 3707 1162 3777 δυνάμεως
1172 3705 1267 3759 τοῦ
1280 3705 1414 3759 Θεοῦ
1427 3704 1487 3757 16
1503 3703 1749 3775 μέγεθος.
1770 3702 1946 3770 Τρεῖς,
1962 3718 2062 3772 φη-

401 3803 506 3868 σὶν,
529 3797 692 3872 ἦσαν
709 3793 875 3854 οὗτοι
896 3795 1011 3850 υἱοί
1031 3793 1177 3858 Νῶε,
1199 3793 1296 3847 καί
1317 3792 1386 3846 ἐκ
1405 3793 1631 3848 τούτων
1649 3789 2065 3857 διεσπάρησαν

399 3890 498 3944 ἐπὶ
515 3886 720 3944 πᾶσαν
738 3883 853 3953 τὴν
867 3882 1005 3954 γῆν.
1018 3882 1142 3944 Πῶς
1164 3881 1271 3934 6116
1288 3879 1395 3937 τῶν
1413 3879 1580 3949 τριῶν
1595 3877 1844 3932 τοσοῦτον
1865 3877 2065 3947 πλῆθος

400 3976 638 4029 ἐπέδωκε
657 3990 674 4038 ;
696 3971 814 4035 πῶς
834 3967 1175 4040 ἠδυνήθησαν
1194 3966 1475 4038 διαρκέσαι
1491 3982 1505 4030 ;
1529 3964 1645 4027 πῶς
1664 3965 1728 4017 ἐκ
1745 3963 1852 4016 τῶν
1871 3963 2065 4031 ὀλίγων

401 4064 606 4119 τούτων
643 4061 786 4124 6.110;
822 4061 850 4113 6
883 4057 1085 4126 κόσμος
1120 4056 1384 4126 συνέστη;
1418 4055 1534 4118 πῶς
1553 4054 1732 4117 αὐτοῖς
1751 4054 1818 4106 τὰ
1839 4053 2066 4123 σώματα

399 4151 695 4222 διέμεινεν;
713 4147 826 4200 Οὐκ
847 4143 1032 4214 ίατρδς
1049 4139 1117 4214 ἦν
1137 4145 1165 4198 6
1183 4138 1478 4212 θεραπείαν
1495 4141 1805 4211 προσάγων,
1819 4141 1917 4193 οὐκ
1931 4141 2062 4214 άλλη

399 4255 485 4302 τις
505 4234 807 4306 ἐπιμέλεια.
827 4230 1049 4286 Οὐδέπω
1067 4227 1176 4300 γάρ
1193 4228 1313 4282 οὐδέ
1333 4227 1514 4291 πόλεις
1530 4224 1670 4299 ἦσαν
1689 4227 2062 4298 δειμάμενοιιι,

401 4323 540 4379 ἀλλά
578 4320 716 4394 μετά
747 4318 846 4391 τὴν
883 4314 1152 4385 τοσαύτην
1171 4314 1566 4386 ταλαιπωρίαν,
1591 4315 1682 4367 καὶ
1701 4314 1796 4385 τὴν
1818 4316 1874 4366 ἐν
1893 4317 1958 4386 τῇ
1983 4331 2065 4368 κι-

402 4411 564 4481 ϐωτῷ
601 4407 894 4479 διαγωγὴν,
916 4405 992 4470 ὡς
1028 4404 1466 4476 τεταριχευμένοι
1499 4403 1593 4457 καὶ
1612 4406 2064 4476 κατειργασμένοι

402 4498 648 4572 ἐξῆλθον,
667 4497 762 4550 καὶ
779 4497 837 4549 ἐν
855 4492 1090 4566 τοσαύτῃ
1112 4491 1340 4564 μονώσει
1372 4492 1730 4563 τυγχάνοντες
1750 4495 1842 4546 καὶ
1861 4494 2065 4566 ἐρημίᾳ

398 4586 595 4657 ἀφάτῳ
617 4582 734 4646 πῶς
751 4582 811 4636 οὐ
832 4579 1228 4650 διεφθάρησαν;
1266 4577 1383 4642 πῶς
1402 4578 1500 4631 οὐκ
1520 4577 1796 4631 ἀπώλοντο
1817 4597 1832 4646 ;
1867 4579 1924 4632 '0
1958 4581 2065 4649 γὰρ

400 4668 729 4741 φόϐος,είπέ
769 4685 882 4740 μοι,
907 4667 1001 4720 καὶ
1036 4667 1070 4737 ἡ
1113 4664 1322 4735 ἀγωνία
1355 4664 1416 4717 οὐ
1456 4664 1734 4719 κατέσειεν
1769 4664 1947 4719 αὐτῶν
1966 4665 2065 4737 τὴν

398 4759 672 4823 διάνδιαν,
712 4755 808 4809 καὶ
847 4753 1166 4824 διετάρασσε
1203 4751 1295 4805 16v
1333 4751 1626 4821 λογισμόν;
1667 4751 1757 4823 Μὴ
1797 4753 2062 4824 ξενισθῇς,

400 4839 686 4913 ἀγαπητά·
708 4838 839 4902 θεὸς
875 4838 984 4908 γὰρ
1018 4832 1087 4906 ἦν
1125 4836 1154 4889 ὁ
1189 4836 1366 4890 πάντα
1401 4835 1785 4906 ἐργαζόμενος,
1809 4835 2065 4905 καὶότῆς

401 4929 618 5002 φύσεως
636 4925 966 4998 δημιουργὸς
983 4919 1052 4995 ἦν
1070 4923 1099 4976 6
1119 4923 1295 4976 πάντα
1314 4920 1485 4975 ταῦτα
1505 4921 1574 4975 16
1594 4921 1889 4991 κωλύματα
1910 4922 2063 4976 ἀναι-

404 5020 536 5093 ρῶν,
557 5019 653 5074 καὶ
683 5015 744 5071 16
771 5015 1101 5088 πρόσταγμα
1124 5011 1289 5066 αὐτοῦ
1321 5012 1496 5066 έκεῖνο
1530 5012 1590 5065 16
1607 5011 1784 5080 λέγον,
1804 5011 2065 5076 Αὺξάνε-

398 5112 510 5162 σθε
527 5105 626 5160 καὶ
644 5104 1049 5171 πληθύνεσθε,
1072 5100 1167 5155 καὶ
1189 5099 1544 5169 πληρώσατε
1572 5098 1687 5164 τὴν
1727 5097 1863 5168 γῆν,
1885 5100 2065 5164 αὐτοῖς

401 5194 538 5248 καὶῖι
577 5191 676 5262 τὴν
716 5190 957 5244 ἐπίδοσιν
1000 5188 1315 5260 ἐχαρίσατο.
1343 5187 1494 5240 Ἐπεὶ
1532 5187 1626 5240 καὶ
1661 5188 1710 5239 οἱ
1743 5186 2064 5256 Ἰσραηλῖται

401 5281 564 5350 ἡνίκα
601 5279 681 5341 είς
718 5277 989 5345 Αἴγυπτον
1007 5277 1075 5345 τῇ
1098 5274 1346 5345 πλινθείᾳ
1372 5273 1468 5326 καὶ
1495 5272 1570 5343 τῷ
1600 5271 1754 5341 πηλῷ
1776 5273 2066 5343 κατειργά-

405 5367 633 5438 σθησαν.
653 5363 821 5434 ταύτῃ
859 5361 1038 5438 πολλῷ
1077 5361 1278 5432 μᾶλλον
1317 5363 1396 5424 εἰς
1430 5359 1630 5430 πλῆθος
1651 5361 1948 5423 ἐπέδωκαν,
1971 5361 2066 5414 καὶ

402 5454 524 5509 οὔτε
546 5453 607 5507 16
625 5451 850 5522 ἀνηλεές
869 5451 1044 5506 ἐκεῖνο
1063 5449 1159 5502 καὶ⁵
1175 5447 1324 5518 ὠμὸν
1343 5447 1622 5519 ἐπίταγμα
1653 5445 1746 5504 τοῦ
1766 5447 1984 5519 Φαραῶ,
2004 5448 2066 5501 16

404 5550 624 5608 κελεῦον
642 5548 710 5604 16
727 5549 931 5619 ἄρρενα
949 5545 1030 5610 είς
1048 5546 1141 5600 τὸν
1162 5545 1404 5618 ποταμὸν
1437 5544 1744 5618 ῥίπτεσθαι,
1765 5546 1884 5612 οὐδὲ
1906 5547 1939 5618 ἡ
1959 5546 2067 5602 λοι-

467 5794 494 5863 .'
518 5791 615 5863 Ni?
636 5789 794 5863 πβλεις
812 5787 1317 5863 ἦσαιέιαιειιιάμενοι-

463 5854 498 5899 ι
514 5853 612 5907 λιιι
632 5852 748 5901 αὐτὸ
771 5850 872 5915 καί⁴
897 5850 983 5900 alii
1003 5850 1133 5916 αὐτῷ
1153 5850 1250 5900 καί.

1155 291 1214 347 S.
1255 285 1540 346 JOANNIS
1576 277 2072 340 CHRYSOSTOMI
2114 272 2434 332 ARCHIEP.
2473 267 3022 328 CONSTANTINOP.

3688 251 3793 324 553i

2134 391 2211 462 πη
2232 389 2516 460 κακουχία,
2537 387 2604 458 ἢν
2624 384 2730 439 6116
2747 384 2855 438 τῶν
2875 378 3246 455 ἐργοδιωκτῶν
3266 380 3554 451 ὑπέμενον,
3575 378 3698 450 ῐσχυ
3709 396 3788 434 σεν

2129 478 2429 531 ἐλαττῶσαι
2466 473 2644 528 αὐτῶν
2680 473 2740 527 16
2761 471 2985 542 πλῆθος,
3010 470 3144 523 ἀλλά
3164 472 3255 522 καί
3279 469 3477 539 μᾶλλον
3498 469 3577 529 είς
3597 467 3788 536 πλῆθος

2131 564 2283 638 [276]
2306 563 2602 618 ἐπεδίδουν.
2620 562 2687 615 Ἡ
2722 561 2830 633 γάρ
2867 557 3073 615 ἀνωθεν
3109 558 3249 629 ῥοπὴ
3269 553 3334 629 ἦν
3356 558 3389 628 ὴ
3409 557 3496 610 διὰ
3512 556 3624 610 τῶν
3647 558 3788 609 ἐναν-

2131 655 2262 707 τίων
2289 653 2503 708 ἃπαντα
2533 649 2896 722 ἐργαζομένη.

2203 843 2441 896 ε’.”οταν
2457 840 2634 896 τοίνυν
2648 844 2676 896 ό
2686 841 2820 904 θεὸς
2834 840 3053 911 κελεύῃ,
3077 840 3153 911 μὴ
3166 841 3313 910 ζήτει
3327 841 3466 893 κατά
3479 840 3793 894 ἀκολουθίαν

2134 929 2480 1000 ἀνθρωπίνην
2514 928 2887 998 διερευνᾶσθαι
2922 928 2990 982 τά
3027 929 3345 1000 πράγματα.
3363 927 3655 998 Ἀνώτερος
3693 930 3793 997 γάρ

2135 1017 2210 1070 ὢν
2240 1017 2340 1088 τῆς
2378 1016 2611 1084 φύσεως,
2633 1018 2692 1070 οὐ
2730 1017 2902 1069 δεῖται
2939 1015 3038 1084 τῆς
3074 1014 3396 1077 ἀκολουθίας
3434 1014 3532 1083 τῆς
3564 1014 3793 1082 φύσεως,

2136 1105 2272 1159 ἀλλά
2292 1106 2385 1158 καὶ⁷
2402 1105 2470 1158 δι’
2490 1103 2671 1159 αὐτῶν
2690 1104 2797 1157 τῶν
2819 1104 3134 1158 κωλυόντων
3154 1102 3222 1156 τὰ
3240 1105 3542 1172 πράγματα
3571 1091 3793 1169 αὐξάνε-ἓ

2140 1192 2264 1246 σθαι
2283 1192 2709 1264 παρασκευάζει.
2732 1192 2836 1244 Τὸν
2854 1191 3015 1244 αὐτὸν
3032 1190 3096 1261 δὴ
3114 1191 3310 1262 τρόπον
3331 1192 3423 1243 καὶ
3441 1191 3537 1244 νῦν
3556 1192 3663 1243 ἀπὺ
3694 1191 3793 1243 τῶν

2138 1279 2306 1351 τριῶν
2326 1277 2532 1334 τούτων
2548 1279 2645 1350 τὴν
2667 1280 2814 1332 οίκου
2823 1277 2989 1349 μένην
3009 1276 3225 1330 ἅπασαν
3245 1277 3652 1348 ἀνεπλήρωσεν.
3668 1279 3790 1330 Ἀπὸ

2139 1370 2366 1423 τούτων
2384 1367 2514 1438 γὰρ,
2536 1367 2687 1437 φησὶ,
2710 1365 2825 1419 τῶν
2844 1365 3018 1434 τριῶν
3037 1364 3452 1432 διεσπάρησαν
3479 1365 3575 1417 ἐπὶ
3601 1364 3793 1420 πᾶσαν·

2140 1455 2255 1524 τὴν
2272 1453 2408 1524 γῆν.
2430 1451 2583 1517 Εἶδες
2603 1453 2736 1507 Θεοῦ
2757 1452 3012 1522 δύναμιν;
3035 1447 3171 1516 εἶδες
3191 1452 3326 1516 πῶς,
3343 1453 3446 1505 κᾶν
3467 1452 3638 1505 πολλὰ
3652 1449 3718 1523 ἧν
3737 1455 3793 1506 16

2142 1540 2459 1612 κωλύματα,
2479 1540 2630 1593 οὐδέν
2651 1541 2764 1593 ὲστι
2785 1540 2846 1594 16
2863 1540 3146 1601 διακόπτον
3165 1541 3330 1593 αὐτοῦ
3348 1540 3409 1593 16
3431 1540 3675 1610 βούλημα
3697 1559 3709 1605 ;
3733 1543 3793 1593 Τὸ,

2145 1628 2276 1684 αὐτὸ
2295 1628 2389 1682 καὶ
2409 1628 2500 1680 ἐπὶ
2521 1629 2620 1699 τῆς
2639 1627 2872 1690 πίστεώς
2891 1630 3035 1681 ἐστιν
3057 1629 3181 1681 ίδεῖν
3207 1629 3510 1698 γινόμενον.
3537 1629 3790 1682 Τοιούτων

2144 1716 2252 1787 γάρ
2271 1716 2439 1770 όντων
2459 1715 2567 1769 τῶν
2590 1715 2986 1787 πολεμούντων,
3002 1717 3268 1770 τοσούτων
3286 1717 3450 1770 ὄντων
3468 1716 3575 1769 τῶν
3593 1717 3793 1770 ἐπιϐού-

2145 1803 2430 1868 λευόντων,
2454 1803 2551 1856 καὶ
2589 1801 2874 1873 βασιλέων,
2895 1803 2988 1856 καὶ
3022 1803 3318 1873 τυράννων,
3341 1804 3436 1857 καὶ
3469 1804 3657 1874 δήμων
3677 1823 3794 1858 κατα

2146 1891 2600 1964 εξανισταμένων,
2623 1891 2716 1944 καὶ
2758 1892 2934 1945 πάντα
2971 1890 3286 1954 ποιούντων,
3307 1891 3446 1945 ὥστε
3487 1893 3678 1945 σϐέσαι
3718 1893 3794 1945 τὶν

2135 1981 2422 2052 ’σπινθῆρα
2439 1980 2537 2050 τῆς
2561 1981 2813 2044 πίστεως,
2831 1981 2896 2033 δι’
2915 1979 3090 2033 αὐτῶν
3107 1979 3212 2032 τῶν
3233 1980 3704 2042 ἐπιϐουλευόντων,
3722 1982 3793 2036 διὰ

2147 2070 2258 2122 τῶν
2276 2069 2502 2125 κωλύειν
2527 2069 2881 2140 βουλομένων,
2902 2068 3134 2139 τοσαύτη
3158 2069 3298 2140 ἥρθη
3335 2071 3430 2139 τῆς
3464 2070 3742 2133 εὐσεϐείας

2150 2156 2301 2226 φλὸξ,
2319 2157 2394 2221 ώς
2413 2157 2631 2210 ἃπασαν
2651 2156 2976 2211 καταλαϐεῖν
2995 2156 3092 2227 τὴν
3111 2158 3258 2210 οίκου
3267 2157 3452 2227 μένην,
3473 2159 3566 2211 καὶ
3587 2159 3685 2228 τὴν
3704 2160 3794 2210 ἀοί-

2149 2263 2334 2314 κητον.
2357 2245 2476 2298 Κᾶν
2497 2245 2632 2316 πρὸς
2664 2245 2856 2308 Ἰνδοὺς
2876 2244 2984 2316 γὰρ
3007 2245 3262 2316 ἀπέλθῃς,
3286 2245 3388 2299 κάν
3408 2247 3546 2316 πρὸς
3575 2246 3793 2308 Σκύθας,

2151 2333 2254 2387 κᾶν
2276 2333 2411 2406 πρὸς
2431 2334 2566 2386 αὐτά
2586 2333 2652 2386 τά
2672 2334 2878 2404 πέρατα
2909 2334 3007 2403 τῆς
3039 2335 3380 2404 οίκουμένης,
3412 2335 3514 2388 κᾶν
3543 2337 3624 2398 είς
3649 2337 3793 2389 αὐτὸν

2148 2419 2240 2473 τὸν
2257 2421 2514 2484 ὠκεανὸν,
2529 2419 2802 2492 πανταχοῦ
2824 2421 2882 2473 εὐ
2891 2423 3073 2491 ρήσεις
3090 2419 3184 2474 τοῦ
3202 2421 3436 2493 Χριστοῦ
3454 2422 3554 2492 τὴν
3566 2423 3793 2476 ἄδι-σιω

2150 2508 2269 2564 λίαν
2289 2509 2732 2578 καταυγάζουσαν
2764 2509 2861 2573 16;
2892 2509 3142 2563 ἀπάντων
3161 2509 3355 2580 ψυχάς.
3378 2510 3450 2563 T6
3465 2511 3576 2581 γάρ
3595 2514 3794 2581 00000-

2154 2596 2277 2650 στὸν
2297 2597 2389 2650 καὶ
2410 2595 2728 2667 παράδοξον,
2747 2598 2828 2650 ὅτι
2848 2597 2938 2650 καὶ
2958 2597 3097 2650 αὐτά
3114 2598 3180 2650 τά
3200 2598 3447 2669 βάρϐαρα
3466 2599 3593 2669 έθνη
3619 2602 3794 2670 μετερ

2154 2682 2415 2754 ρύθμισεν
2447 2687 2474 2738 6
2515 2684 2608 2754 τῆς
2646 2684 2926 2749 εὐσεϐείας
2962 2684 3136 2753 λόγος,
3158 2686 3251 2738 καὶ
3284 2685 3593 2754 φιλοσοφεῖν
3612 2688 3794 2756 ἔμαθον

2154 2773 2248 2826 καὶ
2279 2772 2377 2842 τῆς
2416 2771 2650 2836 παλαιᾶς
2687 2771 2974 2843 συνηθείας
3010 2774 3340 2837 ἀποστάντες
3361 2774 3496 2845 πρὸς
3527 2776 3628 2845 τὴν
3662 2777 3794 2827 εὐσέά

2155 2859 2308 2914 ϐειαν
2331 2860 2707 2930 μετετάξαντο.
2726 2860 2837 2914 Καὶ
2856 2859 3106 2930 καθάπερ
3123 2861 3210 2914 διά
3228 2861 3336 2915 τῶν
3355 2862 3521 2932 τριῶν
3533 2864 3739 2916 τούτων
3753 2864 3794 2918 τί

2154 2946 2262 3000 τῶν
2301 2947 2600 3019 ἀνθρώπων
2643 2948 2845 3018 πλῆθος
2879 2949 3155 3004 ἐπιδοῦναι
3199 2949 3608 3023 παρεσκεύασεν
3643 2955 3671 3005 6
3707 2952 3794 3004 τῶν

2155 3035 2290 3089 ὅλων
2328 3034 2684 3105 δημιουργόςο
2722 3035 2812 3089 τὸν
2848 3036 3010 3089 αὐτὸν
3045 3035 3109 3108 δὴ
3143 3036 3340 3108 τρόπον
3377 3039 3470 3090 καὶ
3493 3039 3586 3091 ἐπὶ
3604 3041 3703 3109 τῆς
3725 3041 3794 3092 πί‹

2159 3139 2327 3186 στεως
2345 3121 2434 3174 6L6
2452 3121 2558 3175 τῶν
2577 3122 2790 3186 ἕνδεκα,
2805 3123 2911 3177 τῶν
2933 3123 3142 3187 ἀλιέων,
3163 3124 3269 3177 τῶν
3289 3125 3693 3196 ἀγραμμάτων,
3709 3129 3794 3180 τῶν

2161 3209 2403 3272 ἰδιωτῶν,
2424 3209 2532 3262 τῶν
2573 3209 2705 3280 μηδὲ
2741 3209 2922 3279 διᾶραι
2954 3209 3013 3264 16
3045 3211 3216 3281 στόμα
3234 3211 3578 3282 τολμώντων,
3600 3214 3794 3268 ἃπασαν

2161 3298 2506 3352 ἐπεσπάσατο
2541 3296 2638 3368 τὴν
2676 3296 3016 3368 οίκουμένην.
3037 3299 3147 3351 Καὶ
3181 3301 3229 3351 οι
3264 3299 3620 3370 ἀγράμματοι
3653 3299 3794 3362 οὗτοι,

2162 3385 2254 3439 καὶ
2273 3386 2321 3438 οἱ
2343 3383 2549 3439 ἰδιῶται
2569 3385 2662 3438 καὶ
2681 3386 2731 3437 οἱ
2752 3385 2919 3448 άλιεῖς
2937 3385 3044 3439 τῶν
3065 3386 3362 3456 φιλοσόφων
3396 3388 3721 3460 ἀπέφραξαν
3749 3392 3794 3446 τὰ

2163 3474 2426 3545 στόματα,
2447 3475 2541 3527 καὶ
2581 3473 2828 3546 καθάπερ
2866 3473 3179 3544 ὑπόπτεροι.
3200 3473 3340 3527 οὕτω
3361 3475 3457 3549 τὴν
3493 3479 3794 3550 οἰκουμένη

2162 3561 2378 3616 ἃπασαν
2415 3560 2699 3633 διέδραμον
2735 3562 3193 3634 κατασπείραντες
3210 3563 3298 3618 τὸν
3319 3564 3414 3637 τῆς
3433 3568 3719 3632 εὐσεϐείας
3738 3571 3794 3632 )6

2161 3666 2257 3719 γον
2297 3651 2391 3704 καὶ
2427 3651 2522 3714 τὰς
2558 3649 2794 3713 ἀκάνθας
2832 3650 3202 3720 ἐκτέμνοντες,
3224 3653 3315 3705 καὶ⁵
3350 3653 3417 3707 16
3454 3654 3663 3708 παλαιὰ
3693 3653 3793 3720 ἀνα4

2165 3738 2407 3801 σπῶντες
2445 3738 2562 3809 έθη,
2587 3737 2821 3800 καὶτοὺς
2838 3737 2931 3792 τοῦ
2951 3738 3185 3809 Χριστοῦ
3208 3740 3402 3810 νόμους
3425 3743 3700 3812 πανταχοῦ
3721 3762 3780 3796 κα

2162 3823 2553 3892 ταφυτεύοντες
2573 3840 2586 3853 ο
2614 3823 2707 3877 καὶ
2747 3822 2870 3876 οὐτε
2912 3823 2973 3876 16
3008 3823 3217 3892 ὀλίγους
3238 3825 3431 3889 αὐτοὺς
3449 3821 3610 3892 εἶναι,
3644 3827 3759 3880 0615

2167 3909 2420 3974 ίδιωτεία,
2441 3908 2564 3962 οὔτε
2583 3912 2642 3963 τὸ
2662 3910 2930 3982 αὐστηρὸν
2949 3910 3054 3964 τῶν
3075 3912 3478 3981 ἐπιταγμάτων,
3499 3913 3628 3967 0615
3647 3915 3708 3968 τὸ
3727 3908 3794 3980 πη

2161 3997 2290 4070 λαιᾷ
2329 3998 2586 4068 συνηθείᾳ.
2625 3997 3086 4069 προκατειλῆφθαι
3106 3998 3249 4052 ἅπαν
3291 3999 3352 4052 16
3387 3999 3497 4052 τῶν
3518 4001 3794 4076 ἀνθρώπωγ

2162 4087 2337 4156 γένος,
2362 4089 2545 4158 ἴσχυσε
2567 4085 2792 4156 κώλυμα
2809 4087 2987 4151 αὐτοῖς
3005 4086 3273 4156 γενέσθαι,
3296 4086 3429 4140 ἀλλὰ
3451 4087 3628 4142 ταῦτα
3652 4079 3794 4158 παντί

2164 4175 2352 4246 ἀνῄρει
2375 4175 2798 4246 προοδοποιοῦσα
2819 4177 2851 4246 ή
2871 4176 3051 4247 χάρις,
3072 4175 3166 4228 καὶ
3188 4177 3304 4246 μετ’
3325 4176 3576 4241 εὐκολίας
3609 4167 3794 4242 ἆπαντέ

2164 4264 2211 4317 εί
2219 4262 2499 4334 ργάζοντο,
2521 4263 2588 4316 δι’
2609 4262 2784 4318 αὐτῶν
2805 4262 2909 4316 τῶν
2929 4262 3072 4317 κωλυ
3080 4263 3263 4334 μάτων
3304 4263 3524 4334 μείζονα
3544 4265 3794 4336 δεχόμενα

2163 4351 2261 4422 τὴν
2283 4349 2610 4420 προθυμίαν.
2631 4350 2740 4403 Καὶ
2777 4349 2886 4420 γάρ
2924 4366 3050 4404 ποτε
3096 4350 3192 4420 μὲν
3215 4351 3598 4420 μαστιζόμενοι
3620 4353 3794 4421 ἀνεχώα

2166 4453 2291 4508 ρουν
2332 4436 2607 4509 χαίροντες
2643 4437 2702 4489 06
2743 4437 2830 4490 διά
2867 4436 2965 4500 τὰς
3004 4437 3272 4507 μάστιγας
3309 4437 3526 4502 ἀπλῶς,
3566 4439 3685 4493 ἀλλ’
3709 4442 3794 4500 Ὅτι

2163 4523 2316 4591 ὑπὲρ
2351 4523 2457 4577 τοῦ
2494 4523 2781 4592 ὀνόματος
2818 4523 2920 4578 τοῦ
2947 4524 3203 4593 Χριστοῦ
3221 4523 3685 4592 κατηξιώθησαν
3702 4530 3793 4582 ἀτί

2163 4611 2467 4682 μασθῆναι
2491 4628 2502 4640 ·
2546 4611 2731 4667 ἄλλοτε
2783 4611 2840 4666 δὲ
2896 4613 2976 4676 είς
3035 4612 3398 4684 δεσμωτήριον
3433 4613 3784 4684 ὲμδληθέντε’

2165 4699 2351 4770 ἐπειδὴ
2369 4700 2458 4752 ὐπ’
2480 4699 2709 4768 ἀγγέλου
2731 4699 3112 4770 ἐξηνέχθησαν,
3136 4700 3296 4754 πάλιν
3314 4701 3421 4753 τῶν
3439 4701 3625 4754 αὐτῶν
3659 4706 3772 4771 εἴχοε

2163 4803 2243 4852 το,
2268 4788 2361 4840 καὶ
2378 4787 2457 4848 είς
2476 4785 2536 4838 16
2558 4787 2698 4856 ἱερὸν
2719 4786 3102 4856 ἀφικνούμενοι
3119 4787 3209 4840 τὸν
3227 4788 3325 4858 τῆς
3353 4786 3703 4851 διδασκαλίας
3734 4788 3781 4838 λὸ

2165 4891 2260 4943 γον
2281 4872 2594 4938 κατέϐαλον,
2619 4873 3002 4944 σαγηνεύοντες
3020 4874 3088 4927 τά
3109 4873 3284 4944 πλήθη
3304 4875 3382 4936 είς
3400 4873 3496 4946 τὴν
3518 4875 3764 4928 εὐσέϐεια

3777 3663 3794 3916 1

2158 4611 2467 4682 μασθῆναι
2491 4628 2502 4640 ·
2546 4611 2731 4667 ἄλλοτε
2783 4611 2840 4666 δὲ
2896 4613 2976 4676 είς
3035 4612 3398 4684 δεσμωτήριον
3433 4613 3762 4684 έμδληθέντε

2165 4699 2351 4770 ἐπειδὴ
2369 4700 2458 4752 ὐπ’
2480 4699 2709 4768 ἀγγέλου
2731 4699 3112 4770 ἐξηνέχθησαν,
3136 4700 3296 4754 πάλιν
3314 4701 3421 4753 τῶν
3439 4701 3625 4754 αὐτῶν
3659 4706 3772 4771 εἴχοε

2163 4803 2243 4852 το,
2268 4788 2361 4840 καὶ
2378 4787 2457 4848 είς
2476 4785 2536 4838 16
2558 4787 2698 4856 ἱερὸν
2719 4786 3102 4856 ἀφικνούμενοι
3119 4787 3209 4840 τὸν
3227 4788 3325 4858 τῆς
3353 4786 3703 4851 διδασκαλίας
3734 4788 3781 4838 λὸ

2165 4891 2260 4943 γον
2281 4872 2594 4938 κατέϐαλον,
2619 4873 3002 4944 σαγηνεύοντες
3020 4874 3088 4927 τά
3109 4873 3284 4944 πλήθη
3304 4875 3382 4936 είς
3400 4873 3496 4946 τὴν
3518 4875 3764 4928 εὐσέϐεια

2167 4962 2260 5016 καὶ
2292 4959 2451 5014 πάλιν
2484 4960 2850 5031 κατεχόμενοι,
2871 4961 2928 5012 οὐ
2955 4961 3112 5030 μόνον
3130 4961 3249 5013 οὐδὲ
3271 4959 3515 5014 ἐντεῦθεν
3537 4963 3671 5032 όκνη
3681 4959 3794 5032 ρότεί

2169 5066 2251 5120 ροι
2291 5048 2549 5118 ἐγίνοντο,
2579 5048 2713 5101 ἀλλά
2750 5049 2843 5101 καὶ
2879 5048 3096 5102 πλείονα
3132 5047 3227 5119 τὴν
3262 5048 3579 5120 παρρησίαν
3617 5047 3794 5120 ἐπεδεῆ

2167 5153 2377 5199 κνυντο,
2401 5138 2458 5188 ἐν
2482 5135 2628 5205 μέσῳ
2651 5134 2973 5205 μαινομένου
2992 5135 3162 5205 δήμου
3195 5135 3286 5187 καὶ
3316 5134 3443 5197 τοὺς
3467 5135 3692 5200 ὀδόντας
3708 5137 3794 5205 τρΞῆ

2167 5221 2348 5287 ζοντος
2367 5221 2598 5284 ἑστῶτες
2617 5221 2710 5275 καὶ
2727 5221 2974 5288 λέγοντες
2994 5236 3006 5249 ⁶
3030 5220 3371 5289 Πειθαρχεῖν
3401 5220 3496 5275 δεῖ
3527 5223 3654 5287 Θεῷ
3677 5220 3794 5292 μᾶλί

2164 5313 2280 5363 ,λον
2297 5308 2332 5374 ἦ
2356 5306 2702 5376 ἀνθρώποις.
2726 5303 2880 5370 Εἶδες
2903 5306 3209 5378 παρρησίας
3231 5307 3454 5378 μέγεθος
3474 5325 3487 5372 ;
3511 5307 3670 5380 {277]

2166 5397 2288 5459 τούς
2311 5394 2543 5460 ἰδιώτας,
2565 5396 2687 5458 τούς
2726 5393 2896 5458 άλιεῖς
2932 5394 3310 5466 ὑπερορῶντας
3344 5394 3621 5448 τοσούτων
3639 5393 3794 5466 δήμωῆ

2171 5484 2529 5554 μαινομένων,
2552 5483 2798 5556 καὶπρὸς
2820 5484 3009 5552 φόνους
3030 5484 3123 5536 καὶ
3144 5483 3354 5552 σφαγάς
3376 5483 3641 5553 έτοίμωνς
3669 5482 3794 5556 Ἀλὶῆ

2168 5569 2232 5622 σὺ
2272 5568 2442 5622 ταῦτα
2479 5569 2711 5633 ἀκούων,
2734 5569 3002 5639 ἀγαπητὲ,
3029 5568 3102 5639 μὴ
3133 5569 3338 5632 τούτοις
3357 5568 3572 5636 λογιζου
3595 5571 3664 5622 τά
3680 5567 3794 5639 γε’σῆ

2171 5673 2326 5728 μενα,
2349 5655 2484 5709 ἀλλά
2500 5659 2565 5726 τῇ
2588 5655 2791 5709 ἀνωθεν
2820 5655 3002 5726 χάριτι
3038 5659 3101 5726 τῇ
3140 5656 3396 5727 νευρούσῃ
3418 5656 3507 5709 καὶ
3530 5653 3794 5728 ἀλειφούηῆ

2171 5742 2350 5797 αὐτῶν
2386 5742 2483 5811 τὴν
2522 5741 2850 5814 προθυμίαν.
2869 5742 3019 5795 Ἐπεὶ
3041 5744 3132 5821 καὶ
3152 5743 3309 5806 αὐτὸς
3338 5737 3486 5804 οὗτος
3506 5745 3536 5796 ὁ
3559 5737 3794 5875 μακάρςεῇ

2174 5831 2390 5875 Πέττιος.
2416 5831 2575 5875 ἡνίκα
2611 5829 2700 5875 ἰδο
2744 5832 2810 5875 ἐκ
2845 5831 3049 5875 κοιλίας
3090 5831 3289 5875 nrt-c6:
3325 5829 3625 5875 νιιιλςῶονττ
3649 5831 3778 5875 δίθῖτ

2174 5831 2393 5902 Πέτρος,
2416 5831 2575 5902 ἡνίκα
2611 5829 2700 5884 τὸν
2744 5832 2810 5887 ἐκ
2845 5815 3059 5896 κοιλίας
3089 5831 3289 5904 μητρές
3325 5829 3625 5901 χωλεύοντα
3649 5831 3778 5898 ὅρθετ

2566 5919 2752 5928 ~-—.——.—.—
2787 5919 2860 5926 —_.
