3804 6240
136 307 240 362 9:57

141 428 358 489 gentem
390 415 755 485 sabindicare,
799 431 863 472 ac
906 429 1079 487 neque
1108 417 1423 473 calamitatis
1466 417 1732 486 magnitu-

137 514 317 567 dinem
351 512 499 566 illum
526 527 777 568 coercere
802 512 1059 583 potuisse,
1090 527 1263 584 neque
1293 523 1490 568 tantam
1520 514 1571 569 in
1604 530 1727 569 arca

136 604 445 675 angustiam
473 604 845 659 irrefrenatam
875 604 1019 659 illius
1060 605 1548 674 concupiscentiam
1588 605 1735 660 seda-

137 699 276 752 visse
306 714 321 751 :
357 697 454 752 sed
479 698 722 767 quamvis
752 695 918 751 frater
958 696 1076 765 ejus
1115 696 1286 767 major
1325 696 1559 752 nondum
1599 696 1734 752 ﬁlios

136 787 554 858 procreavisset,
594 786 736 842 hunc
776 787 1174 843 incontinentiam:
1205 787 1465 852 deditum,
1508 788 1561 842 in
1596 797 1731 843 tem-

139 893 266 948 pore
302 888 470 935 tantae
508 879 908 950 indignationis,
953 889 1006 935 et
1031 881 1297 950 generalis
1332 881 1595 946 interitus,
1628 895 1732 950 quo

134 970 280 1025 orbis
312 970 738 1041 comprehensus
767 979 869 1037 est,
898 970 978 1026 rei
1007 986 1250 1026 venerere
1275 971 1511 1027 deditum
1544 971 1728 1038 fuisse,

136 1070 189 1116 et
226 1062 537 1132 cupiditatis
578 1061 1041 1132 intemperantiam
1084 1077 1190 1117 non
1236 1060 1608 1128 refrenavisse,
1636 1062 1730 1117 sed

132 1152 240 1221 jam
290 1154 473 1207 statim
519 1153 586 1207 ab
630 1153 779 1207 initio
824 1152 989 1208 animi
1031 1153 1114 1208 sui
1158 1153 1467 1223 pravitatem
1511 1153 1733 1209 demon-

137 1254 357 1299 strasse.
390 1242 573 1312 ltaque
597 1257 718 1297 cum
749 1258 853 1296 non
876 1242 1044 1297 multo
1070 1253 1190 1312 post
1216 1252 1431 1313 propter
1459 1253 1732 1299 contume-

135 1334 259 1387 liam
310 1332 364 1388 in
409 1343 708 1403 parentem,
743 1331 1172 1388 maledictioncm
1216 1343 1560 1404 suscepturus
1589 1343 1731 1389 esset

135 1425 251 1492 ejus
283 1423 425 1479 filius
452 1422 701 1479 Chanaan
748 1443 764 1479 :
806 1425 926 1480 ideo
969 1425 1240 1495 Scriptura
1270 1425 1445 1480 divina
1492 1426 1543 1479 id
1585 1427 1730 1495 prius

132 1515 446 1587 assignavit,
481 1516 682 1587 liliique
711 1531 907 1571 nomen
946 1515 1255 1583 declaravit,
1287 1533 1349 1571 ac
1377 1517 1531 1571 simul
1563 1517 1728 1587 patris

135 1609 605 1679 intemperantiam
637 1626 652 1661 :
686 1619 742 1663 ut
772 1624 891 1664 cum
923 1617 1111 1678 postea
1140 1608 1335 1662 videris
1363 1609 1509 1663 illum
1540 1625 1727 1679 magna

134 1701 334 1771 ingrati
362 1716 483 1771 erga
517 1712 721 1770 patrem
764 1702 927 1756 animi
965 1703 1114 1771 signa
1156 1701 1304 1766 dare,
1352 1703 1491 1757 scire
1531 1704 1725 1772 possis,

135 1796 310 1863 ipsum
338 1792 447 1862 jam
476 1792 602 1847 olim
650 1794 807 1849 talem
849 1794 1029 1859 fuisse,
1080 1802 1261 1862 utpote
1305 1809 1476 1864 neque
1513 1803 1727 1849 a-tanta

132 1885 848 1939 calamitateemendatum.
895 1885 1153 1940 Sufﬁcere
1200 1887 1342 1940 enim
1394 1885 1620 1940 debebat
1660 1886 1726 1940 ad

133 1977 581 2048 exstinguendam
638 1977 908 2032 libidinem
968 1986 1144 2032 tantus
1201 1992 1435 2043 mmror;
1491 1978 1728 2048 nihilque

131 2072 408 2127 ﬂammam
434 2081 488 2127 et
515 2072 774 2126 insaniam
806 2071 944 2125 hanc
974 2072 1042 2125 ita
1069 2071 1423 2141 comprimere
1449 2079 1644 2141 potest,
1668 2081 1727 2125 ut

134 2163 369 2218 tristitia:
399 2164 757 2231 vehementia,
787 2172 841 2219 et
864 2163 1179 2218 calamitatis
1206 2162 1532 2232 magnitudo.
1565 2162 1730 2233 Igitur

134 2258 230 2327 qui
272 2258 330 2312 in
359 2267 505 2312 tanta
547 2257 807 2312 malorum
836 2256 1075 2311 vi-tantas
1113 2255 1278 2311 rabiei
1317 2264 1371 2311 et
1416 2256 1635 2311 insania:
1675 2257 1729 2311 in

132 2350 486 2421 procreandis
514 2350 697 2405 liberis
723 2350 837 2416 fuit,
869 2364 969 2420 qua
1011 2350 1165 2405 venia
1204 2349 1394 2420 dignus
1424 2348 1622 2405 fuerit?

208 2443 315 2497 Cur
340 2452 485 2513 patre
524 2442 695 2497 Citam
737 2451 975 2513 peccante
1005 2442 1142 2511 ﬁlius
1171 2441 1419 2498 Chanaan
1467 2443 1731 2498 maledici-

133 2538 414 2592 tur.——At
459 2536 547 2592 hic
591 2537 744 2592 nobis
787 2536 887 2590 alia
934 2536 1155 2606 qumstio
1204 2536 1459 2604 nascitur,
1505 2536 1757 2592 celebris.

134 2631 247 2697 illa,
275 2638 331 2685 et
353 2644 472 2699 quae
512 2628 705 2700 ubique
738 2627 1111 2683 circumfertur
1146 2644 1160 2681 :
1205 2627 1380 2695 Quare
1423 2636 1574 2698 patre
1605 2643 1749 2698 pec-

134 2731 314 2787 caute,
347 2720 488 2775 filius
513 2720 852 2776 maledictum
881 2719 1108 2789 accipit?
1136 2718 1339 2774 Sed~ne
1367 2718 1581 2789 longum
1608 2733 1728 2774 ser-

135 2831 356 2872 monem
387 2831 529 2872 nunc
556 2817 836 2881 faciamus,
870 2817 921 2870 in
952 2814 1096 2869 aliud
1139 2826 1347 2885 tempus
1388 2814 1529 2870 illam
1568 2831 1730 2886 repo-

136 2923 351 2974 nemus,
387 2918 444 2962 ut
472 2923 591 2963 cum
618 2906 685 2961 ad
712 2922 835 2962 eum
861 2906 1486 2977 locumpervenerimus,
1520 2915 1657 2965 tunc.
1676 2916 1730 2963 et

134 2999 460 3054 solutionem
503 2999 809 3065 all'cramus,
861 3015 1020 3070 quam
1063 2999 1203 3054 Deus
1240 2998 1542 3054 donaverit.
1586 3000 1726 3057 Nihil

136 3093 281 3146 enim
313 3092 365 3146 in
390 3106 541 3147 sacra
589 3091 887 3162 Scriptura,
934 3093 1073 3146 sicut
1120 3091 1269 3158 dixi,
1301 3091 1541 3148 invenire
1587 3092 1723 3159 licet,

136 3182 280 3252 quod
312 3182 516 3252 absque
558 3183 764 3237 ratione
790 3182 965 3253 aliqua
1006 3181 1075 3237 sit
1102 3183 1376 3252 scriptum.
1417 3182 1530 3239 Hoc
1573 3183 1731 3254 igitur

137 3275 353 3330 interim
385 3273 718 3343 exploratum
746 3282 848 3341 est,
874 3289 1066 3329 nomen
1096 3274 1186 3328 lilii
1210 3290 1313 3328 non
1339 3274 1540 3345 absque
1567 3290 1726 3330 causa

138 3367 309 3421 fuisse
331 3380 361 3420 a
387 3364 534 3421 Mose
561 3376 1057 3431 commemoratum,
1087 3379 1206 3419 cum
1237 3364 1370 3419 dixit
1399 3382 1411 3418 :
1445 3363 1604 3419 Chatti
1632 3382 1730 3419 au-

139 3469 234 3510 tem
260 3466 371 3511 erat
402 3466 549 3525 pater
571 3455 840 3510 Chanaan.
867 3454 1013 3519 Tres,
1038 3455 1369 3525 inquit,.sunt
1394 3456 1451 3509 lii
1473 3457 1570 3525 ﬁlii
1591 3455 1727 3523 Noe,

138 3562 183 3603 et
211 3550 274 3604 ob
304 3551 367 3605 iis
393 3550 611 3619 dispersi
637 3558 761 3603 sunt
782 3565 1159 3620 superomnem
1187 3558 1391 3603 terram.
1422 3548 1607 3620 Neque
1630 3549 1731 3605 hoc

138 3643 340 3697 dictum
365 3642 541 3697 obiter
568 3651 967 3711 praetereamus,
996 3640 1196 3707 dilecti,
1224 3640 1317 3695 sed
1345 3641 1635 3710 cogitemus
1664 3655 1729 3696 ex

141 3736 232 3789 illo
280 3734 400 3803 ipso
455 3733 669 3787 virtutis
713 3733 809 3787 Dei
857 3732 1294 3802 magnitudinem.
1352 3730 1492 3799 Tres,
1540 3731 1728 3802 inquit,

138 3838 283 3882 erant
311 3828 365 3881 hi
392 3828 488 3896 ﬁlii
520 3825 654 3891 Noe,
686 3834 733 3880 et
763 3842 827 3881 ea:
850 3826 953 3880 illis
979 3826 1192 3895 dispersi
1216 3832 1330 3879 sunt
1356 3841 1508 3895 super
1535 3840 1731 3879 omnem

140 3932 351 3975 terram.
378 3919 660 3988 Quomodo
688 3934 756 3974 ex
799 3918 967 3973 tribus
1007 3926 1148 3972 tanta
1196 3917 1481 3973 multitudo
1520 3931 1730 3973 succre-

140 4016 248 4068 vit?
278 4011 549 4084 quomodo
577 4018 864 4080 potuerunt
888 4008 1176 4066 sufﬁcere?
1202 4007 1471 4079 quomodo
1499 4024 1565 4064 ex
1598 4023 1730 4078 pau-

137 4110 218 4164 cis
246 4108 355 4165 illis
396 4115 539 4161 totus
581 4105 810 4161 mundus
840 4105 1197 4161 constitutus?
1237 4103 1505 4175 quomodo
1544 4118 1729 4159 eorum

138 4207 552 4271 permanserunt
581 4198 849 4268 corpora?
890 4197 1004 4253 Non
1046 4196 1283 4252 medicus
1314 4204 1452 4263 erat,
1496 4196 1584 4266 qui
1612 4211 1731 4251 me-

138 4295 371 4350 dicinam
414 4290 712 4357 adhiberet,
762 4304 933 4360 neque
972 4289 1074 4343 alia
1112 4286 1547 4344 cura..N0ndum
1587 4288 1729 4343 enim

138 4386 565 4444 erantcivitates
602 4383 851 4449 conditae,
895 4381 1001 4437 sed'
1031 4390 1153 4451 post
1191 4388 1389 4435 tantam
1436 4378 1726 4446 miseriam,

138 4480 380 4537 et'vitam
412 4478 554 4532 illam
587 4476 638 4530 in
667 4489 809 4542 arca,
843 4483 895 4530 et
921 4490 1023 4545 qua
1050 4473 1297 4528 macerati
1324 4480 1375 4528 et
1404 4471 1631 4527 confecti
1661 4471 1730 4527 ob

137 4571 595 4642 compressionem
621 4569 894 4632 exierunt,
924 4577 975 4623 et
1009 4566 1061 4621 in
1092 4574 1234 4620 tanta
1274 4564 1558 4619 solitudine
1584 4564 1728 4619 essi-

137 4672 364 4729 stcntes,
408 4670 464 4717 et
490 4658 741 4715 ineffabili
770 4658 1034 4721 vastitate,
1066 4656 1333 4727 quomodo
1379 4670 1484 4709 non
1525 4655 1727 4710 enecati

134 4754 303 4809 sunt?
324 4751 592 4823 quomodo
621 4766 726 4805 non
755 4750 1061 4820 perierunt?
1082 4748 1351 4803 Timorem
1377 4747 1518 4801 enim
1546 4754 1600 4801 et
1619 4761 1732 4801 me-

139 4858 275 4910 tum,
308 4844 413 4910 die,
441 4858 567 4909 oro,
583 4857 687 4897 non
711 4852 865 4912 putas
885 4840 1238 4895 commovisse
1265 4853 1446 4894 eorum
1471 4848 1722 4903 mentem,

137 4949 193 4994 et
223 4936 563 4991 concussisse
588 4934 820 4987 animum
837 4931 964 4987 ?‘Ne
987 4929 1288 4994 admireris,
1320 4929 1513 4984 dilecte
1545 4946 1558 4982 :
1590 4929 1730 4984 Deus

136 5033 285 5085 enim
312 5038 426 5084 erat
454 5027 544 5099 qui
574 5027 750 5082 omnia
782 5025 1031 5091 faciebat,
1063 5032 1118 5079 et
1143 5023 1286 5077 Deus
1311 5030 1512 5076 naturae
1551 5021 1728 5091 opilex

136 5134 257 5178 erat
282 5122 370 5192 qui
398 5122 575 5176 omnia
602 5119 977 5189 impedimenta
1006 5115 1279 5172 auferebat
1319 5115 1571 5170 mandato
1608 5131 1726 5183 suo,

136 5230 247 5285 quo
275 5213 429 5279 dixit,
477 5211 695 5266 Crescite
734 5220 785 5265 et
829 5208 1257 5278 multiplicamini,
1302 5217 1367 5261 et'
1393 5208 1596 5277 implete
1633 5215 1731 5261 tero

137 5327 249 5362 mm
278 5305 430 5381 (Gen.
466 5307 515 5359 l.
544 5303 663 5374 28).
694 5304 805 5359 Hoc
827 5304 968 5358 enim
998 5302 1383 5356 incrementum
1411 5299 1573 5354 dedit.
1597 5298 1728 5367 Quia

134 5414 191 5456 et
228 5400 483 5455 lsraelitae
507 5412 628 5452 cum
656 5397 707 5450 in
739 5395 972 5468 {Egypto
1011 5396 1061 5449 in
1104 5394 1215 5448 luto
1263 5402 1332 5449 et
1362 5394 1528 5448 latere
1556 5391 1726 5446 conli-

129 5488 337 5548 ciendo
360 5491 570 5546 onerati
599 5477 802 5555 essent,
847 5488 898 5542 in
944 5494 1093 5541 tanto
1134 5486 1390 5556 majorem
1434 5483 1731 5539 multitudi-

136 5600 263 5639 nem
297 5581 698 5647 excrescebant,
726 5594 829 5650 quo
868 5580 1036 5648 magis
1069 5578 1504 5648 opprimebantur
1535 5576 1725 5647 (Exod.

138 5677 190 5728 t.
221 5684 272 5727 et
312 5670 490 5743 κσιι.)
520 5688 533 5725 :
560 5682 614 5728 et
642 5687 815 5742 neque
844 5671 1226 5726 immisericors
1263 5680 1317 5724 et
1345 5668 1560 5724 crudele
1590 5684 1729 5738 prro-

124 5774 347 5833 ccptum
410 5761 735 5831 Pharaonis,
779 5778 883 5833 quo
923 5762 1328 5833 pratcipicbatur
1354 5760 1629 5831 masculos
1676 5761 1726 5816 in

1157 306 1226 362 IN
1266 303 1416 360 CAP.
1460 302 1549 359 IX.
1592 299 1833 363 GENES.
1876 305 2100 362 iltnliL.
2144 309 2381 365 XXYlll.

3321 318 3426 376 238

1842 417 2055 472 ﬂumina
2089 421 2308 490 projici;
2344 437 2512 493 neque
2542 426 2752 481 vexatio
2783 427 2893 496 illa,
2938 445 3094 499 quam
3142 446 3170 485 a
3231 434 3427 502 prmfe-

1804 506 1809 509 ’
1837 514 1938 566 etis
1966 528 2243 582 operarum
2274 517 2628 587 patiebantur,
2661 520 2829 576 valuit
2856 522 3171 582 imminuere
3214 527 3426 595 illorum

1806 682 1807 685 η
1838 606 2251 676 multitudinem,
2281 609 2372 663 sed
2400 611 2565 680 magis
2594 615 2863 684 magisque
2909 632 3130 673 numero
3155 621 3426 689 augeban-

1839 702 1943 751 tur.
1998 698 2123 751 Erat
2158 698 2297 752 enim
2343 698 2517 755 divina
2572 702 2917 774 dispensatio,
2971 724 3087 776 qua:
3133 711 3309 763 omnia
3359 727 3425 766 ex

1836 785 2075 841 adversis
2090 788 2430 856 operabatur.

1906 877 1961 932 5.
2018 877 2115 932 Dei
2166 891 2413 950 praecepto
2434 893 2611 936 cuncta
2663 887 2917 941 obediunt.
2981 888 3080 942 Per
3117 890 3430 947 adversarios

1837 970 1979 1040 efﬁcit
2014 970 2153 1026 Deus
2181 982 2235 1025 ut
2264 974 2390 1042 ﬁdes
2420 985 2625 1029 crescat.
2655 1007 2723 1015 --
2746 977 2964 1045 Quando
2991 980 3146 1052 igitur
3173 984 3430 1039 Dominus

1836 1064 2097 1133 praecipit,
2128 1079 2195 1119 ne
2223 1080 2433 1134 quaeras
2460 1075 2514 1120 ut
2544 1066 2776 1123 humano
2797 1085 2946 1126 more
2966 1087 3123 1141 Opera
3150 1076 3430 1145 perﬁcian-

1840 1160 1944 1205 tur.
1980 1152 2253 1208 Potentior
2282 1155 2422 1209 enim
2454 1171 2611 1226 quam
2643 1166 2829 1213 natura
2850 1200 2865 1225 ,
2920 1176 3024 1215 non
3068 1172 3188 1232 eget
3225 1172 3428 1220 natura:

1845 1243 1984 1299 serie
2010 1259 2072 1301 ac
2097 1246 2411 1314 ministerio,
2444 1248 2533 1302 sed
2565 1258 2616 1303 et
2640 1265 2737 1320 per
2764 1266 2829 1306 ea
2853 1267 2970 1322 qua:
3000 1253 3228 1324 alioquin
3263 1258 3429 1325 impe-

1835 1335 2019 1404 diunt,
2050 1351 2136 1393 res
2161 1338 2405 1410 adauget.
2460 1339 2538 1395 Eo
2586 1341 2745 1395 modo
2775 1354 2827 1397 et
2854 1360 2994 1397 nunc
3024 1360 3118 1414 per
3148 1357 3253 1403 tres
3306 1349 3422 1401 illos

1838 1436 2008 1483 t0tum
2048 1430 2229 1484 orbem
2263 1431 2520 1501 implevit.
2574 1434 2616 1485 A
2646 1434 2803 1488 tribus
2846 1437 2985 1490 enim
3034 1438 3154 1502 illis,
3212 1440 3417 1509 inquit,

1835 1521 2203 1590 dispersisunt-
2217 1522 2269 1576 in
2298 1528 2579 1578 universam
2610 1535 2812 1579 terram.
2875 1527 3055 1582 Vidisti
3102 1530 3196 1585 Dei
3228 1536 3413 1599 polen-

1837 1612 1961 1665 tiatn
1990 1613 2013 1667 ?
2064 1613 2239 1668 vidisti
2283 1616 2549 1685 quomodo
2574 1658 2588 1681 ,
2636 1617 2736 1673 etsi
2785 1620 2890 1674 sint
2918 1620 3081 1675 multa
3112 1622 3382 1677 obstacula
3406 1668 3420 1690 ,

1835 1705 1969 1759 nihil
2000 1715 2172 1761 tamen
2203 1707 2343 1762 illius
2372 1720 2609 1763 moratur
2635 1710 2993 1766 voluntatem?
3035 1714 3261 1782 ldipsunt
3290 1725 3345 1771 et
3371 1718 3421 1770 in

1837 1794 1945 1849 line
1969 1795 2147 1850 licebit
2188 1797 2388 1853 videre.
2420 1798 2552 1853 Cum
2583 1802 2723 1855 enim
2752 1801 2881 1856 tales
2919 1814 3100 1858 essent
3137 1807 3223 1875 qui
3251 1822 3422 1877 θυι-υς

1831 1898 2054 1957 guarent
2078 1930 2091 1954 ,
2123 1898 2200 1943 tot
2237 1891 2327 1960 qui
2374 1891 2784 1960 insidiarentur,
2820 1904 2871 1949 et
2902 1910 3073 1965 reges,
3106 1908 3159 1952 et
3190 1902 3420 1970 tyranni,

1809 1985 1885 2050 get
1908 1978 2085 2047 populi
2124 1979 2478 2050 insurgentes,
2521 1991 2574 2036 et
2614 1983 2791 2037 omnia
2837 1984 3092 2041 facientes
3124 1996 3178 2041 ut
3215 1991 3420 2044 exstin-

1835 2076 2060 2135 guerent
2087 2068 2372 2125 scintillam
2402 2071 2546 2140 lidci,
2575 2088 2669 2143 per
2695 2072 3053 2144 insidiatores,
3080 2093 3174 2147 per
3218 2093 3309 2134 eos
3333 2082 3422 2150 qui

1836 2167 2018 2214 vetare
2070 2159 2353 2230 volebant,
2408 2171 2551 2217 tanta
2606 2164 2815 2235 pietatis
2855 2165 3065 2221 llamma
3095 2169 3307 2240 erupit,
3361 2183 3421 2226 ut

1834 2260 2002 2307 totum
2059 2254 2245 2309 orbem
2303 2254 2596 2311 habitatum
2635 2265 2690 2312 et
2728 2257 3079 2315 inhabitatum
3150 2261 3421 2318 invaserit.

1833 2345 2055 2400 Etiamsi
2076 2346 2148 2401 "ad
2180 2348 2338 2404 ludos
2367 2350 2560 2404 abieris
2580 2391 2594 2417 ,
2641 2359 2692 2406 et
2722 2352 2787 2406 ad
2818 2352 3078 2427 Scythas,
3110 2364 3163 2411 et
3187 2356 3253 2411 ad
3289 2355 3423 2414 lines

1832 2437 1976 2493 orbis
2008 2447 2180 2505 terrae,
2228 2440 2433 2495 etiamsi
2474 2441 2540 2497 ad
2577 2443 2746 2512 ipsum
2789 2444 3076 2513 Oceanum,
3128 2448 3320 2519 ubique
3340 2447 3426 2503 in-

1831 2531 2015 2586 venies
2061 2530 2255 2586 Christi
2300 2531 2594 2588 doctrinam
2636 2535 2987 2592 illustrantem
3035 2540 3271 2594 omnium
3300 2543 3416 2596 ani-

1834 2638 1971 2678 mos.
2014 2623 2164 2692 Quod
2210 2625 2350 2680 enim
2381 2626 2692 2683 admirabile
2716 2639 2770 2683 et
2797 2640 3012 2700 stupore
3037 2632 3248 2702 plenum
3271 2674 3285 2700 ,
3316 2640 3418 2704 p;;e

1833 2715 2105 2786 religionis
2131 2714 2371 2771 doctrina
2399 2717 2541 2787 ipsas
2570 2718 2823 2777 barbaras
2864 2723 3104 2778 nationes
3137 2727 3415 2792 convertit,

1833 2807 1907 2861 ita
1956 2815 2016 2861 ut
2066 2805 2427 2879 philosophari
2478 2809 2797 2878 didicerint,
2846 2821 2900 2867 et
2946 2812 3150 2883 abjeCta
3203 2817 3424 2886 pristina

1833 2898 2218 2955 consuetudine
2237 2899 2303 2953 ad
2329 2900 2580 2970 pietatem
2612 2903 2880 2958 translata:
2906 2904 3033 2959 sint.
3063 2906 3291 2962 Etsicut
3326 2925 3425 2979 per

1835 3002 1943 3049 tres
1970 2996 2088 3054 illos
2113 2996 2386 3053 hominum
2407 3010 2572 3066 genus
2595 2994 2963 3067 multiplicavit
3002 2999 3233 3056 universi
3271 2998 3418 3058 Coa-

1832 3085 1973 3141 ditor
2017 3105 2031 3143 :
2080 3088 2150 3143 ita
2177 3102 2387 3160 quoque
2415 3095 2469 3142 et
2511 3087 2563 3141 in
2595 3085 2696 3141 fide
2722 3102 2814 3157 per
2840 3088 3086 3144 undecim
3118 3090 3411 3161 pisca'ores

1836 3180 2117 3237 illiteratos
2140 3190 2193 3236 et
2215 3181 2403 3236 idiotas
2428 3222 2445 3248 ,
2484 3179 2573 3250 qui
2606 3194 2777 3250 neque
2811 3195 2873 3236 os
2898 3182 3106 3251 aperire
3132 3184 3421 3254 audebant,

1842 3285 2055 3326 omnem
2084 3271 2185 3327 sibi
2229 3272 2411 3327 orbem
2440 3271 2689 3339 attraxit,
2740 3279 2897 3341 atque
2942 3273 3171 3329 illttcrati
3198 3276 3318 3343 isti,
3368 3288 3425 3333 et

1834 3360 2012 3418 idiota:
2034 3403 2069 3430 ,ἱ
2104 3371 2158 3418 et
2204 3364 2547 3433 piscatores,.
2572 3362 3009 3434 philosophorum
3039 3366 3419 3424 obturaverunt

1833 3468 1948 3523 ora,
1990 3465 2045 3511 et
2080 3464 2506 3511 transcurrerunt
2525 3455 2709 3511 orbem
2735 3457 2887 3528 quasi
2912 3459 3057 3527 alati,
3096 3461 3426 3517 seminantcs

1835 3548 2075 3603 veritatis
2101 3547 2430 3617 sermonem,
2460 3556 2513 3602 et
2537 3548 2714 3619 spinas
2742 3559 3071 3618 cxsecantcs,
3100 3562 3153 3607 et
3176 3554 3424 3623 pristinas

1835 3640 2143 3697 all‘ectiones
2171 3640 2513 3708 revellentes,
2545 3639 2847 3711 Christique
2877 3642 3023 3712 leges
3050 3643 3244 3715 ubique
3274 3645 3423 3715 plan-

1839 3743 2010 3790 tantes
2041 3753 2053 3788 :
2083 3749 2145 3789 ac
2174 3749 2346 3803 neque
2369 3732 2507 3805 quod
2539 3734 2691 3803 pauci
2713 3744 2910 3801 essent,
2944 3749 3118 3805 neque
3146 3737 3285 3806 quod
3318 3739 3425 3808 pri-

1841 3826 1947 3881 vati
2000 3834 2056 3881 et
2109 3824 2383 3890 illiterati,
2437 3839 2608 3895 neque
2661 3826 2802 3895 quod
2850 3834 3062 3881 austera
3109 3834 3162 3881 et
3205 3826 3423 3884 insolita

1835 3917 2102 3988 juberent,
2138 3930 2309 3987 neque
2349 3914 2487 3985 quod
2521 3914 2685 3970 veteri
2715 3914 3097 3971 consuetudine
3134 3916 3422 3973 humanum

1834 4024 1999 4080 genus
2023 4018 2351 4079 prmventum
2379 4015 2542 4073 esset,
2564 4006 2837 4069 obstaculo
2854 4005 2930 4061 eis
2946 4021 3076 4063 esse
3089 4008 3259 4079 potuit
3284 4028 3295 4062 :
3322 4009 3420 4066 sed

1834 4101 2029 4175 pratvia
2057 4098 2221 4171 gratia
2253 4097 2464 4153 sustulit
2491 4098 2607 4152 haec
2629 4097 3150 4169 omnia,.magnaque
3174 4098 3425 4157 facilitate

1835 4193 2038 4264 operati
2068 4201 2190 4248 sunt
2216 4192 2418 4256 omnia,
2448 4204 2540 4261 per
2569 4190 2679 4260 ipsa
2709 4189 2978 4245 obstacula
3002 4191 3258 4261 majorem
3287 4194 3425 4247 acci-

1839 4284 2046 4354 pientes
2100 4284 2451 4338 alacritatem.
2521 4280 2808 4336 Enimvero
2862 4281 3122 4337 interdum
3177 4283 3360 4354 ﬂagel:
3386 4287 3424 4339 ti

1836 4376 2170 4433 decedebant
2212 4375 2521 4447 gaudentes,
2566 4390 2670 4430 non
2714 4384 2930 4445 propter
2971 4374 3176 4446 ﬂagella
3216 4378 3422 4449 simpli-

1834 4470 1999 4538 citer,
2028 4469 2120 4525 sed
2154 4467 2286 4535 Quia
2332 4484 2426 4540 pro
2475 4466 2675 4522 nomine
2701 4465 2886 4521 Christi
2933 4466 3072 4538 digni
3104 4468 3258 4522 habiti
3299 4482 3420 4524 sunt

1834 4562 2161 4634 ignominiam
2187 4562 2292 4631 pati
2323 4560 2456 4631 (Act.
2488 4560 2540 4615 5.
2568 4558 2659 4630 41)
2682 4574 2697 4626 ;
2723 4558 2986 4614 interdum
3012 4568 3187 4616 autem
3218 4561 3270 4615 in
3297 4577 3420 4635 car-

1833 4668 2011 4710 cerem
2037 4652 2284 4723 eonjccti,
2311 4660 2657 4722 posteaquam
2679 4650 2747 4705 ab
2766 4651 2956 4721 angelo
2982 4650 3155 4708 educti
3186 4652 3413 4716 fuerunt,

1834 4745 2025 4801 iterum
2055 4743 2239 4799 eadem
2269 4743 2728 4809 continuaverunt,
2760 4752 2816 4799 et
2842 4742 2894 4798 in
2920 4744 3170 4813 templum
3213 4744 3420 4799 abeun-

1836 4847 1936 4907 tes,
1983 4838 2239 4894 doctrinae
2266 4851 2566 4892 sermonem
2614 4835 3207 4908 seminaverunt(lbid.
3250 4837 3415 4893 v.19.

1834 4930 1990 5000 δαίμ),
2016 4929 2239 5000 populos
2261 4930 2408 4999 quasi
2430 4928 2683 4998 piscando
2708 4928 2773 4984 ad
2798 4928 3046 4998 pietatem
3078 4928 3419 4993 inducentcs;

1835 5033 1890 5080 et
1918 5024 2108 5079 iterum
2137 5023 2357 5090 detenti,
2388 5037 2496 5077 non
2525 5022 2694 5077 solum
2722 5036 2827 5075 non
2854 5020 3126 5090 segniores
3148 5020 3268 5075 inde
3299 5020 3420 5077 laeti

1834 5125 1988 5183 sunt,
2017 5116 2111 5171 sed
2139 5125 2193 5170 et
2217 5118 2474 5183 majorem
2503 5114 2800 5169 libertatem
2843 5127 2950 5182 prae
2982 5127 3041 5166 se
3068 5114 3335 5180 tulerunt,
3370 5117 3421 5169 in

1835 5209 2011 5264 medio
2033 5208 2339 5263 insanientis
2365 5206 2544 5276 populi
2582 5215 2638 5261 et
2680 5204 2924 5260 dentibus
2952 5203 3226 5262 frementis
3272 5217 3422 5263 stan-

1838 5310 1937 5368 tes,
1955 5313 2018 5353 ac
2042 5300 2298 5365 dicentes,
2331 5298 2543 5351 Uber/ire
2567 5294 2888 5381 oportet‘Deo
2914 5298 3073 5368 magis
3094 5315 3247 5369 quant
3268 5303 3425 5354 licini.

1836 5390 2179 5464 nibus(lbid.
2206 5408 2254 5445 υ.
2293 5390 2409 5462 29).
2447 5390 2629 5445 Vidisti
2663 5389 2921 5479 libta‘ptis
2963 5392 3424 5462 magnitudinem?

1839 5485 2013 5539 vidisti
2060 5484 2338 5539 illiteratos
2369 5483 2656 5552 piscatores
2685 5496 3027 5538 contemnere
3073 5493 3145 5538 tot
3186 5485 3422 5541 furentes

1837 5574 2062 5646 populos
2086 5616 2098 5641 ,
2128 5584 2180 5629 et
2208 5573 2272 5627 ad
2304 5573 2476 5629 cazdes
2502 5587 2563 5628 ac
2590 5574 2937 5629 mactationes
2960 5574 3211 5645 paratos?
3235 5576 3305 5629 At
3334 5587 3386 5629 tu
3404 5619 3419 5643 ,

1836 5666 2048 5731 dilecte,
2081 5665 2300 5721 audiens
2330 5665 2443 5719 haec
2466 5666 2726 5720 omniane
2748 5665 2920 5719 tribue
2952 5665 3073 5733 iliis,
3104 5665 3196 5720 sed
3222 5663 3421 5717 divina:

1840 5757 2042 5831 gratim,
2075 5772 2194 5828 qua:
2223 5757 2573 5813 conﬁrmabat
2602 5766 2653 5814 et
2682 5756 2975 5812 instruebat
3003 5756 3209 5811 illorutn
3228 5751 3424 5809 alacri.-
