  <div class='ocr_page' id='page_1' title='image "/cluster/home/n/w/nwhite01/storage/ocr_20150623/53-54/hvd.32044012465829/259.png"; bbox 0 0 3804 6260; ppageno 0'>
   <div class='ocr_carea' id='block_1_1' title="bbox 399 266 2936 341">
    <p class='ocr_par' dir='ltr' id='par_1_1' title="bbox 399 266 2936 341">
     <span class='ocr_line' id='line_1_1' title="bbox 399 266 2936 341; baseline -0.002 -14"><span class='ocrx_word' id='word_1_1' title='bbox 399 284 497 341; x_wconf 64' lang='grc' dir='ltr'><strong>εεξ)</strong></span> <span class='ocrx_word' id='word_1_2' title='bbox 1111 276 1168 330; x_wconf 84' lang='lat' dir='ltr'><strong>S.</strong></span> <span class='ocrx_word' id='word_1_3' title='bbox 1209 272 1487 330; x_wconf 75' lang='lat' dir='ltr'><strong>JOANNIS</strong></span> <span class='ocrx_word' id='word_1_4' title='bbox 1524 267 2002 327; x_wconf 69' lang='lat' dir='ltr'><strong>CIIRYSOSTOW</strong></span> <span class='ocrx_word' id='word_1_5' title='bbox 2044 266 2359 325; x_wconf 69' lang='lat' dir='ltr'><strong>ARCIIIEP.</strong></span> <span class='ocrx_word' id='word_1_6' title='bbox 2402 268 2936 326; x_wconf 71' lang='lat' dir='ltr'><strong>CONSTANTINOP.</strong></span> 
     </span>
    </p>
   </div>
   <div class='ocr_carea' id='block_1_2' title="bbox 394 389 1980 462">
    <p class='ocr_par' dir='ltr' id='par_1_2' title="bbox 394 389 1980 462">
     <span class='ocr_line' id='line_1_2' title="bbox 394 389 1980 462; baseline -0.008 -10"><span class='ocrx_word' id='word_1_7' title='bbox 394 408 577 452; x_wconf 88' lang='lat' dir='ltr'><strong>tatem.</strong></span> <span class='ocrx_word' id='word_1_8' title='bbox 633 394 766 462; x_wconf 90' lang='lat' dir='ltr'><strong>Quia</strong></span> <span class='ocrx_word' id='word_1_9' title='bbox 818 400 871 446; x_wconf 91' lang='lat' dir='ltr'><strong>et</strong></span> <span class='ocrx_word' id='word_1_10' title='bbox 923 390 1009 445; x_wconf 85' lang='lat' dir='ltr'><strong>ille</strong></span> <span class='ocrx_word' id='word_1_11' title='bbox 1063 390 1245 443; x_wconf 89' lang='lat' dir='ltr'><strong>beatus</strong></span> <span class='ocrx_word' id='word_1_12' title='bbox 1296 389 1517 451; x_wconf 83' lang='lat' dir='ltr'><strong>Petrus,</strong></span> <span class='ocrx_word' id='word_1_13' title='bbox 1568 403 1688 442; x_wconf 89' lang='lat' dir='ltr'><strong>emn</strong></span> <span class='ocrx_word' id='word_1_14' title='bbox 1736 402 1800 441; x_wconf 88' lang='lat' dir='ltr'><strong>ex</strong></span> <span class='ocrx_word' id='word_1_15' title='bbox 1829 398 1980 440; x_wconf 90' lang='lat' dir='ltr'><strong>utero</strong></span> 
     </span>
    </p>
   </div>
   <div class='ocr_carea' id='block_1_3' title="bbox 366 477 1986 553">
    <p class='ocr_par' dir='ltr' id='par_1_3' title="bbox 366 477 1986 553">
     <span class='ocr_line' id='line_1_3' title="bbox 366 477 1986 553; baseline -0.008 -12"><span class='ocrx_word' id='word_1_16' title='bbox 366 550 367 553; x_wconf 25' lang='grc' dir='ltr'><strong>η</strong></span> <span class='ocrx_word' id='word_1_17' title='bbox 397 487 584 541; x_wconf 86' lang='lat' dir='ltr'><strong>matris</strong></span> <span class='ocrx_word' id='word_1_18' title='bbox 607 483 851 539; x_wconf 86' lang='lat' dir='ltr'><strong>claudum</strong></span> <span class='ocrx_word' id='word_1_19' title='bbox 875 491 1078 537; x_wconf 89' lang='lat' dir='ltr'><strong>rectum</strong></span> <span class='ocrx_word' id='word_1_20' title='bbox 1104 477 1321 545; x_wconf 89' lang='lat' dir='ltr'><strong>faceret,</strong></span> <span class='ocrx_word' id='word_1_21' title='bbox 1345 478 1594 533; x_wconf 89' lang='lat' dir='ltr'><strong>omnibus</strong></span> <span class='ocrx_word' id='word_1_22' title='bbox 1614 479 1986 547; x_wconf 84' lang='lat' dir='ltr'><strong>obstupescen-</strong></span> 
     </span>
    </p>
   </div>
   <div class='ocr_carea' id='block_1_4' title="bbox 399 568 1981 641">
    <p class='ocr_par' dir='ltr' id='par_1_4' title="bbox 399 568 1981 641">
     <span class='ocr_line' id='line_1_4' title="bbox 399 568 1981 641; baseline -0.007 -9"><span class='ocrx_word' id='word_1_23' title='bbox 399 580 540 632; x_wconf 88' lang='lat' dir='ltr'><strong>tibus</strong></span> <span class='ocrx_word' id='word_1_24' title='bbox 562 587 615 631; x_wconf 90' lang='lat' dir='ltr'><strong>et</strong></span> <span class='ocrx_word' id='word_1_25' title='bbox 640 572 1042 635; x_wconf 89' lang='lat' dir='ltr'><strong>admirantibus,</strong></span> <span class='ocrx_word' id='word_1_26' title='bbox 1066 579 1271 641; x_wconf 81' lang='lat' dir='ltr'><strong>gratum</strong></span> <span class='ocrx_word' id='word_1_27' title='bbox 1295 570 1408 640; x_wconf 90' lang='lat' dir='ltr'><strong>ipse</strong></span> <span class='ocrx_word' id='word_1_28' title='bbox 1426 570 1659 624; x_wconf 86' lang='lat' dir='ltr'><strong>animum</strong></span> <span class='ocrx_word' id='word_1_29' title='bbox 1683 568 1981 632; x_wconf 80' lang='lat' dir='ltr'><strong>declarans,</strong></span> 
     </span>
    </p>
   </div>
   <div class='ocr_carea' id='block_1_5' title="bbox 401 656 1985 739">
    <p class='ocr_par' dir='ltr' id='par_1_5' title="bbox 401 656 1985 739">
     <span class='ocr_line' id='line_1_5' title="bbox 401 656 1985 739; baseline -0.007 -16"><span class='ocrx_word' id='word_1_30' title='bbox 401 669 568 739; x_wconf 89' lang='lat' dir='ltr'><strong>inquit</strong></span> <span class='ocrx_word' id='word_1_31' title='bbox 599 684 612 720; x_wconf 93' lang='lat'>:</span> <span class='ocrx_word' id='word_1_32' title='bbox 660 666 782 730; x_wconf 83' lang='lat' dir='ltr'><strong>Viri,</strong></span> <span class='ocrx_word' id='word_1_33' title='bbox 818 662 939 733; x_wconf 83' lang='lat' dir='ltr'><strong>quid</strong></span> <span class='ocrx_word' id='word_1_34' title='bbox 968 679 1058 717; x_wconf 89' lang='lat' dir='ltr'><strong>nos</strong></span> <span class='ocrx_word' id='word_1_35' title='bbox 1085 661 1366 726; x_wconf 74' lang='lat' dir='ltr'><strong>intuemini,</strong></span> <span class='ocrx_word' id='word_1_36' title='bbox 1398 656 1544 732; x_wconf 87' lang='lat' dir='ltr'><strong>quasi</strong></span> <span class='ocrx_word' id='word_1_37' title='bbox 1567 670 1738 715; x_wconf 88' lang='lat' dir='ltr'><strong>nostra</strong></span> <span class='ocrx_word' id='word_1_38' title='bbox 1767 660 1985 729; x_wconf 82' lang='lat' dir='ltr'><strong>potentia</strong></span> 
     </span>
    </p>
   </div>
   <div class='ocr_carea' id='block_1_6' title="bbox 397 749 1985 830">
    <p class='ocr_par' dir='ltr' id='par_1_6' title="bbox 397 749 1985 830">
     <span class='ocr_line' id='line_1_6' title="bbox 397 749 1985 830; baseline -0.006 -15"><span class='ocrx_word' id='word_1_39' title='bbox 397 762 474 815; x_wconf 77' lang='lat' dir='ltr'><strong>rei</strong></span> <span class='ocrx_word' id='word_1_40' title='bbox 527 760 711 830; x_wconf 82' lang='lat' dir='ltr'><strong>pietate</strong></span> <span class='ocrx_word' id='word_1_41' title='bbox 761 757 1028 828; x_wconf 76' lang='lat' dir='ltr'><strong>fecerimus</strong></span> <span class='ocrx_word' id='word_1_42' title='bbox 1076 754 1223 808; x_wconf 84' lang='lat' dir='ltr'><strong>illum</strong></span> <span class='ocrx_word' id='word_1_43' title='bbox 1270 751 1701 824; x_wconf 83' lang='lat' dir='ltr'><strong>ambulare(Act.</strong></span> <span class='ocrx_word' id='word_1_44' title='bbox 1747 752 1801 807; x_wconf 79' lang='grc'><strong>5.</strong></span> <span class='ocrx_word' id='word_1_45' title='bbox 1850 749 1985 823; x_wconf 69' lang='lat'><strong>12)?</strong></span> 
     </span>
    </p>
   </div>
   <div class='ocr_carea' id='block_1_7' title="bbox 395 841 1983 919">
    <p class='ocr_par' dir='ltr' id='par_1_7' title="bbox 395 841 1983 919">
     <span class='ocr_line' id='line_1_7' title="bbox 395 841 1983 919; baseline -0.004 -14"><span class='ocrx_word' id='word_1_46' title='bbox 395 851 571 919; x_wconf 81' lang='lat' dir='ltr'><strong>Quare</strong></span> <span class='ocrx_word' id='word_1_47' title='bbox 593 892 608 916; x_wconf 87' lang='lat'><strong>,</strong></span> <span class='ocrx_word' id='word_1_48' title='bbox 638 848 826 917; x_wconf 81' lang='lat' dir='ltr'><strong>inquit,</strong></span> <span class='ocrx_word' id='word_1_49' title='bbox 854 847 930 902; x_wconf 90' lang='lat' dir='ltr'><strong>sic</strong></span> <span class='ocrx_word' id='word_1_50' title='bbox 959 845 1329 915; x_wconf 70' lang='lat' dir='ltr'><strong>obstupescitis</strong></span> <span class='ocrx_word' id='word_1_51' title='bbox 1347 887 1361 912; x_wconf 93' lang='lat'><strong>,</strong></span> <span class='ocrx_word' id='word_1_52' title='bbox 1390 852 1444 901; x_wconf 90' lang='lat' dir='ltr'><strong>et</strong></span> <span class='ocrx_word' id='word_1_53' title='bbox 1471 842 1747 914; x_wconf 91' lang='lat' dir='ltr'><strong>stupefacti</strong></span> <span class='ocrx_word' id='word_1_54' title='bbox 1774 842 1904 899; x_wconf 91' lang='lat' dir='ltr'><strong>estis</strong></span> <span class='ocrx_word' id='word_1_55' title='bbox 1930 841 1983 898; x_wconf 91' lang='lat' dir='ltr'><strong>in</strong></span> 
     </span>
    </p>
   </div>
   <div class='ocr_carea' id='block_1_8' title="bbox 398 934 1983 1007">
    <p class='ocr_par' dir='ltr' id='par_1_8' title="bbox 398 934 1983 1007">
     <span class='ocr_line' id='line_1_8' title="bbox 398 934 1983 1007; baseline -0.005 -10"><span class='ocrx_word' id='word_1_56' title='bbox 398 943 500 998; x_wconf 87' lang='lat' dir='ltr'><strong>hac</strong></span> <span class='ocrx_word' id='word_1_57' title='bbox 550 939 649 997; x_wconf 87' lang='lat' dir='ltr'><strong>re?</strong></span> <span class='ocrx_word' id='word_1_58' title='bbox 698 939 833 994; x_wconf 87' lang='lat' dir='ltr'><strong>Num</strong></span> <span class='ocrx_word' id='word_1_59' title='bbox 881 954 979 994; x_wconf 91' lang='lat' dir='ltr'><strong>nos</strong></span> <span class='ocrx_word' id='word_1_60' title='bbox 1025 942 1208 994; x_wconf 83' lang='lat' dir='ltr'><strong>stn&#39;nus</strong></span> <span class='ocrx_word' id='word_1_61' title='bbox 1249 936 1352 991; x_wconf 90' lang='lat' dir='ltr'><strong>hoc</strong></span> <span class='ocrx_word' id='word_1_62' title='bbox 1389 936 1613 1007; x_wconf 75' lang='lat' dir='ltr'><strong>operati,</strong></span> <span class='ocrx_word' id='word_1_63' title='bbox 1645 934 1733 991; x_wconf 85' lang='lat' dir='ltr'><strong>vel</strong></span> <span class='ocrx_word' id='word_1_64' title='bbox 1771 934 1983 1005; x_wconf 87' lang='lat' dir='ltr'><strong>propria</strong></span> 
     </span>
    </p>
   </div>
   <div class='ocr_carea' id='block_1_9' title="bbox 400 1027 1987 1093">
    <p class='ocr_par' dir='ltr' id='par_1_9' title="bbox 400 1027 1987 1093">
     <span class='ocr_line' id='line_1_9' title="bbox 400 1027 1987 1093; baseline -0.002 -8"><span class='ocrx_word' id='word_1_65' title='bbox 400 1035 594 1089; x_wconf 80' lang='lat' dir='ltr'><strong>virtute</strong></span> <span class='ocrx_word' id='word_1_66' title='bbox 644 1030 993 1087; x_wconf 81' lang='lat' dir='ltr'><strong>incolumitati</strong></span> <span class='ocrx_word' id='word_1_67' title='bbox 1046 1030 1193 1085; x_wconf 90' lang='lat' dir='ltr'><strong>illum</strong></span> <span class='ocrx_word' id='word_1_68' title='bbox 1241 1029 1598 1093; x_wconf 89' lang='lat' dir='ltr'><strong>restituimus,</strong></span> <span class='ocrx_word' id='word_1_69' title='bbox 1631 1037 1684 1082; x_wconf 85' lang='lat' dir='ltr'><strong>et</strong></span> <span class='ocrx_word' id='word_1_70' title='bbox 1711 1027 1987 1083; x_wconf 85' lang='lat' dir='ltr'><strong>ambulare</strong></span> 
     </span>
    </p>
   </div>
   <div class='ocr_carea' id='block_1_10' title="bbox 401 1120 1985 1192">
    <p class='ocr_par' dir='ltr' id='par_1_10' title="bbox 401 1120 1985 1192">
     <span class='ocr_line' id='line_1_10' title="bbox 401 1120 1985 1192; baseline -0.004 -11"><span class='ocrx_word' id='word_1_71' title='bbox 401 1125 667 1183; x_wconf 82' lang='lat' dir='ltr'><strong>fecimus?</strong></span> <span class='ocrx_word' id='word_1_72' title='bbox 694 1124 831 1192; x_wconf 87' lang='lat' dir='ltr'><strong>Quid</strong></span> <span class='ocrx_word' id='word_1_73' title='bbox 856 1140 947 1177; x_wconf 81' lang='lat' dir='ltr'><strong>nos</strong></span> <span class='ocrx_word' id='word_1_74' title='bbox 972 1122 1231 1176; x_wconf 80' lang='lat' dir='ltr'><strong>intuemini</strong></span> <span class='ocrx_word' id='word_1_75' title='bbox 1253 1122 1279 1176; x_wconf 71' lang='lat'><strong>.9</strong></span> <span class='ocrx_word' id='word_1_76' title='bbox 1304 1120 1444 1176; x_wconf 80' lang='lat' dir='ltr'><strong>Nihil</strong></span> <span class='ocrx_word' id='word_1_77' title='bbox 1471 1120 1697 1190; x_wconf 83' lang='lat' dir='ltr'><strong>amplius</strong></span> <span class='ocrx_word' id='word_1_78' title='bbox 1724 1134 1819 1174; x_wconf 89' lang='lat' dir='ltr'><strong>nos</strong></span> <span class='ocrx_word' id='word_1_79' title='bbox 1844 1126 1985 1175; x_wconf 83' lang='lat' dir='ltr'><strong>attu-</strong></span> 
     </span>
    </p>
   </div>
   <div class='ocr_carea' id='block_1_11' title="bbox 398 1210 1983 1288">
    <p class='ocr_par' dir='ltr' id='par_1_11' title="bbox 398 1210 1983 1288">
     <span class='ocr_line' id='line_1_11' title="bbox 398 1210 1983 1288; baseline -0.006 -16"><span class='ocrx_word' id='word_1_80' title='bbox 398 1217 589 1284; x_wconf 90' lang='lat' dir='ltr'><strong>limus,</strong></span> <span class='ocrx_word' id='word_1_81' title='bbox 620 1232 777 1288; x_wconf 88' lang='lat' dir='ltr'><strong>quam</strong></span> <span class='ocrx_word' id='word_1_82' title='bbox 818 1214 957 1284; x_wconf 90' lang='lat' dir='ltr'><strong>quod</strong></span> <span class='ocrx_word' id='word_1_83' title='bbox 983 1214 1215 1284; x_wconf 78' lang='lat' dir='ltr'><strong>linguam</strong></span> <span class='ocrx_word' id='word_1_84' title='bbox 1244 1220 1478 1266; x_wconf 88' lang='lat' dir='ltr'><strong>nostram</strong></span> <span class='ocrx_word' id='word_1_85' title='bbox 1511 1210 1983 1267; x_wconf 82' lang='lat' dir='ltr'><strong>commodavimus.</strong></span> 
     </span>
    </p>
   </div>
   <div class='ocr_carea' id='block_1_12' title="bbox 404 1302 1987 1377">
    <p class='ocr_par' dir='ltr' id='par_1_12' title="bbox 404 1302 1987 1377">
     <span class='ocr_line' id='line_1_12' title="bbox 404 1302 1987 1377; baseline -0.006 -14"><span class='ocrx_word' id='word_1_86' title='bbox 404 1310 504 1377; x_wconf 91' lang='lat' dir='ltr'><strong>Qui</strong></span> <span class='ocrx_word' id='word_1_87' title='bbox 535 1317 712 1364; x_wconf 87' lang='lat' dir='ltr'><strong>autem</strong></span> <span class='ocrx_word' id='word_1_88' title='bbox 743 1307 918 1363; x_wconf 89' lang='lat' dir='ltr'><strong>omnia</strong></span> <span class='ocrx_word' id='word_1_89' title='bbox 948 1304 1105 1373; x_wconf 90' lang='lat' dir='ltr'><strong>fecit,</strong></span> <span class='ocrx_word' id='word_1_90' title='bbox 1137 1304 1393 1358; x_wconf 90' lang='lat' dir='ltr'><strong>Dominus</strong></span> <span class='ocrx_word' id='word_1_91' title='bbox 1422 1312 1504 1358; x_wconf 90' lang='lat' dir='ltr'><strong>est</strong></span> <span class='ocrx_word' id='word_1_92' title='bbox 1524 1344 1538 1367; x_wconf 93' lang='lat'><strong>,</strong></span> <span class='ocrx_word' id='word_1_93' title='bbox 1569 1311 1623 1357; x_wconf 91' lang='lat' dir='ltr'><strong>et</strong></span> <span class='ocrx_word' id='word_1_94' title='bbox 1652 1302 1740 1357; x_wconf 92' lang='lat' dir='ltr'><strong>ille</strong></span> <span class='ocrx_word' id='word_1_95' title='bbox 1783 1311 1987 1355; x_wconf 87' lang='lat' dir='ltr'><strong>naturae</strong></span> 
     </span>
    </p>
   </div>
   <div class='ocr_carea' id='block_1_13' title="bbox 399 1392 1985 1467">
    <p class='ocr_par' dir='ltr' id='par_1_13' title="bbox 399 1392 1985 1467">
     <span class='ocr_line' id='line_1_13' title="bbox 399 1392 1985 1467; baseline -0.003 -13"><span class='ocrx_word' id='word_1_96' title='bbox 399 1402 691 1467; x_wconf 71' lang='lat' dir='ltr'><strong>Conditor,</strong></span> <span class='ocrx_word' id='word_1_97' title='bbox 725 1399 860 1454; x_wconf 82' lang='lat' dir='ltr'><strong>Deus</strong></span> <span class='ocrx_word' id='word_1_98' title='bbox 890 1398 1144 1451; x_wconf 80' lang='lat' dir='ltr'><strong>Abraham</strong></span> <span class='ocrx_word' id='word_1_99' title='bbox 1168 1438 1184 1463; x_wconf 90' lang='lat'><strong>,</strong></span> <span class='ocrx_word' id='word_1_100' title='bbox 1211 1395 1362 1449; x_wconf 86' lang='lat' dir='ltr'><strong>Isaac</strong></span> <span class='ocrx_word' id='word_1_101' title='bbox 1387 1437 1401 1460; x_wconf 93' lang='lat'><strong>,</strong></span> <span class='ocrx_word' id='word_1_102' title='bbox 1427 1404 1473 1449; x_wconf 83' lang='lat' dir='ltr'><strong>et</strong></span> <span class='ocrx_word' id='word_1_103' title='bbox 1496 1392 1657 1447; x_wconf 85' lang='lat' dir='ltr'><strong>Jacob</strong></span> <span class='ocrx_word' id='word_1_104' title='bbox 1681 1435 1697 1461; x_wconf 91' lang='lat'><strong>,</strong></span> <span class='ocrx_word' id='word_1_105' title='bbox 1726 1408 1858 1463; x_wconf 91' lang='lat' dir='ltr'><strong>quos</strong></span> <span class='ocrx_word' id='word_1_106' title='bbox 1889 1407 1985 1463; x_wconf 80' lang='lat' dir='ltr'><strong>pa-</strong></span> 
     </span>
    </p>
   </div>
   <div class='ocr_carea' id='block_1_14' title="bbox 402 1485 1993 1557">
    <p class='ocr_par' dir='ltr' id='par_1_14' title="bbox 402 1485 1993 1557">
     <span class='ocr_line' id='line_1_14' title="bbox 402 1485 1993 1557; baseline -0.008 -7"><span class='ocrx_word' id='word_1_107' title='bbox 402 1495 659 1551; x_wconf 77' lang='lat' dir='ltr'><strong>triarchas</strong></span> <span class='ocrx_word' id='word_1_108' title='bbox 688 1490 938 1549; x_wconf 82' lang='lat' dir='ltr'><strong>censetis.</strong></span> <span class='ocrx_word' id='word_1_109' title='bbox 969 1491 1058 1545; x_wconf 90' lang='lat' dir='ltr'><strong>llle</strong></span> <span class='ocrx_word' id='word_1_110' title='bbox 1087 1489 1244 1556; x_wconf 82' lang='lat' dir='ltr'><strong>Quem</strong></span> <span class='ocrx_word' id='word_1_111' title='bbox 1261 1485 1993 1557; x_wconf 81' lang='lat' dir='ltr'><strong>vostradidistis,etuegastis</strong></span> 
     </span>
    </p>
   </div>
   <div class='ocr_carea' id='block_1_15' title="bbox 405 1574 1988 1657">
    <p class='ocr_par' dir='ltr' id='par_1_15' title="bbox 405 1574 1988 1657">
     <span class='ocr_line' id='line_1_15' title="bbox 405 1574 1988 1657; baseline -0.008 -16"><span class='ocrx_word' id='word_1_112' title='bbox 405 1603 577 1642; x_wconf 86' lang='lat' dir='ltr'><strong>coram</strong></span> <span class='ocrx_word' id='word_1_113' title='bbox 606 1584 737 1657; x_wconf 80' lang='lat' dir='ltr'><strong>{acie</strong></span> <span class='ocrx_word' id='word_1_114' title='bbox 784 1581 943 1636; x_wconf 87' lang='lat' dir='ltr'><strong>Pilati</strong></span> <span class='ocrx_word' id='word_1_115' title='bbox 974 1580 1256 1651; x_wconf 85' lang='lat' dir='ltr'><strong>judicantis</strong></span> <span class='ocrx_word' id='word_1_116' title='bbox 1297 1578 1440 1631; x_wconf 88' lang='lat' dir='ltr'><strong>illum</strong></span> <span class='ocrx_word' id='word_1_117' title='bbox 1478 1576 1825 1631; x_wconf 85' lang='lat' dir='ltr'><strong>dimittendum</strong></span> <span class='ocrx_word' id='word_1_118' title='bbox 1854 1590 1872 1627; x_wconf 91' lang='lat'><strong><em>:</em></strong></span> <span class='ocrx_word' id='word_1_119' title='bbox 1900 1574 1988 1629; x_wconf 86' lang='lat' dir='ltr'><strong>ille</strong></span> 
     </span>
    </p>
   </div>
   <div class='ocr_carea' id='block_1_16' title="bbox 403 1663 1988 1749">
    <p class='ocr_par' dir='ltr' id='par_1_16' title="bbox 403 1663 1988 1749">
     <span class='ocr_line' id='line_1_16' title="bbox 403 1663 1988 1749; baseline -0.01 -16"><span class='ocrx_word' id='word_1_120' title='bbox 403 1676 599 1749; x_wconf 79' lang='lat' dir='ltr'><strong>estqui</strong></span> <span class='ocrx_word' id='word_1_121' title='bbox 631 1674 807 1729; x_wconf 82' lang='lat' dir='ltr'><strong>omnia</strong></span> <span class='ocrx_word' id='word_1_122' title='bbox 855 1680 1103 1743; x_wconf 81' lang='lat' dir='ltr'><strong>aperatus</strong></span> <span class='ocrx_word' id='word_1_123' title='bbox 1133 1676 1251 1735; x_wconf 88' lang='lat' dir='ltr'><strong>est,</strong></span> <span class='ocrx_word' id='word_1_124' title='bbox 1299 1682 1459 1737; x_wconf 87' lang='lat' dir='ltr'><strong>quem</strong></span> <span class='ocrx_word' id='word_1_125' title='bbox 1524 1663 1624 1719; x_wconf 83' lang='lat' dir='ltr'><strong>Vos</strong></span> <span class='ocrx_word' id='word_1_126' title='bbox 1670 1673 1897 1719; x_wconf 87' lang='lat' dir='ltr'><strong>sanctum</strong></span> <span class='ocrx_word' id='word_1_127' title='bbox 1942 1672 1988 1718; x_wconf 89' lang='lat' dir='ltr'><strong>et</strong></span> 
     </span>
    </p>
   </div>
   <div class='ocr_carea' id='block_1_17' title="bbox 403 1754 1989 1845">
    <p class='ocr_par' dir='ltr' id='par_1_17' title="bbox 403 1754 1989 1845">
     <span class='ocr_line' id='line_1_17' title="bbox 403 1754 1989 1845; baseline -0.009 -23"><span class='ocrx_word' id='word_1_128' title='bbox 403 1773 601 1845; x_wconf 86' lang='lat' dir='ltr'><strong>justum</strong></span> <span class='ocrx_word' id='word_1_129' title='bbox 649 1765 905 1838; x_wconf 77' lang='lat' dir='ltr'><strong>negastis,</strong></span> <span class='ocrx_word' id='word_1_130' title='bbox 936 1773 983 1817; x_wconf 87' lang='lat' dir='ltr'><strong>et</strong></span> <span class='ocrx_word' id='word_1_131' title='bbox 1034 1762 1245 1833; x_wconf 88' lang='lat' dir='ltr'><strong>petiistis</strong></span> <span class='ocrx_word' id='word_1_132' title='bbox 1300 1760 1464 1813; x_wconf 83' lang='lat' dir='ltr'><strong>virum</strong></span> <span class='ocrx_word' id='word_1_133' title='bbox 1508 1757 1811 1810; x_wconf 79' lang='lat' dir='ltr'><strong>homicidam</strong></span> <span class='ocrx_word' id='word_1_134' title='bbox 1853 1754 1989 1809; x_wconf 83' lang='lat' dir='ltr'><strong>vobis</strong></span> 
     </span>
    </p>
   </div>
   <div class='ocr_carea' id='block_1_18' title="bbox 407 1850 1990 1931">
    <p class='ocr_par' dir='ltr' id='par_1_18' title="bbox 407 1850 1990 1931">
     <span class='ocr_line' id='line_1_18' title="bbox 407 1850 1990 1931; baseline -0.009 -15"><span class='ocrx_word' id='word_1_135' title='bbox 407 1862 541 1916; x_wconf 85' lang='lat' dir='ltr'><strong>tradi</strong></span> <span class='ocrx_word' id='word_1_136' title='bbox 585 1878 602 1915; x_wconf 88' lang='lat'><strong><em>:</em></strong></span> <span class='ocrx_word' id='word_1_137' title='bbox 656 1858 949 1931; x_wconf 85' lang='lat' dir='ltr'><strong>Principem</strong></span> <span class='ocrx_word' id='word_1_138' title='bbox 1002 1864 1168 1909; x_wconf 79' lang='lat' dir='ltr'><strong>autem</strong></span> <span class='ocrx_word' id='word_1_139' title='bbox 1220 1853 1334 1908; x_wconf 76' lang='lat' dir='ltr'><strong>rita:</strong></span> <span class='ocrx_word' id='word_1_140' title='bbox 1384 1850 1790 1917; x_wconf 76' lang='lat' dir='ltr'><strong>condemnastis,</strong></span> <span class='ocrx_word' id='word_1_141' title='bbox 1844 1865 1990 1917; x_wconf 87' lang='lat' dir='ltr'><strong>quem</strong></span> 
     </span>
    </p>
   </div>
   <div class='ocr_carea' id='block_1_19' title="bbox 404 1938 1989 2015">
    <p class='ocr_par' dir='ltr' id='par_1_19' title="bbox 404 1938 1989 2015">
     <span class='ocr_line' id='line_1_19' title="bbox 404 1938 1989 2015; baseline -0.009 -7"><span class='ocrx_word' id='word_1_142' title='bbox 404 1952 540 2007; x_wconf 85' lang='lat' dir='ltr'><strong>Deus</strong></span> <span class='ocrx_word' id='word_1_143' title='bbox 569 1951 797 2006; x_wconf 69' lang='lat' dir='ltr'><strong>excitavit</strong></span> <span class='ocrx_word' id='word_1_144' title='bbox 824 1967 854 2003; x_wconf 93' lang='lat' dir='ltr'><strong>a</strong></span> <span class='ocrx_word' id='word_1_145' title='bbox 880 1948 1089 2007; x_wconf 83' lang='lat' dir='ltr'><strong>mortuis</strong></span> <span class='ocrx_word' id='word_1_146' title='bbox 1109 1988 1122 2014; x_wconf 94' lang='lat'><strong>,</strong></span> <span class='ocrx_word' id='word_1_147' title='bbox 1154 1947 1299 2015; x_wconf 85' lang='lat' dir='ltr'><strong>cujus</strong></span> <span class='ocrx_word' id='word_1_148' title='bbox 1329 1959 1420 2003; x_wconf 84' lang='lat' dir='ltr'><strong>nos</strong></span> <span class='ocrx_word' id='word_1_149' title='bbox 1445 1951 1590 1997; x_wconf 85' lang='lat' dir='ltr'><strong>testes</strong></span> <span class='ocrx_word' id='word_1_150' title='bbox 1614 1958 1806 1996; x_wconf 86' lang='lat' dir='ltr'><strong>sumus.</strong></span> <span class='ocrx_word' id='word_1_151' title='bbox 1844 1938 1910 1994; x_wconf 83' lang='lat' dir='ltr'><strong>Et</strong></span> <span class='ocrx_word' id='word_1_152' title='bbox 1936 1939 1989 1994; x_wconf 86' lang='lat' dir='ltr'><strong>in</strong></span> 
     </span>
    </p>
   </div>
   <div class='ocr_carea' id='block_1_20' title="bbox 407 2034 1990 2117">
    <p class='ocr_par' dir='ltr' id='par_1_20' title="bbox 407 2034 1990 2117">
     <span class='ocr_line' id='line_1_20' title="bbox 407 2034 1990 2117; baseline -0.009 -16"><span class='ocrx_word' id='word_1_153' title='bbox 407 2047 509 2117; x_wconf 81' lang='lat' dir='ltr'><strong>ﬁde</strong></span> <span class='ocrx_word' id='word_1_154' title='bbox 536 2046 751 2101; x_wconf 84' lang='lat' dir='ltr'><strong>nominis</strong></span> <span class='ocrx_word' id='word_1_155' title='bbox 773 2044 931 2108; x_wconf 84' lang='lat' dir='ltr'><strong>illius,</strong></span> <span class='ocrx_word' id='word_1_156' title='bbox 959 2043 1092 2097; x_wconf 83' lang='lat' dir='ltr'><strong>hunc</strong></span> <span class='ocrx_word' id='word_1_157' title='bbox 1111 2055 1258 2111; x_wconf 79' lang='lat' dir='ltr'><strong>quem</strong></span> <span class='ocrx_word' id='word_1_158' title='bbox 1284 2038 1459 2099; x_wconf 80' lang='lat' dir='ltr'><strong>videtis</strong></span> <span class='ocrx_word' id='word_1_159' title='bbox 1485 2047 1528 2090; x_wconf 90' lang='lat' dir='ltr'><strong>et</strong></span> <span class='ocrx_word' id='word_1_160' title='bbox 1557 2036 1732 2100; x_wconf 82' lang='lat' dir='ltr'><strong>nostis,</strong></span> <span class='ocrx_word' id='word_1_161' title='bbox 1755 2034 1990 2089; x_wconf 75' lang='lat' dir='ltr'><strong>solitluvit</strong></span> 
     </span>
    </p>
   </div>
   <div class='ocr_carea' id='block_1_21' title="bbox 403 2122 1990 2205">
    <p class='ocr_par' dir='ltr' id='par_1_21' title="bbox 403 2122 1990 2205">
     <span class='ocr_line' id='line_1_21' title="bbox 403 2122 1990 2205; baseline -0.007 -12"><span class='ocrx_word' id='word_1_162' title='bbox 403 2156 581 2193; x_wconf 86' lang='lat' dir='ltr'><strong>nomen</strong></span> <span class='ocrx_word' id='word_1_163' title='bbox 616 2122 752 2192; x_wconf 82' lang='lat' dir='ltr'><strong>illius</strong></span> <span class='ocrx_word' id='word_1_164' title='bbox 779 2178 793 2204; x_wconf 86' lang='lat'><strong>,</strong></span> <span class='ocrx_word' id='word_1_165' title='bbox 822 2146 868 2190; x_wconf 87' lang='lat' dir='ltr'><strong>et</strong></span> <span class='ocrx_word' id='word_1_166' title='bbox 896 2135 1053 2204; x_wconf 82' lang='lat' dir='ltr'><strong>fides,</strong></span> <span class='ocrx_word' id='word_1_167' title='bbox 1091 2150 1204 2205; x_wconf 75' lang='lat' dir='ltr'><strong>qua:</strong></span> <span class='ocrx_word' id='word_1_168' title='bbox 1231 2149 1318 2202; x_wconf 82' lang='lat' dir='ltr'><strong>per</strong></span> <span class='ocrx_word' id='word_1_169' title='bbox 1356 2132 1528 2199; x_wconf 86' lang='lat' dir='ltr'><strong>ipsum</strong></span> <span class='ocrx_word' id='word_1_170' title='bbox 1572 2138 1643 2183; x_wconf 90' lang='lat' dir='ltr'><strong>est</strong></span> <span class='ocrx_word' id='word_1_171' title='bbox 1663 2171 1676 2189; x_wconf 87' lang='lat'><strong>.</strong></span> <span class='ocrx_word' id='word_1_172' title='bbox 1708 2129 1843 2187; x_wconf 81' lang='lat' dir='ltr'><strong>dedit</strong></span> <span class='ocrx_word' id='word_1_173' title='bbox 1874 2129 1990 2185; x_wconf 87' lang='lat' dir='ltr'><strong>Ituic</strong></span> 
     </span>
    </p>
   </div>
   <div class='ocr_carea' id='block_1_22' title="bbox 403 2219 1936 2291">
    <p class='ocr_par' dir='ltr' id='par_1_22' title="bbox 403 2219 1936 2291">
     <span class='ocr_line' id='line_1_22' title="bbox 403 2219 1936 2291; baseline -0.008 -6"><span class='ocrx_word' id='word_1_174' title='bbox 403 2230 799 2286; x_wconf 84' lang='lat' dir='ltr'><strong>incolumitatem</strong></span> <span class='ocrx_word' id='word_1_175' title='bbox 829 2243 999 2281; x_wconf 86' lang='lat' dir='ltr'><strong>coram</strong></span> <span class='ocrx_word' id='word_1_176' title='bbox 1027 2224 1255 2279; x_wconf 87' lang='lat' dir='ltr'><strong>omnibus</strong></span> <span class='ocrx_word' id='word_1_177' title='bbox 1281 2222 1415 2277; x_wconf 83' lang='lat' dir='ltr'><strong>vobis</strong></span> <span class='ocrx_word' id='word_1_178' title='bbox 1442 2220 1605 2291; x_wconf 88' lang='lat' dir='ltr'><strong>(Ibid.</strong></span> <span class='ocrx_word' id='word_1_179' title='bbox 1634 2237 1680 2274; x_wconf 84' lang='grc' dir='ltr'><strong>υ.</strong></span> <span class='ocrx_word' id='word_1_180' title='bbox 1714 2219 1936 2290; x_wconf 77' lang='grc'><strong>15-16).</strong></span> 
     </span>
    </p>
   </div>
   <div class='ocr_carea' id='block_1_23' title="bbox 475 2310 1989 2390">
    <p class='ocr_par' dir='ltr' id='par_1_23' title="bbox 475 2310 1989 2390">
     <span class='ocr_line' id='line_1_23' title="bbox 475 2310 1989 2390; baseline -0.008 -13"><span class='ocrx_word' id='word_1_181' title='bbox 475 2320 529 2378; x_wconf 88' lang='lat'><strong>6.</strong></span> <span class='ocrx_word' id='word_1_182' title='bbox 563 2320 743 2390; x_wconf 84' lang='lat' dir='ltr'><strong>Magna</strong></span> <span class='ocrx_word' id='word_1_183' title='bbox 776 2317 928 2373; x_wconf 86' lang='lat' dir='ltr'><strong>liberi</strong></span> <span class='ocrx_word' id='word_1_184' title='bbox 957 2316 1115 2387; x_wconf 85' lang='lat' dir='ltr'><strong>hujus</strong></span> <span class='ocrx_word' id='word_1_185' title='bbox 1149 2312 1414 2369; x_wconf 89' lang='lat' dir='ltr'><strong>sermonis</strong></span> <span class='ocrx_word' id='word_1_186' title='bbox 1438 2310 1782 2375; x_wconf 75' lang='lat' dir='ltr'><strong>excellentia;</strong></span> <span class='ocrx_word' id='word_1_187' title='bbox 1807 2310 1989 2381; x_wconf 84' lang='lat' dir='ltr'><strong>ingens</strong></span> 
     </span>
    </p>
   </div>
   <div class='ocr_carea' id='block_1_24' title="bbox 402 2404 1992 2481">
    <p class='ocr_par' dir='ltr' id='par_1_24' title="bbox 402 2404 1992 2481">
     <span class='ocr_line' id='line_1_24' title="bbox 402 2404 1992 2481; baseline -0.009 -9"><span class='ocrx_word' id='word_1_188' title='bbox 402 2427 456 2472; x_wconf 89' lang='lat' dir='ltr'><strong>et</strong></span> <span class='ocrx_word' id='word_1_189' title='bbox 498 2412 776 2468; x_wconf 84' lang='lat' dir='ltr'><strong>ineﬂ‘abilis</strong></span> <span class='ocrx_word' id='word_1_190' title='bbox 804 2410 883 2464; x_wconf 89' lang='lat' dir='ltr'><strong>vis</strong></span> <span class='ocrx_word' id='word_1_191' title='bbox 923 2409 1103 2481; x_wconf 71' lang='lat' dir='ltr'><strong>gratim</strong></span> <span class='ocrx_word' id='word_1_192' title='bbox 1142 2422 1371 2478; x_wconf 81' lang='lat' dir='ltr'><strong>superne</strong></span> <span class='ocrx_word' id='word_1_193' title='bbox 1413 2405 1518 2460; x_wconf 93' lang='lat' dir='ltr'><strong>illis</strong></span> <span class='ocrx_word' id='word_1_194' title='bbox 1545 2405 1791 2470; x_wconf 64' lang='lat' dir='ltr'><strong>collatae;</strong></span> <span class='ocrx_word' id='word_1_195' title='bbox 1821 2404 1992 2460; x_wconf 80' lang='lat' dir='ltr'><strong>mani-</strong></span> 
     </span>
    </p>
   </div>
   <div class='ocr_carea' id='block_1_25' title="bbox 406 2495 1990 2561">
    <p class='ocr_par' dir='ltr' id='par_1_25' title="bbox 406 2495 1990 2561">
     <span class='ocr_line' id='line_1_25' title="bbox 406 2495 1990 2561; baseline -0.007 0"><span class='ocrx_word' id='word_1_196' title='bbox 406 2504 686 2561; x_wconf 77' lang='lat' dir='ltr'><strong>festissima</strong></span> <span class='ocrx_word' id='word_1_197' title='bbox 719 2500 1126 2557; x_wconf 87' lang='lat' dir='ltr'><strong>resurrectionis</strong></span> <span class='ocrx_word' id='word_1_198' title='bbox 1160 2496 1545 2554; x_wconf 86' lang='lat' dir='ltr'><strong>demonstratio</strong></span> <span class='ocrx_word' id='word_1_199' title='bbox 1573 2496 1710 2551; x_wconf 89' lang='lat' dir='ltr'><strong>beati</strong></span> <span class='ocrx_word' id='word_1_200' title='bbox 1755 2495 1896 2550; x_wconf 93' lang='lat' dir='ltr'><strong>illius</strong></span> <span class='ocrx_word' id='word_1_201' title='bbox 1938 2496 1990 2555; x_wconf 88' lang='lat' dir='ltr'><strong>in</strong></span> 
     </span>
    </p>
   </div>
   <div class='ocr_carea' id='block_1_26' title="bbox 407 2587 1987 2659">
    <p class='ocr_par' dir='ltr' id='par_1_26' title="bbox 407 2587 1987 2659">
     <span class='ocr_line' id='line_1_26' title="bbox 407 2587 1987 2659; baseline -0.007 -7"><span class='ocrx_word' id='word_1_202' title='bbox 407 2595 634 2652; x_wconf 86' lang='lat' dir='ltr'><strong>dicendo</strong></span> <span class='ocrx_word' id='word_1_203' title='bbox 668 2593 886 2650; x_wconf 88' lang='lat' dir='ltr'><strong>libertas</strong></span> <span class='ocrx_word' id='word_1_204' title='bbox 926 2590 1102 2648; x_wconf 88' lang='lat' dir='ltr'><strong>fuerit.</strong></span> <span class='ocrx_word' id='word_1_205' title='bbox 1136 2589 1288 2659; x_wconf 85' lang='lat' dir='ltr'><strong>Quod</strong></span> <span class='ocrx_word' id='word_1_206' title='bbox 1309 2589 1449 2644; x_wconf 91' lang='lat' dir='ltr'><strong>enim</strong></span> <span class='ocrx_word' id='word_1_207' title='bbox 1476 2588 1648 2658; x_wconf 83' lang='lat' dir='ltr'><strong>majus</strong></span> <span class='ocrx_word' id='word_1_208' title='bbox 1679 2587 1987 2642; x_wconf 88' lang='lat' dir='ltr'><strong>miraculum</strong></span> 
     </span>
    </p>
   </div>
   <div class='ocr_carea' id='block_1_27' title="bbox 408 2676 1989 2757">
    <p class='ocr_par' dir='ltr' id='par_1_27' title="bbox 408 2676 1989 2757">
     <span class='ocr_line' id='line_1_27' title="bbox 408 2676 1989 2757; baseline -0.006 -15"><span class='ocrx_word' id='word_1_209' title='bbox 408 2688 497 2743; x_wconf 93' lang='lat' dir='ltr'><strong>illo</strong></span> <span class='ocrx_word' id='word_1_210' title='bbox 518 2686 636 2757; x_wconf 89' lang='lat' dir='ltr'><strong>quis</strong></span> <span class='ocrx_word' id='word_1_211' title='bbox 678 2691 962 2755; x_wconf 77' lang='lat' dir='ltr'><strong>quaereret,</strong></span> <span class='ocrx_word' id='word_1_212' title='bbox 1007 2697 1129 2736; x_wconf 90' lang='lat' dir='ltr'><strong>cum</strong></span> <span class='ocrx_word' id='word_1_213' title='bbox 1172 2680 1216 2734; x_wconf 90' lang='lat' dir='ltr'><strong>is</strong></span> <span class='ocrx_word' id='word_1_214' title='bbox 1258 2679 1350 2751; x_wconf 88' lang='lat' dir='ltr'><strong>qtti</strong></span> <span class='ocrx_word' id='word_1_215' title='bbox 1400 2688 1523 2734; x_wconf 88' lang='lat' dir='ltr'><strong>ante</strong></span> <span class='ocrx_word' id='word_1_216' title='bbox 1571 2692 1782 2732; x_wconf 88' lang='lat' dir='ltr'><strong>crucem</strong></span> <span class='ocrx_word' id='word_1_217' title='bbox 1830 2676 1989 2733; x_wconf 89' lang='lat' dir='ltr'><strong>etiam</strong></span> 
     </span>
    </p>
   </div>
   <div class='ocr_carea' id='block_1_28' title="bbox 405 2768 1989 2849">
    <p class='ocr_par' dir='ltr' id='par_1_28' title="bbox 405 2768 1989 2849">
     <span class='ocr_line' id='line_1_28' title="bbox 405 2768 1989 2849; baseline -0.004 -16"><span class='ocrx_word' id='word_1_218' title='bbox 405 2777 626 2849; x_wconf 83' lang='lat' dir='ltr'><strong>abjectae</strong></span> <span class='ocrx_word' id='word_1_219' title='bbox 650 2776 841 2848; x_wconf 69' lang='lat' dir='ltr'><strong>puella:</strong></span> <span class='ocrx_word' id='word_1_220' title='bbox 884 2774 1053 2828; x_wconf 89' lang='lat' dir='ltr'><strong>minas</strong></span> <span class='ocrx_word' id='word_1_221' title='bbox 1078 2771 1215 2826; x_wconf 79' lang='lat' dir='ltr'><strong>ferre</strong></span> <span class='ocrx_word' id='word_1_222' title='bbox 1246 2785 1349 2826; x_wconf 89' lang='lat' dir='ltr'><strong>non</strong></span> <span class='ocrx_word' id='word_1_223' title='bbox 1371 2770 1561 2844; x_wconf 89' lang='lat' dir='ltr'><strong>potuit,</strong></span> <span class='ocrx_word' id='word_1_224' title='bbox 1586 2784 1726 2825; x_wconf 91' lang='lat' dir='ltr'><strong>nunc</strong></span> <span class='ocrx_word' id='word_1_225' title='bbox 1764 2768 1829 2823; x_wconf 88' lang='lat' dir='ltr'><strong>ad</strong></span> <span class='ocrx_word' id='word_1_226' title='bbox 1869 2782 1989 2827; x_wconf 76' lang='lat' dir='ltr'><strong>etim</strong></span> 
     </span>
    </p>
   </div>
   <div class='ocr_carea' id='block_1_29' title="bbox 406 2862 1994 2937">
    <p class='ocr_par' dir='ltr' id='par_1_29' title="bbox 406 2862 1994 2937">
     <span class='ocr_line' id='line_1_29' title="bbox 406 2862 1994 2937; baseline -0.006 -10"><span class='ocrx_word' id='word_1_227' title='bbox 406 2871 622 2928; x_wconf 86' lang='lat' dir='ltr'><strong>modum</strong></span> <span class='ocrx_word' id='word_1_228' title='bbox 649 2869 904 2925; x_wconf 85' lang='lat' dir='ltr'><strong>adversus</strong></span> <span class='ocrx_word' id='word_1_229' title='bbox 934 2866 1241 2923; x_wconf 70' lang='lat' dir='ltr'><strong>Judmornm</strong></span> <span class='ocrx_word' id='word_1_230' title='bbox 1290 2863 1543 2937; x_wconf 86' lang='lat' dir='ltr'><strong>populum</strong></span> <span class='ocrx_word' id='word_1_231' title='bbox 1598 2862 1841 2933; x_wconf 79' lang='lat' dir='ltr'><strong>insurgit,</strong></span> <span class='ocrx_word' id='word_1_232' title='bbox 1877 2870 1994 2918; x_wconf 82' lang='lat' dir='ltr'><strong>tan-</strong></span> 
     </span>
    </p>
   </div>
   <div class='ocr_carea' id='block_1_30' title="bbox 406 2960 1992 3036">
    <p class='ocr_par' dir='ltr' id='par_1_30' title="bbox 406 2960 1992 3036">
     <span class='ocr_line' id='line_1_30' title="bbox 406 2960 1992 3036; baseline -0.009 -14"><span class='ocrx_word' id='word_1_233' title='bbox 406 2975 563 3036; x_wconf 86' lang='lat' dir='ltr'><strong>taque</strong></span> <span class='ocrx_word' id='word_1_234' title='bbox 589 2962 801 3031; x_wconf 77' lang='lat' dir='ltr'><strong>fiducia,</strong></span> <span class='ocrx_word' id='word_1_235' title='bbox 826 2960 971 3015; x_wconf 89' lang='lat' dir='ltr'><strong>solus</strong></span> <span class='ocrx_word' id='word_1_236' title='bbox 991 2974 1110 3014; x_wconf 86' lang='lat' dir='ltr'><strong>cum</strong></span> <span class='ocrx_word' id='word_1_237' title='bbox 1138 2965 1301 3022; x_wconf 86' lang='lat' dir='ltr'><strong>esset,</strong></span> <span class='ocrx_word' id='word_1_238' title='bbox 1328 2962 1509 3011; x_wconf 90' lang='lat' dir='ltr'><strong>contra</strong></span> <span class='ocrx_word' id='word_1_239' title='bbox 1534 2963 1753 3018; x_wconf 86' lang='lat' dir='ltr'><strong>tantam,</strong></span> <span class='ocrx_word' id='word_1_240' title='bbox 1778 2961 1992 3024; x_wconf 86' lang='lat' dir='ltr'><strong>tamque</strong></span> 
     </span>
    </p>
   </div>
   <div class='ocr_carea' id='block_1_31' title="bbox 405 3044 1992 3117">
    <p class='ocr_par' dir='ltr' id='par_1_31' title="bbox 405 3044 1992 3117">
     <span class='ocr_line' id='line_1_31' title="bbox 405 3044 1992 3117; baseline -0.009 -6"><span class='ocrx_word' id='word_1_241' title='bbox 405 3056 671 3113; x_wconf 79' lang='lat' dir='ltr'><strong>furentem</strong></span> <span class='ocrx_word' id='word_1_242' title='bbox 695 3050 1083 3109; x_wconf 87' lang='lat' dir='ltr'><strong>multitudinem</strong></span> <span class='ocrx_word' id='word_1_243' title='bbox 1105 3056 1208 3104; x_wconf 88' lang='lat' dir='ltr'><strong>stat</strong></span> <span class='ocrx_word' id='word_1_244' title='bbox 1234 3047 1507 3113; x_wconf 89' lang='lat' dir='ltr'><strong>adversus,</strong></span> <span class='ocrx_word' id='word_1_245' title='bbox 1530 3056 1584 3102; x_wconf 91' lang='lat' dir='ltr'><strong>et</strong></span> <span class='ocrx_word' id='word_1_246' title='bbox 1612 3044 1847 3117; x_wconf 89' lang='lat' dir='ltr'><strong>loquitur</strong></span> <span class='ocrx_word' id='word_1_247' title='bbox 1872 3058 1992 3115; x_wconf 87' lang='lat' dir='ltr'><strong>quae</strong></span> 
     </span>
    </p>
   </div>
   <div class='ocr_carea' id='block_1_32' title="bbox 408 3132 1990 3210">
    <p class='ocr_par' dir='ltr' id='par_1_32' title="bbox 408 3132 1990 3210">
     <span class='ocr_line' id='line_1_32' title="bbox 408 3132 1990 3210; baseline -0.011 -7"><span class='ocrx_word' id='word_1_248' title='bbox 408 3146 668 3203; x_wconf 85' lang='lat' dir='ltr'><strong>insaniam</strong></span> <span class='ocrx_word' id='word_1_249' title='bbox 700 3144 907 3199; x_wconf 89' lang='lat' dir='ltr'><strong>illorum</strong></span> <span class='ocrx_word' id='word_1_250' title='bbox 938 3140 1107 3210; x_wconf 87' lang='lat' dir='ltr'><strong>magis</strong></span> <span class='ocrx_word' id='word_1_251' title='bbox 1148 3152 1463 3209; x_wconf 82' lang='lat' dir='ltr'><strong>exasperare</strong></span> <span class='ocrx_word' id='word_1_252' title='bbox 1488 3135 1722 3208; x_wconf 81' lang='lat' dir='ltr'><strong>queant?</strong></span> <span class='ocrx_word' id='word_1_253' title='bbox 1766 3132 1990 3200; x_wconf 81' lang='lat' dir='ltr'><strong>Vidisti,</strong></span> 
     </span>
    </p>
   </div>
   <div class='ocr_carea' id='block_1_33' title="bbox 408 3226 1993 3307">
    <p class='ocr_par' dir='ltr' id='par_1_33' title="bbox 408 3226 1993 3307">
     <span class='ocr_line' id='line_1_33' title="bbox 408 3226 1993 3307; baseline -0.009 -12"><span class='ocrx_word' id='word_1_254' title='bbox 408 3239 636 3304; x_wconf 88' lang='lat' dir='ltr'><strong>dilecte,</strong></span> <span class='ocrx_word' id='word_1_255' title='bbox 664 3236 715 3291; x_wconf 93' lang='lat' dir='ltr'><strong>id</strong></span> <span class='ocrx_word' id='word_1_256' title='bbox 747 3234 888 3307; x_wconf 87' lang='lat' dir='ltr'><strong>quod</strong></span> <span class='ocrx_word' id='word_1_257' title='bbox 937 3233 989 3287; x_wconf 91' lang='lat' dir='ltr'><strong>in</strong></span> <span class='ocrx_word' id='word_1_258' title='bbox 1032 3229 1294 3303; x_wconf 72' lang='lat' dir='ltr'><strong>prommio</strong></span> <span class='ocrx_word' id='word_1_259' title='bbox 1339 3228 1600 3292; x_wconf 81' lang='lat' dir='ltr'><strong>dicebam,</strong></span> <span class='ocrx_word' id='word_1_260' title='bbox 1648 3226 1806 3282; x_wconf 91' lang='lat' dir='ltr'><strong>etiam</strong></span> <span class='ocrx_word' id='word_1_261' title='bbox 1852 3239 1993 3280; x_wconf 89' lang='lat' dir='ltr'><strong>nunc</strong></span> 
     </span>
    </p>
   </div>
   <div class='ocr_carea' id='block_1_34' title="bbox 409 3318 1988 3397">
    <p class='ocr_par' dir='ltr' id='par_1_34' title="bbox 409 3318 1988 3397">
     <span class='ocr_line' id='line_1_34' title="bbox 409 3318 1988 3397; baseline -0.011 -8"><span class='ocrx_word' id='word_1_262' title='bbox 409 3333 768 3389; x_wconf 87' lang='lat' dir='ltr'><strong>declaratum:</strong></span> <span class='ocrx_word' id='word_1_263' title='bbox 798 3325 950 3397; x_wconf 85' lang='lat' dir='ltr'><strong>Quod</strong></span> <span class='ocrx_word' id='word_1_264' title='bbox 972 3324 1017 3381; x_wconf 89' lang='lat' dir='ltr'><strong>si</strong></span> <span class='ocrx_word' id='word_1_265' title='bbox 1038 3323 1156 3396; x_wconf 91' lang='lat' dir='ltr'><strong>quis</strong></span> <span class='ocrx_word' id='word_1_266' title='bbox 1179 3338 1359 3377; x_wconf 90' lang='lat' dir='ltr'><strong>amore</strong></span> <span class='ocrx_word' id='word_1_267' title='bbox 1379 3322 1430 3375; x_wconf 90' lang='lat' dir='ltr'><strong>in</strong></span> <span class='ocrx_word' id='word_1_268' title='bbox 1457 3322 1623 3376; x_wconf 89' lang='lat' dir='ltr'><strong>Deum</strong></span> <span class='ocrx_word' id='word_1_269' title='bbox 1650 3318 1988 3384; x_wconf 87' lang='lat' dir='ltr'><strong>accendatur,</strong></span> 
     </span>
    </p>
   </div>
   <div class='ocr_carea' id='block_1_35' title="bbox 413 3412 1992 3495">
    <p class='ocr_par' dir='ltr' id='par_1_35' title="bbox 413 3412 1992 3495">
     <span class='ocr_line' id='line_1_35' title="bbox 413 3412 1992 3495; baseline -0.011 -13"><span class='ocrx_word' id='word_1_270' title='bbox 413 3441 519 3482; x_wconf 90' lang='lat' dir='ltr'><strong>non</strong></span> <span class='ocrx_word' id='word_1_271' title='bbox 561 3431 742 3495; x_wconf 87' lang='lat' dir='ltr'><strong>postea</strong></span> <span class='ocrx_word' id='word_1_272' title='bbox 793 3421 929 3476; x_wconf 87' lang='lat' dir='ltr'><strong>feret</strong></span> <span class='ocrx_word' id='word_1_273' title='bbox 952 3434 1013 3475; x_wconf 86' lang='lat' dir='ltr'><strong>ea</strong></span> <span class='ocrx_word' id='word_1_274' title='bbox 1039 3432 1155 3489; x_wconf 73' lang='lat' dir='ltr'><strong>qua:</strong></span> <span class='ocrx_word' id='word_1_275' title='bbox 1183 3415 1281 3471; x_wconf 86' lang='lat' dir='ltr'><strong>sub</strong></span> <span class='ocrx_word' id='word_1_276' title='bbox 1307 3428 1684 3484; x_wconf 87' lang='lat' dir='ltr'><strong>corporeorum</strong></span> <span class='ocrx_word' id='word_1_277' title='bbox 1716 3412 1992 3469; x_wconf 91' lang='lat' dir='ltr'><strong>oculorum</strong></span> 
     </span>
    </p>
   </div>
   <div class='ocr_carea' id='block_1_36' title="bbox 407 3496 1994 3586">
    <p class='ocr_par' dir='ltr' id='par_1_36' title="bbox 407 3496 1994 3586">
     <span class='ocr_line' id='line_1_36' title="bbox 407 3496 1994 3586; baseline -0.009 -14"><span class='ocrx_word' id='word_1_278' title='bbox 407 3525 681 3586; x_wconf 88' lang='lat' dir='ltr'><strong>aspectum</strong></span> <span class='ocrx_word' id='word_1_279' title='bbox 710 3510 943 3577; x_wconf 84' lang='lat' dir='ltr'><strong>eadunt;</strong></span> <span class='ocrx_word' id='word_1_280' title='bbox 986 3507 1079 3563; x_wconf 91' lang='lat' dir='ltr'><strong>sed</strong></span> <span class='ocrx_word' id='word_1_281' title='bbox 1112 3496 1228 3561; x_wconf 86' lang='lat' dir='ltr'><strong>aliis</strong></span> <span class='ocrx_word' id='word_1_282' title='bbox 1271 3504 1559 3559; x_wconf 91' lang='lat' dir='ltr'><strong>instructus</strong></span> <span class='ocrx_word' id='word_1_283' title='bbox 1594 3502 1797 3570; x_wconf 90' lang='lat' dir='ltr'><strong>oculis,</strong></span> <span class='ocrx_word' id='word_1_284' title='bbox 1825 3500 1994 3557; x_wconf 84' lang='lat' dir='ltr'><strong>oculis</strong></span> 
     </span>
    </p>
   </div>
   <div class='ocr_carea' id='block_1_37' title="bbox 410 3592 1992 3679">
    <p class='ocr_par' dir='ltr' id='par_1_37' title="bbox 410 3592 1992 3679">
     <span class='ocr_line' id='line_1_37' title="bbox 410 3592 1992 3679; baseline -0.011 -16"><span class='ocrx_word' id='word_1_285' title='bbox 410 3607 624 3679; x_wconf 87' lang='lat' dir='ltr'><strong>inquam</strong></span> <span class='ocrx_word' id='word_1_286' title='bbox 652 3601 794 3670; x_wconf 83' lang='lat' dir='ltr'><strong>ﬁdei,</strong></span> <span class='ocrx_word' id='word_1_287' title='bbox 829 3601 915 3656; x_wconf 90' lang='lat' dir='ltr'><strong>illa</strong></span> <span class='ocrx_word' id='word_1_288' title='bbox 942 3614 1155 3671; x_wconf 90' lang='lat' dir='ltr'><strong>semper</strong></span> <span class='ocrx_word' id='word_1_289' title='bbox 1178 3596 1498 3667; x_wconf 88' lang='lat' dir='ltr'><strong>speculatur,</strong></span> <span class='ocrx_word' id='word_1_290' title='bbox 1524 3602 1575 3650; x_wconf 89' lang='lat' dir='ltr'><strong>et</strong></span> <span class='ocrx_word' id='word_1_291' title='bbox 1616 3593 1681 3647; x_wconf 88' lang='lat' dir='ltr'><strong>ad</strong></span> <span class='ocrx_word' id='word_1_292' title='bbox 1720 3592 1807 3647; x_wconf 86' lang='lat' dir='ltr'><strong>illa</strong></span> <span class='ocrx_word' id='word_1_293' title='bbox 1838 3608 1992 3649; x_wconf 85' lang='lat' dir='ltr'><strong>men-</strong></span> 
     </span>
    </p>
   </div>
   <div class='ocr_carea' id='block_1_38' title="bbox 409 3686 1992 3756">
    <p class='ocr_par' dir='ltr' id='par_1_38' title="bbox 409 3686 1992 3756">
     <span class='ocr_line' id='line_1_38' title="bbox 409 3686 1992 3756; baseline -0.01 -2"><span class='ocrx_word' id='word_1_294' title='bbox 409 3708 515 3754; x_wconf 91' lang='lat' dir='ltr'><strong>tem</strong></span> <span class='ocrx_word' id='word_1_295' title='bbox 541 3696 702 3751; x_wconf 82' lang='lat' dir='ltr'><strong>habet</strong></span> <span class='ocrx_word' id='word_1_296' title='bbox 730 3694 1008 3755; x_wconf 90' lang='lat' dir='ltr'><strong>intentam,</strong></span> <span class='ocrx_word' id='word_1_297' title='bbox 1039 3689 1423 3756; x_wconf 83' lang='lat' dir='ltr'><strong>ambulansque</strong></span> <span class='ocrx_word' id='word_1_298' title='bbox 1450 3686 1500 3740; x_wconf 92' lang='lat' dir='ltr'><strong>in</strong></span> <span class='ocrx_word' id='word_1_299' title='bbox 1540 3693 1700 3751; x_wconf 87' lang='lat' dir='ltr'><strong>terra,</strong></span> <span class='ocrx_word' id='word_1_300' title='bbox 1726 3693 1992 3756; x_wconf 88' lang='lat' dir='ltr'><strong>tamquam</strong></span> 
     </span>
    </p>
   </div>
   <div class='ocr_carea' id='block_1_39' title="bbox 410 3775 1993 3859">
    <p class='ocr_par' dir='ltr' id='par_1_39' title="bbox 410 3775 1993 3859">
     <span class='ocr_line' id='line_1_39' title="bbox 410 3775 1993 3859; baseline -0.01 -12"><span class='ocrx_word' id='word_1_301' title='bbox 410 3788 792 3859; x_wconf 86' lang='lat' dir='ltr'><strong>municipatum</strong></span> <span class='ocrx_word' id='word_1_302' title='bbox 824 3784 1026 3843; x_wconf 83' lang='lat' dir='ltr'><strong>habens</strong></span> <span class='ocrx_word' id='word_1_303' title='bbox 1053 3782 1105 3837; x_wconf 91' lang='lat' dir='ltr'><strong>in</strong></span> <span class='ocrx_word' id='word_1_304' title='bbox 1133 3780 1299 3844; x_wconf 63' lang='lat' dir='ltr'><strong>caelis,</strong></span> <span class='ocrx_word' id='word_1_305' title='bbox 1339 3779 1409 3833; x_wconf 90' lang='lat' dir='ltr'><strong>ita</strong></span> <span class='ocrx_word' id='word_1_306' title='bbox 1446 3777 1625 3834; x_wconf 91' lang='lat' dir='ltr'><strong>omnia</strong></span> <span class='ocrx_word' id='word_1_307' title='bbox 1668 3775 1795 3847; x_wconf 85' lang='lat' dir='ltr'><strong>agit,</strong></span> <span class='ocrx_word' id='word_1_308' title='bbox 1829 3775 1993 3831; x_wconf 88' lang='lat' dir='ltr'><strong>nullis</strong></span> 
     </span>
    </p>
   </div>
   <div class='ocr_carea' id='block_1_40' title="bbox 398 3867 1994 3951">
    <p class='ocr_par' dir='ltr' id='par_1_40' title="bbox 398 3867 1994 3951">
     <span class='ocr_line' id='line_1_40' title="bbox 398 3867 1994 3951; baseline -0.011 -13"><span class='ocrx_word' id='word_1_309' title='bbox 398 3876 658 3937; x_wconf 86' lang='lat' dir='ltr'><strong>humanis</strong></span> <span class='ocrx_word' id='word_1_310' title='bbox 683 3877 1000 3951; x_wconf 68' lang='lat' dir='ltr'><strong>praepeditus</strong></span> <span class='ocrx_word' id='word_1_311' title='bbox 1024 3890 1055 3930; x_wconf 87' lang='lat' dir='ltr'><strong>a</strong></span> <span class='ocrx_word' id='word_1_312' title='bbox 1096 3874 1307 3929; x_wconf 86' lang='lat' dir='ltr'><strong>virtutis</strong></span> <span class='ocrx_word' id='word_1_313' title='bbox 1356 3886 1535 3927; x_wconf 88' lang='lat' dir='ltr'><strong>cursu.</strong></span> <span class='ocrx_word' id='word_1_314' title='bbox 1564 3870 1696 3924; x_wconf 83' lang='lat' dir='ltr'><strong>Nam</strong></span> <span class='ocrx_word' id='word_1_315' title='bbox 1744 3869 1832 3938; x_wconf 91' lang='lat' dir='ltr'><strong>qui</strong></span> <span class='ocrx_word' id='word_1_316' title='bbox 1874 3867 1994 3923; x_wconf 89' lang='lat' dir='ltr'><strong>talis</strong></span> 
     </span>
    </p>
   </div>
   <div class='ocr_carea' id='block_1_41' title="bbox 408 3959 1990 4047">
    <p class='ocr_par' dir='ltr' id='par_1_41' title="bbox 408 3959 1990 4047">
     <span class='ocr_line' id='line_1_41' title="bbox 408 3959 1990 4047; baseline -0.01 -19"><span class='ocrx_word' id='word_1_317' title='bbox 408 3985 513 4038; x_wconf 81' lang='lat' dir='ltr'><strong>cst,</strong></span> <span class='ocrx_word' id='word_1_318' title='bbox 550 3987 655 4028; x_wconf 92' lang='lat' dir='ltr'><strong>non</strong></span> <span class='ocrx_word' id='word_1_319' title='bbox 696 3970 919 4047; x_wconf 82' lang='lat' dir='ltr'><strong>posthac</strong></span> <span class='ocrx_word' id='word_1_320' title='bbox 968 3965 1188 4037; x_wconf 89' lang='lat' dir='ltr'><strong>respicit</strong></span> <span class='ocrx_word' id='word_1_321' title='bbox 1230 3963 1298 4019; x_wconf 90' lang='lat' dir='ltr'><strong>ad</strong></span> <span class='ocrx_word' id='word_1_322' title='bbox 1341 3961 1616 4034; x_wconf 87' lang='lat' dir='ltr'><strong>splendida</strong></span> <span class='ocrx_word' id='word_1_323' title='bbox 1648 3959 1806 4029; x_wconf 87' lang='lat' dir='ltr'><strong>hujus</strong></span> <span class='ocrx_word' id='word_1_324' title='bbox 1833 3959 1990 4024; x_wconf 85' lang='lat' dir='ltr'><strong>vitae,</strong></span> 
     </span>
    </p>
   </div>
   <div class='ocr_carea' id='block_1_42' title="bbox 413 4049 1990 4133">
    <p class='ocr_par' dir='ltr' id='par_1_42' title="bbox 413 4049 1990 4133">
     <span class='ocr_line' id='line_1_42' title="bbox 413 4049 1990 4133; baseline -0.011 -13"><span class='ocrx_word' id='word_1_325' title='bbox 413 4079 588 4133; x_wconf 87' lang='lat' dir='ltr'><strong>neque</strong></span> <span class='ocrx_word' id='word_1_326' title='bbox 612 4062 678 4118; x_wconf 86' lang='lat' dir='ltr'><strong>ad</strong></span> <span class='ocrx_word' id='word_1_327' title='bbox 707 4061 839 4115; x_wconf 89' lang='lat' dir='ltr'><strong>dura</strong></span> <span class='ocrx_word' id='word_1_328' title='bbox 863 4066 917 4114; x_wconf 91' lang='lat' dir='ltr'><strong>et</strong></span> <span class='ocrx_word' id='word_1_329' title='bbox 943 4070 1153 4126; x_wconf 90' lang='lat' dir='ltr'><strong>aspera,</strong></span> <span class='ocrx_word' id='word_1_330' title='bbox 1184 4053 1277 4110; x_wconf 88' lang='lat' dir='ltr'><strong>sed</strong></span> <span class='ocrx_word' id='word_1_331' title='bbox 1300 4053 1476 4108; x_wconf 87' lang='lat' dir='ltr'><strong>omnia</strong></span> <span class='ocrx_word' id='word_1_332' title='bbox 1504 4052 1588 4107; x_wconf 89' lang='lat' dir='ltr'><strong>illa</strong></span> <span class='ocrx_word' id='word_1_333' title='bbox 1611 4049 1990 4121; x_wconf 74' lang='lat' dir='ltr'><strong>prretercurrit,</strong></span> 
     </span>
    </p>
   </div>
   <div class='ocr_carea' id='block_1_43' title="bbox 411 4139 1994 4224">
    <p class='ocr_par' dir='ltr' id='par_1_43' title="bbox 411 4139 1994 4224">
     <span class='ocr_line' id='line_1_43' title="bbox 411 4139 1994 4224; baseline -0.011 -15"><span class='ocrx_word' id='word_1_334' title='bbox 411 4156 479 4209; x_wconf 90' lang='lat' dir='ltr'><strong>ad</strong></span> <span class='ocrx_word' id='word_1_335' title='bbox 514 4152 735 4224; x_wconf 89' lang='lat' dir='ltr'><strong>patriam</strong></span> <span class='ocrx_word' id='word_1_336' title='bbox 765 4163 913 4204; x_wconf 89' lang='lat' dir='ltr'><strong>suam</strong></span> <span class='ocrx_word' id='word_1_337' title='bbox 958 4145 1231 4202; x_wconf 91' lang='lat' dir='ltr'><strong>festinans.</strong></span> <span class='ocrx_word' id='word_1_338' title='bbox 1279 4143 1345 4197; x_wconf 82' lang='lat' dir='ltr'><strong>Et</strong></span> <span class='ocrx_word' id='word_1_339' title='bbox 1384 4143 1518 4197; x_wconf 90' lang='lat' dir='ltr'><strong>sicut</strong></span> <span class='ocrx_word' id='word_1_340' title='bbox 1542 4140 1631 4212; x_wconf 89' lang='lat' dir='ltr'><strong>qui</strong></span> <span class='ocrx_word' id='word_1_341' title='bbox 1663 4139 1994 4208; x_wconf 81' lang='lat' dir='ltr'><strong>corporalem</strong></span> 
     </span>
    </p>
   </div>
   <div class='ocr_carea' id='block_1_44' title="bbox 412 4230 1994 4308">
    <p class='ocr_par' dir='ltr' id='par_1_44' title="bbox 412 4230 1994 4308">
     <span class='ocr_line' id='line_1_44' title="bbox 412 4230 1994 4308; baseline -0.009 -7"><span class='ocrx_word' id='word_1_342' title='bbox 412 4246 558 4301; x_wconf 87' lang='lat' dir='ltr'><strong>inme</strong></span> <span class='ocrx_word' id='word_1_343' title='bbox 607 4256 819 4299; x_wconf 88' lang='lat' dir='ltr'><strong>cursum</strong></span> <span class='ocrx_word' id='word_1_344' title='bbox 873 4252 1061 4308; x_wconf 89' lang='lat' dir='ltr'><strong>magna</strong></span> <span class='ocrx_word' id='word_1_345' title='bbox 1109 4235 1449 4292; x_wconf 88' lang='lat' dir='ltr'><strong>contentione</strong></span> <span class='ocrx_word' id='word_1_346' title='bbox 1497 4232 1728 4303; x_wconf 76' lang='lat' dir='ltr'><strong>peragit,</strong></span> <span class='ocrx_word' id='word_1_347' title='bbox 1792 4230 1994 4286; x_wconf 84' lang='lat' dir='ltr'><strong>nullum</strong></span> 
     </span>
    </p>
   </div>
   <div class='ocr_carea' id='block_1_45' title="bbox 415 4322 1994 4396">
    <p class='ocr_par' dir='ltr' id='par_1_45' title="bbox 415 4322 1994 4396">
     <span class='ocr_line' id='line_1_45' title="bbox 415 4322 1994 4396; baseline -0.009 -6"><span class='ocrx_word' id='word_1_348' title='bbox 415 4332 810 4390; x_wconf 89' lang='lat' dir='ltr'><strong>occurrentium</strong></span> <span class='ocrx_word' id='word_1_349' title='bbox 835 4331 850 4362; x_wconf 84' lang='grc'>¹</span> <span class='ocrx_word' id='word_1_350' title='bbox 877 4327 1042 4396; x_wconf 82' lang='lat' dir='ltr'><strong>videt,</strong></span> <span class='ocrx_word' id='word_1_351' title='bbox 1072 4325 1279 4383; x_wconf 83' lang='lat' dir='ltr'><strong>etiamsi</strong></span> <span class='ocrx_word' id='word_1_352' title='bbox 1307 4325 1500 4395; x_wconf 64' lang='lat' dir='ltr'><strong>saepius</strong></span> <span class='ocrx_word' id='word_1_353' title='bbox 1521 4324 1573 4378; x_wconf 93' lang='lat' dir='ltr'><strong>in</strong></span> <span class='ocrx_word' id='word_1_354' title='bbox 1604 4323 1749 4378; x_wconf 90' lang='lat' dir='ltr'><strong>illum</strong></span> <span class='ocrx_word' id='word_1_355' title='bbox 1774 4322 1994 4388; x_wconf 87' lang='lat' dir='ltr'><strong>incidat,</strong></span> 
     </span>
    </p>
   </div>
   <div class='ocr_carea' id='block_1_46' title="bbox 417 4414 1994 4484">
    <p class='ocr_par' dir='ltr' id='par_1_46' title="bbox 417 4414 1994 4484">
     <span class='ocr_line' id='line_1_46' title="bbox 417 4414 1994 4484; baseline -0.01 0"><span class='ocrx_word' id='word_1_356' title='bbox 417 4428 512 4484; x_wconf 72' lang='lat' dir='ltr'><strong>sed</strong></span> <span class='ocrx_word' id='word_1_357' title='bbox 542 4424 719 4480; x_wconf 90' lang='lat' dir='ltr'><strong>animo</strong></span> <span class='ocrx_word' id='word_1_358' title='bbox 760 4423 825 4477; x_wconf 91' lang='lat' dir='ltr'><strong>ad</strong></span> <span class='ocrx_word' id='word_1_359' title='bbox 854 4436 1064 4478; x_wconf 89' lang='lat' dir='ltr'><strong>cursum</strong></span> <span class='ocrx_word' id='word_1_360' title='bbox 1096 4420 1301 4476; x_wconf 92' lang='lat' dir='ltr'><strong>intento</strong></span> <span class='ocrx_word' id='word_1_361' title='bbox 1353 4416 1508 4473; x_wconf 86' lang='lat' dir='ltr'><strong>facile</strong></span> <span class='ocrx_word' id='word_1_362' title='bbox 1548 4416 1726 4472; x_wconf 90' lang='lat' dir='ltr'><strong>omnia</strong></span> <span class='ocrx_word' id='word_1_363' title='bbox 1769 4414 1994 4481; x_wconf 89' lang='lat' dir='ltr'><strong>transit,</strong></span> 
     </span>
    </p>
   </div>
   <div class='ocr_carea' id='block_1_47' title="bbox 420 4505 1997 4580">
    <p class='ocr_par' dir='ltr' id='par_1_47' title="bbox 420 4505 1997 4580">
     <span class='ocr_line' id='line_1_47' title="bbox 420 4505 1997 4580; baseline -0.007 -9"><span class='ocrx_word' id='word_1_364' title='bbox 420 4516 678 4571; x_wconf 85' lang='lat' dir='ltr'><strong>festinans</strong></span> <span class='ocrx_word' id='word_1_365' title='bbox 703 4512 770 4567; x_wconf 89' lang='lat' dir='ltr'><strong>ad</strong></span> <span class='ocrx_word' id='word_1_366' title='bbox 803 4511 1123 4568; x_wconf 90' lang='lat' dir='ltr'><strong>destinatum</strong></span> <span class='ocrx_word' id='word_1_367' title='bbox 1151 4524 1369 4580; x_wconf 88' lang='lat' dir='ltr'><strong>scopum</strong></span> <span class='ocrx_word' id='word_1_368' title='bbox 1395 4526 1409 4562; x_wconf 90' lang='lat'><strong>:</strong></span> <span class='ocrx_word' id='word_1_369' title='bbox 1440 4506 1627 4563; x_wconf 89' lang='lat' dir='ltr'><strong>eodem</strong></span> <span class='ocrx_word' id='word_1_370' title='bbox 1676 4506 1856 4573; x_wconf 90' lang='lat' dir='ltr'><strong>modo,</strong></span> <span class='ocrx_word' id='word_1_371' title='bbox 1906 4505 1997 4576; x_wconf 90' lang='lat' dir='ltr'><strong>qui</strong></span> 
     </span>
    </p>
   </div>
   <div class='ocr_carea' id='block_1_48' title="bbox 418 4596 1997 4673">
    <p class='ocr_par' dir='ltr' id='par_1_48' title="bbox 418 4596 1997 4673">
     <span class='ocr_line' id='line_1_48' title="bbox 418 4596 1997 4673; baseline -0.008 -11"><span class='ocrx_word' id='word_1_372' title='bbox 418 4620 634 4662; x_wconf 90' lang='lat' dir='ltr'><strong>cursum</strong></span> <span class='ocrx_word' id='word_1_373' title='bbox 661 4603 870 4659; x_wconf 90' lang='lat' dir='ltr'><strong>virtutis</strong></span> <span class='ocrx_word' id='word_1_374' title='bbox 895 4615 1148 4673; x_wconf 76' lang='lat' dir='ltr'><strong>peragere</strong></span> <span class='ocrx_word' id='word_1_375' title='bbox 1175 4600 1409 4667; x_wconf 87' lang='lat' dir='ltr'><strong>festinat,</strong></span> <span class='ocrx_word' id='word_1_376' title='bbox 1429 4606 1484 4655; x_wconf 88' lang='lat' dir='ltr'><strong>et</strong></span> <span class='ocrx_word' id='word_1_377' title='bbox 1501 4614 1531 4653; x_wconf 94' lang='lat' dir='ltr'><strong>a</strong></span> <span class='ocrx_word' id='word_1_378' title='bbox 1561 4606 1701 4653; x_wconf 88' lang='lat' dir='ltr'><strong>terra</strong></span> <span class='ocrx_word' id='word_1_379' title='bbox 1730 4597 1783 4652; x_wconf 91' lang='lat' dir='ltr'><strong>in</strong></span> <span class='ocrx_word' id='word_1_380' title='bbox 1805 4596 1997 4652; x_wconf 66' lang='lat' dir='ltr'><strong>caelum</strong></span> 
     </span>
    </p>
   </div>
   <div class='ocr_carea' id='block_1_49' title="bbox 419 4687 1998 4763">
    <p class='ocr_par' dir='ltr' id='par_1_49' title="bbox 419 4687 1998 4763">
     <span class='ocr_line' id='line_1_49' title="bbox 419 4687 1998 4763; baseline -0.009 -9"><span class='ocrx_word' id='word_1_381' title='bbox 419 4696 712 4754; x_wconf 85' lang='lat' dir='ltr'><strong>ascendere</strong></span> <span class='ocrx_word' id='word_1_382' title='bbox 753 4691 1097 4763; x_wconf 87' lang='lat' dir='ltr'><strong>concupiscit,</strong></span> <span class='ocrx_word' id='word_1_383' title='bbox 1128 4690 1305 4747; x_wconf 85' lang='lat' dir='ltr'><strong>omnia</strong></span> <span class='ocrx_word' id='word_1_384' title='bbox 1333 4704 1451 4760; x_wconf 73' lang='lat' dir='ltr'><strong>quae</strong></span> <span class='ocrx_word' id='word_1_385' title='bbox 1478 4687 1723 4744; x_wconf 88' lang='lat' dir='ltr'><strong>videntur</strong></span> <span class='ocrx_word' id='word_1_386' title='bbox 1749 4687 1998 4743; x_wconf 88' lang='lat' dir='ltr'><strong>deorsum</strong></span> 
     </span>
    </p>
   </div>
   <div class='ocr_carea' id='block_1_50' title="bbox 419 4775 1999 4860">
    <p class='ocr_par' dir='ltr' id='par_1_50' title="bbox 419 4775 1999 4860">
     <span class='ocr_line' id='line_1_50' title="bbox 419 4775 1999 4860; baseline -0.01 -14"><span class='ocrx_word' id='word_1_387' title='bbox 419 4788 689 4860; x_wconf 90' lang='lat' dir='ltr'><strong>relinquit,</strong></span> <span class='ocrx_word' id='word_1_388' title='bbox 718 4797 772 4842; x_wconf 90' lang='lat' dir='ltr'><strong>et</strong></span> <span class='ocrx_word' id='word_1_389' title='bbox 799 4792 965 4841; x_wconf 84' lang='lat' dir='ltr'><strong>totum</strong></span> <span class='ocrx_word' id='word_1_390' title='bbox 991 4796 1049 4838; x_wconf 89' lang='lat' dir='ltr'><strong>se</strong></span> <span class='ocrx_word' id='word_1_391' title='bbox 1078 4780 1255 4837; x_wconf 89' lang='lat' dir='ltr'><strong>cursui</strong></span> <span class='ocrx_word' id='word_1_392' title='bbox 1283 4780 1450 4847; x_wconf 89' lang='lat' dir='ltr'><strong>dedit,</strong></span> <span class='ocrx_word' id='word_1_393' title='bbox 1500 4794 1672 4848; x_wconf 90' lang='lat' dir='ltr'><strong>neque</strong></span> <span class='ocrx_word' id='word_1_394' title='bbox 1700 4777 1845 4849; x_wconf 91' lang='lat' dir='ltr'><strong>prius</strong></span> <span class='ocrx_word' id='word_1_395' title='bbox 1870 4775 1999 4832; x_wconf 83' lang='lat' dir='ltr'><strong>sub—</strong></span> 
     </span>
    </p>
   </div>
   <div class='ocr_carea' id='block_1_51' title="bbox 420 4866 1997 4948">
    <p class='ocr_par' dir='ltr' id='par_1_51' title="bbox 420 4866 1997 4948">
     <span class='ocr_line' id='line_1_51' title="bbox 420 4866 1997 4948; baseline -0.01 -12"><span class='ocrx_word' id='word_1_396' title='bbox 420 4880 580 4943; x_wconf 88' lang='lat' dir='ltr'><strong>sistit,</strong></span> <span class='ocrx_word' id='word_1_397' title='bbox 611 4886 785 4948; x_wconf 78' lang='lat' dir='ltr'><strong>nequ‘e</strong></span> <span class='ocrx_word' id='word_1_398' title='bbox 812 4891 842 4930; x_wconf 89' lang='lat' dir='ltr'><strong>a</strong></span> <span class='ocrx_word' id='word_1_399' title='bbox 869 4873 1058 4930; x_wconf 88' lang='lat' dir='ltr'><strong>visibili</strong></span> <span class='ocrx_word' id='word_1_400' title='bbox 1086 4872 1331 4943; x_wconf 88' lang='lat' dir='ltr'><strong>quapiam</strong></span> <span class='ocrx_word' id='word_1_401' title='bbox 1360 4886 1418 4927; x_wconf 92' lang='lat' dir='ltr'><strong>re</strong></span> <span class='ocrx_word' id='word_1_402' title='bbox 1441 4869 1727 4935; x_wconf 89' lang='lat' dir='ltr'><strong>detinetur,</strong></span> <span class='ocrx_word' id='word_1_403' title='bbox 1749 4867 1918 4923; x_wconf 86' lang='lat' dir='ltr'><strong>donec</strong></span> <span class='ocrx_word' id='word_1_404' title='bbox 1943 4866 1997 4921; x_wconf 88' lang='lat' dir='ltr'><strong>in</strong></span> 
     </span>
    </p>
   </div>
   <div class='ocr_carea' id='block_1_52' title="bbox 422 4959 2001 5035">
    <p class='ocr_par' dir='ltr' id='par_1_52' title="bbox 422 4959 2001 5035">
     <span class='ocr_line' id='line_1_52' title="bbox 422 4959 2001 5035; baseline -0.005 -12"><span class='ocrx_word' id='word_1_405' title='bbox 422 4971 677 5028; x_wconf 83' lang='lat' dir='ltr'><strong>verticem</strong></span> <span class='ocrx_word' id='word_1_406' title='bbox 727 4965 1020 5025; x_wconf 88' lang='lat' dir='ltr'><strong>ascendere</strong></span> <span class='ocrx_word' id='word_1_407' title='bbox 1044 4963 1298 5035; x_wconf 80' lang='lat' dir='ltr'><strong>patuerit.</strong></span> <span class='ocrx_word' id='word_1_408' title='bbox 1327 4961 1390 5018; x_wconf 84' lang='lat' dir='ltr'><strong>Ei</strong></span> <span class='ocrx_word' id='word_1_409' title='bbox 1415 4962 1555 5017; x_wconf 88' lang='lat' dir='ltr'><strong>enim</strong></span> <span class='ocrx_word' id='word_1_410' title='bbox 1578 4960 1665 5033; x_wconf 91' lang='lat' dir='ltr'><strong>qui</strong></span> <span class='ocrx_word' id='word_1_411' title='bbox 1685 4961 1764 5017; x_wconf 90' lang='lat' dir='ltr'><strong>sic</strong></span> <span class='ocrx_word' id='word_1_412' title='bbox 1783 4959 2001 5017; x_wconf 76' lang='lat' dir='ltr'><strong>aﬂ‘ectus</strong></span> 
     </span>
    </p>
   </div>
   <div class='ocr_carea' id='block_1_53' title="bbox 420 5050 2002 5131">
    <p class='ocr_par' dir='ltr' id='par_1_53' title="bbox 420 5050 2002 5131">
     <span class='ocr_line' id='line_1_53' title="bbox 420 5050 2002 5131; baseline -0.009 -12"><span class='ocrx_word' id='word_1_413' title='bbox 420 5073 523 5129; x_wconf 89' lang='lat' dir='ltr'><strong>est,</strong></span> <span class='ocrx_word' id='word_1_414' title='bbox 550 5061 710 5118; x_wconf 88' lang='lat' dir='ltr'><strong>etiam</strong></span> <span class='ocrx_word' id='word_1_415' title='bbox 756 5074 876 5131; x_wconf 67' lang='lat' dir='ltr'><strong>quae</strong></span> <span class='ocrx_word' id='word_1_416' title='bbox 915 5056 1162 5112; x_wconf 83' lang='lat' dir='ltr'><strong>videntur</strong></span> <span class='ocrx_word' id='word_1_417' title='bbox 1199 5068 1318 5110; x_wconf 88' lang='lat' dir='ltr'><strong>esse</strong></span> <span class='ocrx_word' id='word_1_418' title='bbox 1362 5052 1617 5109; x_wconf 85' lang='lat' dir='ltr'><strong>terribilia</strong></span> <span class='ocrx_word' id='word_1_419' title='bbox 1654 5051 1708 5107; x_wconf 88' lang='lat' dir='ltr'><strong>in</strong></span> <span class='ocrx_word' id='word_1_420' title='bbox 1752 5050 2002 5122; x_wconf 67' lang='lat' dir='ltr'><strong>praesenti</strong></span> 
     </span>
    </p>
   </div>
   <div class='ocr_carea' id='block_1_54' title="bbox 422 5145 2003 5223">
    <p class='ocr_par' dir='ltr' id='par_1_54' title="bbox 422 5145 2003 5223">
     <span class='ocr_line' id='line_1_54' title="bbox 422 5145 2003 5223; baseline -0.007 -14"><span class='ocrx_word' id='word_1_421' title='bbox 422 5158 564 5220; x_wconf 84' lang='lat' dir='ltr'><strong>vita,</strong></span> <span class='ocrx_word' id='word_1_422' title='bbox 607 5150 1026 5223; x_wconf 76' lang='lat' dir='ltr'><strong>contemptibilis</strong></span> <span class='ocrx_word' id='word_1_423' title='bbox 1070 5147 1324 5204; x_wconf 82' lang='lat' dir='ltr'><strong>ﬁunt:et</strong></span> <span class='ocrx_word' id='word_1_424' title='bbox 1368 5147 1459 5217; x_wconf 89' lang='lat' dir='ltr'><strong>qui</strong></span> <span class='ocrx_word' id='word_1_425' title='bbox 1502 5145 1620 5201; x_wconf 87' lang='lat' dir='ltr'><strong>talis</strong></span> <span class='ocrx_word' id='word_1_426' title='bbox 1671 5152 1783 5210; x_wconf 89' lang='lat' dir='ltr'><strong>est,</strong></span> <span class='ocrx_word' id='word_1_427' title='bbox 1828 5158 2003 5212; x_wconf 87' lang='lat' dir='ltr'><strong>neque</strong></span> 
     </span>
    </p>
   </div>
   <div class='ocr_carea' id='block_1_55' title="bbox 422 5235 2002 5316">
    <p class='ocr_par' dir='ltr' id='par_1_55' title="bbox 422 5235 2002 5316">
     <span class='ocr_line' id='line_1_55' title="bbox 422 5235 2002 5316; baseline -0.008 -16"><span class='ocrx_word' id='word_1_428' title='bbox 422 5245 652 5316; x_wconf 88' lang='lat' dir='ltr'><strong>gladium</strong></span> <span class='ocrx_word' id='word_1_429' title='bbox 685 5244 855 5308; x_wconf 89' lang='lat' dir='ltr'><strong>timet,</strong></span> <span class='ocrx_word' id='word_1_430' title='bbox 909 5256 1082 5313; x_wconf 87' lang='lat' dir='ltr'><strong>neque</strong></span> <span class='ocrx_word' id='word_1_431' title='bbox 1128 5239 1501 5312; x_wconf 67' lang='lat' dir='ltr'><strong>praecipitium,</strong></span> <span class='ocrx_word' id='word_1_432' title='bbox 1552 5252 1724 5308; x_wconf 90' lang='lat' dir='ltr'><strong>neque</strong></span> <span class='ocrx_word' id='word_1_433' title='bbox 1773 5235 2002 5291; x_wconf 86' lang='lat' dir='ltr'><strong>ferarum</strong></span> 
     </span>
    </p>
   </div>
   <div class='ocr_carea' id='block_1_56' title="bbox 3559 273 3668 329">
    <p class='ocr_par' dir='ltr' id='par_1_56' title="bbox 3559 273 3668 329">
     <span class='ocr_line' id='line_1_56' title="bbox 3559 273 3668 329; baseline 0.009 -1"><span class='ocrx_word' id='word_1_434' title='bbox 3559 273 3668 329; x_wconf 70' lang='lat'><strong>260</strong></span> 
     </span>
    </p>
   </div>
   <div class='ocr_carea' id='block_1_57' title="bbox 2094 383 3670 457">
    <p class='ocr_par' dir='ltr' id='par_1_57' title="bbox 2094 383 3670 457">
     <span class='ocr_line' id='line_1_57' title="bbox 2094 383 3670 457; baseline 0.008 -23"><span class='ocrx_word' id='word_1_435' title='bbox 2094 384 2286 445; x_wconf 88' lang='lat' dir='ltr'><strong>videat,</strong></span> <span class='ocrx_word' id='word_1_436' title='bbox 2317 399 2421 439; x_wconf 90' lang='lat' dir='ltr'><strong>non</strong></span> <span class='ocrx_word' id='word_1_437' title='bbox 2479 383 2653 441; x_wconf 84' lang='lat' dir='ltr'><strong>deﬁcit</strong></span> <span class='ocrx_word' id='word_1_438' title='bbox 2696 384 2762 441; x_wconf 91' lang='lat' dir='ltr'><strong>ad</strong></span> <span class='ocrx_word' id='word_1_439' title='bbox 2809 395 3106 455; x_wconf 87' lang='lat' dir='ltr'><strong>aspectum,</strong></span> <span class='ocrx_word' id='word_1_440' title='bbox 3146 399 3324 457; x_wconf 79' lang='lat' dir='ltr'><strong>neque</strong></span> <span class='ocrx_word' id='word_1_441' title='bbox 3370 404 3670 446; x_wconf 84' lang='lat' dir='ltr'><strong>aversatur.</strong></span> 
     </span>
    </p>
   </div>
   <div class='ocr_carea' id='block_1_58' title="bbox 2093 475 3671 551">
    <p class='ocr_par' dir='ltr' id='par_1_58' title="bbox 2093 475 3671 551">
     <span class='ocr_line' id='line_1_58' title="bbox 2093 475 3671 551; baseline 0.004 -22"><span class='ocrx_word' id='word_1_442' title='bbox 2093 475 2420 531; x_wconf 75' lang='lat' dir='ltr'><strong>Desiderium</strong></span> <span class='ocrx_word' id='word_1_443' title='bbox 2444 477 2583 533; x_wconf 88' lang='lat' dir='ltr'><strong>enim</strong></span> <span class='ocrx_word' id='word_1_444' title='bbox 2612 477 2906 533; x_wconf 77' lang='lat' dir='ltr'><strong>futurorum</strong></span> <span class='ocrx_word' id='word_1_445' title='bbox 2930 490 3164 537; x_wconf 85' lang='lat' dir='ltr'><strong>mentem</strong></span> <span class='ocrx_word' id='word_1_446' title='bbox 3191 481 3356 551; x_wconf 86' lang='lat' dir='ltr'><strong>ipsius</strong></span> <span class='ocrx_word' id='word_1_447' title='bbox 3378 486 3671 550; x_wconf 83' lang='lat' dir='ltr'><strong>transtulit,</strong></span> 
     </span>
    </p>
   </div>
   <div class='ocr_carea' id='block_1_59' title="bbox 2091 566 3675 639">
    <p class='ocr_par' dir='ltr' id='par_1_59' title="bbox 2091 566 3675 639">
     <span class='ocr_line' id='line_1_59' title="bbox 2091 566 3675 639; baseline 0.006 -18"><span class='ocrx_word' id='word_1_448' title='bbox 2091 576 2143 621; x_wconf 93' lang='lat' dir='ltr'><strong>et</strong></span> <span class='ocrx_word' id='word_1_449' title='bbox 2171 567 2318 636; x_wconf 87' lang='lat' dir='ltr'><strong>quasi</strong></span> <span class='ocrx_word' id='word_1_450' title='bbox 2358 566 2548 622; x_wconf 73' lang='lat' dir='ltr'><strong>frustra</strong></span> <span class='ocrx_word' id='word_1_451' title='bbox 2576 582 2799 639; x_wconf 90' lang='lat' dir='ltr'><strong>corpore</strong></span> <span class='ocrx_word' id='word_1_452' title='bbox 2828 571 3073 637; x_wconf 86' lang='lat' dir='ltr'><strong>amictus,</strong></span> <span class='ocrx_word' id='word_1_453' title='bbox 3107 572 3174 626; x_wconf 88' lang='lat' dir='ltr'><strong>ita</strong></span> <span class='ocrx_word' id='word_1_454' title='bbox 3210 572 3518 629; x_wconf 76' lang='lat' dir='ltr'><strong>alicetiones</strong></span> <span class='ocrx_word' id='word_1_455' title='bbox 3545 590 3675 630; x_wconf 83' lang='lat' dir='ltr'><strong>suas</strong></span> 
     </span>
    </p>
   </div>
   <div class='ocr_carea' id='block_1_60' title="bbox 2091 662 3677 743">
    <p class='ocr_par' dir='ltr' id='par_1_60' title="bbox 2091 662 3677 743">
     <span class='ocr_line' id='line_1_60' title="bbox 2091 662 3677 743; baseline 0.006 -29"><span class='ocrx_word' id='word_1_456' title='bbox 2091 662 2415 727; x_wconf 89' lang='lat' dir='ltr'><strong>moderatur,</strong></span> <span class='ocrx_word' id='word_1_457' title='bbox 2449 671 2503 716; x_wconf 92' lang='lat' dir='ltr'><strong>et</strong></span> <span class='ocrx_word' id='word_1_458' title='bbox 2530 676 2753 731; x_wconf 89' lang='lat' dir='ltr'><strong>superna</strong></span> <span class='ocrx_word' id='word_1_459' title='bbox 2794 663 2962 734; x_wconf 87' lang='lat' dir='ltr'><strong>gratia</strong></span> <span class='ocrx_word' id='word_1_460' title='bbox 2990 665 3225 743; x_wconf 82' lang='lat' dir='ltr'><strong>munitus</strong></span> <span class='ocrx_word' id='word_1_461' title='bbox 3253 668 3489 738; x_wconf 76' lang='lat' dir='ltr'><strong>corporis</strong></span> <span class='ocrx_word' id='word_1_462' title='bbox 3519 668 3677 725; x_wconf 59' lang='lat' dir='ltr'><strong>doleo</strong></span> 
     </span>
    </p>
   </div>
   <div class='ocr_carea' id='block_1_61' title="bbox 2090 751 2712 823">
    <p class='ocr_par' dir='ltr' id='par_1_61' title="bbox 2090 751 2712 823">
     <span class='ocr_line' id='line_1_61' title="bbox 2090 751 2712 823; baseline 0 -18"><span class='ocrx_word' id='word_1_463' title='bbox 2090 766 2177 805; x_wconf 90' lang='lat' dir='ltr'><strong>res</strong></span> <span class='ocrx_word' id='word_1_464' title='bbox 2205 766 2271 805; x_wconf 91' lang='lat' dir='ltr'><strong>ne</strong></span> <span class='ocrx_word' id='word_1_465' title='bbox 2296 751 2453 807; x_wconf 88' lang='lat' dir='ltr'><strong>sentit</strong></span> <span class='ocrx_word' id='word_1_466' title='bbox 2479 752 2712 823; x_wconf 88' lang='lat' dir='ltr'><strong>quidem.</strong></span> 
     </span>
    </p>
   </div>
   <div class='ocr_carea' id='block_1_62' title="bbox 2162 841 3676 918">
    <p class='ocr_par' dir='ltr' id='par_1_62' title="bbox 2162 841 3676 918">
     <span class='ocr_line' id='line_1_62' title="bbox 2162 841 3676 918; baseline 0.009 -25"><span class='ocrx_word' id='word_1_467' title='bbox 2162 841 2475 896; x_wconf 82' lang='lat' dir='ltr'><strong>Adltortatur</strong></span> <span class='ocrx_word' id='word_1_468' title='bbox 2499 844 2565 896; x_wconf 84' lang='lat' dir='ltr'><strong>ad</strong></span> <span class='ocrx_word' id='word_1_469' title='bbox 2594 860 2816 897; x_wconf 88' lang='lat' dir='ltr'><strong>amorem</strong></span> <span class='ocrx_word' id='word_1_470' title='bbox 2845 861 2964 917; x_wconf 79' lang='lat' dir='ltr'><strong>erga</strong></span> <span class='ocrx_word' id='word_1_471' title='bbox 2992 845 3175 903; x_wconf 87' lang='lat' dir='ltr'><strong>Deum.</strong></span> <span class='ocrx_word' id='word_1_472' title='bbox 3194 877 3266 889; x_wconf 84' lang='lat'><strong>-—-</strong></span> <span class='ocrx_word' id='word_1_473' title='bbox 3287 850 3544 918; x_wconf 72' lang='lat' dir='ltr'><strong>Quoturca</strong></span> <span class='ocrx_word' id='word_1_474' title='bbox 3575 854 3676 907; x_wconf 82' lang='lat' dir='ltr'><strong>ub-</strong></span> 
     </span>
    </p>
   </div>
   <div class='ocr_carea' id='block_1_63' title="bbox 2091 935 3665 1010">
    <p class='ocr_par' dir='ltr' id='par_1_63' title="bbox 2091 935 3665 1010">
     <span class='ocr_line' id='line_1_63' title="bbox 2091 935 3665 1010; baseline 0.007 -23"><span class='ocrx_word' id='word_1_475' title='bbox 2091 947 2264 997; x_wconf 90' lang='lat' dir='ltr'><strong>secro,</strong></span> <span class='ocrx_word' id='word_1_476' title='bbox 2296 943 2349 988; x_wconf 92' lang='lat' dir='ltr'><strong>ut</strong></span> <span class='ocrx_word' id='word_1_477' title='bbox 2375 949 2481 1004; x_wconf 91' lang='lat' dir='ltr'><strong>quo</strong></span> <span class='ocrx_word' id='word_1_478' title='bbox 2508 935 2657 991; x_wconf 83' lang='lat' dir='ltr'><strong>facile</strong></span> <span class='ocrx_word' id='word_1_479' title='bbox 2686 936 2895 995; x_wconf 88' lang='lat' dir='ltr'><strong>virtutis</strong></span> <span class='ocrx_word' id='word_1_480' title='bbox 2942 937 3149 996; x_wconf 87' lang='lat' dir='ltr'><strong>labores</strong></span> <span class='ocrx_word' id='word_1_481' title='bbox 3179 940 3314 995; x_wconf 83' lang='lat' dir='ltr'><strong>ferre</strong></span> <span class='ocrx_word' id='word_1_482' title='bbox 3355 943 3619 1010; x_wconf 81' lang='lat' dir='ltr'><strong>possimus</strong></span> <span class='ocrx_word' id='word_1_483' title='bbox 3648 986 3665 1009; x_wconf 93' lang='lat'><strong>,</strong></span> 
     </span>
    </p>
   </div>
   <div class='ocr_carea' id='block_1_64' title="bbox 2093 1027 3670 1101">
    <p class='ocr_par' dir='ltr' id='par_1_64' title="bbox 2093 1027 3670 1101">
     <span class='ocr_line' id='line_1_64' title="bbox 2093 1027 3670 1101; baseline 0.007 -21"><span class='ocrx_word' id='word_1_484' title='bbox 2093 1041 2341 1095; x_wconf 83' lang='lat' dir='ltr'><strong>magnum</strong></span> <span class='ocrx_word' id='word_1_485' title='bbox 2370 1027 2658 1082; x_wconf 89' lang='lat' dir='ltr'><strong>habeamus</strong></span> <span class='ocrx_word' id='word_1_486' title='bbox 2690 1028 2740 1082; x_wconf 91' lang='lat' dir='ltr'><strong>in</strong></span> <span class='ocrx_word' id='word_1_487' title='bbox 2782 1029 2943 1084; x_wconf 90' lang='lat' dir='ltr'><strong>Deum</strong></span> <span class='ocrx_word' id='word_1_488' title='bbox 2973 1045 3208 1086; x_wconf 90' lang='lat' dir='ltr'><strong>amorem</strong></span> <span class='ocrx_word' id='word_1_489' title='bbox 3240 1043 3293 1089; x_wconf 89' lang='lat' dir='ltr'><strong>et</strong></span> <span class='ocrx_word' id='word_1_490' title='bbox 3320 1035 3670 1101; x_wconf 69' lang='lat' dir='ltr'><strong>desiderium,</strong></span> 
     </span>
    </p>
   </div>
   <div class='ocr_carea' id='block_1_65' title="bbox 2094 1120 3675 1196">
    <p class='ocr_par' dir='ltr' id='par_1_65' title="bbox 2094 1120 3675 1196">
     <span class='ocr_line' id='line_1_65' title="bbox 2094 1120 3675 1196; baseline 0.006 -22"><span class='ocrx_word' id='word_1_491' title='bbox 2094 1126 2149 1174; x_wconf 90' lang='lat' dir='ltr'><strong>et</strong></span> <span class='ocrx_word' id='word_1_492' title='bbox 2176 1120 2298 1173; x_wconf 92' lang='lat' dir='ltr'><strong>illuc</strong></span> <span class='ocrx_word' id='word_1_493' title='bbox 2323 1128 2501 1175; x_wconf 88' lang='lat' dir='ltr'><strong>mente</strong></span> <span class='ocrx_word' id='word_1_494' title='bbox 2547 1129 2724 1176; x_wconf 89' lang='lat' dir='ltr'><strong>nostra</strong></span> <span class='ocrx_word' id='word_1_495' title='bbox 2758 1121 2975 1188; x_wconf 89' lang='lat' dir='ltr'><strong>intenta,</strong></span> <span class='ocrx_word' id='word_1_496' title='bbox 3012 1137 3040 1177; x_wconf 89' lang='lat' dir='ltr'><strong>a</strong></span> <span class='ocrx_word' id='word_1_497' title='bbox 3087 1124 3229 1179; x_wconf 90' lang='lat' dir='ltr'><strong>nulla</strong></span> <span class='ocrx_word' id='word_1_498' title='bbox 3276 1143 3330 1181; x_wconf 88' lang='lat' dir='ltr'><strong>re</strong></span> <span class='ocrx_word' id='word_1_499' title='bbox 3369 1129 3524 1196; x_wconf 81' lang='lat' dir='ltr'><strong>hujus</strong></span> <span class='ocrx_word' id='word_1_500' title='bbox 3554 1129 3675 1184; x_wconf 74' lang='lat' dir='ltr'><strong>vita:</strong></span> 
     </span>
    </p>
   </div>
   <div class='ocr_carea' id='block_1_66' title="bbox 2093 1212 3673 1282">
    <p class='ocr_par' dir='ltr' id='par_1_66' title="bbox 2093 1212 3673 1282">
     <span class='ocr_line' id='line_1_66' title="bbox 2093 1212 3673 1282; baseline 0.007 -18"><span class='ocrx_word' id='word_1_501' title='bbox 2093 1212 2492 1282; x_wconf 86' lang='lat' dir='ltr'><strong>supplantemnr</strong></span> <span class='ocrx_word' id='word_1_502' title='bbox 2516 1213 2568 1268; x_wconf 91' lang='lat' dir='ltr'><strong>in</strong></span> <span class='ocrx_word' id='word_1_503' title='bbox 2596 1228 2754 1272; x_wconf 88' lang='lat' dir='ltr'><strong>cursu</strong></span> <span class='ocrx_word' id='word_1_504' title='bbox 2784 1215 2895 1280; x_wconf 90' lang='lat' dir='ltr'><strong>illo,</strong></span> <span class='ocrx_word' id='word_1_505' title='bbox 2940 1215 3035 1270; x_wconf 85' lang='lat' dir='ltr'><strong>scd</strong></span> <span class='ocrx_word' id='word_1_506' title='bbox 3071 1216 3365 1273; x_wconf 87' lang='lat' dir='ltr'><strong>futurorum</strong></span> <span class='ocrx_word' id='word_1_507' title='bbox 3413 1221 3673 1276; x_wconf 87' lang='lat' dir='ltr'><strong>bonorum</strong></span> 
     </span>
    </p>
   </div>
   <div class='ocr_carea' id='block_1_67' title="bbox 2095 1301 3677 1380">
    <p class='ocr_par' dir='ltr' id='par_1_67' title="bbox 2095 1301 3677 1380">
     <span class='ocr_line' id='line_1_67' title="bbox 2095 1301 3677 1380; baseline 0.007 -25"><span class='ocrx_word' id='word_1_508' title='bbox 2095 1301 2397 1359; x_wconf 79' lang='lat' dir='ltr'><strong>finitionem</strong></span> <span class='ocrx_word' id='word_1_509' title='bbox 2450 1304 2704 1361; x_wconf 89' lang='lat' dir='ltr'><strong>continuo</strong></span> <span class='ocrx_word' id='word_1_510' title='bbox 2753 1308 3065 1376; x_wconf 78' lang='lat' dir='ltr'><strong>cogitantes,</strong></span> <span class='ocrx_word' id='word_1_511' title='bbox 3107 1323 3294 1363; x_wconf 89' lang='lat' dir='ltr'><strong>omnes</strong></span> <span class='ocrx_word' id='word_1_512' title='bbox 3343 1310 3498 1380; x_wconf 81' lang='lat' dir='ltr'><strong>hujus</strong></span> <span class='ocrx_word' id='word_1_513' title='bbox 3553 1314 3677 1367; x_wconf 76' lang='lat' dir='ltr'><strong>vita:</strong></span> 
     </span>
    </p>
   </div>
   <div class='ocr_carea' id='block_1_68' title="bbox 2094 1398 3680 1472">
    <p class='ocr_par' dir='ltr' id='par_1_68' title="bbox 2094 1398 3680 1472">
     <span class='ocr_line' id='line_1_68' title="bbox 2094 1398 3680 1472; baseline 0.006 -21"><span class='ocrx_word' id='word_1_514' title='bbox 2094 1398 2366 1452; x_wconf 89' lang='lat' dir='ltr'><strong>molestias</strong></span> <span class='ocrx_word' id='word_1_515' title='bbox 2395 1409 2670 1454; x_wconf 91' lang='lat' dir='ltr'><strong>mansuete</strong></span> <span class='ocrx_word' id='word_1_516' title='bbox 2697 1398 2947 1465; x_wconf 87' lang='lat' dir='ltr'><strong>feramus,</strong></span> <span class='ocrx_word' id='word_1_517' title='bbox 2973 1410 3028 1454; x_wconf 92' lang='lat' dir='ltr'><strong>et</strong></span> <span class='ocrx_word' id='word_1_518' title='bbox 3047 1416 3218 1471; x_wconf 86' lang='lat' dir='ltr'><strong>neque</strong></span> <span class='ocrx_word' id='word_1_519' title='bbox 3248 1402 3534 1472; x_wconf 80' lang='lat' dir='ltr'><strong>ignominia</strong></span> <span class='ocrx_word' id='word_1_520' title='bbox 3579 1421 3680 1460; x_wconf 87' lang='lat' dir='ltr'><strong>nos</strong></span> 
     </span>
    </p>
   </div>
   <div class='ocr_carea' id='block_1_69' title="bbox 2093 1492 3680 1567">
    <p class='ocr_par' dir='ltr' id='par_1_69' title="bbox 2093 1492 3680 1567">
     <span class='ocr_line' id='line_1_69' title="bbox 2093 1492 3680 1567; baseline 0.004 -20"><span class='ocrx_word' id='word_1_521' title='bbox 2093 1494 2387 1557; x_wconf 72' lang='lat' dir='ltr'><strong>Contristct,</strong></span> <span class='ocrx_word' id='word_1_522' title='bbox 2412 1507 2583 1562; x_wconf 85' lang='lat' dir='ltr'><strong>neque</strong></span> <span class='ocrx_word' id='word_1_523' title='bbox 2608 1492 2781 1562; x_wconf 89' lang='lat' dir='ltr'><strong>inopia</strong></span> <span class='ocrx_word' id='word_1_524' title='bbox 2807 1502 3009 1563; x_wconf 80' lang='lat' dir='ltr'><strong>gravet,</strong></span> <span class='ocrx_word' id='word_1_525' title='bbox 3058 1510 3226 1565; x_wconf 89' lang='lat' dir='ltr'><strong>neque</strong></span> <span class='ocrx_word' id='word_1_526' title='bbox 3248 1497 3463 1552; x_wconf 87' lang='lat' dir='ltr'><strong>morbus</strong></span> <span class='ocrx_word' id='word_1_527' title='bbox 3487 1513 3680 1567; x_wconf 69' lang='lat' dir='ltr'><strong>corpo-</strong></span> 
     </span>
    </p>
   </div>
   <div class='ocr_carea' id='block_1_70' title="bbox 2095 1583 3678 1656">
    <p class='ocr_par' dir='ltr' id='par_1_70' title="bbox 2095 1583 3678 1656">
     <span class='ocr_line' id='line_1_70' title="bbox 2095 1583 3678 1656; baseline 0.003 -19"><span class='ocrx_word' id='word_1_528' title='bbox 2095 1583 2168 1637; x_wconf 87' lang='lat' dir='ltr'><strong>ris</strong></span> <span class='ocrx_word' id='word_1_529' title='bbox 2193 1583 2386 1637; x_wconf 90' lang='lat' dir='ltr'><strong>mentis</strong></span> <span class='ocrx_word' id='word_1_530' title='bbox 2412 1597 2626 1637; x_wconf 89' lang='lat' dir='ltr'><strong>sensum</strong></span> <span class='ocrx_word' id='word_1_531' title='bbox 2655 1584 2913 1650; x_wconf 90' lang='lat' dir='ltr'><strong>emolliat,</strong></span> <span class='ocrx_word' id='word_1_532' title='bbox 2967 1599 3138 1655; x_wconf 88' lang='lat' dir='ltr'><strong>neque</strong></span> <span class='ocrx_word' id='word_1_533' title='bbox 3182 1586 3321 1656; x_wconf 88' lang='lat' dir='ltr'><strong>quod</strong></span> <span class='ocrx_word' id='word_1_534' title='bbox 3361 1597 3678 1642; x_wconf 76' lang='lat' dir='ltr'><strong>caute-mna-</strong></span> 
     </span>
    </p>
   </div>
   <div class='ocr_carea' id='block_1_71' title="bbox 2094 1674 3680 1750">
    <p class='ocr_par' dir='ltr' id='par_1_71' title="bbox 2094 1674 3680 1750">
     <span class='ocr_line' id='line_1_71' title="bbox 2094 1674 3680 1750; baseline 0.004 -23"><span class='ocrx_word' id='word_1_535' title='bbox 2094 1690 2213 1728; x_wconf 82' lang='lat' dir='ltr'><strong>ntur</strong></span> <span class='ocrx_word' id='word_1_536' title='bbox 2237 1674 2694 1747; x_wconf 84' lang='lat' dir='ltr'><strong>chpiciamurque</strong></span> <span class='ocrx_word' id='word_1_537' title='bbox 2719 1676 2787 1732; x_wconf 87' lang='lat' dir='ltr'><strong>ab</strong></span> <span class='ocrx_word' id='word_1_538' title='bbox 2825 1675 3097 1732; x_wconf 88' lang='lat' dir='ltr'><strong>hominum</strong></span> <span class='ocrx_word' id='word_1_539' title='bbox 3123 1679 3293 1737; x_wconf 84' lang='lat' dir='ltr'><strong>turba.</strong></span> <span class='ocrx_word' id='word_1_540' title='bbox 3324 1679 3373 1734; x_wconf 89' lang='lat' dir='ltr'><strong>id</strong></span> <span class='ocrx_word' id='word_1_541' title='bbox 3402 1680 3680 1750; x_wconf 69' lang='lat' dir='ltr'><strong>segniores</strong></span> 
     </span>
    </p>
   </div>
   <div class='ocr_carea' id='block_1_72' title="bbox 2097 1766 3677 1841">
    <p class='ocr_par' dir='ltr' id='par_1_72' title="bbox 2097 1766 3677 1841">
     <span class='ocr_line' id='line_1_72' title="bbox 2097 1766 3677 1841; baseline 0.001 -20"><span class='ocrx_word' id='word_1_542' title='bbox 2097 1783 2193 1823; x_wconf 89' lang='lat' dir='ltr'><strong>nos</strong></span> <span class='ocrx_word' id='word_1_543' title='bbox 2222 1766 2377 1824; x_wconf 85' lang='lat' dir='ltr'><strong>faciat</strong></span> <span class='ocrx_word' id='word_1_544' title='bbox 2403 1769 2454 1823; x_wconf 92' lang='lat' dir='ltr'><strong>in</strong></span> <span class='ocrx_word' id='word_1_545' title='bbox 2480 1769 2691 1824; x_wconf 88' lang='lat' dir='ltr'><strong>virtutis</strong></span> <span class='ocrx_word' id='word_1_546' title='bbox 2718 1768 2893 1823; x_wconf 88' lang='lat' dir='ltr'><strong>studio</strong></span> <span class='ocrx_word' id='word_1_547' title='bbox 2922 1786 2936 1824; x_wconf 87' lang='lat'><strong>:</strong></span> <span class='ocrx_word' id='word_1_548' title='bbox 2969 1768 3063 1824; x_wconf 85' lang='lat' dir='ltr'><strong>sed</strong></span> <span class='ocrx_word' id='word_1_549' title='bbox 3112 1770 3358 1826; x_wconf 88' lang='lat' dir='ltr'><strong>omnibus</strong></span> <span class='ocrx_word' id='word_1_550' title='bbox 3398 1772 3461 1824; x_wconf 90' lang='lat' dir='ltr'><strong>iis</strong></span> <span class='ocrx_word' id='word_1_551' title='bbox 3481 1808 3497 1838; x_wconf 79' lang='lat'><strong>,</strong></span> <span class='ocrx_word' id='word_1_552' title='bbox 3522 1773 3677 1841; x_wconf 86' lang='lat' dir='ltr'><strong>quasi</strong></span> 
     </span>
    </p>
   </div>
   <div class='ocr_carea' id='block_1_73' title="bbox 2096 1860 3679 1933">
    <p class='ocr_par' dir='ltr' id='par_1_73' title="bbox 2096 1860 3679 1933">
     <span class='ocr_line' id='line_1_73' title="bbox 2096 1860 3679 1933; baseline 0.003 -19"><span class='ocrx_word' id='word_1_553' title='bbox 2096 1860 2267 1931; x_wconf 90' lang='lat' dir='ltr'><strong>pulvis</strong></span> <span class='ocrx_word' id='word_1_554' title='bbox 2310 1869 2525 1928; x_wconf 88' lang='lat' dir='ltr'><strong>essent,</strong></span> <span class='ocrx_word' id='word_1_555' title='bbox 2574 1862 2832 1930; x_wconf 81' lang='lat' dir='ltr'><strong>excussis,</strong></span> <span class='ocrx_word' id='word_1_556' title='bbox 2882 1871 3260 1933; x_wconf 86' lang='lat' dir='ltr'><strong>assutnptuquc</strong></span> <span class='ocrx_word' id='word_1_557' title='bbox 3312 1878 3578 1933; x_wconf 84' lang='lat' dir='ltr'><strong>generoso</strong></span> <span class='ocrx_word' id='word_1_558' title='bbox 3627 1877 3679 1919; x_wconf 88' lang='lat' dir='ltr'><strong>et</strong></span> 
     </span>
    </p>
   </div>
   <div class='ocr_carea' id='block_1_74' title="bbox 2096 1953 3681 2027">
    <p class='ocr_par' dir='ltr' id='par_1_74' title="bbox 2096 1953 3681 2027">
     <span class='ocr_line' id='line_1_74' title="bbox 2096 1953 3681 2027; baseline 0.005 -20"><span class='ocrx_word' id='word_1_559' title='bbox 2096 1953 2308 2009; x_wconf 89' lang='lat' dir='ltr'><strong>sublimi</strong></span> <span class='ocrx_word' id='word_1_560' title='bbox 2335 1953 2542 2024; x_wconf 89' lang='lat' dir='ltr'><strong>spiritu,</strong></span> <span class='ocrx_word' id='word_1_561' title='bbox 2570 1969 2818 2026; x_wconf 86' lang='lat' dir='ltr'><strong>magnum</strong></span> <span class='ocrx_word' id='word_1_562' title='bbox 2840 1969 2936 2025; x_wconf 88' lang='lat' dir='ltr'><strong>per</strong></span> <span class='ocrx_word' id='word_1_563' title='bbox 2959 1956 3135 2010; x_wconf 89' lang='lat' dir='ltr'><strong>omnia</strong></span> <span class='ocrx_word' id='word_1_564' title='bbox 3161 1955 3481 2010; x_wconf 85' lang='lat' dir='ltr'><strong>fortitudinis</strong></span> <span class='ocrx_word' id='word_1_565' title='bbox 3499 1959 3681 2027; x_wconf 85' lang='lat' dir='ltr'><strong>speci-</strong></span> 
     </span>
    </p>
   </div>
   <div class='ocr_carea' id='block_1_75' title="bbox 2096 2045 3681 2115">
    <p class='ocr_par' dir='ltr' id='par_1_75' title="bbox 2096 2045 3681 2115">
     <span class='ocr_line' id='line_1_75' title="bbox 2096 2045 3681 2115; baseline 0.004 -16"><span class='ocrx_word' id='word_1_566' title='bbox 2096 2060 2218 2099; x_wconf 90' lang='lat' dir='ltr'><strong>men</strong></span> <span class='ocrx_word' id='word_1_567' title='bbox 2256 2045 2625 2115; x_wconf 80' lang='lat' dir='ltr'><strong>exhibeamus,</strong></span> <span class='ocrx_word' id='word_1_568' title='bbox 2672 2056 2727 2103; x_wconf 90' lang='lat' dir='ltr'><strong>et</strong></span> <span class='ocrx_word' id='word_1_569' title='bbox 2783 2047 2921 2102; x_wconf 89' lang='lat' dir='ltr'><strong>sicut</strong></span> <span class='ocrx_word' id='word_1_570' title='bbox 2965 2047 3081 2104; x_wconf 88' lang='lat' dir='ltr'><strong>heri</strong></span> <span class='ocrx_word' id='word_1_571' title='bbox 3128 2059 3357 2104; x_wconf 86' lang='lat' dir='ltr'><strong>vestram</strong></span> <span class='ocrx_word' id='word_1_572' title='bbox 3402 2053 3681 2105; x_wconf 71' lang='lat' dir='ltr'><strong>caritatem</strong></span> 
     </span>
    </p>
   </div>
   <div class='ocr_carea' id='block_1_76' title="bbox 2096 2137 3681 2207">
    <p class='ocr_par' dir='ltr' id='par_1_76' title="bbox 2096 2137 3681 2207">
     <span class='ocr_line' id='line_1_76' title="bbox 2096 2137 3681 2207; baseline 0.003 -15"><span class='ocrx_word' id='word_1_573' title='bbox 2096 2138 2393 2204; x_wconf 86' lang='lat' dir='ltr'><strong>obsecravi,</strong></span> <span class='ocrx_word' id='word_1_574' title='bbox 2440 2153 2560 2194; x_wconf 90' lang='lat' dir='ltr'><strong>cum</strong></span> <span class='ocrx_word' id='word_1_575' title='bbox 2609 2137 2836 2194; x_wconf 90' lang='lat' dir='ltr'><strong>inimicis</strong></span> <span class='ocrx_word' id='word_1_576' title='bbox 2882 2154 3070 2207; x_wconf 88' lang='lat' dir='ltr'><strong>magna</strong></span> <span class='ocrx_word' id='word_1_577' title='bbox 3112 2139 3384 2196; x_wconf 87' lang='lat' dir='ltr'><strong>alacritate</strong></span> <span class='ocrx_word' id='word_1_578' title='bbox 3421 2142 3681 2197; x_wconf 84' lang='lat' dir='ltr'><strong>concilie-</strong></span> 
     </span>
    </p>
   </div>
   <div class='ocr_carea' id='block_1_77' title="bbox 2097 2230 3682 2298">
    <p class='ocr_par' dir='ltr' id='par_1_77' title="bbox 2097 2230 3682 2298">
     <span class='ocr_line' id='line_1_77' title="bbox 2097 2230 3682 2298; baseline 0.003 -14"><span class='ocrx_word' id='word_1_579' title='bbox 2097 2245 2239 2298; x_wconf 89' lang='lat' dir='ltr'><strong>mur,</strong></span> <span class='ocrx_word' id='word_1_580' title='bbox 2267 2238 2321 2286; x_wconf 90' lang='lat' dir='ltr'><strong>et</strong></span> <span class='ocrx_word' id='word_1_581' title='bbox 2345 2246 2410 2286; x_wconf 80' lang='lat' dir='ltr'><strong>ex</strong></span> <span class='ocrx_word' id='word_1_582' title='bbox 2452 2231 2730 2287; x_wconf 86' lang='lat' dir='ltr'><strong>animabus</strong></span> <span class='ocrx_word' id='word_1_583' title='bbox 2758 2232 2956 2289; x_wconf 91' lang='lat' dir='ltr'><strong>nostris</strong></span> <span class='ocrx_word' id='word_1_584' title='bbox 2982 2230 3314 2288; x_wconf 77' lang='lat' dir='ltr'><strong>aliectiouum</strong></span> <span class='ocrx_word' id='word_1_585' title='bbox 3339 2235 3682 2289; x_wconf 85' lang='lat' dir='ltr'><strong>eliminemus</strong></span> 
     </span>
    </p>
   </div>
   <div class='ocr_carea' id='block_1_78' title="bbox 2096 2323 3681 2396">
    <p class='ocr_par' dir='ltr' id='par_1_78' title="bbox 2096 2323 3681 2396">
     <span class='ocr_line' id='line_1_78' title="bbox 2096 2323 3681 2396; baseline 0.001 -18"><span class='ocrx_word' id='word_1_586' title='bbox 2096 2323 2379 2395; x_wconf 83' lang='lat' dir='ltr'><strong>reliquias;</strong></span> <span class='ocrx_word' id='word_1_587' title='bbox 2406 2323 2518 2378; x_wconf 91' lang='lat' dir='ltr'><strong>etsi</strong></span> <span class='ocrx_word' id='word_1_588' title='bbox 2555 2340 2657 2394; x_wconf 91' lang='lat' dir='ltr'><strong>qua</strong></span> <span class='ocrx_word' id='word_1_589' title='bbox 2687 2325 3110 2395; x_wconf 80' lang='lat' dir='ltr'><strong>concupiscentia</strong></span> <span class='ocrx_word' id='word_1_590' title='bbox 3144 2342 3301 2396; x_wconf 85' lang='lat' dir='ltr'><strong>prava</strong></span> <span class='ocrx_word' id='word_1_591' title='bbox 3337 2328 3681 2393; x_wconf 86' lang='lat' dir='ltr'><strong>iuterturbet,</strong></span> 
     </span>
    </p>
   </div>
   <div class='ocr_carea' id='block_1_79' title="bbox 2097 2412 3682 2485">
    <p class='ocr_par' dir='ltr' id='par_1_79' title="bbox 2097 2412 3682 2485">
     <span class='ocr_line' id='line_1_79' title="bbox 2097 2412 3682 2485; baseline 0.003 -18"><span class='ocrx_word' id='word_1_592' title='bbox 2097 2427 2215 2469; x_wconf 90' lang='lat' dir='ltr'><strong>eam</strong></span> <span class='ocrx_word' id='word_1_593' title='bbox 2267 2412 2591 2484; x_wconf 84' lang='lat' dir='ltr'><strong>eﬂ&#39;ugemus;</strong></span> <span class='ocrx_word' id='word_1_594' title='bbox 2648 2424 2703 2471; x_wconf 87' lang='lat' dir='ltr'><strong>et</strong></span> <span class='ocrx_word' id='word_1_595' title='bbox 2750 2414 2795 2470; x_wconf 87' lang='lat' dir='ltr'><strong>si</strong></span> <span class='ocrx_word' id='word_1_596' title='bbox 2848 2414 2995 2470; x_wconf 84' lang='lat' dir='ltr'><strong>luror</strong></span> <span class='ocrx_word' id='word_1_597' title='bbox 3042 2415 3110 2470; x_wconf 89' lang='lat' dir='ltr'><strong>ad</strong></span> <span class='ocrx_word' id='word_1_598' title='bbox 3156 2416 3287 2470; x_wconf 89' lang='lat' dir='ltr'><strong>iram</strong></span> <span class='ocrx_word' id='word_1_599' title='bbox 3335 2418 3682 2485; x_wconf 75' lang='lat' dir='ltr'><strong>exstimuiet,</strong></span> 
     </span>
    </p>
   </div>
   <div class='ocr_carea' id='block_1_80' title="bbox 2097 2505 3683 2578">
    <p class='ocr_par' dir='ltr' id='par_1_80' title="bbox 2097 2505 3683 2578">
     <span class='ocr_line' id='line_1_80' title="bbox 2097 2505 3683 2578; baseline 0.004 -17"><span class='ocrx_word' id='word_1_600' title='bbox 2097 2506 2509 2575; x_wconf 89' lang='lat' dir='ltr'><strong>comprimamus</strong></span> <span class='ocrx_word' id='word_1_601' title='bbox 2540 2505 2682 2562; x_wconf 88' lang='lat' dir='ltr'><strong>hunc</strong></span> <span class='ocrx_word' id='word_1_602' title='bbox 2703 2516 2891 2562; x_wconf 86' lang='lat' dir='ltr'><strong>aestum</strong></span> <span class='ocrx_word' id='word_1_603' title='bbox 2926 2518 3087 2565; x_wconf 88' lang='lat' dir='ltr'><strong>cantu</strong></span> <span class='ocrx_word' id='word_1_604' title='bbox 3110 2509 3462 2578; x_wconf 86' lang='lat' dir='ltr'><strong>spiritualium</strong></span> <span class='ocrx_word' id='word_1_605' title='bbox 3488 2512 3683 2569; x_wconf 86' lang='lat' dir='ltr'><strong>admo-</strong></span> 
     </span>
    </p>
   </div>
   <div class='ocr_carea' id='block_1_81' title="bbox 2097 2598 3682 2672">
    <p class='ocr_par' dir='ltr' id='par_1_81' title="bbox 2097 2598 3682 2672">
     <span class='ocr_line' id='line_1_81' title="bbox 2097 2598 3682 2672; baseline 0.003 -17"><span class='ocrx_word' id='word_1_606' title='bbox 2097 2598 2379 2665; x_wconf 90' lang='lat' dir='ltr'><strong>nitionum,</strong></span> <span class='ocrx_word' id='word_1_607' title='bbox 2419 2599 2763 2656; x_wconf 87' lang='lat' dir='ltr'><strong>ostendentes</strong></span> <span class='ocrx_word' id='word_1_608' title='bbox 2785 2616 2942 2671; x_wconf 89' lang='lat' dir='ltr'><strong>quam</strong></span> <span class='ocrx_word' id='word_1_609' title='bbox 2974 2602 3280 2672; x_wconf 71' lang='lat' dir='ltr'><strong>pernicies-.1:</strong></span> <span class='ocrx_word' id='word_1_610' title='bbox 3306 2605 3411 2661; x_wconf 90' lang='lat' dir='ltr'><strong>sint</strong></span> <span class='ocrx_word' id='word_1_611' title='bbox 3435 2603 3682 2660; x_wconf 61' lang='lat' dir='ltr'><strong>affectio.</strong></span> 
     </span>
    </p>
   </div>
   <div class='ocr_carea' id='block_1_82' title="bbox 2097 2688 3683 2761">
    <p class='ocr_par' dir='ltr' id='par_1_82' title="bbox 2097 2688 3683 2761">
     <span class='ocr_line' id='line_1_82' title="bbox 2097 2688 3683 2761; baseline 0 -13"><span class='ocrx_word' id='word_1_612' title='bbox 2097 2705 2214 2753; x_wconf 81' lang='lat' dir='ltr'><strong>nes.</strong></span> <span class='ocrx_word' id='word_1_613' title='bbox 2247 2688 2337 2744; x_wconf 75' lang='lat' dir='ltr'><strong>Vir</strong></span> <span class='ocrx_word' id='word_1_614' title='bbox 2385 2691 2549 2756; x_wconf 86' lang='lat' dir='ltr'><strong>enim,</strong></span> <span class='ocrx_word' id='word_1_615' title='bbox 2592 2692 2781 2761; x_wconf 85' lang='lat' dir='ltr'><strong>inquit,</strong></span> <span class='ocrx_word' id='word_1_616' title='bbox 2833 2692 3127 2760; x_wconf 86' lang='lat' dir='ltr'><strong>iracundus,</strong></span> <span class='ocrx_word' id='word_1_617' title='bbox 3176 2711 3277 2748; x_wconf 87' lang='lat' dir='ltr'><strong>non</strong></span> <span class='ocrx_word' id='word_1_618' title='bbox 3320 2694 3559 2750; x_wconf 80' lang='lat' dir='ltr'><strong>honestus</strong></span> <span class='ocrx_word' id='word_1_619' title='bbox 3609 2707 3683 2751; x_wconf 85' lang='lat' dir='ltr'><strong>est</strong></span> 
     </span>
    </p>
   </div>
   <div class='ocr_carea' id='block_1_83' title="bbox 2098 2782 3683 2859">
    <p class='ocr_par' dir='ltr' id='par_1_83' title="bbox 2098 2782 3683 2859">
     <span class='ocr_line' id='line_1_83' title="bbox 2098 2782 3683 2859; baseline -0.001 -18"><span class='ocrx_word' id='word_1_620' title='bbox 2098 2783 2294 2853; x_wconf 81' lang='lat' dir='ltr'><strong>(Prov.</strong></span> <span class='ocrx_word' id='word_1_621' title='bbox 2330 2784 2414 2838; x_wconf 83' lang='lat' dir='ltr'><strong>H.</strong></span> <span class='ocrx_word' id='word_1_622' title='bbox 2444 2782 2592 2854; x_wconf 70' lang='lat'><strong>25);</strong></span> <span class='ocrx_word' id='word_1_623' title='bbox 2618 2792 2672 2838; x_wconf 82' lang='lat' dir='ltr'><strong>et</strong></span> <span class='ocrx_word' id='word_1_624' title='bbox 2717 2785 2928 2851; x_wconf 85' lang='lat' dir='ltr'><strong>iterum,</strong></span> <span class='ocrx_word' id='word_1_625' title='bbox 2966 2784 3063 2851; x_wconf 86' lang='lat' dir='ltr'><strong>Qui</strong></span> <span class='ocrx_word' id='word_1_626' title='bbox 3113 2786 3346 2840; x_wconf 82' lang='lat' dir='ltr'><strong>irascitur</strong></span> <span class='ocrx_word' id='word_1_627' title='bbox 3393 2789 3547 2859; x_wconf 75' lang='lat' dir='ltr'><strong>fratri</strong></span> <span class='ocrx_word' id='word_1_628' title='bbox 3588 2804 3683 2841; x_wconf 84' lang='lat' dir='ltr'><strong>suo</strong></span> 
     </span>
    </p>
   </div>
   <div class='ocr_carea' id='block_1_84' title="bbox 2097 2875 3682 2948">
    <p class='ocr_par' dir='ltr' id='par_1_84' title="bbox 2097 2875 3682 2948">
     <span class='ocr_line' id='line_1_84' title="bbox 2097 2875 3682 2948; baseline 0.001 -19"><span class='ocrx_word' id='word_1_629' title='bbox 2097 2876 2205 2929; x_wconf 80' lang='lat' dir='ltr'><strong>sine</strong></span> <span class='ocrx_word' id='word_1_630' title='bbox 2232 2890 2407 2937; x_wconf 87' lang='lat' dir='ltr'><strong>causa,</strong></span> <span class='ocrx_word' id='word_1_631' title='bbox 2439 2891 2552 2928; x_wconf 88' lang='lat' dir='ltr'><strong>reus</strong></span> <span class='ocrx_word' id='word_1_632' title='bbox 2592 2876 2685 2929; x_wconf 88' lang='lat' dir='ltr'><strong>erit</strong></span> <span class='ocrx_word' id='word_1_633' title='bbox 2736 2875 2975 2946; x_wconf 77' lang='lat' dir='ltr'><strong>geltcnnw</strong></span> <span class='ocrx_word' id='word_1_634' title='bbox 3014 2877 3144 2948; x_wconf 88' lang='lat' dir='ltr'><strong>ignis</strong></span> <span class='ocrx_word' id='word_1_635' title='bbox 3189 2876 3413 2945; x_wconf 77' lang='lat' dir='ltr'><strong>(Matth.</strong></span> <span class='ocrx_word' id='word_1_636' title='bbox 3463 2878 3519 2933; x_wconf 79' lang='lat'><strong>5.</strong></span> <span class='ocrx_word' id='word_1_637' title='bbox 3551 2878 3682 2948; x_wconf 70' lang='lat'><strong>22).</strong></span> 
     </span>
    </p>
   </div>
   <div class='ocr_carea' id='block_1_85' title="bbox 2098 2965 3680 3039">
    <p class='ocr_par' dir='ltr' id='par_1_85' title="bbox 2098 2965 3680 3039">
     <span class='ocr_line' id='line_1_85' title="bbox 2098 2965 3680 3039; baseline 0.001 -18"><span class='ocrx_word' id='word_1_638' title='bbox 2098 2965 2165 3021; x_wconf 86' lang='lat' dir='ltr'><strong>Et</strong></span> <span class='ocrx_word' id='word_1_639' title='bbox 2196 2966 2238 3022; x_wconf 87' lang='lat' dir='ltr'><strong>si</strong></span> <span class='ocrx_word' id='word_1_640' title='bbox 2275 2966 2615 3037; x_wconf 88' lang='lat' dir='ltr'><strong>pecuniarum</strong></span> <span class='ocrx_word' id='word_1_641' title='bbox 2655 2966 2917 3037; x_wconf 87' lang='lat' dir='ltr'><strong>cupiditas</strong></span> <span class='ocrx_word' id='word_1_642' title='bbox 2942 2970 3187 3035; x_wconf 91' lang='lat' dir='ltr'><strong>incessat,</strong></span> <span class='ocrx_word' id='word_1_643' title='bbox 3215 2969 3402 3023; x_wconf 88' lang='lat' dir='ltr'><strong>demus</strong></span> <span class='ocrx_word' id='word_1_644' title='bbox 3431 2985 3680 3039; x_wconf 87' lang='lat' dir='ltr'><strong>operam,</strong></span> 
     </span>
    </p>
   </div>
   <div class='ocr_carea' id='block_1_86' title="bbox 2099 3058 3682 3129">
    <p class='ocr_par' dir='ltr' id='par_1_86' title="bbox 2099 3058 3682 3129">
     <span class='ocr_line' id='line_1_86' title="bbox 2099 3058 3682 3129; baseline 0.002 -17"><span class='ocrx_word' id='word_1_645' title='bbox 2099 3067 2155 3115; x_wconf 86' lang='grc' dir='ltr'><strong>ιιι</strong></span> <span class='ocrx_word' id='word_1_646' title='bbox 2184 3074 2334 3113; x_wconf 88' lang='lat' dir='ltr'><strong>mens</strong></span> <span class='ocrx_word' id='word_1_647' title='bbox 2383 3058 2515 3114; x_wconf 84' lang='lat' dir='ltr'><strong>vitet</strong></span> <span class='ocrx_word' id='word_1_648' title='bbox 2566 3066 2763 3117; x_wconf 80' lang='lat' dir='ltr'><strong>tantam</strong></span> <span class='ocrx_word' id='word_1_649' title='bbox 2810 3060 3119 3129; x_wconf 89' lang='lat' dir='ltr'><strong>perniciem,</strong></span> <span class='ocrx_word' id='word_1_650' title='bbox 3164 3069 3218 3115; x_wconf 90' lang='lat' dir='ltr'><strong>et</strong></span> <span class='ocrx_word' id='word_1_651' title='bbox 3266 3063 3403 3115; x_wconf 89' lang='lat' dir='ltr'><strong>sicut</strong></span> <span class='ocrx_word' id='word_1_652' title='bbox 3443 3060 3682 3116; x_wconf 85' lang='lat' dir='ltr'><strong>radicem</strong></span> 
     </span>
    </p>
   </div>
   <div class='ocr_carea' id='block_1_87' title="bbox 2099 3152 3685 3226">
    <p class='ocr_par' dir='ltr' id='par_1_87' title="bbox 2099 3152 3685 3226">
     <span class='ocr_line' id='line_1_87' title="bbox 2099 3152 3685 3226; baseline 0.002 -20"><span class='ocrx_word' id='word_1_653' title='bbox 2099 3152 2358 3207; x_wconf 87' lang='lat' dir='ltr'><strong>malorum</strong></span> <span class='ocrx_word' id='word_1_654' title='bbox 2389 3152 2625 3207; x_wconf 86' lang='lat' dir='ltr'><strong>omnium</strong></span> <span class='ocrx_word' id='word_1_655' title='bbox 2655 3152 3045 3209; x_wconf 81' lang='lat' dir='ltr'><strong>exscindamus.</strong></span> <span class='ocrx_word' id='word_1_656' title='bbox 3067 3153 3150 3209; x_wconf 87' lang='lat' dir='ltr'><strong>Sic</strong></span> <span class='ocrx_word' id='word_1_657' title='bbox 3173 3154 3480 3209; x_wconf 82' lang='lat' dir='ltr'><strong>Studeamus</strong></span> <span class='ocrx_word' id='word_1_658' title='bbox 3506 3156 3685 3226; x_wconf 85' lang='lat' dir='ltr'><strong>singu-</strong></span> 
     </span>
    </p>
   </div>
   <div class='ocr_carea' id='block_1_88' title="bbox 2099 3242 3685 3315">
    <p class='ocr_par' dir='ltr' id='par_1_88' title="bbox 2099 3242 3685 3315">
     <span class='ocr_line' id='line_1_88' title="bbox 2099 3242 3685 3315; baseline 0 -16"><span class='ocrx_word' id='word_1_659' title='bbox 2099 3243 2177 3299; x_wconf 90' lang='lat' dir='ltr'><strong>las</strong></span> <span class='ocrx_word' id='word_1_660' title='bbox 2205 3242 2515 3299; x_wconf 66' lang='lat' dir='ltr'><strong>affectiones</strong></span> <span class='ocrx_word' id='word_1_661' title='bbox 2553 3242 2719 3299; x_wconf 88' lang='lat' dir='ltr'><strong>malas</strong></span> <span class='ocrx_word' id='word_1_662' title='bbox 2740 3244 3027 3314; x_wconf 88' lang='lat' dir='ltr'><strong>corrigere,</strong></span> <span class='ocrx_word' id='word_1_663' title='bbox 3060 3260 3164 3315; x_wconf 91' lang='lat' dir='ltr'><strong>quo</strong></span> <span class='ocrx_word' id='word_1_664' title='bbox 3208 3254 3262 3299; x_wconf 87' lang='lat' dir='ltr'><strong>et</strong></span> <span class='ocrx_word' id='word_1_665' title='bbox 3290 3245 3615 3302; x_wconf 87' lang='lat' dir='ltr'><strong>abstinendo</strong></span> <span class='ocrx_word' id='word_1_666' title='bbox 3655 3264 3685 3299; x_wconf 87' lang='lat' dir='ltr'><strong>a</strong></span> 
     </span>
    </p>
   </div>
   <div class='ocr_carea' id='block_1_89' title="bbox 2098 3336 3689 3407">
    <p class='ocr_par' dir='ltr' id='par_1_89' title="bbox 2098 3336 3689 3407">
     <span class='ocr_line' id='line_1_89' title="bbox 2098 3336 3689 3407; baseline -0.003 -14"><span class='ocrx_word' id='word_1_667' title='bbox 2098 3337 2275 3404; x_wconf 89' lang='lat' dir='ltr'><strong>malis,</strong></span> <span class='ocrx_word' id='word_1_668' title='bbox 2304 3344 2357 3392; x_wconf 90' lang='lat' dir='ltr'><strong>et</strong></span> <span class='ocrx_word' id='word_1_669' title='bbox 2384 3336 2640 3392; x_wconf 87' lang='lat' dir='ltr'><strong>sectando</strong></span> <span class='ocrx_word' id='word_1_670' title='bbox 2667 3350 2827 3406; x_wconf 89' lang='lat' dir='ltr'><strong>opera</strong></span> <span class='ocrx_word' id='word_1_671' title='bbox 2872 3336 3032 3403; x_wconf 86' lang='lat' dir='ltr'><strong>bona,</strong></span> <span class='ocrx_word' id='word_1_672' title='bbox 3085 3336 3349 3407; x_wconf 87' lang='lat' dir='ltr'><strong>possimus</strong></span> <span class='ocrx_word' id='word_1_673' title='bbox 3389 3339 3438 3390; x_wconf 89' lang='lat' dir='ltr'><strong>iu</strong></span> <span class='ocrx_word' id='word_1_674' title='bbox 3468 3336 3560 3393; x_wconf 90' lang='lat' dir='ltr'><strong>die</strong></span> <span class='ocrx_word' id='word_1_675' title='bbox 3589 3337 3689 3391; x_wconf 74' lang='lat' dir='ltr'><strong>illo</strong></span> 
     </span>
    </p>
   </div>
   <div class='ocr_carea' id='block_1_90' title="bbox 2098 3425 3687 3497">
    <p class='ocr_par' dir='ltr' id='par_1_90' title="bbox 2098 3425 3687 3497">
     <span class='ocr_line' id='line_1_90' title="bbox 2098 3425 3687 3497; baseline -0.003 -14"><span class='ocrx_word' id='word_1_676' title='bbox 2098 3426 2377 3483; x_wconf 88' lang='lat' dir='ltr'><strong>tremendo</strong></span> <span class='ocrx_word' id='word_1_677' title='bbox 2397 3441 2427 3481; x_wconf 91' lang='lat' dir='ltr'><strong>a</strong></span> <span class='ocrx_word' id='word_1_678' title='bbox 2451 3426 2561 3482; x_wconf 88' lang='lat' dir='ltr'><strong>Deo</strong></span> <span class='ocrx_word' id='word_1_679' title='bbox 2587 3425 3004 3482; x_wconf 89' lang='lat' dir='ltr'><strong>misericordiam</strong></span> <span class='ocrx_word' id='word_1_680' title='bbox 3033 3428 3266 3495; x_wconf 88' lang='lat' dir='ltr'><strong>assequi,</strong></span> <span class='ocrx_word' id='word_1_681' title='bbox 3290 3426 3453 3497; x_wconf 84' lang='lat' dir='ltr'><strong>gratia</strong></span> <span class='ocrx_word' id='word_1_682' title='bbox 3482 3436 3540 3482; x_wconf 90' lang='lat' dir='ltr'><strong>et</strong></span> <span class='ocrx_word' id='word_1_683' title='bbox 3576 3428 3687 3481; x_wconf 76' lang='grc' dir='ltr'><strong>ηιίο</strong></span> 
     </span>
    </p>
   </div>
   <div class='ocr_carea' id='block_1_91' title="bbox 2098 3516 3687 3590">
    <p class='ocr_par' dir='ltr' id='par_1_91' title="bbox 2098 3516 3687 3590">
     <span class='ocr_line' id='line_1_91' title="bbox 2098 3516 3687 3590; baseline 0.001 -18"><span class='ocrx_word' id='word_1_684' title='bbox 2098 3517 2452 3574; x_wconf 87' lang='lat' dir='ltr'><strong>serationibus</strong></span> <span class='ocrx_word' id='word_1_685' title='bbox 2488 3517 2742 3587; x_wconf 81' lang='lat' dir='ltr'><strong>unigeniti</strong></span> <span class='ocrx_word' id='word_1_686' title='bbox 2781 3516 2895 3590; x_wconf 86' lang='lat' dir='ltr'><strong>ejus</strong></span> <span class='ocrx_word' id='word_1_687' title='bbox 2941 3517 3080 3586; x_wconf 85' lang='lat' dir='ltr'><strong>Filii,</strong></span> <span class='ocrx_word' id='word_1_688' title='bbox 3122 3517 3205 3573; x_wconf 92' lang='lat' dir='ltr'><strong>cui</strong></span> <span class='ocrx_word' id='word_1_689' title='bbox 3248 3534 3366 3573; x_wconf 88' lang='lat' dir='ltr'><strong>eum</strong></span> <span class='ocrx_word' id='word_1_690' title='bbox 3403 3519 3578 3583; x_wconf 82' lang='lat' dir='ltr'><strong>Patre,</strong></span> <span class='ocrx_word' id='word_1_691' title='bbox 3633 3529 3687 3573; x_wconf 78' lang='lat' dir='ltr'><strong>et</strong></span> 
     </span>
    </p>
   </div>
   <div class='ocr_carea' id='block_1_92' title="bbox 2100 3609 3690 3680">
    <p class='ocr_par' dir='ltr' id='par_1_92' title="bbox 2100 3609 3690 3680">
     <span class='ocr_line' id='line_1_92' title="bbox 2100 3609 3690 3680; baseline 0.002 -14"><span class='ocrx_word' id='word_1_692' title='bbox 2100 3609 2297 3679; x_wconf 90' lang='lat' dir='ltr'><strong>Spiritu</strong></span> <span class='ocrx_word' id='word_1_693' title='bbox 2322 3619 2506 3665; x_wconf 89' lang='lat' dir='ltr'><strong>sancto</strong></span> <span class='ocrx_word' id='word_1_694' title='bbox 2530 3610 2597 3663; x_wconf 89' lang='lat' dir='ltr'><strong>sit</strong></span> <span class='ocrx_word' id='word_1_695' title='bbox 2622 3609 2810 3680; x_wconf 88' lang='lat' dir='ltr'><strong>gloria,</strong></span> <span class='ocrx_word' id='word_1_696' title='bbox 2835 3609 3133 3679; x_wconf 88' lang='lat' dir='ltr'><strong>imperium,</strong></span> <span class='ocrx_word' id='word_1_697' title='bbox 3159 3620 3212 3666; x_wconf 91' lang='lat' dir='ltr'><strong>et</strong></span> <span class='ocrx_word' id='word_1_698' title='bbox 3242 3611 3431 3678; x_wconf 79' lang='lat' dir='ltr'><strong>honor,</strong></span> <span class='ocrx_word' id='word_1_699' title='bbox 3459 3627 3607 3667; x_wconf 88' lang='lat' dir='ltr'><strong>nunc</strong></span> <span class='ocrx_word' id='word_1_700' title='bbox 3633 3624 3690 3669; x_wconf 68' lang='lat' dir='ltr'><strong>et</strong></span> 
     </span>
    </p>
   </div>
   <div class='ocr_carea' id='block_1_93' title="bbox 2100 3701 3320 3773">
    <p class='ocr_par' dir='ltr' id='par_1_93' title="bbox 2100 3701 3320 3773">
     <span class='ocr_line' id='line_1_93' title="bbox 2100 3701 3320 3773; baseline -0.001 -15"><span class='ocrx_word' id='word_1_701' title='bbox 2100 3715 2335 3773; x_wconf 86' lang='lat' dir='ltr'><strong>semper,</strong></span> <span class='ocrx_word' id='word_1_702' title='bbox 2368 3712 2422 3757; x_wconf 92' lang='lat' dir='ltr'><strong>et</strong></span> <span class='ocrx_word' id='word_1_703' title='bbox 2457 3701 2511 3756; x_wconf 89' lang='lat' dir='ltr'><strong>in</strong></span> <span class='ocrx_word' id='word_1_704' title='bbox 2549 3701 2740 3757; x_wconf 61' lang='lat' dir='ltr'><strong>saecula</strong></span> <span class='ocrx_word' id='word_1_705' title='bbox 2767 3702 3104 3758; x_wconf 77' lang='lat' dir='ltr'><strong>saeculorum.</strong></span> <span class='ocrx_word' id='word_1_706' title='bbox 3131 3702 3320 3759; x_wconf 83' lang='lat' dir='ltr'><strong>Amen.</strong></span> 
     </span>
    </p>
   </div>
   <div class='ocr_carea' id='block_1_94' title="bbox 2644 3835 3150 3893">
    <p class='ocr_par' dir='ltr' id='par_1_94' title="bbox 2644 3835 3150 3893">
     <span class='ocr_line' id='line_1_94' title="bbox 2644 3835 3150 3893; baseline 0.006 -3"><span class='ocrx_word' id='word_1_707' title='bbox 2644 3835 2921 3892; x_wconf 71' lang='lat' dir='ltr'><strong>HOMILIA</strong></span> <span class='ocrx_word' id='word_1_708' title='bbox 2960 3836 3150 3893; x_wconf 71' lang='lat' dir='ltr'><strong>XXIX.</strong></span> 
     </span>
    </p>
   </div>
   <div class='ocr_carea' id='block_1_95' title="bbox 2100 3950 3684 4021">
    <p class='ocr_par' dir='ltr' id='par_1_95' title="bbox 2100 3950 3684 4021">
     <span class='ocr_line' id='line_1_95' title="bbox 2100 3950 3684 4021; baseline -0.001 -15"><span class='ocrx_word' id='word_1_709' title='bbox 2100 3950 2169 4006; x_wconf 83' lang='lat' dir='ltr'><strong>Et</strong></span> <span class='ocrx_word' id='word_1_710' title='bbox 2193 3953 2341 4021; x_wconf 79' lang='lat' dir='ltr'><strong>coepit</strong></span> <span class='ocrx_word' id='word_1_711' title='bbox 2367 3950 2482 4005; x_wconf 81' lang='lat' dir='ltr'><strong>Noe</strong></span> <span class='ocrx_word' id='word_1_712' title='bbox 2504 3951 2651 4005; x_wconf 74' lang='lat' dir='ltr'><strong>homo</strong></span> <span class='ocrx_word' id='word_1_713' title='bbox 2676 3951 2900 4021; x_wconf 88' lang='lat' dir='ltr'><strong>agricola</strong></span> <span class='ocrx_word' id='word_1_714' title='bbox 2927 3960 3088 4014; x_wconf 79' lang='lat' dir='ltr'><strong>terrte,</strong></span> <span class='ocrx_word' id='word_1_715' title='bbox 3117 3960 3162 4005; x_wconf 86' lang='lat' dir='ltr'><strong>et</strong></span> <span class='ocrx_word' id='word_1_716' title='bbox 3189 3950 3431 4018; x_wconf 82' lang='lat' dir='ltr'><strong>plantavit</strong></span> <span class='ocrx_word' id='word_1_717' title='bbox 3458 3954 3684 4019; x_wconf 81' lang='lat' dir='ltr'><strong>vineam,</strong></span> 
     </span>
    </p>
   </div>
   <div class='ocr_carea' id='block_1_96' title="bbox 2170 4042 3607 4115">
    <p class='ocr_par' dir='ltr' id='par_1_96' title="bbox 2170 4042 3607 4115">
     <span class='ocr_line' id='line_1_96' title="bbox 2170 4042 3607 4115; baseline 0 -17"><span class='ocrx_word' id='word_1_718' title='bbox 2170 4054 2217 4098; x_wconf 90' lang='lat' dir='ltr'><strong>et</strong></span> <span class='ocrx_word' id='word_1_719' title='bbox 2242 4044 2359 4098; x_wconf 88' lang='lat' dir='ltr'><strong>bibit</strong></span> <span class='ocrx_word' id='word_1_720' title='bbox 2383 4048 2445 4100; x_wconf 87' lang='lat' dir='ltr'><strong>de</strong></span> <span class='ocrx_word' id='word_1_721' title='bbox 2471 4048 2584 4101; x_wconf 79' lang='lat' dir='ltr'><strong>rino</strong></span> <span class='ocrx_word' id='word_1_722' title='bbox 2607 4062 2625 4100; x_wconf 88' lang='lat'><strong><em>:</em></strong></span> <span class='ocrx_word' id='word_1_723' title='bbox 2652 4055 2701 4100; x_wconf 89' lang='lat' dir='ltr'><strong>et</strong></span> <span class='ocrx_word' id='word_1_724' title='bbox 2728 4044 2996 4098; x_wconf 76' lang='lat' dir='ltr'><strong>inebriatus</strong></span> <span class='ocrx_word' id='word_1_725' title='bbox 3022 4052 3093 4098; x_wconf 85' lang='lat' dir='ltr'><strong>est</strong></span> <span class='ocrx_word' id='word_1_726' title='bbox 3123 4042 3273 4115; x_wconf 76' lang='lat' dir='ltr'><strong>(Gen.</strong></span> <span class='ocrx_word' id='word_1_727' title='bbox 3296 4044 3344 4097; x_wconf 87' lang='lat'><strong>9.</strong></span> <span class='ocrx_word' id='word_1_728' title='bbox 3375 4044 3461 4099; x_wconf 74' lang='lat'><strong>9.0.</strong></span> <span class='ocrx_word' id='word_1_729' title='bbox 3487 4044 3607 4114; x_wconf 70' lang='grc'><strong>21).</strong></span> 
     </span>
    </p>
   </div>
   <div class='ocr_carea' id='block_1_97' title="bbox 2172 4157 3689 4230">
    <p class='ocr_par' dir='ltr' id='par_1_97' title="bbox 2172 4157 3689 4230">
     <span class='ocr_line' id='line_1_97' title="bbox 2172 4157 3689 4230; baseline -0.001 -16"><span class='ocrx_word' id='word_1_730' title='bbox 2172 4162 2224 4223; x_wconf 83' lang='grc'><strong>1.</strong></span> <span class='ocrx_word' id='word_1_731' title='bbox 2268 4158 2388 4219; x_wconf 84' lang='lat' dir='ltr'><strong>Non</strong></span> <span class='ocrx_word' id='word_1_732' title='bbox 2417 4159 2581 4216; x_wconf 88' lang='lat' dir='ltr'><strong>solum</strong></span> <span class='ocrx_word' id='word_1_733' title='bbox 2604 4159 2733 4213; x_wconf 86' lang='lat' dir='ltr'><strong>bona</strong></span> <span class='ocrx_word' id='word_1_734' title='bbox 2761 4175 2912 4230; x_wconf 83' lang='lat' dir='ltr'><strong>opera</strong></span> <span class='ocrx_word' id='word_1_735' title='bbox 2930 4200 2945 4225; x_wconf 92' lang='lat'><strong>,</strong></span> <span class='ocrx_word' id='word_1_736' title='bbox 2972 4157 3061 4214; x_wconf 87' lang='lat' dir='ltr'><strong>sed</strong></span> <span class='ocrx_word' id='word_1_737' title='bbox 3089 4167 3133 4212; x_wconf 89' lang='lat' dir='ltr'><strong>et</strong></span> <span class='ocrx_word' id='word_1_738' title='bbox 3160 4170 3362 4228; x_wconf 72' lang='lat' dir='ltr'><strong>peccata</strong></span> <span class='ocrx_word' id='word_1_739' title='bbox 3388 4168 3689 4212; x_wconf 82' lang='lat' dir='ltr'><strong>sanctorum</strong></span> 
     </span>
    </p>
   </div>
   <div class='ocr_carea' id='block_1_98' title="bbox 2100 4249 3687 4324">
    <p class='ocr_par' dir='ltr' id='par_1_98' title="bbox 2100 4249 3687 4324">
     <span class='ocr_line' id='line_1_98' title="bbox 2100 4249 3687 4324; baseline -0.001 -19"><span class='ocrx_word' id='word_1_740' title='bbox 2100 4263 2547 4324; x_wconf 71' lang='lat' dir='ltr'><strong>proponuntur.—</strong></span> <span class='ocrx_word' id='word_1_741' title='bbox 2561 4251 2640 4306; x_wconf 90' lang='lat' dir='ltr'><strong>Ad</strong></span> <span class='ocrx_word' id='word_1_742' title='bbox 2665 4251 2821 4308; x_wconf 83' lang='lat' dir='ltr'><strong>ﬁnem</strong></span> <span class='ocrx_word' id='word_1_743' title='bbox 2848 4249 3057 4307; x_wconf 85' lang='lat' dir='ltr'><strong>tandem</strong></span> <span class='ocrx_word' id='word_1_744' title='bbox 3078 4252 3368 4320; x_wconf 80' lang='lat' dir='ltr'><strong>argumenti</strong></span> <span class='ocrx_word' id='word_1_745' title='bbox 3394 4249 3458 4303; x_wconf 86' lang='lat' dir='ltr'><strong>ad</strong></span> <span class='ocrx_word' id='word_1_746' title='bbox 3472 4250 3687 4320; x_wconf 83' lang='lat' dir='ltr'><strong>justum</strong></span> 
     </span>
    </p>
   </div>
   <div class='ocr_carea' id='block_1_99' title="bbox 2103 4346 3688 4420">
    <p class='ocr_par' dir='ltr' id='par_1_99' title="bbox 2103 4346 3688 4420">
     <span class='ocr_line' id='line_1_99' title="bbox 2103 4346 3688 4420; baseline -0.002 -15"><span class='ocrx_word' id='word_1_747' title='bbox 2103 4348 2246 4405; x_wconf 91' lang='lat' dir='ltr'><strong>hunc</strong></span> <span class='ocrx_word' id='word_1_748' title='bbox 2287 4347 2577 4420; x_wconf 79' lang='lat' dir='ltr'><strong>Spectantis</strong></span> <span class='ocrx_word' id='word_1_749' title='bbox 2620 4347 2895 4403; x_wconf 87' lang='lat' dir='ltr'><strong>venimus:</strong></span> <span class='ocrx_word' id='word_1_750' title='bbox 2935 4346 3057 4405; x_wconf 84' lang='lat' dir='ltr'><strong>ideo</strong></span> <span class='ocrx_word' id='word_1_751' title='bbox 3099 4346 3340 4413; x_wconf 85' lang='lat' dir='ltr'><strong>obsecro,</strong></span> <span class='ocrx_word' id='word_1_752' title='bbox 3371 4356 3552 4405; x_wconf 84' lang='lat' dir='ltr'><strong>mente</strong></span> <span class='ocrx_word' id='word_1_753' title='bbox 3596 4348 3688 4402; x_wconf 87' lang='lat' dir='ltr'><strong>in-</strong></span> 
     </span>
    </p>
   </div>
   <div class='ocr_carea' id='block_1_100' title="bbox 2105 4436 3687 4509">
    <p class='ocr_par' dir='ltr' id='par_1_100' title="bbox 2105 4436 3687 4509">
     <span class='ocr_line' id='line_1_100' title="bbox 2105 4436 3687 4509; baseline -0.001 -15"><span class='ocrx_word' id='word_1_754' title='bbox 2105 4448 2249 4495; x_wconf 90' lang='lat' dir='ltr'><strong>tenta</strong></span> <span class='ocrx_word' id='word_1_755' title='bbox 2286 4439 2490 4506; x_wconf 86' lang='lat' dir='ltr'><strong>adeste,</strong></span> <span class='ocrx_word' id='word_1_756' title='bbox 2529 4446 2583 4494; x_wconf 88' lang='lat' dir='ltr'><strong>et</strong></span> <span class='ocrx_word' id='word_1_757' title='bbox 2608 4437 2887 4508; x_wconf 86' lang='lat' dir='ltr'><strong>diligenter</strong></span> <span class='ocrx_word' id='word_1_758' title='bbox 2921 4453 3041 4509; x_wconf 64' lang='lat' dir='ltr'><strong>quas</strong></span> <span class='ocrx_word' id='word_1_759' title='bbox 3080 4436 3327 4494; x_wconf 89' lang='lat' dir='ltr'><strong>dicuntur</strong></span> <span class='ocrx_word' id='word_1_760' title='bbox 3362 4439 3687 4497; x_wconf 87' lang='lat' dir='ltr'><strong>auscultate.</strong></span> 
     </span>
    </p>
   </div>
   <div class='ocr_carea' id='block_1_101' title="bbox 2102 4530 3693 4604">
    <p class='ocr_par' dir='ltr' id='par_1_101' title="bbox 2102 4530 3693 4604">
     <span class='ocr_line' id='line_1_101' title="bbox 2102 4530 3693 4604; baseline -0.004 -14"><span class='ocrx_word' id='word_1_761' title='bbox 2102 4533 2234 4590; x_wconf 86' lang='lat' dir='ltr'><strong>Nam</strong></span> <span class='ocrx_word' id='word_1_762' title='bbox 2261 4548 2325 4589; x_wconf 80' lang='lat' dir='ltr'><strong>ex</strong></span> <span class='ocrx_word' id='word_1_763' title='bbox 2358 4533 2421 4588; x_wconf 93' lang='lat' dir='ltr'><strong>iis</strong></span> <span class='ocrx_word' id='word_1_764' title='bbox 2446 4547 2562 4604; x_wconf 71' lang='lat' dir='ltr'><strong>qua:</strong></span> <span class='ocrx_word' id='word_1_765' title='bbox 2592 4531 2751 4587; x_wconf 88' lang='lat' dir='ltr'><strong>hodie</strong></span> <span class='ocrx_word' id='word_1_766' title='bbox 2776 4530 2909 4586; x_wconf 85' lang='lat' dir='ltr'><strong>lecta</strong></span> <span class='ocrx_word' id='word_1_767' title='bbox 2937 4538 3061 4587; x_wconf 88' lang='lat' dir='ltr'><strong>sunt</strong></span> <span class='ocrx_word' id='word_1_768' title='bbox 3082 4544 3188 4587; x_wconf 93' lang='lat' dir='ltr'><strong>non</strong></span> <span class='ocrx_word' id='word_1_769' title='bbox 3217 4544 3435 4600; x_wconf 85' lang='lat' dir='ltr'><strong>parvum</strong></span> <span class='ocrx_word' id='word_1_770' title='bbox 3459 4570 3473 4591; x_wconf 85' lang='lat'><em>.</em></span> <span class='ocrx_word' id='word_1_771' title='bbox 3507 4545 3693 4600; x_wconf 82' lang='lat' dir='ltr'><strong>neque</strong></span> 
     </span>
    </p>
   </div>
   <div class='ocr_carea' id='block_1_102' title="bbox 2103 4622 3693 4697">
    <p class='ocr_par' dir='ltr' id='par_1_102' title="bbox 2103 4622 3693 4697">
     <span class='ocr_line' id='line_1_102' title="bbox 2103 4622 3693 4697; baseline -0.001 -17"><span class='ocrx_word' id='word_1_772' title='bbox 2103 4626 2372 4697; x_wconf 89' lang='lat' dir='ltr'><strong>vulgarem</strong></span> <span class='ocrx_word' id='word_1_773' title='bbox 2395 4624 2535 4696; x_wconf 89' lang='lat' dir='ltr'><strong>perei</strong></span> <span class='ocrx_word' id='word_1_774' title='bbox 2543 4639 2667 4695; x_wconf 89' lang='lat' dir='ltr'><strong>pere</strong></span> <span class='ocrx_word' id='word_1_775' title='bbox 2686 4623 2809 4680; x_wconf 87' lang='lat' dir='ltr'><strong>licet</strong></span> <span class='ocrx_word' id='word_1_776' title='bbox 2829 4622 3056 4681; x_wconf 86' lang='lat' dir='ltr'><strong>fructum</strong></span> <span class='ocrx_word' id='word_1_777' title='bbox 3080 4639 3095 4677; x_wconf 88' lang='lat'><strong>:</strong></span> <span class='ocrx_word' id='word_1_778' title='bbox 3117 4623 3542 4694; x_wconf 84' lang='lat' dir='ltr'><strong>quandoquidem</strong></span> <span class='ocrx_word' id='word_1_779' title='bbox 3564 4638 3693 4692; x_wconf 66' lang='lat' dir='ltr'><strong>quae</strong></span> 
     </span>
    </p>
   </div>
   <div class='ocr_carea' id='block_1_103' title="bbox 2104 4716 3692 4790">
    <p class='ocr_par' dir='ltr' id='par_1_103' title="bbox 2104 4716 3692 4790">
     <span class='ocr_line' id='line_1_103' title="bbox 2104 4716 3692 4790; baseline -0.003 -16"><span class='ocrx_word' id='word_1_780' title='bbox 2104 4720 2295 4790; x_wconf 89' lang='lat' dir='ltr'><strong>priscis</strong></span> <span class='ocrx_word' id='word_1_781' title='bbox 2323 4726 2631 4782; x_wconf 85' lang='lat' dir='ltr'><strong>evenerunt,</strong></span> <span class='ocrx_word' id='word_1_782' title='bbox 2659 4717 2704 4773; x_wconf 92' lang='lat' dir='ltr'><strong>si</strong></span> <span class='ocrx_word' id='word_1_783' title='bbox 2729 4732 2915 4787; x_wconf 87' lang='lat' dir='ltr'><strong>sapere</strong></span> <span class='ocrx_word' id='word_1_784' title='bbox 2942 4717 3288 4783; x_wconf 87' lang='lat' dir='ltr'><strong>voluerimus,</strong></span> <span class='ocrx_word' id='word_1_785' title='bbox 3315 4716 3559 4770; x_wconf 72' lang='lat' dir='ltr'><strong>maxima:</strong></span> <span class='ocrx_word' id='word_1_786' title='bbox 3581 4731 3692 4770; x_wconf 84' lang='lat' dir='ltr'><strong>no-</strong></span> 
     </span>
    </p>
   </div>
   <div class='ocr_carea' id='block_1_104' title="bbox 2106 4807 3691 4877">
    <p class='ocr_par' dir='ltr' id='par_1_104' title="bbox 2106 4807 3691 4877">
     <span class='ocr_line' id='line_1_104' title="bbox 2106 4807 3691 4877; baseline -0.006 -6"><span class='ocrx_word' id='word_1_787' title='bbox 2106 4814 2189 4871; x_wconf 89' lang='lat' dir='ltr'><strong>bis</strong></span> <span class='ocrx_word' id='word_1_788' title='bbox 2212 4811 2466 4871; x_wconf 79' lang='lat' dir='ltr'><strong>doctrina:</strong></span> <span class='ocrx_word' id='word_1_789' title='bbox 2489 4816 2614 4866; x_wconf 90' lang='lat' dir='ltr'><strong>sunt</strong></span> <span class='ocrx_word' id='word_1_790' title='bbox 2632 4809 2861 4865; x_wconf 86' lang='lat' dir='ltr'><strong>occasio.</strong></span> <span class='ocrx_word' id='word_1_791' title='bbox 2890 4808 3013 4866; x_wconf 87' lang='lat' dir='ltr'><strong>Ideo</strong></span> <span class='ocrx_word' id='word_1_792' title='bbox 3037 4807 3178 4865; x_wconf 89' lang='lat' dir='ltr'><strong>enim</strong></span> <span class='ocrx_word' id='word_1_793' title='bbox 3203 4823 3307 4863; x_wconf 88' lang='lat' dir='ltr'><strong>non</strong></span> <span class='ocrx_word' id='word_1_794' title='bbox 3333 4808 3504 4863; x_wconf 86' lang='lat' dir='ltr'><strong>solum</strong></span> <span class='ocrx_word' id='word_1_795' title='bbox 3522 4820 3691 4877; x_wconf 79' lang='lat' dir='ltr'><strong>opera</strong></span> 
     </span>
    </p>
   </div>
   <div class='ocr_carea' id='block_1_105' title="bbox 2106 4899 3694 4974">
    <p class='ocr_par' dir='ltr' id='par_1_105' title="bbox 2106 4899 3694 4974">
     <span class='ocr_line' id='line_1_105' title="bbox 2106 4899 3694 4974; baseline -0.007 -13"><span class='ocrx_word' id='word_1_796' title='bbox 2106 4904 2411 4961; x_wconf 84' lang='lat' dir='ltr'><strong>sanctorum</strong></span> <span class='ocrx_word' id='word_1_797' title='bbox 2441 4902 2578 4959; x_wconf 91' lang='lat' dir='ltr'><strong>bona</strong></span> <span class='ocrx_word' id='word_1_798' title='bbox 2605 4901 2801 4974; x_wconf 91' lang='lat' dir='ltr'><strong>scripta</strong></span> <span class='ocrx_word' id='word_1_799' title='bbox 2830 4908 2986 4965; x_wconf 90' lang='lat' dir='ltr'><strong>sunt,</strong></span> <span class='ocrx_word' id='word_1_800' title='bbox 3025 4899 3121 4956; x_wconf 85' lang='lat' dir='ltr'><strong>sed</strong></span> <span class='ocrx_word' id='word_1_801' title='bbox 3158 4901 3317 4956; x_wconf 88' lang='lat' dir='ltr'><strong>etiam</strong></span> <span class='ocrx_word' id='word_1_802' title='bbox 3348 4905 3560 4969; x_wconf 82' lang='lat' dir='ltr'><strong>peceata</strong></span> <span class='ocrx_word' id='word_1_803' title='bbox 3580 4939 3595 4963; x_wconf 95' lang='lat'><strong>,</strong></span> <span class='ocrx_word' id='word_1_804' title='bbox 3631 4907 3694 4951; x_wconf 84' lang='lat' dir='ltr'><strong>nt</strong></span> 
     </span>
    </p>
   </div>
   <div class='ocr_carea' id='block_1_106' title="bbox 2108 4989 3693 5066">
    <p class='ocr_par' dir='ltr' id='par_1_106' title="bbox 2108 4989 3693 5066">
     <span class='ocr_line' id='line_1_106' title="bbox 2108 4989 3693 5066; baseline -0.006 -14"><span class='ocrx_word' id='word_1_805' title='bbox 2108 4998 2224 5052; x_wconf 72' lang='lat' dir='ltr'><strong>haec</strong></span> <span class='ocrx_word' id='word_1_806' title='bbox 2243 4994 2458 5066; x_wconf 91' lang='lat' dir='ltr'><strong>quidem</strong></span> <span class='ocrx_word' id='word_1_807' title='bbox 2485 4992 2766 5066; x_wconf 78' lang='lat' dir='ltr'><strong>flgiamus,</strong></span> <span class='ocrx_word' id='word_1_808' title='bbox 2795 4992 2884 5047; x_wconf 92' lang='lat' dir='ltr'><strong>illa</strong></span> <span class='ocrx_word' id='word_1_809' title='bbox 2910 5006 3036 5047; x_wconf 91' lang='lat' dir='ltr'><strong>vero</strong></span> <span class='ocrx_word' id='word_1_810' title='bbox 3064 4990 3327 5047; x_wconf 88' lang='lat' dir='ltr'><strong>imitemur</strong></span> <span class='ocrx_word' id='word_1_811' title='bbox 3351 5006 3364 5042; x_wconf 88' lang='lat'><strong>:</strong></span> <span class='ocrx_word' id='word_1_812' title='bbox 3390 5004 3567 5060; x_wconf 88' lang='lat' dir='ltr'><strong>neque</strong></span> <span class='ocrx_word' id='word_1_813' title='bbox 3585 4989 3693 5044; x_wconf 85' lang='lat' dir='ltr'><strong>hoc</strong></span> 
     </span>
    </p>
   </div>
   <div class='ocr_carea' id='block_1_107' title="bbox 2107 5081 3693 5155">
    <p class='ocr_par' dir='ltr' id='par_1_107' title="bbox 2107 5081 3693 5155">
     <span class='ocr_line' id='line_1_107' title="bbox 2107 5081 3693 5155; baseline -0.006 -10"><span class='ocrx_word' id='word_1_814' title='bbox 2107 5089 2305 5155; x_wconf 89' lang='lat' dir='ltr'><strong>solum,</strong></span> <span class='ocrx_word' id='word_1_815' title='bbox 2335 5086 2433 5143; x_wconf 88' lang='lat' dir='ltr'><strong>sed</strong></span> <span class='ocrx_word' id='word_1_816' title='bbox 2461 5092 2727 5143; x_wconf 85' lang='lat' dir='ltr'><strong>monstrat</strong></span> <span class='ocrx_word' id='word_1_817' title='bbox 2770 5084 2986 5153; x_wconf 88' lang='lat' dir='ltr'><strong>insuper</strong></span> <span class='ocrx_word' id='word_1_818' title='bbox 3018 5081 3192 5139; x_wconf 86' lang='lat' dir='ltr'><strong>divina</strong></span> <span class='ocrx_word' id='word_1_819' title='bbox 3224 5082 3492 5150; x_wconf 87' lang='lat' dir='ltr'><strong>Scriptura</strong></span> <span class='ocrx_word' id='word_1_820' title='bbox 3519 5091 3576 5136; x_wconf 90' lang='lat' dir='ltr'><strong>et</strong></span> <span class='ocrx_word' id='word_1_821' title='bbox 3596 5081 3693 5153; x_wconf 76' lang='lat' dir='ltr'><strong>jn-</strong></span> 
     </span>
    </p>
   </div>
   <div class='ocr_carea' id='block_1_108' title="bbox 2104 5171 3697 5248">
    <p class='ocr_par' dir='ltr' id='par_1_108' title="bbox 2104 5171 3697 5248">
     <span class='ocr_line' id='line_1_108' title="bbox 2104 5171 3697 5248; baseline -0.005 -13"><span class='ocrx_word' id='word_1_822' title='bbox 2104 5189 2222 5235; x_wconf 86' lang='lat' dir='ltr'><strong>stos</strong></span> <span class='ocrx_word' id='word_1_823' title='bbox 2245 5193 2389 5248; x_wconf 71' lang='lat' dir='ltr'><strong>smne</strong></span> <span class='ocrx_word' id='word_1_824' title='bbox 2430 5178 2628 5248; x_wconf 85' lang='lat' dir='ltr'><strong>lapsos,</strong></span> <span class='ocrx_word' id='word_1_825' title='bbox 2654 5186 2709 5232; x_wconf 87' lang='lat' dir='ltr'><strong>et</strong></span> <span class='ocrx_word' id='word_1_826' title='bbox 2748 5185 3052 5247; x_wconf 87' lang='lat' dir='ltr'><strong>peccatores</strong></span> <span class='ocrx_word' id='word_1_827' title='bbox 3089 5188 3331 5244; x_wconf 86' lang='lat' dir='ltr'><strong>magnam</strong></span> <span class='ocrx_word' id='word_1_828' title='bbox 3377 5171 3697 5229; x_wconf 70' lang='lat' dir='ltr'><strong>exhibentes</strong></span> 
     </span>
    </p>
   </div>
   <div class='ocr_carea' id='block_1_109' title="bbox 2110 5262 3697 5338">
    <p class='ocr_par' dir='ltr' id='par_1_109' title="bbox 2110 5262 3697 5338">
     <span class='ocr_line' id='line_1_109' title="bbox 2110 5262 3697 5338; baseline -0.005 -12"><span class='ocrx_word' id='word_1_829' title='bbox 2110 5273 2236 5329; x_wconf 62' lang='lat' dir='ltr'><strong>vitae</strong></span> <span class='ocrx_word' id='word_1_830' title='bbox 2257 5269 2683 5335; x_wconf 88' lang='lat' dir='ltr'><strong>conversionem,</strong></span> <span class='ocrx_word' id='word_1_831' title='bbox 2705 5282 2809 5338; x_wconf 92' lang='lat' dir='ltr'><strong>quo</strong></span> <span class='ocrx_word' id='word_1_832' title='bbox 2826 5267 3069 5336; x_wconf 86' lang='lat' dir='ltr'><strong>utrinque</strong></span> <span class='ocrx_word' id='word_1_833' title='bbox 3088 5264 3355 5320; x_wconf 78' lang='lat' dir='ltr'><strong>sufﬁciens</strong></span> <span class='ocrx_word' id='word_1_834' title='bbox 3376 5262 3529 5320; x_wconf 87' lang='lat' dir='ltr'><strong>nobis</strong></span> <span class='ocrx_word' id='word_1_835' title='bbox 3551 5273 3697 5318; x_wconf 62' lang='lat' dir='ltr'><strong>essu</strong></span> 
     </span>
    </p>
   </div>
   <div class='ocr_carea' id='block_1_110' title="bbox 424 5333 2006 5409">
    <p class='ocr_par' dir='ltr' id='par_1_110' title="bbox 424 5333 2006 5409">
     <span class='ocr_line' id='line_1_110' title="bbox 424 5333 2006 5409; baseline -0.006 -17"><span class='ocrx_word' id='word_1_836' title='bbox 424 5340 634 5403; x_wconf 84' lang='lat' dir='ltr'><strong>dentes,</strong></span> <span class='ocrx_word' id='word_1_837' title='bbox 663 5351 837 5406; x_wconf 87' lang='lat' dir='ltr'><strong>neque</strong></span> <span class='ocrx_word' id='word_1_838' title='bbox 858 5343 1141 5409; x_wconf 52' lang='lat' dir='ltr'><strong>tormenta,</strong></span> <span class='ocrx_word' id='word_1_839' title='bbox 1160 5349 1333 5405; x_wconf 90' lang='lat' dir='ltr'><strong>neque</strong></span> <span class='ocrx_word' id='word_1_840' title='bbox 1347 5333 1588 5388; x_wconf 90' lang='lat' dir='ltr'><strong>lictorum</strong></span> <span class='ocrx_word' id='word_1_841' title='bbox 1606 5346 1811 5397; x_wconf 88' lang='lat' dir='ltr'><strong>manus,</strong></span> <span class='ocrx_word' id='word_1_842' title='bbox 1833 5344 2006 5400; x_wconf 89' lang='lat' dir='ltr'><strong>neque</strong></span> 
     </span>
    </p>
   </div>
   <div class='ocr_carea' id='block_1_111' title="bbox 426 5410 2008 5513">
    <p class='ocr_par' dir='ltr' id='par_1_111' title="bbox 426 5410 2008 5513">
     <span class='ocr_line' id='line_1_111' title="bbox 426 5410 2008 5513; baseline -0.004 -31"><span class='ocrx_word' id='word_1_843' title='bbox 426 5428 625 5498; x_wconf 88' lang='lat' dir='ltr'><strong>aliquid</strong></span> <span class='ocrx_word' id='word_1_844' title='bbox 653 5428 805 5483; x_wconf 89' lang='lat' dir='ltr'><strong>triste</strong></span> <span class='ocrx_word' id='word_1_845' title='bbox 851 5428 900 5481; x_wconf 93' lang='lat' dir='ltr'><strong>in</strong></span> <span class='ocrx_word' id='word_1_846' title='bbox 928 5410 1162 5513; x_wconf 45' lang='lat' dir='ltr'><strong>ngf&#39;vita</strong></span> <span class='ocrx_word' id='word_1_847' title='bbox 1196 5444 1211 5481; x_wconf 84' lang='lat'><strong>:</strong></span> <span class='ocrx_word' id='word_1_848' title='bbox 1243 5423 1339 5480; x_wconf 85' lang='lat' dir='ltr'><strong>sed</strong></span> <span class='ocrx_word' id='word_1_849' title='bbox 1385 5432 1441 5480; x_wconf 88' lang='lat' dir='ltr'><strong>et</strong></span> <span class='ocrx_word' id='word_1_850' title='bbox 1477 5424 1520 5478; x_wconf 90' lang='lat' dir='ltr'><strong>si</strong></span> <span class='ocrx_word' id='word_1_851' title='bbox 1550 5422 1803 5479; x_wconf 86' lang='lat' dir='ltr'><strong>carbones</strong></span> <span class='ocrx_word' id='word_1_852' title='bbox 1831 5419 2008 5475; x_wconf 87' lang='lat' dir='ltr'><strong>videat</strong></span> 
     </span>
    </p>
   </div>
   <div class='ocr_carea' id='block_1_112' title="bbox 430 5512 2004 5589">
    <p class='ocr_par' dir='ltr' id='par_1_112' title="bbox 430 5512 2004 5589">
     <span class='ocr_line' id='line_1_112' title="bbox 430 5512 2004 5589; baseline -0.004 -16"><span class='ocrx_word' id='word_1_853' title='bbox 430 5521 747 5583; x_wconf 81' lang='lat' dir='ltr'><strong>substratus,</strong></span> <span class='ocrx_word' id='word_1_854' title='bbox 777 5518 925 5589; x_wconf 89' lang='lat' dir='ltr'><strong>quasi</strong></span> <span class='ocrx_word' id='word_1_855' title='bbox 953 5512 1100 5587; x_wconf 83' lang='lat' dir='ltr'><strong>prata</strong></span> <span class='ocrx_word' id='word_1_856' title='bbox 1135 5527 1191 5573; x_wconf 84' lang='lat' dir='ltr'><strong>et</strong></span> <span class='ocrx_word' id='word_1_857' title='bbox 1230 5516 1505 5587; x_wconf 87' lang='lat' dir='ltr'><strong>paradisos</strong></span> <span class='ocrx_word' id='word_1_858' title='bbox 1533 5516 1717 5569; x_wconf 89' lang='lat' dir='ltr'><strong>videns</strong></span> <span class='ocrx_word' id='word_1_859' title='bbox 1746 5513 2004 5580; x_wconf 88' lang='lat' dir='ltr'><strong>transilit;</strong></span> 
     </span>
    </p>
   </div>
   <div class='ocr_carea' id='block_1_113' title="bbox 430 5604 2062 5682">
    <p class='ocr_par' dir='ltr' id='par_1_113' title="bbox 430 5604 2062 5682">
     <span class='ocr_line' id='line_1_113' title="bbox 430 5604 2062 5682; baseline -0.004 -16"><span class='ocrx_word' id='word_1_860' title='bbox 430 5621 485 5666; x_wconf 84' lang='lat' dir='ltr'><strong>ct</strong></span> <span class='ocrx_word' id='word_1_861' title='bbox 510 5612 550 5665; x_wconf 78' lang='lat' dir='ltr'><strong>si</strong></span> <span class='ocrx_word' id='word_1_862' title='bbox 584 5610 741 5665; x_wconf 88' lang='lat' dir='ltr'><strong>aliam</strong></span> <span class='ocrx_word' id='word_1_863' title='bbox 770 5609 1050 5682; x_wconf 88' lang='lat' dir='ltr'><strong>quamdam</strong></span> <span class='ocrx_word' id='word_1_864' title='bbox 1078 5618 1463 5664; x_wconf 89' lang='lat' dir='ltr'><strong>tormentorum</strong></span> <span class='ocrx_word' id='word_1_865' title='bbox 1492 5606 1721 5679; x_wconf 89' lang='lat' dir='ltr'><strong>speciem</strong></span> <span class='ocrx_word' id='word_1_866' title='bbox 1760 5604 2009 5662; x_wconf 77' lang='lat' dir='ltr'><strong>intentari</strong></span> <span class='ocrx_word' id='word_1_867' title='bbox 2034 5624 2062 5671; x_wconf 55' lang='grc' dir='ltr'><strong>,ι</strong></span> 
     </span>
    </p>
   </div>
   <div class='ocr_carea' id='block_1_114' title="bbox 2112 5354 3698 5432">
    <p class='ocr_par' dir='ltr' id='par_1_114' title="bbox 2112 5354 3698 5432">
     <span class='ocr_line' id='line_1_114' title="bbox 2112 5354 3698 5432; baseline -0.008 -10"><span class='ocrx_word' id='word_1_868' title='bbox 2112 5365 2338 5432; x_wconf 87' lang='lat' dir='ltr'><strong>cautela,</strong></span> <span class='ocrx_word' id='word_1_869' title='bbox 2374 5372 2427 5419; x_wconf 89' lang='lat' dir='ltr'><strong>et</strong></span> <span class='ocrx_word' id='word_1_870' title='bbox 2468 5376 2640 5431; x_wconf 89' lang='lat' dir='ltr'><strong>neque</strong></span> <span class='ocrx_word' id='word_1_871' title='bbox 2665 5360 2754 5432; x_wconf 93' lang='lat' dir='ltr'><strong>qui</strong></span> <span class='ocrx_word' id='word_1_872' title='bbox 2781 5368 2885 5416; x_wconf 89' lang='lat' dir='ltr'><strong>stat</strong></span> <span class='ocrx_word' id='word_1_873' title='bbox 2918 5356 3267 5415; x_wconf 71' lang='lat' dir='ltr'><strong>conﬁdentior</strong></span> <span class='ocrx_word' id='word_1_874' title='bbox 3295 5355 3399 5420; x_wconf 89' lang='lat' dir='ltr'><strong>sit,</strong></span> <span class='ocrx_word' id='word_1_875' title='bbox 3428 5354 3614 5409; x_wconf 81' lang='lat' dir='ltr'><strong>videns</strong></span> <span class='ocrx_word' id='word_1_876' title='bbox 3642 5366 3698 5409; x_wconf 80' lang='lat' dir='ltr'><strong>et</strong></span> 
     </span>
    </p>
   </div>
   <div class='ocr_carea' id='block_1_115' title="bbox 2108 5445 3695 5531">
    <p class='ocr_par' dir='ltr' id='par_1_115' title="bbox 2108 5445 3695 5531">
     <span class='ocr_line' id='line_1_115' title="bbox 2108 5445 3695 5531; baseline -0.011 -16"><span class='ocrx_word' id='word_1_877' title='bbox 2108 5459 2283 5531; x_wconf 84' lang='lat' dir='ltr'><strong>justus</strong></span> <span class='ocrx_word' id='word_1_878' title='bbox 2320 5456 2596 5523; x_wconf 86' lang='lat' dir='ltr'><strong>cecidisse,</strong></span> <span class='ocrx_word' id='word_1_879' title='bbox 2627 5468 2798 5527; x_wconf 89' lang='lat' dir='ltr'><strong>neque</strong></span> <span class='ocrx_word' id='word_1_880' title='bbox 2823 5452 2911 5522; x_wconf 90' lang='lat' dir='ltr'><strong>qui</strong></span> <span class='ocrx_word' id='word_1_881' title='bbox 2950 5450 3000 5507; x_wconf 91' lang='lat' dir='ltr'><strong>in</strong></span> <span class='ocrx_word' id='word_1_882' title='bbox 3040 5447 3269 5519; x_wconf 89' lang='lat' dir='ltr'><strong>peccatis</strong></span> <span class='ocrx_word' id='word_1_883' title='bbox 3292 5455 3373 5502; x_wconf 88' lang='lat' dir='ltr'><strong>est</strong></span> <span class='ocrx_word' id='word_1_884' title='bbox 3408 5445 3695 5516; x_wconf 85' lang='lat' dir='ltr'><strong>desperet,</strong></span> 
     </span>
    </p>
   </div>
   <div class='ocr_carea' id='block_1_116' title="bbox 2114 5538 3697 5619">
    <p class='ocr_par' dir='ltr' id='par_1_116' title="bbox 2114 5538 3697 5619">
     <span class='ocr_line' id='line_1_116' title="bbox 2114 5538 3697 5619; baseline -0.011 -10"><span class='ocrx_word' id='word_1_885' title='bbox 2114 5552 2313 5610; x_wconf 89' lang='lat' dir='ltr'><strong>multos</strong></span> <span class='ocrx_word' id='word_1_886' title='bbox 2337 5548 2671 5619; x_wconf 79' lang='lat' dir='ltr'><strong>conspiciens</strong></span> <span class='ocrx_word' id='word_1_887' title='bbox 2708 5545 2795 5619; x_wconf 90' lang='lat' dir='ltr'><strong>qui</strong></span> <span class='ocrx_word' id='word_1_888' title='bbox 2838 5544 3192 5613; x_wconf 87' lang='lat' dir='ltr'><strong>resipuerunt,</strong></span> <span class='ocrx_word' id='word_1_889' title='bbox 3234 5547 3288 5596; x_wconf 85' lang='lat' dir='ltr'><strong>et</strong></span> <span class='ocrx_word' id='word_1_890' title='bbox 3324 5538 3392 5593; x_wconf 90' lang='lat' dir='ltr'><strong>ad</strong></span> <span class='ocrx_word' id='word_1_891' title='bbox 3428 5553 3697 5597; x_wconf 87' lang='lat' dir='ltr'><strong>summum</strong></span> 
     </span>
    </p>
   </div>
   <div class='ocr_carea' id='block_1_117' title="bbox 2115 5628 3696 5713">
    <p class='ocr_par' dir='ltr' id='par_1_117' title="bbox 2115 5628 3696 5713">
     <span class='ocr_line' id='line_1_117' title="bbox 2115 5628 3696 5713; baseline -0.012 -15"><span class='ocrx_word' id='word_1_892' title='bbox 2115 5644 2326 5701; x_wconf 84' lang='lat' dir='ltr'><strong>virtutis</strong></span> <span class='ocrx_word' id='word_1_893' title='bbox 2352 5642 2557 5713; x_wconf 83' lang='lat' dir='ltr'><strong>apicem</strong></span> <span class='ocrx_word' id='word_1_894' title='bbox 2604 5636 2880 5710; x_wconf 86' lang='lat' dir='ltr'><strong>pervenire</strong></span> <span class='ocrx_word' id='word_1_895' title='bbox 2926 5640 3229 5707; x_wconf 88' lang='lat' dir='ltr'><strong>potuerunt.</strong></span> <span class='ocrx_word' id='word_1_896' title='bbox 3278 5630 3457 5702; x_wconf 84' lang='lat' dir='ltr'><strong>itaque</strong></span> <span class='ocrx_word' id='word_1_897' title='bbox 3484 5628 3660 5685; x_wconf 72' lang='lat' dir='ltr'><strong>nullus</strong></span> <span class='ocrx_word' id='word_1_898' title='bbox 3682 5670 3696 5692; x_wconf 92' lang='lat'><strong>,</strong></span> 
     </span>
    </p>
   </div>
   <div class='ocr_carea' id='block_1_118' title="bbox 417 5722 1986 5825">
    <p class='ocr_par' dir='ltr' id='par_1_118' title="bbox 417 5760 1664 5825">
     <span class='ocr_line' id='line_1_118' title="bbox 417 5760 1664 5825; baseline -0.004 -11"><span class='ocrx_word' id='word_1_899' title='bbox 417 5776 445 5783; x_wconf 79' lang='lat'><em>&quot;</em></span> <span class='ocrx_word' id='word_1_900' title='bbox 494 5768 511 5798; x_wconf 79' lang='grc'>¹</span> <span class='ocrx_word' id='word_1_901' title='bbox 547 5772 753 5822; x_wconf 86' lang='lat' dir='ltr'><strong>Quatuor</strong></span> <span class='ocrx_word' id='word_1_902' title='bbox 777 5771 905 5825; x_wconf 69' lang='lat' dir='ltr'><strong>Mss,</strong></span> <span class='ocrx_word' id='word_1_903' title='bbox 929 5762 1157 5825; x_wconf 85' lang='lat' dir='ltr'><strong>omnium,</strong></span> <span class='ocrx_word' id='word_1_904' title='bbox 1177 5776 1280 5824; x_wconf 71' lang='lat' dir='ltr'><strong>pro,</strong></span> <span class='ocrx_word' id='word_1_905' title='bbox 1298 5760 1664 5813; x_wconf 82' lang='lat' dir='ltr'><strong>occurrentium.</strong></span> 
     </span>
    </p>
   </div>
   <div class='ocr_carea' id='block_1_119' title="bbox 2125 5722 3694 5825">
    <p class='ocr_par' dir='ltr' id='par_1_119' title="bbox 2125 5722 3694 5809">
     <span class='ocr_line' id='line_1_119' title="bbox 2125 5722 3694 5809; baseline -0.01 -20"><span class='ocrx_word' id='word_1_906' title='bbox 2125 5751 2323 5809; x_wconf 56' lang='lat' dir='ltr'><strong>quaso,</strong></span> <span class='ocrx_word' id='word_1_907' title='bbox 2356 5734 2564 5805; x_wconf 80' lang='lat' dir='ltr'><strong>tametsi</strong></span> <span class='ocrx_word' id='word_1_908' title='bbox 2594 5732 2881 5787; x_wconf 85' lang='lat' dir='ltr'><strong>multorum</strong></span> <span class='ocrx_word' id='word_1_909' title='bbox 2906 5728 3166 5785; x_wconf 88' lang='lat' dir='ltr'><strong>bonorum</strong></span> <span class='ocrx_word' id='word_1_910' title='bbox 3197 5738 3414 5797; x_wconf 86' lang='lat' dir='ltr'><strong>operum</strong></span> <span class='ocrx_word' id='word_1_911' title='bbox 3442 5722 3540 5778; x_wconf 83' lang='lat' dir='ltr'><strong>sibi</strong></span> <span class='ocrx_word' id='word_1_912' title='bbox 3569 5736 3694 5777; x_wconf 86' lang='lat' dir='ltr'><strong>cou-</strong></span> 
     </span>
    </p>
   </div>
  </div>
