3760 6268
25 261 72 316 ἲ9
1085 266 1150 322 ΙΝ
1189 268 1346 324 CAP.
1388 269 1510 326 ΙΧ(

1085 266 1150 322 ΙΝ
1189 268 1346 324 CAP.
1388 269 1460 325 ΙΧ
1491 270 1739 330 GENES.
1771 276 2007 334 110M“...
2043 279 2229 336 XXIX.

25 372 310 446 τοκατέστη
319 391 398 442 σε,
423 375 642 430 πάντων
662 375 1111 451 ἐκπληττομένων
1130 384 1224 438 καὶ
1249 384 1636 455 θαυμαζόντων

25 462 176 524 ιτοῦς,
202 461 644 532 ἐπιδεικνύμενος
665 461 761 535 τὴν
779 464 986 522 οἰκείαν
1006 469 1425 544 εὐγνωμοσύνην
1447 473 1632 544 φησίν·

25 548 235 615 ινδρες,
257 549 317 602 τί
345 548 633 611 ἀτενίζετε
666 551 831 620 ἡμῖν,
853 554 931 622 ὡς
966 555 1086 624 ἰδίᾳ
1123 557 1374 629 δυνάμει
1399 560 1436 630 ἢ
1459 563 1639 617 εὐσε-

25 637 87 702 λίᾳ
117 640 479 706 πεποιηκόσι
512 639 618 695 τοῦ
649 645 998 711 περιπατεῖν
1012 649 1231 713 αὐτόν;
1251 649 1408 714 Τίνος
1427 651 1633 719 ἕνεκεν,

25 723 144 793 ςσὶν,
161 722 309 778 οὕτω
327 727 706 799 κατεπλάγητε
725 731 819 784 καὶ
839 733 1284 805 ἐκπεπληγμένοι
1302 737 1423 790 ἐστέ
1443 738 1536 792 ἐπὶ
1555 739 1636 811 τῷ

25 809 236 878 τγονότι;
277 813 371 884 Μὴ
413 815 522 885 γὰρ
563 816 725 886 ἡμεῖς
762 819 928 890 ἐσμεν
946 809 1630 897 οίτοῦτοέργασάμενοι,ἧ

25 898 71 968 ίᾳ
85 897 314 968 δυνάμει
352 901 489 970 πρὸς
526 902 736 970 ὑγίειαν
755 905 918 959 αὐτὸν
938 907 1396 977 ἐπαναγαγόντες.
1421 912 1516 964 καὶ
1539 911 1634 981 βα-

25 983 120 1049 ζειν
141 987 663 1057 παρασκευάσαντες
687 1007 702 1055 ;
723 991 790 1044 Τί
807 990 940 1063 ἡμῖν
959 995 1232 1059 ἀτενίζετε
1253 1016 1266 1063 ;
1289 998 1453 1052 Οὐδὲν
1473 1000 1634 1054 πλέον

25 1073 116 1133 ιεῖς
133 1074 556 1146 εἰσηνέγκαμεν,
581 1077 612 1147 ἢ
633 1079 716 1132 ὅτι
737 1079 835 1149 τὴν
855 1081 1099 1150 γλῶτταν
1120 1083 1475 1156 ἐδανείσαμεν
1494 1104 1510 1119 '
1529 1089 1557 1140 6
1576 1088 1633 1141 66

55 1159 155 1211 πάν
173 1161 576 1232 ἐργασάμενος,
599 1165 627 1218 ὀ
646 1167 924 1239 Δεσπότης
943 1170 1061 1222 ἐστὶ
1079 1171 1170 1224 καὶ
1189 1172 1250 1242 δη
1262 1189 1382 1242 μιου
1391 1174 1517 1244 976;
1536 1175 1635 1244 τῆς

25 1245 188 1310 ἱσεως.
207 1249 454 1315 Ἐκεῖνος
481 1250 536 1304 '0
561 1253 704 1318 Θεὸς
734 1255 990 1325 Ἀϐραὰμ
1018 1258 1116 1311 καὶ
1149 1260 1354 1314 Ἰσαὰκ
1393 1262 1489 1314 και
1527 1262 1632 1317 Ἰα-

25 1332 96 1396 δόι
132 1333 227 1399 οὓς
267 1338 612 1411 πατριάρχας
651 1342 1046 1413 ἐπιγράφεσθε,
1081 1347 1289 1411 ἐκεῖνος
1324 1351 1427 1402 ‘Or
1465 1350 1634 1417 ὑμεῖς

25 1422 410 1490 ιραδεδώκατε
429 1428 527 1482 καὶ
549 1429 899 1496 ἠρνήσασθε
932 1433 1081 1487 κατὰ
1109 1435 1433 1504 πρόσωπον
1453 1436 1630 1491 Πιλά-

25 1528 81 1572 ιυ,
101 1513 417 1580 κρίναντος
430 1515 668 1571 ἐκείνου
688 1518 981 1574 ἀπολύειν
993 1539 1006 1552 ·
1026 1521 1233 1586 ἐκεῖνός
1250 1525 1397 1578 ἐστιν
1415 1526 1444 1578 ὀ
1459 1524 1632 1580 ταῦτα

25 1599 357 1670 ιγασάμενος·
393 1601 454 1655 δν
484 1603 688 1673 Ὑμεῖς,
711 1605 822 1661 τὸν
838 1607 1010 1677 ἅγιον
1028 1611 1127 1664 καὶ
1159 1611 1415 1677 δίκαιον,
1444 1614 1633 1685 ἠρνή-

25 1688 163 1749 ισθε,
185 1687 286 1741 καὶ
321 1687 635 1757 ᾐτήσασθε
664 1690 852 1763 ἄνδρα
879 1695 1069 1765 φονέα
1087 1699 1445 1768 χαρισθῆναι
1464 1701 1628 1770 ὑμῖν,

26 1789 66 1824 ιν
81 1771 143 1825 δὲ
160 1774 434 1846 ἀρχηγὸν
453 1777 564 1846 τῆς
580 1778 729 1849 ζωῆς
749 1783 1153 1852 κατεκρίνατε,
1173 1784 1246 1840 δν
1265 1788 1299 1840 ό
1321 1787 1463 1854 Θεὸς
1482 1788 1634 1859 ἤγει-

26 1878 63 1912 ν
78 1862 141 1914 ἐκ
161 1863 414 1932 νεκρῶν,
438 1861 510 1922 οὗ
537 1867 706 1937 ἡμεῖς
730 1868 1031 1938 μάρτυρές
1047 1872 1254 1943 ἐσμεν.
1277 1876 1388 1930 Καὶ
1419 1876 1518 1931 ἐπὶ
1559 1877 1632 1950 τῇ

25 1950 150 2004 ’στει
180 1952 288 2006 τοῦ
325 1954 620 2023 ὀνόματος
651 1957 838 2012 αὑτοῦ
874 1959 1109 2026 τοῦτον,
1131 1960 1205 2015 ὃν
1239 1965 1504 2032 θεωρεῖτε
1530 1969 1629 2020 καὶ

25 2037 167 2099 δαῖε,
189 2037 522 2106 ὲστερέωσε
542 2042 609 2096 τὸ
631 2042 820 2114 ὄνομα
839 2047 1025 2101 αὐτοῦ
1047 2065 1061 2080 ·
1089 2050 1187 2103 καὶ
1209 2051 1246 2118 ἡ
1269 2052 1476 2120 πίστις
1493 2054 1532 2120 ἠ
1555 2053 1630 2107 δι’

25 2124 134 2178 ποῦ
151 2124 383 2182 ἔδωκεν
395 2127 554 2197 αὐτῷ
567 2129 682 2201 τὴν
695 2135 1064 2204 ὁλοκληρίαν
1080 2137 1368 2194 ἀπέναντι
1389 2140 1632 2197 πάντων

25 2231 136 2268 ιων.

33 2359 94 2418 ς’.
110 2353 285 2427 Πολλὴ
298 2356 397 2427 τῆς
410 2359 593 2430 παρῤη
602 2359 722 2425 σίας
735 2361 767 2434 ἡ
781 2363 882 2416 ὑπε
889 2363 1052 2436 ρδολή
1063 2381 1074 2392 '
1095 2365 1305 2438 μεγάλη
1320 2367 1414 2421 καὶ
1425 2368 1630 2438 ἀφατος

25 2459 54 2508 ,ς
71 2442 268 2495 ἀνωθεν
288 2446 474 2509 06:06;
493 2449 932 2520 παρασχεθείσης
953 2451 1175 2523 χάριτος
1193 2456 1226 2524 ἡ
1249 2453 1475 2526 δύναμις
1496 2475 1508 2488 ·
1533 2474 1627 2510 σα-

26 2531 185 2600 ,στάτη
207 2533 310 2603 τῆς
329 2533 677 2599 ἀναστάσεως
696 2538 728 2606 ἡ
752 2538 1022 2604 ἀπόδειξις
1045 2542 1077 2612 ἡ
1097 2541 1190 2594 τοῦ
1215 2544 1484 2616 μακαρίου
1505 2545 1629 2599 τού-

26 2635 50 2667 υ
69 2618 342 2688 παρρησία
365 2620 561 2690 γένοιτ’
581 2623 668 2677 ἀν.
685 2623 749 2678 Τί
770 2626 878 2696 γὰρ
900 2626 966 2680 ἂν
986 2627 1173 2681 τούτου
1199 2627 1381 2700 μεῖζον
1405 2635 1627 2702 σημεῖον

25 2705 330 2776 ςιζητήσειεν
369 2708 435 2762 ἀν
471 2727 551 2773 τις
587 2709 790 2775 λαϐεῖν,
812 2713 937 2767 ὅταν
969 2715 998 2767 6
1037 2715 1252 2786 7:96:06
1276 2719 1508 2793 σταυροῦ
1532 2723 1625 2776 καὶ

26 2808 118 2860 ιρης
150 2792 405 2858 εὐτελοῦς
440 2795 666 2869 ἀπειλὴν
706 2797 782 2868 μὴ
819 2798 1066 2872 δυνηθεὶς
1086 2802 1348 2871 ἐνεγκεῖν,
1371 2792 1464 2860 νῦν
1486 2806 1627 2868 οὕτω

25 2877 399 2942 ιτεξανίσταται
435 2883 530 2936 τοῦ
566 2884 674 2942 τῶν
712 2886 976 2943 Ἰουδαίων
1013 2889 1210 2960 δήμου,
1257 2892 1349 2945 καὶ
1387 2895 1626 2969 τοσαύτῃ

25 2968 228 3040 ιῤῥησίᾳ
269 2971 368 3023 καὶ
409 2972 548 3044 7:96;
581 2973 834 3029 τοσοῦτον
871 2975 1097 3048 πλῆθος,
1125 2979 1286 3049 μόνος
1325 2979 1420 3045 ὣν,
1455 2968 1626 3048 06:0);

25 3055 195 3120 ῖάκτως
237 3059 504 3130 μεμηνὸς,
528 3062 914 3127 ἐπαποδύεται,
934 3065 1030 3119 καὶ
1062 3067 1282 3121 τοιαῦτα
1305 3068 1622 3139 φθέγγεται,

25 3143 102 3212 τὴν
124 3145 324 3213 μανίαν
345 3147 524 3201 αὐτῶν
545 3149 637 3202 ἐπὶ
658 3150 841 3207 πλεῖον
860 3153 1148 3225 διεγείρειν
1166 3155 1392 3212 δύναται
1412 3174 1425 3222 ;
1451 3158 1622 3224 Εἶδες,

25 3232 212 3300 ἀπητέ,
237 3234 378 3298 πῶς,
401 3236 540 3308 67:59
558 3239 617 3292 ἐν
635 3242 942 3311 προοιμίοις
979 3242 1184 3312 ἔλεγον,
1206 3243 1364 3298 τοῦτο
1401 3245 1494 3299 καὶ
1530 3246 1624 3301 νῦν

26 3318 212 3374 ίκνυται
233 3339 248 3388 ;
286 3323 540 3379 Ἐπειδὰν
557 3344 642 3390 τις
662 3328 888 3401 πυρωθῇ
912 3329 986 3401 τῷ
1011 3329 1147 3402 πρὸς
1176 3331 1268 3385 τὸν
1287 3333 1419 3387 Θεὸν
1453 3335 1621 3407 πόθῳ,

27 3407 126 3460 κὲτι
160 3408 354 3465 λοιπὸν
387 3413 522 3484 ὀρᾷν
559 3415 816 3486 ἀνέχεται
842 3416 912 3471 :0
929 3421 1042 3482 τοῖς
1079 3419 1377 3491 ὀφθαλμοῖς
1413 3423 1621 3489 τούτοις,

25 3495 63 3555 ῖς
98 3500 429 3566 σωματικοῖς
468 3499 863 3569 ὑποπίπτοντα,
905 3503 1021 3557 ἀλλ’
1058 3505 1278 3577 ἐτέρους
1315 3507 1622 3581 ὀφθαλμοὺς

26 3582 305 3651 ηεάμενος,
329 3587 458 3651 τοὺς
493 3587 594 3658 τῆς
631 3588 870 3654 πίστεως
909 3591 1074 3662 λέγω,
1098 3596 1280 3648 ἐκεῖνα
1300 3595 1386 3650 διά
1427 3599 1624 3664 παντὸς

25 3668 276 3734 ιντάζεται
298 3677 396 3727 καὶ
417 3675 552 3746 πρὸς
574 3677 757 3730 ἐκεῖνα
775 3677 874 3750 τὴν
895 3679 1129 3734 διάνοιαν
1165 3681 1276 3753 ἔχει
1295 3686 1621 3758 τεταμένην,

25 3757 48 3809 :1
65 3759 116 3809 ἐν
134 3763 202 3832 γῇ
227 3761 466 3832 βαδίζων
487 3765 561 3828 ὡς
584 3766 640 3818 έν
661 3765 909 3836 οὐρανοῖς
927 3767 988 3821 :6
1011 3768 1313 3841 πολίτευμα
1349 3771 1506 3844 ἔχων,
1528 3757 1620 3828 06-

25 3847 214 3902 »πάντα
231 3849 644 3922 διαπράττεται,
669 3853 762 3907 ὑπ’
779 3854 992 3919 οὐδενὸς
1021 3855 1128 3909 τῶν
1149 3857 1504 3929 ἀνθρωπίνων
1525 3863 1623 3934 69.-

25 3933 294 4006 δεξόμενος
315 3939 455 4010 πρὸς
473 3938 565 3994 τὸν
585 3941 705 3994 κατ’
725 3943 925 4016 ἀρετὴν
944 3943 1162 4016 δρόμον.
1181 3945 1237 4000 '0
1257 3945 1365 4020 709
1384 3949 1623 4015 τοιοῦτος

52 4023 112 4075 :0
141 4024 378 4098 λαμπρὰ
414 4026 507 4081 τοῦ
549 4027 664 4099 βίου
704 4029 888 4085 λοιπὸν
921 4031 1044 4103 ὁρᾷ,
1066 4033 1127 4086 06
1163 4033 1231 4090 :0
1270 4034 1504 4110 δυσχερῆ
1527 4040 1623 4093 καὶ

25 4111 178 4176 ιντία,
201 4113 343 4166 ἀλλὰ
378 4114 558 4170 πάντα
599 4119 954 4189 παρατρέχει,
976 4119 1113 4190 πρὸς
1151 4121 1250 4194 τὴν
1287 4124 1481 4178 ἐαυτοῦ
1515 4143 1622 4179 πα-

27 4196 99 4251 ἱόα
117 4201 492 4272 ἐπειγόμενος.
516 4204 626 4258 K01
644 4205 893 4278 καθάπερ
915 4209 943 4261 6
965 4207 1106 4278 μετὰ
1127 4210 1320 4264 πολλοῦ
1351 4211 1444 4265 τοῦ
1464 4213 1621 4268 τόνου

25 4303 42 4336 ν
75 4289 388 4358 σωματικὸν
425 4290 613 4345 τοῦτον
650 4291 850 4364 δρόμον
887 4295 1096 4366 τρέχων
1132 4297 1320 4352 οὐδένα
1342 4298 1494 4374 [278]
1513 4301 1622 4360 τῶν

25 4374 306 4430 αντὼντων
322 4389 349 4418 ι
370 4379 492 4450 δρᾷ,
518 4379 622 4434 κᾶν
645 4381 907 4453 μυριάκις
927 4383 1076 4454 αὐτῷ
1097 4389 1462 4462 προσπταίσῃ,
1486 4389 1623 4446 ἀλλὰ

25 4461 82 4523 6;
99 4463 187 4516 τὸν
203 4463 408 4536 δρόμον
429 4465 566 4537 ἔχων
584 4469 879 4538 τεταμένον
898 4470 1066 4526 αὐτοῦ
1105 4472 1198 4526 τὸν
1230 4461 1508 4546 λογισμὸν,
1528 4477 1622 4530 56-

25 4549 111 4613 ὶως
124 4551 346 4607 ἅπαντα
366 4554 738 4627 παραδραμὼν
758 4558 1038 4627 ἐπείγεται
1058 4559 1193 4631 πρὸς
1209 4561 1301 4615 τὸν
1321 4565 1620 4636 προκείμε-

25 4639 194 4710 ιαύτῷ
215 4641 426 4695 σκοπόν
447 4657 462 4672 ·
481 4641 574 4696 τὸν
595 4643 756 4697 αὐτὸν
773 4644 838 4716 δὴ
856 4647 1057 4718 τρόπον
1077 4649 1170 4702 καὶ
1187 4651 1216 4703 6
1233 4649 1325 4703 τὸν
1345 4654 1464 4706 κατ’
1485 4653 1617 4724 ἀρε-

25 4741 45 4776 v
74 4726 274 4798 δρόμον
312 4729 530 4800 τρέχειν
568 4731 905 4797 σπουδάζων,
929 4734 1024 4788 καὶ
1043 4736 1152 4790 07:6
1169 4736 1276 4807 γῆς
1294 4739 1372 4802 εἰς
1390 4739 1620 4811 οὐρανὸν

25 4812 179 4868 ελθεῖν
197 4816 510 4888 ἐπιθυμῶν,
532 4819 709 4873 πάντα
743 4819 813 4873 :0
844 4821 1098 4894 ὁρώμενα
1118 4825 1269 4879 κάτω
1287 4827 1502 4899 ἀφίησι,
1525 4830 1620 4884 καὶ

25 4918 62 4964 ις
94 4902 186 4956 τοῦ
228 4903 433 4976 δρόμου
472 4904 704 4975 γίνεται,
727 4909 822 4962 καὶ
856 4909 917 4961 οὐ
957 4910 1222 4983 πρότερον
1241 4913 1474 4978 ἵσταται,
1496 4916 1618 4970 οὐδὲ

25 4989 225 5060 τέχεται
265 4993 374 5047 ὑπό
407 5011 553 5059 τινος
584 4994 692 5049 τῶν
714 4997 1026 5070 ὁρωμένων,
1053 4999 1247 5072 μέχρις
1265 5001 1330 5056 ἂν
1349 5005 1430 5068 εἰς
1449 5004 1619 5075 αὐτὴν

25 5077 177 5134 ελθεῐν
215 5079 425 5154 δυνηθῇ
464 5082 563 5168 τὴν
601 5087 866 5156 κορυφήν.
891 5086 982 5158 Τῷ
1000 5088 1106 5162 709
1128 5089 1270 5144 οὕτω
1289 5092 1617 5168 διακειμένῳ

25 5166 40 5216 1
73 5166 135 5220 τὰ
164 5168 429 5223 δοκοῦντα
449 5166 589 5225 εἶναι
610 5172 740 5243 (9065
749 5174 816 5246 90
837 5175 976 5228 κατά
994 5175 1085 5229 τὸν
1107 5178 1349 5249 παρόντα
1370 5181 1503 5251 βίον,
1527 5166 1617 5236 56-

27 5257 332 5329 ταφρόνητα
351 5257 582 5328 γίνεται,
606 5261 700 5314 καὶ
717 5263 746 5315 6
763 5261 1000 5329 τοιοῦτος
1038 5264 1162 5319 06:5
1186 5267 1338 5337 ξίφος
1357 5268 1614 5340 δέδοικεν,

25 5356 65 5391 ιε
96 5344 364 5414 κρημνὸν,
385 5344 507 5399 οὔτε
531 5345 736 5420 θηρίων
755 5349 992 5417 ὀδόντας,
1013 5352 1074 5406 οὐ
1115 5352 1402 5423 βασάνους,
1423 5358 1482 5410 οὐ
1520 5359 1612 5430 δη·-

25 5445 81 5482 υν
117 5434 332 5504 χεῖρας,
353 5434 454 5487 οὐκ
491 5435 620 5490 ἀλλο
659 5453 712 5490 τι
745 5436 856 5492 τῶν
896 5439 1039 5499 κατὰ
1071 5442 1161 5496 τὸν
1183 5441 1296 5512 βίον
1315 5443 1612 5519 λυπηρῶνι

25 5514 74 5568 λὰ
110 5516 212 5571 κᾶν
253 5520 534 5593 ἄνθρακας
575 5522 658 5595 ἴδῃ
697 5523 1311 5598 ὑπεστορεσμένους,ὡς
1342 5514 1617 5603 λειμῶνας

26 5600 78 5651 Iw
99 5605 191 5657 καὶ
211 5607 595 5676 παραδείσους,
616 5609 790 5675 06:0);
810 5612 1076 5686 ἐπιπηδᾷο
1103 5615 1210 5670 κᾶν
1229 5617 1414 5690 ἕτερόν
1435 5638 1486 5674 τι
1505 5621 1616 5675 τῶν

25 5691 312 5765 ιαστηρίων
353 5691 493 5764 εἶδος
530 5699 871 5772 ἐπαγόμενον
890 5701 1173 5775 θεάσηται,
1195 5706 1258 5760 οὐ
1279 5709 1455 5781 ναρκᾷ
1476 5710 1611 5783 πρὸς

49 5871 260 5931 Quatuor
287 5887 398 5926 mss.
432 5877 674 5927 ἁπάντων.

3303 285 3407 341 2CD

1736 389 1835 461 τὴν
1855 392 1997 463 ὄψιν,
2019 395 2137 448 οὐδὲ
2157 397 2561 472 ἐπιστρέφεται.
2579 403 2639 456 '0
2658 400 2766 476 709
2783 403 2891 458 τῶν
2915 405 3214 476 μελλόντων
3243 411 3409 475 πόθος

1689 520 1694 527 .
1740 477 2070 550 μετέστησεν
2091 482 2256 538 αὐτοῦ
2277 485 2374 558 τὴν
2393 487 2649 555 διάνοιαν,
2671 491 2765 546 καὶ
2793 491 2868 556 ὡς
2886 493 3072 557 ἁπλῶς
3095 495 3186 548 καὶ
3205 496 3324 567 είκῆ
3346 500 3407 551 :6

1737 563 1896 636 σῶμα
1917 571 2316 642 περικείμενος,
2336 574 2508 642 06:0);
2526 576 2697 632 ἀνώτε
2707 597 2794 650 ρος
2815 580 3023 650 γίνεται
3056 581 3160 636 τῶν
3197 583 3405 648 παθῶν,

1735 652 1829 706 καὶ
1847 655 1912 744 τῇ
1935 655 2140 744 ἀνωθεν
2161 660 2342 732 χάριτι
2363 665 2766 738 φρουρούμενος
2784 668 2902 722 οὐδέ
2921 669 3170 740 αἴσθησιν
3190 671 3406 744 λαμϐά-

1735 756 1816 793 νει
1837 741 1942 796 τῶν
1963 743 2274 816 ἀλγηδόνων
2295 749 2401 803 τῶν
2425 755 2776 822 σωματικῶν.

1802 884 1893 937 Διὸ
1917 886 2239 958 παρακαλῶ,
2264 889 2332 943 ἵν’
2353 891 2588 957 εὐκόλως
2607 896 2733 959 τοὺς
2754 895 2896 950 κατά
2933 898 3032 967 τὴν
3068 899 3269 973 ἀρετὴν
3309 901 3405 956 πό-

1731 987 1854 1034 νους
1874 973 2118 1041 ἐνεγκεῖν
2135 975 2475 1047 δυνηθῶμεν,
2500 980 2666 1034 πολὺν
2689 981 2776 1034 τὸν
2797 1001 2862 1035 πε
2871 984 2925 1054 91
2946 985 3032 1038 τὸν
3053 987 3183 1039 Θεὸν
3206 989 3406 1042 ἐπιδει-

1734 1058 1953 1128 ξώμεθα
1973 1061 2152 1125 πόθον,
2179 1063 2271 1116 καὶ
2290 1065 2406 1118 ἐκεῖ
2422 1066 2520 1136 τὴν
2541 1068 2779 1121 διάνοιαν
2811 1070 2966 1141 ἡμῶν
2997 1073 3269 1137 τείναντες
3299 1075 3403 1128 67:6

1735 1147 1960 1216 μηδενὸς
1996 1147 2102 1202 τῶν
2142 1152 2199 1202 ἐν
2237 1150 2313 1221 τῷ
2356 1154 2582 1219 παρόντι
2623 1155 2724 1226 βίῳ
2747 1157 2882 1229 πρὸς
2902 1158 2991 1212 τὸν
3011 1162 3184 1214 ἐκεῖσε
3205 1162 3402 1232 δρόμον

1733 1234 2236 1308 ὐποσκελιζὼμεθα,
2262 1238 2398 1293 ἀλλὰ
2436 1242 2543 1294 τῶν
2589 1243 2893 1314 μελλόντων
2932 1247 3152 1313 ἀγαθῶν
3171 1248 3269 1319 τὴν
3288 1249 3406 1320 διη-

1731 1324 1858 1392 νεκῆ
1883 1323 2180 1378 ἀπόλαυσιν
2201 1325 2559 1397 λογιζόμενοι.
2585 1330 2760 1383 πάντα
2779 1330 2848 1384 τὰ
2869 1332 3090 1401 ἀλγεινά
3128 1335 3222 1388 :06
3262 1354 3404 1407 7:09-

1728 1407 1881 1473 όντος
1901 1409 2018 1480 βίου
2056 1412 2247 1484 πράως
2267 1413 2545 1486 φέρωμεν,
2567 1418 2662 1470 καὶ
2685 1419 2822 1489 μήτε
2844 1419 3030 1487 ἀδοξία
3051 1423 3197 1492 ἡμᾶς
3217 1422 3403 1476 λυπεί-

1728 1514 1826 1563 τω,
1865 1500 2006 1570 μήτε
2047 1501 2204 1555 πενία
2227 1503 2480 1569 πιεζέτω,
2507 1505 2646 1576 μήτε
2665 1507 2818 1570 νόσος
2838 1507 3089 1579 σώματος
3108 1510 3206 1581 τῆς
3224 1510 3404 1582 ψυχῆς

1728 1585 1789 1639 :6
1809 1586 2063 1657 φρόνημα
2083 1587 2382 1658 χαυνούτω,
2408 1591 2546 1660 μήτε
2565 1591 2625 1646 :6
2645 1595 3104 1664 καταφρονεῖσθαι
3125 1597 3275 1667 7:090
3293 1598 3402 1652 τῶν

1728 1672 1939 1726 πολλῶν
1980 1674 2076 1729 καὶ
2118 1674 2545 1740 ἐξευτελίζεσθαι
2585 1680 2977 1752 ὀκνηροτέρους
3017 1684 3147 1754 7:591
3183 1685 3284 1756 τὴν
3303 1687 3402 1756 τῆς

1726 1761 1930 1833 ἀρετῆς
1968 1763 2307 1836 κατόρθωσιν
2346 1766 2772 1838 ἀπεργαζέσθω·
2813 1770 2952 1824 ἀλλά
2993 1773 3169 1827 πάντα
3207 1773 3400 1841 ταῦτα,

1727 1848 1918 1923 ῶσπερ
1955 1851 2124 1917 κόνιν,
2144 1853 2619 1927 ἀποτιναξάμενοι,
2655 1859 2746 1911 καὶ
2785 1863 3029 1928 γενναῖον
3069 1863 3163 1915 καὶ
3201 1862 3402 1934 ὑψηλὸν

1729 1939 1985 2012 φρόνημα
2005 1941 2386 2010 ἀναλαϐόντες,
2408 1944 2549 1998 06:0)
2570 1945 2706 2017 7:96;
2726 1947 2939 2002 ἅπαντα
2958 1950 3160 2024 πολλὴν
3184 1950 3282 2023 τὴν
3303 1953 3400 2005 ἀν-

1725 2025 1912 2097 δρείαν
1947 2028 2362 2097 ἐπιδειξώμεθα,
2383 2031 2478 2085 καὶ
2519 2033 2768 2105 καθάπερ
2788 2035 2912 2106 χθὲς
2933 2038 3281 2108 παρεκάλεσα
3303 2041 3401 2112 τὴν

1727 2115 2001 2187 ὑμετέραν
2037 2117 2277 2190 ἀγάπην,
2311 2119 2410 2182 τὰς
2448 2119 2586 2191 7:96;
2627 2122 2752 2186 :06;
2791 2123 3015 2194 ἐχθροὺς
3056 2127 3400 2197 καταλλαγάς

1729 2205 1867 2273 μετά
1889 2204 2088 2274 πολλῆς
2127 2205 2229 2275 τῆς
2268 2208 2504 2278 σπουδῆς
2526 2208 2898 2280 ποιησώμεθα,
2921 2213 3012 2265 καὶ
3031 2215 3098 2265 τὰ
3119 2214 3278 2268 λοιπά
3299 2215 3400 2285 τῆς

1724 2291 1905 2362 ψυχῆς
1947 2292 2092 2364 πάθη
2134 2293 2469 2365 ὲξορίσωμεν
2513 2297 2613 2367 τῆς
2651 2297 2962 2369 ⁴ἡμετέρας·
3005 2299 3108 2354 κᾶν
3134 2301 3398 2373 ἐπιθυμία

1724 2379 1923 2443 ἄτοπος
1961 2381 2170 2452 ἐνοχλῇ,
2207 2381 2409 2452 ταύτην
2454 2384 2874 2455 φυγαδεύωμεν·
2915 2385 3016 2440 κᾶν
3055 2387 3223 2459 θυμὸς
3262 2389 3400 2461 πρὸς

1722 2466 1892 2538 ὀργὴν
1928 2467 2187 2540 διεγείρῃ,
2211 2470 2660 2542 καταστέλλωμεν
2700 2474 2800 2543 τὴν
2835 2473 3143 2546 φλεγμονὴν
3179 2479 3244 2548 τῇ
3284 2476 3397 2549 ᾠδῇ

1723 2552 1833 2605 τῶν
1876 2555 2255 2626 πνευματικῶν
2294 2557 2692 2629 παραινέσεων,
2715 2559 3020 2626 δεικνύντες
3058 2561 3151 2616 τοῦ
3193 2563 3398 2628 πάθους

1721 2641 1815 2695 τὸν
1851 2641 2088 2713 ὀλεθρον.
2120 2643 2298 2713 Ἀνὴρ
2331 2644 2458 2717 γὰρ,
2498 2645 2652 2715 φησι,
2688 2647 2982 2717 θυμώδης,
3021 2652 3132 2705 οὐκ
3170 2651 3399 2721 εὐσχή-

1723 2747 1851 2799 μων
1866 2747 1880 2761 ⁸
1919 2731 2013 2784 καὶ
2048 2731 2212 2786 πάλιν
2231 2748 2246 2763 ⁸
2282 2731 2335 2786 Ὁ
2359 2731 2730 2802 ὀργιζόμενος
2749 2736 2828 2802 τῷ
2848 2735 3088 2806 ἀδελφῷ
3108 2739 3294 2793 αὐτοῦ
3312 2742 3396 2794 είς

1723 2816 1823 2884 κῆ,
1844 2817 2056 2888 ἔνοχος
2068 2817 2239 2874 ἔσται
2259 2821 2346 2886 εἰς
2369 2819 2482 2890 τὴν
2501 2820 2754 2894 γέενναν
2771 2823 2877 2879 τοῦ
2896 2827 3105 2893 πυρός.
3127 2826 3244 2880 Κᾶν
3263 2845 3398 2899 χρη-

1725 2905 1912 2976 μάτων
1948 2904 2210 2976 ἐπιθυμία
2241 2907 2491 2981 ταράσσῃ
2511 2909 2600 2962 τὸν
2620 2910 2900 2982 λογισμὸν,
2921 2913 3143 2982 φεύγειν
3166 2914 3398 2969 σπουδά-

1722 2989 1905 3062 ζωμεν
1939 2991 2037 3062 τὴν
2069 2991 2317 3064 ὀλεθρίαν
2354 2993 2560 3065 ταύτην
2600 2996 2798 3068 λύμην,
2820 2999 2915 3052 καὶ
2953 2999 3206 3070 καθάπερ
3240 3000 3395 3071 ῥίζαν

1722 3080 1827 3133 τῶν
1867 3079 2052 3136 κακῶν
2090 3081 2343 3136 ἁπάντων
2382 3083 2757 3155 ἐκτέμνωμεν.
2781 3087 2890 3140 K01
2929 3086 3156 3140 ἕκαστον
3192 3087 3250 3143 δέ
3283 3087 3396 3141 τῶν

1720 3168 2080 3239 ἐνοχλούντων
2115 3171 2244 3240 ἡμῖν
2282 3170 2470 3224 παθῶν
2488 3171 2736 3244 διορθοῦν
2757 3173 3042 3238 σπουδάζω
3049 3192 3168 3244 μεν,
3192 3175 3280 3228 ἵνα
3300 3178 3396 3230 καὶ

1720 3257 1830 3313 τῶν
1851 3257 2128 3331 βλαϐερῶν
2148 3260 2498 3331 ἀπεχόμενοι,
2520 3261 2732 3327 καὶτὰς
2751 3262 2960 3331 ἀγαθὰς
2982 3263 3211 3335 πράξεις
3234 3281 3398 3335 μετα-

1721 3345 2026 3411 διώκοντες,
2047 3347 2364 3420 δυνηθῶμεν
2396 3348 2540 3402 κατά
2573 3351 2672 3422 τὴν
2709 3351 2924 3422 ἡμέραν
2944 3353 3158 3422 ἐκείνην
3176 3351 3276 3424 τὴν
3298 3369 3396 3422 φο-

1721 3432 1889 3504 ϐερὰν
1904 3434 2003 3505 τῆς
2021 3435 2172 3506 7:090
2189 3434 2282 3488 :06
2295 3433 2430 3488 Θεοῦ
2446 3434 2856 3508 φιλανθρωπίας
2876 3438 3194 3509 ἀξιωθῆναι,
3208 3438 3395 3510 χάριτι

1721 3523 1816 3575 καὶ
1851 3523 2152 3594 οἰκτιρμοῖς
2190 3522 2284 3577 τοῦ
2331 3522 2652 3594 μονογενοῦς
2691 3525 2857 3579 αὐτοῦ
2899 3525 3048 3584 Υἱοῦ.
3078 3527 3196 3596 μεθ’
3215 3521 3276 3582 οὗ
3315 3527 3395 3599 τῷ

1721 3609 1916 3682 Πατρὶ,
1937 3609 2053 3682 ἅμα
2087 3609 2168 3681 τῷ
2204 3610 2346 3682 ἁγίῳ
2388 3611 2688 3683 Πνεύματι,
2709 3612 2856 3678 δόξα,
2879 3614 3100 3685 κράτος,
3124 3616 3278 3691 τιμὴ,
3299 3614 3396 3670 νῦν

1719 3697 1814 3750 καὶ
1832 3697 1941 3764 ἀεὶ,
1962 3697 2056 3750 καὶ
2076 3698 2156 3762 εις
2172 3698 2298 3762 τοὺς
2319 3697 2522 3763 αἰῶνας
2537 3699 2647 3753 τῶν
2667 3699 2901 3756 αἰώνων.
2918 3702 3109 3772 Ἀμήν.

2172 3861 2418 3928 omum
2454 3872 2760 3945 neum-19]

1719 4027 1827 4083 Καὶ
1850 4027 2072 4097 ῆρξατο
2093 4026 2219 4100 Νῶε
2239 4027 2544 4096 ἄνθρωπος
2566 4029 2822 4099 γεωργὸς
2859 4029 2992 4100 γῆς,
3011 4029 3109 4083 καὶ
3148 4030 3396 4100 ἐφύτευ-

1789 4114 1901 4224 σὲν
1921 4098 2262 4169 ἀμπελῶνα,
2287 4100 2386 4153 καὶ
2420 4098 2591 4155 ἔπιεν
2609 4101 2679 4154 ἐκ
2712 4098 2818 4154 τοῦ
2840 4098 3027 4167 οινου,
3054 4101 3151 4155 καὶ
3178 4098 3392 4172 ἐμεθύ-

1789 4185 1833 4224 σ
1871 4188 1930 4238 η.

1789 4299 1856 4346 α’.
1878 4293 2021 4366 Πρὸς
2039 4292 2099 4347 τὸ
2118 4293 2270 4358 τέλος
2289 4293 2474 4348 λοιπὸν
2495 4294 2811 4366 ἐφθάσαμεν
2823 4298 2921 4368 τῆς
2933 4296 3072 4351 κατὰ
3085 4296 3172 4351 τὸν
3185 4296 3394 4352 δίκαιον

1716 4381 2027 4445 ὑποθέσεως
2048 4399 2061 4413 ·
2085 4381 2186 4444 διὸ,
2209 4382 2531 4454 παρακαλῶ,
2558 4383 2864 4438 συντείνατέ
2889 4403 2979 4455 μοι
2997 4385 3095 4457 τὴν
3129 4385 3390 4454 διάνοιαν,

1717 4471 1810 4524 καὶ
1847 4469 1983 4540 μετά
2013 4470 2298 4542 ἀκριϐείας
2329 4470 2621 4544 προσέχετε
2640 4474 2752 4537 τοῖς
2773 4471 3103 4546 λεγομένοις.
3126 4475 3259 4528 Οὐδὲ
3280 4475 3390 4548 γὰρ

1720 4560 1912 4631 μικρὰ,
1935 4559 2054 4612 0666
2074 4558 2140 4613 :0
2160 4559 2387 4630 τυχόντα
2409 4559 2526 4612 ἐστὶ
2545 4559 2942 4633 καρπώσασθαι
2964 4563 3056 4615 καὶ
3075 4563 3138 4615 ἐκ
3157 4562 3264 4618 τῶν
3289 4566 3390 4634 σή-

1720 4668 1882 4724 μερον
1903 4651 2328 4721 ἀνεγνωσμένων
2344 4667 2359 4682 σ
2375 4650 2444 4705 :0
2460 4650 2567 4723 709
2585 4654 2694 4716 τοῖς
2716 4651 2965 4716 παλαιοῖς
2983 4652 3390 4724 συμϐεϐηκότα,

1715 4742 1766 4794 εἰ
1787 4739 2110 4812 βουλοίμεθα
2125 4740 2341 4811 νήφειν,
2366 4739 2628 4811 μεγίστης
2647 4742 2780 4812 ἡμῖν
2813 4741 3160 4806 διδασκαλίας
3194 4741 3392 4796 ὑπόθε-

1718 4844 1800 4891 σις
1820 4828 2048 4896 γίνεται.
2071 4825 2171 4881 Διά
2189 4826 2296 4902 γὰρ
2316 4826 2474 4881 τοῦτο
2494 4827 2554 4882 οὐ
2578 4828 2738 4899 μόνον
2755 4829 2827 4883 τὰ
2846 4828 3246 4901 κατορθώματα
3278 4828 3390 4884 τῶν

1714 4916 1886 4985 ἁγίων
1925 4916 2254 4988 γέγραπται,
2275 4915 2413 4970 ἀλλὰ
2449 4917 2544 4971 καὶ
2580 4917 2651 4973 :0
2680 4917 3072 4989 ἁμαρτήματα,
3097 4916 3181 4972 ἵνα
3199 4916 3267 4970 :0
3288 4917 3388 4986 μὲν

1716 5003 2025 5074 φεύγωμεν,
2045 5002 2114 5057 :0
2150 5003 2206 5056 66
2245 5002 2610 5076 ζηλώσωμεν·
2647 5005 2742 5058 καὶ
2776 5004 2840 5056 οὐ
2872 5003 3029 5058 τοῦτο
3050 5004 3227 5072 μόνον,
3251 5002 3389 5058 ἀλλὰ

1713 5092 1951 5148 δείκνυσί
1973 5094 2106 5164 σοιὴ
2129 5091 2248 5146 θεία
2268 5093 2457 5164 Γραφὴ
2491 5094 2585 5148 καὶ
2618 5092 2858 5156 δικαίους
2881 5090 3140 5155 πολλάκις
3159 5091 3387 5160 σφαλέν-

1713 5198 1832 5245 τας,
1857 5181 1952 5236 καὶ
1985 5180 2344 5252 ἁμαρτωλοὺς
2377 5179 2576 5252 πολλὴν
2599 5179 2900 5252 μεταϐολὴν
2918 5177 3382 5249 ἐπιδειξαμένους,

1715 5270 1804 5326 ἵνα
1837 5268 2178 5339 ἑκατέρωθεν
2216 5268 2492 5338 ἀρκοῦσαν
2529 5266 2812 5338 δεξώμεθα
2829 5267 2928 5338 τὴν
2945 5265 3263 5336 ἀσφάλειαν,
3288 5269 3385 5322 καὶ

1718 5359 1854 5429 μήτε
1870 5359 1898 5411 6
1910 5354 2083 5430 60:0);
2099 5355 2274 5426 θαρρῇ
2289 5355 2430 5427 ὀρῶν
2443 5355 2537 5409 7701
2547 5354 2786 5419 δικαίους
2804 5371 3012 5412 κατατιε
3019 5355 3229 5420 σόντας,
3245 5355 3383 5428 μήτε

1712 5445 1741 5497 ὁ
1755 5445 1783 5485 b
1817 5446 1875 5498 ιν
1906 5444 2294 5516 ἁμαρτήμασιν
2313 5441 2388 5496 ὢν
2408 5441 2745 5515 ἀπαγορεύῃ,
2771 5441 2894 5497 ἰδὼν
2913 5442 3139 5506 πολλοὺς
3157 5443 3382 5514 ἀνενεγ-

1713 5532 1910 5596 κόντας
1945 5533 2033 5586 καὶ
2076 5531 2212 5602 πρὸς
2231 5531 2402 5603 αὐτὴν
2421 5530 2518 5602 τὴν
2533 5531 2712 5602 ἄκραν
2731 5530 2976 5603 κορυφὴν
2997 5529 3198 5600 φθάσαι
3218 5530 3383 5602 δυνη-

1713 5619 1926 5684 θέντας.
1946 5618 2149 5690 Μηδεὶς
2183 5617 2385 5682 τοίνυν,
2409 5618 2726 5692 παρακαλῶ,
2761 5618 2863 5673 κᾶν
2899 5619 3071 5674 πολλὰ
3108 5615 3384 5690 κατορθώ-

1719 5726 1862 5778 ματα
1893 5706 2070 5779 ἐαυτῷ
2103 5704 2432 5780 συνειδὼςῇ,
2454 5707 2742 5781 θαρρείτω,
2763 5707 2878 5762 ἀλλ’
2898 5704 3184 5775 ἐναγώνιος
3219 5703 3382 5769 ἔστιν.

1775 5881 1804 5926 ιι
1839 5883 2064 5944 Quinque
2087 5896 2201 5932 mu).
2215 5883 2294 5931 καὶ
2316 5884 2361 5935 6.
