3760 6254
127 308 218 364 ac:
1104 268 1112 276 ’
1199 305 1260 360 lN
1290 303 1438 358 cur.
1486 299 1575 356 Ix.
1617 295 1856 355 cenes.
1899 298 2128 356 nomL.
2175 301 2364 360 xxnx.

128 439 263 477 scius
287 464 302 485 ,
331 421 680 478 confidentior
715 421 815 488 sit,
860 421 954 477 sed
983 423 1172 476 anxius
1201 423 1289 488 sit,
1315 432 1370 475 et
1405 419 1700 476 sollicitus:

124 525 176 568 ct
205 514 388 568 audiat
416 514 626 568 beatum
658 513 877 568 Paulum
917 513 1293 568 admonentem
1318 521 1373 568 et
1398 512 1660 568 dicentem
1686 553 1700 578 ,

129 606 226 670 Qui
250 615 385 660 stare
405 606 500 660 sibi
522 607 736 671 videtur,
759 607 924 659 videat
963 623 1023 660 ne
1057 606 1203 660 cadat
1230 606 1303 674 (l.
1331 605 1448 660 Cor.
1480 605 1564 659 10.
1591 605 1702 674 12);

125 696 302 750 nullus
327 697 472 762 item,
500 697 589 767 qui
617 698 668 751 in
699 697 1014 766 profundum
1044 696 1214 766 ipsum
1244 696 1457 750 malitia:
1483 696 1708 750 descen-

123 789 260 844 derit
285 831 300 851 .
324 789 511 844 salutis
534 805 644 844 sua:
673 805 823 856 spem
852 789 1067 857 abjiciat
1088 787 1222 855 ,sed
1253 787 1570 842 ineffabilem
1610 785 1705 840 Dei

124 882 540 936 misericordiam
585 882 1092 952 eogitans,.audiat
1147 882 1337 935 iterum
1392 881 1556 934 Deum
1612 895 1706 948 per

125 973 435 1042 prophetam
465 974 770 1030 dicentem:
818 971 1074 1043 Numqui
1114 972 1276 1035 cadit,
1309 988 1409 1025 non
1450 971 1706 1041 resurgit;

121 1077 166 1121 et
188 1067 274 1138 qui
302 1067 476 1121 avertit
503 1083 576 1133 se,
604 1084 704 1121 non
730 1067 990 1122 revertitur
1021 1065 1152 1134 (Jer.
1181 1066 1234 1121 8.
1263 1065 1318 1135 4)
1342 1065 1364 1118 ?
1384 1074 1440 1119 et
1468 1066 1657 1118 iterum
1685 1105 1700 1128 ,

125 1157 260 1212 Nolo
302 1167 509 1212 iiiortem
552 1158 1032 1227 peccatoris,,sicut_
1059 1157 1278 1210 converti
1314 1171 1426 1209 eum
1461 1163 1508 1209 et
1546 1155 1706 1208 vivere

121 1249 334 1318 (Ezecli.
382 1250 469 1305 18.
513 1249 625 1320 25).
677 1249 888 1314 Vidisti,
933 1249 1150 1315 dilecte,
1191 1249 1370 1304 omnia
1412 1249 1465 1302 in
1508 1246 1703 1301 divinis

120 1341 406 1411 Scripturis
430 1343 626 1412 scripta
647 1382 661 1407 ,
678 1356 795 1397 non
825 1340 926 1395 alia
946 1340 1016 1395 de
1040 1355 1201 1394 causa
1221 1340 1512 1394 memoria:
1541 1338 1703 1391 fuisse

121 1435 333 1500 tradita,
364 1450 521 1505 quam
550 1443 767 1505 propter
795 1445 1031 1488 nostram
1065 1432 1367 1497 utilitatem,
1400 1439 1455 1485 et
1486 1428 1702 1484 humani

118 1530 329 1597 generis
377 1528 642 1582 salutem?
671 1527 795 1582 llaec
835 1541 1014 1582 secum
1058 1525 1284 1595 quisque
1330 1534 1570 1578 nostrum
1611 1537 1700 1576 ex-

119 1620 352 1689 pendat,
381 1620 595 1690 suisque
632 1633 864 1689 congrua
888 1617 1194 1672 vulneribus
1221 1615 1505 1685 pharmace
1534 1615 1706 1683 impn-

119 1719 226 1766 nat.
252 1709 380 1766 ldeo
404 1711 546 1764 enim
590 1709 705 1764 haec
725 1709 793 1763 ad
833 1708 1038 1763 libitum
1080 1706 1328 1762 omnibus
1364 1713 1489 1759 sunt
1511 1718 1706 1773 pr0po-

117 1805 230 1869 sita,
287 1814 338 1859 et
391 1804 514 1858 licet
560 1802 760 1858 volenti
801 1801 1126 1858 conveniens
1175 1801 1286 1856 suis
1334 1797 1702 1854 affectionibus

117 1895 410 1950 remedium
453 1909 742 1964 apponere,
783 1902 837 1948 et
873 1893 1152 1947 sanitatem
1196 1891 1438 1960 accipere
1483 1889 1704 1945 celerri-

119 2003 254 2042 mam
280 2030 294 2053 ,
327 1997 530 2042 tantum
561 1986 837 2041 medicinae
860 2001 1043 2040 curam
1075 1999 1141 2039 ne
1177 1985 1296 2054 quis
1320 1983 1526 2051 rejiciat
1547 2023 1560 2046 ,
1606 1981 1698 2036 sed

117 2090 326 2149 gratum
373 2094 526 2132 suum
567 2077 816 2133 exhibeat
859 2075 1476 2130 animum.Nulla.enim
1521 2083 1603 2128 est
1647 2074 1700 2128 in

119 2173 346 2226 humana
370 2181 558 2226 natura
582 2172 663 2226 vel
690 2172 928 2239 corporis
953 2170 1038 2224 vel
1064 2169 1254 2222 animae
1281 2166 1560 2238 :egritudo,
1583 2181 1701 2235 qua:

118 2265 436 2319 medicinam
488 2265 610 2318 hinc
656 2264 897 2332 accipere
934 2269 1180 2332 nequeat.
1211 2258 1532 2328 Quomodo?
1576 2257 1698 2323 dic,

117 2357 362 2410 obsecro.
407 2354 702 2425 Ingreditur
726 2355 844 2424 quis
885 2353 989 2408 huc
1028 2352 1240 2408 tristitia
1270 2361 1324 2406 ct
1366 2349 1700 2419 negotiorum

116 2446 474 2501 sollicitudine
501 2455 786 2511 oneratus,
815 2454 870 2500 et
893 2446 1163 2514 ingressus
1191 2443 1293 2497 huc
1317 2483 1334 2508 ,
1373 2442 1442 2496 ita
1472 2454 1702 2495 maerore

116 2540 378 2606 obrutus,
435 2540 610 2594 statim
667 2546 724 2592 ut
771 2537 972 2592 audivit
1017 2535 1330 2606 prophetam
1386 2533 1700 2588 dicentem:

123 2632 288 2697 Quare
313 2632 469 2684 tristis
494 2647 576 2694 es,
611 2630 781 2683 anima
819 2626 961 2695 mea,
994 2639 1040 2682 et
1083 2644 1240 2699 quare
1274 2625 1540 2680 conturbas
1577 2623 1702 2678 me?

118 2723 282 2792 Spera
310 2724 367 2777 in
395 2722 587 2788 Deum,
614 2723 852 2792 quoniam
880 2721 1150 2788 conﬁtebor
1180 2720 1224 2774 ei
1246 2735 1265 2773 :
1293 2719 1511 2773 salutare
1537 2719 1702 2772 vultus

116 2817 225 2879 mei,
249 2826 297 2871 et
331 2817 466 2870 Deus
495 2833 630 2870 meus
659 2814 828 2886 (Psal.
856 2816 945 2870 Η.
964 2816 1029 2871 ti.
1045 2815 1119 2883 7);
1151 2811 1435 2868 sufficienti
1461 2811 1702 2866 consola-

118 2912 257 2966 tione
287 2919 535 2978 suscepta
569 2910 698 2973 abit,
726 2916 780 2964 et
805 2923 1017 2962 omnem
1045 2907 1189 2962 illam
1216 2905 1410 2959 mentis
1431 2903 1701 2959 tristitiam

116 3005 333 3059 excutit.
386 3005 536 3058 Alius
577 3004 726 3068 item,
769 3002 858 3072 qui
905 3011 1140 3056 extrema
1185 2998 1442 3069 premitur
1484 2996 1656 3066 inopia
1683 3033 1700 3062 ,

117 3096 374 3165 gravatim
401 3094 500 3149 fert
533 3105 585 3149 et
611 3101 819 3157 innaret,
850 3091 1037 3147 videns
1063 3091 1197 3145 alios
1221 3090 1423 3144 divitiis
1444 3087 1662 3142 affluere
1683 3124 1698 3149 ,

116 3198 168 3241 et
192 3187 349 3242 valde
379 3185 572 3253 inflari,
602 3198 898 3255 magnoque
921 3191 1176 3252 apparatu
1201 3189 1254 3236 et
1281 3195 1471 3251 pompa
1494 3179 1698 3249 stipari.

117 3280 276 3334 Audit
303 3292 356 3334 et
395 3280 480 3334 hic
507 3279 754 3334 eumdem
786 3277 1100 3348 prophetam
1130 3275 1394 3330 dicentem
1425 3292 1436 3327 :
1471 3273 1622 3326 Jacta
1651 3272 1703 3324 in

117 3372 395 3426 Dominum
434 3388 608 3426 curam
645 3381 819 3436 tuam,
849 3381 912 3424 et.
940 3371 1046 3440 ipse
1085 3378 1132 3422 te
1159 3368 1368 3422 enutriet
1404 3364 1569 3435 (Psal.
1609 3365 1699 3419 54.

115 3465 236 3535 9.5);
272 3478 331 3520 et
373 3466 598 3520 iterum:
631 3463 714 3517 Ne
751 3465 926 3517 timeas
963 3477 1077 3514 cum
1114 3462 1300 3513 ditatus
1329 3459 1478 3528 fuerit
1513 3462 1660 3511 homo
1685 3497 1699 3518 ,

114 3558 188 3612 uel
209 3576 330 3612 cuni
360 3558 695 3628 multiplicata
722 3557 871 3625 fuerit
899 3556 1062 3626 gloria
1089 3554 1266 3608 donius
1291 3553 1402 3621 ejus
1426 3567 1444 3604 :
1466 3551 1704 3622 quoniam

114 3667 221 3704 cum
238 3650 505 3712 interierit,
539 3665 640 3703 non
671 3657 832 3703 sumet
851 3646 1022 3702 omnia
1046 3645 1214 3716 (Psal.
1243 3644 1330 3698 48.
1354 3643 1582 3709 17..18).
1612 3641 1705 3694 Est

114 3751 166 3796 et
198 3743 344 3796 alius
385 3756 596 3811 quoque
635 3740 726 3810 qui
769 3739 985 3794 insidias
1025 3746 1079 3792 et
1109 3735 1398 3790 calumnias
1435 3733 1703 3788 sustinens

115 3834 277 3895 dolet,
307 3842 376 3888 et
401 3834 674 3888 insuavem
703 3840 850 3900 putat
889 3830 1082 3893 vitam,
1115 3842 1371 3895 nusquam
1413 3824 1701 3878 humanum

118 3925 356 3979 invenire
403 3924 587 3978 valens
625 3923 900 3976 auxilium.
931 3921 1161 3975 Docetur
1195 3929 1248 3974 et
1277 3918 1364 3972 hic
1401 3917 1469 3970 ab
1514 3914 1703 3970 eodem

117 4019 270 4072 beato
300 4017 562 4088 propheta
593 4016 647 4070 in
678 4015 871 4071 talibus
897 4012 1153 4084 angustiis
1183 4027 1287 4065 non
1323 4010 1387 4064 ad
1415 4010 1700 4062 humanum

118 4112 427 4180 przesidium
465 4107 911 4178 confugiendum:
961 4105 1108 4159 audit
1145 4103 1285 4158 enim
1315 4103 1486 4171 ipsum
1522 4100 1678 4153 dicen

120 4215 222 4256 tem
249 4220 262 4257 :
297 4200 764 4271 Ipsi'detrahebant
789 4198 912 4252 mihi
933 4237 946 4263 ,
976 4212 1068 4267 ego
1093 4205 1260 4249 autem
1288 4195 1494 4248 orabam
1529 4187 1699 4260 (Psal.

117 4294 235 4349 tos.
268 4293 349 4363 4).
1497 4339 1500 4342 ,

185 4387 377 4441 Preces
426 4385 595 4438 omnia
651 4384 780 4439 levia
832 4391 878 4437 et
931 4381 1103 4450 facilia
1151 4378 1388 4433 reddunt.
1425 4373 1701 4429 ——Vidisti

115 4479 254 4535 unde
279 4487 490 4549 qua-rat
523 4477 819 4533 auxilium?
847 4475 950 4530 Alii
977 4517 991 4541 ,
1023 4474 1226 4544 inquit,
1255 4472 1407 4526 dolos
1441 4475 1704 4524 consuunt

117 4582 166 4627 et
191 4572 494 4627 calumnias
523 4571 881 4639 insidiasque:
924 4583 1023 4638 ego
1063 4574 1240 4620 autem
1271 4563 1337 4616 ad
1376 4563 1702 4631 inexpugna-

115 4663 276 4719 bilem
305 4679 520 4718 murum
551 4661 828 4730 confugio,
861 4659 926 4714 ad
955 4669 1117 4712 tutam
1147 4655 1454 4719 anchoram,
1482 4651 1548 4705 ad
1582 4666 1704 4719 por-

118 4765 224 4809 tmn
255 4755 516 4809 fluctuum
539 4763 834 4824 expertem,
863 4751 928 4806 ad
961 4765 1165 4820 preces,
1196 4749 1429 4817 inquam,
1457 4759 1552 4813 per
1573 4756 1704 4812 quas

115 4847 294 4900 omnia
315 4844 554 4900 difficilia
575 4845 708 4899 levia
730 4853 783 4898 et
801 4843 968 4897 facilia
990 4841 1118 4896 mihi
1149 4840 1297 4894 fiunt.
1324 4837 1542 4903 Insuper
1570 4833 1703 4887 alius

114 4938 180 4992 ab
193 4939 260 4992 iis
272 4939 363 5008 qui
385 4939 528 5006 prius
543 4937 640 5006 ipsi
657 4935 1042 4998 ministrabant,
1059 4915 1707 5000 deSpicituretcontemni-

117 5040 217 5095 tur,
248 5042 416 5100 atque
437 5030 504 5082 ab
523 5029 704 5082 amicis
729 5027 1062 5096 relinquitur,
1095 5024 1268 5079 ethoc
1288 5031 1367 5077 est
1397 5020 1536 5091 quod
1561 5037 1706 5076 men-

117 5132 219 5177 tem
248 5123 372 5190 ejus
403 5121 631 5176 maxime
654 5119 935 5175 conturbat
958 5127 1010 5174 et
1031 5116 1325 5173 confundit.
1351 5116 1456 5170 Sed
1477 5125 1530 5171 et
1552 5114 1636 5169 hic
1659 5115 1705 5170 si

118 5215 382 5278 voluerit,
398 5215 500 5268 huc
519 5213 781 5268 accedens
796 5212 975 5267 audiet
1000 5213 1210 5267 beatum
1236 5211 1380 5264 illum
1403 5210 1666 5264 dicentem
1689 5227 1701 5263 :

117 5306 277 5358 Amici
309 5306 410 5356 mei
439 5313 485 5357 et
513 5304 728 5371 proximi
752 5303 848 5355 mei
878 5302 1142 5355 aduersarii
1169 5317 1244 5355 me
1269 5301 1705 5370 appropinquant:-

117 5406 304 5452 runth
331 5405 588 5451 steterunt.
623 5395 692 5449 Et
730 5397 818 5462 qui
855 5397 996 5460 iuxta
1031 5410 1106 5447 me
1132 5405 1272 5447 eram
1311 5409 1341 5444 a
1371 5392 1517 5461 longe
1557 5386 1715 5444 stele-'

116 5499 256 5555 rum,
289 5498 341 5542 et
370 5489 466 5540 vim
492 5488 738 5558 faciebant
768 5487 853 5552 qui
875 5488 1157 5554 quwrebant
1183 5485 1404 5537 animam
1437 5499 1595 5536 meam
1614 5498 1632 5534 :
1661 5489 1707 5533 et

116 5581 199 5648 qui
225 5580 519 5648 quaerebant
547 5581 680 5631 mala
707 5577 829 5629 milii
848 5619 862 5641 ,
890 5577 1079 5646 loquuti
1101 5585 1214 5628 sunt
1239 5574 1477 5626 vanitates
1495 5613 1508 5636 ,
1536 5581 1581 5625 et
1612 5571 1706 5624 do-

98 5671 194 5744 ‘los
235 5678 347 5721 tota
392 5669 474 5722 die
512 5667 880 5722 meditabantur
935 5664 1106 5732 (l’sal.
1134 5666 1222 5722 57.
1257 5663 1340 5716 l2.
1374 5664 1482 5731 l5).
1519 5660 1705 5714 Vidisti

124 5773 401 5818 struentes
426 5761 644 5818 insidias
669 5778 835 5832 usque
866 5761 931 5817 ad
958 5769 1182 5817 mortem
1215 5760 1416 5830 ipsam,
1447 5766 1497 5812 et
1519 5772 1702 5830 perpe-

3284 315 3390 368 26‘}

1822 422 1964 469 tuum
1991 415 2184 473 bellum
2215 422 2506 490 gerentes?
2533 421 2664 477 Nam
2688 422 2788 479 hoc
2816 425 3044 494 indicat,
3085 443 3202 485 cum
3225 433 3349 488 dicit
3376 453 3390 491 :

1813 507 1943 563 Tota
1962 512 2044 563 die
2061 510 2444 581 meditabantur,
2467 516 2589 585 quia
2613 531 2706 586 per
2729 525 2887 573 totam
2911 521 3089 575 vitam.
3113 523 3246 590 Quid
3267 541 3392 596 ergo

1813 598 1902 652 ille
1927 599 2158 668 interim,
2184 602 2308 656 dum
2335 604 2708 661 insidiarentur
2733 617 2784 662 et
2809 611 3140 676 molirentur,
3173 616 3392 684 agebat?

1815 689 1925 760 Ego
1955 702 2118 746 autent
2139 734 2153 758 ,
2185 694 2380 764 inquit,
2409 699 2555 768 quasi
2582 700 2764 752 sanius
2791 717 2888 753 non
2919 703 3129 755 audiens
3149 746 3162 767 ,
3191 715 3237 758 et
3265 707 3391 758 sicut

1814 795 1979 837 mutus
2003 801 2104 838 non
2131 789 2361 855 aperiens
2381 806 2436 842 os
2461 807 2646 857 suum;
2677 803 2721 845 et
2751 798 2914 862 factus
2938 813 3048 849 sum
3073 799 3201 850 sicut
3241 800 3389 854 homo

1812 890 1912 927 non
1950 875 2271 941 audiens,“
2308 895 2407 930 non
2447 880 2634 934 habens
2676 884 2727 936 in
2767 901 2852 937 ore
2878 902 2968 938 suo
3008 889 3392 959 redargntioacs

1813 965 1987 1035 (Psal.
2009 969 2098 1022 57.
2131 970 2214 1022 H.
2244 971 2356 1040 15).
2388 971 2572 1026 Vidisti
2599 976 2946 1030 excellentem
2977 979 3386 1051 philosophiam,

1811 1060 2078 1129 quomodo
2102 1061 2310 1116 diversa
2350 1064 2432 1117 via
2463 1065 2626 1119 vicit?
2653 1066 2728 1120 llli
2758 1068 2908 1123 dolos
2935 1073 3207 1127 struebant
3232 1113 3246 1139 ,
3279 1076 3391 1143 ipse

1810 1166 1967 1207 aures
1995 1153 2310 1218 obturabat,
2342 1171 2408 1210 ne
2433 1157 2681 1212 audiret:
2730 1159 2803 1213 illi
2830 1162 2973 1215 omni
3011 1173 3248 1232 tempore
3286 1182 3390 1221 non

1810 1243 2090 1298 cessabant
2134 1245 2364 1315 linguam
2395 1262 2606 1310 acuere.
2639 1258 2694 1303 et
2718 1251 2978 1305 vanitates
3003 1261 3056 1307 et
3087 1254 3392 1312 fraudulen-

1811 1334 1912 1388 tias
1951 1336 2234 1403 meditari;
2279 1338 2365 1392 hic
2390 1349 2567 1392 autem
2616 1341 2830 1395 silentio
2871 1343 3080 1399 illorum
3131 1347 3389 1404 insaniam

1809 1427 2211 1494 comprimebat.
2246 1430 2310 1483 Et
2336 1445 2503 1500 quare
2533 1433 2608 1486 sic
2633 1447 2690 1486 se
2715 1434 2884 1503 gerit,
2918 1444 2971 1489 et
2996 1436 3118 1491 licet
3148 1439 3250 1492 illis
3277 1439 3390 1495 ha-c

1808 1519 2185 1586 apparantibus
2226 1522 2339 1591 ipse
2363 1523 2442 1578 sic
2477 1525 2586 1593 agit
2619 1527 2767 1594 quasi
2798 1528 2989 1582 surdus
3016 1539 3068 1583 et
3095 1542 3271 1586 mutus
3292 1572 3306 1594 ,
3337 1543 3392 1586 et

1808 1611 1957 1679 quasi
2002 1627 2173 1681 neque
2219 1628 2411 1678 aures,
2460 1631 2630 1686 neque
2681 1618 2911 1687 linguam
2970 1620 3203 1676 habeat?
3254 1624 3390 1677 Audi

1807 1700 1978 1769 ipsum
2009 1712 2166 1758 tanta}
2193 1705 2540 1773 philosophiae
2565 1722 2775 1762 causam
2794 1709 3055 1766 dicentem
3080 1730 3092 1766 :
3119 1713 3250 1779 Quia
3271 1715 3322 1767 in
3345 1724 3392 1768 te

1806 1792 2022 1861 speravi,
2051 1791 2268 1848 Domine
2311 1794 2470 1864 (Ibid.
2503 1812 2548 1850 υ.
2585 1797 2687 1868 16).
2716 1799 2849 1866 Quia
2891 1815 2920 1854 a
2947 1811 2998 1856 te
3047 1804 3241 1870 pendet
3267 1819 3389 1872 spes

1807 1900 1947 1949 mea,
1981 1885 2169 1953 inquit,
2199 1894 2252 1939 et
2277 1886 2328 1938 in
2362 1896 2414 1940 te
2442 1903 2527 1941 me
2553 1889 2772 1957 projeci,
2807 1891 2948 1944 nulla
2979 1893 3104 1946 mihi
3137 1910 3261 1947 cura
3284 1906 3386 1959 est,

1806 1975 1932 2044 quid
1963 1975 2033 2028 illi
2065 1986 2240 2044 agant.
2280 1977 2449 2032 Tuum
2479 1980 2620 2033 enim
2660 1981 2912 2035 auxilium
2940 1985 3068 2038 satis
3099 1995 3286 2052 potens
3309 1998 3388 2042 est

1807 2065 1872 2118 ad
1897 2066 2200 2136 dissipanda
2245 2067 2357 2123 hmc
2382 2071 2559 2124 omnia
2583 2113 2598 2136 ,
2627 2071 2906 2142 irritasque
2944 2075 3239 2130 reddendas
3268 2079 3387 2132 illo-

1807 2174 1924 2212 rum
1949 2160 2366 2215 machinationes
2391 2171 2444 2216 et
2468 2162 2707 2229 insidias,
2739 2172 2796 2218 ut
2815 2163 2946 2219 nihil
2967 2181 3150 2222 eorum
3175 2169 3387 2238 implea-

1810 2260 1895 2306 tur
1919 2252 2056 2321 quod
2083 2265 2360 2322 apparant.

1876 2341 1930 2394 ‘2.
1975 2342 2242 2414 Scriptura
2284 2360 2438 2404 sacra,
2479 2345 2532 2398 in
2575 2345 2946 2401 calamitatibus
2992 2350 3292 2406 antidotum.
3319 2381 3387 2394 -—-

1808 2433 2026 2488 Vidistis
2081 2435 2349 2504 quomodo
2383 2451 2715 2506 quacumque
2755 2440 3052 2496 calamitate
3100 2442 3386 2498 humanam

1807 2537 2047 2580 naturam
2093 2537 2387 2596 premente,
2431 2543 2728 2598 congruens
2755 2546 2820 2584 ex
2859 2532 3144 2600 Scripturis
3175 2535 3386 2590 antido-

1808 2625 1916 2672 tum
1943 2620 2183 2688 accipere
2222 2619 2396 2685 liceat,
2427 2628 2483 2675 et
2512 2637 2724 2674 onmem
2755 2622 2878 2676 vita:
2919 2623 3074 2693 hujus
3105 2642 3386 2682 tnmrorem

1807 2711 2070 2778 repellere
2093 2751 2107 2776 ,
2136 2726 2308 2780 neque
2335 2711 2402 2764 ab
2432 2711 2540 2765 ullo
2566 2712 2706 2782 quod
2733 2714 2944 2778 accidit,
2975 2717 3227 2784 gravari?
3256 2718 3387 2773 Pro-

1806 2810 1988 2871 pterca
2013 2802 2256 2866 obsecro,
2288 2811 2347 2856 ut
2374 2801 2680 2871 frequenter
2707 2803 2807 2858 huc
2833 2807 3080 2870 veniatis,
3107 2816 3161 2861 et
3192 2808 3386 2863 divinm

1808 2892 2094 2961 Scriptum
2117 2893 2395 2946 lectionem
2419 2894 2698 2963 diligenter
2717 2895 3056 2952 auscultetis:
3083 2913 3187 2951 non
3215 2899 3387 2953 solum

1805 2999 1926 3039 cum
1954 2984 2058 3039 huc
2087 2985 2294 3049 venitis,
2321 2986 2412 3041 sed
2443 2995 2495 3040 et
2525 2986 2664 3040 domi
2694 2986 2898 3041 divinos
2927 2989 3090 3044 libros
3120 2991 3172 3044 in
3203 3007 3388 3047 manus

1807 3076 2032 3139 sumite,
2059 3085 2114 3130 et
2152 3077 2428 3130 utilitatem
2465 3077 2515 3130 in
2568 3077 2671 3132 illis
2705 3079 2926 3147 positam
2979 3097 3171 3151 magno
3211 3084 3386 3140 studio

1806 3165 2076 3235 suscipite.
2110 3165 2235 3220 Inde
2267 3167 2405 3221 enim
2441 3169 2658 3222 multum
2689 3169 2817 3222 lucri
2852 3172 3085 3224 nascitur
3115 3191 3128 3226 :
3160 3174 3388 3241 primum

1806 3258 2021 3329 quidem
2069 3258 2293 3312 lectione
2333 3259 2507 3329 lingua
2557 3259 2914 3328 reformatur;
2968 3263 3159 3320 deinde
3213 3267 3386 3322 anima

1807 3351 2069 3404 excitatur
2095 3358 2150 3404 et
2175 3350 2416 3405 sublimis
2436 3350 2682 3418 efficitur,
2705 3353 3000 3424 juhareque
3025 3357 3152 3410 solis
3167 3357 3388 3426 justitiat

1807 3443 2142 3509 illustratur,
2199 3459 2399 3514 perque
2451 3452 2658 3514 tempus
2704 3446 2832 3500 illud
2883 3447 2950 3500 ab
2995 3449 3385 3506 immundarum

1809 3535 2186 3604 Cogitationum
2228 3535 2494 3590 illecebris
2538 3536 2826 3604 liberatur,
2873 3539 3039 3592 multa
3095 3545 3271 3610 quiete
3325 3559 3388 3599 ac

1811 3628 2187 3697 tranquillitate
2215 3627 2413 3683 fruens.
2447 3627 2669 3698 Insuper
2692 3629 2833 3698 quod
2862 3629 2925 3684 ad
2951 3633 3218 3702 augendas
3245 3635 3386 3691 vires

1810 3719 2047 3788 corporis
2081 3718 2346 3774 sensibilis
2385 3719 2473 3774 ille
2509 3720 2658 3773 cibus
2686 3719 2840 3784 facit,
2889 3721 2941 3775 id
2987 3723 3178 3778 animae
3227 3725 3388 3780 lectio

1809 3821 2044 3883 pnestat.
2086 3813 2369 3882 Spirituale
2410 3813 2550 3868 enim
2598 3813 2906 3868 alimentum
2952 3824 3062 3878 est,
3114 3825 3167 3870 et
3197 3816 3385 3872 fortem

1808 3905 1983 3960 reddit
2011 3905 2262 3971 animam,
2286 3915 2338 3959 et
2358 3907 2794 3970 constantiorem,
2847 3917 2900 3960 et
2929 3909 3096 3976 magis
3139 3911 3381 3980 philoso-

1810 3997 2042 4068 phicam,
2075 4013 2178 4051 non
2213 3997 2527 4066 permittens
2558 4007 2616 4053 ut
2655 3999 2723 4052 ab
2753 3997 3118 4054 affectionibus
3145 4002 3386 4057 absurdis

1809 4090 2074 4158 capiatur:
2094 4088 2185 4144 sed
2207 4089 2371 4144 levem
2391 4097 2445 4141 et
2464 4089 2655 4142 alatam
2675 4087 2896 4154 faciens,
2930 4089 2982 4143 in
3005 4090 3193 4146 caelum
3217 4094 3385 4162 ipsum

1809 4179 2191 4250 propemodum
2222 4179 2488 4234 transfert.
2533 4179 2756 4232 Tantum
2805 4179 2960 4249 igitur
2986 4180 3220 4246 lucrmn,
3250 4198 3347 4237 oro
3371 4226 3386 4249 ,

1811 4286 1879 4325 ne
1906 4286 2002 4340 per
2032 4270 2409 4340 negligentiam
2438 4270 2763 4333 amittamus,
2797 4269 2889 4322 sed
2921 4269 3079 4324 etiam
3115 4271 3256 4325 domi
3296 4289 3387 4327 va-

1811 4379 1992 4419 cemus
2019 4363 2316 4418 divinarum
2345 4361 2733 4431 Scripturarum
2775 4362 3018 4425 lectioni,
3048 4371 3102 4416 et
3140 4363 3225 4419 hic
3252 4380 3386 4434 pra:-

1811 4464 1990 4510 sentes
2027 4470 2130 4507 non
2159 4455 2210 4508 in
2247 4454 2402 4524 nugis
2442 4461 2496 4506 et
2538 4451 2812 4506 inutilibus
2849 4452 3127 4521 colloquiis
3177 4463 3385 4524 tempus

1811 4547 2141 4600 insumamus
2171 4563 2184 4600 :
2218 4544 2312 4598 sed
2341 4554 2556 4614 propter
2582 4543 2722 4613 quod
2753 4545 3118 4610 convenimus,
3150 4547 3387 4602 attenda~

1811 4651 1931 4691 mus
1972 4651 2089 4706 qua:
2119 4635 2391 4705 legantur,
2437 4643 2496 4688 ut
2537 4634 2720 4701 majori
2764 4633 2886 4688 inde
2925 4633 3096 4688 fructu
3141 4648 3389 4705 percepto

1814 4727 2088 4784 discedere
2113 4727 2287 4780 liceat.
2320 4725 2536 4792 Quodsi
2569 4724 2671 4778 huc
2698 4725 3023 4794 ingressi,ad
3057 4725 3386 4794 intempesti-

1813 4836 1910 4874 vas
1937 4829 1988 4873 et
2011 4819 2219 4873 inutiles
2237 4816 2690 4871 confalmlationes
2703 4831 2795 4868 vos
2821 4815 3093 4880 confertis,
3113 4825 3163 4869 et
3191 4818 3388 4887 absque

1813 4914 2054 4983 ampliori
2086 4911 2256 4966 fructu
2284 4909 2406 4963 hinc
2430 4908 2607 4970 abitis,
2633 4923 2748 4977 qum
2771 4907 3006 4960 utilitas?
3030 4907 3218 4960 Annon
3247 4909 3386 4962 enim

1813 5008 2099 5063 absurdum
2128 5015 2226 5067 est,
2252 5019 2343 5059 eos
2360 5004 2446 5073 qui
2478 5002 2542 5054 ad
2571 5001 2848 5054 sarculares
2877 4998 3136 5052 mmdinas
3153 5000 3386 5066 veniunt,

1814 5101 2068 5157 sollicitos
2117 5113 2235 5152 esse
2284 5105 2336 5149 ut
2369 5105 2646 5162 antequam
2679 5090 2927 5155 redeant,
2961 5090 3134 5142 omnia
3163 5107 3280 5159 qua:
3324 5110 3386 5148 ex

1815 5193 2066 5249 nundinis
2094 5196 2299 5260 oportet
2333 5187 2575 5254 capiant,
2608 5184 2730 5236 licet
2760 5181 2994 5249 pecuniae
3023 5180 3387 5249 impendenda:

1816 5286 1922 5340 sint
1949 5301 1962 5336 :
1991 5298 2083 5337 eos
2110 5291 2285 5334 autem
2315 5277 2403 5346 qui
2434 5277 2535 5329 huc
2560 5273 2625 5327 ad
2654 5271 2953 5339 spirituales
2999 5271 3092 5324 has
3129 5272 3387 5327 nundinas

1815 5379 2066 5441 veniunt,
2113 5389 2216 5427 non
2256 5385 2416 5424 omne
2463 5367 2698 5423 studium
2730 5363 3053 5434 impendere,
3085 5367 3388 5434 utacceptis

1816 5469 2061 5532 utilibus,
2113 5475 2168 5520 et
2220 5466 2270 5518 in
2319 5461 2492 5516 anima
2523 5457 2798 5528 depositis,
2840 5455 3120 5520 recedant;
3163 5457 3390 5512 maxime

1816 5579 1934 5618 cum
1973 5560 2116 5614 nullo
2142 5557 2483 5627 pecuniarum
2503 5559 2716 5622 sumptu
2741 5549 2823 5604 hic
2850 5564 2984 5618 opus
3011 5550 3112 5611 sit,
3148 5549 3239 5602 sed
3277 5550 3388 5603 ala-

1816 5655 2006 5712 critate
2032 5653 2140 5706 sola
2171 5659 2222 5704 et
2252 5653 2450 5703 attenta
2477 5642 2692 5698 mente?
2731 5639 2799 5698 Ut.
2822 5640 2978 5710 igitur
3013 5655 3078 5695 ne
3102 5639 3390 5695 deteriores

1819 5751 1984 5805 simus
2016 5746 2078 5799 iis
2105 5742 2194 5814 qui
2218 5741 2282 5795 ad
2315 5738 2594 5794 szeculares
2619 5742 2884 5789 mercatus
2907 5731 3106 5818 vadunt
3131 5771 3144 5798 ,
3177 5746 3390 5801 operam
