3804 6252
410 290 518 348 2σῶ

412 498 717 569 tuigraturis
745 497 966 559 viatica,
995 509 1114 565 qua:
1145 508 1248 546 non
1279 493 1452 547 solum
1491 484 1645 549 nobis
1691 494 1993 560 sul‘liciant,

408 589 503 644 sed
533 596 591 644 et
609 602 726 658 qua:
746 584 1085 653 suppeditare
1108 583 1373 653 possimus
1397 593 1452 638 et
1488 583 1608 638 aliis
1627 623 1645 649 ,
1690 594 1744 639 et
1773 599 1994 640 uxorem

407 677 746 749 corrigendo,
773 685 829 731 et
854 674 1110 739 famulos,
1133 683 1188 730 et
1208 674 1439 729 vicinum
1464 716 1478 739 ,
1510 684 1567 729 et
1588 677 1815 731 amicum
1837 716 1853 741 ,
1887 676 1996 731 imo

408 769 571 825 etiam
602 765 1058 822 inimicum.Talia
1085 766 1227 821 enim
1258 774 1384 822 sunt
1407 766 1701 835 spiritualia
1722 767 1993 837 dogmata,

407 872 466 917 ut
487 859 788 917 communia
814 858 1065 913 omnibus
1109 867 1501 929 proponantur,
1542 860 1792 929 nullaque
1831 859 1901 914 sit
1940 859 1992 913 in

405 955 487 1009 eis
515 952 819 1018 diversius,
852 951 953 1005 nisi
983 951 1197 1020 quando
1222 951 1339 1021 quis
1362 952 1530 1021 magis
1557 952 1811 1005 intentam
1839 952 1995 1007 all‘ert

407 1056 639 1102 mentem
661 1086 675 1110 ,
700 1054 757 1102 et
790 1044 1097 1100 l‘crveutiori
1145 1044 1414 1099 desiderio
1452 1045 1614 1099 alium
1644 1046 1990 1100 transcendit.

409 1141 592 1210 Itaque
616 1138 736 1210 quia
767 1147 970 1192 tantum
997 1146 1079 1192 est
1109 1152 1174 1192 ex
1206 1137 1304 1193 hac
1336 1137 1575 1191 doctrina
1620 1138 1824 1192 lucrum
1845 1179 1861 1202 ,
1892 1153 1992 1209 age

407 1233 565 1287 hodie
611 1233 744 1287 lecta
774 1232 824 1284 in
861 1231 1093 1285 medium
1124 1246 1517 1300 preponamus,
1548 1241 1602 1286 et
1647 1231 1816 1287 fructu
1860 1248 1997 1304 quo-

407 1327 547 1396 piam
577 1325 701 1380 inde
718 1324 964 1388 collecto,
988 1323 1205 1378 domum
1234 1324 1534 1378 redeamus.

479 1422 711 1478 Ebrietas
745 1421 855 1476 Noe
878 1420 1130 1489 quomodo
1169 1421 1398 1476 excusari
1442 1419 1634 1473 debeat.
1681 1448 1753 1461 —-
1792 1419 1882 1474 20.
1927 1417 1995 1473 Et

404 1517 569 1586 saepit,
598 1515 789 1584 inquit,
826 1511 942 1566 Noe
964 1514 1113 1567 homo
1141 1510 1367 1583 agricola
1388 1521 1554 1576 terra,
1578 1520 1623 1565 et
1647 1512 1892 1577 plantavit
1916 1512 1991 1564 oi-

404 1625 574 1675 neam,
591 1606 682 1662 2|.
700 1617 745 1660 et
772 1606 889 1659 bibit
915 1605 979 1659 de
993 1605 1187 1671 vino,et
1210 1603 1483 1659 inebriatus
1514 1612 1604 1659 est.
1623 1603 1763 1658 Vide’
1781 1612 1991 1674 quanta:

404 1702 561 1757 nobis
582 1700 825 1756 utilitatis
851 1699 1061 1753 occasio
1082 1706 1163 1753 est
1193 1696 1349 1769 hujus
1377 1697 1622 1753 lcetionis
1649 1696 1987 1767 prooemium.

402 1792 628 1863 Quando
652 1792 792 1847 enim
819 1791 1082 1855 audimus,
1101 1794 1302 1858 justum
1328 1789 1473 1843 illum
1492 1798 1545 1843 et
1562 1787 1876 1858 perlectum,
1900 1789 1991 1859 qui

405 1895 608 1940 tantum
621 1898 851 1954 superne
868 1882 1071 1951 accepit
1085 1880 1468 1947 testimonium,
1481 1880 1680 1935 bibisse
1694 1888 1748 1933 et
1764 1878 1995 1933 inebria-

406 1988 516 2031 tum
537 1992 685 2033 esse:
705 1974 975 2047 quomodo
1003 1988 1101 2028 nos
1128 1972 1372 2043 posthac,
1393 1971 1481 2042 qui
1500 1971 1662 2026 tantis
1686 1980 1742 2025 et
1770 1983 1877 2025 tam
1896 1986 1990 2024 va-

405 2071 501 2126 tiis
526 2072 759 2142 peccatis
789 2068 1023 2124 immersi
1052 2084 1255 2132 smnus,
1292 2084 1399 2122 non
1429 2082 1618 2137 magna
1644 2068 1989 2122 contentione

403 2163 659 2216 damnum
706 2160 979 2216 ebrietatis
1027 2160 1260 2230 cll'ugere
1302 2158 1687 2213 studebimus?
1738 2158 1988 2224 Quamvis

406 2269 511 2308 non
542 2253 682 2308 idem
723 2252 892 2321 ipsum
928 2251 1016 2314 sit,
1045 2250 1245 2319 justum
1283 2251 1431 2305 illum
1480 2249 1582 2305 hoc
1622 2250 1749 2305 vitio
1776 2259 1988 2320 captent

396 2346 587 2411 fuisse,
616 2353 671 2398 et
696 2359 793 2399 nos
824 2344 875 2398 in
906 2343 1043 2397 idem
1074 2343 1329 2398 incidere.
1357 2342 1515 2396 Multa
1542 2342 1683 2396 enim
1706 2350 1847 2407 sunt,
1869 2357 1991 2412 quae

402 2440 601 2508 justum
634 2438 777 2492 illutn
808 2436 963 2493 venia
1002 2437 1217 2507 dignum
1249 2436 1542 2492 declarant.
1573 2436 1701 2504 Qua:
1733 2450 1837 2489 non
1869 2436 1990 2489 dico

404 2535 552 2602 quasi
594 2533 902 2587 ebrietatem
948 2546 1234 2595 excusans,
1272 2530 1365 2585 sed
1391 2530 1762 2586 demonstrans
1788 2530 1989 2598 justum

403 2641 510 2679 non
545 2640 610 2679 ex
639 2623 1041 2693 intemperantia
1074 2664 1088 2689 ,
1119 2621 1213 2676 sed
1237 2622 1411 2689 potius
1439 2636 1504 2675 ex
1528 2620 1825 2690 ignorantia
1862 2634 1989 2689 sup-

412 2715 702 2783 plantatum
749 2712 933 2767 fuisse.
973 2712 1040 2767 Bt
1095 2711 1239 2782 quod
1284 2726 1390 2767 non
1443 2712 1515 2765 ita
1546 2710 1859 2779 simpliciter
1880 2711 1987 2764 vini

406 2809 731 2877 potationem
761 2807 1022 2862 invenerit
1044 2804 1141 2877 (a),
1176 2805 1298 2860 audi
1321 2806 1651 2874 Scripturam
1674 2806 1790 2872 ejus
1810 2804 1992 2873 apolo—

403 2902 541 2971 giatn
570 2900 903 2969 alTerentcm,
929 2913 1048 2952 cum
1074 2897 1205 2953 dicit
1232 2915 1245 2951 :
1282 2896 1349 2951 Et
1374 2897 1519 2967 erepit
1541 2896 1656 2950 Noe
1677 2897 1831 2950 homo
1852 2897 1991 2967 agri-

403 2996 514 3047 rola
544 3003 709 3059 terra,
743 3002 789 3046 et
824 2992 1069 3062 plantavit
1109 2992 1325 3055 vineam,
1350 3000 1397 3044 et
1433 2990 1552 3043 bibit
1591 2991 1652 3043 de
1678 2991 1815 3052 vino,
1838 2998 1882 3042 et
1907 2989 1986 3042 in-

404 3084 623 3139 ebriatus
649 3095 738 3137 est.
766 3082 909 3138 Istud
940 3084 1109 3153 ipsum
1140 3082 1281 3153 quod
1314 3082 1501 3153 inquit,
1545 3081 1724 3153 Coepit,
1758 3082 1992 3136 ostendit

404 3176 577 3244 ipsum
608 3175 712 3228 vini
740 3174 950 3229 bibendi
980 3174 1207 3244 primum
1241 3174 1572 3228 inventorem
1599 3176 1781 3239 fuisse,
1813 3183 1867 3228 et
1896 3187 1992 3243 per

405 3267 776 3338 ignorantiam,
803 3269 1128 3323 nescientem
1157 3270 1352 3336 justam
1396 3282 1607 3324 sumere
1660 3285 1988 3334 mensuram,

406 3364 457 3416 in
488 3361 800 3416 ebrietatem
848 3360 1118 3415 incidisse.
1174 3359 1358 3430 Neque
1406 3358 1508 3415 hoc
1546 3362 1716 3415 solum
1746 3360 1797 3414 in
1832 3376 1995 3415 causa

403 3462 506 3519 est,
539 3452 634 3509 sed
663 3452 784 3522 quia
827 3468 1016 3523 magna
1062 3452 1343 3508 tenebatur
1395 3454 1626 3518 tristitia,
1684 3462 1738 3509 ct
1789 3453 1992 3523 sihiipsi

404 3546 821 3602 consolationem
841 3546 964 3601 inde
979 3546 1287 3616 excogitare
1303 3544 1534 3614 volebat,
1554 3547 1691 3602 sicut
1710 3556 1763 3601 et
1780 3560 1833 3600 sa
1842 3547 1993 3616 piens

404 3641 621 3712 quidam
652 3640 783 3695 dicit
811 3658 823 3695 :
851 3636 986 3693 Date
1009 3641 1180 3694 vinum
1207 3640 1268 3693 iis
1294 3640 1382 3711 qui
1407 3640 1457 3693 in
1488 3641 1712 3707 tristitia,
1735 3651 1779 3694 et
1802 3657 1993 3694 merum

403 3736 467 3788 iis
508 3733 597 3804 qui
628 3733 683 3787 in
728 3733 903 3787 dolore
948 3730 1132 3805 (Prov.
1170 3733 1259 3788 3i.
1289 3733 1360 3803 6)
1394 3751 1409 3788 :
1442 3744 1743 3788 monstrans
1789 3733 1991 3788 nullum

404 3840 525 3881 esse
575 3834 683 3881 tam
735 3840 972 3896 praesens
1009 3825 1238 3879 tristitia:
1284 3825 1619 3891 remedium,
1674 3841 1831 3897 quam
1884 3825 1993 3880 vini

406 3931 559 3972 usum
597 3931 613 3982 ;
658 3924 861 3970 tantum
913 3916 1195 3972 utilitatem
1246 3916 1361 3986 ejus
1406 3918 1460 3971 ni
1501 3916 1692 3987 perdat
1736 3918 1995 3987 intempe-

406 4006 599 4061 rantia.
622 4005 773 4073 Quod
808 4016 983 4061 autem
1016 4008 1067 4062 in
1098 4007 1308 4062 tristitia
1325 4018 1377 4064 et
1393 4024 1623 4065 mterore
1642 4009 1799 4063 fuerit
1818 4009 1997 4078 justus

409 4099 523 4166 ille,
564 4098 752 4153 videns
792 4100 1025 4168 seipsum
1075 4100 1127 4154 in
1170 4110 1315 4155 tanta
1361 4101 1666 4165 solitudine,
1699 4112 1753 4157 et
1782 4104 1991 4160 illorum

408 4191 682 4247 hominum
710 4206 933 4261 corpora
978 4203 1103 4247 ante
1138 4195 1320 4247 oculos
1348 4194 1602 4264 projecta,
1630 4204 1685 4250 et
1712 4210 1994 4252 commune

407 4284 644 4339 omnium
665 4285 967 4354 sepulcrum
1001 4284 1303 4340 hominibus
1334 4297 1387 4341 et
1438 4286 1602 4343 brutis
1635 4287 1853 4355 factum,
1874 4292 1994 4363 quis

410 4376 729 4446 negaverit?
759 4375 872 4431 Mos
920 4378 1061 4432 enim
1103 4378 1480 4450 prophetarum
1509 4391 1563 4437 et
1582 4384 1846 4454 justorum
1879 4400 1995 4439 om-

412 4468 555 4521 nium
582 4477 685 4535 est,
724 4483 829 4522 non
860 4484 954 4539 pro
979 4470 1040 4523 iis
1061 4470 1335 4527 dumtaxat
1361 4473 1546 4530 dolere
1568 4518 1581 4540 ,
1611 4478 1699 4547 qui
1728 4478 1827 4532 sibi
1870 4494 1995 4550 pro-

411 4559 538 4614 ximi
566 4568 690 4614 sunt
716 4602 730 4624 ,
760 4560 853 4615 sed
884 4571 935 4615 et
964 4576 1063 4630 pro
1106 4564 1326 4634 reliquis
1367 4565 1688 4623 hominibus.
1715 4570 1781 4625 Et
1808 4571 1853 4626 si
1875 4573 1994 4643 quis

408 4664 691 4705 recensere
709 4650 853 4717 velit,
882 4650 1117 4707 inveniet
1139 4669 1326 4712 omnes
1351 4656 1489 4712 hunc
1512 4663 1993 4721 commiserationis

408 4741 657 4797 allectum
687 4759 796 4813 pra:
823 4758 881 4799 se
906 4743 1059 4806 ferre.
1077 4755 1131 4801 et
1150 4750 1330 4803 audiet
1356 4750 1545 4807 Isaiam
1566 4755 1779 4824 quidem
1810 4758 1993 4812 dicen-

408 4844 513 4887 tem
545 4850 559 4887 :
596 4831 771 4888 Nolite
797 4836 1116 4902 contendere,
1146 4849 1199 4892 ut
1238 4857 1317 4894 me
1356 4843 1686 4900 consolemini
1715 4848 1768 4901 in
1797 4850 1991 4903 contri-

405 4928 540 4981 tione
563 4926 686 4996 ﬁlite
707 4930 904 4998 generis
944 4930 1041 4983 mei
1069 4930 1219 5003 (Isai.
1248 4933 1340 4987 22.
1371 4934 1451 5005 4):
1478 4935 1761 4996 Jeremiatn
1788 4952 1989 5010 autetn,

407 5020 529 5085 Quis
565 5020 701 5074 dabit
725 5023 880 5092 capiti
910 5040 1018 5077 meo
1045 5042 1250 5098 aquam,
1280 5037 1327 5081 et
1354 5030 1513 5083 oculis
1539 5033 1660 5087 meis
1690 5038 1876 5104 fontem
1910 5038 1987 5091 la-

405 5129 691 5183 crymarum
735 5114 866 5187 (Jer.
897 5116 1076 5190 9.1)?
1122 5119 1453 5177 Ezechielem
1496 5139 1646 5191 vero,
1686 5126 1800 5183 Heu
1843 5131 1989 5199 mihi,

469 5333 632 5414 (idin
642 5338 1152 5414 ‘gricco‘legituryox,
1170 5357 1390 5414 quem,
1404 5362 1525 5414 qua
1545 5351 1740 5414 quidem
1754 5386 1767 5411 ,
1796 5352 1842 5403 si
1860 5355 1917 5403 ad
1935 5355 1996 5402 li-

406 5398 563 5475 terati:
581 5398 909 5475 intelligatuii
936 5402 1033 5452 riui
1056 5398 1342 5475 putationem
1356 5398 1645 5475 -ἐὶέὺήιίὦῖί
1663 5398 1767 5462 sed,
1789 5398 1995 5465 hic—non

404 5456 475 5526 tul
504 5453 694 5505 hterain
748 5453 870 5529 hanc
900 5453 1079 5536 'wiceu'i

404 5529 566 5597 ratqu
595 5528 691 5597 aut:
716 5528 1113 5597 t‘uit‘pututiottem
1137 5528 1407 5597 invenerit:
1428 5528 1997 5597 μα’,οιηειισίαν.ιειηιίὶλιθς

405 5579 726 5664 Ἀωιηεψμὴ
753 5579 844 5641 est,
875 5588 937 5664 ita
962 5595 1015 5636 ut
1044 5579 1223 5664 sensus

404 5648 623 5753 ἵει-ηεξ
783 5654 1028 5699 auctorem
1054 5648 1342 5717 ebrietatis
1365 5655 1477 5709 licet
1503 5648 1993 5723 prunusiuabiimu-

496 5730 508 5753 Α
630 5721 687 5753 at:
757 5743 769 5753 .

463 5720 508 5753 Ut
529 5716 769 5756 MU‘JL‘UL

1162 286 1221 346 8.
1259 285 1540 342 JUANNIS
1575 284 1992 345 CIIRYSOSTOI

2129 288 2410 345 L“C"lEP-
2451 288 2992 352 CONSTANTINOP.

418 408 605 461 ειυηιυε
625 449 638 472 ,
681 415 737 459 ιιι
771 417 1024 473 perquam
1048 399 1328 471 vigilantes
1349 400 1518 455 simus
1538 442 1553 466 ,
1580 416 1649 458 ne
1672 400 1847 456 desint
1874 402 1999 457 hinc

3590 309 3696 363 εδδ

2104 401 2338 469 Domine,
2373 405 2558 460 delebis
2606 415 2661 460 tu
2698 406 2939 479 reliquias
2984 408 3152 466 Israel
3177 414 3390 483 (Exerit.
3420 420 3471 473 9.
3512 421 3615 483 8)?
3646 436 3697 476 et

2108 496 2379 552 Danielem
2407 498 2804 567 lamentantem,
2829 504 3200 561 et'dicentem:
3232 506 3487 567 Pauculos
3510 530 3602 567 nos
3623 518 3703 584 [e-

2108 589 2220 642 cisti
2265 590 2399 643 ultra
2425 607 2598 646 omnes
2621 602 2790 662 genter
2816 593 2981 666 (Dan.
3009 598 3099 667 7):
3141 610 3197 655 et
3226 603 3409 669 Amos,
3441 602 3700 659 Paeniteat

2104 687 2173 742 te.
2198 679 2431 746 Domine,
2452 699 2603 753 super
2622 684 2717 737 Itoe
2742 684 2918 758 (Amos
2943 688 2998 742 7.
3025 689 3114 758 3):
3146 698 3201 746 et
3230 692 3494 760 Habaeuc,
3524 695 3702 763 Quare

2107 772 2367 825 ostendisti
2413 774 2536 827 nti/ti
2577 774 2771 831 labores
2795 788 2843 831 et
2882 780 3137 837 molestias
3174 783 3397 852 (.llabae.
3430 789 3482 842 1.
3517 789 3606 857 3)?
3637 802 3695 844 et

2100 862 2289 917 iterum
2310 903 2327 930 ,
2358 862 2428 917 Et
2477 867 2703 937 facturus
2749 884 2805 923 es
2848 871 3075 925 homines
3121 876 3267 944 quasi
3318 879 3479 944 pisces
3536 883 3699 934 meris

2102 951 2259 1027 (Ibid.
2290 971 2338 1008 υ.
2368 954 2479 1027 14).;
2509 965 2567 1011 et
2594 957 2804 1012 beatum
2831 958 2991 1016 istum
3022 962 3231 1018 Hosem
3262 983 3472 1037 qumque
3499 970 3693 1025 dicen-

2104 1056 2211 1102 tem
2241 1048 2421 1103 audiet
2452 1066 2467 1103 :
2496 1049 2558 1105 Si
2584 1051 2788 1118 quidem
2812 1053 3022 1109 dimittis
3046 1057 3125 1111 eis
3142 1070 3417 1127 peccatum,
3451 1063 3652 1118 dimitte
3671 1107 3689 1130 ,

2098 1139 2178 1193 sin
2198 1141 2382 1205 minus,
2414 1159 2494 1196 me
2528 1159 2721 1213 quoque
2749 1144 2861 1200 dele
2888 1145 3082 1219 (Exod.
3111 1150 3201 1205 δὲ.
3233 1152 3346 1219 32).
3378 1155 3444 1208 Et
3474 1156 3692 1221 iterum,

2096 1243 2216 1285 cum
2239 1231 2574 1299 promisisset
2601 1234 2675 1288 illi
2701 1235 2840 1290 Deus
2866 1238 3083 1307 majoris
3102 1242 3279 1311 populi
3314 1244 3687 1312 praefecturam

2096 1335 2156 1375 se
2190 1321 2505 1377 traditurum
2527 1363 2542 1389 ,
2564 1334 2620 1378 et
2660 1324 2885 1381 dixisset
2904 1367 2919 1393 ,
2947 1326 3159 1384 Dimitte
3186 1348 3290 1397 me,
3318 1343 3366 1386 et
3394 1334 3569 1389 delebo
3597 1338 3694 1389 Ito-

2095 1413 2254 1468 mines
2282 1414 2421 1478 istos,
2450 1426 2497 1470 et
2523 1417 2709 1488 faciam
2736 1427 2785 1472 te
2804 1419 2858 1472 in
2883 1430 3082 1491 gentem
3110 1439 3345 1494 magnam
3371 1426 3567 1495 (Exod.
3591 1428 3685 1482 52.

2098 1504 2186 1573 l0)
2226 1523 2241 1559 :
2292 1521 2463 1576 neque
2515 1507 2618 1562 hoc
2660 1509 2854 1576 voluit,
2901 1511 2997 1567 sed
3036 1526 3269 1583 prmesse
3316 1517 3434 1572 istis
3477 1520 3689 1575 maluit.

2099 1596 2229 1653 Item
2258 1598 2411 1655 orbis
2442 1600 2634 1658 doctor
2667 1601 2855 1659 beatus
2884 1604 3077 1661 Paulus
3109 1625 3124 1661 :
3160 1607 3411 1680 Optabam
3450 1613 3559 1680 ipse
3595 1630 3695 1682 ego

2094 1690 2365 1745 anathema
2406 1708 2514 1747 esse
2552 1710 2585 1747 a
2631 1692 2841 1749 Christo
2878 1713 2973 1767 pro
3019 1700 3431 1770 fratribunteis,
3458 1706 3690 1774 cognatis

2094 1783 2219 1836 meis
2239 1783 2513 1837 secundum
2539 1800 2742 1840 carnem
2765 1786 2945 1857 (Rom.
2974 1789 3028 1843 9.
3055 1789 3136 1862 ὅ).

2167 1875 2221 1930 5.
2256 1873 2474 1930 Vidistis
2491 1878 2760 1947 quomodo
2779 1880 2904 1948 justi
2924 1895 3113 1937 omnes
3132 1898 3375 1955 magnam
3401 1889 3695 1943 commise-

2094 1969 2354 2024 rationem
2382 1984 2507 2040 erga
2533 1972 2812 2041 proximos
2838 1988 2949 2043 prae
2971 1988 3030 2029 se
3056 1975 3316 2032 terebant.
3342 1976 3689 2036 Considerate

2095 2076 2237 2117 nunc
2286 2063 2552 2133 quomodo
2598 2074 2653 2120 et
2688 2065 2862 2135 justus
2891 2066 2980 2122 ille
3010 2083 3071 2123 se
3100 2068 3344 2125 habuerit
3368 2112 3384 2137 ,
3415 2073 3693 2142 quomodo

2094 2154 2385 2211 verisimile
2425 2165 2508 2211 est
2543 2172 2667 2211 eum
2707 2157 2869 2214 fuisse
2920 2158 3207 2228 aﬂ‘ectum;
3250 2172 3307 2218 et
3344 2166 3612 2236 quomodo
3655 2183 3687 2221 a

2094 2247 2301 2305 tristitia
2338 2249 2758 2320 doprimeretur,
2795 2268 2915 2307 eum
2960 2255 3166 2311 videret
3206 2265 3312 2311 tam
3368 2259 3683 2313 immensam

2094 2340 2452 2406 solitudinem,
2503 2351 2556 2396 et
2594 2350 2789 2397 terram
2822 2344 2986 2409 illam,
3022 2361 3141 2416 quae
3180 2356 3331 2402 antea
3374 2359 3478 2402 tam
3523 2350 3685 2403 variis

2093 2431 2390 2486 luxuriabat
2412 2432 2625 2502 plantis,
2640 2442 2693 2489 et
2709 2434 2929 2489 ﬂoribus
2950 2436 3256 2505 ornabatur,
3287 2449 3506 2508 repente
3531 2442 3693 2510 quasi

2094 2523 2371 2593 spoliatam
2418 2526 2584 2579 comis
2620 2536 2670 2581 et
2709 2527 2901 2581 nudam
2935 2538 2989 2583 et
3032 2529 3342 2585 solitariam.
3386 2531 3521 2586 Cum
3557 2547 3687 2603 ergo

2098 2625 2204 2670 tam
2236 2617 2529 2672 invaluerat
2560 2633 2781 2685 mceror,
2813 2637 3026 2691 parvam
3056 2626 3338 2692 quamdam
3368 2626 3463 2679 sibi
3494 2642 3687 2680 conso-

2095 2706 2344 2763 lationem
2375 2711 2680 2780 exeogitans
2700 2754 2715 2777 ,
2747 2722 2901 2768 terrre
2930 2714 3171 2769 colenda:
3210 2730 3328 2770 sese
3354 2717 3557 2773 dedidit
3586 2736 3602 2772 :
3630 2730 3689 2773 et

2094 2799 2292 2853 idcirco
2320 2802 2412 2861 ait.
2446 2800 2510 2854 Et
2536 2803 2685 2871 carpit
2719 2800 2832 2858 Nee
2852 2806 3002 2859 homo
3026 2806 3250 2877 agricola
3275 2818 3449 2874 terra,
3468 2821 3513 2863 et
3545 2812 3685 2879 plan-

2097 2896 2217 2945 tatut
2243 2893 2456 2947 vineam.

2169 2983 2308 3039 Num
2343 2986 2581 3039 invenerit
2628 2987 2777 3041 vitam
2807 2987 2942 3043 Nae.
2974 3019 3047 3035 -—
3080 2989 3323 3062 Sedljure
3365 2992 3451 3048 hic
3483 2995 3681 3065 quaeri-

2098 3084 2203 3142 tur,
2231 3090 2297 3128 an
2327 3074 2441 3145 ipse
2471 3093 2611 3132 nunc
2652 3078 2891 3148 plantam
2917 3082 3199 3149 invenerit,
3229 3084 3315 3139 vel
3346 3096 3498 3139 antea
3525 3098 3584 3141 et
3612 3087 3679 3142 ab

2095 3168 2246 3224 initio
2275 3169 2430 3223 fuerit
2460 3168 2734 3238 producta.
2759 3171 3060 3231 Verisimile
3089 3186 3171 3230 est
3196 3190 3315 3231 eam
3346 3187 3499 3231 antea
3528 3186 3588 3233 et
3615 3179 3683 3232 ab

2096 3260 2245 3315 initio
2268 3258 2431 3315 fuisse
2458 3262 2508 3315 in
2540 3277 2633 3315 sex
2661 3262 2765 3318 illis
2784 3263 2972 3319 diebus
2999 3277 3257 3334 creatam,
3287 3270 3501 3337 quando
3539 3269 3681 3323 Vidit

2096 3350 2234 3404 Deus
2254 3354 2423 3406 omnia
2450 3369 2565 3425 qua:
2584 3354 2722 3423 fecit,
2741 3364 2787 3408 et
2812 3368 2959 3411 erant
2985 3358 3130 3413 valde
3152 3359 3284 3414 bona
3311 3359 3461 3433 (Gen.
3496 3365 3545 3417 l.
3570 3364 3684 3434 3|).

2098 3445 2322 3513 (Quievit
2342 3446 2505 3511 enim,
2533 3446 2743 3504 dicente
2786 3449 3088 3521 Scriptura,
3112 3454 3247 3509 Deus
3272 3456 3355 3510 die
3381 3459 3599 3527 septimo
3626 3462 3689 3513 ab

2095 3537 2326 3592 omnibus
2348 3540 2583 3606 operibus
2606 3542 2713 3595 suis
2730 3558 2842 3611 qua
2867 3545 2985 3614 fecit
3002 3543 3151 3617 (Gen.
3176 3547 3241 3602 2.
3251 3547 3365 3621 2]):
3391 3566 3489 3605 nec
3505 3560 3688 3607 tamen

2096 3643 2250 3682 usum
2273 3627 2476 3684 fructus
2499 3646 2569 3685 ex
2600 3632 2685 3686 illa
2712 3634 3049 3691 manifestum
3065 3637 3247 3696 fuisse.
3272 3640 3403 3696 Nam
3424 3645 3471 3697 si
3492 3643 3684 3699 luisset

2096 3717 2165 3772 ab
2204 3719 2357 3775 initio
2401 3729 2577 3785 notus,
2619 3723 2839 3777 omnino
2888 3726 3021 3782 Abel
3066 3728 3207 3784 inter
3242 3731 3449 3786 oblatas
3483 3732 3687 3789 hostias

2098 3809 2256 3863 etiam
2281 3812 2463 3866 vinum
2502 3812 2738 3872 libasset.
2766 3816 2962 3872 Verum
2991 3820 3111 3890 quia
3145 3822 3458 3893 ignorabant
3506 3826 3691 3883 adhne

2098 3902 2303 3960 fructus
2352 3922 2534 3973 usum,
2583 3909 2761 3978 planta
2808 3908 2908 3966 hac
2937 3913 3015 3968 usi
3056 3929 3159 3969 non
3203 3925 3344 3971 sunt.
3382 3917 3479 3974 llic
3506 3930 3693 3977 autem

2097 3996 2433 4065 agricultum
2463 3998 2752 4068 studiosus,
2786 4011 2849 4058 et
2868 4018 3071 4075 magnae
3100 4006 3387 4079 diligentia:
3415 4011 3516 4077 vir,
3548 4014 3687 4068 forte

2098 4087 2257 4142 etiam
2291 4088 2517 4143 fructum
2548 4090 2870 4162 degustavit,
2918 4105 2972 4150 ct
3013 4100 3255 4155 contritis
3306 4101 3476 4159 botris
3505 4104 3684 4160 viuum

2099 4179 2244 4245 fecit,
2277 4195 2449 4251 eoque
2477 4199 2603 4238 usus
2626 4193 2728 4239 est.
2758 4186 2823 4241 Et
2850 4189 2971 4258 quia
3006 4205 3179 4260 neque
3223 4195 3336 4264 ipse
3380 4206 3688 4265 gustaverat

2100 4273 2275 4342 prius,
2327 4289 2503 4344 neque
2539 4277 2700 4333 alium
2722 4281 2923 4335 sciebat
2960 4284 3048 4352 qui
3097 4288 3435 4355 gustavisset,
3471 4290 3687 4361 ignarus

2101 4380 2202 4433 qua
2236 4380 2483 4421 mensura
2511 4378 2565 4423 et
2587 4383 2689 4439 qna
2721 4370 2928 4428 ratione
2954 4370 3296 4443 utidebebat,
3323 4394 3417 4449 per
3438 4380 3686 4451 ignoran-

2104 4459 2233 4512 tiam
2258 4459 2307 4513 in
2333 4459 2646 4515 ebrietatem
2679 4464 2878 4519 incidit.
2914 4465 3198 4537 Przcterea,
3228 4472 3477 4542 quoniam
3510 4478 3689 4531 carnis

2100 4564 2227 4605 esus
2251 4549 2303 4607 in
2331 4552 2490 4606 vitam
2512 4554 2647 4609 hanc
2666 4556 3001 4616 introductus
3022 4560 3138 4623 fuit,
3168 4574 3346 4633 postea
3373 4575 3427 4619 et
3451 4568 3563 4621 vini
3594 4584 3683 4637 po-

2102 4650 2186 4697 tus
2211 4644 2456 4697 accessit.
2504 4645 2633 4700 Vide
2659 4656 2857 4713 autem,
2885 4651 3094 4715 dilecte.
3124 4656 3393 4723 quomodo
3422 4659 3679 4726 paulatim

2100 4736 2284 4790 mundi
2327 4736 2635 4793 constitutio
2672 4740 3016 4812 dispensetur
3045 4745 3197 4817 (Gen.
3227 4747 3304 4820 4),
3336 4758 3389 4802 et
3433 4752 3685 4819 quilibet,

2099 4827 2390 4882 secundum
2432 4830 2741 4899 sapientiam
2782 4849 2809 4886 a
2852 4836 2960 4891 Deo
2995 4849 3197 4892 natura:
3240 4840 3457 4893 inditam
3484 4884 3502 4908 ,
3536 4843 3684 4897 initio

2101 4921 2234 4973 artis
2257 4921 2480 4990 alicujus
2510 4923 2756 4980 inventor
2783 4926 2854 4980 sit
2885 4943 2900 4981 :
2937 4927 3017 4983 sic
3055 4931 3106 4983 in
3137 4929 3274 4985 hanc
3301 4932 3464 4986 vitam
3488 4934 3687 4988 artium

2100 5011 2269 5064 studia
2301 5022 2424 5067 sunt
2447 5014 2769 5070 introducta.
2804 5017 3013 5075 Primus
3032 5022 3174 5075 enim
3196 5023 3571 5092 agriculturam
3601 5026 3680 5081 in-

2098 5104 2265 5169 venit,
2290 5105 2556 5160 secuudus
2576 5116 2743 5163 artem
2772 5112 3109 5179 pastoralem,
3132 5112 3264 5169 alius
3281 5118 3687 5182 armentariam,

2098 5195 2235 5250 alius
2258 5195 2542 5265 musicam,
2556 5198 2695 5254 alius
2721 5200 2999 5257 fabrilem:
3021 5203 3107 5259 hic
3122 5214 3298 5260 autem
3323 5205 3502 5274 justus
3518 5208 3681 5265 vineae

2103 5287 2342 5343 colenda:
2371 5299 2540 5346 artem
2568 5294 2799 5348 naturali
2817 5295 3032 5349 solertia
3059 5298 3399 5368 excogitavit.
3430 5297 3496 5353 Et
3517 5303 3681 5372 carpit,

2106 5378 2295 5447 inquit,
2333 5377 2450 5433 Noe
2482 5382 2633 5436 homo
2656 5385 2882 5455 agricola
2922 5396 3087 5453 terra,
3116 5398 3162 5440 et
3201 5388 3446 5459 plantavit
3474 5392 3682 5459 vineam,

2103 5480 2151 5524 et
2182 5471 2301 5525 bibit
2343 5489 2371 5526 e
2397 5474 2533 5541 uino,
2568 5484 2617 5529 et
2660 5478 2936 5532 inebriatus
2958 5489 3051 5533 est.
3073 5479 3256 5551 ϐοείη
3282 5485 3554 5551 quomodo
3591 5486 3684 5541 hoe

2103 5563 2332 5619 tristitite
2355 5567 2827 5636 medicamentum,
2857 5573 3063 5627 sanitati
3110 5574 3359 5643 parando:
3395 5588 3596 5646 aptum,
3641 5578 3682 5632 ei

2103 5656 2190 5723 qui
2224 5657 2436 5711 modum
2471 5675 2564 5727 per
2602 5661 2952 5730 ignorantiam
2997 5666 3344 5731 transcendit,
3380 5686 3484 5726 non
3516 5672 3683 5727 satum

2111 5748 2241 5804 nihil
2270 5752 2486 5823 proruit.
2514 5753 2608 5810 sed
2630 5764 2683 5811 et
2702 5764 2897 5811 statum
2925 5756 3038 5823 ejus
3064 5756 3305 5813 cll‘endit.
