3760 6270
347 266 455 324 285

430 379 570 434 Ἀλλ’
603 379 733 444 ἴσως
762 378 903 433 εῖποι
931 395 1016 441 τις
1048 377 1112 432 ἄν
1131 393 1147 408 '
1201 377 1310 431 Καὶ
1341 375 1485 439 τίνος
1516 376 1698 429 ἕνεκεν
1741 371 2009 426 τοσούτων

351 465 500 539 [284]
537 467 702 538 γέμον
731 468 914 520 κακῶν
948 465 1113 535 φυτὸν
1160 465 1239 526 εἰς
1284 463 1373 516 τὸν
1408 462 1518 532 βίον
1573 461 1891 534 εἰσηνέχθης
1919 457 2010 530 Μὴ

347 555 535 617 ἁπλῶς
559 555 626 608 τὰ
653 555 871 607 ἐπιόντα
903 552 1157 622 φθέγγου,
1194 550 1467 620 ἄνθρωπε.
1503 550 1576 602 Οὐ
1604 549 1712 618 γὰρ
1758 548 1819 600 τὸ
1847 545 2010 616 φυτὸν

348 642 535 705 κακὸν,
551 640 676 693 οὔτε
699 641 726 692 δ
747 637 886 702 οἶνος
911 639 1166 709 πονηρὸν,
1190 637 1355 707 ἀλλ’ἢ
1389 637 1537 706 παρά
1567 637 1629 688 τὸ
1655 635 1769 688 δέον
1794 634 2006 704 χρῆσις.

351 729 472 780 Ὅτι
503 727 610 797 γὰρ
645 727 705 779 οὐ
741 727 891 797 παρά
919 727 1008 778 τὸν
1031 722 1172 778 οἶνον
1200 723 1267 776 τά
1292 725 1659 794 ἁμαρτήματα
1684 721 1753 774 τὰ
1794 721 2010 792 ὀλέθρια

345 813 604 876 τίκτεται,
632 813 765 865 ἀλλὰ
793 813 943 884 παρά
971 812 1069 883 τὴν
1103 810 1498 881 διεφθαρμένην
1537 808 1778 879 γνώμην,
1814 809 1906 860 καὶ
1933 806 2009 877 τῷ

343 901 408 969 τῇ
433 899 668 970 ἀμετρία
695 899 1049 968 λυμαίνεσθαι
1075 899 1173 968 τὴν
1195 899 1258 949 ἐκ
1280 897 1466 949 τούτου
1491 895 1844 964 ἐγγινομένην
1874 895 2011 962 ώφέ-

344 985 492 1038 λειαν
514 1003 527 1016 ο
558 986 644 1039 διά
673 987 827 1039 τοῦτο
857 985 950 1038 νῦν
985 987 1122 1056 μετά
1149 987 1240 1038 τὸν
1262 984 1641 1054 κατακλυσμὸν
1663 983 1898 1035 δείκνυσί
1928 998 2008 1034 σοι

342 1072 436 1126 τοῦ
464 1073 604 1125 οἴνου
640 1074 734 1143 τὴν
768 1076 982 1144 χρῆσιν,
1042 1074 1126 1125 ἵνα
1156 1073 1332 1145 μάθῃς
1365 1073 1444 1124 ὅτι
1500 1074 1592 1123 καὶ
1625 1075 1730 1140 πρὸ
1774 1070 1872 1138 τῆς
1913 1066 2008 1121 τοῦ

342 1159 486 1214 οἴνου
519 1162 765 1231 χρήσεως
787 1161 880 1212 καί
909 1162 988 1222 εἰς
1009 1160 1294 1226 ἀσέλγειαν
1321 1157 1761 1227 ὑπερϐάλλουσαν
1797 1155 2011 1219 ἐξώκει-

341 1245 432 1300 λεν
459 1249 492 1318 ἡ
516 1247 625 1300 τῶν
645 1246 944 1316 ἀνθρώπων
974 1247 1152 1314 φύσις,
1190 1248 1281 1299 καὶ
1307 1246 1504 1316 πολλὴν
1541 1245 1646 1297 τῶν
1680 1245 2009 1315 ἁμαρτημά-

344 1349 453 1386 των
479 1335 577 1403 τὴν
614 1334 862 1388 ἐπίτασιν
892 1334 1219 1397 ἐπεδείξατο,
1251 1335 1344 1387 καὶ¹
1378 1333 1549 1385 ταῦτα
1581 1335 1722 1385 οἴνου
1759 1331 2006 1402 μηδαμοῦ

346 1421 668 1490 φαινομένου
689 1437 700 1448 ·
743 1421 828 1473 ἵνα
853 1422 943 1473 καί
968 1421 1094 1474 ὅταν
1128 1421 1240 1491 ἴδῃς
1265 1421 1362 1491 τὴν
1391 1419 1482 1472 τοῦ
1514 1421 1654 1472 οῖνου
1681 1419 1896 1488 χρῆσιν,
1934 1417 2006 1489 μὴ

341 1505 419 1570 τῷ
443 1507 568 1576 οἴνῳ
598 1506 660 1559 τὺ
679 1508 785 1559 πᾶν
823 1506 1030 1579 λογίσῃ,
1059 1506 1193 1559 ἀλλά
1219 1509 1284 1577 τῇ
1320 1505 1630 1577 προαιρέσει
1665 1508 1730 1576 τῇ
1757 1504 2010 1576 διεφθαρ-

345 1592 502 1665 μένῃ,
533 1594 627 1646 καὶ
679 1595 816 1664 πρὸς
860 1595 958 1665 τὴν
993 1594 1190 1647 κακίαν
1221 1594 1658 1664 αὐτομολησάσῃ.
1698 1593 1904 1655 Ἀλλως
1951 1591 2006 1645 δὲ

343 1682 436 1735 καὶ
475 1683 722 1752 ἐννόησον
757 1681 860 1734 ποῦ
895 1684 1166 1753 χρήσιμος
1190 1683 1410 1751 γέγονεν
1443 1685 1470 1734 ὁ
1496 1678 1656 1746 οἶνος,
1679 1682 1771 1733 καὶ
1797 1681 2002 1750 φρίξον,

343 1766 614 1838 ἄνθρωπε.
646 1769 710 1822 Ἡ
734 1769 838 1837 γὰρ
861 1769 1116 1832 ὑπόθεσις
1142 1771 1238 1838 τῆς
1258 1769 1525 1840 σωτηρίας
1553 1769 1708 1839 ήμῶν
1733 1768 1842 1821 τῶν
1866 1770 2004 1835 ἀγα-

341 1855 450 1908 θῶν
477 1855 564 1909 διὰ
590 1855 777 1908 τούτου
812 1857 1064 1909 τελεῖται.
1102 1859 1309 1909 Ἴσασιν
1334 1859 1379 1909 οί
1409 1857 1746 1927 μεμυημένοι
1779 1856 1838 1908 τὸ
1864 1856 2007 1924 λεγό-

343 1960 519 2012 μενον.
550 1945 655 1998 Καὶ
685 1944 906 2013 ἤρξατο
950 1945 1113 2010 Νῶε,
1167 1947 1351 2015 φησὶν,
1409 1946 1715 2012 ἄνθρωπος
1755 1944 2005 2014 γεωργὸς

339 2028 472 2098 γῆς,
519 2033 617 2086 καί
672 2032 1005 2100 ἐφύτευσεν
1037 2031 1394 2101 ἀμπελῶνα,
1443 2032 1539 2087 καὶ
1587 2033 1756 2084 ἔπιεν
1801 2033 1870 2085 ἐκ
1900 2032 2005 2084 τοῦ

337 2114 527 2180 οινου,
552 2116 648 2169 καί
684 2118 1004 2186 ἐμεθύσθη,
1035 2117 1133 2172 καὶ
1161 2118 1470 2187 ἐγυμνώθη
1514 2119 1582 2170 ἐν
1619 2117 1698 2182 τῷ
1726 2117 1867 2183 οἴκῳ
1897 2120 2003 2170 αὐ-

337 2201 464 2255 τοῦ.
496 2204 676 2257 Δεινὺν
703 2205 828 2276 γὰρ,
877 2204 1070 2269 δεινὸν,
1118 2205 1390 2273 ἀγαπητέ,
1428 2206 1460 2274 ἡ
1492 2203 1650 2275 μέθη,
1695 2205 1790 2256 καὶ
1847 2205 2005 2276 ἱκανὴ

338 2289 594 2360 πηρῶσαι
622 2291 718 2354 τὰς
742 2291 1038 2363 αἰσθήσεις,
1071 2292 1163 2345 καὶ
1188 2291 1586 2344 καταϐαπτίσαι
1610 2291 1699 2343 τὸν
1725 2291 2002 2362 λογισμόν.

338 2375 443 2427 Τὸν
472 2375 580 2446 γάρ
601 2376 815 2444 λογικὸν
838 2377 1142 2448 ἄνθρωπον,
1173 2378 1267 2430 καί
1290 2378 1386 2447 τὴν
1417 2376 1558 2430 κατά
1580 2376 1794 2430 πάντων
1833 2376 2004 2448 ἀρχὴν

337 2462 778 2534 ἀναδεδεγμένον,
803 2465 1048 2536 καθάπερ
1066 2464 1255 2536 νεκρὸν
1279 2465 1373 2518 καί
1393 2465 1770 2537 ἀνενέργητον,
1789 2465 2006 2534 δεσμοῖς

337 2565 478 2602 τισιν
505 2550 719 2614 ἀλύτοις
761 2553 1040 2623 πεδήσασα
1077 2551 1287 2606 κεῖσθαι
1324 2552 1757 2623 παρασκευάζει·
1808 2552 2004 2622 μᾶλλον

335 2635 394 2690 δὲ
422 2640 514 2691 καὶ
544 2639 739 2708 νεκροῦ
769 2643 968 2711 χεῖρον.
1014 2642 1073 2694 '0
1102 2641 1199 2711 μὲν
1228 2641 1335 2712 γὰρ
1358 2641 1450 2693 καὶ
1479 2641 1613 2711 πρὸς
1641 2640 1707 2693 τά
1738 2639 1876 2693 καλά
1912 2640 2004 2692 καὶ

337 2723 472 2794 πρὸς
493 2725 559 2778 τὰ
582 2727 725 2780 κακά
763 2729 1119 2798 ἀνενέργητος
1167 2729 1442 2797 τυγχάνει,
1470 2723 1621 2790 οὗτος
1656 2726 1712 2780 δέ
1744 2729 1878 2798 πρὸς
1906 2728 2003 2797 μὲν

335 2810 404 2864 τά
428 2812 568 2866 καλά
600 2815 980 2886 ἀνενέργητος,
1018 2815 1152 2885 πρὸς
1180 2815 1236 2867 δέ
1263 2815 1330 2867 τὰ
1364 2815 1509 2867 κακὰ
1538 2813 1734 2884 μᾶλλον
1770 2815 2000 2883 ἐνεργεῖ,

336 2900 430 2952 καὶ
461 2901 637 2964 κοινὸς
682 2904 814 2955 πᾶσι
855 2903 1027 2970 γέλως
1074 2903 1380 2971 πρόκειται,
1439 2902 1532 2954 καὶ
1562 2904 1625 2971 τῇ
1666 2902 1885 2970 γυναικὶ
1913 2902 2003 2954 καί

335 2987 449 3050 τοῖς
485 2989 716 3052 παιδίοις
746 2991 840 3043 καὶ
864 2991 1046 3053 αὐτοῖς
1069 2994 1180 3052 τοῖς
1208 2990 1463 3052 οἰκέταις.
1501 2990 1563 3041 Ol
1599 2989 1694 3058 μὲν
1719 2989 1827 3059 γὰρ
1863 2990 2003 3058 φίλοι

333 3073 540 3126 οἰκείαν
571 3074 669 3146 τὴν
722 3075 981 3148 αἰσχύνην
1037 3075 1372 3146 λογιζόμενοι
1430 3075 1876 3142 ἐγκαλύπτονται,
1911 3076 2003 3128 καὶ

336 3161 702 3230 αἰσχύνονται,
737 3165 786 3216 οἰ
817 3165 874 3216 δὲ
904 3163 1085 3235 ἐχθροὶ
1123 3164 1406 3234 ἐφήδονται
1438 3163 1530 3214 καὶ
1562 3163 1877 3232 κωμῳδοῦσι
1910 3165 2002 3216 καὶ

336 3247 667 3317 ὲπαρῶνται,
701 3251 977 3319 μονονουχί
997 3250 1167 3303 ταῦτα
1189 3250 1436 3317 λέγοντες
1467 3250 1534 3302 τὰ
1585 3252 1800 3321 ῥήματα
1826 3267 1841 3280 ο
1875 3250 2003 3303 τοῦ-

336 3351 426 3386 τον
447 3335 526 3388 δεῖ
555 3336 812 3390 ἀναπνεῖν
843 3337 932 3391 τὸν
963 3338 1129 3409 ἀέρα;
1160 3339 1222 3390 τὸ
1256 3338 1525 3408 βόσκημα,
1557 3338 1647 3391 τὸν
1675 3342 1877 3409 χοῖρον,
1909 3341 2001 3392 καὶ

335 3420 416 3475 ἔτι
445 3423 645 3476 τούτων
674 3424 1028 3494 χαλεπώτερα
1061 3425 1440 3495 φθεγγόμενοι.
1468 3426 1587 3478 Τῶν
1615 3425 1722 3496 γάρ
1756 3427 1863 3480 ἀπὸ
1896 3426 2000 3480 τῶν

339 3510 589 3579 πολέμων
617 3511 1036 3580 ἐπανελθόντων,
1063 3513 1156 3567 καί
1183 3514 1280 3576 τάς
1307 3516 1494 3584 χεῖρας
1518 3516 1838 3584 ᾑμαγμένας
1862 3514 2004 3585 ἐχόνο

335 3613 462 3662 των,
511 3600 601 3651 καὶ
650 3599 888 3670 φοράδην
936 3600 1217 3671 ἀγομένων
1265 3602 1442 3670 χεῖρον
1487 3597 1629 3654 οὗτοι
1681 3601 1997 3656 διάκεινται.

347 3683 616 3750 Ἐκείνους
645 3687 746 3757 μέν
776 3687 881 3759 γὰρ
913 3689 1040 3751 ἴσως
1062 3687 1153 3741 καὶ
1173 3687 1607 3758 ἐγκωμιάζουσιν
1629 3691 1676 3741 οἰ
1713 3689 1894 3742 πολλοὶ
1916 3691 2002 3743 διά

332 3773 402 3826 τά
432 3774 699 3844 τρόπαια,
743 3775 829 3830 διὰ
853 3787 856 3791 ’
878 3776 973 3839 τὰς
1017 3777 1192 3839 νίκας,
1227 3776 1313 3830 διὰ
1350 3777 1418 3829 τὰ
1446 3776 1731 3848 τραύματα
1782 3779 1873 3831 καὶ
1903 3778 2000 3842 τὰς

335 3857 579 3924 σφαγάςο
611 3857 852 3922 ,τούτους
895 3860 951 3912 δὲ
983 3861 1378 3925 ταλανίζουσιν,
1399 3860 1614 3923 ἀθλίους
1644 3861 1996 3927 ἀποκαλοῦσι,

336 3944 503 4014 μυρία
522 3946 703 4008 αὐτοῖς
725 3947 1034 4016 ἐπαρῶνται
1060 3947 1224 4000 κακά.
1258 3948 1322 4000 Τί
1351 3947 1457 4019 γὰρ
1481 3949 1545 4000 ἂν
1561 3949 1645 4018 εἴη
1677 3947 2000 4019 ἀθλιώτερον

332 4030 426 4083 τοῦ
456 4035 522 4102 τῇ
547 4033 686 4105 μέθῃ
721 4034 1164 4104 προσηλωμένου,
1199 4036 1293 4088 καὶ
1347 4036 1469 4088 καθ’
1511 4035 1748 4106 ἑκάστην
1786 4037 1999 4108 ἡμέραν

331 4118 424 4170 τὸν
447 4119 683 4189 ἄκρατον
709 4121 1057 4190 ἐκχεομένου,
1083 4122 1177 4175 καὶ
1203 4121 1310 4175 τῶν
1336 4122 1613 4193 λογισμῶν
1633 4123 1694 4176 τὸ
1720 4126 1998 4194 κριτήριον

329 4204 769 4276 διαφθείροντος;
800 4208 896 4260 Διά
923 4207 1079 4262 τοῦτο
1101 4209 1194 4262 καί⁵
1217 4211 1379 4280 σοφός
1404 4228 1484 4273 τις
1516 4211 1751 4282 παρῄνει
1781 4211 1952 4279 λέγων
1979 4231 1995 4246 ο

343 4292 514 4361 Ἀρχὴ
539 4290 688 4361 (toﬁ;
710 4295 1021 4362 ἀνθρώπου
1051 4297 1230 4365 ἄρτος
1262 4297 1358 4351 καί
1403 4297 1557 4364 ὕδωρ
1594 4299 1690 4351 καί
1745 4298 1993 4367 ἱμάτιον,

331 4380 429 4433 καί
456 4376 622 4446 οἰκος
646 4383 966 4436 καλύπτων
991 4385 1464 4454 ἀσχημοσύνην,
1506 4387 1592 4438 ἵνα
1642 4386 1746 4439 κᾶν
1777 4387 1887 4457 άλῷ
1913 4405 1996 4452 τις

331 4468 436 4521 ὑπὸ
465 4469 565 4539 τῆς
593 4468 782 4540 μέθης,
817 4471 890 4542 μὴ
926 4471 1368 4544 ἐκπομπεύηται,
1424 4473 1558 4544 μηδέ
1583 4473 1992 4547 δημοσιεύηται,

328 4560 464 4614 ἀλλά
495 4560 588 4613 καὶ
611 4560 717 4613 ὑπὸ
741 4560 851 4612 τῶν
877 4561 1090 4614 οἰκείων
1113 4563 1532 4635 περιστέλληται
1555 4604 1568 4628 ,
1603 4565 1698 4617 καὶ
1749 4565 1822 4634 μὴ
1859 4582 1994 4636 προ-

329 4651 522 4719 κέηται
553 4649 685 4701 πᾶσι
729 4649 964 4718 γέλωτος
1007 4653 1098 4705 κα)¹
1142 4651 1531 4723 ἀσχημοσύνης
1576 4653 1849 4718 ὑπόθεσις.
1883 4655 1992 4710 Kal

327 4736 571 4805 ἤρξατο,
598 4738 750 4808 φησὶ,
785 4738 914 4791 Νῶε
939 4739 1248 4807 ἅνθρωπος
1277 4742 1529 4810 γεωργὸς
1558 4741 1687 4811 γῆς,
1717 4743 1814 4795 καί
1853 4743 1995 4811 ἐρύ-

323 4841 543 4880 τευσεν
564 4824 910 4894 ἀμπελῶνα,
937 4828 1032 4881 καὶ
1063 4827 1232 4881 ἔπιεν
1254 4829 1322 4882 ἐκ
1344 4829 1449 4882 τοῦ
1478 4831 1681 4894 οἴνου,
1721 4831 1819 4884 καί
1857 4832 1991 4900 ἐμε-

325 4915 545 4982 θύσθη.

394 5001 456 5055 δ’.
483 5002 557 5055 Τὸ
568 5002 666 5073 τῆς
684 5002 856 5074 μέθης
872 5004 1064 5074 ὄνομα,
1084 5005 1355 5078 ἀγαπητέ,
1380 5007 1471 5059 ἐπὶ
1487 5006 1585 5076 τῆς
1600 5008 1757 5077 ἁγίας
1770 5010 1991 5081 Γραφῆς

321 5090 383 5143 οὐ
412 5090 682 5161 πανταχοῦ
741 5092 833 5145 ἐπὶ
867 5092 1056 5146 τούτου
1100 5094 1334 5165 εἴρηται,
1384 5095 1520 5149 ἀλλά
1578 5103 1670 5151 καὶ
1707 5101 1855 5173 [285]
1899 5101 1991 5155 ἐπὶ

323 5180 662 5251 πλησμονῆς.
698 5179 866 5234 Τοῦτο
915 5175 1006 5235 οὖν
1039 5179 1105 5235 ἄν
1137 5199 1220 5245 τις
1253 5182 1396 5235 εἴποι
1447 5186 1573 5256 περί
1637 5188 1730 5241 τοῦ
1779 5189 1989 5243 δικαίου

324 5267 533 5330 τούτου,
568 5269 648 5322 ὅτι
686 5269 746 5321 οὑ
779 5268 846 5322 δι’
880 5269 1150 5341 ἀκρασίαν
1178 5271 1259 5334 εἰς
1290 5272 1389 5343 τὴν
1445 5273 1617 5346 μέθην
1655 5277 1987 5341 κατέπεσεν,

323 5355 435 5407 ἀλλ’
463 5357 498 5426 ή
521 5353 804 5428 πλησμονὴ
833 5356 992 5410 τοῦτο
1021 5357 1169 5429 αὐτῷ
1192 5359 1504 5430 εἰργάσατο.
1543 5364 1738 5416 Ἀκουε
1767 5367 1834 5435 γᾶ
1844 5383 1872 5437 ρ
1896 5367 1988 5420 τοῦ

322 5436 486 5490 Δαυῒδ
540 5437 788 5506 λέγοντος
809 5457 822 5471 ·
877 5441 1374 5508 Μεθυσθήσονται
1405 5445 1523 5500 ἀπὸ
1552 5444 1659 5513 τῆς
1708 5436 1990 5517 πιότητος
2026 5494 2031 5499 .

320 5523 428 5578 τοῦ
448 5525 618 5579 οἷκου
664 5540 802 5591 σου,
857 5527 980 5580 ἀντὶ
1015 5529 1132 5596 τοῦ,
1163 5529 1581 5602 πλησθήσονται.
1615 5535 1822 5599 ’Λλλως
1851 5537 1906 5589 δὲ
1938 5539 1987 5590 οἰ

320 5614 388 5684 τῇ
423 5610 560 5682 μέθῃ
585 5603 808 5676 ἑαυτοὺς
845 5613 1139 5679 ἐκδιδόντες
1172 5617 1426 5672 οὐδέποτε
1471 5620 1629 5693 κόρον
1678 5622 1986 5692 λαμόάνου-

323 5714 430 5760 σιν,
469 5697 583 5751 ἀλλ’
603 5699 714 5768 ὅσῳ
743 5698 807 5752 ἂν
835 5700 1097 5770 ἐγχέωσιν
1118 5705 1328 5767 ἐαυτοῖς
1357 5706 1446 5758 τὸν
1467 5707 1725 5778 ἄκρατον,
1748 5710 1986 5781 τοσούτῳ

327 5786 525 5852 μᾶλλον
544 5785 682 5854 πρὸς
708 5787 769 5838 τὸ
795 5787 947 5855 δίψος
981 5790 1294 5844 ἐκκαίονται
1315 5834 1329 5859 ,
1365 5795 1459 5847 καὶ
1501 5798 1534 5863 ή
1571 5795 1870 5866 μετάληψις
1899 5800 1986 5851 ἀεὶ

325 5872 653 5943 ὑπέκκαυμα
682 5873 887 5944 γίνεται
920 5874 1014 5928 τοῦ
1041 5875 1225 5946 δίψους
1245 5894 1257 5906 ’
1288 5879 1378 5932 καί
1419 5882 1486 5936 τὰ
1531 5882 1643 5950 μέν’
1665 5883 1766 5954 τῆς
1795 5883 1986 5955 ήδονῆς

1148 262 1207 318 ε.
1246 259 1530 319 JOANNIS
1565 253 2051 314 CllRY-SOSTOMI
2091 250 2404 308 ARCHIEP.
2443 246 2988 306 CONSTANTINOP.
3681 245 3732 302 ea

2121 364 2449 441 ἠμαύρωται
2471 364 2677 429 λοιπὸν,
2699 365 2759 417 τὸ
2773 363 2829 416 δέ
2849 362 2998 431 δίψος
3026 357 3446 414 ἀκατάπαυστον
3470 359 3687 428 γεγονὸς
3702 366 3732 418 :‘J

2119 457 2280 510 αὑτὸν
2309 454 2400 507 τὸν
2441 451 2682 524 κρημνὸν
2723 450 2824 520 τῆς
2859 448 3034 518 μέθης
3081 449 3308 517 κατάγει
3342 450 3471 512 τοὺς
3503 448 3596 500 ὑπ’
3628 448 3731 516 αὖτξξ

2119 542 2494 614 αἰχμαλώτους
2517 538 2934 610 γεγενημένους.
2965 537 3074 592 Καὶ
3111 538 3433 606 ἐφύτευσε,
3461 538 3629 608 φησὶν
3646 581 3658 601 ,
3678 540 3732 606 ἀει

2120 629 2379 692 πελῶνα,
2405 629 2504 683 καί
2529 630 2699 682 ἔπιεν
2736 627 2804 679 ἐκ
2835 625 2941 679 τοῦ
2967 626 3156 690 οἴνου,
3197 626 3296 678 καὶ
3323 625 3658 693 ἐμεθύσθη,
3688 645 3732 680 κε

2118 716 2424 786 ἐγυμνώθη
2445 717 2515 768 ἐν
2535 714 2615 779 τῷ
2642 714 2785 777 οἴκῳ
2816 712 3022 766 αὐτοῦ.
3057 712 3200 782 Ὅρα
3230 712 3397 764 αὑτὸν
3422 712 3527 763 οὐκ
3559 711 3660 773 ἔξω
3687 731 3731 764 το

2118 805 2273 860 τοῦτο
2309 804 2608 875 πάσχοντα,
2643 801 2775 855 ἀλλά
2805 803 2862 853 ἐν
2884 799 2962 870 τῷ
2988 800 3124 870 οἴκῳ
3149 799 3334 853 αὐτοῦ.
3371 800 3474 851 Διά
3500 799 3611 868 γὰρ
3637 802 3732 854 τοίτπ

2118 892 2504 962 ἐπεσημήνατο
2528 893 2560 962 ἡ
2588 890 2707 943 θεία
2733 889 2922 960 Γραφὴ
2941 889 3022 941 ὅτι
3061 889 3164 941 Ἐν
3186 887 3266 952 τῷ
3288 887 3434 950 οἴκῳ
3464 887 3670 947 αὑτοῦ,
3698 891 3732 939 ἓν

2119 985 2182 1037 ἐκ
2211 984 2320 1036 τῶν
2354 982 2712 1052 ἐπαγομένων
2737 981 2835 1050 τὴν
2859 979 3106 1032 ἐπίτασιν
3133 977 3250 1048 ῐδῃς
3269 977 3366 1047 τῆς
3393 976 3660 1046 πονηρίας
3690 981 3731 1028 τιιά

2116 1071 2216 1142 τὴν
2238 1071 2516 1142 γύμνωσιν
2540 1067 3040 1137 ἐκπομπεύσαντος.
3071 1064 3182 1117 Kal
3208 1060 3351 1126 εἶδε,
3392 1063 3557 1132 φησὶ,
3602 1063 3732 1130 Χὰμα

2117 1159 2312 1226 πατὴρ
2345 1155 2588 1210 Χαναὰν
2605 1155 2719 1222 τὴν
2748 1155 3055 1222 γύμνωσιν
3082 1151 3186 1205 τοῦ
3208 1151 3438 1218 πατρὸς
3458 1148 3669 1211 αὐτῶν,
3686 1168 3732 1204 zu

2115 1245 2378 1309 ἐξελθὼν
2409 1243 2728 1312 ἀνήγγειλε
2757 1241 2883 1306 τοῖς
2913 1239 3098 1293 δυσὶν
3115 1237 3403 1306 ἀδελφοῖς
3428 1237 3622 1289 αὑτοῦ
3651 1237 3732 1299 ἔξω

2118 1335 2270 1403 Τάχα
2297 1335 2345 1385 εἰ
2370 1331 2460 1385 καί
2481 1347 2624 1394 τινες
2643 1329 2819 1400 ἕτεροι
2845 1323 3006 1399 ἦσαν,
3037 1326 3310 1388 κάκείνοις
3328 1327 3395 1378 ἂν
3429 1327 3663 1393 ἐμήνυσε
3687 1329 3731 1390 τη

2116 1421 2209 1474 τοῦ
2244 1422 2454 1491 πατρὸς
2483 1417 2871 1486 ἀσχημοσύνην
2893 1431 2904 1444 ·
2929 1413 3164 1483 τοσαύτη
3195 1409 3262 1482 ἦν
3283 1411 3378 1465 τοῦ
3412 1412 3607 1473 παιδὸς
3633 1415 3660 1480 ἡ
3685 1432 3732 1480 μ)

2117 1509 2335 1579 χθηρία.
2361 1507 2460 1561 Διά
2484 1508 2592 1575 γὰρ
2610 1505 2789 1568 τοῦτο,
2821 1503 2908 1557 ἴνα
2943 1503 3118 1573 μάθῃς
3150 1503 3231 1554 ὅτι
3253 1500 3464 1554 ἀνωθεν
3501 1501 3595 1552 καὶ
3617 1500 3665 1561 ἐξ

2117 1598 2217 1668 κῆς
2257 1595 2647 1665 διεφθαρμένος
2674 1589 2740 1662 ἦν
2770 1592 2868 1662 τὴν
2899 1591 3146 1660 γνώμην,
3201 1591 3302 1658 οὐχ
3350 1587 3546 1650 ἁπλῶς
3587 1584 3732 1639 eam

2117 1685 2156 1734 Γ
2164 1682 2324 1754 ραφὴ,
2360 1683 2438 1734 ὅτι
2467 1678 2570 1733 εἶδε
2592 1679 2720 1749 Χάμ
2742 1679 2840 1748 τὴν
2879 1677 3157 1747 γύμνωσιν
3195 1675 3289 1727 τοῦ
3324 1674 3539 1744 πατρὸς
3583 1675 3716 1725 αὖτοί

2116 1771 2251 1823 ἀλλά
2277 1769 2360 1834 τί;
2392 1768 2500 1822 Kal
2523 1764 2644 1821 εἶδε
2671 1767 2795 1834 Χὰμ
2819 1768 2851 1818 ό
2879 1763 3074 1832 πατὴρ
3095 1761 3359 1817 Χαναὰν.
3393 1761 3553 1822 Τίνος
3588 1760 3732 1812 ἕνεκά

2116 1857 2234 1910 εἰπέ
2263 1874 2372 1928 μοι,
2405 1856 2498 1908 καὶ
2528 1853 2760 1907 ἐνταῦθα
2798 1851 2890 1904 τοῦ
2917 1851 3033 1903 υίοῦ
3075 1851 3221 1918 λέγει
3256 1849 3354 1918 τὴν
3384 1850 3726 1919 προσηγορίαι

2118 1945 2234 1997 Ἵνα
2270 1943 2445 2016 μάθῃς
2473 1943 2552 1995 ὅτι
2585 1941 2826 2012 ἀκρατής
2853 1958 2934 2004 τις
2966 1935 3034 2010 ἦν
3067 1940 3160 1992 καὶ
3193 1937 3526 1998 ἀκόλαστος,
3568 1937 3653 1987 καὶ
3675 1938 3732 1988 σε.

2115 2031 2214 2099 τῆς
2237 2031 2406 2100 αὐτῆς
2436 2028 2682 2098 γνώμης,
2720 2029 2813 2095 ἀφ’
2838 2024 2904 2100 ἧς
2935 2029 2992 2082 ἐν
3023 2025 3258 2096 τοσαύτῃ
3295 2024 3629 2078 καταστάσει
3657 2042 3731 2075 παι

2114 2119 2348 2172 δοποιεῖν
2373 2117 2649 2186 ἠνέσχετο,
2681 2116 2788 2168 ἀπὸ
2808 2116 2905 2185 τῆς
2933 2115 3101 2185 αὐτῆς
3128 2115 3220 2166 καὶ
3241 2111 3333 2164 νῦν
3361 2114 3443 2174 εἰς
3482 2112 3576 2164 τὸν
3607 2129 3732 2179 γεγε-η

2114 2205 2315 2276 νηκότα
2338 2203 2611 2274 ἐξύϐρισε.
2637 2203 2746 2255 Kal
2783 2203 3065 2267 ἐξελθὼν,
3097 2203 3282 2270 φησὶν,
3317 2200 3641 2268 ἀνήγγειλε
3663 2201 3732 2256 to}

2114 2291 2296 2346 δυσὶν
2349 2291 2628 2360 ἀδελφοῖς
2669 2291 2855 2344 αὐτοῦ
2884 2289 3018 2353 ἔξω.
3058 2290 3199 2358 Ὅρα
3229 2303 3320 2358 μοι
3361 2285 3619 2350 ἐνταῦθα,
3649 2289 3731 2352 ἀγα

2115 2380 2272 2450 πητέ,
2306 2379 2423 2443 πῶς
2452 2380 2551 2432 οὐκ
2579 2381 2636 2431 ἐν
2670 2381 2734 2449 τῇ
2765 2377 2924 2447 φύσει
2952 2376 3021 2429 τὰ
3044 2377 3140 2447 τῆς
3167 2375 3364 2437 κακίας
3393 2375 3732 2442 ἔγκειταινϋ]

2114 2467 2171 2518 ἐν
2209 2469 2272 2537 τῇ
2300 2465 2494 2539 γνώμῃ
2525 2467 2617 2518 καὶ
2651 2467 2708 2518 ὲν
2738 2467 2803 2535 τῇ
2856 2464 3193 2535 προαιρέσει.
3252 2462 3382 2515 Ἰδοὺ
3412 2463 3529 2532 γὰρ
3559 2463 3731 2530 ἀμφάτε

2118 2571 2198 2625 ροι
2222 2555 2321 2624 τῆς
2346 2555 2511 2623 αὐτῆς
2540 2553 2771 2623 φύσεως,
2799 2553 2892 2605 καὶ
2923 2551 3159 2620 ἀδελφοὶ,
3194 2551 3285 2602 τὸν
3309 2550 3476 2603 αὑτὸν
3504 2550 3656 2618 ἔσχον
3677 2567 3731 2599 πε

2113 2641 2266 2712 τέρα,
2299 2641 2407 2694 τῶν
2428 2641 2606 2693 αὐτῶν
2630 2640 2949 2710 ἀπήλαυσαν
2971 2639 3196 2701 ώδίνων,
3221 2637 3316 2707 τῆς
3372 2639 3550 2707 αὐτῆς
3605 2641 3732 2705 ἐπιμε

2113 2729 2262 2791 λείας
2293 2729 2502 2799 ἔτυχον,
2539 2728 2650 2781 ἀλλ’
2677 2728 2736 2779 ού
2758 2727 2854 2796 τὴν
2883 2727 3052 2796 αὐτὴν
3079 2725 3396 2796 προαίρεσιν
3423 2725 3732 2790 ἐπεδείξαντι

2113 2818 2226 2870 ἀλλ’
2256 2819 2284 2869 ὁ
2317 2819 2413 2888 μὲν
2444 2819 2577 2888 πρδς
2596 2817 2694 2886 τὴν
2726 2816 2922 2870 κακίαν
2948 2815 3254 2880 ἐξώλισθεν,
3286 2818 3333 2868 οἱ
3364 2815 3419 2867 δὲ
3439 2816 3544 2885 τὴν
3579 2816 3732 2882 dam}:

2117 2907 2282 2976 μένην
2306 2905 2382 2975 τῷ
2412 2906 2578 2973 πατρὶ
2612 2904 2774 2974 τιμὴν
2821 2903 3141 2972 ἀπένειμαν.
3197 2905 3357 2966 Ἴσως
3389 2902 3447 2954 δὲ
3497 2904 3594 2955 καὶ
3621 2905 3732 2970 ὲπεμ

2114 2995 2312 3048 ϐαίνων
2349 2997 2414 3064 τῇ
2437 2994 2530 3047 τοῦ
2561 2988 2763 3062 πατρὸς
2791 2992 3146 3063 ἀσχημοσύνῃ
3173 2992 3265 3044 καὶ
3291 2991 3573 3062 κωμῳδῶν
3608 2993 3661 3042 τὸ
3688 3009 3732 3058 γε

2111 3085 2266 3152 γονὸς
2323 3082 2624 3153 ἐξήγγειλε,
2661 3084 2752 3135 καί
2779 3084 2876 3135 οὐκ
2902 3084 3099 3153 ἤκουσε
3135 3080 3298 3148 σοφοῦ
3331 3099 3475 3144 τινος
3507 3081 3731 3147 λέγοντος

2111 3174 2206 3242 Μὴ
2233 3173 2482 3237 δοξάζον
2511 3175 2580 3226 ἐν
2606 3174 2806 3241 ἀτιμίᾳ
2831 3173 3052 3240 πατρός
3080 3186 3218 3225 σου.
3274 3170 3412 3223 Ἀλλ’
3475 3173 3526 3222 οἱ
3574 3170 3732 3236 ἀδελφῦ

2111 3262 2208 3332 οὐχ
2245 3261 2445 3323 οὓτωςο
2483 3260 2617 3312 ἀλλά
2668 3260 2754 3324 τίς
2810 3260 2994 3312 Ταῦτα
3036 3255 3369 3320 ἀκούσαντες
3395 3297 3410 3320 ,
3466 3259 3732 3320 Λαίϊντες

2111 3351 2266 3420 φησὶ,
2295 3353 2341 3403 Σ
2349 3349 2425 3418 im
2445 3349 2540 3400 καί
2573 3347 2770 3416 Ἰάφεο
2795 3346 2857 3399 τὸ
2887 3347 3134 3420 ἱμάτιον,
3158 3346 3444 3400 ἐπέθεντο
3466 3346 3568 3397 ἐπὶ
3587 3348 3653 3396 τὰ
3672 3346 3731 3395 fu

2110 3436 2269 3491 νῶτα
2321 3436 2536 3498 αὐτῶν,
2572 3436 2682 3489 ,καί
2725 3436 3144 3502 ἐπορεύθησαν
3202 3432 3648 3501 ὀπισθοφανῶς,
3681 3450 3732 3484 κα

2111 3525 2550 3593 συνεκάλυψαν
2606 3523 2722 3591 τὴν
2773 3524 3081 3591 γύμνωσιν
3129 3521 3234 3575 τοῦ
3287 3519 3519 3588 πατρὸς
3558 3516 3731 3574 αὐτῶν·

2111 3613 2206 3664 καὶ
2249 3611 2312 3664 τὸ
2352 3609 2892 3678 πρόσωποναὺτῶν
2918 3606 3344 3676 ὀπισθοςοανές,
3392 3607 3492 3660 καί
3542 3608 3652 3672 τὴν
3678 3609 3731 3674 γε]

2104 3713 2340 3767 μνωσιν
2372 3695 2477 3748 τοῦ
2500 3695 2722 3763 πατρὸς
2747 3696 2943 3749 αὐτῶν
2966 3697 3074 3748 οὐκ
3097 3691 3280 3749 εἶδον.
3313 3691 3466 3757 Εἶδες
3507 3695 3732 3761 εὖγνωμτ

2113 3785 2276 3854 σύνην
2337 3784 2573 3848 παίδων;
2622 3784 2678 3836 Ὀ
2736 3783 2833 3852 μὲν
2885 3783 2980 3835 καὶ
3011 3782 3439 3852 ὲξεπόμπευσεν,
3481 3783 3530 3834 οἱ
3578 3781 3630 3832 δὲ
3662 3781 3732 3831 οζιΞ

2113 3874 2240 3926 ἰδεῖν
2269 3874 2565 3942 ἀνέχονται,
2594 3871 2706 3924 ἀλλ’
2737 3869 3113 3939 ὸπισθοφανῶς
3143 3870 3476 3940 βαδίζουσιν,
3501 3871 3586 3923 ἵνα
3611 3871 3731 3936 ὀρείᾳ.

2110 3958 2422 4029 βαδίσαντες
2447 3957 2834 4027 συγκαλύψωσι
2862 3958 2955 4009 τοῦ
2981 3956 3183 4027 πατρὸς
3212 3956 3309 4026 τὴν
3337 3955 3641 4025 γύμνωσιν.
3669 3957 3731 4006 Κλ

2108 4047 2207 4117 ὅρα
2238 4045 2416 4099 αὐτῶν
2480 4045 2618 4115 μετά
2675 4046 2774 4115 τῆς
2833 4044 3032 4115 πολλῆς
3085 4045 3509 4114 εὐγνωμοσύνης
3548 4044 3642 4096 καὶ
3679 4061 3731 4110 ττρ

2108 4129 2423 4182 ἐπιείκειαν.
2453 4127 2588 4181 υῦτε
2615 4129 2723 4198 γὰρ
2750 4127 3094 4198 ἐπιτιμῶσιν,
3131 4125 3252 4179 οὔτε
3287 4126 3673 4198 ἐπιπλήττουσι
3693 4124 3732 4192 τέξ

2108 4217 2341 4288 ἀδελφῷ,
2374 4217 2487 4270 ἀλλ’
2516 4217 2869 4280 ἀκούσαντες,
2899 4216 3019 4278 ἐνὸς
3051 4216 3210 4287 μόνου
3240 4216 3507 4283 γίνονται,
3558 4213 3648 4266 τοῦ
3678 4214 3732 4280 τῇγ

2105 4305 2387 4375 διόρθωσιν
2412 4307 2630 4374 ταχεῖαν
2662 4303 3015 4374 ποιήσασθαι,
3056 4303 3232 4355 καὶτά
3255 4305 3334 4364 εἰς
3363 4303 3530 4372 τιμὴν
3562 4302 3654 4353 τοῦ
3679 4317 3731 4367 γε

2105 4393 2428 4463 γεννηκότος
2480 4393 2820 4446 συντείνοντα
2879 4390 3271 4455 ἐπιδείξασθαι.
3347 4388 3498 4471 [Ξὸςὶ]
3563 4391 3660 4444 Kal
3702 4405 3732 4440 τι

2105 4477 2430 4544 πρόσωπον
2458 4473 2676 4540 αὐτῶν,
2708 4478 2895 4546 φησὶν,
2927 4473 3354 4542 ὀπισθοφανὲς,
3407 4475 3505 4526 καὶ
3533 4473 3648 4540 τὴν
3675 4477 3726 4539 τί

2097 4580 2336 4633 μνωσιν
2368 4564 2470 4618 τοῦ
2491 4565 2715 4632 πατρὸς
2745 4560 2943 4617 αὐτῶν
2964 4565 3075 4616 οὐκ
3097 4559 3279 4616 εἶδον.
3307 4562 3483 4632 Πολλὴ
3515 4561 3628 4613 τῶν
3655 4560 3731 4610 7.25

2101 4652 2207 4705 δων
2236 4655 2268 4723 ή
2297 4651 2581 4720 εὐλάϐεια,
2603 4650 2694 4704 καί
2723 4652 2924 4721 ταύτην
2952 4653 3084 4720 ήμῖν
3108 4649 3378 4702 δείκνυσιν
3406 4651 3465 4702 οὐ
3480 4649 3545 4702 τὸ
3570 4648 3732 4701 σκεπάι

2105 4759 2192 4795 σαι
2220 4743 2395 4812 μόνον,
2436 4741 2570 4795 ἀλλά
2599 4743 2693 4794 καὶ
2727 4741 2802 4812 μὴ
2837 4741 3166 4810 ἀνασχέσθαι
3203 4741 3353 4793 ἰδεῖν.
3389 4739 3732 4808 Παιδεύθῶμεη

2100 4830 2278 4884 τοίνυν
2303 4832 2396 4883 καὶ
2426 4829 2695 4889 ἐντεῦθεν,
2731 4829 2826 4882 καί
2848 4829 2906 4894 ἐξ
2936 4829 3259 4899 ἀμφοτέρων
3285 4828 3656 4898 κερδάνωμεν,
3678 4845 3731 4878 κα

2100 4917 2320 4981 τούτους
2357 4918 2453 4988 μὲν
2487 4916 2802 4988 μιμώμεθα,
2828 4915 3036 4970 ἐκείνου
3066 4916 3121 4968 δὲ
3153 4917 3242 4968 τὸν
3264 4915 3427 4985 ζῆλον
3457 4916 3731 4983 φεύγωμεν

2099 5004 2162 5057 Εἰ
2196 5007 2302 5076 γάρ
2345 5004 2626 5075 γύμνωσιν
2679 5004 2942 5075 αἰσθητὴν
2987 5006 3016 5056 ὁ
3061 5003 3478 5073 ἐκπομπεύσας,
3525 5004 3732 5071 κατάραι

2099 5093 2291 5145 ἐαυτὸν
2345 5092 2645 5145 ὑπεύθυνον
2695 5092 3023 5162 κατέστησε,
3080 5091 3298 5162 καὶτῆς
3345 5092 3634 5161 ὁμοτιμίας
3660 5089 3731 5140 τῶ

2098 5179 2342 5249 ἀδελφῶν
2368 5181 2635 5245 ἐκπεσὼν,
2661 5178 2931 5232 δουλεύειν
2969 5179 3150 5242 αὐτοῖς
3190 5178 3575 5248 κατεδικάσθη,
3603 5180 3646 5229 εἰ
3671 5175 3731 5227 κστ

2103 5269 2176 5338 μὴ
2207 5268 2366 5332 αὐτὸς
2393 5271 2619 5335 ἐκεῖνος,
2651 5268 2766 5321 ἀλλ’
2794 5269 2842 5321 οἰ
2868 5267 2924 5334 ἐξ
2948 5266 3110 5320 αὑτοῦ
3140 5268 3339 5329 πάντες
3358 5283 3374 5298 ·
3412 5267 3462 5320 τί
3491 5267 3732 5319 πείσονται

2098 5358 2145 5409 οἰ
2184 5357 2250 5410 τὰ
2277 5358 2646 5429 ἁμαρτήματα
2674 5355 2781 5410 τῶν
2809 5354 3054 5425 ἀδελφῶν
3097 5354 3554 5425 ἐκπομπεύοντες,
3579 5354 3666 5406 καὶ
3694 5352 3732 5403 ς]

2101 5442 2258 5513 μόνον
2292 5445 2352 5496 ού
2387 5443 2845 5516 περιστέλλοντες,
2891 5443 3026 5496 ἀλλά
3063 5442 3158 5495 καὶ
3189 5443 3456 5514 μειζόνως
3491 5442 3626 5495 αῦτά
3651 5457 3732 5491 ποια

2096 5530 2282 5592 οῦντες
2304 5529 2598 5600 κατάδηλα,
2624 5532 2716 5584 καὶ
2747 5530 2916 5584 πολλά
2962 5532 3026 5584 ἐκ
3067 5529 3254 5584 τούτου
3310 5530 3657 5600 ἐργαζόμενοι
3688 5531 3732 5577 τὰ

2096 5619 2501 5690 ἁμαρτήματα;
2541 5623 2706 5673 ’Ὀταν
2740 5623 2849 5689 γὰρ
2881 5618 3244 5691 δημοσιεύσῃς
3288 5618 3384 5672 τοῦ
3425 5617 3647 5687 ἀδελφοῦ
3692 5617 3732 5667 τι

2100 5709 2363 5775 πταῖσμα,
2395 5709 2455 5760 οῦ
2494 5710 2652 5779 μόνον
2674 5711 2880 5763 ἐκεῖνον
2911 5709 3388 5780 ἀναισχυντότερον
3414 5710 3504 5761 καὶ
3530 5707 3732 5777 ὀκνηρὸ·

2093 5808 2248 5864 τερον
2283 5795 2522 5864 εἰργάσω
2545 5798 2672 5860 ἴσως
2703 5798 2835 5868 πρὸς
2858 5798 2955 5866 τὴν
2980 5797 3236 5850 ἐπάνοδον
3267 5797 3364 5868 τῆς
3386 5797 3600 5867 ἀρετῆς,
3622 5793 3731 5846 am

2094 5880 2187 5933 καὶ
2219 5881 2340 5944 τοὺς
2364 5881 2655 5947 ἀκούοντας
2691 5886 3092 5957 ῥᾳθυμοτέρως
3110 5885 3468 5956 κατέστησας,
3507 5886 3591 5936 καὶ
3619 5883 3727 5950 πρὸς
