3804 6238
47 253 150 307 ἓϐὅ

118 366 221 416 (ἰαν
252 362 367 417 vitis
393 362 447 416 in
491 360 789 414 hanceitam
814 356 1116 411 introducta.
1161 354 1340 407 Vinum
1367 354 1417 406 in
1447 362 1632 423 myste-

50 460 91 507 ri
112 478 155 506 δ.
192 483 270 494 ——
308 454 427 508 Jam
459 452 599 507 forte
640 458 843 521 quaerat
873 448 1084 518 aliquis,
1113 446 1288 512 Quare
1323 447 1501 516 planta
1557 453 1634 498 tot

50 550 202 602 malis
228 548 389 616 plena
414 548 465 599 in
495 547 633 600 lianc
646 544 806 598 vitam
833 543 1088 612 producta
1113 540 1227 595 est?
1251 539 1329 594 Ne
1349 540 1417 592 ita
1436 547 1637 593 temere

47 639 311 709 loquaris,
349 638 531 704 home,
553 636 730 691 omnia
766 650 884 704 qua:
916 635 968 686 in
997 633 1217 688 buccam
1250 632 1488 686 veniunt.
1518 630 1636 684 Non

48 738 128 785 est
141 729 345 801 planta
374 728 489 783 hazc
512 728 672 794 mala,
698 741 879 795 neque
896 726 1086 779 ‘vinum
1116 724 1338 790 malum,
1368 722 1463 777 sed
1499 721 1637 776 illius

46 823 251 876 abusus
272 862 289 884 ,
321 820 447 890 quia
476 834 582 873 non
604 834 673 873 rex
703 817 847 882 vino,
878 816 973 870 sed
998 831 1063 870 ex
1088 829 1338 882 perversa
1368 814 1637 867 voluntate

54 911 256 965 nefaria
282 911 488 965 scelera
513 917 793 977 patrantur
823 923 838 957 :
866 912 923 961 et
948 920 1068 960 cum
1098 906 1151 958 in
1183 920 1247 960 eo
1268 904 1572 966 situtilitas,
1591 903 1637 955 si

50 1010 264 1066 noceat,
309 1001 364 1055 in
403 1014 563 1055 causa
592 1006 673 1053 est
721 996 1145 1065 intemperantia.
1175 994 1434 1061 Quocirca
1490 1006 1633 1047 nunc

53 1102 168 1161 post
197 1092 463 1145 diluvium
505 1087 739 1143 ostendit
778 1088 871 1141 tibi
919 1086 1029 1139 vini
1068 1101 1242 1149 usuin,
1284 1092 1341 1137 ut
1391 1083 1637 1159 ostendat

52 1184 210 1237 etiam
237 1192 372 1234 ante
402 1180 509 1233 vini
537 1192 688 1231 usum
717 1178 769 1230 in
798 1174 1135 1231 immodicam
1168 1173 1429 1227 luxuriam
1462 1158 1639 1225 huma-

52 1289 175 1326 num
203 1286 383 1342 genus
422 1268 688 1332 incidisse,
716 1266 1003 1335 multisque
1033 1264 1266 1333 peccatis
1292 1279 1349 1317 se
1379 1262 1640 1317 contami-

53 1366 288 1428 navisse,
318 1379 439 1419 cum
457 1362 629 1416 adhuc
646 1362 755 1415 vini
778 1374 903 1415 usus
917 1359 1215 1413 nesciretur
1241 1376 1255 1411 :
1277 1365 1331 1411 ut
1348 1366 1401 1412 et
1425 1356 1637 1426 quando

54 1457 249 1511 videris
302 1471 460 1511 usum
494 1454 628 1516 vini.
660 1467 767 1506 non
791 1452 915 1506 vino
938 1459 1103 1505 totum
1135 1450 1358 1516 tribuas,
1388 1448 1482 1503 sed
1512 1463 1635 1503 cor-

49 1556 222 1616 ruptae
267 1545 530 1599 voluntati
567 1559 665 1598 sua
712 1552 902 1612 sponte
943 1541 1009 1595 ad
1062 1541 1258 1596 malum
1284 1540 1479 1595 ruenti.
1517 1540 1637 1594 Alia

52 1652 265 1707 quoque
293 1637 504 1692 ratione
547 1634 847 1697 considera,
880 1633 967 1687 ubi
994 1633 1173 1686 vinum
1203 1632 1359 1687 fuerit
1388 1632 1518 1686 utile
1541 1673 1556 1699 ,
1586 1639 1640 1686 et

53 1730 437 1794 contremisce,
469 1727 544 1782 mi
571 1726 752 1780 homo.
784 1725 916 1780 Nam
946 1740 1041 1793 per
1072 1725 1172 1779 hoc
1220 1724 1438 1779 materia
1472 1723 1639 1776 bono-

52 1839 167 1876 rum
212 1822 408 1876 salutis
448 1826 644 1874 nostra:
693 1816 983 1887 perficitur.
1030 1815 1214 1870 Sciunt
1249 1815 1335 1884 qui
1371 1813 1639 1885 mysteriis

51 1912 245 1967 initiati
266 1919 418 1978 sunt,
447 1910 569 1980 quid
602 1909 825 1963 dicatur.
862 1906 926 1960 Et
952 1907 1119 1979 carpit,
1144 1904 1331 1975 inquit,
1365 1903 1480 1958 Noe
1499 1904 1636 1974 agri-

51 2006 159 2059 cola
210 2015 385 2070 terras,
436 2013 481 2057 et
524 2002 763 2072 plantavit
793 2002 1017 2064 vineam,
1065 2009 1110 2052 et
1151 1998 1268 2052 bibit
1309 1998 1371 2052 de
1415 1998 1556 2062 vino,
1592 2005 1639 2051 et

52 2096 335 2150 inebriatus
359 2106 451 2160 est,
478 2104 522 2148 et
538 2093 759 2147 nudatus
787 2100 856 2146 est
882 2092 932 2145 in
957 2090 1105 2144 domo
1126 2107 1237 2145 sua.
1258 2088 1637 2145 Gravissimum

51 2187 310 2256 quiddam
339 2195 423 2240 est
451 2184 699 2249 ebrietas,
724 2182 1084 2243 dilectissime,
1111 2180 1249 2250 quod
1278 2179 1639 2249 possitexeae-

50 2294 169 2331 care
186 2292 406 2340 sensus,
425 2286 477 2331 et
494 2275 833 2344 submergere
854 2282 1097 2329 mentem.
1139 2272 1419 2327 llominem
1446 2271 1641 2341 quippe

48 2371 394 2431 rationalem,
422 2368 511 2438 qui
542 2382 704 2435 super
736 2365 914 2420 omnia
939 2363 1233 2418 dominium
1263 2369 1521 2433 suscepit,
1554 2362 1638 2415 iti-

50 2464 202 2531 jectis
230 2461 464 2515 vinculis
491 2457 880 2523 insolubilibus,
911 2456 1059 2526 quasi
1081 2465 1348 2511 mortuum
1370 2462 1425 2509 et
1448 2468 1638 2524 opera-

44 2556 194 2606 tione
226 2561 504 2607 carentem
537 2548 828 2621 prosternit
857 2567 869 2604 :
903 2548 1011 2603 imo
1039 2546 1279 2602 deterius
1326 2545 1635 2611 habentem,

50 2660 209 2713 quam
256 2651 556 2701 mortuum.
594 2640 726 2695 Nam
770 2650 1011 2694 mortuus
1062 2653 1235 2708 neque
1271 2637 1428 2702 bona,
1463 2649 1639 2706 neque

46 2737 184 2791 mala
233 2735 447 2806 operari
502 2741 674 2803 potest
722 2733 946 2788 :ebrius
989 2740 1164 2786 autem
1204 2729 1330 2784 nihil
1356 2728 1639 2784 bonivalot

49 2832 289 2899 operari,
316 2828 380 2883 ad
411 2828 609 2882 malum
635 2837 810 2881 tamen
842 2825 1141 2880 faciendum
1173 2824 1292 2893 plus
1324 2831 1516 2892 potest,
1553 2822 1638 2890 jac

42 2933 241 2991 Celquc
272 2918 528 2973 ridiculus
553 2917 818 2984 omnibus,
850 2924 903 2971 et
924 2916 1071 2969 uxori
1099 2923 1152 2969 et
1178 2915 1297 2968 ﬁliis
1323 2923 1372 2971 et
1406 2913 1636 2967 famulis.

49 3014 220 3067 Amici
255 3011 401 3067 enim
438 3027 589 3066 suam
633 3010 975 3081 ignominiam
1007 3009 1320 3079 cogitantes,
1363 3007 1558 3062 rubore
1587 3016 1642 3062 et

46 3105 257 3174 pudore
288 3102 701 3157 sulfunduntur:
732 3101 929 3156 inimici
967 3113 1141 3155 autem
1186 3100 1536 3165 oblectamur,
1586 3108 1641 3153 et

51 3196 306 3261 irrident,
337 3203 387 3248 et
415 3201 780 3258 exsecrantur,
804 3191 917 3245 hmc
932 3190 1316 3261 prepemodum
1340 3191 1635 3260 loquentes:

50 3287 332 3340 Hunccine
352 3284 857 3354 oportebatvivere?
883 3292 935 3338 et
952 3282 1213 3338 hunccine
1234 3283 1512 3353 oportebat
1532 3283 1641 3352 spi-

49 3394 167 3433 rare
200 3393 388 3431 aerem
414 3376 438 3429 τ
466 3392 499 3429 o
525 3390 685 3445 pecus
711 3376 726 3430 l
756 3390 787 3429 o
810 3375 1064 3446 porcum!
1097 3383 1151 3430 et
1188 3374 1360 3429 adhuc
1398 3374 1639 3444 graviora

46 3470 369 3539 loquuntur.
403 3467 676 3520 Deteriorc
702 3465 842 3520 enim
872 3466 922 3518 in
953 3473 1094 3519 statu
1124 3473 1248 3518 sunt
1271 3479 1430 3533 quam
1456 3463 1512 3529 ii,
1549 3463 1638 3533 qui

48 3579 107 3614 ex
145 3559 352 3630 pra-liis
379 3557 605 3612 redeunt
632 3557 777 3611 caede
805 3556 1157 3627 coinquinatis
1185 3554 1446 3620 manibus,
1476 3564 1529 3610 et
1559 3563 1641 3609 tu-

48 3652 327 3704 nmltuosc
355 3657 712 3718 reportantur.
742 3645 863 3701 Illos
914 3647 1055 3702 enim
1086 3645 1325 3700 fortassis
1352 3645 1505 3699 multi
1528 3645 1641 3699 lau-

46 3745 207 3798 dibus
249 3740 516 3796 extollunt
572 3749 789 3811 propter
836 3746 1055 3809 treptea,
1105 3749 1324 3809 pr0pter
1365 3738 1636 3806 victorias,

50 3844 277 3903 propter
305 3833 524 3888 vulnera
544 3840 596 3886 et
619 3831 793 3886 credes
819 3848 831 3885 :
859 3831 1035 3886 ebrios
1064 3841 1239 3885 autem
1262 3830 1486 3884 miseros
1512 3843 1639 3898 pro-

48 3929 311 3989 clamant,
362 3938 698 3979 mrumnosos
733 3933 941 3989 vocant,
979 3931 1027 3978 et
1066 3923 1341 3977 innumera
1379 3922 1457 3977 eis
1503 3920 1639 3974 mala

48 4022 445 4087 imprecantur.
469 4016 602 4085 Quid
626 4014 771 4071 enim
801 4032 866 4070 eo
893 4015 1135 4071 miserius
1161 4013 1336 4079 fuerit,
1356 4014 1441 4084 qui
1464 4013 1639 4068 ebrie-

47 4113 141 4163 tati
176 4107 397 4162 deditus
420 4117 522 4174 est,
553 4115 607 4161 et
633 4107 865 4177 quotidie
888 4107 1066 4160 vinum
1097 4104 1336 4170 effundit,
1367 4120 1431 4159 ac
1448 4104 1640 4158 mentis

46 4220 161 4257 sua:
190 4202 453 4271 judicium
484 4200 774 4269 corrumpit
798 4202 820 4252 ’ἶ
872 4200 1164 4269 Eapropter
1190 4208 1242 4252 et
1282 4198 1492 4266 sapiens
1517 4195 1638 4267 qui-

45 4295 177 4348 dam
208 4293 530 4347 admonebat
556 4291 739 4346 dicens
776 4308 789 4344 :
818 4291 1132 4359 Principium
1160 4290 1273 4342 vitae
1302 4288 1516 4341 hominis
1542 4304 1639 4357 pa-

1134 237 1208 293 ilN
1245 237 1397 291 CAP.
1437 232 1527 287 lx.
1570 229 1808 288 CENES.
1852 233 2073 291 llOMlL.
2115 235 2306 291 XXlX.

3209 236 3310 293 265

1748 346 1826 416 gis
1852 363 1973 404 sese
2000 352 2121 405 vino
2151 352 2488 422 ingurgitant,
2519 362 2663 408 tanto
2688 354 2853 424 magis
2878 354 2965 410 siti
2993 353 3233 425 ﬂagrant,
3258 364 3312 409 et

1745 438 2086 494 inflammatio
2114 443 2353 511 quaedam
2384 456 2465 498 est
2493 444 2571 500 eis
2602 445 2705 499 vini
2738 461 2861 499 usus
2892 463 2908 499 :
2936 460 2996 499 ac
3017 446 3310 515 voluptates

1743 530 1953 597 quidem
1985 543 2324 598 evanescunt,
2367 533 2484 588 sitis
2528 544 2701 589 autem
2734 535 3065 605 inexplebilis
3092 536 3141 589 io
3171 553 3310 607 prmo

1743 618 1977 685 cipitium
2009 620 2278 674 ebrietatis
2304 637 2418 687 eos,
2442 623 2527 691 qui
2567 624 2664 676 sub
2690 623 2776 677 illa
2822 625 3011 692 captivi
3037 636 3179 688 sunt,
3211 626 3307 680 de-

1743 705 1905 760 ducit.
1940 705 2005 760 Et
2031 708 2296 777 plantavit,
2325 710 2507 780 inquit,
2555 713 2771 778 vineam,
2799 723 2845 768 et
2871 713 2991 766 bibit
3016 731 3076 767 ex
3104 714 3238 777 vino,
3261 726 3309 767 et

1743 796 2014 851 inebriatus
2059 808 2152 865 est,
2195 811 2241 853 et
2278 801 2498 855 nudatus
2523 804 2670 855 estin
2702 804 2850 858 domo
2877 822 2991 858 sua.
3020 804 3307 860 Considera

1749 887 1852 943 hoc
1875 906 1978 943 non
2010 890 2135 945 foris
2164 891 2232 945 illi
2266 893 2539 959 accidisse,
2565 894 2657 948 sed
2687 895 2741 948 in
2775 894 2933 949 domo
2962 912 3076 950 sua.
3107 896 3307 951 Idcirco

1745 980 1886 1034 enim
1936 979 2036 1035 hoc
2080 981 2374 1052 designavit
2402 983 2581 1036 divina
2608 985 2898 1052 Scriptura,
2928 984 2995 1039 In
3022 986 3170 1040 domo
3193 1006 3306 1051 sua,

1748 1080 1805 1123 ut
1836 1086 1900 1125 ex
1927 1072 1989 1125 iis
2032 1088 2148 1141 qua:
2175 1082 2486 1142 sequuntur,
2518 1073 2732 1127 malitia:
2761 1074 3047 1131 vehemens
3075 1078 3307 1132 studiuro

1741 1162 1923 1217 videas
1950 1163 2061 1233 ejus
2091 1164 2179 1234 qui
2210 1166 2501 1219 nuditatem
2533 1166 2781 1235 evulgare
2809 1166 2967 1222 fuerit
2993 1183 3170 1221 ausus.
3218 1169 3306 1222 ‘22.

1744 1250 1809 1306 Et
1834 1254 1976 1318 vidit,
2007 1255 2195 1323 inquit,
2228 1255 2388 1310 Citam
2425 1265 2564 1326 pater
2579 1254 2825 1310 Chanaan
2850 1257 3125 1311 nuditatem
3153 1261 3311 1328 patris

1742 1345 1841 1413 sui,
1871 1356 1916 1398 et
1944 1362 2168 1415 egressus
2183 1346 2495 1399 annuntiavit
2523 1348 2716 1401 duobus
2744 1348 2984 1418 fratribus
3026 1350 3125 1403 suis
3164 1352 3308 1421 foris.

1743 1435 2005 1490 Fortassis
2031 1438 2074 1491 si
2097 1446 2149 1491 et
2175 1438 2261 1491 alii
2284 1439 2492 1508 quidam
2521 1438 2848 1505 adfuissent,
2870 1450 2925 1493 et
2947 1441 3047 1495 illis
3077 1444 3313 1495 nuntias~

1743 1537 1823 1581 set
1841 1529 2005 1596 patris
2028 1529 2107 1581 sui
2136 1530 2509 1598 turpitudinem
2540 1547 2552 1582 :
2586 1540 2729 1584 tanta
2752 1540 2863 1585 erat
2891 1534 3033 1600 pueri
3057 1534 3305 1602 nequitia.

1743 1615 2027 1686 Pr0pterea
2056 1620 2218 1685 enim,
2239 1627 2293 1672 ut
2322 1618 2495 1672 discas
2519 1619 2828 1689 jampridem
2859 1629 2912 1675 et
2936 1622 3002 1675 ab
3025 1622 3170 1675 initio
3188 1638 3312 1677 eum

1742 1717 2004 1777 corruptae
2042 1710 2236 1763 mentis
2279 1709 2473 1773 fuisse,
2504 1726 2609 1764 non
2664 1711 2974 1780 simpliciter
3016 1713 3141 1767 dicit
3167 1714 3312 1768 Seri-

1743 1806 1917 1868 ptura,
1944 1795 2087 1853 Vidit
2112 1799 2274 1854 Citam
2301 1800 2589 1854 nuditatem
2608 1802 2769 1871 patris
2792 1806 2870 1856 sui
2900 1820 2913 1856 :
2944 1804 3036 1857 sed
3062 1804 3220 1874 quid?
3244 1804 3312 1860 Et

1742 1891 1864 1944 vidit
1908 1891 2065 1946 Citam
2106 1903 2247 1961 pater
2286 1891 2550 1947 Chanaan.
2583 1894 2776 1963 Quare,
2824 1895 2909 1949 dic
2953 1896 3101 1961 mihi,
3131 1906 3184 1951 et
3214 1898 3312 1952 hoc

1745 1981 1863 2037 loco
1892 1981 1984 2037 filii
2012 1984 2323 2038 vocabulum
2353 1984 2625 2054 assignat?
2654 1985 2719 2039 Ut
2744 1985 2915 2040 discas
2955 1986 3103 2041 illum
3148 1987 3310 2044 fuisse

1745 2074 2184 2143 intemperantem
2232 2083 2286 2129 et
2330 2074 2765 2141 incontinentem,
2810 2084 2864 2130 et
2912 2077 3095 2132 eadem
3137 2090 3311 2135 mente

1744 2181 1847 2236 qua
1902 2167 1955 2221 in
2000 2175 2140 2221 tanta
2190 2168 2491 2222 turbatione
2528 2167 2869 2237 procreandze
2900 2170 3032 2239 proli
3085 2174 3310 2239 vacavit,

1751 2257 1938 2313 eadem
1969 2259 2127 2312 etiam
2178 2274 2317 2313 nunc
2363 2259 2415 2312 io
2446 2260 2816 2313 contumeliam
2848 2262 3011 2328 patris
3052 2265 3311 2333 prorupit.

1743 2345 1813 2400 Et
1827 2363 2066 2418 egressus,
2084 2346 2269 2418 inquit,
2282 2349 2593 2402 annuntiavit
2604 2348 2795 2402 duobus
2807 2349 3043 2419 fratribus
3054 2354 3157 2406 suis
3168 2356 3311 2423 foris.

1744 2436 1898 2504 Vide,
1913 2438 2157 2506 obsecro,
2183 2438 2286 2504 hic,
2310 2439 2668 2506 dilectissime,
2693 2456 2794 2493 non
2814 2441 2865 2494 in
2884 2450 3065 2496 natura
3084 2444 3180 2497 sita
3195 2460 3315 2500 esse

1743 2529 1893 2595 vitia,
1924 2529 2017 2584 sed
2048 2530 2099 2583 in
2125 2531 2341 2584 arbitrio
2362 2538 2416 2585 et
2445 2531 2730 2585 voluntate.
2756 2531 2893 2587 Ecce
2933 2537 3073 2586 enim
3107 2536 3314 2604 utrique

1742 2620 1933 2676 fratres
1955 2620 2185 2687 fuerunt,
2200 2622 2498 2692 etejusdem
2514 2633 2735 2688 natura),
2753 2623 2996 2678 eumdem
3019 2623 3313 2681 habuerunt

1746 2723 1975 2783 patrem,
2003 2715 2189 2769 eodem
2220 2723 2370 2768 utero
2400 2714 2611 2769 fuerunt
2633 2715 2796 2780 editi,
2826 2715 3012 2771 eadem
3045 2717 3312 2787 diligentia

1744 2805 1959 2862 fuerunt
1983 2807 2210 2871 educati,
2242 2806 2335 2862 sed
2358 2822 2460 2861 non
2492 2810 2732 2861 eumdem
2755 2808 2987 2861 animum
3015 2808 3315 2864 declarave-

1744 2908 1904 2953 runt:
1935 2898 2027 2953 sed
2051 2898 2138 2953 ille
2163 2899 2374 2968 quidem
2400 2899 2451 2952 in
2477 2898 2727 2951 malitiam
2759 2897 2960 2964 incidit,
2994 2899 3027 2952 ii
3058 2914 3183 2955 vero
3219 2916 3313 2970 pa-

1744 2990 1882 3044 renti
1910 2990 2143 3043 debitum
2166 2989 2535 3059 impenderunt
2560 2989 2833 3043 honorem.
2856 2988 3117 3044 Fortassis
3138 3001 3315 3048 autem

1745 3092 1799 3137 et
1843 3081 2010 3136 irrisit
2047 3096 2109 3136 ac
2151 3082 2493 3135 subsannavit
2516 3090 2743 3151 patrem,
2775 3080 3149 3150 turpitudinem
3179 3083 3315 3138 illius

1745 3171 2035 3226 nuntiando
2066 3190 2077 3224 :
2108 3182 2161 3226 et
2210 3187 2312 3225 non
2356 3171 2553 3225 audivit
2586 3172 2876 3240 sapientem
2924 3172 3201 3241 quemdam
3232 3173 3316 3227 di-

1744 3271 1951 3317 centem
1987 3279 2000 3315 :
2035 3260 2118 3315 Ne
2132 3260 2360 3332 glorieris
2386 3263 2438 3314 in
2460 3262 2733 3331 ignominia
2767 3263 2923 3332 patris
2944 3263 3018 3317 tui
3046 3262 3229 3335 (Eccli.
3262 3267 3315 3320 5.

1747 3353 1855 3422 12).
1894 3354 2085 3407 Verum
2134 3353 2324 3407 fratres
2367 3369 2473 3407 non
2518 3353 2595 3407 sic
2642 3361 2882 3423 egerunt.
2916 3354 2982 3408 Et
3014 3357 3319 3425 quomodo?

1744 3445 1878 3498 Cum
1913 3445 2024 3530 llaec
2068 3445 2393 3499 audivissent
2420 3443 2508 3498 23.
2544 3444 2664 3498 Sem
2704 3454 2752 3497 et
2795 3443 3040 3515 Japheth,
3071 3449 3311 3517 acceptis,

1746 3535 1932 3605 inquit,
1962 3537 2172 3589 vestibus
2196 3552 2346 3605 super
2370 3535 2605 3589 humeros
2640 3551 2776 3601 suos,
2807 3536 3112 3590 incesserunt
3128 3548 3317 3592 retror-

1745 3643 1876 3691 sum,
1896 3636 1942 3678 et
1961 3635 2258 3694 operuerunt
2277 3626 2553 3678 nuditatem
2580 3626 2737 3696 patris
2761 3628 2876 3678 sui:
2899 3637 2945 3679 et
2971 3628 3126 3698 facies
3146 3646 3315 3683 eorum

1744 3730 2032 3783 retrorsum,
2062 3728 2108 3773 et
2137 3719 2410 3771 nuditatem
2442 3718 2596 3786 patris
2622 3704 2700 3770 sui
2730 3733 2829 3770 non
2856 3718 3103 3773 viderunt.
3129 3720 3316 3775 Vidisti

1746 3813 2060 3882 probitatem
2094 3811 2358 3867 filiorum?
2388 3811 2482 3864 llle
2517 3810 2782 3879 evolgavit
2823 3819 2878 3864 et
2922 3811 3187 3879 traduxit,
3229 3814 3316 3868 isti

1748 3918 1919 3973 neque
1948 3903 2129 3958 videre
2164 3902 2528 3956 sustinuerunt
2563 3918 2575 3955 :
2608 3901 2701 3955 sed
2738 3909 3026 3955 retrorsum
3056 3902 3231 3971 ibant,
3261 3913 3318 3959 ut

1746 4006 1892 4049 recta
1931 3994 2139 4047 adirent
2182 3992 2346 4062 patris
2391 3992 2682 4047 eonteeturi
2729 3991 3040 4045 nuditatem.
3090 3993 3156 4047 Et
3198 3994 3318 4055 vide

1748 4086 1956 4139 illorum
1981 4099 2100 4138 cum
2130 4099 2316 4152 magna
2342 4083 2602 4151 probitate
2634 4081 3114 4136 mansuetudinem.
3138 4083 3318 4153 Neque

1747 4179 2042 4249 increpant,
2073 4192 2246 4246 neque
2274 4175 2559 4249 verberant
2597 4172 2812 4227 fratrem
2847 4191 2859 4226 :
2911 4174 3003 4227 sed
3041 4184 3098 4228 ut
3139 4177 3321 4229 audie-

1747 4279 1889 4334 runt,
1914 4285 2035 4323 mox
2066 4268 2117 4322 id
2144 4283 2302 4321 unum
2332 4247 2606 4331 curarunt,
2632 4275 2689 4318 ut
2715 4263 2908 4318 factum
2931 4266 3317 4333 quamprimum

1746 4363 2142 4425 emendaretur,
2171 4370 2225 4413 et
2255 4359 2453 4412 honore
2481 4358 2687 4427 genitor
2701 4356 3019 4411 afficeretur.
3043 4354 3321 4427 Faciesqus

44 4390 126 4440 nis
156 4396 209 4440 et
225 4402 357 4455 aqua
370 4396 414 4438 et
434 4385 598 4447 vestis,
626 4393 671 4437 et
689 4385 867 4437 domus
885 4393 1047 4454 tegens
1069 4382 1425 4451 turpitudinem
1446 4380 1636 4451 (Eccli.

43 4478 138 4530 ΞΟ.
179 4475 302 4547 28):
339 4485 394 4528 ut
428 4476 471 4529 si
521 4475 644 4545 quis
693 4475 948 4528 ebrietate
990 4474 1235 4537 vincitur,
1278 4489 1344 4526 ne
1373 4472 1422 4524 in
1450 4471 1635 4540 volgus

47 4568 376 4621 traducatur
398 4608 414 4628 ,
447 4566 539 4620 sed
570 4580 600 4618 a
630 4565 742 4618 suis
768 4573 1076 4633 contegatur
1105 4579 1120 4617 :
1145 4574 1197 4616 et
1227 4579 1333 4616 non
1364 4563 1431 4615 sit
1471 4559 1641 4614 enmi-

47 4662 154 4713 lins
192 4658 332 4711 risus
360 4666 414 4711 et
442 4655 778 4725 turpitudinis
822 4665 1210 4723 argumentum.
1252 4652 1319 4706 Et
1367 4653 1535 4720 etrapit,
1559 4650 1641 4705 in-

45 4751 197 4819 quit,
232 4746 287 4800 Ν
292 4764 351 4801 oe
380 4746 529 4800 homo
553 4745 779 4816 agricola
808 4754 973 4811 terrar,
1000 4754 1047 4799 et
1077 4744 1322 4815 plantavit
1352 4745 1560 4807 vineam,
1596 4749 1642 4795 et

44 4844 178 4894 bibit
204 4840 270 4893 de
294 4840 427 4895 uino.
451 4847 496 4891 et
516 4838 782 4892 inebriatus
811 4846 903 4891 est.

123 4935 187 4987 4.
229 4930 464 4985 Ebrietas
510 4947 601 4998 pro
649 4930 889 4983 satietate.
928 4926 1066 4981 Vitia
1107 4928 1282 4982 nonin
1311 4935 1493 4981 natura
1519 4926 1647 4989 sita,

44 5030 142 5079 νά
176 5025 229 5076 in
262 5021 537 5076 voluntate.
562 5021 938 5075 —Ebrietatis
988 5035 1203 5086 nomen,
1244 5020 1542 5086 cariSsime,
1588 5020 1641 5073 in

44 5132 212 5171 Sacra
252 5112 524 5183 Scriptura
572 5127 677 5167 non
730 5113 922 5181 ubique
969 5111 1036 5165 de
1081 5111 1387 5166 temulentia
1441 5111 1639 5164 dictum

44 5218 160 5267 est,
193 5204 289 5259 sed
317 5213 369 5258 et
396 5204 692 5259 satietatem
723 5203 1001 5272 significat.
1036 5203 1144 5257 lloc
1164 5204 1339 5272 itaque
1361 5201 1494 5256 forte
1518 5201 1642 5271 quis

44 5300 123 5355 de
144 5300 298 5369 justo
323 5296 425 5351 hoc
453 5291 614 5362 dicet,
646 5296 784 5366 quod
809 5310 911 5350 non
939 5306 995 5350 ut
1023 5296 1381 5365 intemperans
1412 5296 1643 5350 inebria-

51 5400 146 5446 tus
201 5388 393 5453 fuerit,
429 5387 523 5442 sed
550 5388 619 5443 ob
651 5380 946 5442 satietatem
976 5387 1078 5442 hoc
1104 5388 1151 5442 ei
1176 5387 1473 5457 contigerit.
1508 5384 1643 5440 Audi

46 5481 205 5535 enim
239 5479 403 5533 David
431 5480 689 5535 dicentem
715 5497 728 5535 :
756 5478 1213 5533 Inebriabunturab
1237 5481 1454 5533 ubertate
1469 5478 1644 5531 domus

48 5570 352 5643 tucU’sal.
378 5572 466 5626 55.
485 5572 561 5639 9):
580 5570 679 5627 hoc
709 5580 808 5639 est,
839 5571 1211 5642 implebuntur.
1241 5571 1483 5642 Alioquin
1504 5570 1642 5640 iiqui

48 5663 313 5720 ebrietati
344 5672 533 5720 vacant
562 5679 846 5737 numquam
876 5664 1153 5733 satiantur,
1184 5664 1277 5720 sed
1307 5673 1502 5719 ouante
1530 5678 1643 5717 ma-

1745 4456 1948 4510 illorum
1975 4466 2162 4506 aversis
2187 4458 2351 4515 erant,
2372 4458 2417 4502 et
2455 4449 2729 4501 nuditatem
2755 4448 2911 4517 patris
2935 4448 3013 4501 sui
3046 4464 3146 4502 non
3182 4450 3318 4502 uide-

1746 4557 1884 4602 runt.
1903 4547 2087 4615 Magna
2114 4544 2338 4597 filiorum
2366 4541 2684 4607 reverentia,
2708 4555 2863 4610 quam
2882 4540 3034 4595 nobis
3051 4541 3323 4611 Scriptura

1746 4646 2038 4703 monstrat,
2067 4633 2208 4705 quod
2239 4647 2343 4686 non
2372 4631 2544 4685 solum
2575 4639 2782 4700 tegant,
2813 4631 2904 4685 sed
2931 4641 2983 4685 et
3011 4632 3189 4686 videre
3216 4648 3319 4687 non

1747 4730 2061 4786 sustineant.
2090 4725 2408 4781 Erudiamur
2434 4723 2578 4789 hinc,
2618 4731 2775 4792 atque
2806 4738 2873 4777 ex
2901 4723 3136 4793 utrisque
3156 4725 3320 4778 lucri-

1747 4826 2001 4881 faciamus
2040 4822 2238 4892 aliquid
2279 4837 2293 4873 :
2334 4829 2388 4874 et
2431 4819 2527 4873 hos
2575 4818 2788 4888 quidem
2831 4816 3132 4880 imitemur,
3181 4817 3318 4871 illius

1748 4922 1921 4968 autem
1962 4923 2141 4965 mores
2176 4907 2458 4977 fugiamus.
2504 4904 2635 4958 Nam
2674 4904 2719 4957 si
2758 4904 2801 4956 is
2828 4943 2843 4967 ,
2891 4902 2978 4971 qui
3015 4901 3317 4956 sensibilem

1749 5007 2041 5064 nuditatem
2064 5001 2350 5070 evolgavit,
2378 4996 2658 5053 maledicto
2684 5009 2743 5049 se
2768 4993 2891 5049 fecit
2915 4993 3231 5054 obnoxium,
3264 4999 3319 5047 et

1749 5099 1999 5156 excideris
2019 5076 2087 5149 ab
2110 5094 2312 5147 honore
2336 5104 2490 5159 quem
2520 5102 2697 5157 parem
2716 5084 3030 5139 habuitcum
3049 5082 3319 5148 fratribus,

1751 5192 2133 5250 condemnatus
2157 5194 2237 5239 est
2280 5191 2339 5236 ut
2373 5178 2784 5240 illisiserviret;
2830 5174 2956 5227 licet
2993 5182 3168 5228 autem
3216 5189 3339 5229 non»

1751 5287 1883 5357 ipse,
1913 5295 2098 5337 omnes
2123 5289 2295 5332 tamen
2325 5274 2413 5344 qui
2439 5287 2506 5326 ex
2531 5271 2667 5339 ipso,
2697 5267 2837 5322 servi
2863 5266 2987 5321 facti
3012 5274 3135 5321 sunt
3156 5282 3171 5320 :
3194 5266 3321 5337 quid

1751 5378 2015 5449 patientur
2035 5372 2123 5442 qui
2150 5375 2362 5440 peccata
2390 5363 2609 5418 fratrum
2637 5360 2903 5430 evulgant,
2934 5368 2988 5414 et
3016 5374 3121 5413 non
3149 5360 3323 5415 solum

1752 5483 1859 5525 non
1888 5470 2176 5532 contegunt
2202 5467 2256 5514 et
2292 5462 2565 5519 excusant,
2607 5450 2701 5506 sed
2744 5450 2912 5520 magis
2952 5465 3017 5506 ea
3045 5450 3217 5520 palam
3250 5451 3325 5503 ra.

1752 5563 1920 5627 ciunt,
1952 5557 2312 5623 multaqueex
2353 5547 2455 5602 hoc
2482 5552 2770 5615 operantur
2809 5542 3061 5612 peccata?
3102 5540 3323 5608 Quando

1752 5656 1893 5714 enim
1936 5649 2113 5709 fratris
2163 5651 2436 5702 peccatum
2482 5639 2729 5706 evulsas,
2773 5651 2880 5692 non
2928 5635 3072 5690 illum
3117 5641 3321 5689 tantum
