3760 6250
469 269 575 326 267

473 382 959 457 ignominiosiorem
986 380 1135 447 facis,
1163 387 1217 435 et
1245 378 1545 446 segniorem
1582 375 1717 430 forte
1748 375 1815 430 ad
1844 375 2055 430 virtutis

472 481 611 534 viam
644 476 1006 548 repetendam,
1039 473 1132 529 sed
1162 480 1218 528 et
1254 486 1348 527 eos
1372 471 1458 541 qui
1487 468 1742 533 audiunt,
1783 468 2057 539 negligen-

474 573 635 627 tiores
680 570 860 626 reddis
882 612 895 634 ,
943 577 998 623 et
1036 566 1101 621 ad
1132 565 1431 621 socordiam
1462 562 1706 617 inducis:
1738 576 1911 632 neque
1952 560 2055 616 hoc

470 664 665 724 solum,
713 656 805 717 sed
848 659 1007 714 etiam
1052 656 1106 712 id
1150 656 1321 733 efficis
1367 663 1422 709 ut
1468 655 1607 709 Deus
1636 651 2049 722 blasphemetur.

473 750 614 805 istud
638 759 814 805 autem
837 757 1091 818 quantum
1118 746 1271 801 affert
1295 744 1616 814 supplicium
1638 743 1702 797 iis
1721 742 1810 813 qui
1838 756 2052 797 causam

467 843 711 915 praebent
729 884 744 909 ,
776 856 934 896 nemo
960 847 1043 895 est
1065 839 1153 911 qui
1182 839 1409 908 ignoret.
1439 835 1725 905 Fugiamus
1751 833 1928 904 igitur,
1961 830 2057 886 ob-

470 950 646 999 secro,
680 948 859 989 mores
885 928 1075 999 Cham,
1104 929 1373 985 imitemur
1403 937 1577 982 autem
1604 925 1891 996 proborum
1933 922 2053 978 ilio-

466 1042 584 1082 rum
616 1026 843 1083 filiorum
872 1023 1149 1094 pudorem,
1180 1036 1338 1092 quem
1364 1020 1417 1074 in
1446 1017 1776 1088 contegenda
1820 1014 2055 1086 parentis

469 1120 706 1177 nuditate
729 1119 1069 1174 declararunt
1109 1134 1123 1171 :
1152 1125 1206 1171 et
1232 1115 1303 1169 ita
1322 1112 1641 1184 'obtegamus
1678 1111 1899 1165 fratrum
1928 1124 2051 1179 pec-

464 1222 603 1276 cata,
633 1227 739 1266 non
786 1220 843 1265 ut
887 1209 1030 1280 ipsos
1060 1205 1471 1277 negligentiores
1498 1218 1592 1272 per
1619 1201 1719 1256 hoc
1742 1198 2050 1264 reddamus,

466 1302 560 1359 sed
588 1311 646 1358 ut
673 1303 772 1356 bac
803 1301 1007 1356 ratione
1034 1298 1293 1368 majorem
1324 1296 1427 1350 illis
1453 1293 1789 1349 occasionem
1812 1289 2049 1361 praebea-

465 1411 606 1461 mus,
638 1403 694 1449 ut
723 1394 829 1449 cito
859 1392 927 1447 ab
959 1392 1057 1446 hac
1086 1386 1317 1460 pernicie
1343 1387 1656 1450 liberentur,
1691 1384 1813 1439 etin
1844 1380 2052 1437 virtutis

462 1489 605 1541 viam
635 1483 871 1540 redeant.
916 1481 1048 1538 Nam
1073 1483 1212 1536 sicut
1248 1494 1352 1534 non
1380 1477 1577 1532 multos
1608 1475 1805 1530 habere
1825 1473 2051 1529 delicto-

462 1593 582 1632 rum
626 1585 791 1632 testes
827 1571 1160 1645 resipiscenti
1202 1570 1495 1625 faciliorem
1535 1567 1766 1623 reditum
1798 1564 2001 1636 praebet
2034 1580 2047 1619 :

461 1668 538 1723 sic
557 1710 572 1734 ,
600 1667 645 1723 si
674 1666 903 1721 frontem
932 1661 1269 1735 perfricuerit
1296 1660 1528 1724 animus,
1560 1666 1615 1714 et
1653 1656 1845 1712 viderit
1876 1652 2050 1710 nemi-

462 1774 582 1814 nem
600 1758 843 1829 ignorare
863 1772 981 1826 qua:
1003 1754 1140 1810 mala
1163 1752 1457 1815 admiserit,
1476 1766 1581 1804 non
1613 1746 1767 1804 facile
1786 1748 2051 1803 desistere

460 1853 641 1908 volet:
680 1851 773 1908 sed
799 1849 951 1922 quasi
980 1849 1035 1904 in
1073 1845 1393 1919 profundum
1421 1845 1592 1899 lutum
1639 1841 1948 1905 incidisset,
1997 1847 2052 1894 et

459 1946 710 1999 deorsum
741 1942 808 1998 ab
840 1940 1133 1996 innumeris
1176 1947 1458 2010 raperetur
1503 1935 1789 2003 fluctibus,
1835 1932 2051 1989 difficile

462 2052 737 2107 emergere
768 2036 1003 2107 poterit:
1048 2034 1101 2088 in
1131 2030 1561 2103 deSperationem
1605 2027 1748 2083 enim
1789 2024 1963 2095 cadit,
1994 2036 2051 2081 ct

461 2131 666 2186 nullum
698 2130 797 2184 sibi
826 2129 1051 2183 reditum
1088 2125 1365 2197 promittit.

529 2226 583 2281 ὅ.
628 2223 864 2288 Idcirco,
915 2235 1144 2293 precor,
1195 2233 1266 2274 ne
1314 2216 1622 2287 delegamus
1682 2213 2047 2285 proximorum

460 2319 660 2388 lapsus,
685 2324 738 2370 et
767 2316 808 2369 si
836 2315 904 2368 ab
919 2314 1037 2368 aliis
1063 2327 1156 2367 eos
1184 2310 1547 2373 didicerimus,
1580 2324 1647 2363 ne
1665 2318 1964 2377 satagamus
1993 2315 2050 2361 ut

460 2410 673 2466 auditas
699 2407 937 2460 videatur
970 2422 983 2458 :
1016 2403 1110 2459 sed
1136 2403 1272 2457 sicut
1297 2400 1451 2473 probi
1482 2399 1558 2453 illi
1584 2396 1675 2452 filii
1707 2399 2045 2468 obtegamus,

460 2502 856 2563 adumbremus,
875 2496 1237 2551 admonitione
1262 2504 1316 2550 et
1335 2492 1570 2548 consiliis
1588 2491 1787 2561 lapsam
1814 2491 2045 2542 animant

459 2595 665 2665 erigere
707 2590 1032 2654 studeamus,
1082 2584 1462 2642 misericordia:
1493 2584 1586 2639 Dei
1629 2576 2047 2652 magnitudinem

459 2686 732 2750 docentes,
775 2690 829 2737 et
871 2680 1121 2735 bonitatis
1166 2677 1282 2748 ejus
1324 2674 1694 2732 excellentiam
1739 2682 1793 2728 et
1835 2672 2046 2727 miscri-

458 2779 654 2836 cordite
697 2776 1129 2838 immensitatcm,
1180 2780 1238 2826 ut
1266 2773 1522 2841 majorem
1571 2784 1729 2839 quam
1780 2762 1854 2822 illi
1884 2766 2047 2821 bene-

458 2874 743 2930 dictionem
768 2871 835 2925 ab
864 2870 1099 2923 omnium
1131 2867 1355 2921 Domino
1376 2878 1788 2933 consequamur,
1815 2861 1912 2928 Qui
1944 2860 2047 2913 vult

458 2982 629 3021 omnes
675 2963 900 3020 homines
944 2962 1111 3015 salvos
1140 2959 1274 3027 ﬁeri,
1319 2967 1365 3012 et
1399 2955 1466 3010 ad
1494 2955 1800 3026 agnitionem
1827 2952 2046 3007 veritatis

458 3056 625 3112 venire
658 3056 736 3126 (l.
760 3054 895 3108 Tim.
915 3054 971 3106 2.
1001 3053 1091 3121 4):
1117 3051 1203 3121 qui
1231 3066 1337 3104 non
1365 3048 1477 3103 vult
1503 3046 1719 3101 Mortem
1750 3045 2043 3116 peccatoris,

459 3150 548 3204 scd
579 3157 635 3202 ut
659 3157 975 3202 convertatur
994 3156 1041 3200 et
1079 3146 1208 3199 vivat
1239 3140 1451 3214 (Ezeclt.
1485 3142 1571 3197 18.
1598 3138 1716 3214 23).
1739 3138 1808 3193 Et
1836 3139 2043 3192 nudita-

460 3251 577 3307 tem,
626 3239 816 3313 inquit,
855 3237 1014 3307 patris
1051 3237 1133 3291 sui
1180 3251 1280 3289 non
1325 3236 1571 3288 viderunt.
1608 3232 1738 3287 Vide
1778 3230 2045 3301 quomodo

460 3348 558 3403 per
584 3332 756 3401 legem
783 3338 984 3384 naturae
1012 3328 1230 3382 inditam
1260 3328 1406 3397 prius
1428 3334 1483 3381 et
1518 3326 1585 3380 ab
1615 3324 1765 3379 initio
1788 3324 2045 3395 impleve-

458 3433 585 3481 runt
612 3439 675 3480 ea
702 3439 817 3494 qua:
848 3433 967 3493 post
992 3421 1058 3477 ad
1101 3421 1448 3477 erudiendum
1480 3419 1765 3473 humanum
1796 3432 1964 3489 genus
1991 3417 2042 3470 in

460 3520 576 3590 lege
599 3518 792 3588 scripta
825 3516 1038 3571 fuerunt
1068 3532 1080 3567 :
1110 3524 1165 3570 et
1190 3514 1242 3570 id
1271 3514 1412 3585 quod
1442 3514 1527 3568 lex
1554 3513 1764 3568 dicebat
1788 3511 2045 3567 :‘Honora

459 3621 651 3680 patrem
679 3618 819 3662 tuum
861 3616 909 3660 et
952 3616 1163 3660 matrem
1209 3614 1371 3669 tuam,
1403 3614 1456 3657 at
1486 3606 1607 3657 bene
1631 3604 1694 3658 sit
1730 3602 1818 3656 tibi
1844 3601 2041 3673 (Exod.

455 3701 546 3757 20.
582 3701 705 3772 12):
734 3708 807 3766 et,
841 3699 939 3764 Qui
978 3698 1228 3751 maledicit
1262 3696 1394 3767 patri
1428 3696 1503 3750 vel
1549 3696 1716 3760 matri,
1750 3704 1908 3749 morte
1931 3710 2043 3749 mo-

455 3794 619 3848 riatur
645 3789 751 3862 (Ib.
782 3789 1020 3859 2L”):
1073 3789 1173 3842 line
1212 3788 1322 3856 jam
1369 3787 1620 3856 operibus
1668 3787 2041 3856 impleverunt.

460 3884 648 3938 Vidisti
679 3880 947 3951 quomodo
974 3890 1159 3934 natura
1184 3879 1329 3949 prius
1352 3877 1704 3933 sufficientem
1735 3876 1918 3932 babuit
1945 3877 2041 3932 do-

455 3980 678 4037 ctrinam
697 3979 720 4033 ?

528 4071 759 4125 Ebrietas
797 4069 995 4123 daemon
1022 4065 1353 4121 voluntarius.
1370 4064 1539 4118 ——2$.
1568 4062 1833 4134 Evigilavit
1851 4074 2040 4131 autem,

458 4162 649 4234 inquit,
702 4160 817 4214 Noe
844 4177 875 4211 a
906 4159 1041 4227 vino,
1092 4168 1139 4212 et
1167 4158 1395 4229 cognovit
1437 4172 1550 4224 qua:
1577 4158 1765 4224 fecerat
1788 4155 1880 4210 sibi
1907 4158 2045 4226 filius

448 4255 649 4326 junior.
697 4252 967 4323 Evigilavit
1013 4260 1177 4304 autem
1208 4292 1224 4316 ,
1274 4250 1463 4320 inquit.
1510 4249 1743 4303 Audiant
1783 4249 1872 4319 qui
1917 4250 2041 4305 totis

457 4347 645 4406 diebus
685 4346 738 4400 in
768 4343 1026 4399 conviviis
1068 4352 1347 4397 versantur
1385 4343 1563 4412 lapsus
1590 4345 1926 4411 gravitatem,
1955 4340 2041 4396 fu-

454 4437 708 4507 giantque
749 4434 889 4505 quod
939 4449 1003 4488 ex
1049 4432 1305 4488 ebrietate
1330 4441 1410 4487 est
1432 4432 1705 4486 damnum.
1754 4430 1851 4486 Sui
1876 4441 2043 4486 autem

453 4529 622 4601 factus
665 4544 889 4596 compos,
932 4525 1120 4597 inquit.
1149 4524 1285 4592 Quid
1313 4533 1416 4588 est,
1461 4522 1559 4580 Sui
1587 4526 1751 4595 factus
1795 4523 2043 4593 compos?

457 4621 514 4676 ld
529 4618 669 4690 quod
688 4633 787 4673 nos
801 4618 1008 4673 discere
1032 4617 1267 4672 solemus
1281 4616 1347 4671 de
1365 4616 1595 4682 furiosis,
1614 4615 1658 4670 si
1675 4614 1888 4686 quando
1899 4614 1963 4669 ad
1982 4631 2041 4671 se

456 4711 679 4767 redeant
705 4727 719 4762 :
752 4710 848 4764 llic
875 4724 906 4763 a
932 4708 1177 4765 daemone
1204 4717 1480 4777 correptus
1501 4708 1582 4763 sui
1605 4722 1826 4778 compos
1847 4707 2036 4773 factus,

456 4815 511 4858 et
536 4803 605 4857 ab
645 4801 785 4856 illius
816 4799 1096 4871 tyrannide
1124 4799 1377 4855 liberatus
1418 4809 1503 4855 est
1534 4816 1546 4851 :
1580 4798 1631 4853 id
1671 4800 1770 4855 sibi
1800 4800 1915 4855 vult
1940 4800 2043 4856 hoc

452 4892 576 4954 loco
616 4894 911 4965 Scriptura.
961 4893 1100 4949 Vere
1144 4893 1288 4948 enim
1332 4892 1562 4948 ebrietas
1604 4892 1935 4949 voluntarius
1957 4903 2041 4951 est

456 4990 689 5054 daemon,
716 4999 766 5043 et
789 4988 1003 5059 gravius
1025 5002 1184 5057 quam
1210 4987 1419 5043 daemon
1445 4997 1678 5042 mentem
1698 4987 2035 5055 obtenebrat,

453 5091 746 5153 etcaptum
794 5081 941 5137 omni
985 5080 1355 5137 benevolentia
1401 5079 1661 5136 destituit.
1712 5081 1866 5151 Saepe
1894 5084 2037 5139 enim

456 5175 839 5231 demoniacutn
861 5175 1101 5230 videntes
1125 5174 1488 5229 misericordia
1516 5190 1811 5243 movemur,
1834 5186 1888 5231 et
1911 5191 2039 5233 con-

452 5267 718 5335 dolemus,
766 5282 1117 5339 magnamque
1160 5284 1286 5339 erga
1331 5268 1476 5323 illum
1516 5269 2037 5327 commiserationem

457 5357 821 5426 declaramus;
870 5371 1056 5416 contra
1094 5371 1272 5416 autem
1296 5360 1519 5416 facimus
1548 5363 1689 5417 circa
1714 5362 1890 5418 ebrios
1914 5380 1931 5419 :
1957 5364 2039 5418 in-

447 5446 733 5518 dignamur
750 5451 912 5514 euim,
940 5468 1080 5520 mgre
1094 5451 1334 5517 ferimus,
1357 5454 1636 5510 innumera
1657 5455 2029 5525 imprecamur.

451 5536 629 5603 Quare
655 5549 710 5595 et
732 5554 833 5609 qua
864 5541 931 5597 de
954 5546 1150 5599 causa?
1178 5545 1309 5612 Quia
1339 5547 1425 5601 ille
1447 5548 1532 5617 qui
1560 5562 1591 5603 a
1628 5549 1767 5603 malo
1791 5548 2034 5606 daemone

452 5630 700 5699 agitatur,
733 5632 1117 5690 involuntarius
1162 5649 1416 5706 operatur
1440 5653 1502 5693 ea
1528 5654 1647 5708 quae
1673 5648 1943 5710 operatur,
1971 5656 2035 5697 ac

457 5721 582 5781 licet
623 5724 943 5793 recalcitret,
988 5725 1110 5781 licet
1154 5739 1363 5799 rumpat
1408 5739 1628 5798 vestem,
1676 5741 1730 5787 et
1780 5733 2029 5789 obscmna

1234 264 1294 321 S.
1334 262 1611 320 JOANNIS
1647 259 2117 317 CHRYSOSTOMI
2154 259 2471 317 ARClliEP.
2514 260 3048 317 CONSTANTINOI’.
3648 269 3728 328 25$

2163 373 2425 445 quaepiam
2476 374 2741 442 loquatur,
2793 376 2948 430 venia
2991 376 3183 448 dignus
3223 387 3517 435 censetur:
3569 391 3621 435 at
3662 362 3741 454 qui

2161 466 2339 521 ebrius
2383 472 2484 532 est,
2530 466 2786 536 quidquid
2830 468 3038 534 fecerit,
3085 482 3190 523 non
3220 478 3303 524 est
3327 471 3480 526 venia
3518 472 3730 542 dignus:

2160 556 2255 611 sed
2297 563 2352 612 et
2396 557 2550 612 valde
2593 558 2836 613 incusant
2879 559 3028 614 illum
3054 560 3362 628 familiares,
3391 564 3569 627 amici,
3599 577 3647 620 et
3673 568 3732 619 vi.

2159 649 2288 716 cini,
2316 659 2370 706 et
2399 651 2451 706 in
2479 666 2688 707 summa
2716 666 2935 717 omnes;
2982 654 3103 724 quia
3135 665 3326 723 sponte
3371 666 3424 711 et
3452 658 3741 723 voluntarie,

2161 736 2214 794 in
2256 739 2395 797 banc
2447 742 2740 813 nequitiam
2786 743 3016 810 transiit,
3062 754 3118 799 et
3162 746 3436 804 ebrietatis
3489 754 3731 820 tyrannidi

2159 830 2393 902 seipsum
2423 832 2645 890 dedidit.
2676 833 2739 889 Et
2760 832 2875 889 haec
2896 834 3018 891 dico
3041 850 3146 891 non
3174 848 3230 890 ut
3271 838 3475 907 justum
3498 840 3729 897 incusem.

2158 925 2324 980 multa
2370 927 2513 981 enim
2562 937 2714 985 erant
2758 939 2979 999 propter
3005 945 3123 1000 qua:
3151 931 3224 985 illi
3257 933 3409 987 venia
3437 933 3729 999 debebatur,

2159 1024 2214 1071 et
2257 1032 2377 1072 cum
2425 1019 2629 1088 primis,
2654 1006 2802 1090 quod
2851 1036 2957 1074 non
2991 1020 3044 1075 in
3076 1022 3127 1077 id
3156 1022 3269 1077 vitii
3300 1034 3486 1093 postea
3515 1026 3731 1096 relapsus

2159 1115 2261 1172 est,
2304 1108 2355 1163 id
2383 1109 2525 1179 quod
2565 1111 2853 1165 maximum
2880 1111 3040 1168 fuerit
3068 1113 3322 1171 indicium
3347 1131 3475 1171 eum
3505 1133 3570 1172 ex
3602 1118 3729 1188 igno—

2158 1202 2350 1264 rantia,
2397 1216 2503 1256 non
2553 1214 2617 1257 ex
2664 1204 2977 1274 negligentia
3025 1207 3170 1275 prius
3200 1206 3520 1278 deliquisse.
3551 1209 3671 1263 Nam
3698 1214 3727 1263 si

2159 1289 2261 1345 lioe
2282 1290 2468 1346 fuisset
2498 1295 2853 1364 negligentiae,
2882 1297 3161 1367 oportebat
3189 1313 3310 1353 eum
3339 1301 3536 1354 iterum
3567 1300 3727 1355 eodem

2161 1382 2350 1437 morbo
2382 1383 2541 1453 capi:
2571 1384 2623 1439 id
2666 1386 2807 1455 quod
2854 1401 2959 1442 non
3003 1390 3205 1445 evenit.
3247 1388 3379 1445 Nam
3424 1392 3472 1445 si
3501 1392 3668 1446 denuo
3694 1396 3727 1447 id

2158 1473 2463 1545 accidisset,
2514 1475 2788 1549 Scriptura
2829 1480 3014 1552 utique
3058 1496 3163 1537 non
3194 1480 3531 1551 obticuisset,
3564 1487 3651 1539 sed
3675 1489 3727 1539 si-

2152 1566 2463 1635 gnificassct
2491 1567 2663 1623 nobis.
2694 1570 2841 1627 Unus
2865 1572 3008 1627 enim
3031 1584 3222 1644 scapus
3243 1583 3299 1629 et
3329 1577 3592 1630 terminus
3610 1577 3728 1633 Scri-

2158 1667 2327 1728 plura:
2372 1659 2566 1715 divinas
2606 1672 2707 1727 est,
2738 1675 2805 1719 ne
2833 1662 2963 1735 quid
3002 1663 3263 1721 factorum
3294 1665 3629 1735 intermittat,
3658 1671 3727 1724 sed

2158 1752 2437 1808 veritatem
2484 1766 2584 1809 nos
2622 1754 2830 1812 doceat.
2862 1756 3045 1828 Neque
3072 1758 3214 1814 enim
3261 1773 3488 1831 propter
3508 1763 3726 1816 invidiam

2150 1843 2419 1915 justorum
2475 1847 2699 1903 virtutes
2756 1851 3012 1920 praeterit,
3045 1866 3216 1920 neque
3257 1862 3483 1921 prepter
3532 1855 3728 1924 gratiam

2156 1945 2373 2007 peccata
2401 1938 2682 1994 adumbrat
2710 1958 2725 1995 :
2751 1940 2847 1996 sed
2888 1944 3064 1997 omnia
3101 1943 3154 1997 in
3185 1944 3419 1998 medium
3455 1945 3607 1998 nobis
3630 1961 3729 2014 pro-

2154 2030 2321 2100 ponit,
2351 2040 2408 2085 ut
2429 2032 2665 2102 regulam
2692 2039 2747 2089 et
2782 2034 3079 2090 doctrinam
3109 2036 3395 2107 quamdam
3437 2038 3725 2104 habeamus,

2153 2130 2207 2178 et
2249 2131 2307 2177 ut
2358 2122 2403 2177 si
2433 2124 2645 2194 quando
2673 2125 2833 2180 etiam
2865 2142 2964 2182 nos
2991 2142 3088 2198 per
3111 2130 3416 2185 socordiam
3447 2132 3502 2186 in
3530 2132 3649 2203 quid
3669 2136 3729 2184 vi-

2153 2212 2211 2268 tii
2265 2215 2634 2284 inciderimus,
2686 2218 2951 2274 cautiores
3002 2221 3169 2275 simus
3217 2231 3423 2290 postea,
3473 2239 3540 2278 ne
3578 2224 3727 2279 denuo

2153 2305 2468 2363 incidamus.
2500 2307 2681 2379 Neque
2708 2312 2848 2366 enim
2877 2319 2982 2366 tam
3006 2328 3171 2383 grave
3194 2324 3275 2369 est
3305 2331 3550 2385 peccare,
3588 2334 3723 2387 quam

2152 2392 2205 2446 in
2252 2394 2484 2463 peccatis
2531 2406 2898 2464 perseverare.
2948 2398 3130 2469 itaque
3172 2415 3277 2454 non
3305 2402 3526 2457 attende
3568 2404 3721 2458 solum

2151 2485 2293 2555 quod
2326 2483 2615 2542 inebriatus
2658 2490 2725 2544 sit
2766 2488 2974 2559 justus,
3015 2490 3108 2546 scd
3139 2491 3279 2562 quod
3311 2503 3497 2563 postea
3526 2510 3629 2549 non
3650 2496 3728 2549 ite-

2150 2587 2267 2629 rum
2301 2575 2402 2632 hoc
2431 2575 2478 2632 el
2521 2578 2796 2634 acciderit.
2847 2580 2983 2636 Illud
3024 2595 3151 2637 vero
3181 2585 3467 2639 considera
3493 2628 3507 2653 ,
3536 2600 3630 2641 eos
3656 2590 3729 2656 qui

2152 2667 2204 2722 in
2252 2669 2486 2726 tabernis
2518 2672 2734 2726 vinariis
2771 2672 3009 2743 qiiotidie
3035 2686 3427 2732 causumuntur
3449 2721 3465 2744 ,
3497 2688 3551 2734 et
3582 2680 3729 2735 ferme

2150 2757 2395 2827 dixerim,
2412 2762 2645 2831 quotidie
2664 2766 2964 2819 moriuntur
2987 2784 3000 2819 :
3020 2767 3226 2822 etiamsi
3255 2769 3473 2838 quando
3496 2772 3577 2826 sui
3603 2787 3731 2825 eont-

2151 2860 2301 2918 pmes
2345 2848 2540 2906 fuerint
2585 2852 2746 2921 facti,
2781 2870 2953 2926 neque
2974 2858 3051 2912 sic
3096 2859 3196 2912 sibi
3238 2870 3431 2915 cavent
3461 2862 3528 2916 al)
3556 2864 3727 2917 eodem

2152 2941 2389 3009 periculo
2408 2983 2424 3009 ,
2454 2943 2546 2999 sed
2576 2947 2727 3015 quasi
2763 2947 2827 3001 ad
2860 2961 2995 3018 opus
3025 2949 3293 3020 quoddam
3324 2960 3602 3008 strenuum
3631 2956 3731 3009 red.

2148 3041 2296 3087 eunt.
2343 3034 2561 3107 Insuper
2617 3044 2674 3093 et
2719 3038 2819 3093 line
2874 3042 2992 3110 quis
3030 3042 3153 3111 jure
3192 3045 3482 3115 cegitabit,
3542 3046 3725 3117 justum

2150 3122 2319 3191 illum,
2367 3127 2467 3182 etsi
2509 3129 2649 3198 quod
2682 3142 2784 3184 non
2827 3139 3078 3202 expertus
3119 3142 3282 3200 esset,
3315 3151 3417 3191 nec
3458 3139 3621 3193 sciret
3646 3156 3729 3209 qua

2149 3228 2403 3272 mensura
2439 3228 2583 3273 esset
2606 3220 2857 3275 utendum
2878 3264 2893 3289 ,
2926 3223 3214 3279 inebriatus
3235 3226 3337 3293 sit;
3370 3236 3606 3289 attamen
3631 3246 3730 3285 cum

2146 3304 2325 3375 justus
2354 3318 2515 3375 esset,
2566 3319 2620 3366 et
2659 3313 2839 3367 multis
2866 3312 3019 3371 bonis
3062 3317 3284 3387 polleret
3322 3321 3598 3390 operibus,
3630 3339 3729 3393 per-

2147 3408 2347 3467 catum,
2403 3401 2542 3473 quod
2594 3416 2718 3459 casu
2756 3410 2953 3475 evenit,
3013 3410 3266 3481 obtegere
3316 3414 3604 3482 potuisse:
3651 3434 3729 3470 nos

2147 3500 2325 3545 autem
2366 3508 2486 3548 cum
2520 3494 2898 3554 abinnumeris
2946 3499 3064 3557 aliis
3117 3502 3491 3559 affectionibus
3530 3508 3729 3562 infeste-

2147 3605 2287 3659 mur,
2330 3601 2383 3648 et
2424 3590 2526 3648 hoc
2564 3593 2843 3662 addamus,
2876 3605 2931 3650 ut
2961 3606 3013 3667 et
3042 3597 3109 3652 ab
3143 3599 3401 3657 ebrietate
3432 3602 3728 3674 submerga-

2147 3698 2286 3749 mur,
2340 3682 2464 3755 quid
2509 3684 2820 3741 excusabit?
2852 3689 2934 3744 vel
2971 3688 3111 3759 quis,
3144 3690 3247 3753 die,
3278 3707 3399 3761 oro,
3434 3710 3533 3749 nos
3560 3696 3729 3766 dign:-

2146 3775 2288 3830 bitur
2310 3777 2483 3846 venia,
2509 3794 2643 3849 quos
2672 3780 2813 3835 nulla
2842 3783 3170 3852 experientia
3197 3783 3320 3839 facit
3342 3788 3731 3859 castigatiores'

2147 3861 2421 3939 Evigilavit
2461 3882 2626 3924 autem
2673 3869 2807 3939 Noe,
2854 3871 3044 3943 inquit,
3073 3892 3103 3927 a
3131 3874 3266 3940 vino,
3298 3886 3347 3930 et
3372 3882 3603 3950 cognovit
3628 3898 3728 3949 qtae

2148 3958 2262 4031 fecit
2282 3961 2381 4015 sibi
2397 3962 2537 4031 ﬁlius
2557 3980 2676 4017 suus
2692 3964 2891 4035 junior.
2909 3965 3059 4021 Unde
3078 3970 3358 4039 cognovit?
3375 3970 3537 4029 Forte
3556 3974 3729 4028 fratrea

2147 4054 2599 4125 significaverunt,
2646 4073 2750 4111 non
2783 4068 2840 4113 ut
2879 4057 3097 4116 fratrem
3127 4074 3464 4131 acetisarent,
3496 4068 3595 4122 sed
3628 4086 3727 4123 retu

2147 4156 2205 4201 ut
2233 4145 2368 4203 facta
2394 4158 2508 4204 erat
2536 4149 2809 4220 docentes,
2858 4160 2915 4206 ut
2942 4154 3263 4211 conveniens
3290 4157 3381 4213 ille
3406 4175 3506 4214 suo
3539 4163 3726 4216 vulneri

2146 4240 2442 4295 remedium
2491 4242 2775 4313 acciperet.
2822 4242 2891 4298 Et
2937 4247 3185 4317 cognovit,
3232 4248 3422 4319 inquit,
3469 4252 3588 4308 Noe
3606 4272 3727 4322 qua:-

2147 4346 2358 4403 cumque
2399 4333 2584 4401 fecerat
2629 4335 2725 4389 sibi
2753 4336 2891 4405 [ilius
2917 4354 3038 4391 suus
3054 4338 3253 4409 junior.
3286 4340 3422 4408 Quid
3451 4352 3555 4411 est,
3587 4345 3726 4412 ρατ-

2146 4442 2354 4497 cumque
2380 4426 2607 4497 fecerat?
2638 4429 2878 4499 Magnam
2909 4440 2963 4485 et
3000 4430 3388 4488 intolerabilem
3416 4452 3531 4490 rem
3559 4438 3727 4492 dicere

2149 4519 2281 4572 vult.
2312 4519 2690 4576 Animadverte
2716 4518 2854 4576 enim
2886 4522 3152 4591 quomodo
3177 4524 3318 4579 intus
3348 4524 3402 4579 in
3436 4526 3601 4581 domo
3628 4530 3725 4582 visa

2145 4609 2312 4683 patris
2343 4610 2688 4682 turpitudine,
2718 4628 2838 4669 cum
2880 4613 3151 4670 debuisset
3189 4617 3463 4688 obtegere,
3491 4635 3725 4691 egressus

2145 4703 2427 4773 evolgavit,
2456 4714 2509 4759 et
2535 4704 2663 4760 risui
2694 4716 2851 4775 atque
2874 4706 3272 4763 subsannatloni
3302 4719 3534 4783 patrem,
3572 4729 3727 4783 quau-

2144 4802 2257 4849 tum
2287 4796 2339 4850 in
2365 4796 2482 4865 ipso
2508 4807 2642 4869 erat,
2674 4798 2944 4868 exposuit,
2974 4797 3271 4871 fratresque
3299 4816 3477 4869 pravae
3500 4820 3616 4860 sua:
3640 4820 3724 4858 vo-

2143 4885 2359 4943 luntatis
2385 4888 2559 4944 socios
2587 4903 2705 4944 esse
2729 4890 2923 4945 voluit:
2945 4906 3065 4946 cum
3089 4892 3430 4962 oportuisset,
3450 4894 3495 4950 si
3517 4896 3725 4952 omnino

2144 4980 2481 5036 nuntiaturus
2524 4991 2659 5050 erat,
2701 4982 2821 5039 illos
2854 4983 2990 5038 intra
3041 4984 3258 5040 domum
3304 5002 3525 5053 vocare,
3578 4999 3630 5045 et
3656 4992 3723 5045 sic

2144 5066 2439 5126 nuditatem
2465 5071 2615 5128 eli‘ari
2649 5092 2662 5125 :
2691 5073 2785 5128 sed
2813 5074 2928 5143 ipse
2958 5074 3100 5131 foras
3124 5076 3281 5143 exiit,
3312 5078 3614 5136 nuditatem
3639 5082 3717 5136 de-

2141 5158 2383 5227 claravit,
2429 5164 2580 5234 quasi
2617 5166 2775 5220 etiam
2824 5166 2925 5220 alia
2964 5166 3175 5222 adesset
3224 5168 3377 5224 turba
3433 5170 3717 5237 hominum,

2140 5269 2274 5325 quos
2297 5255 2455 5310 etiam
2483 5255 2719 5311 facturus
2739 5266 2881 5315 esset
2912 5270 3142 5327 paterna:
3165 5260 3507 5329 turpitudinis
3532 5273 3718 5318 testes:

2140 5360 2359 5419 prepter
2403 5350 2501 5405 hoc
2548 5351 2733 5421 inquit,
2772 5352 2898 5418 Qum
2922 5356 3137 5423 fecerat;
3168 5352 3217 5407 id
3248 5364 3349 5421 est,
3382 5357 3719 5411 contumelio-

2140 5456 2231 5495 sus
2256 5440 2392 5511 patri
2418 5440 2530 5506 fuit,
2561 5443 2757 5497 oblitus
2786 5450 2868 5498 est
2896 5443 3111 5498 honoris
3139 5459 3297 5514 quem
3321 5443 3519 5500 debent
3545 5462 3719 5514 pareo.

2141 5532 2279 5587 tibus
2308 5532 2421 5596 ﬁlii,
2467 5535 2697 5603 prodidit
2736 5545 2971 5605 peccata,
3005 5535 3195 5590 fratres
3219 5535 3383 5589 voluit
3410 5537 3650 5603 allicere,
3674 5549 3719 5591 et

2138 5624 2312 5680 socios
2338 5626 2511 5680 facere
2534 5642 2644 5681 suae
2666 5629 3022 5683 contumeliae.
3050 5628 3175 5693 Qua:
3190 5628 3377 5698 fecerat
3396 5628 3512 5692 sibi,
3539 5629 3716 5700 inquit,

2140 5717 2277 5785 filius
2322 5734 2442 5772 suus
2481 5718 2669 5786 iunior.
2705 5721 2857 5791 Atqui
2890 5736 2993 5776 non
3022 5718 3107 5776 hic
3132 5728 3246 5776 erat
3280 5720 3497 5791 junior;
3532 5714 3741 5779 secuu?
