3760 6270
82 284 179 342 ἓϐ)

82 401 176 453 dus
199 396 336 454 enim
365 404 499 462 erat,
531 404 585 451 et
615 392 783 463 major
814 399 939 445 natu
968 403 1124 459 quam
1151 387 1377 456 Japheth
1406 403 1420 441 :
1447 392 1499 438 at
1529 384 1653 438 licet

82 500 231 546 :rtate
257 491 344 545 illo
371 489 515 561 prior
537 496 671 549 erat,
703 485 973 539 voluntate
997 494 1170 536 tamen
1195 481 1383 542 minor,
1408 490 1460 532 et
1490 486 1653 529 teme.

82 583 205 636 ritas
231 583 373 637 illum
403 580 613 649 dejccit.
644 577 776 632 Nam
809 577 928 645 quia
958 575 1126 629 noluit
1148 572 1289 649 intra
1309 584 1433 623 suos
1459 568 1653 622 limites

83 686 310 735 timuere,
362 648 539 723 amisit
582 667 838 721 honorem
869 664 967 718 sibi
1014 679 1042 715 a
1071 648 1254 715 natura
1282 659 1528 713 traditum
1554 674 1569 709 :
1599 664 1653 708 et

79 763 211 816 sicut
242 761 328 815 ille
372 760 423 815 id
467 758 610 829 quod
641 768 831 811 natura
874 754 1078 817 habuit,
1108 751 1338 820 nequitia
1368 747 1652 803 voluntatis

78 851 271 915 amisit,
302 853 372 906 ita
396 849 623 920 .Iapheth
643 847 784 918 quod
812 857 998 901 natura
1028 861 1132 901 non
1155 843 1355 907 habuit,
1382 840 1649 896 saniorem

77 942 144 995 ob
172 951 397 997 mentem
423 939 648 1008 accepit.

147 1033 202 1086 6.
242 1031 344 1086 Cur
382 1032 520 1099 ﬁlius
546 1029 843 1083 maledictus
869 1027 934 1082 sit
957 1026 1017 1079 ob
1043 1026 1199 1095 patris
1232 1032 1505 1094 peccatum.
1540 1019 1650 1073 Pa-

78 1133 176 1175 tres
201 1139 291 1192 pro
315 1122 480 1175 liberis
507 1120 676 1189 puniri
696 1127 890 1189 optant.
907 1146 977 1157 —
1005 1115 1192 1170 Vidisti
1215 1113 1482 1184 quomodo
1501 1109 1631 1164 nihil

79 1224 277 1267 temere
300 1222 351 1266 et
373 1211 587 1265 fortuito
617 1211 669 1265 in
698 1209 875 1263 divina
892 1206 1164 1276 Scriptura
1184 1204 1486 1273 reperitur?
1522 1200 1652 1269 Qua:

76 1305 261 1366 fecerat
289 1303 413 1366 sibi,
445 1303 644 1370 inquit,
673 1301 810 1370 filius
843 1316 965 1353 suus
1013 1298 1200 1363 iunior.
1233 1296 1325 1351 25.
1359 1294 1426 1348 Et
1477 1292 1603 1345 dixit
1631 1307 1650 1344 :

76 1394 372 1448 Maledicta
418 1395 661 1447 Chanaan
705 1393 864 1461 ﬁlius,
892 1407 1064 1451 servus
1103 1391 1195 1444 erit
1237 1388 1477 1459 fratribus
1524 1385 1647 1440 suis.

76 1487 212 1540 Ecce
236 1486 570 1557 pervenimus
590 1483 656 1537 ad
678 1484 1026 1553 quazstionem
1049 1480 1195 1535 illam
1214 1479 1646 1547 ubiquemotam.

75 1579 263 1631 Multos
286 1578 424 1631 enim
452 1576 697 1630 audimus
726 1574 964 1630 dicentes
1003 1592 1016 1628 :
1048 1571 1223 1640 Quare
1251 1582 1371 1624 cum
1400 1582 1650 1637 peccave—

72 1669 140 1721 rit
166 1679 333 1737 pater,
360 1677 411 1722 et
440 1666 734 1737 prodiderit
760 1665 1075 1729 nuditatem,
1132 1661 1279 1716 filius
1305 1658 1646 1714 malediCtum

70 1758 324 1828 suscipit?
348 1758 603 1823 Obsecro,
630 1755 889 1812 attendite
916 1754 1219 1825 diligenter,
1248 1760 1304 1807 et
1331 1752 1649 1813 solutionem

70 1850 308 1918 accipite.
338 1848 429 1903 Illa
450 1849 591 1903 enim
614 1847 874 1906 dicemus.
893 1861 1012 1916 qua:
1030 1842 1447 1914 suppeditaverit
1472 1838 1649 1894 divina

67 1943 233 2009 gratia
261 1951 474 2011 propter
500 1949 732 1995 vestram
764 1939 1067 1994 utilitatem.
1114 1936 1179 1991 Et
1218 1935 1348 1990 dixit
1377 1950 1395 1988 :
1432 1934 1653 1988 Maledi-

66 2042 177 2083 ctus
200 2029 440 2085 Chanaan
466 2030 620 2100 ﬁlius,
645 2045 815 2084 servus
839 2028 930 2083 erit
956 2026 1200 2098 fratribus
1215 2024 1338 2081 suis.
1370 2024 1489 2079 Non
1516 2024 1646 2078 sim-

70 2121 296 2188 pliciter,
321 2136 491 2191 neque
509 2122 559 2175 in
586 2136 780 2175 vanum
798 2118 1236 2176 commemoravit
1256 2118 1444 2180 lilium,
1468 2114 1562 2170 sed
1580 2114 1651 2168 ob

68 2213 321 2269 latentem
342 2215 623 2269 rationem.
653 2213 879 2268 Volebat
903 2212 1048 2268 enim
1066 2211 1226 2266 simul
1252 2221 1307 2267 et
1330 2210 1505 2280 ipsum
1530 2223 1650 2263 cor-

64 2304 241 2372 ripere
269 2313 485 2374 propter
503 2316 797 2374 peccatum,
829 2314 883 2360 et
907 2303 1284 2359 contumeliam
1307 2318 1410 2373 qua
1431 2316 1492 2357 se
1513 2300 1647 2355 alle-

62 2403 247 2448 ccmt:
279 2404 333 2449 et
371 2395 528 2449 simul
574 2395 786 2450 nolebat
832 2393 1154 2449 labefactare
1200 2392 1647 2457 benedictionem,

63 2502 185 2553 qua:
205 2487 279 2541 illi
305 2486 507 2556 pridem
534 2503 564 2541 a
590 2488 697 2543 Deo
730 2487 867 2541 facta
909 2486 1081 2542 fuerat
1117 2484 1424 2541 :Benediazit
1467 2485 1608 2541 enim
1632 2524 1648 2549 ,

63 2578 255 2647 inquit.
290 2578 425 2635 Deus
474 2579 588 2634 Noe
610 2581 814 2650 quando
828 2580 981 2641 exivit
1006 2596 1069 2633 ea:
1093 2596 1234 2646 arca,
1260 2589 1306 2634 et
1336 2579 1470 2649 ﬁlios
1510 2576 1651 2631 illius

66 2671 221 2740 (Gen.
246 2672 299 2726 9.
330 2673 355 2727 1
386 2672 427 2741 ).
461 2672 531 2729 Ut
571 2673 729 2741 igitur
772 2690 841 2729 ne
864 2672 1107 2728 videatur
1147 2672 1465 2728 maledicere
1491 2686 1649 2742 quem

63 2760 209 2819 Deus
234 2765 403 2820 semel
440 2765 802 2831 benedixerat,
844 2766 1116 2835 praeterito
1143 2764 1234 2819 illo
1258 2765 1348 2835 qui
1381 2780 1440 2819 se
1466 2772 1651 2820 contu-

60 2857 221 2911 melia
251 2856 520 2921 aﬂ‘ecerat,
554 2859 661 2913 lilio
687 2858 1027 2913 maledictum
1073 2858 1269 2912 intulit.
1301 2857 1453 2923 Esto,
1496 2857 1649 2912 dixe-

59 2950 175 3012 ris,
229 2948 332 3005 hoc
383 2949 597 3020 quidem
651 2950 885 3004 ostendit
928 2959 1207 3020 pr0pterea
1265 2948 1429 3004 Cham
1483 2949 1651 3003 maleo

60 3044 264 3098 dictum
285 3059 389 3097 non
410 3042 593 3109 fuisse,
611 3043 731 3113 quia
760 3043 906 3112 prius
928 3056 959 3096 a
982 3039 1089 3096 Deo
1107 3040 1527 3096 benedictionem
1557 3054 1652 3095 ac-

58 3146 281 3207 ceperat
320 3153 334 3190 :
367 3151 532 3206 quare
556 3147 734 3190 autem
761 3150 882 3190 cum
912 3134 1002 3188 ille
1033 3134 1351 3203 peccaverit,
1402 3132 1485 3186 hic
1534 3148 1651 3201 pre-

59 3244 185 3281 nam
213 3227 350 3282 luit?
373 3227 555 3296 Neque
583 3229 683 3280 hoe
703 3225 904 3295 absque
936 3225 1137 3279 ratione
1158 3224 1353 3279 factum
1385 3233 1488 3278 est.
1516 3224 1651 3278 Nam

59 3330 215 3389 pater
260 3333 366 3373 non
412 3320 672 3373 minorem
708 3333 915 3387 pmnam
949 3316 1149 3381 habuit,
1179 3331 1338 3387 quam
1391 3317 1529 3371 Illius
1556 3354 1569 3381 ,
1599 3324 1655 3371 et

57 3411 356 3465 cruciatum
385 3410 571 3464 sensit.
617 3409 778 3465 Scitis
803 3409 968 3473 enim,
1001 3408 1149 3462 scitis
1188 3406 1455 3477 quomodo
1481 3421 1652 3476 saepe-

58 3518 290 3557 numero
331 3510 506 3572 patres
548 3501 744 3572 precati
788 3510 913 3554 sunt
952 3510 1006 3553 nt
1064 3499 1295 3553 filiorum
1347 3514 1531 3569 pinnas
1557 3498 1654 3565 ipsi

57 3594 308 3658 ferrent;
339 3603 395 3647 et
435 3595 649 3661 gravius
699 3592 802 3645 illis
847 3606 969 3647 esse
998 3590 1179 3645 videre
1228 3591 1365 3645 lilios
1393 3588 1655 3659 supplicio

55 3686 227 3753 affici,
252 3702 412 3756 quam
442 3688 485 3740 si
518 3687 614 3755 ipsi
643 3685 708 3740 iis
734 3683 1167 3739 forentobnoxii.
1197 3683 1418 3739 Factum
1446 3693 1529 3738 est
1552 3683 1655 3737 hoc

56 3780 250 3849 igitur,
280 3790 339 3832 ut
368 3777 459 3832 ille
488 3778 557 3831 ob
584 3776 883 3832 naturalem
924 3775 977 3830 in
1014 3776 1178 3830 lilium
1202 3790 1464 3839 amorem,
1488 3774 1656 3843 majo—

54 3886 180 3927 rem
229 3871 459 3928 sentiret
485 3871 747 3937 dolorem,
793 3879 847 3925 et
880 3869 1179 3926 benedictio
1207 3868 1300 3923 Dei
1349 3876 1658 3922 servaretur

55 3950 342 4031 inviolata,
369 3974 424 4021 et
449 3964 586 4019 filius
607 3972 821 4034 accepta
854 3962 1248 4025 maledictione,
1278 3975 1497 4016 suorum
1526 3975 1652 4031 pro-

57 4059 307 4127 priorum
334 4072 521 4127 poenas
549 4066 887 4127 peccatorum
915 4056 1107 4111 lueret.
1135 4054 1266 4109 Nam
1294 4056 1416 4111 licet
1440 4062 1658 4124 propter

56 4152 234 4221 patris
258 4159 538 4221 peccatum
564 4165 703 4204 nunc
733 4147 1091 4203 maledictioni
1118 4146 1187 4201 sit
1209 4147 1494 4211 obnoxius,
1522 4153 1660 4198 atta-

55 4261 191 4300 men
223 4244 516 4299 verisimile
544 4252 647 4307 est,
680 4258 803 4298 eum
848 4242 1007 4296 etiam
1054 4250 1274 4310 pr0pter
1318 4256 1413 4295 sua
1459 4240 1655 4295 delicta

52 4338 284 4393 dedisse
328 4351 563 4406 pinnam.
608 4334 724 4389 Non
752 4334 894 4389 enim
921 4333 1094 4388 solum
1121 4341 1343 4403 propter
1384 4340 1658 4401 peceatum

50 4428 235 4499 patris
283 4426 715 4482 maledictionem
752 4424 976 4494 accepit,
1006 4423 1103 4479 sed
1148 4422 1392 4478 fortassis
1415 4424 1577 4477 etiam
1606 4430 1663 4476 ut

51 4537 165 4590 per
195 4520 376 4589 ipsum
401 4517 491 4573 ille
516 4518 769 4587 majorem
792 4531 1004 4586 poenam
1034 4514 1313 4584 penderet.
1349 4513 1482 4568 Nam
1517 4513 1660 4583 quod

51 4626 243 4682 neque
263 4621 444 4683 patres
466 4624 565 4680 pro
589 4609 730 4674 filiis,
758 4622 928 4678 neque
953 4606 1047 4661 lilii
1072 4621 1165 4676 pro
1185 4606 1422 4676 patribus
1449 4620 1673 4675 poenam

50 4704 239 4768 luant,
284 4701 381 4757 sed
422 4701 786 4771 unusquisque
827 4715 924 4770 pro
951 4699 1063 4752 suis
1106 4697 1336 4767 peccatis
1384 4712 1555 4767 ptena:
1593 4697 1666 4751 sit

61 4793 377 4858 obnoxius,
402 4792 589 4848 multis
615 4792 666 4846 in
698 4791 830 4846 locis
854 4806 880 4844 a
907 4789 1180 4861 prophetis
1208 4789 1407 4843 dictum
1461 4788 1664 4842 inveni-

48 4903 210 4947 mus.
242 4896 302 4944 ut
330 4901 451 4942 cum
473 4886 656 4940 dicunt
687 4902 702 4941 ε
728 4883 1042 4939 Comedentis
1081 4900 1204 4938 uvas
1223 4883 1450 4950 acerbas,
1489 4883 1662 4937 dentes

46 4980 431 5046 obstupescunt
459 4975 591 5047 (Jer.
620 4977 710 5031 5|.
734 4975 828 5046 29)
851 4993 866 5042 ;
916 4984 990 5041 ct,
1016 4975 1200 5029 Anima
1227 4991 1338 5046 quae
1367 4976 1661 5044 peccauerit,

45 5076 179 5141 ipsa
234 5080 284 5127 et
332 5071 576 5125 morietur
612 5068 823 5141 (Eucti.
854 5070 939 5125 18.
986 5069 1124 5140 20);
1166 5079 1221 5124 et
1270 5070 1459 5125 iterum
1498 5088 1510 5124 :
1543 5068 1665 5123 Non

49 5167 357 5220 morientur
398 5175 566 5233 patres
605 5180 698 5233 pro
740 5164 859 5233 ﬁliis
886 5204 900 5229 ,
953 5180 1110 5233 neque
1157 5163 1253 5231 ﬁlii
1304 5179 1396 5233 pro
1438 5163 1664 5233 patribus

46 5258 75 5327 δ’
90 5258 249 5311 Deut.
282 5257 375 5311 Si.
404 5255 470 5312 ιθ
490 5252 533 5327 ).
556 5253 743 5310 Nullus
789 5256 947 5324 igitur
977 5265 1235 5321 vestrum,
1265 5270 1469 5324 qnazso,
1512 5256 1664 5326 quasi

44 5352 330 5421 i-‘monns
347 5348 544 5403 divimn
570 5348 861 5417 Scriptum
888 5362 1130 5417 scepum,
1156 5349 1351 5402 audeat
1378 5350 1492 5404 tunc
1535 5349 1667 5403 scri-

50 5455 154 5513 pta
199 5441 627 5515 reprehendere,
674 5440 766 5498 sed
813 5450 967 5513 grato
1020 5443 1201 5497 animo
1252 5458 1371 5513 qua:
1415 5443 1666 5499 dicuntur

44 5538 324 5607 accipiat,
355 5537 756 5607 admireturque
781 5535 975 5590 divina:
1007 5534 1297 5606 Scriptura:
1324 5538 1512 5591 miram
1539 5536 1664 5592 dili-

46 5632 333 5699 gentiam,
370 5638 425 5684 et
450 5628 722 5701 expendat
751 5638 1004 5699 quantum
1031 5628 1225 5683 malum
1257 5631 1326 5685 sit
1363 5640 1659 5701 peccatum.

45 5723 209 5779 Ecce
255 5722 406 5779 enim
452 5720 672 5776 fratrem
736 5720 921 5777 eadem
982 5732 1161 5777 natum
1218 5737 1476 5794 puerpera
1505 5766 1521 5796 ,
1573 5738 1664 5780 eo-

1166 266 1229 328 ta
1270 271 1419 328 car.
1464 264 1554 325 ix.
1596 266 1837 324 canus.
1881 262 2109 324 nomn
2153 259 2339 322 xm.
2374 246 2393 257 '

3238 264 3339 317 ’Ξῖῦ

1764 383 1887 438 dem
1923 396 2193 453 egressum
2249 391 2419 445 utero,
2470 380 2865 451 si‘ihingressum
2912 389 3182 450 peccatum
3238 396 3337 434 ser

1763 490 1884 528 vum
1916 473 2071 539 fecit,
2098 482 2154 528 et
2179 472 2353 527 ablata
2379 472 2645 536 libertate,
2680 473 2731 526 in
2760 470 3141 541 subiectionem
3196 470 3339 525 illum

1761 565 1967 620 induxit
1995 582 2008 618 :
2040 566 2180 619 unde
2207 573 2387 634 postea
2416 566 2644 619 servitus
2665 565 2889 631 sumpsit
2909 563 3192 632 originem.
3222 562 3327 616 Ne-

1759 671 1861 726 que
1889 657 2032 712 enim
2057 665 2213 711 antea
2261 656 2504 711 solebant
2533 657 2604 710 ita
2645 656 2880 711 molliter
2898 670 3075 725 agere,
3103 654 3339 709 deliciari

1758 757 1811 802 ct
1853 746 2074 801 aliorum
2113 747 2419 802 ministeriis
2469 747 2723 818 indigem.
2759 747 2865 801 Sed
2889 747 3120 816 sibiipsis
3145 747 3341 817 quique

1759 838 2153 901 ministrabant,
2186 847 2403 908 eratque
2432 854 2529 908 par
2572 839 2808 892 omnium
2862 838 3051 902 honor,
3083 848 3137 893 et
3164 838 3338 891 ablata

1758 946 1788 986 e
1814 932 1990 986 medio
2010 938 2125 985 erat
2143 931 2316 985 omnis
2343 931 2705 1001 inaequalitas;
2730 930 2820 985 ubi
2856 940 3034 985 autent
3067 939 3339 999 peccatum

1761 1021 1997 1087 intravit,
2034 1022 2331 1078 libertatem
2365 1020 2609 1091 perdidit,
2644 1031 2697 1076 et
2743 1021 3051 1091 dignitatem
3082 1036 3111 1074 a
3144 1030 3333 1075 natura

1757 1112 1934 1167 datam
1962 1113 2319 1177 labefactavit,
2344 1113 2764 1182 servitutemqne
2786 1112 3101 1179 introduxit,
3127 1122 3183 1165 ut
3210 1127 3339 1166 eon-

1759 1204 1900 1258 tinua
1927 1205 1999 1259 sit
2021 1204 2262 1261 doctrina
2301 1213 2353 1259 et
2383 1204 2673 1258 admonitio
2721 1204 2965 1258 humanm
3008 1213 3232 1268 naturae,
3284 1214 3339 1259 ut

1758 1294 2020 1366 fugiamus
2044 1297 2356 1351 servitutem
2382 1296 2604 1366 peccati,
2638 1306 2691 1351 et
2715 1295 2781 1350 ad
2810 1295 3018 1350 virtutis
3042 1296 3338 1350 libertatem

1758 1389 2059 1444 redeamus.
2086 1389 2238 1453 Quod
2271 1390 2411 1443 enim
2439 1405 2629 1445 servus
2655 1400 2709 1446 et
2733 1390 2981 1446 dominus
3023 1390 3147 1446 hinc
3172 1392 3342 1445 conti-

1758 1495 1937 1545 nuam,
1967 1481 2011 1534 si
2033 1480 2217 1546 velint,
2250 1480 2478 1536 habeant
2514 1482 2794 1536 utilitatem
2818 1520 2834 1550 ,
2867 1483 3119 1553 cogitent,
3154 1497 3343 1538 servus

1755 1569 1968 1639 quidem
1988 1570 2107 1625 ideo
2128 1570 2179 1625 in
2205 1572 2514 1627 servitutem
2538 1587 2599 1628 se
2628 1572 2921 1640 redactum,
2949 1574 3071 1643 quia
3092 1573 3257 1629 Cham
3288 1566 3341 1627 iii

1757 1670 1953 1717 tantam
1984 1673 2299 1733 pervenerat
2332 1665 2679 1720 temeritatem
2715 1683 2727 1717 :
2760 1675 2813 1721 et
2838 1666 3083 1720 dominus
3129 1681 3342 1735 quoque

1755 1755 1969 1825 cogitet,
1994 1770 2099 1810 non
2131 1755 2348 1812 aliunde
2383 1757 2767 1827 subiectionem
2793 1766 2848 1813 et
2873 1759 3188 1814 servitutem
3216 1773 3331 1811 coe-

1755 1846 1916 1917 pisse,
1946 1864 2103 1917 quam
2135 1848 2276 1918 quod
2304 1850 2389 1904 ille
2424 1865 2728 1919 perversam
2760 1850 3061 1905 exhibuerit
3093 1850 3336 1904 volunta-

1757 1949 1885 2004 tem,
1917 1951 1973 1995 et
1995 1956 2024 1994 a
2057 1942 2169 2011 pari
2197 1942 2420 1997 fratrum
2452 1943 2710 2014 dignitate
2737 1943 3019 1999 exciderit.

1827 2032 1858 2084 7
1915 2032 2128 2097 Verum,
2162 2034 2205 2087 si
2236 2033 2403 2088 sobrii
2436 2047 2621 2088 sumus
2659 2043 2714 2089 et
2742 2034 3049 2104 prudentes,
3083 2034 3213 2089 nihil
3245 2049 3342 2089 nos

1756 2123 2028 2179 oliendent
2058 2125 2171 2179 luce
2192 2135 2409 2196 propter
2442 2135 2655 2195 peccata
2708 2136 2989 2197 parentum
3033 2136 3337 2181 nostrorum

1757 2217 2054 2273 introducta
2083 2217 2136 2273 in
2165 2217 2302 2273 hanc
2329 2218 2512 2285 vitam,
2537 2235 2657 2273 cum
2690 2234 2776 2274 res
2806 2220 2859 2273 in
2882 2218 3188 2274 nominibus
3213 2219 3342 2273 solis

1755 2319 2021 2365 versetur.
2044 2310 2176 2378 Quia
2199 2319 2253 2365 et
2282 2312 2484 2380 primus
2507 2327 2697 2381 parens
2723 2320 2941 2381 propter
2966 2311 3344 2381 transgressio-

1758 2416 1877 2454 nem
1903 2401 2089 2455 mortis
2109 2416 2318 2471 poenam
2343 2403 2609 2473 vitamque
2629 2403 2680 2456 in
2709 2402 2978 2457 laboribus
2998 2402 3344 2457 maeroribus—

1755 2510 1862 2563 qne
1890 2494 2310 2549 consumendam
2361 2494 2557 2559 intulit,
2589 2503 2643 2550 et
2665 2494 2750 2548 hic
2777 2495 3084 2549 servitutem
3120 2509 3343 2549 :verum

1756 2587 2134 2655 superveniens
2175 2586 2431 2642 Dominus
2469 2586 2713 2641 Christus
2740 2586 2852 2640 haec
2876 2586 3055 2640 omnia
3081 2599 3202 2640 esse
3227 2600 3345 2654 per-

1757 2679 1901 2733 misit
1919 2678 1983 2733 ad
2002 2679 2213 2733 nomina
2228 2694 2395 2749 usque
2417 2686 2642 2743 tantum,
2662 2677 2706 2733 si
2721 2678 2981 2732 volumus.
3003 2677 3186 2747 Neque
3201 2677 3342 2731 enini

1754 2786 1921 2836 mors,
1955 2786 2096 2825 mors
2120 2772 2255 2826 ultra
2276 2779 2377 2837 est,
2395 2770 2486 2824 sed
2520 2784 2711 2825 nomen
2731 2778 2935 2824 tantum
2954 2768 3113 2823 habet
3136 2767 3358 2832 mortis,

1755 2862 1867 2917 imo
1899 2870 1953 2917 et
1979 2863 2152 2931 ipsum
2184 2877 2377 2915 nomen
2408 2860 2673 2915 sublatum
2706 2868 2807 2914 est.
2840 2859 2970 2914 Nam
3001 2875 3173 2928 neque
3199 2874 3345 2913 mor-

1760 2961 1866 3008 tem
1896 2952 2065 3022 ipsam
2106 2952 2243 3007 ultra
2272 2951 2518 3015 dicimus,
2561 2950 2656 3005 sed
2694 2960 2944 3019 soporem
2993 2961 3045 3004 et
3075 2963 3357 3003 somnum.-

1758 3044 1988 3099 Proinde
2014 3052 2069 3099 et
2113 3043 2357 3099 Christus
2404 3044 2519 3113 ipse
2561 3043 2776 3098 dicebat
2816 3060 2829 3095 :
2882 3042 3110 3097 Lazarus
3151 3042 3348 3096 amicus

1757 3148 1926 3191 noster
1953 3137 2137 3190 dormit
2161 3136 2337 3206 (Joan.
2379 3138 2464 3191 ll.
2491 3137 2552 3190 ll
2582 3135 2600 3205 )
2636 3153 2649 3190 :
2691 3145 2745 3190 et
2772 3135 2968 3189 Paulus
2998 3134 3346 3189 Thessaloni-

1758 3228 2007 3283 censibus
2050 3228 2290 3283 scribens
2314 3269 2329 3293 ,
2377 3227 2547 3295 inquit
2588 3244 2601 3281 :
2652 3225 2729 3281 De
2768 3226 3129 3280 dormientibus
3181 3234 3349 3280 autent

1759 3322 1876 3376 nolo
1906 3337 1991 3375 vos
2016 3322 2275 3392 ignorare,
2301 3322 2485 3391 fratres
2524 3322 2541 3391 (
2566 3321 2616 3375 Ι.
2652 3320 2826 3374 Thess.
2864 3321 2917 3375 4.
2942 3318 3060 3389 12).
3090 3319 3157 3373 Et
3183 3319 3350 3374 servi-

1762 3422 1845 3468 tus
1873 3427 2083 3483 quoque
2109 3412 2355 3467 similiter
2381 3426 2572 3466 nomen
2599 3420 2683 3467 est
2708 3427 2721 3464 :
2753 3411 2846 3466 ille
2869 3410 3010 3465 enim
3032 3418 3115 3465 est
3138 3425 3347 3475 servus,

1759 3506 1847 3574 qui
1880 3515 2154 3573 peccatum
2175 3514 2447 3574 operatur.
2482 3503 2549 3557 Et
2570 3502 2709 3574 quod
2752 3506 2912 3557 etiam
2944 3501 3083 3557 hanc
3106 3502 3348 3557 abstule-

1760 3595 1829 3649 rit
1856 3594 2088 3649 adventu
2118 3609 2218 3650 suo
2244 3594 2505 3657 Christus,
2540 3609 2638 3649 nec
2664 3595 2762 3649 nisi
2783 3610 2978 3649 nomen
3008 3608 3129 3648 esse
3154 3592 3352 3662 perini-

1762 3688 1911 3753 serit,
1940 3688 2049 3742 imo
2077 3698 2132 3743 et
2159 3688 2475 3743 vocabulum
2504 3689 2675 3757 ipsum
2714 3687 3003 3751 deleverit,
3048 3685 3171 3742 audi
3215 3686 3352 3739 Pan-

1762 3780 1872 3834 lum
1905 3779 2172 3835 dicentem
2207 3798 2220 3834 :
2253 3780 2356 3845 Qui
2375 3790 2542 3834 autem
2563 3779 2738 3846 ﬁdeles
2763 3780 2945 3833 [tabent
2971 3779 3224 3841 dominos,
3249 3794 3352 3831 non

1761 3880 2081 3925 contemnant
2100 3888 2203 3932 eos.
2226 3871 2344 3939 quia
2365 3871 2548 3940 fratres
2569 3881 2686 3925 sunt
2708 3872 2792 3942 (l.
2818 3869 2954 3926 Tim.
2985 3871 3038 3927 6.
3070 3872 3105 3925 2
3124 3871 3164 3941 ).
3188 3869 3353 3925 Vides

1762 3960 2029 4029 quomodo
2058 3961 2146 4015 ubi
2178 3962 2348 4015 virtus
2389 3962 2745 4025 subintravit,
2771 3976 2865 4016 eos
2911 3961 2962 4017 in
3006 3961 3353 4016 fraternitatis

1764 4068 1958 4107 nomen
1986 4053 2345 4123 congregavit,
2369 4053 2457 4123 qui
2484 4054 2634 4125 prius
2650 4055 2919 4109 servitutis
2949 4056 3166 4109 nomine
3194 4064 3352 4109 erant

1763 4145 1982 4200 obnoxii
2003 4148 2027 4199 Ἰ
2052 4144 2121 4198 Et
2140 4146 2255 4212 erit,
2284 4145 2472 4215 inquit,
2521 4144 2771 4200 Chanaan
2800 4147 2936 4214 ﬁlius
2965 4162 3137 4200 servus
3171 4146 3349 4216 fratri-

1766 4240 1855 4292 bus
1876 4238 1999 4291 suis.
2026 4238 2237 4292 Abusus
2263 4252 2344 4302 es,
2372 4238 2560 4307 inquit,
2592 4236 2813 4303 honore,
2853 4252 2957 4291 non
2991 4238 3127 4293 bene
3158 4246 3209 4292 te
3233 4252 3353 4307 ges-

1765 4330 1900 4396 sisti,
1929 4344 2048 4384 enm
2074 4346 2167 4397 par
2194 4344 2342 4384 esses
2372 4328 2663 4400 dignitate;
2710 4338 2993 4400 propterea
3019 4328 3353 4398 subjectiono

1766 4421 2039 4476 emendari
2086 4429 2139 4477 te
2177 4421 2321 4476 volo.
2354 4421 2468 4476 Hoc
2511 4422 2580 4476 ab
2610 4421 2760 4475 initio
2789 4431 2844 4475 et
2872 4421 3082 4475 mulieri
3110 4421 3350 4491 contigit.

1766 4516 2027 4583 Quoniam
2059 4516 2200 4570 enim
2247 4530 2345 4585 par
2389 4522 2505 4570 erat
2556 4514 2670 4569 viro
2721 4514 3000 4585 dignitate,
3043 4523 3097 4569 et
3151 4514 3354 4569 honore

1766 4609 1928 4663 abusa
1959 4616 2060 4674 est,
2086 4616 2372 4677 propterea
2412 4607 2583 4662 ablata
2637 4616 2720 4662 est
2763 4607 2831 4663 ab
2870 4608 2956 4662 illa
3002 4616 3258 4679 potestas,
3302 4615 3357 4662 et

1767 4702 1966 4757 audivit
2000 4718 2014 4755 :
2058 4700 2139 4755 Ad
2197 4701 2362 4755 virum
2397 4712 2539 4755 tuum
2576 4702 2834 4756 conversio
2868 4711 2986 4765 tua;
3034 4709 3080 4754 et
3132 4701 3241 4770 ipse
3283 4705 3356 4752 tut

1769 4792 2111 4847 dominabitur
2148 4791 2300 4863 (Gen.
2346 4794 2399 4848 ὅ.
2462 4793 2587 4864 ιϐ).
2636 4793 2769 4861 Quia
2823 4793 3112 4859 nescivisn,
3164 4792 3352 4861 inquit,

1772 4888 1993 4956 imperio
2022 4897 2169 4942 recte
2195 4886 2289 4951 ttti,
2324 4887 2471 4940 disce
2502 4886 2677 4955 potius
2696 4895 2843 4941 recte
2870 4887 3093 4956 imperio
3137 4883 3353 4953 subjici,

1769 4996 1927 5050 quam
1980 4979 2118 5035 male
2165 4979 2448 5049 imperare.
2498 4978 2727 5032 Proinde
2768 4977 2927 5032 etiam
2984 4976 3070 5031 hic
3108 4991 3248 5030 nunc
3290 4974 3355 5029 ad

1771 5072 2195 5128 emendationem
2241 5087 2451 5142 pmnam
2504 5071 2715 5140 accipit,
2771 5078 2823 5125 et
2872 5084 2970 5141 per
3020 5069 3185 5123 filium
3245 5069 3357 5138 ipse

1771 5168 2074 5229 cruciatur:
2106 5177 2164 5220 ut
2200 5166 2394 5231 discas,
2433 5165 2533 5219 etsi
2590 5179 2754 5219 senex
2811 5172 2935 5218 tunc
2981 5174 3121 5217 esset
3155 5205 3170 5225 ,
3221 5173 3355 5219 atta-

1771 5274 1912 5320 men,
1960 5259 2081 5328 quia
2119 5272 2273 5327 poena
2314 5258 2364 5311 in
2416 5256 2581 5310 lilium
2621 5255 2846 5319 transiit,
2899 5255 2949 5309 id
2987 5256 3086 5325 ipsi
3135 5254 3352 5310 luctuo-

1773 5368 1885 5407 sam
1908 5359 1962 5406 et
1990 5351 2263 5405 insuavem
2287 5349 2447 5401 vitam
2478 5347 2691 5410 fecisse,
2739 5347 2995 5416 cogitanti
3024 5348 3184 5402 etiam
3240 5361 3357 5413 post

1773 5458 1923 5497 suam
1968 5449 2195 5495 mortem
2249 5440 2415 5493 lilium
2469 5453 2682 5509 pmnam
2728 5437 2979 5492 luiturum
3033 5451 3173 5491 esse.
3225 5434 3357 5491 Nam

1773 5536 1910 5607 quod
1941 5535 2080 5588 filius
2115 5548 2210 5603 per
2237 5547 2296 5587 se
2341 5532 2532 5598 malus,
2572 5542 2625 5588 et
2670 5546 2858 5588 omnes
2893 5531 2981 5601 qui
3021 5531 3088 5587 ab
3118 5530 3208 5585 illo
3249 5529 3356 5584 uati

1775 5629 1970 5685 fuerint
1997 5623 2403 5690 abominabiles,
2429 5633 2484 5680 et
2512 5625 2577 5681 ad
2605 5625 2800 5680 malum
2827 5638 3091 5695 propense
3113 5620 3361 5677 declina-

1773 5722 1898 5791 rint,
1927 5719 2048 5777 audi
2076 5719 2403 5790 Seripturam
2441 5717 2703 5776 dicentem
2746 5732 2840 5789 per
2866 5718 3081 5774 modum
3124 5712 3351 5773 maledi-
