3804 6250
392 269 488 325 ιτι

393 381 460 430 rti
480 396 492 431 :
515 377 666 430 Pater
677 386 793 431 tuus
821 376 1158 439 sitnon-rimus,
1173 389 1221 432 et
1243 388 1401 432 mater
1412 388 1499 432 tua
1517 378 1736 432 Cltetta'a
1759 377 1968 450 (Exerit.

399 472 486 528 l6.
511 473 547 527 5
567 472 608 537 ).
642 471 706 526 Et
734 472 869 526 alius
899 471 1284 526 contumeliose
1310 471 1458 535 dicit,
1490 472 1676 526 Semen
1701 470 1969 534 Chanaan,

393 574 441 617 et
493 581 594 616 non
643 564 785 616 Juda
832 561 992 632 (Dan.
1047 563 1132 616 15.
1165 563 1294 629 56).
1331 563 1494 616 Porro
1521 577 1698 632 operm
1744 565 1972 632 pretium

395 653 554 709 fuerit
580 653 762 708 audire
793 669 934 707 nunc
960 663 1078 722 post
1107 668 1344 722 poenam,
1367 671 1525 724 quam
1549 657 1755 725 accepit
1799 657 1844 710 is
1885 657 1972 725 qui

394 743 683 797 nuditatem
727 743 1008 812 evulgavit,
1062 758 1182 813 qu:c
1236 744 1452 812 praemia
1497 746 1766 814 assequuti
1799 745 1905 799 siut
1937 746 1972 799 ii

390 834 478 902 qui
511 843 711 889 tantam
750 835 1102 890 reverentiam
1145 844 1201 889 et
1230 837 1487 891 honorem
1531 838 1666 906 patri
1714 837 1974 892 exhibue-

395 937 537 980 runt.
565 927 656 982 26.
692 925 757 984 Et
785 928 934 993 dixit,
981 927 1173 997 inquit,
1207 927 1512 983 Benedictus
1548 929 1795 984 Dominus
1840 929 1977 983 Deus

393 1021 536 1084 Sent,
556 1032 600 1075 et
617 1021 710 1075 erit
731 1020 978 1075 Chanaan
1000 1038 1171 1076 seruus
1190 1021 1348 1076 illius.
1376 1022 1506 1086 lloc,
1527 1022 1662 1076 forte
1682 1022 1800 1090 quis
1824 1021 1978 1076 dixe-

394 1117 480 1182 rit,
511 1132 616 1171 non
642 1126 723 1170 est
755 1117 1073 1172 benedicere
1099 1116 1244 1171 Sent.
1293 1117 1403 1170 lmo
1427 1116 1582 1171 valde
1612 1115 1882 1170 benedixit
1909 1115 1974 1168 il-

392 1209 522 1262 lum.
553 1208 775 1275 Quando
800 1209 943 1262 enim
977 1210 1116 1262 Deus
1145 1208 1475 1263 benedicitur
1509 1249 1523 1273 ,
1551 1217 1607 1263 et
1632 1217 1861 1278 aguntur
1901 1208 1975 1261 illi

393 1299 577 1366 gratia:
602 1298 670 1352 ab
695 1297 1020 1359 hominibus.
1055 1307 1177 1351 tunc
1205 1297 1422 1352 uberior
1463 1297 1531 1352 ab
1561 1297 1651 1352 illo
1680 1297 1820 1352 solet
1861 1297 1977 1352 istis

394 1389 696 1444 benedictio
720 1390 854 1454 dari,
889 1399 1105 1459 propter
1129 1406 1260 1460 quos
1285 1390 1397 1460 ipse
1423 1390 1772 1444 benedicitur.
1799 1389 1978 1458 Itaque

396 1481 718 1537 benedicens
766 1483 932 1542 Deum
957 1483 1254 1538 debitorem
1287 1483 1459 1552 ipsum
1490 1481 1610 1535 fecit
1635 1480 1852 1548 majoris
1881 1480 1976 1535 be-

397 1572 736 1638 nedictionis,
768 1582 1056 1643 auctorque
1075 1573 1170 1626 fuit
1193 1571 1316 1627 Sem
1341 1572 1560 1640 majoris
1586 1571 1970 1635 retributionis,

393 1677 552 1730 quam
579 1664 621 1717 si
665 1679 786 1719 eum
822 1665 932 1734 ipse
975 1679 1066 1732 per
1109 1679 1168 1718 se
1215 1663 1606 1718 benedixisset.
1640 1663 1786 1717 Sicut
1835 1663 1976 1717 enim

395 1754 609 1823 quando
666 1755 994 1812 benedicitur
1042 1763 1260 1824 prapter
1301 1770 1418 1819 nos,
1472 1755 1694 1808 multum
1741 1754 1790 1807 id
1824 1753 1978 1808 nobis

394 1845 643 1899 conciliat
684 1845 922 1900 favoris:
968 1846 1037 1900 ita
1078 1855 1131 1900 et
1173 1853 1357 1900 contra
1389 1845 1600 1913 quando
1648 1854 1979 1915 pr0ptcrnos

399 1939 488 1993 alii
526 1939 672 1993 illum
703 1939 1096 2008 blasphemant,
1125 1938 1297 2008 major
1317 1938 1441 1992 binc
1482 1946 1662 1991 nostra
1709 1936 1981 1991 fitconde-

396 2031 618 2096 mnatio,
651 2030 742 2100 qui
768 2045 982 2084 causam
1009 2030 1272 2085 dedimus.
1298 2030 1578 2094 Quocirca,
1608 2029 1851 2093 obsecro,
1881 2027 1978 2081 de-

395 2135 515 2176 mus
540 2135 779 2190 operam,
812 2131 867 2176 ut
896 2122 964 2175 ita
991 2123 1236 2175 vivamus
1257 2161 1272 2186 ,
1303 2130 1356 2173 et
1385 2129 1542 2173 tanta:
1565 2119 1775 2172 virtutis
1804 2120 1976 2187 speci—

398 2228 517 2268 men
538 2214 906 2276 ex-hibcamus,
940 2223 997 2268 nt
1017 2227 1224 2278 omnes,
1257 2211 1344 2280 qui
1367 2227 1464 2265 nos
1490 2211 1735 2274 viderint,
1761 2209 1980 2263 benedi-

396 2305 602 2360 ctiones
631 2305 801 2360 laudis
834 2304 1061 2358 offerant
1091 2303 1318 2357 Domino
1353 2303 1478 2355 llcu.
1511 2300 1639 2354 Nam
1665 2300 1786 2369 quia
1811 2298 1980 2353 bonus

399 2407 454 2452 et
475 2397 733 2468 benignus
753 2406 854 2460 est,
888 2413 980 2466 per
1009 2411 1106 2450 nos
1133 2395 1241 2449 vult
1266 2394 1429 2464 gloria
1460 2391 1596 2446 afﬁci
1651 2407 1665 2444 :
1707 2407 1811 2444 non
1837 2389 1978 2459 quod

398 2489 498 2560 ipsi
525 2489 719 2558 aliquid
746 2489 810 2544 ad
841 2503 990 2542 suam
1036 2487 1259 2557 gloriam
1303 2484 1558 2541 accedat:
1607 2481 1802 2536 nullius
1835 2481 1978 2534 enim

398 2582 608 2654 indigus
637 2591 751 2642 est;
800 2580 893 2636 sed
943 2589 1001 2634 ut
1030 2579 1338 2634 occasiones
1383 2576 1480 2646 ipsi
1514 2574 1866 2646 praebeamus,
1923 2581 1982 2625 ut

397 2673 584 2745 majori
615 2687 712 2728 nos
735 2671 1106 2727 benevolentia
1151 2676 1518 2738 prosequatur.
1548 2664 1846 2719 Benedictus
1874 2661 1981 2716 Do-

398 2768 564 2836 minus
603 2767 744 2829 Sent,
772 2774 818 2820 et
863 2766 952 2819 erit
979 2763 1223 2818 Chanaan
1251 2776 1420 2815 servus
1472 2758 1631 2812 illius.
1662 2756 1822 2810 Vides
1846 2769 1982 2825 quo-

401 2862 561 2917 modo
593 2869 866 2930 paternam
887 2872 1099 2928 poenam
1131 2854 1351 2925 profert,
1381 2868 1499 2922 quin
1530 2861 1706 2906 tamen
1733 2847 1982 2903 emenda-

404 2955 479 3010 tio
521 2955 698 3024 potius
735 2960 878 3017 erat,
921 2963 1082 3020 quam
1139 2948 1339 3017 pmoa?
1376 2945 1533 2999 Pater
1571 2943 1713 2999 enim
1759 2949 1892 3006 erat,
1931 2949 1985 2995 et

400 3045 798 3103 amantissimus
850 3049 1020 3112 pater,
1074 3053 1244 3108 neque
1287 3037 1484 3107 justam
1533 3049 1746 3105 plenam
1776 3033 1986 3088 volebat

404 3140 676 3200 inducere,
706 3137 797 3191 sed
826 3137 897 3190 ita
943 3143 1000 3189 ut
1025 3133 1334 3188 ulteriorem
1365 3127 1981 3195 malitiam-reprimeret.

407 3232 550 3296 Ideo,
580 3230 675 3295 ait,
706 3228 771 3283 ad
825 3226 1132 3282 servitutem
1161 3232 1214 3279 te
1256 3221 1576 3286 condemno,
1622 3227 1680 3271 ut
1720 3217 1901 3287 jugem
1931 3225 1986 3270 et

405 3323 744 3378 indelebilem
784 3320 981 3374 habeas
1028 3317 1150 3372 facti
1188 3314 1524 3371 tnemoriam.
1579 3312 1768 3366 Postea
1797 3308 1925 3364 dicit
1967 3323 1984 3362 :

403 3415 495 3470 27.
543 3411 730 3465 Dilatet
757 3410 893 3464 Deus
917 3407 1165 3474 Jan/tela,
1214 3416 1262 3460 et
1307 3405 1490 3458 habitet
1549 3403 1604 3456 in
1651 3400 1986 3455 tabernaculis

407 3505 550 3569 Sent,
578 3511 624 3557 et
644 3502 741 3571 ﬁat
761 3499 1006 3557 Chanaan
1027 3514 1197 3553 servus
1220 3497 1378 3551 illius.
1421 3496 1616 3550 lterum
1640 3493 1754 3547 haec
1779 3505 1989 3562 quoque

407 3595 635 3651 n'taxima
665 3592 967 3649 benedictio
1008 3600 1112 3655 est,
1139 3588 1274 3644 forte
1318 3589 1570 3644 latentem
1612 3586 1842 3655 aliquant
1891 3585 1992 3638 ha-

408 3689 539 3742 bens
587 3687 915 3740 thesaurum.
950 3681 1160 3746 Dilatet,
1203 3681 1388 3750 inquit,
1423 3679 1554 3732 Deus
1597 3676 1841 3748 Jan/tem.
1873 3675 1988 3731 Non

407 3779 676 3836 aberrabit
701 3779 846 3848 quis,
871 3777 915 3831 si
948 3777 1140 3830 dixerit
1178 3772 1576 3828 benedictioncs
1601 3770 1728 3840 justi
1758 3765 1990 3840 prophe-

411 3875 511 3928 tias
538 3884 678 3927 esse.
710 3869 841 3924 Nam
873 3868 918 3922 si
949 3877 1100 3938 pater
1129 3864 1242 3921 Noe
1288 3879 1392 3919 non
1429 3863 1777 3932 simpliciter,
1818 3875 1992 3930 neque

407 3967 600 4019 frustra
628 3959 941 4016 vocabulum
968 3958 1158 4013 indidit
1184 3955 1318 4021 Noe,
1347 3954 1440 4009 sed
1463 3953 1778 4008 vaticinatus
1799 3959 1880 4005 est
1898 3965 1994 4019 per

411 4073 605 4112 nomen
632 4055 863 4110 futurum
891 4053 1166 4107 diliuvium
1205 4067 1220 4104 :
1270 4049 1437 4103 multo
1486 4046 1652 4115 magis
1677 4045 1854 4114 justus
1903 4042 1993 4096 ille

413 4166 518 4203 non
539 4147 872 4216 simpliciter,
909 4159 1082 4212 neque
1109 4138 1724 4196 frustrabenedictiones
1752 4134 1990 4204 protulit.

411 4242 610 4312 Opinor
629 4240 770 4294 extim
803 4253 924 4292 eum
955 4236 1053 4291 hos
1071 4235 1203 4289 duos
1231 4232 1615 4297 benedicendo,
1645 4231 1869 4285 duorum
1898 4245 1996 4299 po-

425 4335 670 4407 pulorum
701 4333 1033 4387 vocationem
1063 4326 1362 4399 signiﬁcare
1382 4325 1613 4380 voluisse
1643 4341 1656 4379 :
1683 4333 1736 4379 et
1756 4337 1851 4392 per
1873 4322 1994 4376 Scin

414 4425 628 4495 quidem
655 4424 902 4481 Judmos:
932 4438 996 4477 ex
1019 4420 1110 4475 illo
1139 4419 1279 4474 enim
1305 4429 1358 4472 et
1379 4415 1669 4480 Abraham,
1694 4425 1750 4469 et
1779 4413 1994 4468 Judxo-

418 4534 534 4573 rum
581 4532 750 4588 genus
781 4513 1186 4584 multiplicatum
1228 4519 1312 4565 est
1339 4531 1353 4566 :
1378 4525 1472 4580 per
1515 4507 1743 4578 Japbeth
1792 4516 1992 4572 autem,

417 4613 654 4684 gentium
679 4610 1031 4666 vocationem.
1060 4605 1194 4662 Vide
1221 4613 1397 4659 autem
1425 4601 1852 4658 benedictionem
1882 4597 1997 4652 lucc

421 4703 777 4775 praenuntiam
812 4719 827 4757 :
858 4699 1048 4755 Dilatet
1089 4699 1254 4760 enim.
1295 4696 1484 4766 inquit,
1515 4693 1647 4748 Deus
1670 4691 1916 4759 Japhetlt,
1953 4701 1999 4744 et

421 4797 608 4852 habitet
650 4797 704 4850 in
745 4792 1081 4849 tabernaculis
1131 4793 1272 4847 Sem.
1311 4789 1426 4844 Hoc
1470 4788 1523 4841 in
1550 4785 1798 4856 gentibus
1831 4785 2000 4839 adim-

421 4891 621 4959 pletum
666 4886 928 4942 videmus.
977 4884 1110 4940 Cum
1159 4883 1289 4938 dicit
1333 4882 1499 4943 enim,
1535 4877 1764 4940 Dilatet,
1811 4889 2002 4931 omnes

421 4991 608 5053 gentes
629 4977 1009 5040 subindicavit;
1033 4975 1127 5032 sed
1159 4973 1410 5039 dicendo,
1445 4969 1652 5026 Habitet
1679 4970 1732 5022 in
1760 4968 2000 5021 taberna-

416 5080 550 5135 culis
567 5074 708 5147 Sem,
729 5080 963 5136 signiﬁcat
987 5080 1175 5141 gentes
1203 5065 1304 5122 frui
1325 5065 1551 5133 coepisse
1576 5064 1639 5117 iis
1665 5076 1782 5131 quae
1806 5059 2004 5115 Judmis

424 5175 602 5235 parata
629 5175 684 5220 et
701 5164 954 5219 adornata
975 5169 1146 5218 erant.
1175 5159 1239 5214 Et
1277 5159 1370 5215 erit
1403 5157 1647 5213 Chanaan
1673 5171 1843 5208 seruus
1871 5156 2001 5223 ejus.

491 5257 545 5311 8.
592 5253 812 5310 Vidistis
855 5254 1068 5322 qualem
1113 5263 1168 5307 et
1216 5252 1252 5306 ii
1299 5250 1436 5321 grati
1482 5248 1642 5304 animi
1687 5254 2007 5315 acceperunt

427 5347 750 5410 mercedem,
781 5355 836 5400 et
861 5355 1058 5415 quanta
1081 5344 1170 5398 ille
1200 5351 1417 5414 propter
1443 5341 1794 5396 temeritatem
1820 5347 1876 5394 et.
1903 5339 2005 5394 im-

431 5435 763 5506 prudentiam
809 5436 1096 5505 ignominia
1122 5435 1345 5490 all'ectus
1363 5434 1480 5490 est?
1511 5432 1628 5488 Sint
1671 5431 1789 5486 haec
1819 5445 2006 5500 perpe-

435 5539 528 5582 tuo
555 5527 610 5580 in
635 5534 816 5582 nostra
846 5533 1025 5582 mente
1047 5527 1264 5595 scripta,
1307 5533 1365 5582 ut
1427 5524 1617 5578 borum
1669 5523 2010 5578 aunulatores

430 5632 482 5674 et
509 5620 804 5674 imitatores
828 5619 941 5673 fieri
970 5620 1236 5687 possimus
1270 5637 1283 5674 :
1313 5617 1469 5686 hujus
1495 5625 1671 5671 autem
1704 5613 2004 5684 improbam

433 5719 664 5767 mentem
692 5752 704 5774 ,
737 5719 792 5766 et
821 5710 1088 5786 ingentem
1114 5708 1456 5780 petulantiam
1487 5704 1768 5778 fugiamus.
1815 5706 1906 5761 28.
1941 5705 2004 5760 Et

1105 270 1164 323 S.
1194 243 1472 325 JOAl‘iNlS
1509 268 1978 326 CHRVSOSTOMI
2023 268 2340 326 ARCIIIEP.
2382 269 2908 328 CONSTANTINOP.

3556 271 3660 328 172

2089 381 2229 446 vixit,
2265 381 2450 452 inquit,
2487 381 2596 434 Noe
2630 391 2741 451 post
2779 383 3019 436 diluvium
3048 399 3207 436 annos
3235 393 3432 438 trecenti
3451 400 3477 438 ε
3498 392 3650 456 quin-

2083 474 2362 542 quaginta;
2385 471 2475 527 29.
2499 483 2546 526 et
2569 475 2770 544 [nerunt
2797 490 2967 526 omnes
2990 473 3095 526 dies
3129 473 3241 527 Noe
3257 478 3494 544 nongenti
3515 479 3662 545 quin-

2081 565 2319 634 quaginta
2346 565 2490 626 anni,
2515 574 2560 617 et
2600 576 2823 617 mortuus
2853 577 2944 617 est.
2993 564 3069 618 Nc
3113 564 3216 620 hoc
3259 576 3409 636 putes
3461 568 3664 634 absqne

2091 667 2252 706 causa
2285 655 2588 723 assignasse
2627 655 2973 724 Scripturam,
3004 656 3099 710 sed
3126 657 3246 711 vide
3291 668 3341 711 et
3392 657 3493 712 hoc
3544 659 3663 712 loco

2077 740 2206 810 justi
2227 743 2628 797 continentiam.
2661 743 2796 810 Quia
2822 760 2941 798 cum
2969 754 3111 799 tanta
3133 745 3392 801 frueretur
3420 747 3662 802 ubertate

2082 841 2138 885 et
2205 835 2593 902 proslicritate,
2658 837 3127 906 supervivcrttque
3189 847 3335 892 tanto
3400 854 3661 894 annorum

2083 937 2306 976 numero
2332 934 2449 993 post
2490 939 2762 993 egressum
2807 925 2875 978 ab
2910 941 3057 991 arca,
3091 927 3262 981 noluit
3305 929 3441 984 ultra
3490 930 3665 984 indul-

2082 1029 2207 1084 gere
2233 1015 2518 1070 liberorum
2551 1018 2928 1086 procreationi.
2970 1019 3086 1072 Non
3117 1021 3256 1074 enim
3278 1033 3659 1075 commemorat

2083 1105 2354 1174 Scriptura
2399 1107 2545 1162 illum
2574 1107 2707 1162 alios
2729 1120 2919 1178 printer
2937 1118 3048 1165 tres
3086 1111 3217 1165 istos
3260 1111 3507 1167 habuisse
3529 1113 3664 1168 libe-

2081 1213 2190 1253 ros.
2215 1199 2310 1253 llic
2323 1200 2511 1254 iterum
2527 1202 2696 1268 cogita
2709 1216 2950 1270 magnam
2971 1201 3295 1257 salacitatem
3317 1202 3522 1264 Chami,
3539 1207 3660 1272 quia

2084 1306 2257 1362 neque
2287 1301 2491 1360 patrem
2529 1293 2715 1346 videns
2742 1303 2900 1347 tanta:
2922 1292 3260 1348 continentia:
3283 1336 3298 1360 ,
3327 1296 3524 1348 castior
3551 1298 3664 1364 ipse

2084 1382 2252 1438 factus
2269 1393 2369 1451 est,
2385 1383 2476 1438 sed
2494 1385 2672 1438 omnia
2700 1385 2914 1440 diverso
2936 1386 3096 1440 titodo
3112 1401 3268 1456 quam
3285 1399 3434 1455 pater
3449 1389 3656 1457 agebam

2085 1473 2313 1528 Proinde
2336 1474 2528 1529 merito
2551 1489 2710 1528 omne
2736 1476 2902 1544 ipsius
2923 1491 3092 1546 genus
3122 1477 3174 1530 in
3197 1478 3508 1532 servitutem
3529 1493 3663 1532 con-

2083 1567 2388 1622 demnatum
2418 1577 2520 1634 est,
2544 1577 2602 1622 ut
2632 1569 2886 1638 improbae
2926 1568 3214 1622 voluntatis
3244 1569 3451 1623 frenum
3499 1571 3663 1624 babe-

2085 1669 2186 1714 ret.
2217 1661 2418 1714 Deinde
2439 1661 2526 1716 hic
2551 1671 2729 1715 narrat
2755 1661 3028 1732 Scriptura
3058 1677 3152 1717 eos
3180 1664 3269 1732 qui
3301 1681 3365 1718 ex
3395 1665 3518 1718 filiis
3545 1668 3653 1718 nati

2084 1762 2228 1818 sunt,
2257 1762 2310 1808 et
2337 1754 2505 1822 inquit
2533 1771 2546 1808 :
2571 1753 2732 1808 Citam
2758 1765 2926 1807 autem
2950 1756 3120 1823 genuit
3153 1755 3328 1820 Chus;
3353 1765 3406 1810 et
3451 1773 3660 1823 rursus,

2084 1843 2219 1898 Clms
2242 1845 2410 1914 genuit
2433 1843 2681 1910 Nemrod,
2705 1845 2788 1914 qui
2813 1845 2959 1914 coepit
2977 1861 3083 1898 esse
3102 1846 3246 1915 gigas
3270 1863 3422 1914 super
3449 1857 3659 1900 terram.

2085 1933 2188 1988 Hic
2216 1936 2315 2006 fuit
2341 1936 2486 2006 gigas
2523 1946 2734 1989 uenator
2767 1951 2938 1989 coram
2975 1935 3194 1990 Domino
3222 1936 3370 2009 (Cap.
3403 1938 3491 1992 10.
3528 1939 3580 1993 6.
3609 1939 3661 1992 8.

2085 2028 2178 2097 9).
2220 2027 2449 2095 Quidam
2502 2023 2685 2082 die'unt
2727 2028 2833 2094 hic,
2877 2027 3057 2082 Coram
3105 2029 3340 2093 Domino,
3379 2029 3518 2082 idem
3545 2044 3667 2083 esse

2083 2121 2222 2191 quod
2249 2131 2431 2177 contra
2463 2122 2626 2176 Deum
2660 2138 2673 2176 :
2703 2137 2802 2191 ego
2832 2133 3010 2176 autem
3042 2137 3144 2175 non
3185 2132 3312 2192 puto
3336 2122 3666 2192 Scripturam

2086 2214 2186 2268 hoc
2209 2215 2496 2280 insinuare,
2528 2216 2620 2268 sed
2651 2216 2821 2284 ipsum
2851 2216 3036 2269 fortem
3069 2215 3450 2284 robustumque
3482 2214 3662 2268 fuisse.

2083 2307 2233 2375 Quod
2261 2317 2436 2361 autem
2458 2307 2604 2374 dicit,
2637 2305 2818 2361 Coram
2841 2306 3059 2360 Domino
3078 2305 3209 2370 Deo,
3242 2306 3342 2358 hoc
3369 2317 3469 2364 est.
3495 2305 3564 2359 ab
3601 2319 3671 2357 eo

2087 2401 2427 2462 couStitutus,
2487 2413 2553 2453 eo
2600 2398 2740 2468 quod
2798 2407 3076 2467 acceperat
3126 2397 3549 2451 benedictionem
3601 2397 3669 2448 ab

2087 2491 2180 2544 illo
2208 2507 2222 2546 :
2255 2490 2337 2544 Vri
2370 2489 2508 2559 quod
2538 2490 2676 2544 Deus
2706 2505 2802 2560 per
2846 2490 2987 2542 hunc
3031 2497 3174 2544 esset
3227 2489 3277 2542 in
3319 2488 3668 2543 admiratione

2087 2581 2382 2648 habendus,
2415 2581 2554 2651 quod
2598 2581 2753 2634 talem
2782 2579 3144 2649 produxisset,
3185 2590 3238 2634 et
3266 2595 3424 2649 super
3469 2588 3669 2634 terram
3761 2589 3764 2593 ‘

2089 2680 2456 2728 mon-trassﬂ.
2492 2673 2594 2726 Sed
2627 2672 2713 2726 hic
2736 2673 2924 2725 iterum
2948 2687 3202 2740 proavum
3231 2684 3384 2726 suum
3410 2670 3665 2735 imitatus,

2087 2775 2140 2820 et
2165 2763 2362 2818 abusus
2391 2775 2592 2818 naturae
2636 2764 3020 2834 pricrogativis,
3049 2763 3208 2816 alium
3237 2764 3509 2818 servitutis
3555 2778 3669 2816 mo-

2085 2856 2210 2910 dum
2249 2856 2520 2910 adinvenit
2542 2896 2557 2919 ,
2589 2863 2746 2925 atque
2792 2855 3146 2924 principatum
3182 2869 3510 2923 regnumque
3537 2853 3664 2907 alic-

2087 2947 2266 3001 ctavit.
2301 2947 2410 3000 Rex
2465 2948 2605 3001 enim
2652 2961 2935 3016 numquam
2963 2944 3143 3011 fuerit,
3175 2947 3219 2999 si
3262 2960 3365 3000 non
3400 2945 3511 2999 sint
3539 2945 3669 2999 sub-

2089 3039 2183 3093 diti
2216 3057 2228 3092 :
2259 3048 2382 3093 tunc
2403 3047 2579 3092 autem
2601 3054 2726 3092 vere
2757 3037 2964 3093 videtur
2999 3052 3122 3092 esse
3148 3037 3364 3092 libertas
3394 3055 3408 3090 :
3441 3037 3675 3092 servitus

2093 3146 2250 3200 porro
2271 3130 2588 3201 gravissima
2622 3139 2703 3184 est
2747 3131 2802 3184 in
2822 3130 3010 3184 ordine
3055 3129 3334 3193 libertatis,
3370 3130 3672 3197 prtesertim

2092 3226 2133 3279 si
2165 3225 2347 3279 liberis
2389 3223 2700 3294 imperetur.
2730 3225 2807 3278 Ac
2835 3221 2955 3277 vide
2980 3232 3174 3292 quanta
3217 3221 3376 3274 faciat
3407 3219 3672 3273 ambitio:

2091 3317 2212 3370 vide
2249 3317 2491 3385 corporis
2537 3317 2700 3369 robur
2730 3331 2833 3368 non
2888 3329 3108 3368 manens
3138 3317 3274 3367 intra
3300 3326 3425 3367 suos
3455 3311 3679 3376 limites,

2093 3409 2186 3464 sed
2228 3409 2376 3478 plura
2405 3415 2660 3478 expetens
2684 3449 2698 3472 ,
2742 3416 2796 3462 et
2841 3406 3021 3477 gloria:
3049 3414 3384 3475 appetentem
3408 3414 3683 3458 naturam.

2093 3501 2207 3556 Non
2235 3502 2377 3556 enim
2405 3511 2458 3554 ut
2489 3499 2798 3554 defenderet
2825 3499 2942 3553 illos
2974 3540 2989 3564 ,
3039 3498 3332 3567 imperabat
3356 3513 3373 3563 ;
3401 3496 3498 3551 sed
3524 3507 3582 3552 et
3607 3497 3688 3550 ci-

2094 3594 2286 3649 vitates
2331 3591 2630 3647 mdificabat
2672 3601 2729 3644 ut
2763 3590 3004 3644 hostibus
3051 3589 3355 3657 imperaret.
3410 3590 3505 3642 Η.
3550 3587 3689 3640 Inde

2094 3685 2247 3748 enim,
2295 3684 2482 3754 inquit,
2526 3699 2590 3736 ea:
2627 3691 2759 3735 terra
2792 3681 2882 3734 illa
2917 3680 3066 3734 exivit
3108 3678 3286 3743 Assur,
3335 3687 3383 3731 et
3409 3678 3688 3745 ludi/imit

2100 3777 2342 3831 Niniven.
2375 3776 2754 3830 Animadverte
2773 3774 2859 3828 hic
2887 3787 3099 3843 quoque
3139 3771 3268 3826 nihil
3297 3771 3491 3826 laedere
3521 3782 3687 3824 natu-

2095 3883 2208 3923 ram
2255 3876 2496 3922 nostram
2541 3867 2938 3935 progenitorum
2989 3864 3263 3919 malitiam.
3301 3863 3361 3917 lli
3389 3864 3559 3929 enim,
3588 3862 3686 3916 Ni-

2099 3963 2294 4017 nivitas
2332 3961 2474 4025 dico,
2502 3957 2920 4014 misericordiam
2953 3957 3045 4012 Dei
3091 3955 3398 4026 poenitentia
3425 3955 3528 4008 sibi
3553 3969 3691 4007 con-

2099 4054 2364 4117 ciliarunt,
2388 4061 2632 4106 revocata
2662 4050 2803 4104 illius
2831 4049 3099 4103 sententia
3149 4063 3164 4100 :
3189 4046 3265 4111 bi,
3293 4046 3534 4115 inquam,
3564 4060 3691 4113 pro-

2098 4147 2391 4216 genitorem
2414 4145 2710 4199 habuerunt
2739 4141 2905 4197 Cham
2931 4139 3270 4210 parricidam,
3293 4136 3489 4191 deinde
3521 4135 3694 4190 Nem-

2101 4241 2198 4295 rod
2219 4241 2488 4294 hominem
2523 4248 2803 4310 tyrannum
2839 4243 2892 4288 et
2931 4241 3287 4301 arrogantem,
3310 4245 3378 4283 ex
3402 4245 3513 4297 quo
3534 4239 3691 4283 ortus

2103 4337 2272 4389 Assur
2299 4333 2392 4404 (α).
2428 4331 2683 4384 Dicuntur
2729 4337 2907 4381 autem
2939 4325 3077 4379 forte
3130 4332 3185 4378 et
3209 4324 3296 4376 alii
3343 4321 3507 4374 fuisse
3548 4322 3693 4374 inter

2104 4427 2223 4482 illos
2250 4426 2439 4480 molles
2489 4433 2544 4478 et
2570 4421 2812 4485 delicati,
2843 4430 2896 4475 et
2919 4419 3236 4474 dissolutam
3281 4431 3345 4468 ac
3372 4425 3690 4483 corruptam
3773 4409 3775 4485 ᾗ

2103 4531 2322 4592 agentes
2343 4520 2503 4572 vitam
2523 4559 2535 4579 ,
2561 4515 2822 4578 ebrietati,
2849 4521 2902 4568 et
2923 4513 3072 4574 risui,
3092 4520 3144 4564 et
3161 4507 3692 4569 subsannarionibas,

2105 4625 2157 4671 et
2183 4614 2488 4669 scommatis
2513 4609 2702 4664 dediti.
2728 4607 2833 4662 Sed
2863 4607 2985 4676 quia
3013 4605 3278 4658 sinceram
3317 4616 3428 4670 pra:
3454 4614 3518 4655 se
3543 4599 3690 4653 terre

2104 4710 2321 4765 voluere
2349 4703 2739 4776 pmnitentiam,
2768 4699 2900 4754 nihil
2928 4699 3056 4768 ipsis
3085 4695 3256 4750 obfuit
3281 4697 3690 4764 progenitorum

2108 4798 2347 4864 malitia,
2399 4794 2492 4849 sed
2543 4803 2745 4848 tantum
2793 4790 2894 4845 sibi
2940 4788 3167 4843 carlestis
3201 4784 3398 4839 favoris
3438 4783 3692 4837 concilia-

2172 4911 2244 4974 (α)
2276 4909 2331 4960 in
2361 4921 2520 4973 graeco
2544 4908 2723 4968 lcgitur
2742 4945 2755 4963 ,
2780 4918 2922 4968 ιτγονον
2947 4915 3123 4966 ισχηιότι
3143 4913 3212 4974 τδρ.
3230 4894 3691 4974 λσσσῦρέᾲγξξῑξν-ξξηῖ

2109 4966 2321 5036 tet-pres,
2343 4966 2561 5031 nepotem
2581 4966 2764 5032 quoque
2791 4966 2933 5036 gssur
2949 4977 3074 5036 ,jnos
3091 4966 3338 5036 vertimus,
3359 4972 3424 5009 ea:
3439 4971 3539 5036 quo
3560 4966 3695 5036 ortus

2109 5023 2272 5088 ass'ur.
2298 5023 2448 5083 Assur
2473 5023 2603 5094 ergo'
2610 5023 2750 5094 putat
2767 5023 3133 5094 dirysostomus
3155 5037 3218 5074 ex
3261 5023 3511 5094 Nemi-ode
3533 5029 3693 5068 ortum

2111 5109 2244 5156 esse,
2263 5105 2425 5146 contra
2448 5089 2591 5156 qua'm
2610 5089 2792 5156 legitur
2823 5089 2874 5138 in'
2897 5089 3069 5139 eodem
3095 5098 3219 5156 nono
3241 5089 3399 5145 capite
3417 5089 3693 5156 praesens,

2109 5143 2368 5210 iniisse;
2387 5143 2512 5206 titius
2533 5143 2870 5204 Semivdicitm‘.
2895 5159 3045 5200 Locus
3064 5155 3228 5198 autem
3247 5143 3394 5209 quem
3417 5144 3499 5192 hic
3521 5143 3696 5204 expla-

2111 5229 2194 5271 nat
2215 5221 2596 5280 Cbrysostomus,
2620 5227 2827 5280 nempe:
2848 5222 2925 5280 De
2935 5221 3064 5263 terra
3086 5210 3172 5280 illa
3192 5220 3408 5280 egressus
3431 5211 3504 5280 est
3530 5217 3695 5280 Assur,

2113 5266 2543 5342 GSEiXéibneuur
2567 5266 2631 5342 ab
2651 5266 3032 5342 interpretibus;
3057 5272 3135 5320 alii
3172 5266 3340 5342 [litant
3361 5267 3439 5342 bic
3459 5266 3529 5342 de
3554 5273 3695 5342 bene

2120 5346 2242 5394 rode
2263 5333 2369 5404 τιδι’.
2405 5341 2600 5404 dicique
2621 5333 3070 5404 ipsunt'profectum
3095 5333 3448 5404 esse_(_l_e_terra
3482 5336 3697 5404 semper

2113 5386 2368 5463 Eﬁrj‘ia'
2388 5386 2830 5463 estvitiiiss'yriam;
2841 5406 2897 5463 et
2921 5396 3182 5463 aediﬁcasse
3207 5394 3437 5463 uiuit-'90.
3469 5395 3568 5438 9“:-
3585 5386 3695 5463 ﬂ“

2113 5453 2375 5516 iii'ciint'uis
2398 5464 2590 5512 indicari
2615 5453 2765 5511 A'ssur
2788 5453 2933 5508 lilium
2956 5463 3067 5508 Sem
3091 5456 3301 5523 exivisse
3327 5453 3410 5523 ac“
3426 5459 3561 5523 terra
3585 5458 3699 5523 seu:

2115 5513 2629 5585 naar,iet-Va:dilicassc
2661 5524 2878 5585 Niniven,
2899 5529 3014 5585 etc.,
3037 5520 3113 5570 cui
3143 5513 3558 5585 opinionihfaveat
3591 5517 3696 5585 Lux

2117 5572 2468 5644 iiiiéﬁliéiés‘,’
2483 5572 2620 5636 favet
2653 5586 2798 5634 etiam
2820 5572 3044 5644 vulgata.
3071 5572 3190 5630 Huic
3210 5590 3329 5644 ergo
3352 5575 3594 5644 libentius
3618 5572 3696 5644 ad:

2119 5605 2251 5638 tuter
2273 5605 2450 5644 :retes,
2487 5605 2620 5636 lavet
2653 5605 2798 5634 etiam
2832 5605 2852 5632 ν
2935 5605 3044 5631 "dm.
3071 5605 3185 5630 ιιιιιυ
3210 5605 3329 5639 ςιδυ
3352 5605 3594 5624 ιιυιιηηω
3618 5605 3696 5619 -.ι-

2117 5605 2318 5712 stipuior
2336 5646 2500 5698 multis
2512 5647 2574 5696 de
2591 5649 2764 5703 causis,
2777 5605 2998 5712 qualsubic
3014 5651 3280 5692 recensere
3296 5639 3543 5712 longioris
3560 5641 3698 5712 esi-3ft

2121 5701 2284 5774 Operae
2298 5725 2308 5760 :
2323 5712 2640 5775 quamobrem
2656 5721 2740 5759 res
2752 5701 2882 5759 aliud
2905 5720 2954 5756 ta
2975 5713 3166 5766 tempus
3185 5701 3461 5751 remittatur
3485 5701 3696 5759 qortet.
