3804 6244
1560 65 1578 106 Ι

33 243 137 296 9⁸ῐί

39 359 422 429 πῳγμένων.
474 361 596 414 Ὀτι
658 361 765 433 γὰρ
813 360 909 415 καὶ
951 363 982 416 ὁ
1026 365 1152 426 παῖς
1198 361 1409 416 οἴκοθεν
1459 361 1727 433 μοχθηρὸς

35 447 298 517 ὑπῆρχε,
334 449 430 501 καὶ
461 449 510 502 οἰ
557 447 616 513 ἐξ
648 449 856 502 ἐκείνου
908 449 1108 513 πάντες
1164 449 1439 519 βδελυκτοὶ
1475 448 1726 517 γεγόνασι

37 534 190 603 πρὸς
232 535 440 590 κακίαν
464 536 872 602 ἀποκλίναντες,
897 537 1062 591 ἄκουε
1098 540 1196 608 τῆς
1223 537 1441 610 Γραφῆς
1468 535 1727 606 λεγούσης

36 625 94 673 ἐν
115 622 290 689 τάξει
319 624 584 694 κατάρας·
626 626 686 678 '0
718 626 914 692 πατὴρ
950 641 1066 679 σου
1095 625 1211 696 [29!
1228 625 1244 697 Ι
1263 625 1612 694 Ἀμορραῖος,
1634 624 1734 677 καὶ

33 712 75 773 ἡ
113 711 339 780 μήτηρ
361 727 480 766 σου
506 714 774 767 Χετταία.
800 715 907 766 Καὶ
925 713 1084 766 πάλιν
1109 714 1294 784 ἕτερός
1310 731 1391 776 τις
1417 712 1734 782 ἐνυϐρίζων,

34 799 304 867 Σπέρμα
331 801 572 854 Χαναὰν
596 801 692 855 καί
721 803 832 855 οὐκ
879 801 1081 855 Ἰούδα.
1119 801 1278 854 Ἀλλά
1308 800 1416 871 γὰρ
1444 799 1592 864 ἀξιον
1625 799 1737 853 λοι-

36 887 142 938 πὺν
202 885 446 942 ἀκοῦσαι
505 887 643 958 μετά
690 889 789 960 τὴν
825 889 1183 960 ἐπιτίμησιν,¹
1216 889 1281 959 ἣν
1321 888 1539 952 ἐδέξατο
1580 890 1608 942 ὁ
1635 888 1736 957 τὴν

36 975 345 1046 γύμνωσιν
401 977 492 1030 τοῦ
539 977 745 1049 πατρὸς
807 977 1227 1049 ἐκπομπεύσας,
1275 977 1430 1031 τίνων
1460 976 1734 1044 ἀξιοῦνται

35 1064 149 1116 τῶν
179 1064 440 1134 ἀμοιϐῶν
469 1065 516 1117 οἰ
550 1065 649 1136 τὴν
689 1065 960 1135 τοσαύτην
1007 1065 1139 1118 αἰδῶ
1176 1065 1269 1118 καὶ
1286 1065 1386 1136 τὴν
1410 1065 1573 1136 τιμὴν
1602 1067 1735 1118 ἀπο-

37 1153 349 1220 νείμαντες
379 1151 458 1222 τῷ
487 1153 670 1224 πατρί.
698 1153 804 1206 Καί
832 1149 982 1216 εἶπε,
1012 1152 1198 1222 φησὶν,
1231 1151 1574 1222 Εὐλογητὸς
1604 1153 1734 1206 Κύ-

31 1256 170 1307 μσς
209 1243 246 1294 ό
283 1241 433 1306 Θεὸς
461 1241 568 1294 τοῦ
587 1241 736 1310 Σὴμ,
771 1241 868 1295 καί
896 1243 1066 1296 ἔσται
1098 1240 1341 1295 Χαναὰν
1355 1241 1495 1306 παῖς
1523 1240 1728 1295 αὐτοῦ.

37 1327 244 1393 τοῦτο,
272 1328 408 1392 ἴσως
437 1330 504 1382 ἀν
531 1345 614 1392 τις
647 1331 811 1391 εἴποι,
847 1330 947 1382 οὐκ
999 1329 1113 1383 ἐστι
1137 1329 1228 1382 τὸν
1259 1329 1379 1400 Σὴμ
1419 1328 1727 1397 εὐλογῆσαι.

35 1416 151 1467 Καὶ
192 1415 408 1487 σφόδρα
459 1416 555 1486 μέν
605 1417 900 1488 εὐλόγησεν
948 1417 1132 1473 αὐτόν.
1181 1417 1348 1471 ὀταν
1377 1416 1485 1488 γάρ
1529 1418 1558 1469 ό
1599 1417 1732 1481 Θεὸς

37 1503 469 1573 εὐχαριστεϊται
499 1504 592 1556 καὶ
635 1504 934 1572 εὐλογεῖται
981 1504 1070 1558 διὰ
1101 1503 1210 1557 τῶν
1253 1503 1573 1573 ἀνθρώπων,
1608 1504 1729 1557 τότε

35 1589 454 1662 δαψιλεστέραν
482 1589 581 1660 τὴν
623 1595 751 1662 παρ’
778 1593 972 1645 ἑαυτοῦ
1007 1591 1252 1660 εὐλογίαν
1289 1591 1445 1645 εἴωθε
1473 1595 1731 1663 χορηγεῖν

39 1677 314 1740 ἐκείνοις,
349 1678 416 1731 δι’
435 1678 529 1743 οὓς
558 1680 720 1744 αὐτὸς
740 1681 1060 1749 εὐλογεῖται.
1092 1681 1405 1750 Εὐλογήσας
1439 1680 1616 1733 τοίνυν
1640 1679 1730 1734 τὸν

35 1766 208 1826 Θεὸν,
241 1766 532 1836 ὀφειλέτην
571 1768 732 1820 αὐτὸν
753 1767 1056 1837 κατέστησε
1093 1767 1334 1839 μείζονος
1357 1767 1604 1835 εὐλογίας
1635 1767 1730 1819 καὶ

35 1851 228 1914 αἴτιος
251 1853 448 1921 γέγονε
471 1854 547 1924 τῷ
573 1855 695 1926 Σὴμ
724 1855 966 1919 πλείονος
995 1856 1246 1926 ἀμοιϐῆς,
1271 1852 1340 1926 ἦς
1361 1855 1522 1918 αὐτὸς
1546 1855 1728 1917 αὐτὸν,

33 1942 85 1990 εἰ
106 1940 185 1992 δι’
222 1939 424 1993 ἑαυτοῦ
444 1948 470 1974 ⁸
490 1942 800 2012 εὐλόγησεν.
829 1945 1040 2013 Ὠσπερ
1069 1943 1177 2014 γὰρ
1206 1945 1336 2014 δταν
1357 1943 1643 2012 ὠλογῆται
1663 1941 1728 1996 δι’

35 2028 225 2096 ἡμᾶς,
259 2028 468 2099 πολλῆς
503 2001 652 2100 ἡμᾶς
675 2001 822 2098 ἀξιοῖ
854 2035 952 2102 τῆς
981 2001 1110 2100 παρ’
1141 2001 1307 2084 αθοῦ
1335 2001 1564 2096 εὐνοίας,
1587 2031 1730 2084 οὕτω

36 2115 216 2168 πάλιν
246 2115 470 2170 ἐπειδάν
492 2118 559 2170 δι’
589 2119 734 2188 ἡμᾶς
751 2119 926 2189 ἕτεροι
950 2119 1111 2171 αὐτὸν
1140 2118 1498 2190 βλασφημῶσι
1531 2118 1729 2189 μείζων

33 2201 313 2256 ἐντεῦθεν
363 2205 560 2274 ὴμῐνή
612 2205 937 2276 κατάκρισις
985 2204 1193 2273 γίνεται
1245 2209 1356 2268 τοῖς
1407 2206 1506 2276 τὴν
1551 2207 1728 2260 αίτίαν

35 2291 480 2359 παρεχομένοις.
541 2291 938 2362 Σπουδάζωμεν
971 2293 1170 2354 τοίνυν,
1217 2293 1534 2363 παρακαλῶ,
1587 2293 1728 2347 οῦτω

37 2377 206 2444 βιοῦν
227 2379 327 2430 καὶ
357 2377 625 2449 τοσαύτην
653 2380 1055 2434 ἐπιδείκνυσθαι
1080 2381 1178 2451 τῆς
1197 2382 1398 2452 ἀρετῆς
1425 2383 1523 2452 τὴν
1547 2382 1730 2434 ἐπίτα-

37 2481 153 2527 σιν,
183 2465 267 2527 ὼς
299 2467 430 2528 τοὺς
450 2467 528 2529 είς
559 2468 703 2536 ἡμᾶς
736 2467 980 2538 ὁρῶντας
1012 2468 1259 2537 εὐλογίας
1289 2469 1490 2539 ὕμνους
1527 2469 1725 2536 ἀναιρέο

40 2568 160 2619 ρειν
199 2552 282 2621 τῷ
313 2554 556 2625 Δεσπότῃ
583 2553 720 2624 Θεῷ.
756 2555 1010 2608 Βούλεται
1043 2556 1152 2627 γὰρ
1179 2557 1379 2625 ἀγαθὸς
1414 2556 1490 2609 ὢν
1521 2557 1611 2610 καὶ
1642 2575 1728 2626 φι-

34 2640 382 2710 λάνθρωπος
412 2641 731 2707 δοξάζεσθαι
760 2643 827 2695 δι’
857 2643 1036 2715 ἡμῶν,
1081 2645 1180 2698 οὐκ
1234 2646 1420 2715 ἐπειδὴ
1469 2647 1629 2708 αὐτός
1675 2664 1727 2699 τι

35 2727 467 2798 προσλαμϐάνει
494 2732 572 2793 εἰς
599 2731 696 2800 τὴν
722 2733 928 2786 οἰκείαν
954 2733 1130 2800 δόξαν·
1160 2734 1410 2804 ἀνενδεὴς
1426 2735 1533 2805 γάρ
1556 2736 1724 2787 ἐστιν·

34 2821 159 2872 ἀλλ’
196 2820 289 2872 ἵνα
323 2821 575 2891 ἀφορμὰς
615 2823 761 2894 αὐτῷ
785 2825 1152 2896 παράσχωμεν
1173 2825 1265 2880 τοῦ
1312 2827 1558 2890 πλείονος
1581 2829 1727 2899 ἡμᾶς

35 2907 238 2973 ἀξιοῦν
268 2909 370 2977 τῆς
403 2911 533 2980 παρ’
565 2911 729 2964 αὐτοῦ
767 2913 996 2975 εὐνοίας.
1041 2915 1382 2983 Εὐλογητὸς
1437 2917 1651 2981 Κύριος
1695 2919 1726 2970 ό

37 2997 196 3061 Θεὸς
231 2995 342 3050 τοῦ
394 2997 545 3066 riui,
585 2999 682 3052 καί
724 3001 896 3054 ἔσται
933 3001 1174 3055 Χαναὰν
1204 3002 1344 3068 παῖς
1372 2999 1546 3070 αὐτῷ.
1567 3003 1727 3075 Ὁρᾷς

37 3085 164 3146 πῶς
206 3085 489 3155 πατρικὴν
511 3087 876 3140 ἐπιδείκνυται
896 3088 996 3159 τὴν
1027 3090 1314 3160 τιμωρίαν,
1350 3093 1726 3162 σωφρονισμὸν

35 3170 216 3226 οῧσαν
244 3173 448 3242 μᾶλλον
476 3172 508 3243 ἦ
543 3176 840 3245 τιμωρίαν;
888 3178 1076 3248 Πατὴρ
1109 3179 1218 3248 γὰρ
1247 3175 1337 3250 ἦν,
1386 3179 1481 3232 καλ⁸
1544 3180 1726 3252 πατὴρ

37 3259 431 3331 φιλόστοργος,
448 3263 540 3313 καὶ
568 3262 630 3313 οὐ
651 3262 749 3334 τὴν
771 3264 927 3330 ἀξίαν
958 3265 1206 3318 ἐϐούλετο
1233 3267 1387 3336 δίκην
1407 3268 1724 3336 ἐπαγαγεῖν,

35 3348 160 3401 ἀλλ’
198 3347 346 3400 ὥστε
369 3350 468 3419 τὴν
498 3352 571 3413 είς
607 3351 667 3402 τὸ
690 3351 877 3422 πρόσω
909 3353 1104 3406 κακίαν
1139 3355 1387 3424 ἐγκόψαι.
1428 3357 1524 3410 Διά
1549 3357 1724 3422 τοῦτο,

33 3437 205 3507 φησὶ,
230 3435 452 3508 δουλείᾳ
488 3455 544 3490 σε
569 3439 935 3505 καταδικάζω,
976 3441 1062 3494 ἵνα
1089 3442 1310 3512 διηνεκῆ
1338 3446 1430 3497 καί
1453 3445 1726 3510 ἀνεξάλει-

35 3543 178 3578 πτον
213 3526 350 3597 ἔχῃς
375 3527 475 3598 τὴν
505 3529 826 3599 ὑπόμνησιν.
856 3525 989 3583 Εἶτά
1016 3547 1169 3602 φησι·
1199 3534 1500 3588 Π.ίατύναι
1523 3539 1555 3588 ό
1585 3535 1728 3602 Θεὸς

31 3613 122 3678 τῷ
172 3613 388 3682 Ἰάφεθ,
425 3615 521 3667 καί
553 3617 957 3683 κατοικησάτω
993 3619 1064 3671 ἐν
1091 3620 1216 3685 τοῖς
1242 3622 1590 3691 σκηνώμασι
1621 3627 1726 3678 τοῦ

33 3701 202 3769 Σὴμ,
267 3703 369 3755 καί
423 3703 726 3772 γενηθήτω
785 3709 1024 3761 Χαναὰν
1061 3708 1203 3772 παῖς
1231 3709 1441 3767 αὐτοῦ.
1481 3713 1724 3786 Μεγίστη

33 3790 216 3842 πάλιν
269 3788 414 3860 αὐτη
445 3793 478 3861 ἡ
528 3793 764 3860 εὐλογία,
795 3795 937 3864 τάχα
971 3797 1090 3849 τινὰ
1127 3798 1502 3868 κεκρυμμένον
1532 3800 1726 3870 ἔχουσα

33 3877 352 3949 θησαυρόν.
385 3880 689 3933 Π.ἰαι·ύναι
743 3882 871 3950 γὰρ,
922 3883 1107 3953 φησὶν,
1140 3887 1171 3936 d
1215 3884 1358 3950 Θεὸς
1400 3884 1480 3951 τῷ
1507 3887 1722 3955 Ἰάμεθ.

35 3970 160 4021 υύκ
191 3968 262 4020 ἀν
291 3981 378 4030 τις
397 3968 631 4039 ἁμάρτοι
662 3969 830 4022 εἰπὼν
848 3972 1180 4042 προφητείαν
1203 3969 1342 4026 εἶναι
1367 3975 1464 4038 τὰς
1475 3975 1726 4044 εὐλογίας

31 4056 136 4108 τοῦ
163 4055 406 4108 δικαίου.
425 4055 606 4128 Εἰγάρ
620 4058 844 4130 ὁπατῆρ
861 4059 1022 4112 αὐτοῦ
1041 4061 1339 4130 οὐχιάπλῶς
1351 4062 1468 4115 οὐδὲ
1484 4063 1606 4134 εἰκῆ
1627 4064 1723 4135 τὴν

31 4144 431 4214 προσηγορίαν
454 4143 604 4215 αὐτῷ
641 4146 932 4217 ἐπέθηκεν,
963 4147 1098 4202 ἀλλά
1137 4151 1492 4221 προφητεύων
1521 4152 1608 4206 διὰ
1630 4153 1723 4206 τοῦ

29 4234 318 4302 ὀνόματος
345 4233 409 4284 τὸ
435 4232 625 4302 μέλλον
654 4233 874 4288 ἔσεσθαι
906 4236 1214 4290 κλυδώνιον·
1251 4238 1429 4310 πολλῷ
1471 4240 1671 4311 μᾶλλον
1697 4245 1724 4297 ὁ

27 4322 259 4384 δίκαιος
309 4313 467 4384 οὗτος
507 4322 610 4374 οὐκ
657 4322 723 4376 ἀν
756 4323 943 4387 ἁπλῶς
991 4325 1112 4378 οὐδέ
1139 4325 1316 4395 μάτην
1347 4328 1444 4389 τὰς
1474 4329 1723 4400 εὐλογίας

28 4407 370 4476 ἐποιήσατο.
415 4406 514 4458 Διά
536 4407 648 4477 γάρ
664 4407 774 4462 τῶν
813 4409 1076 4476 εὐλογιῶν
1102 4410 1326 4473 τούτων,
1357 4412 1450 4467 τοῦ
1477 4413 1596 4484 Σὴμ
1630 4417 1726 4471 καὶ

27 4495 131 4547 τοῦ
183 4493 391 4562 Ἰάφεθ,
417 4494 527 4546 τῶν
555 4495 648 4548 δύο
679 4495 824 4548 λαῶν
859 4498 1186 4552 αἰνίττεσθαι
1222 4500 1383 4553 αὐτὸν
1425 4497 1578 4571 οἶμαι
1625 4502 1722 4574 τὴν

26 4583 263 4651 κλῆσιν·
293 4582 391 4633 καὶ
419 4581 507 4634 διὰ
547 4582 646 4652 μὲν
679 4583 771 4636 τοῦ
807 4583 945 4654 Σὴμ,
972 4585 1099 4648 τούς
1152 4585 1460 4652 Ἰουδαίους·
1491 4589 1548 4654 ἐξ
1578 4591 1721 4643 ἐκεί-

23 4687 129 4720 νου
169 4669 283 4739 γὰρ
317 4670 345 4720 ὀ
399 4670 741 4740 πατριάρχης
798 4671 1065 4742 ’Λϐραὰμ,
1106 4673 1201 4726 καὶ
1221 4673 1280 4726 τὸ
1311 4673 1418 4727 τῶν
1460 4675 1724 4731 Ἰουδαίων

20 4755 345 4808 ἐπιδέδωκε
367 4756 542 4822 γένος·
573 4757 661 4810 διὰ
697 4759 752 4812 δὲ
782 4759 873 4812 τοῦ
903 4759 1101 4830 Ἰάφεθ,
1131 4761 1232 4832 τὴν
1260 4762 1366 4815 τῶν
1393 4761 1558 4816 ἐθνῶν
1593 4765 1722 4836 κλῆ-

24 4861 121 4896 σιν
192 4845 338 4915 Ὅρα
367 4844 476 4914 γὰρ
504 4846 596 4898 καὶ
639 4847 840 4917 ταύτην
885 4849 981 4920 τὴν
1015 4851 1262 4918 εὐλογίαν
1304 4849 1461 4904 τοῦτο
1509 4870 1722 4924 προμη-

21 4935 304 4986 νύουσαν.
339 4935 643 4986 [Mati-rat
671 4935 797 5006 γὰρ,
826 4937 1009 5008 φησὶν,
1037 4942 1070 4991 ό
1101 4939 1243 5006 Θεὸς
1260 4940 1339 5006 τῷ
1373 4939 1588 5009 'Icisaw,
1623 4941 1720 4995 καὶ

24 5019 469 5085 κατοικησάτω
499 5022 567 5073 ἐν
595 5022 718 5088 τοῖς
743 5024 1098 5094 σκηνώμασι
1125 5027 1229 5081 τοῦ
1255 5027 1402 5097 Σήμ.
1434 5028 1602 5081 Τοῦτο
1630 5030 1722 5083 ἐπὶ

19 5111 148 5161 τῶν
186 5107 361 5160 ἐθνῶν
391 5111 468 5170 εἰς
493 5107 652 5180 ἔργον
675 5110 970 5182 ἐκϐεϐηκὸς
995 5113 1228 5184 δρῶμεν.
1253 5115 1351 5168 Διά
1372 5116 1471 5186 μὲν
1500 5117 1608 5188 γάρ
1628 5117 1720 5171 τοῦ

19 5198 244 5257 εἰπεῖν,
270 5195 600 5257 Πλατύναι,
617 5197 684 5249 τὰ
699 5195 826 5268 ἔθνη
840 5199 1014 5252 πάντα
1029 5200 1265 5272 ᾐνίξατο·
1285 5202 1372 5256 διὰ
1389 5203 1446 5259 δέ
1462 5204 1554 5257 τοῦ
1568 5205 1719 5279 [292]

19 5286 242 5347 εἰπεῖν,
282 5284 707 5351 Κατοικησιίτω
755 5287 826 5339 ἐν
871 5289 995 5353 τοῖς
1025 5291 1382 5362 σκηνώμασι
1433 5295 1538 5349 τοῦ
1569 5295 1716 5365 Sim,

19 5373 114 5424 δτι
145 5371 259 5422 τῶν
285 5373 402 5435 τοῖς
436 5372 708 5437 Ἰουδαίοις
731 5376 1191 5444 εὐτρεπισθέντων
1238 5380 1331 5432 καὶ
1371 5383 1596 5447 ἐκείνοις
1619 5403 1720 5437 πα-

25 5477 102 5530 ρα
115 5459 535 5513 σκευασθέντων
563 5462 630 5514 τὰ
655 5463 780 5534 ἔθνη
802 5463 900 5534 τὴν
937 5465 1232 5520 ἀπόλαυσιν
1253 5469 1398 5540 ἔσχε.
1417 5472 1523 5524 Καί
1546 5489 1719 5542 γενη-

20 5547 206 5614 θήτω
240 5548 486 5602 Χαναὰν
516 5550 656 5617 παῖς
680 5551 887 5609 αὑτοῦ.

105 5637 184 5703 η’.
216 5632 370 5700 Εἶδες
401 5640 518 5702 οἵας
545 5638 734 5694 ἔλαϐον
764 5643 855 5694 καὶ
883 5634 1024 5695 οὗτοι
1050 5643 1151 5714 τῆς
1183 5646 1589 5722 εὐγνωμοσύνης
1626 5652 1717 5715 τΞις

99 5828 132 5857 ⁸
165 5828 248 5876 ἓν
265 5828 316 5876 il.
333 5829 379 5875 in
402 5841 538 5885 man;
584 5832 705 5890 conj.
731 5828 786 5888 ἧς
808 5830 852 5878 εἰ
870 5829 1004 5887 αὐτὸς
1026 5831 1165 5880 αὐτὸν
1188 5836 1242 5881 δι’
1265 5833 1452 5881 ἑαυτοῦ.

1205 245 1271 302 IN
1307 245 1458 302 CAP.
1496 245 1568 300 IX
1604 244 1849 302 GENES.
1892 247 2121 304 HOMIL.
2165 245 2354 302 XXIX.

3400 240 3515 293 27‘!

1837 363 2090 433 ἀμοιϐὰς,
2131 364 2224 417 καὶ
2258 363 2428 432 πόσην
2458 362 2660 425 ἐκεῖνος
2699 360 2786 415 διὰ
2813 361 2910 432 τῆς
2957 360 3284 432 προπετείας
3308 357 3499 411 ἐαυτοῦ

1842 451 2200 504 κατεσκέδασε
2217 451 2314 519 τὴν
2343 450 2585 520 ἀτιμίαν.
2633 449 2818 502 Ταῦτα
2851 448 3114 519 διηνεκῶς
3141 446 3351 517 ἔχωμεν
3384 447 3505 498 ἐπι·

1841 538 2197 609 γεγραμμένα
2222 541 2288 608 τῇ
2313 536 2518 608 διανοίᾳ
2548 539 2612 608 τῇ
2635 537 2902 608 ἡμετέρᾳ,
2946 536 3034 590 ἵνα
3062 535 3167 590 τῶν
3201 535 3298 604 μὲν
3335 550 3505 604 μιμη-

1837 626 1927 678 ταὶ
1953 625 2044 678 καὶ
2083 625 2319 696 ζηλωταὶ
2369 626 2617 695 γενέσθαι
2659 625 2994 697 δυνηθῶμεν,
3025 625 3118 678 τοῦ
3144 624 3200 677 δέ
3243 623 3504 693 φύγωμεν

1837 712 1897 765 τὸ
1933 713 2204 784 μοχθηρὸν
2229 717 2324 782 τῆς
2345 712 2586 784 γνώμης.
2617 713 2710 766 καὶ
2735 714 2831 784 τῆς
2853 711 3185 783 προπετείας
3210 710 3308 782 τὴν
3344 711 3506 782 ὐπερ-

1839 801 2020 878 ϐολήν.
2057 802 2166 855 Καὶ
2188 801 2384 866 ἔζησε,
2425 803 2577 872 φησί,
2608 800 2733 855 Νῶε
2755 801 2905 869 μετὰ
2936 801 3043 854 τὸν
3070 799 3505 869 κατακλυσμὸν

1837 891 1941 957 ἔτη
1973 892 2280 960 τριακόσια
2325 892 2716 956 πεντήκοντα·
2774 891 2868 944 καὶ
2903 890 3182 960 ἐγένοντο
3211 890 3400 944 πᾶσαι
3444 895 3503 944 al

1837 979 2045 1048 ἡμέραι
2071 977 2195 1032 Νῶε
2225 979 2551 1032 ἐννακόσια
2567 978 2943 1045 πεντήκοντα
2957 979 3081 1046 ἐτη,
3097 979 3195 1032 καὶ
3219 979 3508 1033 ἀπέθανε..

1835 1065 1928 1136 Μὴ
1964 1065 2193 1136 νομίσῃς
2233 1066 2289 1119 δέ
2323 1064 2480 1118 τοῦτο
2525 1065 2711 1129 ἁπλῶς
2757 1065 3172 1134 ἐκσημήνασθαι
3219 1065 3318 1135 τὴν
3351 1064 3517 1117 Beia»

1835 1153 2079 1224 Γραφὴν,
2112 1153 2228 1207 ἀλλ’
2254 1155 2354 1225 ὅρα
2384 1156 2479 1207 καί
2527 1151 2774 1206 ἐντεῦθεν
2814 1152 2909 1208 τοῦ
2949 1149 3158 1206 δικαίου
3179 1153 3278 1224 τὴν
3307 1153 3501 1223 ὲγκρά-

1835 1257 1983 1293 τειαν
2015 1241 2097 1295 δτι
2132 1241 2254 1294 οὐτε
2285 1242 2469 1304 ἀδείας
2505 1241 2597 1294 καὶ
2631 1239 2866 1303 ἀνέσεως
2895 1239 3225 1303 ἀπολαύσας,
3249 1240 3344 1294 καὶ
3378 1257 3498 1293 τοσ-

1834 1327 1990 1382 οῦτον
2016 1330 2249 1400 ἀριθμὸν
2280 1330 2415 1384 ἐτῶν
2443 1330 2729 1401 ἐπιζήσας,
2767 1329 2906 1399 μετά
2936 1330 3033 1398 τὴν
3067 1330 3174 1383 ἀπὸ
3207 1331 3306 1399 τῆς
3337 1329 3502 1383 κιϐω-

1834 1415 1927 1468 τοῦ
1975 1416 2185 1482 ἔξοδον,
2241 1416 2588 1478 παιδοποιίας
2642 1417 2900 1486 ἠνέσχετο
2948 1416 3152 1470 λοιπόν.
3204 1417 3338 1470 οὐδὲ
3395 1417 3511 1487 γὰρ.

1835 1503 2238 1575 ἐμνημόνευσεν
2288 1505 2320 1574 ἡ
2355 1503 2566 1573 Γραφὴ,
2599 1503 2679 1556 ὅτι
2709 1503 2925 1574 ἐτέρους
2950 1503 3071 1572 ἔσχε
3117 1503 3334 1566 παῖδας,
3367 1503 3507 1573 πλὴν

1833 1589 2038 1643 τούτων
2088 1590 2196 1643 τῶν
2237 1590 2425 1662 τριῶν.
2464 1590 2740 1644 Ἐντεῦθεν
2790 1591 2948 1643 πάλιν
2996 1589 3213 1659 λογίζου
3240 1590 3333 1644 τοῦ
3372 1591 3510 1660 Χάμι

1833 1678 1933 1748 τὴν
1961 1677 2162 1749 πολλὴν
2191 1677 2394 1750 ταύτην
2426 1677 2739 1740 ἀκολασίαν,
2768 1677 2849 1731 ὅτι
2869 1677 2993 1730 οὐτε
3013 1677 3102 1730 τὸν
3137 1677 3345 1747 πατέρα
3365 1679 3506 1749 ὁρῶν

1831 1767 2102 1836 τοσαύτην
2127 1766 2566 1836 ἐπιδεικνύμενον
2591 1765 2916 1836 ἐγκράτειαν
2953 1767 3368 1837 ἐσωφρονίζετο,
3391 1765 3506 1819 ἀλλ’

1833 1853 1926 1906 ἀπ’
1957 1854 2203 1915 ἐναντίας
2249 1853 2328 1924 τῷ
2359 1853 2709 1924 γεγεννηκότι
2747 1852 2962 1907 ἅπαντα
2994 1853 3364 1924 διεπράττετο.
3416 1854 3507 1906 Διὸ

1833 1941 1927 1993 καὶ
1951 1940 2176 2005 εἰκότως
2206 1940 2350 1994 ἀπαν
2375 1940 2435 1993 τὸ
2467 1938 2526 2004 ἐξ
2550 1938 2717 1993 αὐτοῦ
2755 1940 2910 2008 γένος
2941 1944 3006 2012 τῇ
3038 1941 3254 2012 δουλείᾳ
3291 1941 3505 1994 κατεδι-

1833 2026 2051 2092 κάζετο,
2073 2027 2160 2080 ἵνα
2182 2027 2398 2096 χαλινὸν
2423 2025 2518 2098 ἔχη
2544 2027 2639 2097 τῆς
2663 2027 2944 2098 μοχθηρᾶς
2965 2027 3355 2099 προαιρέσεως.
3373 2023 3506 2081 Εἶτα

1831 2115 2078 2169 ἐντεῦθεν
2102 2116 2432 2187 διηγουμένη
2463 2119 2496 2185 ἡ
2533 2115 2651 2168 θεία
2685 2115 2876 2188 Γραφὴ
2900 2117 3028 2180 τοὺς
3051 2118 3114 2170 ἐκ
3156 2117 3263 2172 τῶν
3296 2118 3502 2172 παίδων

1830 2201 2140 2272 τεχθέντας,
2161 2204 2314 2275 φησί·
2334 2203 2462 2273 Χὰμ
2487 2202 2555 2256 δὲ
2575 2202 2866 2274 ἐγέννησε
2891 2202 2998 2257 τὸν
3023 2205 3195 2270 Χούς·
3216 2205 3309 2258 καὶ
3323 2203 3503 2259 πάλιν·

1830 2289 1986 2356 Χοὺς
2013 2289 2080 2344 δὲ
2095 2289 2384 2360 ἐγέννησε
2410 2291 2517 2344 τὸν
2558 2288 2808 2360 Νεϐρώὸ.
2879 2287 3068 2360 Οὗτος
3092 2292 3316 2360 ἤρξατο
3353 2288 3509 2347 εἶναι

1830 2377 1999 2447 γίγας
2026 2378 2120 2430 ἐπί
2153 2377 2262 2446 τῆς
2311 2378 2440 2448 γῆς.
2486 2375 2673 2445 Οὗτος
2719 2375 2799 2450 ἦν
2826 2379 2996 2449 γίγας
3035 2381 3299 2450 κυνηγὸς
3327 2381 3501 2435 ἐναν-

1831 2466 1960 2518 τίον
1991 2467 2234 2533 Κυρίου.
2279 2467 2389 2520 Καί
2439 2485 2586 2530 τινες
2639 2467 2736 2539 μέν
2780 2484 2910 2536 φασι
2947 2467 3010 2520 τὸ
3042 2467 3355 2522 Ἐναντίον
3392 2473 3505 2522 Κυ-

1821 2563 1982 2629 ρίου,
2033 2563 2152 2616 ἀντί
2210 2564 2302 2616 τοῦ
2357 2562 2764 2634 ἐναντιούμενος
2807 2563 2886 2634 τῷ
2941 2563 3082 2635 Θεῷ·
3144 2565 3254 2632 ἐγὼ
3305 2564 3361 2618 δὲ
3407 2565 3504 2633 οὐχ

1829 2657 2068 2727 ἠγοῦμαι
2121 2657 2278 2710 τοῦτο
2345 2659 2673 2713 αἰνίττεσθαι
2716 2659 2816 2730 τὴν
2874 2658 3025 2712 θείαν
3089 2659 3333 2730 Γραφὴν,
3386 2659 3502 2712 ἀλλ’

1829 2753 1909 2805 ὅτι
1933 2753 2147 2822 ἰσχυρός
2164 2771 2245 2816 τις
2265 2750 2330 2824 ἦν
2361 2755 2453 2807 καὶ
2487 2756 2747 2826 ἀνδρεῖος.
2781 2755 2853 2806 Τὸ
2873 2754 2929 2806 δὲ
2957 2753 3245 2809 ἀπέναντι
3284 2756 3504 2824 Κυρίου

1830 2848 1936 2903 τοῦ
1973 2847 2144 2912 Θεοῦ,
2175 2850 2296 2902 ἀντὶ
2342 2849 2458 2915 τοῦ,
2491 2850 2582 2903 ὐπ’
2631 2848 2795 2902 αὐτοῦ
2847 2849 3172 2921 παραχθεὶς,
3221 2849 3312 2903 ὑπ’
3337 2850 3504 2904 αὐτοῦ

1829 2943 2119 3014 δεξάμενος
2172 2943 2264 2997 τοῦ
2308 2944 2441 2998 Θεοῦ
2502 2945 2601 3014 τὴν
2651 2944 2899 3013 εὐλογίαν
2937 2945 2986 3010 ιδ,
3020 2945 3052 3014 ἢ
3092 2945 3174 2998 ὅτι
3205 2945 3440 3016 ἤμελλεν
3476 2945 3503 2999 ό

1829 3039 1962 3104 Θεὸς
1982 3039 2050 3092 δι’
2071 3040 2236 3094 αὐτοῦ
2267 3039 2661 3111 θαυμάζεσθαι,
2687 3041 2762 3105 ὡς
2781 3040 3022 3095 τοιοῦτον
3043 3038 3380 3112 παραγαγὼν
3409 3043 3504 3094 καὶ

1829 3136 2007 3203 δείξας
2045 3137 2138 3189 ἐπὶ
2177 3138 2275 3208 τῆς
2308 3139 2430 3209 γῆς.
2471 3137 2630 3190 Ἀλλὰ
2672 3139 2766 3192 καί⁵
2797 3131 2952 3202 οῦτος
2978 3138 3142 3192 πάλιν
3174 3135 3507 3210 μιμούμενος

1829 3234 1919 3287 τὸν
1946 3234 2228 3308 πρόγονον,
2265 3235 2360 3287 καὶ
2390 3235 2489 3286 οὐκ
2518 3236 2595 3297 εἰς
2619 3233 2736 3288 δέον
2770 3236 3110 3307 χρησάμενος
3141 3235 3255 3297 τοῖς
3280 3235 3380 3304 τῆς
3407 3231 3506 3302 φύ-

1831 3349 1969 3396 σεως
1994 3333 2232 3402 προτερή
2245 3349 2428 3402 μασιν,
2464 3332 2650 3403 ἕτερον
2671 3332 2913 3396 δουλείας
2941 3331 3138 3403 ἐφεῦρε
3168 3331 3386 3402 τρόπον,
3412 3329 3505 3382 καὶ

1828 3429 2010 3500 ἄρχων
2040 3429 2132 3481 καὶ
2159 3427 2410 3498 βασιλεὺς
2437 3429 2686 3496 γενέσθαι
2721 3431 3064 3501 ἐπεχείρησε.
3101 3428 3364 3490 Βασιλεὺς
3393 3427 3502 3496 γὰρ

1828 3526 1926 3579 οὐκ
1965 3525 2030 3580 ἃν
2063 3525 2274 3593 γένοιτό
2303 3542 2433 3578 ποτε
2461 3523 2533 3596 μὴ
2564 3524 2731 3578 ὄντων
2760 3525 2868 3578 τῶν
2896 3525 3232 3596 ἀρχομένων.
3263 3523 3410 3595 Λύτη
3447 3523 3507 3579 ει

1828 3623 1974 3676 δοκεῖ
2001 3623 2098 3694 μὲν
2125 3623 2322 3693 μᾶλλον
2350 3621 2628 3691 ἐλευθερία
2657 3619 2792 3675 εἶναι
2818 3638 2829 3649 ·
2865 3622 3077 3675 δουλεία
3107 3621 3162 3674 δέ
3199 3621 3312 3674 ἐστι
3349 3621 3506 3691 χαλε-

1830 3720 2049 3788 πωτάτη
2089 3719 2146 3770 ἐν
2191 3717 2498 3788 ἐλευθερίας
2541 3717 2712 3784 τάξει,
2755 3717 2864 3787 ὅσῳ
2912 3717 3004 3769 καὶ
3050 3717 3159 3769 τῶν
3203 3716 3503 3786 ἐλευθέρων

1829 3817 2040 3885 κρατεῖ.
2079 3813 2187 3866 Καὶ
2209 3814 2310 3884 δρα
2333 3811 2433 3883 τὴν
2464 3811 2792 3877 πλεονεξίαν,
2825 3813 2923 3866 ὅσα
2953 3814 3116 3865 ποιεῖ·
3153 3813 3255 3882 ὅρα
3278 3809 3370 3863 τοῦ
3399 3810 3502 3864 σώ-

1831 3927 1997 3980 ματος
2021 3908 2116 3981 τὴν
2141 3911 2292 3980 ἰσχὺν
2321 3909 2382 3962 οὐ
2417 3911 2684 3980 μένουσαν
2709 3911 2800 3962 ἐπὶ
2829 3907 2938 3962 τῶν
2958 3909 3172 3962 οἰκείων
3193 3909 3354 3979 ὅρων,
3385 3907 3499 3960 ἀλλ’

1826 4007 1912 4060 ἀεὶ
1936 4005 2028 4059 τοῦ
2069 4005 2308 4068 πλείονος
2332 4005 2641 4076 ἐφιεμένην,
2671 4005 2880 4077 καὶτῆς
2908 4004 3066 4076 δόξης
3089 4005 3424 4075 ὀρεγομένην
3447 4015 3494 4058 ι’.

1827 4104 1901 4156 Οὐ
1926 4102 2034 4173 γὰρ
2055 4101 2129 4165 ὡς
2154 4101 2546 4172 προϊστάμενος
2570 4100 2767 4167 αὐτῶν,
2791 4102 3109 4165 ὑπέταττεν,
3135 4100 3269 4154 ἀλλὰ
3290 4102 3382 4154 καὶ
3408 4101 3504 4154 πό-

1824 4199 1936 4262 λεις
1962 4197 2248 4270 ᾠκοδόμει,
2288 4198 2374 4252 ἵνα
2405 4199 2544 4270 ἄρχῃ
2583 4199 2692 4251 τῶν
2733 4197 3026 4268 πολεμίων.
3079 4196 3341 4262 Ἐκεῖθεν
3369 4197 3498 4266 γὰρ,

1827 4296 2011 4366 φησὶν,
2051 4293 2121 4347 ἐκ
2168 4291 2278 4361 τῆς
2323 4291 2433 4361 γῆς
2463 4293 2700 4360 ἐκείνης
2738 4293 2997 4360 ἐξῆλθεν
3029 4295 3063 4347 ὁ
3095 4292 3372 4360 Ἀσσοίζρ,
3405 4290 3501 4346 καί

1823 4387 2172 4458 ᾠκοδόμησε
2193 4387 2309 4455 τὴν
2331 4389 2554 4444 Νινευί.
2587 4389 2782 4442 Σκόπει
2815 4406 2901 4459 μοι
2925 4387 3084 4441 πάλιν
3108 4386 3357 4448 ἐνταῦθα,
3385 4387 3499 4450 πῶς

1823 4485 1973 4538 οὐδὲν
2006 4485 2323 4556 λυμαίνεται
2357 4485 2454 4556 τὴν
2489 4485 2762 4556 ἡμετέραν
2792 4485 3006 4556 φύσινῆ
3041 4485 3208 4540 κακία
3231 4484 3340 4537 τῶν
3371 4501 3503 4555 προσ

1823 4582 2016 4650 γόνων.
2048 4574 2204 4636 Οὗτοι
2221 4582 2328 4653 γὰρ
2349 4582 2398 4634 οἱ
2423 4580 2464 4635 Ν
2473 4585 2717 4646 ινευῖται,
2745 4583 2793 4635 οἰ
2815 4581 2914 4653 τὴν
2935 4581 3028 4634 τοῦ
3052 4580 3187 4635 Θεοῦ
3208 4580 3395 4650 φιλανθ
3407 4597 3502 4652 ρω-

1826 4679 1953 4733 πίαν
1975 4675 2124 4750 [295]
2140 4676 2228 4732 διά
2243 4678 2341 4748 τῆς
2363 4679 2651 4748 μετανοίας
2668 4680 3119 4750 ἐπισπασάμενοι,
3144 4678 3236 4732 καὶ
3257 4677 3354 4749 τὴν
3375 4677 3501 4732 ἀπό-

1825 4792 1987 4845 φασιν
2006 4775 2097 4829 τοῦ
2117 4776 2385 4828 Δεσπότου
2417 4775 2899 4846 ἀνακαλεσάμενοι,
2935 4770 3078 4829 οὗτοι
3117 4775 3213 4846 μὲν
3239 4775 3500 4848 πρότερον

1824 4871 1980 4941 ἔσχον
2008 4871 2328 4942 προπάτορα
2359 4870 2449 4923 τὸν
2487 4872 2637 4941 Χὰμ,
2673 4870 2762 4924 τδν
2793 4869 3125 4942 πατραλοίαν
3153 4871 3378 4922 ἐκεῖνον·
3405 4868 3500 4920 ἕπ-

1826 4984 1941 5021 ειτα
1970 4967 2060 5020 τὸν
2092 4966 2336 5038 Νεϐρὼδ,
2361 4967 2646 5038 ἄνθρωπον
2673 4966 2931 5038 τύραννον
2959 4968 3052 5020 καὶ
3082 4965 3311 5034 αὐθάδη,
3335 4965 3495 5034 ἔγγο·

1824 5083 1911 5119 νον
1965 5064 2236 5136 ἐσχηκότα
2278 5063 2368 5118 τὸν
2402 5063 2651 5134 Ἀσσούρ.
2678 5063 2937 5130 Λέγονται
2961 5060 3016 5115 δέ
3049 5062 3178 5123 ἴσως
3203 5059 3296 5113 καὶ
3318 5060 3496 5131 ἕτεροι

1824 5161 2146 5232 γεγενῆσθαι
2176 5164 2231 5214 ἐν
2256 5162 2438 5224 αὐτοῖς
2466 5159 2662 5229 βλᾶκες
2683 5159 2775 5212 καί
2796 5157 3266 5230 διατεθρυμμένοι,
3287 5156 3380 5210 καὶ
3404 5157 3495 5209 τὸν

1825 5260 1990 5331 ὑγρὸν
2025 5259 2118 5312 καὶ
2153 5257 2469 5330 διαρῤέοντα
2493 5255 2692 5321 ζῶντες
2716 5255 2847 5326 βίον,
2883 5256 3021 5328 μέθῃ
3051 5256 3143 5309 καὶ
3174 5255 3368 5323 γέλωτι
3399 5255 3494 5308 καὶ

1823 5356 2029 5428 κώμοις
2061 5356 2150 5408 καὶ
2178 5353 2488 5424 χλευασίαις
2517 5354 2740 5416 ἐαυτούς
2762 5352 3134 5416 ἐκδεδωκότες·
3166 5352 3279 5406 ἀλλ’
3309 5350 3492 5422 ἐπειδὴ

1821 5451 2195 5522 ἠϐουλήθησαν
2223 5449 2422 5522 ἀκριϐῆ
2452 5449 2550 5522 τὴν
2589 5449 2878 5522 μετάνοιαν
2911 5446 3300 5513 ἐπιδείξασθαι,
3340 5447 3493 5500 οὐδὲν

1810 5549 2016 5612 αὐτοὺς
2050 5547 2349 5618 ἐλυμήνατο
2370 5547 2478 5600 τῶν
2502 5547 2778 5618 προγόνων
2800 5549 2832 5617 ἡ
2859 5547 3043 5608 κακία,
3069 5544 3205 5599 ἀλλὰ
3223 5543 3491 5615 τοσαύτην

1886 5708 1911 5745 ιθ
1943 5710 2059 5774 [res
2085 5724 2198 5758 mu.
2224 5711 2308 5766 τὴν
2328 5711 2599 5774 ἀναλογίαν,
2627 5715 2783 5774 amnt:
2799 5711 2863 5758 ila
2887 5707 3010 5768 legit
3036 5709 3297 5774 interm-es:

1820 5833 1836 5882 ί
1873 5776 1902 5882 ἱ
1928 5773 2146 5829 Quatuor
2174 5786 2288 5822 mss.
2317 5766 2598 5834 ὀρεγομένην
2620 5766 2708 5828 τὴ(
2730 5771 2882 5834 φύσιν,
2923 5766 3068 5831 aitque
3094 5766 3177 5819 ila‘
3200 5766 3320 5828 legit
3350 5766 3488 5812 vetus

1840 5847 1867 5880 ιι
1897 5847 2084 5896 crpres.
