3804 6252
15 297 137 352 273

28 426 192 481 runt,
222 422 283 470 ut
322 430 492 486 usque
522 430 663 472 nunc
688 415 993 471 celebretur
1020 417 1273 487 praclara
1298 432 1483 473 eorum
1510 431 1622 486 po:-

31 507 301 560 nitentia.

107 594 336 651 Horatia
360 596 734 650 exhortatio.—
750 596 980 651 Proinde
1002 596 1120 652 illos
1139 606 1193 651 et
1221 612 1318 651 nos
1344 597 1629 661 imitemur,

26 697 84 741 et
115 702 246 740 cum
278 688 511 743 sciamus
537 703 707 758 neque
733 700 1011 758 parentant
1039 690 1324 758 nequitiam
1354 703 1451 742 nos
1473 687 1635 741 hrde-

30 796 116 837 re,
155 778 202 832 si
235 780 564 836 voluerimus
591 779 925 848 resipiscere,
959 795 1131 850 neque
1162 788 1437 848 parentum
1467 777 1636 831 virtu-

31 882 151 924 tem
180 872 339 925 nobis
362 871 636 941 prodesse,
664 871 708 925 si
740 870 996 926 fuerimus
1017 871 1364 941 negligentes,
1388 884 1636 938 magnum

32 964 106 1015 sit
128 963 292 1016 nobis
310 961 545 1017 studium
562 961 793 1025 virtutis,
817 970 871 1016 et
888 970 1094 1031 gratam
1112 959 1437 1014 voluntatem
1455 966 1640 1013 osten-

33 1052 281 1118 damus,
311 1062 369 1107 ut
391 1052 633 1107 eamdem
662 1068 822 1123 quam
847 1052 973 1107 Sem
998 1063 1050 1107 et
1079 1049 1306 1120 Japheth
1343 1064 1642 1120 consequa-

36 1164 173 1200 mur
199 1146 632 1201 benedictionem
667 1163 682 1200 :
723 1154 780 1201 et
822 1154 935 1200 uta
979 1143 1351 1199 nuledictione
1378 1153 1432 1197 et
1472 1141 1643 1198 servi-

40 1248 188 1303 tute,
220 1252 382 1308 quam
407 1236 660 1292 Chanaan
699 1236 938 1307 accepit,
967 1236 1277 1301 liberemur,
1303 1245 1358 1290 et
1385 1249 1452 1288 ne
1480 1233 1646 1287 simus

38 1328 202 1383 servi
232 1327 461 1398 peccati,
483 1327 577 1383 sed
599 1342 779 1382 veram
805 1325 1138 1398 possidentes
1165 1326 1485 1391 libertatem,
1510 1322 1646 1379 inel—

42 1418 241 1474 fabiiia
269 1418 406 1472 bona
432 1417 813 1486 adipiscamur,
853 1417 1026 1487 gratia
1049 1424 1107 1471 et
1130 1415 1494 1470 misericordia
1540 1413 1648 1467 Do-

49 1509 193 1563 mini
222 1508 396 1562 nostri
420 1506 547 1562 Jesu
570 1507 793 1573 Christi,
818 1521 1065 1577 cumquo
1085 1506 1244 1571 Patri,
1269 1505 1428 1560 simul
1453 1514 1507 1559 et
1529 1504 1651 1573 Spi-

48 1599 187 1655 ritui
212 1607 405 1654 sancto
426 1596 496 1653 sit
517 1597 707 1668 gloria,
730 1597 1033 1668 imperium,
1059 1597 1251 1663 honor,
1274 1610 1416 1652 nunc
1434 1606 1487 1651 et
1510 1610 1651 1650 sem-

46 1706 177 1759 per,
208 1699 266 1745 et
294 1690 347 1744 in
371 1689 685 1744 saculorum
711 1689 925 1743 saécula.
960 1688 1151 1743 Amen.

620 1806 897 1876 HOMILIA
939 1819 1107 1875 xxx.

90 1936 169 1990 Et
195 1945 308 1992 erat
329 1936 491 1991 omnis
517 1945 649 1990 terra
670 1935 860 1989 labiunt
880 1952 1057 2000 unum,
1080 1945 1125 1989 et
1147 1952 1243 1989 vos:
1269 1952 1368 1989 una
1391 1933 1618 1988 omnibus

675 2025 826 2096 (Cen.
858 2027 945 2082 il.
978 2026 1053 2099 1).

135 2164 190 2217 Ι.
225 2163 268 2214 Α
310 2161 611 2232 negligentia
638 2159 894 2215 auditores
912 2162 1107 2215 avertit.
1151 2160 1409 2232 Confessio
1430 2170 1660 2231 peccato-

54 2271 204 2307 rum.
233 2252 397 2306 llam:
418 2254 635 2325 majores
656 2253 731 2305 vel
751 2253 967 2305 minores
993 2268 1084 2321 pro
1106 2250 1421 2320 longitudine
1442 2250 1661 2306 dierum.

56 2345 173 2397 Cur
208 2360 398 2414 magna
428 2338 625 2396 dicatur
660 2343 767 2395 lucc
805 2341 1139 2396 Itrbdomada.
1167 2372 1237 2382 —
1263 2340 1404 2396 Ecce
1446 2340 1659 2395 tandem

58 2440 128 2492 ad
185 2438 349 2491 ﬁnem
395 2448 591 2492 sancta
630 2435 1061 2505 Quadragesima
1100 2434 1361 2501 venimus,
1390 2443 1443 2489 ct
1474 2432 1660 2503 jejunii

59 2530 463 2599 navigationem
495 2529 812 2597 perfecimus
837 2570 851 2591 ,
885 2528 1317 2598 appulimusque,
1348 2526 1441 2581 Dei
1467 2526 1659 2596 gratia,

60 2622 117 2674 in
156 2629 395 2689 portum.
428 2618 624 2673 Verum
662 2632 769 2671 non
815 2617 936 2672 ideo
983 2617 1307 2688 negligentes
1338 2618 1525 2679 simus,
1567 2616 1662 2670 sed

62 2716 172 2769 hac
200 2711 270 2766 de
302 2727 457 2767 causa
506 2711 695 2765 iterum
728 2711 898 2779 majus
937 2709 1166 2764 studium
1188 2750 1203 2775 ,
1247 2708 1501 2778 majorem
1542 2706 1665 2762 dili-

58 2806 344 2875 gentiam,
377 2804 738 2873 majoremque
780 2801 1101 2872 vigilantiam
1136 2801 1502 2857 exbibeamus.
1532 2799 1664 2853 Nam

62 2908 119 2951 et
148 2894 392 2950 naucleri
415 2910 535 2948 cum
562 2910 653 2962 per
682 2895 843 2947 multa
872 2894 1036 2947 maria
1063 2893 1385 2958 transierint,
1413 2903 1467 2947 et
1495 2891 1666 2960 plenis

64 2990 240 3052 velis,
270 2986 581 3053 eductis-ine
609 2986 876 3040 mercibus
903 2984 1006 3057 (a)
1037 2985 1089 3039 in
1135 2994 1344 3055 portum
1378 2982 1665 3054 ingressuri

65 3080 278 3134 fuerint
298 3120 314 3143 ,
342 3086 453 3130 tum
485 3077 770 3131 maximam
814 3090 999 3131 curam
1032 3085 1086 3130 et
1131 3074 1538 3129 sollicitudinem
1571 3088 1667 3143 ge-

65 3179 221 3235 runt,
251 3184 322 3222 ne
348 3168 404 3221 in
432 3166 707 3237 scopulum
737 3167 824 3222 vel
851 3167 904 3221 in
931 3174 1136 3235 petram
1162 3164 1445 3235 quamdam
1475 3164 1667 3234 impin-

62 3269 223 3331 gant,
252 3274 375 3327 qua
401 3272 589 3313 omnes
614 3258 820 3328 priores
845 3257 1057 3312 labores
1085 3255 1242 3310 simul
1268 3254 1560 3324 disperdat.
1593 3255 1667 3309 lta

66 3367 294 3419 quoque
337 3348 536 3402 faciunt
559 3362 808 3403 cursores
840 3367 853 3402 :
882 3364 1001 3403 cum
1027 3347 1168 3403 enim
1192 3346 1259 3401 ad
1284 3346 1442 3402 ﬁnem
1466 3345 1669 3401 stadio-

68 3460 196 3497 rum
223 3440 577 3510 perveniunt,
606 3438 1057 3495 vehementiorem
1088 3446 1303 3493 servant
1341 3453 1582 3504 cursum,
1616 3447 1673 3492 ut

69 3544 280 3587 metam
308 3532 591 3601 attingant,
615 3539 671 3586 et
694 3532 909 3600 praemia
937 3539 1261 3585 mereantur.
1284 3530 1511 3584 Athlela
1540 3544 1675 3599 quo-

66 3643 185 3696 que
213 3634 339 3695 post
370 3624 592 3692 plurima
616 3622 906 3678 certamina
936 3630 991 3678 et
1010 3621 1277 3687 vietorias,
1307 3636 1428 3676 cum
1454 3636 1551 3690 pro
1576 3636 1673 3676 co-

66 3733 213 3775 rona
244 3716 561 3772 certandum
592 3724 711 3779 est,
758 3715 946 3785 majori
975 3714 1091 3769 nisu
1123 3714 1300 3768 omnia
1342 3714 1572 3780 faciunt,
1616 3722 1675 3769 ut

68 3820 307 3878 accepta
334 3821 535 3863 corona
572 3808 785 3863 abeant.
832 3808 1013 3876 Itaque
1048 3806 1494 3877 quemadmodum
1540 3822 1672 3861 nau-

70 3901 235 3967 cleri,
266 3908 325 3955 et
347 3912 625 3964 cursores,
656 3910 711 3954 et
736 3898 983 3964 athleta,
1014 3899 1103 3952 ubi
1131 3898 1198 3952 ad
1230 3898 1388 3953 tinem
1431 3898 1672 3965 veniunt,

72 3992 254 4061 magis
281 3990 561 4045 enituntur
596 3998 652 4045 et
687 3990 906 4060 vigilant
940 4006 954 4043 :
990 3988 1177 4044 eodem
1206 3989 1365 4044 modo
1393 3999 1449 4043 et
1468 4004 1563 4043 nos
1594 3990 1675 4043 fa-

72 4085 292 4135 ciamus
318 4088 531 4149 oportet
554 4121 569 4145 ,
595 4081 718 4151 quia
763 4081 815 4135 in
854 4095 1097 4151 magnam
1129 4079 1264 4134 hanc
1289 4080 1676 4136 hebdomadam

76 4176 176 4228 Dei
212 4175 389 4243 gratia
419 4174 787 4242 pervenimus.
822 4189 962 4228 nunc
1004 4174 1233 4229 maxime
1256 4174 1440 4244 jejunii
1489 4190 1679 4231 cursus

75 4265 467 4329 intendendus,
497 4275 551 4320 et
573 4266 919 4321 ferventiores
941 4264 1220 4320 fundendo:
1249 4281 1455 4336 preces,
1483 4266 1680 4322 facien-

72 4362 261 4430 daque
281 4357 514 4427 diligens
533 4367 585 4412 et
608 4373 736 4427 pura
765 4366 1100 4426 peccatorum
1120 4357 1405 4423 confessio,
1432 4368 1487 4413 et
1511 4358 1564 4412 in
1587 4359 1685 4414 bo-

72 4453 163 4505 nis
196 4448 455 4519 operibus
479 4447 731 4504 sedulitas
767 4446 1083 4515 exhibenda,
1116 4448 1452 4519 cleemosyna
1498 4449 1639 4519 larga
1660 4490 1677 4517 ,

70 4543 315 4612 :rqnitas
338 4581 352 4605 ,
385 4539 768 4605 mansuetudo,
813 4541 1037 4610 aliaque
1080 4541 1305 4596 virtutes
1338 4557 1351 4593 :
1395 4550 1453 4594 nt
1491 4541 1680 4597 talibus

72 4632 261 4688 ornati
285 4631 591 4697 virtutibus,
621 4630 705 4685 ubi
737 4632 789 4685 in
816 4631 956 4686 diem
988 4631 1313 4686 Dominicam
1341 4630 1561 4686 Pascha
1585 4646 1684 4687 ve-

73 4726 349 4787 nerimus,
384 4723 597 4777 Domini
626 4723 939 4778 liberalitate
960 4724 1216 4778 fruamur.
1241 4723 1480 4793 Magnam
1502 4736 1680 4780 autem

72 4828 346 4869 vocamus
377 4813 789 4881 hebdomadam,
820 4831 923 4868 non
952 4814 1093 4883 quod
1122 4814 1389 4884 [angores
1412 4815 1464 4869 in
1485 4831 1546 4871 ea
1577 4817 1685 4871 sint

75 4909 239 4962 horse
268 4923 282 4959 :
318 4916 446 4961 sunt
474 4905 614 4960 enim
647 4905 764 4959 alia
789 4922 907 4975 qua
946 4906 1110 4959 multo
1142 4906 1371 4975 ntajores
1397 4905 1556 4961 horas
1583 4907 1681 4960 ha-

74 5000 253 5062 bent;
287 5012 462 5066 neque
486 4995 628 5064 quod
663 4997 837 5065 plures
864 4997 980 5051 dies
1009 4997 1201 5051 habeat
1230 5015 1242 5049 :
1272 5009 1353 5052 est
1374 4998 1515 5052 enim
1544 4997 1683 5052 idem

77 5103 352 5143 numerus
392 5088 441 5141 in
474 5086 574 5142 hac
612 5088 835 5157 aliisque
873 5088 1141 5144 Omnibus.
1186 5088 1361 5157 Quare
1384 5104 1515 5160 ergo
1543 5090 1684 5145 illam

74 5195 349 5236 vocamus
372 5182 654 5249 magnam?
675 5179 809 5247 Quia
832 5180 884 5233 in
910 5181 994 5233 illa
1016 5196 1202 5250 magna
1218 5181 1461 5251 quaedam
1481 5190 1533 5237 et
1554 5180 1689 5239 inef-

56 5262 273 5330 fabLIia
308 5273 445 5326 bona
486 5273 825 5341 contigerunt
852 5272 1026 5326 nobis.
1068 5270 1123 5325 In
1155 5272 1241 5326 illa
1277 5272 1421 5328 enim
1457 5274 1686 5328 solutum

71 5380 171 5421 est
208 5365 403 5420 bellum
449 5364 746 5429 diutinum,
774 5364 1032 5417 exstincta
1074 5378 1240 5430 mors,
1271 5364 1573 5420 maledictio
1603 5364 1686 5430 in-

56 5467 381 5533 iicretnpla,
406 5454 604 5510 diaboli
629 5457 862 5525 tyrannis
881 5455 1156 5524 dissoluta,
1182 5472 1303 5513 vasa
1322 5457 1436 5527 ejus
1462 5457 1686 5528 direpta;

60 5610 67 5617 ο
148 5590 231 5653 (a)
251 5591 334 5639 His
347 5591 507 5654 innuit
526 5590 907 5654 Chrysostomus,
930 5604 1021 5641 suo
1044 5600 1267 5654 tempore
1289 5592 1339 5639 in
1360 5603 1496 5640 more
1521 5590 1689 5650 fuisse,

60 5662 137 5703 .ut
162 5651 235 5702 ex
262 5653 498 5709 navibus,
532 5651 756 5701 confecto
788 5656 1107 5712 navigationis
1136 5651 1309 5711 cursu,
1344 5661 1606 5715 antequam
1642 5654 1690 5701 in

76 5722 289 5781 [ortum
313 5716 600 5781 itilrarctur,
622 5728 772 5764 onera
799 5723 851 5765 et
873 5717 1073 5767 sarcina:
1101 5717 1445 5775 educerentur,
1468 5722 1519 5765 ct
1542 5718 1589 5765 iu
1614 5728 1689 5763 su-

74 5776 265 5841 premo
284 5776 505 5827 tabulato
528 5786 846 5839 ponerentur.

1023 304 1089 361 IN
1127 306 1276 363 CAP.
1318 305 1367 361 Χ
1405 305 1491 361 ΕΤ
1532 304 1621 361 XI.
1663 304 1907 361 CENES.
1948 304 2175 360 HOMIL.
2219 304 2386 360 XXX.

3212 299 3315 354 2N

1741 415 1880 470 Deus
1908 415 2209 470 hominibus
2235 414 2605 470 reconciliatus
2628 407 2729 476 est,
2756 411 2945 468 calum
2994 412 3319 482 penetrabile

1738 503 1933 559 factum
1960 515 2060 569 est,
2094 507 2336 560 homines
2363 520 2483 561 cum
2505 504 2711 575 angelis
2733 505 3005 559 commixti
3033 511 3176 570 sunt,
3201 521 3320 574 qua:

1741 594 2006 648 distabant
2029 596 2306 665 conjuncta
2329 605 2470 660 sunt,
2489 610 2645 664 sepes
2664 595 2889 661 sublata,
2912 605 3119 665 septum
3144 611 3325 650 remo-

1744 695 1876 752 tum,
1909 686 2048 742 Deus
2073 689 2217 757 pacis
2240 688 2457 757 paciﬁca
2498 688 2621 743 fecit
2644 689 2842 756 omnia,
2870 704 2987 760 qua
3016 690 3067 743 in
3102 689 3248 742 e'elis
3276 697 3329 741 et

1744 793 1861 846 qua
1890 778 1942 832 in
1971 780 2148 833 terris.
2172 766 2283 834 ilac
2303 781 2476 850 itaque
2495 780 2561 835 de
2587 795 2744 835 causa
2773 797 3013 851 magnam
3038 781 3330 837 hebdoma-

1746 869 1867 923 dam
1897 884 2168 937 vocamus,
2192 872 2314 940 quia
2341 880 2540 925 tantam
2574 872 2726 927 nobis
2749 872 3010 927 donorum
3033 873 3329 927 multitudi-

1748 976 1870 1014 nem
1901 961 1951 1013 in
1990 961 2073 1014 illa
2114 960 2332 1031 largitus
2357 971 2439 1017 est
2468 962 2742 1016 Dominus.
2776 962 2841 1015 Et
2866 962 3065 1017 idcirco
3089 965 3238 1016 multi
3266 971 3322 1017 et

1745 1050 2003 1119 jejunium
2036 1050 2334 1118 intendunt,
2361 1062 2414 1107 et
2443 1051 2667 1123 vigilias,
2708 1061 2763 1106 et
2790 1052 3215 1122 pernoctationes
3241 1068 3330 1105 sa-

1750 1157 1898 1205 cras,
1946 1152 2001 1197 et
2041 1142 2438 1214 eleemosynas,
2468 1141 2589 1197 hinc
2624 1141 2933 1197 exhibentes
2972 1158 3129 1207 eum,
3167 1158 3324 1212 quem

1753 1234 2100 1289 hebdomada
2132 1235 2253 1291 huic
2280 1244 2555 1305 praestant,
2589 1234 2865 1294 honorem.
2897 1234 3027 1289 Nam
3069 1235 3115 1290 si
3154 1236 3336 1289 Domi-

1753 1343 1853 1381 nus
1882 1328 2006 1383 talia
2030 1329 2168 1384 bona
2201 1330 2252 1384 in
2291 1330 2379 1385 illa
2412 1330 2565 1385 nobis
2594 1331 2831 1398 donavit,
2858 1331 3127 1403 quomodo
3151 1348 3257 1387 non
3283 1342 3338 1387 et

1756 1434 1854 1474 nos
1873 1419 2147 1487 debemus,
2172 1433 2426 1492 quantum
2454 1438 2755 1494 possumus,
2789 1426 3139 1481 reverentiam
3161 1436 3215 1481 et
3239 1426 3337 1482 ho-

1758 1525 1940 1566 norem
1967 1513 2290 1568 ostendere?
2324 1562 2339 1570 -

1827 1600 2090 1656 Iustitium
2114 1603 2357 1658 indictum
2390 1605 2703 1660 hebdomada
2731 1616 2930 1662 sancta.
2959 1638 3030 1648 —
3055 1608 3339 1664 Enimvero

1760 1692 2114 1761 Imperatores
2136 1694 2234 1764 ipsi
2254 1696 2416 1765 gestis
2446 1696 2567 1757 suis,
2582 1696 2854 1754 declarant
2877 1712 3036 1769 quam
3057 1698 3307 1753 venerabi
3324 1728 3340 1737 -

1761 1785 1836 1837 les
1862 1784 1981 1840 illos
2006 1784 2120 1840 dies
2161 1787 2389 1841 habeant
2408 1829 2421 1851 ,
2450 1788 2764 1844 mandantes
2796 1798 2851 1844 ut
2872 1789 3118 1845 omnibus
3138 1790 3244 1846 sint
3266 1793 3343 1843 in-

1761 1876 1929 1932 ducia
1950 1887 2004 1933 et
2028 1878 2173 1933 feria
2204 1880 2267 1934 iis
2294 1882 2380 1950 qui
2402 1881 2646 1937 civilibus
2672 1882 2965 1953 funguntur
2988 1884 3234 1954 negotiis,
3264 1894 3344 1938 ut-

1762 1982 1866 2037 que
1894 1967 2208 2023 claudantur
2234 1970 2375 2025 forcs
2398 1971 2715 2041 judiciorum
2736 2013 2752 2038 ,
2782 1982 2836 2028 et
2861 1972 3203 2029 eliminentur
3229 1990 3345 2031 ont-

1763 2075 1858 2114 nes
1888 2060 2056 2114 litium
2084 2072 2137 2116 et
2165 2063 2565 2117 contentionum
2596 2069 2823 2134 Species,
2849 2081 2956 2137 quo
2986 2083 3172 2137 magna
3197 2077 3347 2121 tran-

1763 2149 2023 2219 quillitate
2039 2166 2100 2204 ac
2116 2153 2293 2221 quiete
2312 2154 2464 2209 liceat
2482 2154 2547 2209 ad
2560 2155 2851 2225 spiritualia
2869 2166 3012 2212 recte
3029 2158 3345 2226 perﬁcienda

1766 2239 2033 2295 festinare.
2064 2241 2129 2297 Et
2154 2259 2257 2297 non
2281 2244 2381 2300 hoc
2398 2245 2589 2310 solum,
2614 2246 2705 2300 sed
2723 2256 2776 2302 et
2795 2248 2953 2302 aliam
2980 2248 3348 2305 liberalitatem

1766 2332 2054 2387 ostendunt
2084 2351 2097 2388 :
2122 2349 2214 2389 eos
2240 2337 2380 2389 enim
2408 2337 2497 2406 qui
2523 2337 2574 2390 in
2602 2338 2905 2393 carceribus
2931 2348 3076 2404 sunt,
3108 2355 3138 2393 a
3168 2343 3351 2395 vincu-

1768 2424 1831 2478 lis
1856 2426 2102 2487 Solvunt.
2140 2438 2192 2483 et
2231 2445 2325 2497 pro
2355 2428 2585 2484 humana
2614 2430 2859 2487 facultate
2889 2432 3168 2488 Dominum
3197 2448 3351 2487 suurn

1770 2517 2062 2572 imitantur.
2100 2520 2247 2574 Sicut
2286 2521 2427 2574 enim
2467 2520 2579 2593 ipse
2621 2537 2652 2572 a
2703 2522 2848 2592 gravi
2882 2537 2978 2577 nos
3014 2533 3350 2594 peccatorum

1769 2624 1982 2664 carcere
2038 2610 2254 2675 liberat,
2307 2621 2361 2666 et
2409 2612 2703 2669 innumeris
2748 2613 2899 2668 bonis
2928 2612 3132 2668 afﬁcit:
3166 2615 3353 2671 eodem

1770 2701 1931 2755 modo
1958 2710 2011 2755 et
2040 2702 2192 2756 nobis
2221 2718 2318 2772 pro
2350 2703 2486 2758 virili
2513 2707 2812 2762 faciendum
2834 2714 2933 2767 est,
2959 2716 3013 2758 ut
3043 2706 3209 2760 simus
3236 2708 3354 2760 imi-

1773 2802 1969 2849 tatores
1998 2793 2374 2849 misericordia
2410 2795 2619 2850 Domini
2645 2796 2734 2851 Dei
2763 2797 2951 2852 nostri.
2984 2795 3200 2852 Vidistis
3221 2814 3355 2867 quo.

1773 2883 1932 2937 modo
1954 2884 2149 2954 singuli
2175 2884 2226 2939 in
2252 2884 2496 2940 omnibus
2512 2888 2782 2956 specimen
2809 2887 3031 2942 edamus
3054 2888 3169 2959 ejus
3191 2888 3355 2944 hono-

1773 2977 1845 3029 ris
1870 2991 1934 3031 ac
1955 2977 2286 3041 reverentia,
2316 2993 2471 3047 quam
2501 2978 2812 3034 exhihenms
2842 2978 3029 3035 diebus
3051 2980 3115 3035 iis
3142 2982 3229 3051 qui
3259 2997 3356 3036 no-

1777 3067 1857 3121 bis
1885 3076 1963 3123 tot
2005 3067 2264 3123 bonorum
2304 3084 2479 3124 causa
2521 3071 2683 3125 sunt?
2710 3070 2939 3126 Proinde
2971 3088 3099 3144 rogo
3137 3088 3280 3128 nunc
3312 3074 3357 3128 si

1775 3176 2026 3230 umquam
2052 3160 2205 3227 alias,
2234 3171 2288 3215 ut
2316 3162 2542 3232 repulsis
2567 3162 2908 3217 saeularibus
2929 3165 3360 3235 cogitationibus,

1776 3262 1828 3305 et
1854 3259 2034 3306 mente
2064 3263 2283 3322 purgata
2312 3268 2374 3307 ac
2415 3252 2556 3323 vigili
2586 3253 2689 3309 huc
2727 3254 3128 3310 convcuiamus.
3177 3254 3360 3312 Nullus

1774 3344 2054 3398 ecclesiam
2100 3344 2367 3414 ingressus
2397 3346 2681 3401 sa-culares
2707 3362 2863 3401 curas
2888 3364 3068 3402 secum
3099 3348 3277 3417 ducat,
3308 3360 3360 3405 ut

1776 3434 1811 3489 d
1835 3451 1933 3504 gna
1961 3435 2199 3490 laborum
2226 3436 2471 3493 mercede
2506 3448 2739 3507 recepta,
2772 3440 2959 3493 iterum
2989 3439 3203 3495 domum
3237 3458 3361 3511 pro.

1780 3529 1944 3584 ﬁcisci
1967 3529 2140 3585 liceat.
2174 3531 2285 3601 Age
2311 3531 2467 3601 igitur
2496 3543 2805 3586 consuetam
2832 3533 2977 3587 vobis
3003 3521 3239 3589 mensam
3270 3536 3363 3589 ite.

1780 3639 1896 3677 rum
1925 3639 2283 3695 proponamus
2303 3667 2317 3690 ,
2363 3634 2417 3679 et
2455 3624 2522 3680 de
2552 3625 2617 3679 iis
2644 3641 2761 3695 qua
2791 3625 2926 3681 lecta
2956 3636 3078 3681 sunt
3116 3643 3179 3682 ex
3209 3629 3364 3683 beato

1782 3718 1946 3778 Mose.
1979 3718 2184 3772 caritati
2209 3727 2397 3772 vestra
2422 3718 2720 3772 convivium
2748 3734 3012 3787 paremus,
3038 3719 3222 3773 eadem
3252 3720 3363 3790 ipsa

1782 3813 1833 3865 in
1858 3810 2088 3865 medium
2118 3809 2444 3865 adducentes
2465 3818 2519 3864 et
2539 3810 2831 3864 indicantes
2860 3809 3054 3864 divina:
3078 3810 3364 3880 Scriptura

1781 3903 2129 3973 diligentiam.
2167 3900 2299 3956 Nam
2340 3911 2615 3971 postquam
2660 3901 2896 3955 historia
2941 3900 3009 3955 dc
3058 3900 3210 3955 heato
3258 3901 3369 3961 Noe

1786 3994 1943 4048 ﬁnem
1995 3991 2264 4062 imposuit,
2317 3991 2681 4061 genealogiam
2728 4001 3121 4060 consequenter
3169 4007 3198 4045 a
3244 3990 3367 4049 Setu

1784 4087 2078 4151 exorditur,
2106 4097 2162 4142 et
2185 4085 2314 4140 dicit
2342 4103 2355 4138 :
2384 4086 2472 4140 21.
2505 4083 2655 4158 (Gen.
2678 4084 2769 4155 10)
2787 4083 2853 4137 Et
2883 4084 3005 4140 Sent
3031 4086 3139 4139 nali
3162 4096 3298 4152 sunt,
3327 4100 3372 4141 et

1785 4180 1884 4248 ipsi
1911 4180 2045 4249 patri
2070 4178 2297 4233 omnium
2328 4177 2554 4245 ﬁliorum
2583 4174 2768 4242 lleber,
2799 4176 2948 4248 fratri
2986 4174 3213 4247 Japltetlt
3260 4194 3359 4231 ma.-

1778 4274 1911 4344 juris
1940 4273 2055 4341 ﬁlii.
2104 4270 2303 4327 Deinde
2329 4268 2573 4324 confecto
2594 4269 2865 4324 nominum
2885 4269 3127 4345 catalogo
3148 4270 3256 4323 ait:
3280 4270 3369 4327 25.

1787 4367 1855 4419 Et
1878 4366 2040 4420 Heber
2058 4366 2165 4419 nati
2186 4374 2301 4418 sunt
2327 4364 2428 4417 duo
2459 4363 2573 4432 ﬁlii,
2598 4379 2778 4416 nomen
2815 4362 2902 4416 uni
2927 4360 3121 4417 melec
3144 4364 3299 4437 :quia
3324 4364 3376 4417 in

1787 4458 1962 4512 diebus
1999 4458 2137 4512 illius
2165 4456 2327 4510 divisa
2361 4464 2434 4509 est
2482 4465 2637 4508 terra.
2681 4452 2973 4509 Considera
3002 4452 3269 4524 quomodo
3299 4454 3373 4506 si-

1788 4553 1876 4623 gni
1907 4552 1982 4622 (a)
2010 4564 2114 4605 non
2149 4549 2317 4603 multo
2347 4555 2465 4618 post
2501 4546 2659 4600 futuri
2696 4545 3085 4615 prascientiam
3114 4546 3375 4600 vocabulo

1789 4647 1898 4700 nati
1928 4646 2070 4714 pueri
2098 4642 2307 4708 indidit,
2334 4650 2390 4696 ut
2422 4655 2542 4695 cum
2570 4638 2764 4694 videris
2792 4654 2903 4693 rem
2929 4652 3093 4708 apere
3117 4637 3377 4712 adimple-

1792 4750 1920 4805 tam,
1953 4752 2059 4792 non
2087 4737 2218 4790 ultra
2243 4734 2476 4801 mireris,
2498 4732 2682 4788 videns
2708 4732 2962 4790 divinitus
2984 4731 3087 4789 hoc
3108 4735 3255 4805 pueri
3281 4750 3378 4787 no-

1790 4834 1934 4887 mine
1972 4830 2304 4902 pradietum.
2352 4828 2483 4884 Nam
2532 4835 2809 4899 postquam
2854 4828 3150 4897 catalogum
3190 4842 3375 4881 eorum

1792 4925 1935 4991 fecit,
1967 4923 2057 4993 qui
2085 4932 2268 4992 postea
2311 4924 2417 4976 nati
2460 4931 2605 4985 sunt,
2635 4922 2802 4993 inquit
2834 4935 2847 4971 :
2884 4920 2934 4974 l.
2979 4919 3126 4991 (Cap.
3176 4919 3262 4986 lt)
3312 4915 3377 4968 Et

1791 5025 1900 5071 erat
1936 5014 2102 5071 omnis
2127 5025 2260 5069 terra
2290 5014 2475 5068 labium
2522 5030 2711 5077 unum,
2741 5022 2785 5065 et
2828 5028 2925 5065 vom
2962 5028 3061 5066 una
3103 5007 3374 5063 omnibus:

1794 5123 1899 5163 non
1947 5107 2015 5162 de
2066 5115 2205 5160 terra
2246 5106 2491 5173 loquens,
2522 5103 2614 5157 sed
2663 5103 2728 5157 de
2760 5102 3032 5155 hominum
3076 5114 3291 5169 genere,
3328 5110 3383 5155 ut

1796 5214 1893 5253 nos
1940 5197 2130 5251 doceat
2161 5212 2317 5251 unam
2348 5196 2578 5264 linguam
2606 5193 2749 5248 omni
2779 5182 3050 5245 hominum
3086 5191 3250 5245 fuisse
3282 5206 3381 5244 na-

1796 5300 1946 5344 tura.
1974 5286 2040 5341 Et
2058 5297 2167 5341 erat
2196 5288 2356 5341 onmis
2381 5296 2513 5338 terra
2539 5284 2726 5338 [obium
2755 5299 2927 5348 unum,
2956 5292 3000 5336 et
3028 5299 3123 5337 vos:
3148 5299 3250 5336 una
3271 5300 3380 5336 om-

1796 5384 1960 5438 nibus.
1991 5382 2199 5436 Labium
2237 5398 2413 5446 unum,
2441 5393 2738 5435 sermonem
2766 5378 2913 5441 dicit.
2944 5386 2997 5432 et
3022 5374 3250 5449 idipsum
3283 5379 3378 5432 ite-

1798 5494 1914 5533 rum
1944 5492 2038 5547 per
2071 5490 2255 5531 vocem
2299 5474 2496 5528 indicat
2517 5516 2530 5538 ,
2559 5472 2863 5542 signiﬁcans
2902 5487 3091 5527 omnes
3134 5486 3257 5526 usos
3286 5486 3375 5525 ca-

1798 5573 1919 5628 dem
1948 5586 2077 5626 voce
2104 5578 2159 5626 et
2198 5569 2390 5639 lingua.
2423 5567 2491 5622 Et
2513 5566 2654 5638 quod
2691 5565 2760 5622 de
2802 5565 3010 5637 loquela
3039 5564 3257 5631 dicatur,
3311 5561 3376 5616 Et

1858 5711 1931 5826 εἴ)
1966 5720 2033 5764 De
2067 5714 2207 5778 signo
2256 5725 2345 5763 seu
2384 5708 2613 5763 miraculo
2656 5707 2907 5762 divisionis
2970 5703 3243 5769 linguarum
3305 5697 3357 5747 lu

1858 5790 1861 5823 I
1904 5788 1978 5825 ur.
2824 5806 2828 5811 .

1799 5788 1978 5840 qliillﬂ’.
2824 5806 2828 5811 ~
