3760 6256
423 256 528 310 975

420 388 536 432 erat
580 373 740 429 omnis
778 382 911 429 terra
956 373 1142 428 labium
1186 391 1338 427 untmt
1361 416 1374 438 ,
1406 371 1527 427 audi
1557 372 1882 442 Seripturam
1911 370 2016 424 alio

435 467 552 518 loco
588 465 893 520 dicentem:
952 463 1200 518 Venenum
1240 465 1473 532 aspidunt
1515 463 1605 516 sub
1655 463 1799 516 labiis
1845 477 2017 515 eorum

431 559 452 626 ί
487 557 630 612 Psal.
669 557 790 613 159.
820 559 854 613 Δ
876 557 915 628 ).
950 557 1025 611 lta
1052 557 1188 611 solet
1216 556 1488 626 Scriptura
1518 557 1772 610 labiorutn
1801 555 2018 609 nurnine

433 651 696 720 ioquelam
729 651 1016 720 appellare.
1048 648 1101 702 ‘2.
1131 649 1196 702 Et
1212 653 1402 722 factum
1429 659 1501 703 est
1527 665 1640 702 cum
1667 655 1917 702 moverent
1941 647 2017 700 illi

429 743 491 793 ab
521 741 744 807 Oriente,
775 741 1068 794 invenerunt
1088 757 1324 811 campum
1344 740 1396 794 in
1419 749 1553 793 terra
1579 739 1831 804 Senttaar,
1859 746 1904 790 et
1925 735 2019 790 ha-

429 833 705 885 bitaverunt
734 832 862 886 illic.

500 921 552 975 2.
595 921 647 975 11
653 940 836 976 umnna
857 933 1042 977 natura
1067 940 1263 994 majora
1290 939 1485 994 semper
1510 923 1719 994 appetit.
1758 920 2019 974 Memoriae

428 1027 631 1068 ωιρνηίε
673 1015 941 1084 cupiditas.
976 1045 1048 1056 -—
1082 1015 1210 1070 Vide
1250 1015 1515 1085 quomodo
1556 1014 1784 1068 humana
1830 1022 2015 1066 natura

429 1120 534 1159 non
568 1100 742 1174 potest
767 1106 1060 1160 subsistere
1094 1105 1228 1160 intra
1256 1120 1381 1159 suos
1411 1106 1627 1171 limites,
1659 1104 1751 1158 sed
1789 1103 2016 1173 amplius

430 1198 833 1266 concupiscens,
869 1199 1072 1267 majora
1101 1213 1259 1266 supra
1289 1213 1349 1253 se
1368 1199 1589 1268 appetit.
1619 1200 1792 1268 Atque
1817 1196 1919 1251 hoc
1936 1204 2019 1251 est

429 1287 570 1358 quod
615 1287 899 1342 humanum
947 1304 1113 1360 genus
1142 1291 1471 1359 potissimum
1518 1290 1713 1360 perdit,
1758 1290 1880 1359 quia
1911 1304 2015 1343 non

429 1380 542 1433 vult
575 1389 774 1433 natura:
817 1396 928 1435 sua:
971 1396 1274 1435 mensuram
1317 1396 1644 1452 agnoscere,
1675 1381 1768 1438 sed
1807 1396 2018 1450 semper

432 1473 634 1540 majora
679 1474 911 1542 appetit,
960 1482 1014 1528 et
1043 1489 1161 1543 qua}
1190 1488 1346 1544 supra
1376 1489 1525 1528 suam
1552 1483 1679 1528 sunt
1705 1473 2014 1544 dignitatem

431 1565 571 1620 votis
611 1565 858 1634 concipit.
906 1565 1036 1619 llinc
1075 1573 1130 1620 et
1159 1567 1252 1636 qui
1304 1565 1568 1620 mundana
1595 1567 1924 1636 suspiciunt,
1973 1565 2018 1620 si

431 1657 644 1725 quando
671 1657 834 1710 multo
855 1657 1238 1712 abundaverint
1267 1674 1418 1725 auro,
1446 1667 1500 1713 et
1525 1664 1769 1728 potentes
1800 1657 2014 1721 iuerint,

430 1749 581 1819 quasi
607 1749 753 1803 obliti
781 1765 890 1804 sua“:
914 1760 1136 1816 naturm,
1170 1751 1220 1804 in
1246 1761 1443 1804 tantum
1465 1765 1522 1805 se
1550 1749 1813 1820 fastigium
1837 1748 2018 1804 eﬂ‘erri

433 1842 649 1907 volunt,
697 1843 869 1895 donec
917 1841 968 1894 itt
1018 1840 1335 1910 profundunt
1368 1842 1540 1911 ipsum
1570 1840 1903 1912 dejiciantur.
1951 1839 2017 1898 Et

431 1931 536 1988 hoc
584 1933 822 1987 videmus
868 1934 1102 2004 quotidie
1144 1935 1486 2004 contingere,
1513 1935 1755 2004 quamvis
1795 1948 1892 1988 nec
1919 1931 2019 1988 hac

405 2024 635 2078 ratione
685 2025 1076 2079 emendatiorcs
1113 2023 1343 2079 evadant
1387 2025 1476 2079 alii
1506 2043 1518 2078 :
1547 2024 1640 2079 sed
1671 2025 1769 2079 etsi
1799 2023 1863 2078 ad
1897 2038 2018 2093 par-

433 2133 554 2171 vutn
580 2125 787 2186 tempus
810 2117 1195 2186 reprimantur,
1211 2116 1384 2170 subito
1405 2124 1580 2170 tamen
1596 2116 1830 2170 omnium
1849 2114 2017 2178 obliti,

433 2209 624 2264 iterum
652 2207 891 2262 eamdem
924 2207 1176 2262 incedunt
1201 2207 1337 2261 viam
1356 2249 1372 2272 ,
1402 2216 1453 2260 et
1482 2207 1532 2260 in
1559 2205 1745 2260 eadem
1776 2205 2019 2274 prtecipi-

435 2300 504 2352 tia
531 2298 841 2352 deferuntur
889 2313 903 2349 :
957 2297 1006 2351 id
1051 2296 1191 2367 quod
1231 2307 1285 2352 et
1313 2313 1452 2352 nunc
1490 2297 1674 2352 videre
1717 2297 1842 2350 licet
1883 2296 2019 2366 apud

436 2390 565 2443 istos
597 2389 813 2443 factum.
844 2387 910 2441 Et
932 2392 1123 2460 factum
1152 2398 1224 2441 est
1254 2404 1366 2440 cum
1388 2397 1637 2442 moverent
1657 2389 1734 2441 illi
1756 2387 1816 2440 ab
1842 2387 2020 2441 ()rien-

436 2494 503 2549 te,
532 2482 823 2534 invenerunt
852 2498 1087 2551 campum
1115 2481 1166 2534 in
1188 2491 1319 2534 terra
1338 2482 1590 2548 Sennaar,
1613 2491 1660 2535 et
1679 2481 2021 2534 habitaverunt

434 2576 558 2629 illic.
593 2574 720 2628 Vide
746 2574 1012 2644 quomodo
1041 2574 1292 2644 paulatim
1321 2574 1476 2628 docet
1500 2589 1594 2628 nos
1628 2573 1872 2628 instabile
1902 2573 2020 2627 illo-

435 2681 551 2719 rum
586 2664 935 2735 pr0p0situm.
964 2665 1221 2734 Quoniam
1245 2665 1723 2736 viderunt,inqttit,
1752 2680 2018 2734 campum,

436 2759 724 2829 migrantes
749 2801 764 2823 ,
798 2768 849 2814 et
880 2759 1065 2813 relicto
1103 2759 1266 2829 priori
1294 2758 1410 2813 loco
1432 2803 1447 2824 ,
1479 2759 1585 2813 illic
1629 2759 2018 2813 habitaverunt.

436 2852 638 2909 Deinde
665 2851 826 2906 dicit:
859 2852 912 2907 5.
949 2851 1089 2905 Dixit
1115 2853 1455 2922 unusquisque
1482 2853 1711 2917 proximo
1741 2867 1833 2906 suo
1866 2867 1884 2905 :
1922 2849 2022 2904 Ve.

435 2949 554 3013 nite,
587 2947 914 3015 con/ieiunius
940 2947 1134 3010 lateres,
1167 2956 1213 3000 et
1239 2963 1510 3016 coquamus
1538 2961 1622 3000 eos
1649 2946 1774 3016 igni.
1807 2943 1872 2998 Et
1899 2943 2022 3014 [acti

435 3048 550 3092 sunt
581 3037 682 3091 illis
707 3038 888 3091 lateres
913 3039 964 3090 in
991 3037 1235 3106 lapidem,
1260 3047 1306 3090 et
1329 3036 1548 3090 bitumen
1574 3046 1678 3090 erat
1708 3036 1810 3090 illis
1836 3036 2019 3090 lutum.

438 3133 493 3184 4.
525 3128 590 3182 Et
618 3129 852 3182 dixerunt
883 3147 895 3182 :
938 3127 1142 3195 Venite,
1173 3129 1478 3197 wdiﬁcemus
1509 3129 1650 3182 nobis
1675 3128 1920 3182 civitatem
1939 3168 1953 3189 ,
1979 3136 2024 3179 et

437 3222 637 3284 turrim,
679 3222 825 3290 cujus
851 3230 1002 3288 caput
1031 3221 1123 3273 crit
1151 3237 1305 3290 usque
1339 3221 1390 3274 in
1429 3221 1644 3287 ca'lunt,
1686 3228 1733 3273 et
1777 3219 2024 3290 faciamus

437 3313 580 3366 nobis
621 3314 744 3384 ipsis
774 3330 986 3377 nomen,
1020 3316 1312 3382 priusquam
1353 3315 1703 3386 disperguntur
1743 3330 1894 3382 super
1917 3328 2026 3366 om-

439 3423 554 3459 nem
579 3417 780 3459 tetram.
817 3406 946 3461 Vide
975 3407 1240 3477 quomodo
1269 3407 1556 3461 abutuntur
1574 3406 1841 3461 communi
1872 3421 2020 3471 voce,

439 3510 492 3553 et
514 3501 778 3570 quomodo
805 3517 994 3555 vanum
1023 3501 1140 3554 vit-.e
1167 3503 1492 3571 propositum
1517 3501 1583 3554 sit
1608 3502 1891 3555 multorum
1914 3514 2026 3553 ma-

441 3595 614 3648 lorum
650 3596 878 3650 occisia.
919 3593 1112 3661 Venite,
1147 3597 1334 3666 inquit,
1369 3596 1614 3664 faciamus
1643 3595 1838 3659 lateres,
1868 3605 1914 3648 et
1940 3611 2026 3648 c0-

440 3704 652 3753 qnatnns
678 3704 760 3739 eos
786 3687 910 3757 igni.
944 3687 1006 3739 Et
1035 3687 1157 3755 facti
1181 3698 1298 3742 sunt
1332 3687 1434 3740 illis
1471 3687 1646 3741 lateres
1675 3688 1726 3740 in
1771 3685 2021 3756 lapidem,

439 3790 484 3832 et
525 3779 742 3833 bitumen
785 3781 835 3832 in
880 3797 1092 3835 aenum.
1145 3781 1275 3837 Vide
1305 3792 1497 3850 quanta
1531 3784 1814 3837 securitate
1845 3782 2026 3836 volunt

438 3873 726 3938 n-dilicare,
768 3874 1068 3928 nescientes
1101 3873 1256 3932 illud.
1281 3874 1398 3928 Nisi
1426 3873 1677 3928 Dominus
1704 3875 2026 3943 ludiﬁcaverit

439 3966 662 4026 domum,
693 3964 742 4017 in
767 3982 946 4018 ranam
967 3964 1314 4017 laboraverunt
1335 3968 1420 4034 qui
1439 3965 1692 4034 a’di/icant
1715 3983 1823 4018 eam
1851 3964 2023 4036 (Psal.

442 4059 462 4110 i
486 4057 566 4110 26.
603 4058 674 4127 i).
710 4057 771 4110 Et
802 4059 1124 4125 wdiﬁcemus,
1153 4059 1414 4128 inquiunt,
1445 4059 1584 4112 nobis
1606 4060 1853 4113 civitatem
1873 4075 1892 4113 :
1919 4075 2025 4114 non

440 4150 572 4210 Deo,
606 4150 698 4202 sed
733 4148 894 4203 Nobis
922 4151 1065 4220 ipsis.
1096 4149 1248 4213 Vide,
1282 4164 1399 4216 oro,
1429 4166 1588 4221 quam
1627 4151 1847 4206 invaluit
1872 4150 2028 4205 mali-

442 4243 510 4294 tia
539 4261 550 4295 :
584 4242 839 4295 habentes
863 4240 1038 4294 adhuc
1059 4249 1327 4296 recentem
1352 4243 1662 4296 memoriam
1689 4242 1953 4312 generalis
1976 4243 2027 4296 in

441 4337 642 4390 diluvio
672 4336 944 4397 interitus,
997 4335 1046 4388 itt
1082 4343 1280 4389 tantatn
1316 4336 1616 4391 inciderunt
1650 4338 1928 4393 insaniam.
1961 4336 2030 4392 Et

441 4430 773 4496 wdi/icemus,
803 4428 992 4496 inquit,
1017 4428 1156 4482 nobis
1186 4429 1452 4495 civitatem,
1477 4440 1522 4483 et
1555 4432 1752 4494 turrim,
1780 4432 1925 4500 cujus
1946 4448 2031 4484 ca-

442 4532 532 4590 put
555 4523 644 4574 erit
667 4537 819 4588 usque
848 4521 898 4573 in
921 4521 1123 4577 caelum.
1141 4520 1366 4575 Nomine
1385 4521 1500 4576 cteli
1529 4536 1790 4575 summam
1819 4522 2029 4575 illorum

444 4613 720 4668 audaciam
768 4612 1038 4684 Scriptura
1069 4613 1246 4668 divina
1277 4614 1532 4668 declarat.
1564 4613 1627 4668 Et
1653 4615 1922 4684 faciamus,
1953 4615 2032 4669 in-

442 4707 590 4777 quit,
634 4707 902 4777 nobisipsis
946 4725 1144 4762 nomen.
1189 4706 1408 4762 Vidistis
1463 4708 1694 4762 radicem
1741 4708 1897 4762 ntali?
1929 4707 2029 4774 Ut,

445 4803 639 4873 inquit,
669 4811 978 4874 perpetuam
1006 4803 1319 4856 memoriam
1342 4817 1753 4872 consequamur,
1783 4810 1840 4856 ut
1865 4801 2031 4856 nostri

447 4904 704 4966 perpetuo
755 4909 1023 4950 memores
1069 4894 1176 4948 sint
1217 4894 1418 4964 posteri
1449 4911 1466 4950 ;
1499 4894 1604 4948 tale
1651 4894 1753 4948 erit
1792 4905 2032 4947 nostrum

446 5004 614 5058 opus,
645 4997 703 5042 ut
749 5001 1036 5057 numquam
1064 4986 1316 5042 oblivioni
1349 4985 1606 5040 tradatur.
1654 4985 1718 5039 Et
1747 4985 1848 5039 hoc
1879 4985 2036 5039 facia-

447 5097 565 5136 mus
597 5081 905 5150 Priusquam
938 5081 1285 5150 dispergamur
1305 5097 1454 5150 super
1478 5081 1657 5150 facient
1684 5078 1846 5132 omnis
1869 5089 2032 5132 terrae.

449 5173 635 5229 Adhuc
653 5216 666 5239 ,
703 5174 906 5244 inquit,
934 5174 1237 5244 congregati
1268 5172 1410 5244 quod
1431 5172 1584 5227 nobis
1611 5172 1782 5227 visum
1807 5182 1889 5227 est
1916 5171 2037 5226 elli.

449 5267 647 5322 ciamus
669 5308 684 5332 ,
718 5277 774 5320 ttt
806 5267 1036 5337 posteris
1064 5277 1380 5337 perpetuum
1421 5282 1614 5322 nomen
1652 5266 2033 5336 relinquamus.

452 5363 589 5415 Sunt
619 5361 764 5414 multi
795 5362 954 5415 etiam
983 5361 1141 5414 hodie
1169 5359 1257 5431 qui
1287 5360 1406 5414 illos
1438 5360 1729 5424 imitantur,
1759 5369 1816 5414 et
1845 5359 2038 5414 talibus

452 5451 700 5521 cperibus
721 5453 979 5507 celebrari
1004 5455 1206 5518 volunt,
1235 5452 1323 5522 qui
1355 5451 1661 5521 splendidas
1687 5451 1878 5506 domus
1904 5450 2036 5506 tedi-

455 5543 635 5610 tieant,
659 5551 714 5598 et
743 5544 971 5610 lavacra,
1000 5553 1054 5599 et
1080 5545 1312 5612 porticus
1333 5585 1349 5609 ,
1393 5552 1447 5598 et
1476 5544 1868 5599 deambulacra.
1896 5544 2039 5610 Quo-

456 5651 571 5690 rum
599 5637 641 5691 si
663 5637 890 5705 aliquem
916 5637 1216 5706 rogaveris,
1249 5651 1415 5706 quare
1437 5637 1506 5690 ita
1545 5635 1747 5690 laboret
1769 5642 1824 5690 et
1848 5634 2036 5705 latigeo

455 5738 562 5796 tur,
615 5739 896 5801 tantosque
956 5731 1296 5800 pecuniarum
1350 5738 1589 5799 sumptus
1632 5729 1803 5796 iaciat,
1839 5744 2036 5801 eosque

1105 257 1162 312 S.
1203 255 1477 312 .IOANNIS
1506 253 1976 310 CllRVSOSTOSII
2016 251 2332 336 ARCUIEP.
2375 255 2906 318 CONSTANTINOP.

3626 266 3728 320 ‘ZTE-

2128 373 2342 430 inutiles
2371 393 2385 430 :
2415 376 2546 431 nihil
2588 378 2728 436 aliud
2759 380 2962 448 audies,
2991 395 3149 451 quam
3177 381 3290 438 haec
3317 382 3505 448 verba,
3536 393 3598 434 nt
3643 383 3733 434 im-

2126 467 2366 521 mortalis
2390 481 2634 525 servetur
2659 475 2934 539 memoria,
2961 484 3015 527 et
3036 473 3242 529 dicatur
3272 475 3410 528 illius
3429 491 3564 529 esse
3596 475 3732 527 Ιιειιις

2126 559 2360 626 domum,
2389 563 2529 617 illitis
2559 562 2699 619 hunc
2723 580 2929 635 agrum.
2961 566 3028 621 At
3055 567 3156 622 hoe
3180 583 3283 622 non
3310 579 3394 623 est
3419 568 3658 622 laudem
3688 580 3732 621 (ει

2126 653 2470 717 memoriam,
2498 655 2592 709 sed
2626 657 2826 710 crimen
2869 657 2968 712 sibi
3011 673 3220 727 parare.
3262 659 3393 714 Nam
3436 661 3642 714 statim
3675 663 3734 712 ad

2127 740 2242 796 hcce
2268 743 2656 815 subjungeutur
2683 747 3025 817 plurimarum
3049 751 3500 804 contumeliarum
3533 753 3730 810 verba;

2125 848 2316 902 nempe
2338 833 2494 903 hujus
2515 846 2599 890 est
2616 838 2782 902 avari,
2820 837 2977 906 hujus
3005 840 3230 909 rapacis,
3259 841 3414 910 hujus
3437 841 3731 895 viduarum

2125 937 2178 983 et
2207 928 2564 998 orphanorum
2595 932 2915 1000 spoliaturis.
2947 932 3108 1004 Igitur
3135 935 3234 990 hoc
3262 951 3368 989 non
3395 945 3487 991 est
3515 950 3730 989 memo-

2125 1019 2254 1072 riam
2271 1021 2502 1090 assequi,
2529 1023 2622 1077 scd
2651 1024 2920 1092 perpetuis
2946 1025 3102 1095 objiei
3127 1025 3464 1089 criminibus,
3485 1035 3550 1080 et
3571 1028 3732 1081 etiam

2125 1119 2246 1178 post
2273 1121 2497 1166 mortem
2529 1113 2792 1180 infamari,
2816 1131 2882 1171 ac
2899 1126 3257 1186 spectatorum
3279 1119 3499 1189 linguas
3529 1134 3724 1174 acuere

2125 1201 2178 1254 in
2206 1200 2588 1271 blaSphemiam
2607 1246 2623 1271 ,
2653 1215 2706 1260 et
2733 1207 3125 1262 accusationem
3162 1209 3280 1276 ejus
3307 1209 3398 1278 qui
3427 1209 3529 1264 illa
3563 1211 3731 1278 possi-

2124 1291 2235 1346 det.
2267 1293 2416 1361 Quod
2461 1296 2506 1350 si
2537 1297 2754 1352 omnino
2782 1307 3038 1354 teteruam
3067 1301 3601 1363 mentoriam'amas,
3635 1318 3728 1368 ego

2126 1383 2215 1437 tibi
2250 1385 2386 1438 viam
2417 1387 2746 1452 monstrabo,
2769 1403 2870 1458 qua
2891 1391 3094 1459 poteris
3113 1404 3327 1459 semper
3351 1390 3652 1454 celebrari,
3681 1403 3728 1445 et

2123 1489 2242 1544 quae
2267 1474 2414 1530 dabit
2438 1477 2529 1531 tibi
2557 1477 2802 1532 ﬁduciam
2831 1480 2882 1534 in
2906 1480 3083 1534 futuro
3109 1481 3329 1535 saeculo.
3352 1480 3618 1549 Quonam
3645 1498 3727 1548 pa-

2123 1577 2212 1624 cto
2236 1568 2394 1638 igitur
2419 1571 2622 1638 poteris
2648 1579 2700 1626 et
2727 1573 3153 1636 commemorari,
3183 1581 3237 1626 et
3257 1573 3536 1627 celebrari
3559 1573 3729 1638 quoti-

2123 1661 2232 1727 die,
2258 1662 2620 1732 eneomiisque
2638 1663 2793 1720 evehi
2815 1665 2975 1719 etiam
3000 1674 3118 1734 post
3146 1664 3284 1720 hanc
3311 1665 3535 1719 vitam?
3558 1667 3615 1720 Si
3639 1667 3728 1720 has

2123 1754 2375 1823 pecunias
2401 1755 2453 1808 in
2483 1770 2672 1809 manus
2701 1757 2919 1826 inopum
2951 1757 3247 1828 dispenses,
3280 1759 3502 1813 relictis
3547 1758 3729 1827 lapidi-

2124 1847 2242 1911 bus,
2269 1849 2471 1918 magnis
2495 1847 2754 1916 :cdiliciis,
2791 1851 2946 1914 villis,
2970 1861 3022 1905 et
3049 1850 3271 1906 balneis.
3302 1851 3435 1906 llaec
3466 1854 3726 1906 memoria

2125 1940 2435 1995 innumeros
2460 1941 2551 1995 tibi
2579 1941 2859 1997 thesauros
2883 1920 3152 2008 conciliat,
3181 1943 3294 1998 hzcc
3315 1946 3592 1998 memoria
3621 1963 3728 1997 sar-

2123 2031 2296 2085 cinam
2327 2042 2664 2101 peccatorum
2695 2033 2924 2100 alleviat,
2957 2036 3070 2089 hinc
3095 2035 3312 2088 multam
3342 2035 3444 2089 tibi
3480 2034 3726 2088 ﬁduciam

2123 2125 2262 2194 apud
2309 2125 2588 2180 Dominum
2637 2127 2903 2182 conciliat.
2947 2125 3154 2198 Cogita,
3203 2129 3477 2190 obsecro,
3513 2136 3572 2182 et
3619 2127 3726 2182 bace

2119 2219 2286 2274 verba
2314 2234 2434 2287 qua:
2473 2219 2663 2290 singuli
2709 2219 2899 2274 dicturi
2939 2229 3096 2284 sunt,
3128 2224 3381 2275 vocantes
3409 2220 3725 2274 misericor-

2125 2311 2270 2379 dem,
2288 2312 2593 2382 benignum,
2617 2323 2970 2378 mansuetum,
2991 2328 3227 2381 suavem,
3256 2324 3363 2366 tam
3388 2314 3604 2382 largum
3627 2313 3729 2366 dis-

2123 2412 2486 2474 pensatorem.
2518 2402 2766 2472 Dispersit
2809 2406 2975 2470 enim,
3008 2405 3194 2472 inquit,
3231 2403 3368 2457 dedit
3391 2404 3730 2473 pauperibus;

2115 2495 2317 2566 justilia
2347 2497 2453 2564 ejus
2480 2506 2646 2550 manet
2684 2497 2738 2550 in
2766 2499 3006 2551 saeculum
3038 2495 3206 2569 (l’sal.
3241 2498 3298 2550 Η
3319 2499 3364 2551 Ι.
3396 2496 3435 2550 9
3440 2496 3484 2567 ).
3531 2496 3730 2566 llujus-

2125 2584 2268 2640 modi
2291 2587 2430 2639 enim
2460 2596 2584 2641 sunt
2635 2588 2975 2656 pecuniarum
3017 2588 3245 2653 divitize;
3299 2587 3575 2658 dispersa
3618 2603 3730 2640 ma-

2125 2685 2286 2739 nent;
2333 2677 2378 2731 si
2425 2678 2752 2732 retineantur
2779 2687 2833 2732 et
2860 2678 3263 2742 concludantur,
3303 2681 3473 2733 etiam
3518 2693 3584 2732 se
3614 2694 3730 2732 ser-

2127 2775 2341 2820 vantem
2369 2782 2550 2822 secum
2595 2768 2844 2838 perdunt.
2891 2768 3142 2839 Dispersit
3172 2770 3335 2834 enim,
3369 2770 3570 2838 inquit,
3598 2769 3733 2820 dedit

2129 2861 2452 2931 pauperibus.
2476 2859 2578 2917 Sed
2606 2861 2726 2915 audi
2747 2877 2867 2932 qua:
2887 2872 3178 2932 sequuntur
3205 2877 3220 2914 :
3249 2861 3466 2914 Iustitia
3490 2863 3607 2930 ejus
3629 2879 3732 2912 ma-

2128 2963 2208 3007 net
2222 2954 2272 3008 in
2285 2953 2546 3008 saeculum.
2567 2953 2685 3008 Uno
2699 2953 2786 3008 die
2803 2953 3012 3008 divitias
3030 2953 3298 3022 dispersit,
3319 2963 3372 3006 et
3385 2951 3603 3022 justitia
3619 2955 3734 3020 ejus

2127 3057 2310 3102 manet
2346 3047 2398 3100 in
2433 3046 2686 3101 sreculum
2707 3087 2722 3111 ,
2765 3055 2819 3100 et
2849 3047 3158 3100 memoriam
3191 3046 3314 3099 facit
3341 3045 3730 3098 immortalem.

2204 3139 2256 3194 3.
2290 3137 2554 3192 Memoria:
2578 3139 2656 3191 sui
2680 3137 3021 3206 relinquenda:
3047 3139 3180 3190 ratio
3207 3138 3422 3206 optima.
3439 3166 3517 3177 -—
3539 3137 3734 3190 Vidisti

2129 3231 2464 3298 memoriam,
2488 3247 2608 3300 qua:
2635 3246 2695 3285 se
2711 3231 2760 3284 itt
2780 3246 2941 3284 omne
2959 3230 3213 3284 smeulum
3235 3231 3523 3284 extendit?
3553 3229 3732 3281 vidisti

2129 3321 2440 3376 memoriam
2469 3321 2674 3390 magnis
2696 3330 2750 3375 et
2776 3320 3132 3376 ineffabiltbus
3162 3320 3375 3388 plenam
3399 3320 3607 3374 bonis?
3636 3319 3734 3373 Ta-

2129 3412 2269 3468 libus
2290 3412 2528 3467 tediticiis
2545 3413 2709 3467 nostri
2731 3417 3040 3467 memoriam
3069 3412 3377 3482 relinquere
3387 3413 3732 3466 Studeamus.

2133 3508 2264 3564 Nam
2288 3507 2551 3577 lapidibus
2575 3506 2887 3570 azdillcasse,
2911 3520 3017 3559 non
3044 3505 3216 3558 solum
3235 3504 3362 3557 nihil
3389 3506 3554 3558 nobis
3573 3505 3734 3573 prnd-

2130 3613 2251 3655 esse
2297 3598 2532 3668 poterit,
2577 3597 2673 3653 sed
2703 3613 2801 3652 nos
2839 3598 3094 3652 continuo
3125 3605 3392 3666 tamquam
3443 3598 3733 3657 columna,

2135 3693 2280 3747 clara
2312 3706 2442 3745 voce
2474 3689 2769 3744 int‘amabit.
2802 3690 2867 3742 lit
2891 3703 2990 3743 nos
3031 3689 3153 3743 hinc
3179 3688 3390 3742 abimus
3419 3687 3734 3742 deterentes

2132 3791 2346 3854 peccata
2377 3781 2498 3837 inde
2525 3790 2696 3851 parta,
2720 3791 2772 3835 et
2794 3781 3015 3834 tediticia
3045 3781 3130 3834 hic
3158 3779 3521 3849 relinquimus
3555 3797 3570 3832 :
3609 3781 3731 3848 quin

2133 3891 2233 3932 nec
2278 3874 2522 3944 frigidam
2576 3873 2719 3927 illam
2769 3881 2824 3926 et
2879 3873 3118 3926 inutilem
3171 3871 3488 3925 memoriam
3543 3885 3733 3924 conse-

2131 3967 2370 4037 quimur,
2397 3963 2490 4018 sed
2521 3963 2698 4032 potius
2748 3962 2958 4032 probris
3000 3962 3366 4031 deturpamur,
3424 3975 3734 4027 nomenque

2131 4062 2312 4116 statim
2342 4059 2532 4113 transit
2563 4057 2629 4110 ad
2655 4056 2904 4110 alterum.
2933 4055 3142 4109 Etenim
3175 4055 3252 4108 sic
3281 4069 3338 4107 se
3371 4069 3463 4107 res
3492 4053 3731 4113 habent,

2131 4162 2193 4208 ut
2219 4152 2287 4206 ab
2326 4151 2430 4205 hoc
2467 4149 2534 4203 ad
2564 4150 2725 4203 alium
2778 4156 3087 4212 transeant,
3119 4156 3174 4200 et
3211 4146 3394 4200 abillo
3437 4146 3644 4198 iterum
3687 4146 3732 4195 in

2133 4246 2317 4299 alium.
2364 4243 2433 4297 Et
2483 4241 2644 4296 hodie
2689 4240 2904 4310 quidem
2956 4239 3146 4292 domus
3196 4237 3477 4292 dicebatur
3538 4237 3731 4306 hujus.

2135 4351 2256 4392 cras
2321 4335 2508 4402 illius,
2561 4331 2856 4402 postridie,
2912 4331 3120 4385 dicetur
3176 4329 3416 4384 alterius.
3509 4328 3732 4383 Interim

2136 4437 2325 4498 Sponte
2372 4441 2474 4481 nos
2519 4427 2664 4496 ipsos
2714 4423 3042 4493 decipimus,
3103 4431 3351 4492 putantes
3399 4436 3502 4474 nos
3556 4421 3733 4474 donti—

2137 4524 2282 4578 niunt
2313 4519 2576 4590 quoddam
2610 4519 2916 4588 possidere,
2942 4517 3242 4571 nesciemes
3286 4530 3382 4568 nos
3409 4514 3593 4568 solum
3641 4530 3734 4566 usu

2139 4614 2317 4685 potiri,
2343 4622 2397 4667 et
2419 4611 2660 4674 velimus,
2689 4609 2937 4674 nolimus,
2959 4607 3075 4660 aliis
3102 4607 3216 4660 hmc
3235 4605 3542 4661 concedere
3571 4625 3586 4659 :
3617 4622 3735 4659 nam

2139 4708 2281 4780 quod
2309 4706 2499 4777 quibus
2540 4705 2806 4766 nolumus,
2841 4701 2890 4754 id
2927 4701 3037 4770 jam
3068 4711 3350 4771 praetereo.
3382 4697 3628 4753 Omnino
3662 4711 3735 4751 ta-

2140 4819 2286 4864 men,
2319 4800 2365 4854 si
2395 4798 2706 4853 memoriam
2738 4794 3098 4863 concupiscis,
3130 4803 3183 4848 et
3214 4793 3369 4861 hujus
3400 4792 3495 4844 tibi
3530 4803 3735 4844 tantum

2142 4897 2374 4950 studium
2418 4903 2499 4948 est
2530 4911 2544 4948 :
2573 4893 2694 4946 audi
2739 4890 3010 4961 quomodo
3051 4887 3222 4941 vidua:
3268 4899 3544 4937 memores
3587 4893 3738 4938 erant

2142 4988 2420 5053 Tabithae,
2472 4995 2527 5042 et
2568 4984 2839 5056 quomodo
2879 4979 3294 5037 circumstabant
3329 4977 3553 5032 Petrum
3600 4977 3734 5030 ﬂen-

2145 5093 2257 5148 tes,
2298 5091 2352 5136 et
2407 5082 2834 5135 demonstrantes
2883 5078 3088 5130 tunicas
3125 5083 3180 5128 et
3223 5083 3436 5135 vestes,
3478 5088 3620 5142 quas
3667 5071 3736 5123 ia-

2143 5176 2317 5230 ciebat
2355 5175 2459 5228 illis
2502 5174 2727 5235 Doreas,
2769 5187 2888 5227 cum
2932 5170 3105 5223 adhuc
3144 5174 3454 5237 superesset
3513 5168 3653 5234 (Act.
3689 5168 3732 5220 9.

2144 5267 2356 5338 59-“).
2402 5266 2589 5320 Vidisti
2625 5265 2816 5319 domus
2853 5264 3111 5318 animatas
3151 5273 3335 5314 vocem
3395 5259 3733 5318 eminentes.

2144 5370 2198 5415 et
2250 5370 2410 5431 tanta:
2464 5359 2712 5424 virtutis,
2765 5368 2822 5410 ιιι
2867 5372 2898 5410 a
2937 5365 3110 5409 morte
3160 5353 3224 5408 ad
3271 5353 3435 5405 vitam
3485 5367 3730 5406 I'L'VOCZHC

2144 5452 2377 5523 queant?
2404 5450 2534 5505 Nam
2566 5461 2843 5521 postquam
2870 5449 3340 5504 circumsteterunt
3372 5444 3617 5506 Petrum,
3655 5459 3726 5496 ea-

2145 5545 2281 5600 lidas
2335 5544 2600 5614 lacrytnas
2647 5541 3068 5613 profundentes,
3114 5539 3404 5607 cibumque
3446 5546 3505 5592 et.
3545 5537 3734 5606 quibus

2146 5651 2280 5707 opus
2302 5635 2566 5690 habebant
2586 5643 2914 5706 quaerentes,
2950 5632 3138 5687 Petrus
3161 5630 3350 5698 ejectis
3373 5629 3654 5692 omnibus,
3687 5639 3734 5680 ct

2150 5730 2334 5800 positis
2373 5729 2595 5799 genibus
2621 5727 2828 5792 oravit;
2871 5733 3071 5781 etcum
3103 5723 3392 5780 excitasset
3421 5723 3598 5788 illam,
3641 5735 3726 5774 vo»
