3760 6248
283 251 384 307 277

283 367 380 419 καὶ⁸
411 361 508 427 τὰς
541 363 736 435 χήρας,
761 360 855 414 καὶ
881 360 1222 432 παρέστησεν
1244 360 1412 428 αὐτὴν
1435 358 1636 422 ζῶσαν.
1674 357 1737 409 El
1772 355 1950 425 βούλει

273 452 740 526 μνημονεύεσθαι,
783 450 876 503 καὶ
902 451 948 502 εί
978 449 1132 518 δόξης
1159 447 1391 519 ἀληθοῦς
1433 448 1582 518 ἐρᾷς,
1623 444 1826 513 ταύτην
1858 445 1948 514 μί-

291 557 478 610 μησαι,
521 539 612 592 καὶ
656 537 904 598 τοιαύτας
941 535 1226 603 οίκοδομάς
1277 533 1532 603 ἐργάζου.
1569 531 1644 602 μὴ
1680 531 1808 600 περὶ
1849 529 1947 599 τὴν

286 628 490 697 ἄψυχον
515 625 645 696 ὓλην
679 621 1218 692 καταδαπανώμενος,
1259 620 1396 675 ἀλλά
1428 621 1556 690 περὶ
1598 621 1724 681 τοὺς
1751 619 1949 687 ὁμογε-

286 717 396 776 νεῖς
443 711 640 782 πολλὴν
690 711 788 782 τὴν
839 710 1144 779 φιλοτιμίαν
1198 707 1653 778 ἐπιδεικνύμενος.
1717 705 1863 775 Αὑτη
1913 705 1948 775 ἡ

289 803 392 873 μνὴ
401 818 474 872 μη
501 799 755 868 ἐπαινετὴ
781 799 873 850 καὶ
896 797 1030 850 πολὺ
1057 796 1117 849 τὸ
1152 796 1338 866 κέρδος
1366 796 1429 864 φέ
1439 811 1624 866 ρουσα.
1653 792 1814 846 Ἀλλά
1847 792 1949 846 πά-

282 890 366 942 λιν
397 889 489 942 ἐπὶ⁹
526 886 586 941 τὺ
615 886 971 956 προκείμενον
1024 884 1428 954 ἐπανέλθωμεν,
1475 884 1569 936 καὶ
1619 882 1816 951 ἴδωμεν
1841 879 1948 933 τῶν

281 977 402 1030 τότε
423 974 630 1046 ἀνδρῶν
672 973 769 1044 τὴν
792 973 1015 1043 τόλμαν.
1041 972 1122 1024 Τὰ
1151 971 1259 1042 γάρ
1292 970 1515 1023 ἐκείνων
1545 969 1688 1039 πάθη
1716 971 1868 1039 ἡμῖν,
1900 969 1947 1020 εί

285 1061 610 1134 βουλοίμεθα
630 1062 840 1130 νήφειν,
873 1057 1248 1128 σωφρονισμὸς
1298 1059 1608 1127 γενήσεται.
1650 1055 1760 1109 Καὶ
1791 1056 1948 1109 οἱκο-

282 1149 637 1218 δομήσωμεν
655 1146 906 1212 ἑαυτοῖς,
921 1147 1072 1215 φησὶ,
1091 1146 1289 1206 πόλιν,
1305 1143 1402 1197 καὶ
1425 1144 1671 1212 πύργον,
1692 1139 1763 1198 οὗ
1780 1144 1950 1197 ἔσται

281 1237 320 1302 ἠ
345 1233 574 1304 κεφαληὴ
603 1234 712 1299 ἕως
739 1233 845 1287 τοῦ
893 1229 1172 1300 οὐρανοῦ,
1213 1230 1313 1284 καὶ
1350 1229 1692 1299 ποιήσωμεν
1715 1230 1950 1297 ἑαυτοῖς

285 1322 436 1396 [298]
468 1322 652 1391 ὄνομα
672 1322 785 1388 πρὸ
817 1320 922 1374 τοῦ
953 1317 1352 1386 διασπαρῆναι
1367 1317 1465 1370 ἐπὶ
1492 1315 1600 1384 τῆς
1618 1316 1747 1385 γῆς.
1786 1317 1951 1388 Ὁρᾷς

284 1410 401 1474 πῶς
434 1408 705 1478 πανταχοῦ
730 1409 829 1479 τῆς
858 1406 1064 1461 ἑαυτῶν
1092 1404 1316 1476 γνώμης
1350 1404 1447 1476 τὴν
1477 1403 1775 1476 διαφθοράν
1827 1405 1948 1457 ἐπι-

282 1497 582 1552 δεικνύουσι
631 1509 680 1550 ι.
740 1495 851 1549 Kal
888 1493 1412 1562 οἱκοδομήσωμεν,
1476 1492 1662 1563 φησὶν,
1714 1492 1949 1558 ἑαυτοῖς

285 1587 494 1640 πόλιν·
527 1585 621 1638 κα)⁸
649 1583 810 1636 πάλιν
829 1600 842 1614 ”
897 1581 1248 1650 Ποιήσωμεν
1275 1579 1511 1645 ἑαυτοῖς
1555 1579 1760 1648 ὄνομα.
1807 1579 1946 1632 Ἀλλ’

283 1675 387 1745 δρα
429 1675 522 1728 καὶ
577 1670 716 1743 μετὰ
761 1669 1031 1738 τοσαύτην
1065 1666 1440 1738 πανωλεθρίαν
1489 1666 1650 1719 πάλιν
1703 1665 1818 1730 πῶς
1849 1667 1948 1719 οὑκ

284 1761 525 1815 ἐλάττοσι
551 1761 737 1820 κακοῖς
763 1756 1115 1828 ἐπιχειροῦσι.
1140 1755 1204 1807 Τί
1229 1751 1322 1808 οὖν
1349 1755 1434 1808 ἵνα
1463 1755 1755 1824 γενὴσηται
1777 1772 1792 1820 ;
1831 1754 1947 1818 πῶς

283 1849 371 1900 ἵνα
403 1844 825 1916 ἀναχαιτισθῶσι
849 1843 948 1914 τῆς
971 1843 1196 1913 μανίας;
1240 1841 1533 1911 ’Υπέσχετο
1571 1840 1766 1910 μηκέτι
1799 1842 1946 1912 ποιή-

285 1954 398 1989 σειν
431 1932 812 2002 κατακλυσμὸν
840 1931 938 2001 τὴν
967 1931 1174 1984 οἰκείαν
1215 1928 1627 1998 φιλανθρωπίαν
1677 1928 1948 2006 μιμούμε-

282 2041 370 2087 νος
392 2040 404 2053 ο
432 2015 576 2074 οὗτοι
605 2021 662 2074 δὲ
691 2019 809 2074 οὑδὲ
835 2021 954 2080 ταῖς
979 2017 1265 2088 τιμωρίαις
1299 2015 1793 2088 ἐσωφρονίσθησαν,
1823 2016 1947 2071 οὔτε

281 2113 400 2174 ταῖς
421 2108 760 2180 εὐεργεσίαις
790 2105 1030 2176 βελτίους
1058 2105 1322 2174 ἐγένοντο.

354 2197 444 2249 Διὸ
473 2197 635 2250 ἄκουε
659 2195 766 2247 τῶν
792 2192 937 2262 ἑξῆς,
969 2192 1056 2245 ἴνα
1089 2191 1266 2264 μάθῃς
1294 2193 1393 2261 τῆς
1422 2191 1626 2259 ἀφάτου
1649 2188 1948 2262 φιλανθρω-

285 2283 416 2346 πίας
441 2281 534 2335 τοῦ
565 2280 696 2334 Θεοῦ
727 2280 786 2333 τδ
815 2278 1060 2350 μέγεθος.
1093 2278 1197 2332 Kal
1234 2276 1472 2345 κατέϐη,
1525 2277 1660 2348 φησὶ
1679 2316 1694 2340 ,
1730 2278 1947 2346 Κύριος

286 2375 320 2424 ό
343 2369 486 2435 Θεὸς
511 2367 656 2422 ἰδεῖν
676 2366 790 2433 τὴν
829 2367 1029 2426 πόλιν,
1067 2365 1164 2419 καί
1199 2364 1307 2417 τὸν
1338 2365 1587 2432 πύργον,
1630 2364 1704 2417 ὃν
1735 2364 1948 2429 ᾠκοδό-

279 2476 437 2528 μουν
457 2459 508 2510 οί
528 2456 642 2510 vlol
671 2453 788 2510 τῶν
812 2453 1155 2522 ἀνθρώπων.
1193 2453 1334 2520 Ὅρα
1371 2451 1488 2514 πῶς
1530 2451 1884 2523 ἀνθρωπίνως
1913 2454 1946 2524 ἡ

284 2545 475 2614 Γραφὴ
511 2541 836 2610 διαλέγεται.
865 2540 975 2594 Kal
996 2539 1232 2606 κατέϐη,
1267 2537 1421 2607 φησὶ,
1444 2538 1658 2605 Κύριος
1689 2542 1720 2592 ό
1765 2540 1910 2604 Θεός
1929 2555 1943 2570 ο

281 2635 380 2703 οὐκ
410 2632 496 2684 ἵνα
527 2629 878 2701 ἀνθρωπίνως
906 2629 1207 2698 νοήσωμεν,
1234 2625 1346 2679 ἀλλ’
1376 2623 1462 2679 ἶνα
1490 2625 1576 2678 διὰ
1601 2625 1788 2678 τούτου
1822 2643 1948 2679 παι-

278 2719 559 2788 δευώμεθα
596 2716 858 2786 μηδέποτε
889 2713 1356 2783 καταψηφίζεσθαι
1381 2711 1564 2776 ἀπλῶς
1578 2713 1685 2766 τῶν
1705 2714 1946 2784 ἀδελφῶν

279 2808 390 2861 τῶν
437 2805 740 2878 ἡμετέρων,
800 2805 936 2872 μήτε
994 2802 1052 2868 ἐξ
1082 2800 1250 2871 ἀκοῆς
1278 2800 1693 2865 καταδικάζειν,
1744 2802 1838 2854 ἐάν
1870 2802 1944 2873 μὴ

279 2896 544 2970 πρότερον
591 2891 788 2961 πολλὴν
845 2889 1120 2959 δεξώμεθα
1152 2890 1251 2961 τὴν
1311 2889 1702 2960 πληροφορίαν.
1762 2891 1945 2943 Πάντα

280 2983 388 3055 γάρ
407 2981 475 3036 τά
502 2981 651 3052 παρά
676 2980 773 3032 τοῦ
800 2977 934 3032 Θεοῦ
968 2979 1057 3031 διά
1097 2979 1254 3032 τοῦτο
1281 2978 1508 3046 γίνεται,
1565 2977 1657 3030 καὶ
1708 2977 1945 3051 τοσαύτῃ

279 3071 547 3141 κέχρηται
580 3069 646 3138 τῇ
677 3065 1078 3135 συγκαταϐάσει
1133 3065 1267 3134 πρὸς
1317 3064 1663 3118 διδασκαλίαν
1699 3067 1798 3135 τῆς
1834 3066 1944 3118 τῶν

280 3157 581 3228 ἀνθρώπων
613 3153 845 3223 φύσεως.
895 3151 1008 3206 Kal
1036 3154 1270 3219 κατέϐη,
1303 3153 1454 3223 φησὶ,
1495 3153 1708 3220 Κύριος
1735 3156 1770 3207 ὁ
1801 3153 1945 3220 Θεὸς

282 3243 434 3300 ἰδεῖν
450 3242 566 3310 τὴν
592 3242 775 3295 πόλιν
803 3239 903 3293 καὶ
932 3239 1039 3293 τὸν
1079 3241 1329 3309 πύργον.
1373 3240 1514 3312 Ὅρα
1543 3241 1704 3294 αὑτὸν
1742 3242 1842 3294 οὑκ
1879 3243 1943 3296 ἐκ

279 3330 582 3403 προοιμίων
614 3326 1004 3381 ἀναστέλλοντα
1031 3325 1208 3380 αὑτῶν
1233 3324 1331 3397 τὴν
1365 3325 1579 3396 μανίαν,
1611 3327 1747 3380 ἀλλά
1774 3327 1940 3398 πολλῇ

277 3423 344 3490 τῇ
379 3416 732 3489 μακροθυμίᾳ
766 3413 1123 3484 κεχρημένον,
1156 3413 1251 3467 καὶ
1281 3414 1618 3484 ἀναμένοντα
1651 3415 1732 3479 είς
1783 3415 1941 3485 ἔργον

277 3508 476 3569 αὑτοὺς
501 3506 727 3574 ἀγαγεῖν
766 3502 864 3573 τὴν
898 3500 1160 3573 πονηρίαν
1209 3502 1464 3566 ἅπασαν,
1505 3501 1600 3556 καὶ
1627 3503 1744 3555 τότε
1792 3504 1942 3556 ἐκκο-

278 3595 448 3664 πῆναι
475 3593 575 3662 τῆν
610 3592 968 3662 ἐπιχείρησιν.
991 3589 1110 3642 Ἵνα
1125 3586 1233 3659 γὰρ
1265 3589 1340 3658 μή
1378 3606 1484 3642 τινι
1513 3587 1606 3658 ἐξῇ
1641 3587 1836 3656 λέγειν,
1858 3589 1940 3642 ὅτι

275 3678 662 3735 ἐϐουλεύσαντο
695 3679 812 3749 μὲν,
847 3677 946 3730 οὑκ
983 3677 1189 3747 ἡγαγον
1223 3674 1280 3728 δέ
1305 3677 1386 3739 είς
1403 3675 1563 3747 ἔργον
1591 3675 1658 3730 τά
1687 3674 1937 3742 δόξαντα,

275 3767 532 3841 ἀναμένει
589 3766 874 3838 πληρῶσαι
907 3764 1102 3828 αὑτοὺς
1158 3764 1226 3818 τά
1257 3763 1630 3834 βουλευθέντα,
1690 3765 1786 3818 καὶ
1816 3765 1938 3818 τότε

272 3855 442 3921 δεῖξαι
485 3854 666 3917 αὑτοῖς
710 3854 784 3916 ὡς
823 3852 1070 3922 ἀνοήτοις
1114 3849 1471 3922 ἐπιχειροῦσι.
1535 3849 1643 3904 Kal
1694 3851 1935 3918 κατέϐη,

275 3945 430 4012 φησὶ,
459 3943 670 4007 Κύριος
689 3943 720 3993 ὁ
752 3940 895 4005 Θεὸς
913 3937 1062 3993 ιδεῖν
1085 3937 1198 4005 τὴν
1213 3939 1415 4003 πόλιν,
1438 3936 1535 3990 καί
1561 3936 1666 3990 τὸν
1685 3938 1934 4006 πύργον,

272 4032 346 4084 ὃν
366 4028 761 4097 ᾠκοδόμησαν
795 4029 846 4079 οὶ
872 4025 988 4080 υιοὶ
1025 4023 1144 4077 τῶν
1186 4023 1530 4092 ἀνθρώπων.
1584 4023 1724 4095 Ὅρα
1751 4024 1938 4094 φιλαν-

274 4116 521 4189 θρωπίας
576 4113 900 4184 ὑπερϐολήν.
953 4110 1304 4182 Συνεχώρησε
1348 4113 1546 4180 καμεῖν
1600 4112 1797 4175 αὐτοὺς
1843 4113 1937 4167 καὶ

271 4201 774 4274 ταλαιπωρηθῆναι,
801 4201 889 4253 ἵνα
926 4200 1032 4252 τῶν
1068 4198 1462 4269 πραγμάτωνὴ
1497 4200 1658 4268 πεῖρα
1680 4199 1933 4254 διδάσκα-

271 4291 364 4354 λος
389 4289 569 4352 αὑτοῖς
597 4289 838 4359 γένηται.
881 4287 991 4340 Kal
1035 4286 1220 4357 ἐπειδὴ
1271 4282 1410 4338 εἶδεν
1451 4284 1806 4356 ἀκμάζουσαν
1837 4291 1935 4361 τὴν

272 4377 491 4440 κακίαν,
520 4375 613 4429 καὶ
641 4376 738 4445 τὴν
787 4374 938 4427 νόσον
987 4373 1396 4442 ἐπιτεινομένην
1425 4374 1452 4414 b
1477 4414 1491 4434 ,
1524 4373 1623 4427 οὑκ
1665 4377 1740 4438 είς
1784 4376 1936 4443 τέλος

272 4460 534 4530 ἀφίησιν,
585 4458 720 4512 ἀλλά
751 4457 848 4528 τὴν
893 4457 1102 4510 οίκείαν
1153 4455 1552 4526 ἐνδεικνύμενος
1599 4457 1933 4528 ἀγαθότητα,

272 4547 521 4616 καθάπερ
556 4545 732 4616 ίατρδς
760 4544 999 4616 ἀριστος,
1029 4544 1170 4615 δρῶν
1203 4545 1382 4598 αὑτῶν
1426 4544 1798 4616 αὐξανομένην
1836 4547 1934 4617 τὴν

271 4637 448 4701 νόσον,
473 4635 565 4688 καὶ⁵
592 4635 652 4687 τὸ
679 4633 834 4695 ἕλκος
865 4632 1079 4684 ἀνίατον
1118 4631 1422 4702 γινόμενον,
1452 4635 1670 4702 ταχεῖαν
1701 4637 1933 4688 ποιεῖται

268 4723 366 4794 τὴν
403 4722 594 4793 τομὴν,
627 4722 710 4774 ἵνα
733 4720 1009 4782 παντελῶς
1035 4719 1274 4790 ἀφανίσῃ
1297 4718 1395 4790 τὴν
1420 4720 1598 4773 αίτίαν
1624 4720 1724 4788 τῆς
1751 4722 1930 4778 νόσου.

267 4812 376 4867 Kal
401 4806 552 4870 εἷπε,
593 4809 745 4879 φησὶ,
789 4809 1002 4876 Κύριος
1040 4809 1073 4860 ὀ
1124 4805 1472 4871 Θεός”Ιδοὺ
1506 4805 1680 4873 γένος
1719 4807 1789 4860 ἓν
1832 4811 1928 4863 καὶ

269 4900 468 4969 χεῖιὶος
505 4898 576 4952 ἓν
617 4896 887 4950 πάντων·
936 4895 1057 4948 ἀντὶ
1113 4894 1228 4957 τοῦ,
1273 4893 1423 4964 φωνὴ
1458 4893 1552 4963 μία
1581 4895 1676 4947 καὶ
1713 4895 1932 4963 γλῶσσα
1967 4963 1972 4969 .

270 4988 387 5057 μία.
417 4986 522 5040 Kal
557 4985 732 5039 τοῦτο
764 4982 1023 5051 ἤρξαντο
1048 4980 1316 5050 ποιῆσαι,
1342 4980 1439 5033 καὶ
1459 4979 1576 5034 νῦν
1595 4982 1707 5034 οὐκ
1736 4982 1929 5036 ἐκλεί·

265 5080 367 5144 ψει
387 5075 486 5129 ἀπ’
504 5071 700 5127 αὐτῶν
724 5070 938 5137 πάντα,
970 5069 1088 5123 ὅσα
1105 5069 1182 5123 ἂν
1198 5066 1514 5122 ἐπιθῶνται
1539 5068 1748 5122 ποιεῖν.

303 5162 368 5215 δ’.
395 5163 536 5232 Ὅρα
555 5160 822 5212 Δεσπότου
844 5157 1034 5228 φιλανθ
1044 5157 1272 5229 ρωπίαν.
1295 5155 1506 5226 Ἐπειδὴ
1531 5156 1711 5226 μέλλει
1725 5157 1824 5228 τὴν
1837 5158 1930 5228 ὀρ-

267 5233 372 5319 μὴν
394 5247 569 5301 αὑτῶν
584 5248 888 5308 ἐκκόπτειν,
909 5245 1202 5313 ἀπολογίαν
1219 5244 1481 5316 πρότερον
1512 5243 1810 5314 συντίθησι,
1835 5246 1929 5299 καὶ

269 5328 548 5397 μονονουχὶ
576 5326 842 5378 δείκνυσιν
865 5325 1044 5377 αὑτῶν
1063 5325 1160 5393 τῆς
1177 5323 1449 5394 ἁμαρτίας
1475 5323 1534 5374 τὸ
1561 5324 1810 5392 μέγεθος,
1835 5327 1928 5378 καί⁹

263 5408 361 5474 τῆς
387 5403 776 5472 ἀγνωμοσύνης
799 5405 895 5474 τὴν
933 5402 1258 5472 ὑπερϐολὴν,
1300 5402 1394 5455 καὶ
1417 5397 1501 5455 ὅτι
1540 5405 1607 5473 τῇ
1640 5405 1927 5476 συμφωνίᾳ

263 5486 360 5536 οὑκ
386 5485 462 5546 εἰς
486 5482 602 5534 δέον
625 5483 939 5552 ἐχρήσαντο.
995 5481 1149 5534 Ἰδοὺ
1171 5482 1300 5550 γάρ.
1331 5481 1481 5551 φησὶ,
1504 5481 1679 5548 γένος
1713 5480 1783 5534 ἐν
1829 5483 1928 5535 καὶ

263 5563 462 5632 χεῖλος
495 5559 565 5612 ἓν
585 5563 844 5613 πάντων.
871 5560 975 5613 Kal
1013 5558 1188 5612 τοῦτο
1222 5557 1484 5627 ἤρξαντο
1525 5558 1794 5628 ποιῆσαι,
1827 5560 1926 5613 καὶ

324 5667 348 5693 ³
377 5666 592 5720 Quatuor
615 5677 728 5710 msc.
755 5664 838 5719 τὴν
865 5663 1086 5724 διαφορὰν
1112 5660 1548 5724 ἐπιδείκνυσι.ῐιιίι·ε
1575 5664 1674 5717 πῶς
1695 5667 1809 5712 ante
1837 5665 1924 5711 οὑκ

263 5731 309 5776 in
333 5725 615 5785 quihusdam
639 5738 752 5771 mss.
777 5727 936 5772 deest.
963 5724 1141 5772 Ibidem
1163 5724 1204 5769 τί
1227 5723 1306 5771 οὑν
1329 5724 1407 5771 ἵνα
1424 5725 1702 5786 rev-ﬂama”
1728 5726 1828 5781 πῶς
1849 5726 1924 5773 ἵνα

264 5788 629 5844 ἇνβιχαιτισθῶσι
638 5823 648 5833 .

325 5849 348 5890 ι
374 5848 497 5898 'l'rcs
523 5862 634 5897 mss.
669 5848 1009 5903 ἐπινωουενην.

1053 246 1110 302 S.
1150 243 1434 302 JOANNIS
1465 237 1952 300 CHRYSOSTOMI
1991 238 2308 296 ARCHIEP.
2339 237 2884 298 CONSTANTINOP.
3635 239 3727 293 278

2057 355 2174 408 νῦν
2202 355 2470 424 ἐκλείψει
2527 357 2628 410 ἀπ’
2658 353 2856 409 αὐτῶν
2882 353 3098 416 πάντα,
3148 354 3267 408 ὅσα
3298 353 3378 408 ἂν
3413 352 3728 409 ἐπιθῶνται

2057 442 2270 496 ποιεῖν.
2301 442 2472 495 Τοῦτο
2501 442 2609 512 γάρ
2643 441 2760 503 έθος
2789 441 2960 510 αὑτῷ,
2992 440 3211 494 ἐπειδάν
3262 441 3436 512 μέλλῃ
3464 441 3726 509 τιμωρίαν

2055 531 2299 598 ἐπάγειν,
2337 531 2600 602 πρότερον
2625 530 2895 583 δεικνύναι
2921 529 3030 581 τῶν
3052 529 3466 599 ἡμαρτημένων
3491 527 3650 600 ξ299]
3677 531 3728 582 τὸ

2059 619 2305 688 μέγεθος,
2335 619 2428 671 καὶ
2455 617 2640 686 ὥσπερ
2672 616 2968 683 ἀπολογίαν
3001 615 3123 669 τινὰ
3141 615 3480 679 συντιθέναι,
3505 617 3603 669 καὶ
3622 616 3725 668 τότε

2056 705 2325 758 ποιεῖσθαι
2358 705 2456 775 τὴν
2487 703 2790 774 διόρθωσιν.
2810 703 2918 756 Kal
2933 702 3040 772 γάρ
3068 701 3159 754 ἐπὶ
3184 701 3278 754 τοῦ
3312 702 3725 770 κατακλυσμοῦ,

2057 792 2217 862 ἡνίκα
2249 793 2446 863 ἤμελλε
2477 794 2574 863 την
2607 792 2832 862 ἀπειλὴν
2860 792 3073 860 ἐκείνην
3117 791 3214 863 τὴν
3273 792 3522 864 φοϐεράν
3572 795 3729 844 ποιεῖ-

2059 879 2201 943 σθαι,
2255 881 2418 949 φησὶν
2469 879 2503 950 ἡ
2550 879 2772 950 Γραφή⁸
2827 877 2996 932 Ἰδὼν
3027 878 3096 931 δὲ
3119 880 3334 948 Κύριος
3379 882 3414 932 ό
3465 878 3622 941 Θεὸς
3652 879 3726 931 ὅτι

2054 967 2526 1034 ἐπληθύνθησαν
2548 970 2608 1020 αι
2629 968 2828 1021 κακίαι
2857 964 2975 1019 τῶν
2999 965 3346 1034 ἀνθρώπων,
3375 967 3476 1019 καί
3510 963 3634 1030 ⁴τεᾶς
3655 984 3728 1029 τις

2056 1055 2372 1109 διανοεῖται
2401 1055 2471 1110 ἐν
2500 1053 2575 1123 τῇ
2615 1053 2829 1122 καρδίᾳ
2854 1052 3042 1106 αὑτοῦ
3064 1051 3361 1122 ἐπιμελῶς
3383 1053 3491 1106 ἐπὶ
3532 1054 3609 1106 τὰ
3632 1069 3724 1106 αο-

2055 1141 2208 1210 νηρὰ
2232 1142 2300 1196 ἐκ
2330 1142 2630 1210 νεότητος.
2692 1135 2845 1205 Εἶδες
2868 1140 2983 1204 πῶς
3009 1140 3273 1212 πρότερον
3299 1140 3476 1205 ἔδειξε
3507 1141 3612 1211 τῆς
3638 1159 3723 1193 κα-

2056 1229 2180 1292 κίας
2206 1229 2384 1284 αὑτῶν
2403 1230 2500 1302 τὴν
2521 1227 2846 1302 ὑπερϐολὴν,
2881 1230 2975 1282 καὶ
3001 1228 3123 1282 τότε
3151 1230 3336 1299 φησὶν,
3390 1230 3724 1297 Ἅπαλείςιιω

2055 1317 2162 1370 τὸν
2189 1318 2532 1386 ἆνθρωπον;
2573 1317 2730 1371 οὑτω
2775 1318 2869 1371 καὶ
2907 1316 3002 1370 νῦν
3023 1333 3036 1346 ·
3094 1316 3248 1372 Ἰδοὺ
3534 1317 3608 1371 ἐν
3639 1321 3723 1370 καί

2055 1400 2259 1468 χεῖλος
2285 1401 2354 1456 ἐν
2384 1401 2647 1464 πάντων,
2690 1400 2790 1454 καί
2839 1401 3015 1456 τοῦτο
3039 1400 3298 1470 ἤρξαντο
3325 1400 3614 1467 ποιῆσαι.
3672 1403 3724 1454 Ei

2054 1490 2305 1560 ὁμονοίας
2355 1489 2624 1559 τοσαύτης
2661 1487 3026 1552 ἀπολαύοντες
3084 1488 3179 1542 καὶ
3229 1487 3557 1558 ὁμοφωνίας
3602 1489 3724 1559 πρὸς

2054 1577 2319 1648 τοσαύτην
2351 1576 2642 1641 ἐξώκειλαν
2676 1577 2892 1647 μανίαν,
2922 1574 3016 1629 τοῦ
3072 1575 3262 1646 χρόνου
3291 1576 3589 1645 προϊόντος
3621 1577 3722 1638 πῶς

2054 1665 2172 1735 οὑχὶ
2199 1665 2415 1736 χείρονα
2436 1663 2856 1735 διαπράξονταις
2897 1664 3019 1716 οὐκ
3056 1663 3326 1731 ἐκλείψει
3373 1663 3513 1734 γὰρ,
3544 1665 3721 1732 φησὶν,

2053 1751 2154 1806 ἀπ’
2212 1749 2406 1806 αὐτῶν
2433 1750 2650 1817 πάντα,
2680 1751 2798 1804 ὅσα
2843 1750 2918 1804 ἂν
2947 1748 3260 1804 ἐπιθῶνται
3305 1750 3530 1804 ποιεῖν.
3568 1751 3723 1802 υὺδέν

2054 1842 2232 1894 αὑτῶν
2257 1842 2354 1912 τὴν
2381 1840 2558 1913 ὁρμὴν
2595 1842 2836 1910 ἐπισχεῖν
2889 1839 3174 1910 δυνήσεται
3201 1879 3216 1904 ,
3256 1837 3394 1892 ἀλλά
3457 1838 3642 1891 πάντα
3666 1842 3721 1892 τά

2057 1929 2410 2001 βουλευθέντα
2441 1929 2622 1992 αὑτοῖς
2645 1929 2723 1992 είς
2753 1927 2912 1998 ἔργον
2945 1927 3172 1994 ἀγαγεῖν
3223 1925 3653 1990 σπουδάσωσιν,
3679 1929 3722 1978 εί

2057 2017 2131 2088 μὴ
2162 2017 2368 2088 ταχέως
2392 2017 2529 2087 ὑπὲρ
2579 2014 2684 2069 τῶν
2728 2015 2829 2086 ἤδη
2871 2013 3246 2084 τολμηθέντων
3276 2013 3436 2082 δίκην
3473 2012 3719 2067 διέρσουσι.

2055 2106 2128 2159 Τὸ
2153 2105 2282 2158 αὑτὸ
2303 2104 2393 2158 καὶ
2422 2106 2514 2158 ἐπὶ
2547 2102 2641 2156 τοῦ
2671 2102 3092 2172 πρωτοπλάστου
3121 2101 3345 2170 γεγονὸς
3365 2101 3600 2170 εὑρήσει
3625 2119 3719 2163 τις.

2055 2193 2164 2246 Kal
2188 2192 2297 2264 γάρ
2321 2195 2454 2257 ἐκεῖ,
2480 2192 2642 2262 ἡνίκα
2670 2190 2898 2261 ἤμελλεν
2916 2190 3193 2243 ἐκϐάλλειν
3221 2189 3322 2261 τῆς
3348 2190 3408 2241 ἐν
3433 2189 3516 2259 τῷ
3552 2208 3723 2260 παρα-

2053 2280 2213 2350 δείσῳ
2244 2280 2538 2349 διαγωγῆς,
2565 2279 2732 2348 φησί’
2761 2279 2854 2342 Τίς
2874 2275 3191 2347 ἀνήγγειλέ
3218 2293 3338 2340 σοι,
3371 2275 3466 2330 ὅτι
3500 2281 3722 2346 γυμνὸς

2053 2366 2136 2434 el;
2170 2370 2280 2422 Kal
2311 2369 2472 2421 πάλιν
2493 2385 2506 2399 ·
2551 2365 2697 2420 Ἰδοὺ
2723 2367 2971 2435 γέγονεν
3011 2365 3181 2432 Ἀδὰμ
3213 2365 3294 2428 ὡς
3321 2359 3412 2428 εἷς
3432 2365 3504 2429 ἐξ
3535 2365 3719 2433 ἡμῶν,

2055 2456 2160 2510 τοῦ
2186 2454 2501 2526 γινώσκειν
2533 2453 2726 2506 καλὸν
2753 2455 2848 2505 καὶ
2876 2452 3163 2516 πονηρόν.
3195 2451 3301 2503 Kal
3338 2452 3461 2505 νῦν
3496 2452 3724 2517 μήποτε

2017 2569 2032 2583 ·
2054 2544 2286 2610 ἐκτείνῃ
2312 2541 2426 2610 τὴν
2447 2541 2614 2610 χεῖρα
2659 2539 2865 2602 αὑτοῦ,
2901 2538 2997 2591 καί
3031 2537 3184 2606 λάϐῃ
3227 2539 3348 2592 ἀπὸ
3382 2541 3494 2593 τοῦ
3536 2540 3723 2603 ξύλου

2053 2631 2164 2700 τῆς
2191 2630 2360 2697 ζωῆς,
2390 2630 2486 2683 καὶ
2523 2628 2716 2698 φάγῃ,
2773 2626 2871 2681 καὶ
2927 2625 3163 2691 ζήσεται
3216 2629 3303 2690 εις
3350 2629 3463 2680 τὸν
3516 2627 3718 2680 αἰῶνα.

2055 2720 2161 2774 Kal
2217 2717 2644 2782 ἐξαπέστειλεν
2668 2713 2854 2768 αὑτὸν
2886 2714 3098 2779 Κύριος
3126 2716 3159 2766 ὀ
3193 2713 3332 2779 Θεὸς
3365 2715 3438 2767 ἐκ
3468 2713 3578 2768 τοῦ
3624 2732 3724 2768 πα-

2043 2807 2356 2876 ριιδείσου.
2403 2805 2512 2858 Καὶ
2561 2802 2654 2856 νῦν
2699 2819 2885 2872 φησιν,
2927 2801 3080 2855 Ἰδοὺ
3122 2799 3298 2870 γένος
3327 2801 3398 2854 ἐν
3452 2803 3554 2855 καί
3609 2805 3724 2872 χεῖ-

2051 2901 2162 2962 λος
2206 2895 2276 2949 ἐν
2304 2893 2565 2956 πάντων,
2624 2890 2723 2946 καὶ
2767 2889 2941 2943 τοῦτο
2981 2888 3243 2956 ἤρξαντο
3287 2889 3576 2957 ποιῆσαν
3629 2893 3722 2943 καί

2051 2989 2171 3042 νῦν
2201 2987 2272 3040 οὐ
2293 2983 2378 3056 μὴ
2417 2983 2671 3051 ἐκλείψιῃ
2704 2980 2773 3041 ἐξ
2818 2977 3016 3033 αὐτῶν
3063 2977 3259 3031 πάντα
3283 3017 3300 3041 ,
3335 2978 3456 3033 ὅσα
3503 2979 3587 3032 ἂν
3603 2980 3722 3031 ἐπι-

2052 3075 2264 3132 θῶνται
2297 3070 2505 3126 ποιεῖν.
2558 3069 2736 3123 Δεῦτε
2763 3107 2778 3135 ,
2818 3067 2914 3120 καί
2966 3066 3328 3131 καταϐάντες
3369 3066 3726 3136 συτχέωμεν

2049 3162 2246 3218 αὐτῶν
2297 3159 2424 3214 ἐκεῖ
2487 3157 2604 3226 τὴν
2664 3155 2935 3226 γλῶτταν
2966 3195 2982 3220 ,
3059 3155 3160 3208 ἵνα
3216 3151 3303 3222 μὴ
3371 3154 3725 3208 ἀκούσωσιν

2049 3252 2308 3314 ἕκαστος
2345 3245 2454 3315 τῆς
2491 3244 2696 3317 φωνῆς
2733 3243 2840 3297 τοῦ
2881 3243 3168 3309 πλησίον.
3225 3241 3367 3312 Ὅρα
3419 3242 3592 3295 πάλιν
3619 3244 3726 3295 τῶν

2049 3335 2248 3401 λέξεων
2283 3333 2380 3405 τὴν
2443 3330 2866 3400 συγκατάϐασιν.
2924 3326 3138 3387 Δεῦτε,
3177 3327 3310 3396 φησὶ
3337 3367 3353 3392 ,
3399 3327 3499 3380 καί
3550 3345 3724 3380 κατα-

2050 3424 2280 3490 ϐάντες.
2335 3421 2399 3474 Τί
2451 3419 2698 3490 βούλεται
2741 3415 2913 3471 ταῦτα
2954 3415 3023 3468 τά
3083 3416 3341 3485 ρἡατας
3391 3415 3722 3487 Συνεργεξας

2047 3510 2215 3563 δεῖται
2251 3511 2280 3562 ὁ
2317 3507 2591 3576 Δεσπότης
2629 3503 2767 3575 πρὸς
2799 3503 2896 3573 τὴν
2949 3500 3276 3571 διόρθωσιν;
3322 3501 3461 3556 ἀλλά
3502 3519 3722 3573 cum“.

2048 3600 2169 3670 χίας
2226 3596 2362 3668 πρὸς
2391 3595 2489 3665 τὴν
2524 3591 2729 3646 τούτων
2774 3589 3123 3659 καθαίρεσιν;
3171 3589 3324 3658 Οὑχὶ,
3369 3590 3450 3660 μὴ
3485 3591 3719 3659 γένοιτο.

2059 3685 2216 3738 ’Λλλά
2249 3684 2494 3753 καθάπερ
2531 3681 2634 3752 ἡδη
2683 3675 2834 3732 εἶπεν
2867 3679 2900 3748 ἡ
2946 3675 3166 3747 Γραφὴ,
3204 3677 3435 3744 Κατέϐη
3473 3680 3718 3747 Κύριος,

2045 3769 2364 3823 διδάσκουσα
2398 3767 2544 3838 ἡμᾶς
2571 3764 2657 3817 διά
2686 3762 2900 3822 τούτους
2926 3763 3007 3815 ὅτι
3037 3760 3174 3830 pera
3211 3760 3501 3832 ἀκριϐείας
3531 3763 3714 3815 αὐτῶν

2046 3853 2150 3909 εἶδε
2177 3856 2275 3926 τῆς
2297 3853 2491 3916 κακίας
2519 3852 2618 3922 τὴν
2643 3849 2964 3922 ὑπερϐολὴν,
2994 3847 3134 3901 οὕτω
3160 3847 3254 3901 καὶ
3283 3847 3524 3901 ἐνταῦθά
3551 3867 3709 3919 φησι,

2044 3943 2240 4008 Δεῦτε,
2274 3941 2372 3995 καὶ
2404 3937 2782 4002 καταϐάντες.
2824 3935 2929 3998 Ὦς·
2955 3935 3090 4007 πρὸς
3131 3933 3429 4004 ὁμοτίμους
3470 3934 3532 3986 δὲ
3585 3936 3719 3987 πάν-

2042 4049 2150 4095 τως
2189 4031 2305 4084 ἐστὶ
2340 4029 2490 4082 τουτὶ
2528 4027 2589 4081 τὺ
2620 4025 2933 4098 εἰρημένονο
2958 4023 3156 4088 Δεῦτε,
3204 4022 3298 4076 καί
3342 4023 3718 4089 καταϐάντες

2043 4118 2391 4189 συγχέωμεν
2418 4114 2616 4170 αὐτῶν
2647 4114 2761 4182 τὴν
2787 4111 3073 4184 γλῶτταν,
3107 4111 3207 4164 ἵνα
3233 4107 3319 4178 μὴ
3351 4110 3716 4164 ἀκούσωσιν

2041 4205 2297 4272 ἕκαστος
2340 4203 2446 4272 τῆς
2497 4201 2705 4272 φωνῆς
2743 4200 2848 4254 τοῦ
2895 4199 3178 4266 πλησίον.
3231 4197 3525 4270 Καθάπερ,
3563 4202 3716 4270 φησὶ,

2043 4292 2241 4362 στὴλην
2293 4290 2413 4346 τινὰ
2463 4291 2712 4360 διηνεκῆ,
2757 4287 3012 4356 τοιαύτην
3049 4285 3229 4348 αὑτοῖς
3277 4286 3576 4355 ἐπιτίθημι
3614 4289 3716 4357 τὴν

2041 4379 2330 4451 τιμωρίαν,
2371 4379 2465 4430 καὶ
2496 4377 2582 4430 ἵνα
2621 4375 2784 4429 παντὶ
2819 4374 2897 4442 τῷ
2943 4373 3097 4426 αἰῶνι
3137 4374 3714 4443 συμπαρεκτ-είνηται,

2040 4465 2134 4518 καὶ
2167 4464 2352 4536 μηδεὶς
2379 4462 2565 4534 χρόνος
2597 4461 2764 4532 λήθην
2791 4461 2970 4522 αὑτοῖς
3002 4458 3300 4529 ἐμποιήσῃ.
3343 4459 3570 4530 Ἐπειδὴ
3601 4461 3714 4530 γὰρ

2039 4553 2099 4606 οὑ
2133 4551 2357 4614 δεόντως
2387 4550 2687 4621 ἐχρήσαντο
2732 4549 2798 4617 τῇ
2827 4545 3124 4617 ὁμοφωνίᾳ,
3172 4545 3259 4597 διὰ
3291 4545 3390 4616 τῆς
3437 4547 3716 4618 ἑτερο-φεμ-

2039 4640 2158 4703 νίας
2201 4638 2397 4700 αὐτοὺς
2438 4634 2868 4708 σωφρονισθῆναι
2917 4632 3192 4703 βούλομαι.
3233 4633 3340 4686 Kal
3383 4633 3496 4704 γάρ
3540 4635 3714 4698 οὕτως

2039 4728 2294 4780 ἐκάστοτε
2327 4723 2484 4778 εἴωθε
2520 4725 2692 4775 ποιεῖν
2721 4723 2749 4774 ὁ
2782 4721 3075 4791 Δεσπότης.
3104 4720 3273 4773 Τοῦτο
3309 4719 3366 4786 ἐξ
3398 4721 3578 4792 ἀρχῆς
3624 4727 3715 4776 καὶ

2039 4817 2129 4868 ἐπὶ
2159 4817 2257 4885 τῆς
2286 4813 2542 4882 γυναικὸς
2575 4811 2858 4880 ἐποίησενο
2897 4811 2996 4862 οὑκ
3040 4810 3122 4873 είς
3165 4808 3283 4862 δέον
3321 4810 3600 4880 ἐχρήσατο
3647 4814 3712 4880 τῇ

2035 4902 2246 4973 δοθείσῃ
2277 4903 2429 4971 τιμῇ,
2467 4899 2561 4952 καὶ
2590 4899 2676 4953 διὰ
2709 4898 2866 4952 τοῦτο
2913 4895 3172 4960 ὑπέταξεν
3217 4895 3385 4966 αὑτὴν
3415 4895 3496 4964 τῷ
3531 4897 3710 4966 ἀνδρί.

2037 4989 2148 5042 Καὶ
2186 4988 2344 5042 πάλιν
2395 4987 2488 5040 ἐπὶ
2521 4985 2614 5039 τοῦ
2651 4985 2851 5056 Ἀδὰμ,
2894 4984 3079 5056 ἐπειδὴ
3128 4983 3203 5054 μὴ
3249 4982 3511 5053 ἐκέρδανέ
3560 5001 3615 5035 τι
3647 4986 3713 5035 ἐκ

2036 5077 2134 5146 τῆς
2162 5075 2361 5146 πολλῆς
2388 5075 2644 5138 ἀνέσεως,
2672 5075 2766 5128 καὶ
2798 5073 2896 5144 τῆς
2921 5075 2979 5126 ἐν
3009 5071 3086 5141 τῷ
3120 5070 3433 5142 παραδείσῳ
3464 5070 3706 5140 διαίτης,

2035 5164 2168 5217 ἀλλά
2205 5163 2294 5217 διὰ
2343 5163 2445 5233 τῆς
2475 5163 2838 5234 παραϐάσεως
2875 5160 2954 5231 τῷ
3000 5159 3262 5229 ἐπιτιμίῳ
3307 5158 3501 5211 ἑαυτὸν
3536 5160 3708 5212 ὑπεύ-

2035 5252 2192 5304 θυνον
2223 5251 2576 5321 κατέστησεν,
2624 5249 2844 5317 ἐξέϐαλε
2891 5248 3053 5302 αὑτὸν
3100 5247 3164 5300 ἐκ
3203 5244 3295 5298 τοῦ
3349 5246 3704 5315 παραδείσου,

2034 5339 2129 5392 καὶ
2176 5338 2274 5409 τὴν
2317 5337 2611 5409 -τιμωρίαν
2681 5335 2831 5408 αὑτῷ
2883 5336 3118 5405 ἐπέθηκε
3170 5331 3426 5403 διηνεκῆ,
3485 5332 3702 5401 λέγων’

2045 5407 2332 5491 Ἀκάνθαξ
2379 5407 2497 5478 καί
2527 5425 2836 5492 τριϐόλους
2883 5421 3165 5478 ἀνατελεῖ
3210 5435 3309 5474 σοι
3355 5422 3394 5488 ή
3441 5417 3546 5490 γῆ.
3597 5423 3704 5474 Καὶ

2031 5507 2172 5566 οὗτοι
2203 5513 2380 5566 τοίνυν
2419 5513 2604 5585 ἐπειδὴ
2648 5513 2967 5584 τιμηθέντες
3013 5513 3078 5583 τῇ
3128 5507 3430 5580 ὁμοφωνία,
3476 5510 3560 5571 είς
3607 5528 3706 5561 κα-

2032 5601 2154 5654 κίαν
2196 5599 2345 5672 [500]
2381 5601 2680 5672 ἐχρήσαντο
2711 5604 2776 5671 τῇ
2827 5601 3040 5672 δοθείσῃ
3069 5601 3223 5670 τιμῇ,
3251 5596 3338 5650 διά
3387 5597 3488 5664 τῆς
3518 5597 3696 5664 ἑτερο.

2033 5687 2236 5756 φωνίας
2271 5688 2479 5757 ἵστησιν
2504 5690 2680 5742 αὑτῶν
2711 5690 2806 5759 τῆς
2833 5689 3028 5750 κακίας
3065 5687 3161 5758 τὴν
3193 5684 3383 5754 φοράν.
3410 5683 3521 5736 Καὶ
3553 5701 3702 5747 συγκ-

2034 5764 2257 5832 χέωμεν
2293 5766 2508 5830 αὐτῶν,
2558 5769 2710 5836 φησὶ,
2757 5768 2870 5832 τὴν
2923 5765 3210 5835 γλῶτταν,
3246 5765 3348 5816 ἵνα
3379 5761 3466 5831 μὴ
3517 5761 3696 5814 ἀχαιι-

2033 5855 2228 5900 σωσιν
2262 5842 2515 5912 ἕκαστος
2549 5845 2649 5915 τῆς
2688 5844 2891 5916 φωνῆς
2933 5844 3034 5899 τοῦ
3062 5843 3357 5913 π.ιίιι‹,“ιόν’
3395 5841 3485 5896 ἴνα
3512 5839 3698 5914 ῶσπερ
