3788 6256
101 270 212 326 ΞἿΊ

94 387 244 440 cavit
286 394 507 441 sanctos
544 395 601 442 et
638 386 842 452 viduas,
887 396 941 443 et
979 389 1210 444 reddidit
1238 406 1355 445 eam
1387 393 1580 445 vivam.
1629 394 1697 447 Si‘

96 478 421 531 memoriam
443 478 659 547 quieris,
690 478 735 532 si
760 494 938 533 veram
969 480 1189 549 gloriam
1212 497 1380 549 amas,
1412 482 1548 537 hanc
1575 484 1694 537 imi-

94 578 247 634 tare,
280 569 416 624 tales
440 570 632 623 domus
656 576 874 626 exstrue
894 612 908 636 ,
941 573 1049 627 noli
1090 583 1336 642 sumptus
1367 581 1485 629 tuos
1516 574 1689 628 inani-

92 663 260 715 matis
294 661 626 733 impendere,
656 662 749 717 sed
777 678 898 717 cum
931 664 1036 717 illis
1062 666 1149 733 qui
1177 664 1417 733 ejusdem
1445 675 1565 719 sunt
1594 680 1691 736 ge-

88 754 245 806 neris
297 752 719 808 misericordiam
772 755 950 809 facito.
1008 756 1131 809 llaec
1182 756 1338 811 laude
1393 756 1550 826 digna
1609 766 1690 811 est

90 846 383 908 memoria,
417 845 529 900 haec
568 860 817 916 magnum
867 846 1068 900 lucrum
1109 846 1280 900 affert.
1320 846 1585 900 Caeterum
1621 846 1687 900 ad

90 938 409 991 institutum
441 938 725 992 redeamus
746 979 760 1002 ,
794 947 848 992 ct
875 938 1149 992 videamus
1176 938 1387 992 illorum
1427 939 1683 1006 virorum,

87 1031 180 1098 qui
212 1040 342 1082 tunc
367 1039 541 1092 erant,
570 1028 868 1083 audaciam.
913 1028 1126 1083 Illorum
1157 1030 1299 1084 enim
1339 1028 1647 1085 aﬂ'ectiones
1667 1073 1683 1099 ,

88 1133 319 1191 nostrzv,
354 1124 399 1177 si
430 1138 618 1192 sapere
665 1123 1009 1186 voluerimus,
1038 1123 1399 1178 emendationi
1426 1124 1684 1178 serviunt.

86 1216 142 1269 4.
176 1214 245 1267 Et
294 1216 627 1284 mdiﬁcemus,
673 1216 861 1285 inquit,
913 1217 1055 1270 nobis
1093 1217 1372 1283 civitatem,
1402 1225 1447 1270 et
1486 1217 1684 1282 turrim,

86 1308 241 1378 cujus
270 1317 428 1376 caput
452 1307 545 1360 erit
569 1322 726 1377 usque
744 1308 797 1359 in
824 1308 1026 1372 calum,
1056 1315 1103 1360 et
1130 1307 1378 1376 faciamus
1407 1307 1686 1377 nobisipsis

86 1415 278 1451 nomen
328 1399 622 1468 priusquam
667 1399 1019 1470 disperguntur
1059 1416 1213 1469 super
1264 1408 1469 1454 terram.
1524 1400 1685 1457 Vides

84 1492 370 1561 quomodo
395 1492 794 1562 corruptionem
822 1493 1015 1546 animo:
1044 1508 1154 1547 suae
1190 1492 1383 1563 ubique
1409 1492 1682 1548 exhibent.

87 1586 159 1639 Et
208 1586 562 1661 cedi/iocatus,
605 1586 796 1654 inquit,
841 1584 983 1637 nobis
1020 1584 1391 1638 ciritatem:et
1430 1586 1623 1638 iterum
1669 1602 1684 1639 :

88 1678 377 1730 Faciamus
397 1677 538 1730 nobis
562 1677 691 1746 ipsis
712 1692 911 1730 nomen.
943 1676 1069 1730 Vide
1098 1675 1365 1746 quomodo
1384 1677 1543 1731 etiam
1568 1688 1686 1746 post

88 1770 410 1839 generalem
436 1770 676 1823 omnium
721 1770 993 1824 interitum
1026 1785 1130 1824 non
1173 1769 1377 1823 minora
1423 1770 1557 1823 mala
1588 1785 1684 1839 ag-

84 1860 423 1932 grediantur.
459 1860 597 1927 Quid
636 1876 764 1931 ergo
793 1860 928 1915 ﬁet?
957 1861 1225 1929 quomodo
1261 1860 1328 1916 ab
1356 1862 1559 1916 insania
1588 1876 1682 1915 sua

88 1951 501 2021 reprimenlur?
526 1951 802 2007 Pollicitus
823 1962 907 2007 est
940 1953 1099 2019 Deus,
1130 1967 1188 2008 se
1217 1969 1323 2008 non
1350 1954 1487 2007 ultra
1516 1953 1683 2006 factu-

85 2061 210 2099 rum
236 2045 523 2110 diluvium,
564 2045 819 2099 nimirum
851 2046 1232 2099 misericordia:
1259 2062 1369 2099 sua:
1396 2055 1684 2101 consuetu—

83 2138 273 2193 dinem
304 2153 531 2193 servans
555 2156 568 2190 :
596 2138 669 2192 illi
694 2147 873 2193 autem
898 2153 1072 2209 neque
1097 2141 1269 2209 pientis
1290 2138 1683 2195 emendatiores

83 2229 215 2285 facti
243 2238 393 2297 sunt,
423 2246 597 2300 neque
627 2230 900 2285 beneliciis
929 2232 1197 2287 meliores.

161 2321 291 2376 Non
332 2333 447 2376 sunt
475 2332 655 2376 temere
681 2324 1049 2377 condemnandi
1079 2325 1283 2393 fratres,
1313 2340 1472 2395 neque
1497 2340 1559 2378 ea:
1587 2340 1682 2377 au—

83 2416 199 2468 ditu
237 2416 603 2486 judicandum.
628 2447 700 2456 —
726 2416 861 2471 Audi
886 2432 1003 2486 quae
1045 2429 1378 2487 sequuntur,
1405 2427 1463 2473 ut
1506 2418 1683 2473 discas

85 2507 383 2561 inell‘abilis
428 2508 815 2563 misericordia:
867 2509 958 2563 Dei
1007 2509 1451 2579 magnitudinem.
1510 2510 1564 2565 5.
1618 2509 1681 2563 Et

84 2599 373 2663 descendit,
408 2599 597 2668 inquit,
633 2598 884 2653 Dominus
913 2598 1049 2653 Deus
1070 2642 1084 2667 ,
1110 2610 1166 2654 ut
1193 2600 1381 2653 videret
1408 2601 1678 2665 civitatem,

86 2705 134 2747 et
164 2693 377 2757 turrim,
407 2709 559 2763 quam
587 2691 903 2759 wdi/icabant
936 2692 1035 2760 ﬁlii
1074 2692 1352 2746 hominum.
1386 2690 1522 2746 Vide
1550 2707 1683 2759 quo-

82 2786 250 2840 modo
275 2784 508 2837 humano
538 2797 688 2837 more
729 2783 1002 2854 Scriptura
1035 2784 1288 2854 loquitur.
1314 2782 1385 2835 Et
1403 2784 1678 2849 descendit,

85 2882 295 2952 inquit,
326 2879 580 2933 Dominus
607 2878 776 2944 Deus;
804 2894 909 2933 non
956 2886 1014 2932 nt
1044 2877 1277 2932 humano
1307 2876 1465 2931 modo
1490 2877 1680 2930 intelli-

81 2989 301 3044 gamus,
331 2972 425 3029 sed
454 2981 512 3027 ut
541 2987 635 3042 per
662 2971 765 3026 hoc
792 2970 1116 3037 erudiamur,
1152 2962 1442 3039 numquam
1477 2977 1680 3022 temere

83 3067 286 3121 fratres
312 3062 771 3128 condemnandos,
804 3075 977 3131 neque
998 3059 1177 3115 auditu
1199 3059 1315 3115 solo
1333 3057 1678 3129 judicandum

82 3173 229 3221 esse,
268 3156 370 3210 nisi
403 3155 646 3224 pluribus
674 3154 1004 3225 argumentis
1034 3152 1179 3220 prius
1206 3151 1335 3205 certi
1363 3150 1675 3205 reddamur.

82 3250 279 3306 Omnia
301 3252 443 3304 enim
470 3263 501 3302 a
533 3248 643 3301 Deo
673 3245 791 3301 ideo
817 3247 964 3310 liunt,
987 3252 1042 3299 et
1066 3245 1135 3299 ob
1157 3245 1259 3299 hoc
1284 3253 1431 3298 tanta
1458 3241 1524 3296 ad
1555 3258 1679 3296 cru-

82 3340 347 3395 diendum
392 3340 679 3393 humanum
708 3352 876 3407 genus
912 3337 1077 3391 utitur
1119 3335 1385 3390 sermonis
1421 3343 1683 3402 attempe-

83 3434 324 3489 ratione.
382 3430 451 3485 Et
499 3431 781 3495 descendit,
843 3429 1045 3499 inquit,
1094 3427 1347 3481 Dominus
1395 3424 1567 3491 Deus,
1627 3432 1681 3476 ut

84 3527 287 3581 rideret
313 3525 564 3579 civitatem
590 3532 637 3577 et
668 3523 863 3577 turrim.
901 3520 1034 3575 Vide
1059 3518 1327 3591 quomodo
1356 3533 1460 3573 non
1499 3518 1678 3572 statim

82 3621 155 3674 ab
188 3618 343 3673 initio
372 3616 585 3672 illorum
613 3615 855 3687 reprimit
883 3614 1167 3682 insaniam,
1199 3612 1293 3668 sed
1321 3612 1571 3667 diuturna
1598 3612 1678 3667 le-

82 3716 261 3767 nitate
306 3714 493 3778 utitur,
544 3719 596 3765 et
643 3717 916 3779 exspectat
950 3707 1122 3762 donec
1159 3720 1372 3761 omnem
1423 3704 1678 3758 malitiam

82 3820 241 3859 suam
284 3818 446 3872 opere
488 3802 782 3876 declarent,
832 3800 1055 3855 et‘tunc
1098 3810 1321 3854 conatus
1357 3813 1542 3853 eorum
1581 3798 1679 3851 im-

85 3894 255 3967 pedit.
289 3893 364 3947 Ne
389 3894 529 3947 enim
560 3893 677 3963 quis
704 3891 884 3947 dicere
905 3891 1091 3961 possit,
1115 3890 1438 3946 deliberasse
1462 3888 1678 3959 quidem

85 3989 232 4051 illos,
260 3985 355 4039 sed
403 4001 522 4054 qua:
559 3984 941 4049 decreverant,
972 3984 1024 4038 in
1064 3999 1197 4053 Opus
1227 4000 1333 4037 non
1369 3982 1675 4048 deduxisse,

84 4078 435 4149 praestolatur
473 4076 646 4131 donec
702 4076 883 4129 animo
934 4074 1256 4130 destinatum
1308 4089 1443 4144 opus
1487 4087 1678 4143 aggre-

87 4170 344 4231 diantur,
380 4178 434 4220 ut
476 4177 600 4221 tunc
640 4175 901 4221 monstret
939 4165 1016 4221 eis
1055 4181 1215 4237 quam
1260 4165 1462 4220 inutilia
1508 4175 1681 4220 atten-

87 4266 277 4319 tarint.
312 4260 382 4315 Et
421 4262 698 4330 descendit,
732 4262 934 4332 inquit,
966 4261 1214 4316 Dominus
1239 4266 1397 4321 Deus.
1417 4270 1470 4314 ut
1495 4261 1681 4315 videret

82 4357 369 4420 civitatem,
398 4370 457 4407 ac
488 4355 696 4419 turrim,
726 4368 878 4423 quam
912 4355 1235 4424 aedificabant
1276 4354 1369 4420 ﬁlii
1396 4354 1677 4408 hominum.

85 4446 227 4501 Vide
255 4444 641 4501 misericordiae
668 4444 1074 4499 excellentiam:
1108 4445 1347 4514 permisit
1384 4444 1500 4499 illos
1529 4444 1678 4499 labo-

84 4542 243 4594 ribus
271 4553 391 4592 sese
418 4536 677 4608 amigere,
702 4548 761 4592 ut
778 4553 955 4592 rerum
978 4537 1310 4607 experientia
1339 4538 1679 4608 praeceptoris

84 4636 213 4689 loco
255 4631 361 4687 illis
394 4640 558 4686 eSset.
612 4629 679 4684 Et
723 4632 973 4699 quoniam
1010 4629 1140 4684 vidit
1184 4629 1439 4684 malitiam
1476 4629 1679 4684 invale-

82 4742 262 4790 seere,
295 4734 351 4780 et
379 4723 624 4778 morbum
662 4723 896 4789 intendi,
926 4739 1030 4778 non
1074 4738 1242 4793 usque
1270 4722 1337 4776 ad
1375 4721 1532 4778 linem
1562 4738 1682 4793 per-

82 4824 279 4886 mittit,
310 4819 404 4873 sed
429 4834 579 4871 suam
602 4816 838 4872 declarat
862 4818 1151 4872 bonitatem
1185 4834 1198 4869 :
1230 4816 1678 4887 quemadmodum

81 4916 332 4970 medicus
359 4912 532 4965 bonus
558 4910 743 4965 videns
772 4911 1013 4965 morbum
1040 4911 1242 4980 augeri,
1273 4920 1327 4964 et
1347 4910 1497 4964 ulcus
1527 4908 1679 4963 incu-

82 5008 257 5061 rablle
288 5006 425 5069 ﬁeri,
464 5004 642 5057 statim
689 5004 929 5057 sectione
956 5003 1147 5066 utitur,
1183 5012 1239 5055 ut
1264 5016 1478 5056 onmem
1506 5000 1677 5056 morbi

79 5115 308 5153 (ansam
364 5099 531 5152 tollat.
565 5096 619 5151 6.
666 5096 733 5150 Et
772 5095 923 5162 dixit,
970 5095 1159 5165 inquit,
1206 5093 1454 5148 Dominus
1495 5094 1631 5148 Deus
1659 5109 1679 5148 :

86 5193 224 5249 Ecce
251 5207 412 5263 genus
448 5206 600 5242 unum
629 5199 677 5243 et
711 5188 898 5243 labium
940 5205 1097 5242 unum
1124 5189 1345 5242 omnium
1372 5204 1391 5241 :
1433 5188 1533 5242 hoc
1566 5197 1676 5252 est,

84 5304 191 5341 vox
218 5303 320 5339 ttna
354 5292 407 5339 et
435 5285 609 5354 lingua
637 5298 760 5337 una.
788 5283 856 5337 Et
882 5283 976 5337 Itoc
992 5294 1246 5353 cmperunt
1268 5286 1453 5356 facere,
1474 5292 1521 5337 et
1548 5300 1680 5337 nunc

82 5399 185 5434 non
215 5379 487 5432 cessabunt
516 5377 577 5430 ab
607 5379 668 5431 iis
692 5394 803 5448 qua:
827 5378 1147 5430 decreverunt
1175 5377 1357 5444 facere.

155 5476 211 5528 4.
254 5473 402 5528 Solet
453 5471 587 5527 Deus
623 5473 896 5526 admonere
941 5464 1216 5542 antequam
1254 5471 1451 5542 puniat.
1479 5498 1551 5510 --
1579 5471 1676 5525 At-

85 5566 247 5621 tende
282 5563 494 5617 Domini
534 5562 975 5618 misericordiam.
1016 5562 1277 5630 Quoniam
1321 5573 1543 5617 conatus
1572 5562 1676 5616 im-

88 5660 371 5730 pediturus
398 5666 536 5721 erat,
580 5658 807 5726 primum
847 5656 1214 5728 purgationem
1259 5655 1359 5713 sibi
1404 5666 1585 5727 parat,
1625 5666 1679 5712 ct

88 5752 241 5831 quasi
268 5749 505 5809 ostendit
544 5749 744 5822 peccati
774 5765 957 5807 corum
1005 5748 1419 5822 magnitudinem
1443 5790 1457 5819 ,
1490 5758 1544 5809 et
1574 5749 1673 5806 im-

1068 310 1077 317 -
1133 274 1193 330 ΙΝ
1230 276 1382 331 CAP.
1426 276 1515 331 XI.
1558 278 1802 335 GENES.
1844 282 2070 342 llOMlL.
2116 289 2274 353 XXX.

3279 327 3383 385 278

1811 400 2089 502 probitatis
2119 422 2416 480 excessum,
2450 415 2696 490 ipsosque
2735 424 2931 483 abusos
2966 447 3086 488 esse
3114 434 3304 510 lingna-
3331 457 3384 501 ct

1806 503 1973 594 vocis.
1992 502 2363 594 consonantia.
2397 504 2526 561 Ecce
2566 513 2738 577 enim,
2780 517 2977 588 inquit,
3020 502 3380 594 genusvunum

1800 588 1843 630 et
1902 580 2090 637 [obium
2138 603 2290 643 unum
2331 598 2571 652 omnium.
2624 600 2692 655 Et
2737 605 2828 659 hoc
2852 580 3121 680 raep'er'unt
3177 624 3342 689 facere

1798 677 1845 719 et
1897 686 2031 724 nunc
2072 692 2172 730 non
2221 683 2483 739 cessabunt
2537 689 2598 743 ab
2651 694 2712 747 iis
2751 714 2865 765 qum
2918 669 3241 764 decreuerunt
3297 669 3381 784 fa:

1801 770 1907 784 “ﬂ
1957 762 2047 784 ,ηρ
2077 781 2112 784 _,
2141 767 2152 778 .
2243 770 2276 784 η
2318 772 2329 783 .

1796 770 1925 813 cere.
1956 762 2050 818 llic
2069 767 2209 821 enim
2243 770 2329 825 Dei
2362 790 2477 830 mos
2497 789 2600 848 est,
2634 797 2688 835 ut
2710 762 2989 853 puniturus
3016 796 3162 863 prius
3185 762 3380 860 indi'eet

1795 867 1952 922 quam
1987 872 2173 950 magna
2202 863 2304 918 sint
2332 882 2580 940 peccata,
2615 886 2667 929 et
2694 881 2855 935 veluti
2885 883 3250 948 defensionem
3285 897 3381 950 ali-

1793 949 2072 1044 quam
2099 962 2269 1044 paret,
2298 973 2360 1012 ac
2385 966 2753 1041 tunctandem
2782 976 3052 1044 corripiat.
3076 980 3207 1038 Nam
3240 949 3381 1040 temi-

1794 1049 1924 1144 pore
1949 1037 2163 1144 diluvii,
2219 1061 2339 1101 cum
2384 1037 2654 1110 terribiles
2698 1060 2813 1116 illas
2859 1037 3029 1122 minas
3072 1037 3376 1144 intentaret,

1792 1125 1923 1229 dicit
1962 1129 2234 1202 Scriptura
2282 1157 2294 1192 :
2331 1139 2399 1194 Ut
2431 1153 2599 1199 autem
2646 1151 2768 1204 vidit
2806 1152 2966 1222 Deus,
3018 1125 3376 1229 quod—intuli;

1791 1217 1995 1325 plicatis
2021 1234 2138 1277 sunt
2165 1228 2374 1284 malitia:
2411 1232 2690 1305 hominum,
2725 1250 2769 1294 et
2812 1217 3151 1318 unusquisque
3190 1217 3378 1325 cogitat

1791 1307 2017 1416 corde
2040 1330 2134 1368 suo
2160 1317 2427 1416 diligenter
2446 1325 2498 1378 in
2523 1327 2659 1382 mala
2683 1346 2714 1383 a
2730 1307 2996 1401 juventuie
3031 1307 3180 1411 (ben.
3212 1307 3372 1416 6:,

1793 1397 1981 1456 Vidisti
2008 1410 2276 1473 quomodo
2304 1413 2449 1480 prius
2475 1397 2789 1476 monstravit
2816 1397 3235 1487 ntalitiaz‘coruni

1789 1492 2156 1595 sai-tudinem,
2188 1509 2241 1554 et
2285 1514 2466 1572 postea
2512 1507 2638 1564 dicit
2665 1529 2678 1565 :
2703 1510 2891 1570 Detebo
2934 1518 3185 1577 hominem
3216 1524 3375 1595 (Ibid.

1790 1600 1837 1637 υ.
1865 1586 1964 1651 7)?
1991 1587 2066 1643 lta
2103 1599 2157 1645 et
2183 1609 2323 1648 nunc
2352 1614 2365 1649 ε
2397 1597 2527 1653 Ecce
2555 1618 2712 1671 genus
2740 1621 2896 1660 unum
2928 1619 2974 1663 et
3004 1612 3194 1668 labium
3216 1586 3376 1673 unum

1790 1681 2037 1749 omnium,
2086 1686 2255 1740 ethoc
2298 1704 2557 1760 coeperunt
2583 1696 2774 1764 facere.
2813 1700 2870 1755 Si
2903 1716 3025 1757 cum
3069 1715 3213 1763 tanta
3251 1727 3378 1766 con-

1789 1771 1993 1840 cordia,
2026 1783 2081 1829 et
2123 1776 2315 1848 lingua:
2357 1784 2561 1841 unitate
2608 1787 2659 1841 in
2700 1798 2899 1846 tantam
2944 1794 3246 1855 inciderunt
3290 1807 3376 1857 in-

1788 1866 1991 1920 snniam
2017 1883 2033 1921 :
2062 1869 2149 1923 ubi
2191 1880 2401 1941 tempus
2447 1884 2791 1947 processerit,
2838 1889 3106 1954 quomodo
3150 1908 3254 1948 non
3282 1894 3377 1950 de«

1790 1958 1985 2059 terior:
2023 1966 2396 2023 attentabunt?
2421 1971 2544 2027 Non
2584 1978 2846 2033 cessabunt
2887 1983 3028 2037 enim
3068 1987 3132 2039 ab
3176 1988 3237 2042 iis
3264 2006 3379 2059 qua

1789 2049 2115 2109 decreverunt
2142 2061 2311 2127 facere
2335 2077 2353 2114 :
2381 2064 2512 2120 nihil
2541 2082 2725 2126 eorum
2760 2071 3013 2142 impetum
3045 2086 3097 2132 ct
3126 2049 3374 2136 ardorem

1789 2147 1990 2238 morari
2014 2153 2230 2220 poterit,
2250 2154 2343 2209 sed
2367 2160 2544 2221 omnia
2566 2178 2685 2230 qua:
2709 2174 3011 2221 statuerunt
3030 2185 3232 2238 secum,
3262 2184 3376 2227 stu-

1787 2237 1989 2334 debunt
2039 2243 2318 2315 perlicere,
2367 2251 2419 2303 ni
2470 2253 2648 2309 statim
2698 2272 2797 2326 pro
2835 2263 3116 2318 attentatis
3163 2280 3375 2334 poenam

1787 2330 1955 2425 luant.
1986 2333 2040 2389 Id
2074 2352 2285 2408 quoque
2332 2343 2565 2400 inveniet
2608 2347 2801 2418 aliquis
2839 2360 2895 2405 et
2937 2352 3004 2408 de
3043 2330 3376 2425 protoplasto

1787 2421 1988 2479 factum
2043 2442 2183 2484 csse.
2213 2430 2494 2501 Ejecturus
2534 2438 2676 2492 enim
2706 2439 2850 2495 illum
2895 2421 3103 2499 Deus—a
3146 2421 3375 2515 paradisi

1787 2516 2019 2572 incolatu
2043 2562 2056 2585 ,
2100 2523 2173 2576 ait
2195 2565 2209 2585 ,
2246 2525 2371 2591 Quis
2416 2531 2732 2584 annuntiavit
2764 2533 2851 2586 tibi
2880 2536 3012 2601 quod
3037 2538 3203 2591 nudus
3244 2556 3376 2593 esses

1766 2596 1949 2677 '(lbid.
1982 2612 2034 2665 5.
2074 2613 2203 2682 ll)?
2230 2615 2297 2669 Et
2326 2616 2556 2673 iterum:
2591 2620 2724 2676 Ecce
2749 2596 2909 2677 Adam
2939 2629 3103 2695 factus
3134 2640 3204 2683 est
3230 2634 3377 2701 quasi

1786 2716 1917 2753 unus
1938 2717 2001 2755 ex
2025 2703 2167 2758 nobis
2193 2721 2211 2759 :
2239 2717 2290 2759 ut
2317 2710 2442 2762 sciat
2476 2709 2662 2765 bonum
2704 2723 2752 2767 et
2782 2714 2991 2769 malum.
3040 2717 3105 2772 Et
3140 2737 3273 2774 nunc
3313 2738 3376 2775 ne

1786 2789 1919 2858 forte
1946 2796 2185 2847 extendat
2215 2813 2419 2850 manum
2449 2816 2617 2867 suam,
2644 2810 2692 2855 et
2730 2805 2946 2874 accipiat
2975 2806 3035 2860 de
3064 2807 3201 2879 ligno
3236 2812 3372 2879 vitta,

1787 2890 1834 2934 et
1859 2883 2108 2949 comedat,
2139 2894 2184 2939 et
2225 2887 2355 2957 uiuat
2380 2889 2433 2942 in
2471 2892 2731 2946 saxulum.
2776 2893 2841 2947 Et
2884 2897 3045 2952 emisit
3076 2900 3221 2953 illum
3268 2901 3375 2955 Do.-

1785 2977 1953 3031 minus
1979 2978 2041 3032 de
2057 2982 2296 3049 paradiso
2320 2982 2480 3054 (Ibid.
2503 3000 2552 3039 υ.
2570 2985 2660 3040 22.
2681 2986 2796 3059 25).
2819 2988 2990 3044 Etiam
3009 3008 3149 3047 nunc
3168 2995 3369 3064 inquit:

1785 3069 1916 3124 Ecce
1940 3089 2098 3142 genus
2130 3091 2286 3128 unum
2313 3086 2358 3129 et
2389 3076 2577 3132 (obium
2602 3096 2761 3134 unum
2792 3084 3037 3150 omnium,
3069 3096 3113 3140 et
3141 3087 3236 3141 hoc
3264 3106 3369 3145 cae-

1785 3175 1968 3233 perunt
1995 3166 2161 3235 facere
2193 3183 2211 3221 :
2238 3177 2283 3220 et
2312 3186 2447 3222 nunc
2475 3188 2577 3225 non
2603 3173 2866 3228 cessabunt
2890 3177 2953 3229 ab
2978 3178 3040 3232 iis
3068 3196 3180 3249 qua:
3205 3182 3374 3236 decre-

1783 3264 1958 3308 verunt
1985 3259 2172 3327 facere.
2205 3258 2260 3312 7.
2297 3258 2500 3327 Venite,
2532 3272 2576 3316 et
2608 3263 2963 3322 descendentes
3002 3272 3374 3342 confundamus

1782 3346 1990 3401 illorum
2002 3348 2224 3421 linguas,
2248 3361 2299 3403 ut
2318 3368 2378 3405 ne
2394 3354 2570 3408 audiat
2587 3358 2926 3429 unusquisque
2937 3376 3107 3415 vocent
3127 3364 3370 3431 proximi.

1784 3438 1918 3495 Vide
1959 3441 2150 3497 iterum
2184 3443 2469 3500 verborqu
2498 3457 2906 3519 atlemperatam
2950 3457 3234 3510 rationein.
3275 3455 3374 3512 Vc—

1783 3532 1904 3597 nite,
1934 3532 2135 3603 inquit,
2164 3543 2210 3588 et
2250 3535 2626 3592 descendentes.
2659 3540 2795 3607 Quid
2837 3543 3026 3598 volunt
3063 3545 3162 3599 sibi
3212 3546 3372 3602 verba

1785 3621 1899 3677 lucc
1924 3624 1947 3677 ?
1972 3622 2188 3696 Opusne
2217 3625 2378 3682 habet
2406 3633 2784 3699 cooperatione
2814 3633 3069 3691 Dominus
3090 3636 3156 3691 ad
3188 3652 3372 3693 corre-

1783 3716 2014 3770 ctionem
2034 3718 2058 3770 ?
2078 3733 2145 3772 an
2167 3719 2403 3774 subsidio
2418 3722 2482 3775 ad
2500 3723 2705 3777 illorum
2724 3724 3139 3782 destructionem
3158 3730 3181 3783 ?
3197 3731 3370 3787 Absit.

1783 3806 1886 3860 Sed
1930 3810 2067 3862 sicut
2103 3809 2212 3878 jam
2257 3811 2390 3866 dixit
2427 3812 2739 3883 Scriptura:
2769 3814 3042 3871 Descendit
3067 3818 3317 3876 Dominus
3346 3838 3367 3877 :

1783 3896 1983 3953 docens
2013 3914 2111 3955 nos
2139 3916 2233 3971 per
2260 3901 2361 3957 hoc
2380 3919 2439 3959 se
2458 3905 2734 3960 evidenter
2762 3907 2976 3963 malitia:
3014 3908 3226 3965 illorum
3257 3929 3371 3967 ma-

1784 3993 2120 4062 gnitudinem
2141 3994 2338 4051 vidisse
2362 4014 2375 4050 :
2402 3997 2471 4050 ita
2494 4006 2544 4051 et
2569 3996 2655 4052 hic
2674 3998 2803 4053 dicit
2826 4016 2839 4052 :
2874 3998 3066 4068 Venite,
3091 4015 3138 4057 et
3161 4004 3371 4059 descen-

1784 4088 1976 4144 dentes.
2018 4089 2226 4144 Dictum
2259 4089 2399 4145 liaud
2426 4091 2586 4147 dubie
2612 4102 2694 4147 est
2727 4107 2823 4147 ceu
2853 4094 2918 4148 ad
2956 4094 3157 4152 honore
3194 4113 3368 4166 pares.

1802 4180 1989 4247 Venite,
2039 4183 2229 4251 inquit,
2271 4193 2318 4237 et
2354 4183 2708 4239 descendentes
2752 4186 3122 4258 confundanms
3169 4189 3372 4246 illorum

1786 4273 2008 4344 linguas,
2028 4285 2081 4327 ut
2103 4292 2164 4328 ne
2179 4276 2356 4328 audiat
2376 4277 2718 4347 unusquisque
2733 4293 2899 4331 vocem
2916 4280 3152 4348 proximi.
3178 4280 3370 4349 Queur

1785 4364 2106 4430 admodum,
2163 4366 2365 4436 inquit,
2412 4368 2625 4436 cippum
2675 4368 2960 4437 quemdam
3014 4382 3366 4441 perpetuum.

1789 4456 1951 4510 talem
2008 4456 2115 4509 illis
2155 4467 2331 4511 statuo
2362 4473 2572 4528 pennam
2606 4459 2752 4513 onmi
2795 4461 2993 4515 szeculo
3037 4461 3371 4530 duraturam,

1786 4557 1844 4601 ut
1874 4547 2021 4602 nullo
2052 4555 2294 4617 tempore
2320 4548 2435 4604 lucc
2462 4549 2864 4604 obliviscantur.
2892 4550 3024 4605 Nam
3070 4554 3190 4623 quia
3222 4557 3371 4611 abusi

1784 4650 1910 4696 sunt
1935 4641 2083 4696 vocis
2103 4640 2387 4696 concordia
2408 4684 2423 4708 ,
2461 4641 2581 4697 ideo
2602 4645 2749 4698 vocis
2780 4643 3089 4699 diversitate
3125 4646 3374 4715 castigari

1786 4748 1882 4789 eos
1908 4731 2051 4787 volo.
2085 4733 2173 4787 Sic
2200 4733 2341 4787 enim
2367 4733 2564 4803 ubique
2589 4728 2763 4788 facere
2785 4734 3064 4790 consuevit
3093 4737 3368 4793 Dominus.

1788 4824 1901 4879 Hoc
1919 4823 1987 4878 ab
2019 4823 2169 4877 initio
2195 4824 2337 4879 circa
2366 4823 2645 4878 mulierem
2670 4823 2863 4879 factum
2891 4833 2974 4879 est
3002 4843 3015 4879 :
3045 4826 3367 4883 abutebatur

1786 4918 1875 4973 illa
1905 4919 2109 4975 honore
2134 4934 2414 4985 concesso,
2448 4918 2588 4974 unde
2617 4918 2844 4987 subjecit
2870 4932 2986 4973 eam
3019 4920 3155 4974 viro.
3191 4922 3254 4976 Et
3290 4924 3370 4977 si—

1787 5011 1988 5067 militer
2030 5011 2161 5066 Δάτι)
2200 5011 2464 5080 contigit:
2499 5010 2621 5081 quia
2666 5009 2808 5065 enim
2848 5025 2914 5065 ex
2948 5010 3111 5065 nutlta
3152 5029 3371 5083 prospe-

1788 5107 1963 5171 ritate,
1997 5105 2333 5175 paradisique
2353 5105 2585 5158 incolatu
2614 5102 2744 5157 nihil
2776 5102 2906 5157 lucri
2934 5102 3080 5171 fecit,
3111 5105 3204 5160 sed
3237 5122 3372 5176 pra:—

1785 5196 2076 5250 varicando
2104 5211 2275 5265 pinna:
2305 5195 2570 5250 obnoxius
2596 5203 2678 5250 est
2723 5193 2923 5260 factus,
2973 5194 3129 5265 ejccit
3153 5211 3273 5252 eum
3305 5214 3370 5257 ex

1787 5287 2066 5357 paradiso:
2099 5299 2153 5340 et
2179 5301 2388 5354 pcenam
2415 5286 2464 5339 ei
2504 5294 2813 5355 perpetuam
2856 5286 3107 5355 iniunxit,
3135 5288 3321 5344 dicens
3356 5310 3371 5347 :

1788 5378 1979 5448 Spinas
2018 5387 2064 5430 et
2108 5376 2315 5430 tribulos
2355 5376 2652 5447 germinabit
2692 5376 2779 5430 tibi
2807 5386 2938 5430 terra
2965 5376 3119 5446 (Gen.
3157 5380 3209 5435 5.
3256 5382 3368 5452 18),

1788 5470 1987 5525 Horum
2013 5484 2226 5539 quoque
2261 5469 2474 5523 malitiae
2520 5484 2755 5534 cursum,
2787 5469 2906 5536 quia
2946 5471 3150 5525 unitate
3180 5472 3372 5542 linguae

1788 5560 2055 5623 honorati,
2085 5559 2287 5613 honore
2335 5572 2594 5613 concesso
2639 5559 2692 5612 in
2736 5558 2931 5612 malum
2977 5559 3366 5632 abutebantnr,

1790 5658 1927 5710 Deus
1955 5671 2050 5725 per
2085 5654 2381 5723 linguarum
2411 5654 2721 5706 varietatem
2760 5652 3019 5706 cohibuit.
3050 5651 3119 5706 Et
3148 5662 3366 5723 confun-

1786 5752 1983 5818 damus,
2035 5746 2224 5818 inquit,
2268 5745 2470 5800 illorum
2516 5745 2764 5816 linguam,
2813 5754 2954 5798 utne
2991 5744 3168 5799 audiat
3216 5755 3378 5795 una»
