3788 6250
396 260 503 316 279

394 383 601 451 quisque
626 393 791 431 uocem
822 372 1037 442 proximi
1062 386 1079 423 :
1109 379 1165 423 ut
1198 370 1334 421 sicut
1365 367 1555 435 lingua:
1588 363 1764 415 unitas
1789 369 1977 415 contu-

401 471 642 526 bernium
692 466 832 528 fecit,
862 465 931 517 ita
962 463 1155 529 lingua:
1193 458 1475 512 diversitas
1508 454 1799 522 dispergat.
1846 451 1975 505 Nam

398 561 594 626 quibus
625 571 727 610 non
749 563 831 609 est
854 553 993 605 idem
1016 563 1194 604 sermo
1212 556 1265 601 et
1298 548 1495 615 lingua,
1527 542 1794 612 quomodo
1820 539 1978 593 simul

406 651 644 705 habitare
667 643 992 717 possunt?8.
1020 641 1082 694 Et
1106 640 1338 709 dispersit
1363 636 1501 701 illos,
1524 635 1712 702 inquit,
1738 631 1979 684 Dominus

402 742 538 793 Deus
560 738 621 790 ab
645 737 735 790 illo
765 736 874 788 loco
895 749 1044 802 super
1066 732 1245 802 facient
1276 730 1519 781 universa:
1546 736 1714 787 terrte,
1742 732 1787 775 et
1811 737 1979 775 cessa-

400 839 575 882 verunt
601 813 909 894 mitificant“
939 824 1188 877 civitatem
1229 832 1273 873 et
1312 819 1508 871 turrim.
1541 814 1831 869 Considera
1875 813 1981 865 Do-

401 922 529 974 mini
563 918 1007 983 misericordiam,
1039 917 1089 968 in
1121 924 1371 983 quantam
1397 909 1558 963 animi
1591 906 1979 961 ba-sitationcm

400 1014 546 1079 ipsos
586 1009 811 1079 impulit.
849 1007 1165 1061 Amentibns
1211 1004 1354 1059 enim
1400 1011 1577 1071 postea
1620 998 1826 1052 similes
1870 996 1986 1050 fue-

399 1116 543 1158 runt.
580 1104 646 1158 Et
674 1105 760 1157 ille
802 1102 1015 1169 quidem
1061 1099 1355 1165 imperabat
1384 1096 1505 1157 hoc,
1534 1104 1589 1147 et
1631 1093 1767 1146 alius
1791 1104 1984 1158 suppe—

400 1198 605 1251 ditabat
630 1195 768 1249 aliud
793 1211 808 1259 ;
834 1193 1139 1261 inutilisque
1164 1190 1260 1243 fuit
1289 1192 1464 1243 omnis
1492 1187 1702 1239 illorum
1727 1192 1980 1237 conatus:

404 1290 524 1343 ideo
559 1288 889 1342 Cessaverunt
935 1285 1192 1352 cedi/icore
1230 1282 1476 1335 ciuitatem
1504 1288 1549 1331 et
1588 1277 1788 1329 turrim.
1833 1274 1887 1328 9.
1920 1271 1986 1325 Et

403 1382 594 1433 ideirco
615 1387 844 1431 vocatum
889 1387 960 1430 est
992 1391 1172 1429 nomen
1210 1370 1370 1434 illius,
1412 1368 1654 1441 Confusio
1676 1408 1691 1433 ,
1717 1366 1835 1436 quia
1878 1364 1986 1417 illic

402 1471 632 1540 confudit
657 1469 908 1523 Dominus
957 1466 1092 1519 Deus
1121 1464 1255 1519 labia
1289 1462 1453 1515 omnis
1477 1468 1624 1513 terra:
1647 1474 1665 1511 :
1688 1467 1735 1511 et
1765 1458 1879 1509 hinc
1906 1455 1988 1508 di-

403 1565 585 1635 spersit
630 1564 764 1630 ipsos
805 1560 1055 1614 Dominus
1095 1556 1231 1610 Deus
1268 1557 1320 1609 in
1359 1569 1557 1607 onmem
1600 1561 1808 1604 terram.
1858 1548 1989 1602 Vide

404 1668 600 1729 quanta
634 1656 782 1723 fiant,
814 1666 871 1709 ut
901 1651 1155 1707 memoria
1183 1650 1338 1718 hujus
1362 1647 1483 1701 facti
1516 1646 1567 1699 in
1595 1643 1771 1699 omnia
1793 1641 1988 1729 saecula

408 1725 677 1813 pervadat.
710 1741 941 1794 Primum
966 1739 1258 1806 linguarum
1285 1733 1341 1787 fit
1366 1732 1579 1796 divisio,
1606 1730 1712 1781 imo
1733 1736 1856 1781 ante
1886 1725 1989 1780 hoc

408 1835 640 1889 nominis
666 1832 986 1903 appellatio:
1017 1829 1210 1884 Plialcc
1234 1826 1375 1882 enim
1405 1840 1620 1883 nomen,
1650 1823 1791 1892 quod
1815 1821 1989 1875 lleber

412 1930 521 1983 filio
554 1927 822 1996 imposuit,
852 1924 1194 1995 partitionem
1224 1921 1508 1990 significat.
1535 1915 1734 1971 Deinde
1767 1914 1867 1977 loci
1890 1928 1989 1981 ap-

408 2018 626 2089 pellatio
656 2035 666 2069 :
690 2013 931 2086 Confusio
960 2015 1098 2068 enim
1121 2021 1342 2065 vocatus
1369 2017 1472 2073 est,
1503 2006 1554 2061 id
1583 2005 1722 2075 quod
1752 2003 1987 2074 Babylon

406 2120 581 2165 Sonat.
616 2109 950 2162 Postremum
987 2104 1160 2158 lleber
1203 2104 1316 2172 ipse
1362 2101 1558 2154 mansit
1595 2099 1734 2152 idem
1770 2110 1991 2151 servans

410 2201 630 2263 idioma,
656 2198 796 2269 quod
840 2207 893 2251 et
928 2204 1081 2249 antea
1133 2193 1395 2257 habebat,
1431 2199 1487 2243 ut
1533 2188 1871 2242 tuanifestum
1913 2186 1992 2240 di-

407 2292 631 2345 visionis
660 2290 815 2359 bnjus
857 2290 1065 2359 signum
1094 2286 1233 2340 foret
1259 2285 1358 2353 (a).
1397 2282 1585 2336 Vidisti
1633 2296 1724 2351 per
1750 2288 1877 2350 quot
1906 2294 1993 2333 res

410 2382 766 2437 immortalem
800 2380 1047 2448 nullaque
1078 2375 1343 2430 oblivione
1370 2372 1651 2427 delendam
1681 2372 1839 2439 hujus
1869 2369 1992 2424 facti

411 2474 722 2527 memoriam
766 2472 966 2525 servari
1020 2468 1280 2522 voluerit?
1324 2465 1457 2519 llinc
1502 2465 1645 2518 enim
1693 2472 1842 2532 pater
1886 2462 1993 2515 ﬁlio

414 2576 595 2633 postea
624 2564 913 2634 Cogebatur
951 2561 1130 2615 dicere
1160 2574 1373 2613 causam
1421 2567 1526 2611 tam
1557 2556 1788 2610 diversa:
1824 2554 2021 2608 vocis.-

416 2657 479 2709 Et
510 2671 643 2724 puer
664 2670 693 2707 a
728 2664 876 2723 patre
902 2650 1173 2721 quaerebat
1206 2664 1371 2718 quare
1405 2648 1483 2702 sic
1513 2648 1660 2700 locus
1699 2645 1787 2699 ille
1813 2644 1995 2713 appel-

411 2749 611 2801 laretur
638 2765 650 2799 :
683 2745 799 2799 ideo
826 2758 1053 2811 namque
1077 2740 1310 2811 Babylon
1340 2738 1513 2792 dictus
1537 2746 1618 2791 est
1643 2737 1826 2800 locus;
1852 2734 1993 2805 quod

408 2849 491 2894 est
511 2838 781 2901 confusio,
811 2835 948 2905 quod
974 2834 1079 2887 illic
1108 2833 1360 2886 Dominus
1384 2831 1521 2885 Deus
1539 2828 1836 2883 confuderit
1856 2828 1994 2882 labia

417 2932 677 2985 universce
707 2940 880 2995 terrm,
913 2937 964 2982 ct
996 2928 1061 2981 ab
1090 2927 1179 2980 illo
1211 2928 1327 2979 loco
1355 2924 1667 2994 disperserit
1694 2922 1830 2976 illos.
1862 2921 1991 2975 Nam

410 3034 694 3091 utrumque
726 3021 827 3073 loci
855 3018 1139 3088 appellatio
1169 3018 1295 3070 milii
1327 3016 1631 3086 significare
1664 3014 1908 3072 videtur.
1942 3024 1996 3067 ct

412 3112 555 3183 quod
576 3114 777 3181 linguas
791 3109 1110 3171 confuderit,
1131 3108 1339 3177 etquod
1363 3106 1484 3159 inde
1498 3104 1760 3174 dispersio
1779 3112 1891 3157 orta
1906 3104 1994 3157 sit.

483 3206 534 3258 5.
566 3204 872 3265 Audivistis,
904 3203 1104 3267 dilecti,
1137 3201 1276 3255 unde
1309 3199 1433 3271 ipsis
1460 3198 1806 3266 dispersionis
1828 3198 1998 3253 varie-

414 3295 640 3364 tzttisque
667 3294 962 3363 linguarum
985 3300 1098 3347 orta
1122 3291 1189 3345 sit
1216 3306 1391 3345 causa.
1416 3289 1722 3358 Fugiamus,
1747 3288 1994 3355 obsecro,

420 3400 485 3439 ne
518 3386 613 3436 hos
646 3384 949 3436 imitemur:
984 3392 1036 3435 et
1062 3381 1125 3435 iis
1144 3397 1257 3450 quin
1284 3380 1434 3434 nobis
1463 3380 1602 3434 Deus
1629 3380 1892 3433 CthCSsll
1933 3396 2000 3436 ne

418 3476 697 3529 abutamur
727 3491 743 3530 :
774 3490 834 3527 ac
866 3484 1106 3527 naturam
1152 3472 1437 3526 humanam
1469 3470 1892 3537 considerantes,
1936 3486 1996 3525 ea

419 3568 782 3645 eonsultenms
821 3583 937 3635 qua:
970 3567 1220 3621 mortales
1262 3565 1503 3619 homines
1530 3564 1753 3619 deceant
1785 3582 1798 3617 :
1828 3574 1882 3619 et
1910 3580 1999 3618 co.

416 3664 645 3730 gitantcs
699 3661 975 3730 praisentis
1012 3661 1135 3715 vita:
1185 3659 1541 3729 fragilitatem,
1568 3674 1630 3713 ac
1656 3674 1817 3728 quam
1840 3659 1999 3712 breve

414 3748 482 3800 sit
516 3756 722 3816 tempus
760 3749 879 3801 vitae
904 3758 1121 3808 nostrae,
1170 3746 1389 3799 multam
1440 3760 1535 3814 per
1562 3744 1822 3798 bonorum
1869 3758 1998 3812 ope—

413 3828 531 3893 rum
559 3839 867 3891 exercitium
896 3838 1142 3891 fiduciam
1171 3836 1521 3891 recondamus
1545 3852 1558 3887 :
1601 3843 1655 3887 et
1698 3849 1801 3887 non
1828 3834 1996 3887 solum

418 3946 512 3998 per
542 3930 637 3984 bos
667 3930 781 3985 dies
824 3945 1097 3983 servemus
1148 3929 1334 3999 jejunii
1382 3927 1669 3990 fervorem,
1701 3926 1793 3980 sed
1840 3926 1999 3979 etiam

416 4024 775 4093 clcentosynze
815 4024 1110 4092 largitatem
1151 4031 1205 4077 et
1252 4037 1466 4091 precum
1497 4019 1880 4073 assiduitatem.
1906 4018 1999 4071 Et-

418 4116 559 4167 enim
588 4114 789 4183 jejunio
817 4130 1003 4183 preces
1030 4129 1242 4181 semper
1270 4112 1581 4180 conjunctas
1622 4126 1739 4164 esse
1770 4118 1996 4178 oportet.

419 4207 488 4261 Et
517 4208 655 4276 quod
688 4207 787 4260 hoc
825 4223 1007 4260 verum
1061 4207 1148 4271 sit,
1205 4206 1323 4258 audi
1365 4205 1633 4257 Christum
1691 4202 1995 4257 dicentem:

424 4296 533 4353 Hoc
562 4316 715 4369 genus
741 4298 1101 4352 dwmoniorum
1124 4314 1224 4349 non
1255 4296 1505 4366 egreditur
1531 4295 1628 4348 nisi
1649 4297 1699 4348 in
1721 4295 2006 4363 precatione

416 4403 462 4443 et
483 4392 678 4461 jejunio
702 4388 912 4463 (Matth.
945 4390 1030 4444 17.
1062 4388 1173 4461 20).
1199 4389 1264 4441 Ει
1293 4389 1479 4442 iterum
1509 4388 1573 4441 de
1590 4387 1842 4456 apostolis
1869 4386 2003 4439 dici-

424 4492 509 4535 tur
543 4502 555 4535 :
588 4479 725 4534 Nam
754 4498 867 4534 cum
890 4489 1136 4547 orassent,
1171 4481 1358 4550 inquit,
1392 4490 1438 4533 et
1478 4480 1818 4550 jejunassent,
1864 4496 2001 4532 com-

423 4574 787 4625 nteudarerunt
824 4588 907 4627 eos
953 4570 1196 4636 Domino,
1242 4572 1293 4624 in
1321 4588 1467 4641 quem
1506 4572 1822 4625 crediderant
1867 4570 2002 4640 (Act.

427 4666 513 4718 14.
545 4662 659 4735 22).
695 4664 759 4717 Et
780 4664 965 4718 iterum
988 4662 1156 4732 inquit
1181 4663 1465 4731 Apostolus
1497 4679 1509 4715 :
1547 4662 1626 4715 Ne
1652 4662 1898 4729 fraudctis
1928 4662 2001 4713 in-

419 4762 590 4824 uicem,
626 4760 721 4812 nisi
746 4760 796 4812 in
816 4760 1098 4829 precatione
1116 4767 1163 4812 et
1183 4758 1375 4827 ieiunio
1398 4759 1471 4828 (l.
1496 4754 1613 4811 Cor.
1638 4756 1687 4809 7.
1713 4756 1789 4826 5).
1821 4754 2006 4808 Vidisti

424 4852 689 4921 quomodo
708 4852 969 4922 jejunium
1000 4852 1101 4906 hoc
1119 4851 1357 4905 subsidio
1386 4849 1653 4919 indigeat?
1685 4847 1832 4901 Tunc
1864 4848 2004 4901 enim

428 4944 755 5013 potissimum
789 4958 976 5013 preces
1010 4957 1129 4996 cum
1161 4942 1453 4995 attentione
1486 4940 1637 5005 fiunt,
1674 4954 1792 4993 cum
1846 4952 2009 5006 expe—

427 5036 588 5089 ditior
612 5044 692 5089 cst
742 5050 891 5088 mens
922 5042 1126 5098 nostra,
1170 5048 1340 5102 neque
1368 5041 1600 5100 gravata,
1645 5044 1816 5098 neque
1862 5028 2004 5081 malo

427 5128 734 5182 deliciarum
757 5141 920 5181 onere
944 5141 1123 5195 pressa
1152 5125 1325 5179 fuerit.
1358 5124 1541 5194 Magna
1569 5138 1713 5175 arma
1732 5130 1854 5174 sunt
1886 5136 2007 5190 pre-

490 5323 561 5380 (n)
596 5322 646 5371 Id
672 5324 800 5385 quod
826 5324 901 5372 hic
925 5326 991 5373 ait
1011 5325 1397 5387 Cbrysostomus,
1435 5322 1678 5372 lleberum
1706 5336 1885 5393 nempe
1909 5323 2008 5429 pri-

490 5398 548 5429 im
573 5396 793 5429 servasse
812 5384 1089 5429 dialeetum-
1109 5387 1303 5429 uualem
1324 5387 1535 5429 Adamus
1552 5384 1857 5429 lonuebatur-
1874 5384 1903 5429 il
1928 5384 2007 5429 tul.

420 5398 548 5433 scam
573 5384 793 5448 servasse
812 5384 1089 5443 dialectmn,
1106 5384 1304 5448 qualem
1324 5387 1535 5434 Adamus
1552 5384 1858 5447 loquebatur,
1874 5384 2007 5439 illud,

421 5452 641 5555 inqpam,
667 5445 851 5509 aliquot
872 5445 1231 5497 difﬁcultatibus
1267 5450 1530 5497 obnoxium
1565 5445 1641 5495 est
1668 5461 1680 5495 :
1706 5460 1816 5494 nam
1850 5456 2010 5494 utrum

421 5516 490 5555 tte
532 5520 584 5555 er
606 5509 806 5555 priscam
834 5508 1040 5555 linguam
1065 5512 1355 5555 servaverit.
1382 5524 1473 5555 non
1501 5511 1563 5555 ita
1588 5519 1776 5555 certum
1800 5509 2009 5555 estmis-

420 5508 584 5555 tteber
606 5508 806 5569 priscam
834 5508 1040 5569 linguam
1065 5512 1355 5567 servaverit,
1382 5524 1473 5559 non
1501 5511 1563 5559 ita
1588 5519 1776 5556 eertum
1800 5509 2009 5555 est.tiis-

420 5578 625 5633 putatur
640 5577 804 5619 autem
828 5578 933 5618 utra
957 5571 1194 5620 dialeetus
1214 5573 1498 5633 primigenia
1522 5570 1695 5629 fuerit,
1712 5570 2010 5618 Hebraieane

420 5645 480 5680 ai
516 5630 791 5691 (:baldaica;
830 5647 915 5695 pro
947 5642 1156 5694 uti-aque
1186 5630 1411 5695 opinione
1442 5641 1571 5684 stant
1604 5646 1702 5682 non
1734 5632 2009 5694 spernenda

418 5703 724 5757 argumenta,
750 5694 858 5759 qua:
884 5696 1076 5759 longius
1101 5703 1236 5745 esset
1259 5694 1467 5744 referre.

1118 254 1175 309 S.
1216 250 1490 307 JOANNIS
1518 242 1991 302 CllRYSOSTOMl
2028 242 2343 299 ARCHIEP.
2382 243 2920 300 CONSTANTINOP.

3562 252 3676 309 280

2087 373 2198 425 ces,
2245 374 2429 429 magna
2475 361 2761 425 securitas,
2812 374 3035 429 magnus
3081 360 3398 427 thesaurus,
3447 382 3680 437 magnus

2090 462 2292 519 portus,
2320 452 2611 507 tutissimus
2640 453 2789 507 locus
2820 471 2834 505 :
2876 453 3037 507 modo
3060 454 3229 508 sobrii
3256 466 3309 509 et
3337 458 3523 527 vigiles
3556 462 3670 513 Do-

2089 541 2287 594 minum
2318 540 2592 605 adeamus,
2637 552 2817 598 mente
2838 551 3018 597 nostra
3041 545 3272 613 undique
3296 548 3540 611 collecta,
3564 550 3675 604 ini—

2089 630 2334 701 mieoque
2365 640 2561 686 nostra:
2587 633 2775 687 salutis
2822 634 2968 688 nullo
3017 634 3162 688 aditu
3207 639 3487 705 permisso.
3536 639 3678 693 Cum

2089 720 2222 773 sciat
2251 720 2393 774 enim
2422 720 2667 773 inimicus
2697 730 2895 785 noster,
2922 737 3020 777 nos
3048 739 3143 792 per
3174 733 3379 793 tempus
3407 729 3531 781 illud
3555 744 3681 797 pos-

2088 826 2147 866 se
2190 812 2258 867 de
2287 814 2350 866 iis
2375 829 2491 883 quae
2520 814 2585 867 ad
2634 824 2869 869 nostram
2900 816 3125 871 salutem
3151 819 3377 875 attinent
3411 822 3585 891 loqui,
3620 831 3683 875 et

2088 914 2301 973 peccata
2323 905 2584 971 confiteri,
2610 915 2663 960 et
2680 907 2894 961 vulnera
2925 908 3131 962 medico
3157 911 3459 975 ostendere,
3501 923 3555 966 et
3582 930 3673 967 sa-

2090 997 2309 1063 nitatem
2352 998 2603 1066 conseqni
2637 1015 2649 1050 ε
2682 998 2801 1051 ideo
2852 999 3079 1053 maxime
3123 1011 3247 1054 tunc
3273 1003 3501 1063 obsistit,
3556 1020 3680 1058 om-

2089 1086 2281 1157 niaque
2310 1087 2434 1142 facit
2462 1098 2518 1143 et
2549 1099 2758 1152 tractat,
2790 1097 2849 1143 ut
2889 1105 2986 1143 nos
3038 1092 3373 1159 supplantet,
3406 1094 3681 1163 negligan-

2092 1185 2275 1246 tesque
2295 1177 2500 1231 reddat.
2528 1178 2756 1232 Proinde
2782 1179 3077 1248 vigilemus,
3098 1180 3342 1246 obsecro,
3368 1193 3421 1237 et
3444 1183 3682 1239 scientes

2092 1271 2233 1326 illius
2266 1272 2503 1336 insidias,
2534 1273 2762 1327 maxime
2783 1282 3022 1343 tempore
3051 1273 3140 1327 illo
3160 1289 3377 1343 operam
3404 1276 3598 1330 demus
3622 1290 3684 1330 nt

2092 1362 2242 1432 quasi
2275 1371 2590 1430 praesentem
2618 1362 2765 1417 illum
2797 1374 2922 1418 ante
2949 1364 3133 1418 oculos
3161 1374 3390 1420 stantem
3436 1367 3684 1422 videntes

2093 1468 2479 1523 oppugnemus,
2512 1464 2564 1508 et
2588 1455 2958 1525 cogitationem
2987 1471 3222 1521 omnem,
3244 1473 3361 1527 qua:
3392 1474 3487 1512 nos
3511 1460 3681 1513 inter-

2094 1546 2309 1600 turbare
2336 1547 2520 1614 possit,
2551 1547 2869 1616 repellamus
2898 1566 2913 1603 :
2947 1548 3147 1617 totique
3171 1549 3400 1605 nitamur
3422 1551 3589 1605 DCIIII]
3621 1562 3685 1605 ut

2095 1634 2248 1691 decet
2268 1636 2483 1705 alloqui,
2505 1648 2562 1693 ut
2591 1654 2696 1692 non
2721 1638 2894 1692 solum
2924 1640 3105 1705 verba,
3135 1639 3229 1693 sed
3251 1627 3469 1696 etmens
3497 1643 3685 1696 verbo.

2094 1745 2211 1783 rum
2240 1744 2422 1785 comes
2444 1731 2509 1784 ad
2542 1731 2705 1787 Deum
2731 1732 3006 1787 accedant.
3034 1732 3163 1786 Nam
3190 1734 3234 1787 si
3261 1734 3437 1803 lingua
3462 1737 3684 1804 quidem

2097 1820 2330 1889 proferat
2373 1819 2557 1885 verba,
2590 1836 2743 1875 mens
2771 1831 2947 1876 autem
2978 1822 3109 1876 foris
3134 1835 3405 1893 evagetur,
3434 1842 3556 1894 qua:
3580 1827 3685 1879 do-

2096 1911 2166 1965 mi
2198 1921 2319 1964 sunt
2344 1911 2607 1975 lustrans,
2634 1921 2687 1968 et
2719 1912 3013 1982 imaginaris
3049 1928 3169 1982 qua:
3209 1914 3260 1967 in
3291 1914 3407 1968 foro
3426 1927 3683 1985 aguntur,

2096 2004 2242 2058 nulla
2272 2003 2424 2059 nobis
2447 2004 2645 2059 utilitas
2669 2015 2770 2071 est,
2790 2004 3031 2060 fortassis
3056 2013 3232 2061 autem
3255 2015 3309 2061 et
3351 2008 3525 2077 major
3551 2024 3689 2063 cou-

2094 2095 2382 2150 demuatio.
2440 2095 2726 2150 Enimvero
2771 2096 2818 2150 si
2869 2110 2989 2150 cum
3025 2096 3270 2149 homines
3297 2097 3539 2161 adimus,
3575 2108 3684 2151 tam

2095 2187 2332 2242 studiose
2357 2187 2406 2241 id
2424 2188 2649 2252 agimus,
2683 2197 2738 2240 ut
2760 2201 2921 2256 prOpe
2948 2194 3153 2240 stantes
3177 2201 3547 2256 smpenumero
3574 2205 3682 2240 non

2097 2278 2392 2344 videamus,
2442 2278 2533 2332 sed
2564 2277 2865 2346 colligimus
2890 2286 3155 2343 mentem,
3187 2287 3241 2331 et
3264 2276 3329 2331 ad
3355 2293 3475 2331 eum
3506 2279 3685 2331 solum

2097 2379 2400 2437 spectamus
2433 2368 2499 2421 ad
2544 2383 2699 2437 quem
2730 2366 3035 2421 accedimus
3068 2378 3304 2436 :quanto
3333 2367 3499 2436 magis
3541 2368 3689 2436 apud

2060 2474 2069 2483 '
2100 2458 2266 2512 Deum
2300 2458 2436 2511 idem
2477 2458 2647 2512 facere
2678 2465 2925 2525 Oportet,
2957 2467 3010 2511 et
3035 2456 3230 2525 jugiter
3261 2458 3505 2525 precibus
3552 2459 3685 2512 insi-

2098 2550 2277 2606 stcre?
2299 2551 2522 2620 Prople
2540 2550 2641 2605 hoc
2666 2559 2717 2604 et
2747 2549 2941 2603 Paulus
2961 2549 3201 2604 scribens
3226 2549 3433 2603 dicebat
3464 2568 3476 2601 :
3507 2548 3685 2603 Oran-

2098 2653 2168 2696 tes
2200 2644 2250 2697 in
2276 2644 2414 2697 onmi
2446 2654 2694 2712 tempore,
2734 2650 2873 2695 orate
2910 2652 2954 2696 et
2985 2642 3035 2695 in
3065 2642 3248 2709 spiritu
3276 2640 3435 2710 (Eph.
3465 2642 3516 2696 6.
3556 2643 3642 2711 18)
3672 2661 3686 2695 :

2100 2752 2205 2789 non
2236 2736 2410 2804 lingua
2443 2744 2666 2801 tantum,
2695 2744 2749 2789 et
2772 2750 2893 2790 cum
2917 2745 3195 2805 perpetua,
3229 2735 3419 2804 inquit,
3450 2736 3685 2805 vigilan-

2102 2828 2191 2893 tia,
2222 2827 2314 2882 sed
2342 2825 2408 2879 Et
2430 2828 2481 2880 in
2526 2828 2724 2897 spiritu.
2756 2826 3072 2895 Spirituales
3109 2828 3249 2881 enim
3274 2869 3289 2893 ,
3343 2827 3529 2898 inquit,
3580 2829 3691 2882 sint

2100 2929 2290 2974 vestrze
2322 2920 2622 2988 petitiones,
2654 2920 2830 2974 sobria
2859 2920 2925 2974 sit
2983 2921 3139 2986 ratio,
3174 2928 3227 2974 et
3254 2921 3317 2975 iis
3348 2936 3465 2990 qua:
3492 2923 3688 2976 dicun-

2102 3020 2188 3063 tur
2216 3026 2366 3065 mc.~.s
2394 3011 2650 3065 attendat.
2684 3010 2831 3065 Talia
2863 3013 3043 3081 petite,
3069 3012 3241 3081 qualia
3272 3027 3302 3065 a
3355 3013 3459 3066 Deo
3500 3025 3691 3082 petere

2102 3103 2370 3169 convenit,
2424 3113 2479 3156 ιιι
2504 3112 2553 3156 et
2578 3104 2739 3173 petita
2770 3104 3051 3157 obtineatis
3083 3120 3097 3157 :
3129 3114 3181 3157 et
3220 3107 3271 3157 in
3314 3105 3439 3159 illud
3483 3106 3692 3159 incum-

2105 3195 2309 3261 bentes,
2340 3204 2393 3248 et
2442 3196 2532 3248 toti
2570 3194 2944 3264 expergefacti,
2972 3195 3134 3248 sobrii
3183 3205 3234 3249 et
3264 3204 3437 3248 mente
3478 3198 3695 3268 vigiles,

2103 3304 2208 3343 non
2237 3290 2544 3355 oscitantes,
2576 3304 2673 3342 nec
2704 3304 2797 3341 vos
2830 3288 3097 3354 fricantes,
3142 3297 3195 3341 et
3224 3289 3344 3341 hinc
3385 3289 3505 3343 inde
3534 3306 3693 3344 men-

2105 3392 2211 3436 tem
2245 3390 2553 3436 vertentes:
2605 3380 2697 3434 sed
2726 3396 2844 3433 cum
2888 3381 3077 3434 timore
3108 3390 3161 3433 et
3191 3389 3420 3434 tremore
3462 3382 3693 3434 salutem

2104 3482 2336 3527 vestram
2368 3471 2678 3541 operemini.
2711 3468 2897 3524 Beatus
2926 3470 3088 3530 enim,
3119 3469 3307 3538 inquit,
3353 3468 3441 3538 qui
3486 3480 3693 3538 propter

2107 3565 2339 3634 pietatem
2366 3564 2537 3618 metuit
2564 3563 2732 3616 omnia
2766 3561 2945 3633 (l’rov.
2976 3560 3065 3615 ‘28.
3096 3560 3203 3631 li).
3228 3561 3468 3630 Magnum
3492 3562 3693 3615 bonmu

2108 3656 2361 3725 precatio.
2381 3654 2511 3709 Nam
2534 3655 2579 3707 si
2602 3654 2802 3707 homini
2832 3653 2951 3722 quis
2977 3654 3197 3721 loquens
3224 3654 3414 3707 virtute
3445 3654 3694 3721 pricdito,

2107 3762 2210 3800 non
2238 3762 2454 3815 parvum
2480 3745 2600 3800 inde
2630 3745 2854 3800 fructmn
2884 3746 3140 3814 percipit:
3165 3747 3377 3814 quantis
3407 3745 3565 3799 bonis
3583 3762 3690 3801 non

2109 3840 2311 3893 fruetur
2362 3840 2428 3905 is,
2473 3842 2556 3893 cui
2596 3854 2714 3893 cum
2757 3842 2866 3894 Deo
2900 3839 3221 3908 colloquium
3270 3838 3467 3893 fuerit?
3508 3838 3696 3894 Oratio

2108 3935 2251 3987 enim
2278 3934 2597 4003 colloquium
2622 3942 2703 3985 cst
2745 3947 2865 3984 cum
2909 3932 3034 3986 Deo.
3069 3931 3219 3999 Quod
3263 3940 3319 3985 ut
3361 3932 3518 3999 scias,
3570 3934 3695 3985 audi

2111 4028 2423 4097 prophetam
2478 4026 2739 4080 dicentem
2772 4042 2785 4077 :
2814 4023 3110 4077 Iucundum
3163 4025 3227 4078 sit
3288 4023 3394 4078 Deo
3440 4026 3697 4094 eloquium

2110 4139 2271 4175 meum
2300 4121 2470 4190 (Psal.
2498 4120 2619 4175 105.
2644 4120 2732 4187 Si)
2766 4137 2777 4170 :
2808 4117 2910 4171 hoc
2930 4126 3030 4179 est,
3055 4132 3233 4171 sermo
3263 4116 3698 4185 ineusjucundus

2110 4222 2361 4282 appareat
2394 4213 2520 4265 Deo.
2546 4212 2733 4264 Annon
2759 4210 2898 4262 enim
2919 4217 3169 4277 prmstare
3194 4217 3363 4276 potest
3387 4209 3695 4277 priusquam

2112 4298 2393 4371 petamus?
2420 4302 2615 4355 Verum
2654 4310 2869 4369 propter
2896 4298 2995 4353 hoc
3016 4298 3195 4353 differt
3215 4306 3267 4351 et
3292 4309 3592 4367 exspectat,
3646 4311 3699 4350 ut

2112 4396 2444 4449 occasionem
2492 4393 2736 4461 accipiat,
2767 4406 2868 4460 qua
2895 4394 3038 4459 juste
3082 4403 3179 4443 nos
3229 4404 3323 4443 sua
3363 4390 3697 4458 providentia

2111 4484 2298 4553 dignos
2320 4483 2495 4537 faciat.
2518 4482 2641 4537 Sive
2658 4491 2834 4536 autem
2861 4496 3251 4549 consequamur
3277 4481 3417 4549 quod
3444 4482 3695 4549 petimus,

2111 4577 2222 4629 sive
2253 4591 2355 4629 non
2387 4589 2796 4644 consequamur,
2826 4586 3228 4642 perseveremus
3253 4586 3463 4641 semper
3488 4573 3539 4626 in
3574 4589 3702 4627 ora-

2115 4670 2256 4722 tione
2286 4684 2299 4720 :
2336 4677 2390 4723 et
2415 4684 2519 4721 non
2548 4668 2716 4721 solum
2745 4666 2941 4734 gratias
2968 4680 3184 4735 agamus
3213 4665 3254 4718 si
3283 4681 3697 4735 consequamur,

2114 4762 2205 4818 sed
2233 4762 2436 4816 etiamsi
2462 4760 2724 4829 repulsam
2755 4759 2896 4828 passi
2930 4756 3207 4812 fuerimus.
3237 4756 3370 4811 Nam
3406 4757 3701 4827 denegare,

2113 4871 2232 4908 cum
2263 4855 2397 4908 Deus
2426 4853 2555 4917 vult,
2598 4868 2704 4905 non
2735 4851 2909 4906 minus
2938 4858 3021 4903 est
3049 4865 3204 4920 quam
3234 4850 3277 4902 si
3319 4851 3701 4904 concessisset.

2116 4945 2389 5000 Nescimus
2417 4946 2556 4999 enim
2588 4959 2686 4998 nos
2714 4960 2831 5013 qua:
2877 4941 3027 4997 nobis
3055 4941 3372 5005 conducant,
3406 4942 3544 4996 sicut
3588 4944 3703 5013 ipse

2115 5039 2280 5093 novit.
2310 5038 2490 5107 Itaque
2518 5038 2629 5091 sive
2658 5038 2763 5090 voti
2794 5044 3088 5105 compotes,
3118 5049 3230 5088 Sive
3255 5035 3481 5103 impotes
3512 5035 3701 5097 simus,

2116 5131 2310 5200 gratias
2337 5144 2492 5197 agerc
2514 5128 2789 5182 debemus.
2818 5126 2885 5180 Et
2910 5126 3034 5196 quid
3066 5126 3297 5191 miraris,
3326 5126 3368 5179 si
3401 5141 3499 5179 nos
3531 5128 3702 5180 uesci-

2120 5237 2235 5276 mus
2260 5221 2384 5291 quid
2414 5222 2566 5275 nobis
2604 5219 2804 5292 prosit?
2845 5219 3038 5272 Paulus
3062 5258 3076 5282 ,
3127 5217 3243 5269 talis
3278 5226 3331 5269 et
3384 5226 3561 5271 tantus
3602 5220 3702 5282 vir,

2117 5330 2308 5369 arcana
2344 5314 2528 5368 audire
2572 5313 2762 5382 dignus
2798 5310 3026 5373 habitus,
3079 5308 3179 5377 igni
3202 5309 3353 5362 nbat
3377 5322 3436 5360 se
3476 5323 3538 5361 ea
3583 5325 3703 5378 qua:

2118 5424 2223 5462 non
2263 5407 2623 5477 expediebant
2677 5406 2901 5475 precari.
2951 5403 3080 5458 Nam
3110 5402 3232 5471 quia
3277 5400 3492 5455 videbat
3524 5416 3584 5454 sc
3631 5410 3702 5454 tot

2118 5500 2380 5553 molestiis
2423 5500 2585 5568 cingi,
2623 5513 2687 5552 ac
2714 5495 3027 5552 circumdari
3056 5493 3259 5548 crebris
3300 5492 3702 5558 tentationibus,

2119 5590 2305 5643 orabat
2332 5599 2386 5642 ut
2416 5589 2483 5651 ab
2510 5589 2585 5642 eis
2608 5589 2953 5650 liberaretur,
2998 5586 3155 5655 idque
3183 5601 3287 5637 non
3335 5585 3498 5637 semel
3535 5600 3701 5652 neque.

2127 5683 2341 5748 iterum,
2398 5681 2490 5737 sed
2519 5690 2573 5736 ct
2613 5679 2824 5751 sepius.
2858 5677 2954 5733 Ter
2984 5677 3112 5733 enim
3136 5718 3149 5745 ,
3198 5675 3387 5747 inquit,
3434 5673 3706 5728 Dominum
