3760 6296
33 277 114 336 279
267 293 270 296 '
1143 263 1208 320 ῙΝ
1249 265 1401 322 CAP.
1437 257 1505 316 ΧΙ

1143 263 1208 320 ῙΝ
1249 265 1401 322 CAP.
1437 257 1505 316 ΧΙ
1553 260 1794 318 GENES.
1836 261 2062 318 HOMIL.
2106 259 2273 317 XXX.

33 414 52 467 ε
83 391 347 463 ὁμοφωνία
389 391 486 460 τὴν
538 387 844 458 συνοίκησιν
894 382 1197 457 εἰργάζετο,
1245 383 1416 444 οὕτως
1456 381 1490 449 ἡ
1523 377 1666 431 διαίο

33 499 153 552 οεσις
193 481 294 550 τῆς
340 482 524 549 φωνῆς
567 479 666 548 τὴν
717 475 1012 544 διασπορὰν
1046 474 1224 535 αὐτοῖς
1258 467 1663 536 κατασκευάσῃ.

34 575 74 624 Di
108 571 174 641 μὴ
219 571 317 640 τὴν
355 568 523 638 αὐτὴν
562 567 772 636 ἔχοντες
808 563 990 634 φωνὴν
1023 561 1114 614 ml
1156 557 1407 622 διάλεξιν,
1441 554 1557 616 πῶς
1586 552 1668 641 ,ἂν

33 639 437 726 ίιδύναντοίκατὰ
479 654 644 706 ταύτὸ
678 654 880 715 οἰκεῖν;
920 649 1029 703 Καὶ
1062 646 1403 712 διέσπειρεν
1427 639 1666 706 αὐτοὺς,

33 747 157 816 ρησὶ,
185 745 396 813 Κύριος
427 745 458 796 o'
495 741 636 806 Θεὸς
671 738 899 793 ἐκεῖθεν
926 737 1025 790 ἐπὶ
1085 731 1438 802 ετγοοσώςγῑουεὶ
1467 727 1671 794 πάσης

33 836 117 903 τῆς
152 833 287 904 τῆς,
325 832 424 886 καὶ
464 832 809 884 ἐπαύσαντο
853 823 1308 893 οἰκοδομοῦντες
1333 819 1448 886 τὴν
1491 819 1674 870 πόλιν

33 924 103 977 διαὶ
139 923 249 975 τόν
297 922 547 989 πύργον.
596 917 738 987 Ὅρα
784 912 1052 967 Δεσπότου
1108 906 1538 980 φιλανθρωπίαν,
1592 906 1671 967 εἰς

33 1016 133 1080 ἄτην
162 1011 362 1071 αὐτοὺς
391 1005 640 1060 ἐνέϐαλεν
674 1002 1006 1074 ἀμηχανίαν.
1035 1000 1144 1052 Kal
1176 998 1285 1068 γὰρ
1331 993 1675 1066 μαινομένοις

33 1101 186 1153 tam?”
240 1098 498 1150 ἐοίκασιν.
542 1095 599 1146 Ὀ
639 1092 735 1163 μὲν
765 1091 1057 1144 ἐπέταττεν
1099 1086 1312 1156 ἕτερον,
1340 1087 1368 1138 6
1397 1083 1454 1136 δὲ
1487 1081 1674 1152 ἕτερον

33 1184 249 1239 ἐπεδίδου
270 1200 283 1212 ·
336 1182 430 1235 καὶ
477 1179 731 1248 ἀνόνητος
774 1176 957 1236 αὐτοῖς
987 1171 1172 1225 λοιπὸν
1204 1167 1271 1242 ἦν
1303 1171 1450 1232 πᾶσα
1483 1169 1516 1238 ἡ
1551 1171 1672 1220 ἑπι-

33 1275 278 1344 (είρησις.
330 1269 422 1322 Διὸ
475 1267 582 1321 Καὶ
634 1264 981 1319 ἐπαύσαντο
1051 1256 1519 1344 οἰκοδομοῦντες,
1561 1254 1676 1320 τὴν

33 1343 183 1412 πόλιν
222 1359 319 1412 καὶ
353 1357 460 1410 τὸν
497 1355 746 1421 πύργον.
775 1350 879 1404 Διά
919 1347 1095 1402 τοῦτο
1130 1345 1355 1412 ἐκλήθη
1397 1343 1462 1396 τὸ
1490 1343 1676 1410 ὄνομα

34 1446 214 1514 ιὺτῆς.
246 1445 548 1514 Σύγχυσις
572 1459 585 1472 ·
619 1439 706 1492 ὅτι
751 1439 879 1491 ἐκεῖ
915 1435 1173 1503 συνέχεε
1220 1432 1434 1499 Κύριος
1460 1434 1492 1484 ὁ
1533 1429 1676 1496 Θεὸς

33 1538 80 1588 νὰ
125 1535 301 1602 χείλη
336 1530 540 1597 πάσης
572 1528 688 1595 τῆς
730 1525 872 1596 γῆς’
917 1523 1017 1576 καὶ
1066 1521 1295 1575 ἐκεῖθεν
1338 1519 1677 1586 διέσπειρεν

34 1623 225 1687 ιὺτοὺς
263 1621 478 1687 Κύριος
519 1620 550 1671 ό
585 1614 728 1680 Θεὸς
775 1613 873 1666 ἐπὶ
918 1610 1120 1677 πάσης
1150 1607 1261 1676 τῆς
1308 1606 1440 1676 γῆς,
1477 1606 1674 1658 Σκόπει

33 1711 143 1762 τόσα
183 1709 415 1776 γίνεται,
461 1705 599 1758 ὥστε
633 1701 729 1772 τὴν
773 1701 992 1771 μνήμην
1031 1697 1193 1750 παντὶ
1222 1695 1299 1765 τῷ
1341 1692 1496 1747 αἰῶνι
1542 1708 1678 1761 συμ-

33 1793 478 1868 ταρεκτείνεσθαι.
507 1789 726 1862 Πρῶτον
769 1787 865 1857 μὲν
898 1787 931 1856 ἠ
959 1785 1066 1838 τῶν
1093 1782 1353 1852 γλωσσῶν
1391 1780 1676 1868 διαίρεσις,

33 1865 208 1935 ιᾶλλον
239 1880 295 1933 δὲ
322 1880 415 1931 ml
451 1877 556 1947 πρὸ
590 1873 780 1928 τούτου
807 1875 840 1943 ἠ
872 1870 964 1924 τοῦ
999 1870 1263 1940 ὀνόματος
1292 1865 1631 1939 προσηγορία
1660 1881 1673 1896 ⁸

33 1971 68 2022 :6
92 1969 269 2022 Φαλέκ
297 1967 406 2036 γάρ
433 1965 621 2034 ὄνομα,
663 1962 799 2032 ὅπερ
827 1962 855 2013 6
882 1958 1051 2028 Ἔϐερ
1095 1956 1331 2026 ἐπέθηκε
1375 1954 1453 2025 τῷ
1488 1953 1675 2016 παιδὶ,

34 2054 280 2127 ιερισμὸν
317 2051 592 2122 σημαίνει.
618 2049 849 2101 Ἔπειτα
892 2047 924 2116 ἠ
965 2043 1059 2098 τοῦ
1092 2045 1255 2097 τόπου
1300 2040 1639 2114 προσηγορία
1662 2057 1675 2071 ·

33 2145 274 2211 Ξύγχυσις
307 2139 416 2210 γὰρ
450 2140 477 2190 6
513 2137 673 2198 τόπος
715 2132 1027 2204 ὠνομάσθη,
1053 2132 1189 2201 ὅπερ
1238 2130 1354 2182 ἐστὶ
1399 2127 1675 2182 Βαϐυλών.

33 2231 242 2284 Ἐπειτα
300 2226 464 2288 αὐτὸς
508 2226 535 2276 6
560 2223 726 2294 Ἔϐερ
753 2222 910 2290 ἔμενε
940 2220 1038 2290 τὴν
1065 2219 1232 2286 αὐτὴν
1262 2216 1399 2287 ἔχων
1426 2214 1677 2280 διάλεξιν,

33 2321 180 2388 ᾐνπερ
228 2315 325 2369 καὶ
364 2313 648 2384 πρότερον,
683 2311 770 2363 ἴνα
815 2309 908 2362 ml
969 2306 1126 2361 τοῦτο
1179 2305 1401 2375 σημεῖον
1456 2303 1682 2374 ἐναργὲς

33 2407 229 2475 γένηται
277 2403 376 2472 τῆς
432 2399 770 2470 διαιρέσεως.
824 2394 977 2459 Εἶδες
1031 2394 1118 2448 διὰ
1172 2393 1353 2446 πόσων
1406 2390 1682 2462 ⁴ἠϐουλήθη

33 2493 226 2561 διηνεκῆ
271 2491 372 2556 τὴν
426 2488 643 2557 μνήμην
691 2482 1068 2548 διασώζεσθαι,
1101 2483 1197 2536 καὶ
1245 2480 1513 2552 μηδέποτε
1543 2478 1680 2548 λήθῃ

33 2577 382 2649 παραδοθῆναι
409 2575 469 2627 τὸ
499 2573 619 2626 τότε
654 2571 1050 2642 γεγενημένον;
1086 2569 1196 2622 Καὶ
1228 2569 1337 2640 γὰρ
1369 2567 1427 2632 ἐξ
1474 2566 1681 2620 ἐκείνου

34 2665 189 2719 ιοῑπὸν
221 2662 406 2733 πατὴρ
433 2660 583 2714 παιδὶ
609 2660 852 2729 ἀνάγκην
893 2654 1005 2728 εἶχε
1039 2658 1138 2726 τὴν
1173 2656 1352 2710 αἰτίαν
1377 2655 1555 2724 λέγειν
1583 2654 1684 2724 τῆς

33 2749 401 2824 ;τεροφωνίας,
433 2749 529 2802 καὶ
560 2749 691 2810 παῖς
731 2745 880 2816 παρά
914 2744 1120 2816 πατρὸς
1169 2743 1456 2814 μανθάνειν
1504 2742 1683 2814 ἐζήτει

33 2840 108 2907 ιῆς
133 2837 231 2889 τοῦ
266 2837 436 2889 τόπου
481 2833 848 2904 προσηγορίας
897 2831 994 2901 τὴν
1037 2830 1245 2884 αἰτίανο
1279 2827 1536 2883 Βαϐυλὼν
1577 2829 1684 2900 γὰρ

33 2927 94 2978 ῑιὰ
123 2925 287 2978 τοῦτο
321 2925 349 2977 6
379 2923 543 2985 τόπος
583 2917 910 2989 ὠνομάσθη,
957 2919 1092 2989 ὅπερ
1131 2918 1247 2970 ἑστί
1277 2916 1557 2986 σύγχυσις,
1603 2918 1686 2970 ὅτι

33 3016 123 3065 εκεῖ
161 3012 388 3081 συνέχεε
422 3009 622 3080 Κύριος
655 3009 684 3060 ὁ
720 3006 852 3070 Θεὸς
883 3006 952 3060 τὰ
990 3005 1142 3076 χείλη
1184 3005 1364 3074 πάσης
1407 3007 1506 3075 τῆς
1551 3003 1684 3072 γῆς,

33 3102 103 3153 ιαὶ
131 3099 350 3152 ἐκεῖθεν
393 3097 699 3166 διέσπειρεν
728 3093 945 3157 αὐτούς.
986 3092 1292 3163 Ἀμφότερα
1327 3092 1364 3160 ἡ
1395 3091 1490 3146 τοῦ
1520 3092 1685 3144 τόπου

33 3185 358 3256 προσηγορία
396 3184 682 3254 σημαίνειν
735 3199 824 3252 μοι
853 3182 1015 3248 δοκεῖ,
1047 3180 1143 3233 καὶ
1177 3179 1258 3232 ὅτι
1291 3177 1390 3241 τὰς
1438 3177 1688 3246 γλώσσας

33 3275 255 3343 πνέχεε,
287 3270 384 3324 ml
410 3269 634 3322 αὐτόθεν
666 3269 765 3340 τὴν
801 3267 1100 3339 διασπορὰν
1130 3266 1448 3336 ὑπέμειναν.

81 3430 138 3484 ε’.
156 3425 488 3495 Ἠκούσατε,
515 3425 805 3498 ἀγαπητοὶ,
825 3425 985 3479 πόθεν
1007 3424 1186 3488 αὐτοῖς
1214 3425 1246 3496 ὴ
1273 3426 1368 3496 τῆς
1393 3425 1690 3496 διασπορᾶς

33 3526 273 3588 ὶπόθεσις
311 3523 520 3592 γέγονε,
551 3524 646 3576 καὶ
681 3521 788 3576 τῶν
820 3520 1073 3591 γλωττῶν
1116 3522 1150 3592 ή
1189 3521 1469 3593 διαίρεσις.
1500 3521 1690 3589 Φύγω-

33 3629 132 3677 ιεν,
174 3608 512 3682 παρακαλῶ,
541 3609 640 3680 τὴν
679 3609 931 3680 μίμησιν,
965 3608 1060 3661 ml
1088 3611 1200 3671 τοῖς
1234 3609 1386 3680 παρὰ
1429 3607 1521 3662 τοῦ
1556 3607 1689 3661 Θεοῦ

33 3699 440 3772 ταρασχεθεῖσιν
474 3699 604 3768 ἡμῖν
639 3697 718 3759 εἰς
744 3697 859 3749 δέον
896 3694 1245 3767 χρησώμεθα,
1279 3696 1372 3749 ml
1399 3695 1499 3766 τὴν
1529 3696 1690 3763 φύσιν

33 3788 106 3856 τὴν
137 3784 496 3855 ἀνθρωπίνην
531 3782 833 3845 ἐννοοῦντες
865 3782 1005 3835 οὕτω
1053 3780 1459 3851 βουλευώμεθα,
1491 3781 1567 3845 ὡς
1610 3783 1690 3834 εἰ·

33 3875 105 3938 ιὸς
140 3871 476 3944 ἀνθρώπους
503 3869 887 3940 βουλεύσασθαι
919 3869 1146 3940 θνητοὺς
1173 3867 1566 3938 τυγχάνοντας·
1599 3869 1692 3924 καὶ

34 3965 359 4035 ,ογιζόμενοι
407 3961 501 4015 τοῦ
553 3960 818 4030 παρόντος
869 3958 984 4030 βίου
1030 3959 1094 4012 16
1145 3957 1432 4029 ἐπίκηρον,
1481 3959 1576 4012 καὶ
1617 3959 1694 4024 ὠς

33 4051 226 4120 ιραχὺς
259 4051 292 4102 6
321 4047 420 4117 τῆς
457 4045 603 4116 ζωῆς
638 4045 794 4115 ἡμῶν
823 4045 1034 4116 χρόνος,
1075 4045 1270 4117 πολλὴν
1304 4047 1514 4109 ἑαυτοῖς
1555 4048 1695 4118 παῤ-

33 4140 214 4208 ίησίαν
264 4131 706 4206 προαποθώμεθα
750 4131 838 4186 διὰ
876 4135 975 4203 τῆς
1022 4133 1133 4186 τῶν
1179 4133 1399 4202 ἀγαθῶν
1442 4133 1693 4206 πράξεων

34 4223 315 4294 ργασίας·
340 4220 436 4274 ml
462 4219 536 4292 μὴ
571 4220 726 4290 μόνον
748 4221 846 4290 τῆς
868 4219 1118 4290 νηστείας
1152 4221 1252 4292 τὴν
1278 4221 1527 4276 ἐπίτασιν
1557 4221 1694 4275 κατά

33 4311 107 4374 :6;
160 4308 385 4382 ἡμέρας
416 4307 640 4370 ,ταυτας
689 4304 1100 4377 ἑπιδειξώμεθα,
1143 4305 1280 4360 ἀλλά
1316 4308 1410 4360 καὶ
1463 4308 1695 4378 ἐλεημο-

33 4400 184 4468 vim;
223 4395 511 4465 δαψίλειαν
561 4395 654 4448 ml
705 4393 1010 4465 προσευχὰς
1047 4395 1303 4458 ἐκτενεῖς.
1340 4395 1451 4450 Kal
1489 4395 1598 4466 γὰρ
1628 4399 1692 4467 τῇ

34 4485 249 4557 νηστείᾳ
297 4481 395 4553 τὴν
445 4479 750 4552 προσευχὴν
788 4481 876 4534 ἀεὶ
926 4479 1275 4550 συνεζεῦχθαι
1316 4479 1416 4535 δεῖ.
1457 4483 1570 4536 Kal
1614 4485 1696 4536 ὃτι

34 4574 170 4627 οῦτό
203 4575 360 4625 ἐστιν
384 4568 605 4639 ἀληθὲς,
628 4569 789 4623 ἄκουε
821 4566 918 4621 τοῦ
942 4567 1180 4638 Χριστοῦ
1206 4567 1481 4636 λέγοντος·
1517 4570 1697 4624 Τοῦτο

34 4662 72 4715 ’ὸ
99 4663 296 4730 γένος
321 4659 435 4712 οὐκ
464 4655 613 4730 [501]
648 4656 1048 4724 ἐκπορεύεται,
1075 4657 1130 4708 ει
1172 4654 1259 4725 μὴ
1293 4656 1363 4708 ἐν
1385 4655 1697 4726 προσευχῇ

33 4748 107 4801 καί
147 4745 436 4814 νηστείᾳ.
475 4743 583 4798 Καὶ
614 4743 778 4798 πάλιν
815 4743 908 4797 ἐπὶ
934 4742 1041 4796 τῶν
1073 4742 1404 4796 ἀποστόλωνο
1431 4746 1696 4811 Προσευ-

33 4837 276 4904 mm;
321 4833 452 4902 γὰρ,
507 4832 640 4902 φησὶ
660 4870 676 4895 ,
716 4831 818 4884 καὶ
872 4830 1333 4898 νηστεύσαντες·
1374 4831 1698 4898 παρέθεντο

33 4921 247 4988 ιύτοὺς
290 4919 372 4986 τῷ
407 4919 621 4988 Κυρίῳ,
655 4921 742 4985 εἰς
768 4919 841 4973 ὃν
875 4919 1399 4973 πεπιστεύκεισαν.
1431 4919 1540 4972 Kal
1589 4921 1698 4974 πά-

41 5028 90 5063 ιν
117 5012 149 5063 6
187 5007 545 5070 ’Δπόστολοςο
575 5005 672 5074 Μὴ
710 5005 1114 5074 ἀποστερεῖτε,
1146 5008 1330 5079 φησὶν,
1363 5007 1696 5075 ἀλλήλους,

39 5101 55 5148 1
83 5097 181 5168 μὴ
245 5097 321 5150 ἐν
356 5093 669 5164 προσευχῇ
717 5093 814 5147 καί
871 5094 1141 5163 νηστείᾳ.
1175 5089 1329 5158 Εἶδες
1372 5094 1488 5158 πῶς
1531 5095 1699 5150 δεῖται

38 5189 106 5256 ἧς
153 5181 418 5238 ἐντεῦθεν
449 5181 764 5253 συμμαχίας
805 5182 841 5253 ἠ
871 5182 1122 5254 νηστεία;
1159 5183 1293 5235 Τότε
1326 5182 1433 5256 γάρ
1469 5184 1701 5254 μάλιστα

33 5276 102 5328 ιαί
155 5271 315 5344 με,τά
353 5270 566 5342 νήψεως
599 5271 654 5323 al
702 5270 1004 5341 προσευχαὶ
1050 5270 1311 5340 γίνονται,
1365 5273 1700 5344 κουφοτέρας

35 5364 106 5434 ἧς
145 5360 403 5422 διανοίας
429 5357 824 5429 τυγχανούσης,
857 5358 950 5412 ml
983 5357 1157 5412 οὐδενὶ
1187 5357 1547 5430 βαρουμένης,
1581 5359 1700 5413 οὐδὲ

33 5451 117 5504 .116
148 5446 259 5502 τοῦ
287 5443 526 5516 πονηροῦ
553 5446 652 5517 τῆς
673 5447 883 5516 τρυφῆς
915 5445 1135 5516 φορτίου
1162 5444 1513 5518 πιεζομένης.
1538 5447 1700 5516 Μέγα

33 5539 120 5608 σάρ
154 5535 334 5590 ὅπλον
362 5535 396 5605 ἡ
435 5532 588 5605 εὐχὴ,
630 5526 843 5604 μεγάλη
884 5532 1172 5602 ἀσφάλεια,
1205 5533 1378 5604 μέγας
1407 5534 1700 5608 θησαυρὸς,

33 5627 200 5697 ιέγας
241 5621 432 5694 λιμὴν,
455 5622 651 5677 ἄσυλον
678 5620 904 5692 χωρίον’
939 5621 1098 5692 μόνον
1126 5621 1221 5678 ἐάν
1249 5623 1508 5694 νήφοντες
1542 5641 1704 5696 προσο

70 5862 95 5890 ³
125 5859 368 5920 Quatuor
387 5867 508 5904 mss.
526 5858 580 5904 et
600 5852 730 5905 Bibl.
753 5853 828 5902 ἐπὶ
847 5853 1121 5915 πρόσωπον.

1773 377 1939 447 ίωμεν
1969 378 2045 449 τῷ
2079 379 2342 449 Δεσπότη,
2375 378 2467 431 καὶ
2499 376 2834 448 πανταχόθεν
2873 395 3194 446 συναγοντες
3229 380 3434 432 ἑαυτῶν

1769 466 1870 534 τὴν
1917 466 2176 528 διάνοιαν,
2211 467 2352 519 οὕτω
2391 467 2487 537 τὴν
2533 466 2791 536 πρόσοδον
2832 465 3132 536 ποιώμεθα,
3170 467 3434 536 μηδεμίαν

1773 553 2124 625 παρείσδυσιν
2159 554 2389 618 διδόντες
2429 553 2507 623 τῷ
2540 553 2718 624 ἐχθρῷ
2746 554 2847 623 τῆς
2878 553 3149 625 σωτηρίας
3175 553 3271 623 τῆς
3299 555 3435 623 ἡμε-

1769 641 1953 710 τέρας.
1992 641 2207 710 Ἐπειδὴ
2243 643 2350 712 γὰρ
2393 638 2532 694 οἶδεν
2575 643 2655 694 ὅτι
2705 641 2848 694 κατά
2877 640 2968 694 τὸν
3010 641 3196 711 καιρὸν
3229 643 3436 694 ἐκεῖνον

1769 727 2044 797 δυνάμεθα
2077 729 2202 797 περὶ
2224 728 2333 780 τῶν
2370 729 2699 799 συνεχόντων
2729 731 2874 799 ἡμᾶς
2916 729 3301 800 διαλεχθέντες,
3345 731 3439 782 ml

1770 814 1838 866 τὰ
1889 815 2252 886 ἡμαρτημένα
2304 815 2778 886 ἑξαγορεύσαντες.
2811 818 2904 869 καὶ
2943 818 3011 869 τά
3048 816 3339 887 τραύματα
3363 814 3438 886 τῷ

1777 903 1944 974 ἰατρῷ
1971 903 2260 967 δείξαντες,
2295 903 2495 972 πολλῆς
2533 905 2807 974 ἐπιτυχεῖν
2839 905 2936 975 τῆς
2963 904 3279 976 θεραπείας,
3316 903 3437 956 τότε

1777 993 2010 1060 μάλιστα
2040 992 2322 1061 ἐφίσταται
2353 993 2447 1045 ml
2479 993 2655 1046 πάντα
2679 995 2821 1045 ποιεῖ
2852 995 2942 1046 ml
2970 993 3437 1062 πραγματεύεται,

1774 1080 1915 1133 ὥστε
1943 1080 2238 1152 ἐκκροῦσαι
2279 1082 2427 1150 ἡμᾶς
2472 1081 2568 1133 καὶ
2604 1083 2683 1143 είς
2729 1080 3306 1152 ῥᾳθυμίαν,ἑμ6αλεῖν.
3351 1081 3439 1133 Διὸ

1773 1169 2051 1238 νήφωμεν,
2091 1169 2414 1240 παρακαλῶ,
2447 1169 2541 1222 καὶ
2585 1169 2782 1233 εἰδότες
2807 1168 2969 1222 αὐτοῦ
3004 1170 3100 1234 τάς
3128 1167 3438 1231 ἐπιϐουλὰς,

1779 1255 2012 1324 μάλιστα
2041 1255 2183 1309 κατά
2211 1256 2301 1309 τὸν
2329 1255 2516 1331 καιρὸν
2553 1259 2757 1310 ἐκεῖνον
2795 1256 3203 1327 σπουδάζωμεν,
3244 1257 3440 1311 ὡσανεὶ

1778 1343 2018 1414 παρόντα
2054 1343 2150 1396 καὶ
2191 1344 2295 1415 πρὸ
2317 1343 2424 1397 τῶν
2448 1343 2738 1414 ὀφθαλμῶν
2765 1342 2920 1414 ἡμῶν
2944 1344 3154 1398 ἑστῶτα
3184 1344 3441 1415 ὁρῶντες,

1775 1429 1948 1495 οὕτως
1984 1429 2144 1484 αὐτὸν
2177 1431 2579 1502 διακρούεσθαι,
2632 1433 2726 1485 καὶ
2761 1433 2938 1486 πάντα
2968 1429 3224 1502 λογισμὸν
3256 1434 3441 1486 διατα-

1781 1519 2042 1590 ράττοντα
2066 1520 2222 1591 ήμῶν
2245 1520 2342 1591 τὴν
2367 1521 2600 1574 διάνοιαν
2634 1519 2989 1582 ἀπωθεῖσθαι,
3015 1521 3108 1573 ml
3138 1522 3290 1584 ὅλους
3318 1523 3426 1575 ἑαυ-

1775 1610 1901 1670 τοὺς
1932 1608 2243 1670 συντείνειν,
2286 1609 2380 1661 ml
2412 1609 2614 1679 ἀκριϐῆ
2647 1608 2916 1662 ποιεῖσθαι
2946 1609 3043 1680 τὴν
3071 1608 3328 1674 ἔντευξιν,
3357 1611 3442 1663 ἵνα

1781 1694 2044 1765 μὴμόνον
2076 1698 2107 1765 ἡ
2141 1695 2357 1764 γλῶττα
2387 1695 2708 1766 φθέγγηται,
2737 1697 2872 1750 ἀλλὰ
2896 1697 2990 1751 ml
3020 1697 3278 1768 ήδιάνοια
3310 1715 3441 1768 συμ-

1777 1783 1936 1855 ϐαίνῃ
1969 1786 2081 1846 τοῖς
2105 1784 2435 1854 λεγομένοις.
2473 1784 2598 1838 Ἐἀν
2626 1784 2735 1856 γὰρ
2766 1786 2798 1855 ἡ
2826 1784 3042 1852 γλῶττα
3070 1785 3167 1855 μὲν
3197 1786 3442 1856 προςέρῃ

1777 1870 1845 1923 τὰ
1881 1874 2119 1942 ῥήματα,
2166 1874 2198 1942 ἡ
2242 1872 2297 1924 δὲ
2343 1872 2546 1925 διάνοια
2596 1871 2701 1936 ἕξω
2749 1873 3039 1943 ρέμϐηται,
3071 1873 3138 1926 τά
3168 1873 3309 1926 κατά
3346 1874 3446 1944 τὴν

1777 1959 1954 2010 οἰκίαν
1975 1958 2404 2029 περισκοποῦσά,
2433 1960 2498 2013 τὰ
2525 1960 2662 2013 κατὰ
2693 1959 2789 2030 τὴν
2812 1960 3015 2032 ἀγορὰν
3041 1960 3443 2032 φανταζομένη,

1778 2046 1928 2098 οὐδὲν
1950 2047 2080 2114 ἡμῖν
2109 2045 2297 2114 ὄφελος
2320 2045 2491 2110 ἔσται,
2521 2047 2662 2117 τάχα
2689 2046 2745 2099 δέ
2776 2049 2868 2099 καὶ
2895 2047 3091 2099 πλείων
3120 2049 3152 2118 ἡ
3182 2049 3445 2118 κατάκρι-

1782 2149 1884 2196 σις.
1925 2134 1988 2186 Εἰ
2019 2133 2127 2204 γὰρ
2174 2131 2444 2202 ἀνθρώπῳ
2494 2134 2804 2203 προσιόντες
2846 2135 3113 2206 τοσαύτην
3147 2133 3447 2188 ἐπιδεικνιὲ⁸

1784 2221 1921 2292 μεθα
1971 2221 2067 2292 τὴν
2097 2221 2348 2292 σπουδὴν,
2388 2221 2463 2286 ὡς
2512 2223 2644 2292 μηδὲ
2674 2224 2798 2286 τοὺς
2836 2222 3062 2294 πλησίον
3091 2223 3448 2295 παρεστῶτας

1781 2310 2038 2373 πολλάκις
2086 2311 2237 2381 ὁρᾷν,
2290 2310 2425 2363 ἀλλά
2461 2310 2748 2364 συντείνειν
2792 2311 2998 2365 ἑαυτῶν
3045 2311 3142 2382 τὴν
3189 2313 3445 2378 διάνοιαν,

1782 2399 2028 2451 κάκεῖνον
2099 2398 2259 2468 μόνον
2325 2398 2722 2468 φαντάζεσθαι,
2777 2392 2821 2466 ᾧ
2872 2399 3222 2471 προσίωμενο
3269 2399 3448 2471 πολλῷ

1786 2485 1987 2556 μᾶλλον
2023 2487 2115 2538 ἐπὶ
2142 2485 2235 2538 τοῦ
2265 2485 2400 2539 Θεοῦ
2428 2487 2584 2540 τοῦτο
2616 2490 2785 2540 ποιεῖν
2814 2490 2961 2558 ἡμᾶς
2990 2489 3118 2558 χρὴ,
3159 2487 3252 2541 καὶ
3294 2505 3449 2540 συνε-

1783 2573 1894 2643 χῶς
1927 2575 2019 2626 ml
2071 2573 2428 2637 ἀδιαλείπτως
2473 2577 2589 2637 ταῖς
2626 2578 2948 2647 προσευχαῖς
2995 2576 3446 2648 προσκαρτερεῖν.

1784 2661 1881 2714 Διά
1910 2662 2018 2732 γὰρ
2047 2661 2202 2714 τοῦτο
2235 2662 2325 2714 καὶ
2373 2661 2584 2726 Παῦλος
2624 2662 2852 2733 γράφων
2895 2662 3069 2730 ἔλεγε,
3104 2662 3450 2730 Προσευχό-

1779 2766 1950 2819 μενοι
1999 2749 2068 2801 ἐν
2097 2749 2273 2801 παντὶ
2314 2749 2514 2816 καιρῷ,
2559 2752 2970 2820 προσεύχεσθε
3016 2749 3114 2803 καί
3163 2751 3232 2803 ἐν
3266 2749 3448 2803 πνεύ-

1779 2854 1948 2906 ματι·
2000 2838 2072 2908 μὴ
2125 2836 2344 2910 γλώσσῃ
2381 2838 2558 2909 μόνον,
2592 2840 2686 2891 ml
2736 2840 2872 2908 μετά
2922 2839 3226 2910 ἀγρυπνίας
3271 2838 3450 2908 διηνε-

1785 2924 1934 2989 κοῦς,
1967 2926 2150 2993 φησίν,
2183 2924 2320 2977 άλλά
2351 2925 2440 2978 ml
2465 2927 2520 2977 ἐν
2550 2926 2685 2997 αὐτῇ
2715 2930 2780 2997 τῇ
2802 2927 2969 2998 ψυχῇ,
2997 2927 3098 2980 Ἐν
3139 2912 3448 2996 πνεύματι.

1786 3013 2134 3084 Πνευματικά
2170 3014 2300 3083 γάρ,
2336 3015 2520 3082 φησιν,
2552 3012 2691 3066 ἔστω
2729 3014 2881 3084 ὑμῶν
2918 3015 2988 3066 τὰ
3027 3016 3319 3085 αἰτήματα,
3357 3033 3452 3086 νη-

1787 3101 1932 3170 φὲτω
1963 3103 1990 3154 6
2034 3101 2310 3171 λογισμὸς,
2349 3100 2768 3172 συντεινέσθωὴ
2815 3102 3018 3155 διάνοια
3062 3103 3172 3166 τοῖς
3223 3103 3454 3172 λεγομέ-

1786 3205 1915 3250 νοις.
1955 3187 2194 3240 Τοιαῦτα
2223 3185 2477 3248 αἰτεῖσθε,
2509 3182 2594 3238 οἷα
2624 3188 2768 3251 εἰκὸς
2796 3187 2946 3257 παρά
2975 3187 3069 3240 τοῦ
3095 3188 3226 3241 Θεοῦ
3258 3191 3450 3250 αἰτεῖν,

1788 3275 1874 3329 ἵνα
1905 3274 2130 3328 καὶτῶν
2158 3275 2492 3344 αἰτουμένων
2522 3273 2814 3344 ἐπιτύχητε
2833 3291 2847 3305 ’
2889 3275 2984 3328 καὶ
3019 3279 3098 3340 εἰς
3131 3276 3260 3329 αὐτὸ
3285 3278 3456 3347 ἀγρυ-

1789 3359 1958 3431 πνῆτε
2004 3360 2435 3431 διεγηγερμένοι,
2471 3361 2750 3430 νήφοντες,
2795 3361 3156 3432 ἐγρηγορότες
3193 3362 3292 3432 τὴν
3336 3362 3455 3415 διά-

1788 3464 1954 3511 νοιαν,
1987 3449 2060 3519 μὴ
2096 3447 2469 3520 χασμώμενοι,
2521 3448 2615 3501 ml
2655 3447 2943 3518 κνώμενοι,
2976 3451 3070 3501 ml
3099 3442 3200 3503 ὧδε
3233 3451 3456 3504 κάκεῖσε

1787 3536 1879 3588 τὸν
1917 3535 2176 3606 λογισμὸν
2211 3535 2616 3608 περιαγόμενοι,
2652 3535 2787 3589 ἀλλά
2823 3536 2961 3606 μετὰ
2991 3535 3157 3605 φόϐου
3199 3538 3292 3592 καὶ
3330 3537 3456 3609 τρό-

1794 3641 1894 3694 μου
1913 3623 2011 3695 τὴν
2032 3623 2238 3676 ἑαυτῶν
2260 3622 2528 3694 σωτηρίαν
2555 3621 2978 3694 κατεργάζεσθε.
3001 3623 3302 3694 Μακάριος
3323 3623 3452 3695 γὰρ,

1792 3712 1977 3783 φησὶν,
2012 3710 2074 3778 ὃς
2106 3711 2517 3778 καταπτήσσει
2574 3712 2771 3767 πάντα
2803 3713 2876 3766 δι’
2921 3713 3256 3768 εὐλάϐειαν.
3295 3713 3456 3784 Μέγα

1791 3797 1995 3866 ἀγαθὸν
2026 3801 2059 3869 ή
2093 3798 2244 3868 εὐχή.
2277 3800 2334 3852 Εἰ
2365 3799 2474 3870 γάρ
2509 3798 2782 3871 ἀνθρώπῳ
2817 3817 2899 3863 τις
2927 3799 3306 3870 διαλεγόμενος
3335 3803 3455 3854 ἐνα-

1799 3886 1956 3957 ρέτῳ,
1987 3886 2048 3940 οὑ
2103 3885 2303 3957 μικράν
2335 3885 2393 3952 ἐξ
2441 3885 2604 3939 αὐτοῦ
2642 3887 2944 3957 καρποῦται
2973 3885 3068 3958 τὴν
3104 3886 3392 3957 ὠφέλειαν,
3427 3889 3456 3942 6

1793 3973 1914 4044 Θεῷ
1938 3973 2286 4043 ,διαλέγεσθαι
2336 3973 2690 4039 καταξιωθεὶς
2744 3975 2926 4028 πόσων
2964 3975 3063 4030 οὐκ
3091 3975 3456 4030 ἀπολαύσεται

1792 4061 1902 4115 τῶν
1924 4061 2178 4131 ἀγαθῶν;
2214 4064 2281 4116 Ἡ
2314 4062 2421 4134 γὰρ
2448 4061 2577 4133 εὐχὴ
2617 4061 2844 4126 διάλεξίς
2877 4065 2992 4116 ἐστι
3018 4063 3154 4134 πρὸς
3185 4064 3274 4116 τὸν
3301 4065 3454 4119 Θεόν.

1793 4151 1903 4205 Kal
1929 4151 2015 4206 ἵνα
2058 4151 2254 4226 μάθῃς,
2295 4152 2457 4206 ἄκουε
2491 4150 2582 4204 τοῦ
2633 4152 2910 4223 προφήτου
2951 4151 3217 4218 λέγοντος,
3251 4152 3443 4206 Ἡδον-

1795 4239 1920 4306 θείη
1938 4237 2018 4304 τῷ
2036 4237 2155 4304 Θεῷ
2178 4241 2215 4307 ἠ
2231 4237 2478 4308 διαλογπῇ
2498 4256 2615 4308 μου
2633 4237 2805 4310 [502].
2830 4237 2973 4291 τοῦτ’
2990 4237 3152 4295 ἔστιν.
3174 4241 3206 4309 ἡ
3228 4239 3459 4305 διάλεξίς

1799 4344 1898 4399 μου
1927 4327 2082 4396 ἡδεῖα
2123 4327 2312 4398 φανείη
2342 4326 2420 4397 τῷ
2453 4325 2589 4396 Θεῷ.
2635 4327 2726 4398 Μὴ
2755 4328 2861 4399 γάρ
2893 4328 2985 4379 καὶ
3013 4329 3139 4398 πρὶν
3166 4327 3196 4398 ἦ
3223 4328 3454 4399 αἰτήσωο

1798 4429 1917 4483 μεν,
1951 4413 2050 4466 οὐκ
2076 4411 2304 4481 ἠδύνατο
2325 4413 2625 4483 παρασχεῖν
2647 4427 2661 4476 ;
2699 4411 2857 4464 Ἀλλὰ
2883 4411 2970 4465 διὰ
3000 4413 3156 4465 τοῦτο
3177 4413 3456 4483 ἀναμένει,

1795 4498 1882 4552 ἵνα
1920 4499 2174 4570 ἀφορμὴν
2203 4498 2340 4570 λάϐῃ
2372 4500 2500 4568 παρ’
2533 4497 2688 4568 ήμῶν
2715 4497 2808 4550 τοῦ
2851 4497 3070 4560 δικαίως
3098 4499 3245 4576 ἡμᾶς
3275 4497 3456 4564 ἀξιοῦν

1794 4586 1892 4657 τῆς
1915 4586 2046 4656 παρ’
2093 4585 2259 4639 αὑτοῦ
2293 4585 2565 4656 προνοίας.
2617 4585 2734 4639 Κάν
2761 4586 3104 4657 ἑπιτύχωμεν
3148 4587 3323 4641 τοίνυν
3352 4587 3458 4642 τῶν

1796 4672 2151 4744 αἰτηθέντων,
2193 4670 2294 4726 κᾶν
2321 4671 2394 4742 μὴ
2433 4671 2800 4742 ἐπιτύχωμεν,
2838 4673 3241 4744 παραμένωμεν
3272 4677 3338 4745 τῇ
3377 4677 3468 4728 αἰυ-

1795 4761 1974 4830 τὴσει,
2021 4758 2117 4814 ml
2169 4759 2242 4831 μὴ
2309 4759 2467 4830 μόνον
2512 4761 2960 4831 ἐπιτυγχάνοντες
3027 4761 3457 4833 εὐχαριστῶμεν,

1797 4847 1932 4902 ἀλλὰ
1979 4847 2074 4901 καὶ
2112 4847 2597 4917 ἀποτυγχάνοντες.
2649 4848 2722 4900 Τὸ
2769 4846 2878 4920 γάρ
2922 4850 3231 4918 ἀποτυχεῖν,
3263 4849 3391 4902 ὃταν
3433 4851 3460 4903 ὁ

1796 4934 1930 4998 Θεὸς
1966 4934 2240 5005 βούληται,
2281 4936 2380 4988 οὐκ
2420 4934 2644 4988 ἔλασσόν
2687 4936 2803 4988 ἐστι
2847 4933 2939 4988 τοῦ
2984 4937 3275 5005 ἐπιτυχεῖν.
3324 4934 3458 4988 0ὒῦ

1796 5023 1904 5095 γὰρ
1932 5023 2091 5093 ίσμεν
2128 5021 2198 5075 τὰ
2226 5023 2387 5093 ἡμεῖς
2418 5023 2764 5092 συμφέροντα
2807 5024 2938 5093 ἡμῖν
2974 5020 3164 5087 οὕτως,
3197 5021 3272 5086 ὡς
3300 5023 3459 5086 αὐτὸς

1807 5111 2113 5164 ἐπίσταται.
2142 5110 2304 5162 Ὥστε
2331 5105 2447 5174 οῦν,
2496 5108 2597 5161 κᾶν
2623 5109 2986 5178 ἐπιτύχωμεν,
3021 5108 3124 5161 κᾶν
3175 5109 3456 5179 ἀποτύχοι-

1801 5215 1920 5268 μεν,
1952 5198 2290 5268 εὐχαριστεῖν
2314 5196 2617 5267 ὀφείλομεν.
2666 5195 2776 5249 Kal
2799 5195 2852 5249 τί
2879 5194 3177 5266 θαυμάζεις
3214 5197 3261 5250 εί
3302 5198 3460 5268 ἡμεῖς

1798 5293 1897 5346 οὐκ
1927 5291 2084 5361 ῐσμεν
2109 5291 2178 5345 τά
2205 5290 2582 5362 συμφέροντα;
2620 5287 2830 5352 Παῦλος
2858 5288 2886 5340 6
2909 5287 3160 5352 τοσοῦτος
3196 5289 3288 5343 καὶ
3309 5288 3458 5361 τηλιο

1800 5383 2010 5449 κοῦτος,
2040 5387 2069 5438 ὁ
2094 5384 2203 5438 τῶν
2229 5385 2554 5455 ἀπορρήτων
2599 5382 2821 5437 ἐκείνων
2859 5381 3129 5449 ἀξιωθεὶς,
3179 5384 3362 5455 ἠγνόει
3395 5385 3461 5439 τά

1803 5475 1879 5548 μὴ
1917 5476 2262 5547 συμφέροντα
2304 5474 2491 5530 αἰτῶν.
2528 5475 2745 5547 Ἐπειδὴ
2795 5477 2902 5548 γὰρ
2935 5475 3081 5548 ἑώρα
3132 5478 3322 5532 ἑαυτὸν
3368 5497 3456 5534 xu-

1801 5568 2093 5640 κλούμενον
2127 5569 2231 5624 ὑπὸ
2275 5569 2384 5624 τῶν
2412 5568 2602 5624 δεινῶν
2648 5571 2740 5625 ml
2784 5571 2892 5626 τῶν
2917 5570 3232 5642 ἐπαλλήλων
3269 5590 3459 5654 πειρα-

1803 5663 1977 5735 σμῶν,
2013 5661 2215 5733 ηὔξατο
2240 5662 2447 5717 τούτων
2477 5663 2875 5735 ἀπαλλαγῆναι,
2925 5666 3020 5719 καὶ
3050 5665 3147 5734 οὐχ
3173 5665 3321 5731 ἅπαξ
3343 5669 3458 5721 οὐδὲ

1804 5757 2072 5829 δεύτερον,
2101 5755 2236 5810 ἀλλά
2281 5757 2375 5810 ml
2419 5756 2696 5821 πολλάκις.
2732 5741 2936 5826 Τρίτον
2965 5740 3113 5829 γάρ,
3159 5762 3310 5830 φησὶ,
3361 5761 3459 5813 τὸν

1809 5847 2024 5916 Κιζοιον
2048 5848 2450 5918 παρεκάλεσα.
2475 5849 2546 5903 Τὸ
2577 5849 2632 5903 δὲ
2665 5849 2892 5917 Τρίτον,
2926 5851 3184 5915 πολλάκις
3223 5850 3467 5919 παρεκά-
