3788 6250
336 229 433 285 281

334 345 480 407 λεσε,
522 344 617 399 καὶ
638 344 737 400 οὐκ
768 344 1050 415 ἐπέτυχεν.
1082 345 1309 412 Ἴδωμεν
1334 339 1426 395 οὖν
1456 339 1573 403 πῶς
1595 339 1825 408 διετέθη.
1852 334 1999 407 Ἀρα

338 434 416 504 μὴ
441 434 792 504 ἐδυσχέρανεν
811 439 863 496 ος
901 428 1009 501 ἆρα
1037 430 1393 501 ὀκνηρότερος
1419 428 1673 495 γέγονεν;
1711 422 1819 496 ἆρα
1843 426 1993 495 ἐνάρ.

336 536 534 589 κησενς
586 521 738 590 Οὐχί.
777 519 935 573 ’Δλλά
989 518 1041 571 τί
1094 533 1292 587 φησιν;
1349 512 1537 579 Εἶπεν,
1579 513 1761 581 Ἀρκεῖ
1806 529 1905 566 σοι
1961 512 2000 579 ἡ

335 608 507 677 χάρις
538 625 677 676 μου.
709 608 771 663 Ἠ
808 607 917 676 γάρ
944 605 1173 674 δύναμίς
1198 621 1299 673 μου
1330 604 1386 655 ἐν
1409 602 1661 672 ἀσθενείᾳ
1682 598 1999 653 τελειοῦται.

336 697 412 748 Οὐ
443 696 599 766 μόνον
627 694 725 747 οὐκ
774 693 1143 763 ἠλευθέρωσεν
1190 690 1351 744 αὐτὸν
1378 690 1486 742 τῶν
1517 690 1877 759 ἐπικειμένων
1914 687 2005 739 λυ-

338 783 548 853 πηρῶν,
600 780 735 833 ἀλλά
770 780 863 833 καί
902 779 1256 848 ἐναπομένειν
1284 777 1442 831 αὐτὸν
1472 778 1641 832 εῖασε.
1685 776 1825 829 Ναί⁸
1868 773 2003 827 ἀλλά

337 869 496 921 πόθεν
521 867 676 937 δῆλον
698 868 778 920 ὅτι
812 867 910 919 οὐκ
937 866 1327 937 ἐδυσχέρανεν;
1367 866 1564 918 ’Ἄκουε
1591 864 1803 918 Παύλου
1825 862 2003 929 λέγον-

332 973 440 1019 τος,
476 955 660 1025 ἐπειδὴ
696 954 864 1025 ἔμαθε
899 953 970 1007 τά
1010 954 1267 1007 δοκοῦντα
1311 952 1388 1023 τῶ
1436 953 1712 1022 Δεσπότῃσ
1756 950 2003 1004 Ἥδιστα

332 1040 447 1096 οὖν
471 1042 851 1112 καυχήσομαι
872 1042 942 1095 ἐν
967 1041 1096 1106 ταῖς
1148 1043 1486 1106 ἀσθενείαις
1532 1058 1673 1109 μου.
1701 1040 1776 1091 Οὐ
1822 1038 2002 1107 μόνον,

333 1130 488 1200 φησι,
511 1129 695 1182 λοιπὸν
730 1128 1110 1199 ἀπαλλαγῆναι
1141 1128 1239 1181 οὐκ
1267 1127 1528 1197 ἐπιζητῶ,
1561 1125 1696 1179 ἀλλά
1734 1126 1827 1177 καὶ
1864 1124 2002 1194 μετά

333 1216 578 1279 πλείονος
603 1214 714 1286 ,τῆς
744 1216 935 1286 ἡδονῆς
966 1216 1309 1285 καυχήσομαι
1341 1214 1432 1266 ἐπὶ
1472 1213 1699 1275 τούτοις.
1733 1208 1886 1275 Εἶδες
1912 1212 2002 1264 εὐο

332 1302 584 1374 γνώμονα
611 1304 823 1374 ψυχὴνς
868 1300 1003 1366 εἶδες
1036 1303 1198 1355 πόθον
1220 1302 1309 1353 τὸν
1335 1303 1462 1371 περὶ
1488 1301 1577 1353 τὸν
1605 1300 1767 1366 Θεόν;
1797 1302 1999 1353 Ἀκου-

335 1407 426 1444 σον
466 1390 629 1444 αὐτοῦ
682 1391 962 1458 λέγοντοςο
1009 1390 1079 1443 Τὸ
1129 1389 1239 1457 γὰρ
1271 1390 1328 1442 τι
1365 1389 1815 1458 προσευξόμεθα
1853 1388 1998 1442 καθύ

332 1476 443 1540 δεῖ,
484 1481 594 1532 οὐκ
633 1478 895 1546 οἴδαμεν.
929 1476 1043 1547 Οὐχ
1068 1472 1179 1530 οἷόν
1208 1494 1288 1537 τε,
1311 1478 1493 1547 φησιν,
1513 1475 1830 1546 ἀνθρώπους
1851 1478 1998 1546 ἡμᾶς

332 1564 492 1629 δντας
517 1564 713 1620 εἰδέναι
758 1564 933 1619 πάντα
964 1565 1228 1636 ἀκριϐῶς.
1273 1567 1362 1617 Δεῖ
1404 1561 1498 1617 οὖν
1537 1567 1889 1635 παραχωρεῖν
1918 1562 1997 1633 τῷ

331 1653 644 1723 δημιουργῷ
686 1652 783 1721 τῆς
813 1652 1083 1724 ἡμετέρας
1119 1651 1354 1721 φύσεως,
1388 1651 1614 1703 κάκεῖνα
1649 1650 1785 1720 μετὰ
1825 1652 2000 1721 χαρᾶς

331 1737 580 1809 δέχεσθαι
612 1741 702 1793 καὶ
728 1738 928 1807 πολλῆς
960 1737 1058 1809 τῆς
1087 1738 1306 1808 ἡδονῆς,
1331 1737 1474 1808 άπερ
1498 1737 1658 1799 αὐτὸς
1690 1737 1996 1807 δοκιμάσει.

332 1828 425 1879 καὶ
461 1828 534 1898 μὴ
576 1826 711 1897 πρὸς
745 1827 841 1897 τὴν
885 1827 1006 1895 διζιιν
1044 1825 1153 1878 τῶν
1183 1825 1483 1895 γινομένων
1522 1825 1673 1895 όρᾷν,
1702 1823 1838 1877 ἀλλά
1864 1824 1999 1894 πρὸς

331 1914 399 1966 τά
436 1913 690 1966 δοκοῦντα
733 1913 811 1983 τῷ
862 1914 1125 1983 Δεσπότη.
1174 1912 1233 1965 Ὀ
1275 1910 1384 1982 γὰρ
1420 1909 1575 1973 εἰδὼς
1622 1912 1683 1963 τὸ
1719 1909 1998 1979 συμφέρον

335 1998 534 2068 μᾶλλον
579 1999 758 2070 ἡμῶν,
804 1998 963 2063 αὐτὸς
1000 1993 1107 2052 οἶδε
1148 1999 1239 2052 καὶ
1280 2000 1429 2063 ὅπως
1469 1998 1550 2050 δεῖ
1594 1997 1692 2069 τὴν
1727 1997 1999 2067 σωτηρίαν

332 2087 431 2157 τὴν
462 2088 737 2158 ἡμετέραν
775 2084 1115 2157 μεθοδεῦσαι.

403 2182 475 2239 ς’.
494 2174 680 2244 Ἡμῶν
702 2174 881 2226 τοίνυν
898 2174 954 2225 ἓν
974 2174 1133 2244 ἔργον
1157 2172 1318 2238 ἔστω,
1337 2173 1397 2226 τὸ
1412 2173 1674 2243 διηνεκῶς
1695 2176 1811 2237 ταῖς
1830 2190 1999 2245 προσ-

332 2262 518 2332 ευχαῖς
596 2264 1054 2331 προσκαρτερεῖν,
1104 2261 1197 2314 καὶ
1250 2261 1326 2332 μὴ
1384 2262 1673 2331 ἀσχάλλειν
1716 2262 1852 2333 πρὸς
1897 2264 1997 2334 τὴν

335 2346 660 2418 βραδυτῆτα,
701 2346 837 2401 ἀλλά
888 2347 1087 2418 πολλὴν
1130 2348 1228 2418 τὴν
1269 2348 1647 2422 μακροθυμίαν
1698 2349 2000 2404 ἐπιδείκνυ-

335 2434 478 2488 σθαι.
508 2434 640 2488 Οὐδέ
666 2434 772 2505 γάρ
794 2434 1069 2487 ἀνανεύων
1090 2431 1244 2505 ἡμῶν
1276 2435 1413 2507 πρὸς
1438 2436 1535 2497 τὰς
1562 2436 1811 2504 αἰτήσεις
1840 2436 2002 2506 ὐπερ-

331 2520 560 2585 τίθεται,
592 2520 727 2575 ἀλλά
780 2522 1131 2591 σοφιζόμενος
1160 2521 1318 2591 ἡμῶν
1366 2522 1465 2591 τὴν
1507 2523 1858 2594 προσεδρίαν,
1905 2529 2000 2577 καί

336 2608 655 2679 βομλόμενος
700 2610 849 2680 ἡμᾶς
908 2608 1173 2679 διηνεκῶς
1225 2610 1360 2679 πρὸς
1407 2610 1596 2662 ἐαυτὸν
1648 2610 1996 2678 ἐφέλκεσθαι.

345 2691 494 2749 Ἐπεὶ
524 2697 615 2749 καὶ
641 2697 821 2768 πατὴρ
845 2696 1194 2768 φιλόστοργος
1220 2696 1538 2767 αἰτούμενος
1566 2697 1825 2760 πολλάκις
1850 2700 2000 2771 παρά

332 2782 426 2837 τοῦ
462 2782 648 2847 παιδὸς
676 2783 774 2837 οὐκ
826 2783 1088 2848 ἐπινεύει,
1117 2782 1237 2854 οὐχὶ
1284 2782 1359 2853 μὴ
1416 2782 1740 2854 βουλόμενος
1792 2786 1998 2849 δοῦναι,

334 2872 470 2925 ἀλλά
489 2870 587 2925 τοῦ
605 2872 792 2935 παιδὸς
816 2870 911 2942 τὴν
936 2870 1258 2943 προσεδρίαν
1281 2868 1368 2923 διὰ
1388 2870 1577 2924 τούτου
1598 2872 1996 2943 ἐπισπώμενος.

333 2960 515 3012 Ταῦτα
546 2958 601 3012 δέ
623 2958 981 3027 γινώσκοντες
1012 2960 1059 3024 ι),
1092 2956 1359 3030 μηδέποτε
1388 2960 1839 3031 ἀπαγορεύωμεν,
1864 2962 1999 3031 μηδὲ

335 3046 700 3119 διαλείπωμεν
729 3047 1063 3118 προσιόντες,
1102 3046 1195 3099 καὶ
1231 3046 1326 3109 τὰς
1352 3047 1631 3118 ἱκετηρίας
1661 3048 1996 3118 ποιούμενοι.

335 3135 397 3187 Εἰ
424 3134 533 3205 γάρ
575 3133 666 3187 τὸν
690 3132 838 3203 ὠμὸν
862 3134 1067 3185 ἐκεῖνον
1095 3133 1188 3185 καὶ
1222 3132 1408 3202 ἀπηνῆ
1432 3133 1710 3204 δικαστὴν,
1743 3137 1835 3187 καὶ
1862 3137 1997 3206 μήτε

332 3222 424 3277 τὸν
441 3222 572 3274 Θεὸν
604 3221 954 3290 φοϐούμενον,
996 3221 1029 3290 ἡ
1071 3219 1366 3291 προσεδρία
1388 3222 1487 3291 τῆς
1516 3222 1771 3289 γυναικὸς
1794 3221 2003 3287 ἐξεϐιά.

336 3327 488 3374 σατο,
522 3313 617 3364 καὶ
645 3309 796 3381 [⁸505]
834 3309 1191 3373 ἐξεκαλέσατο
1220 3312 1298 3372 εἰς
1333 3309 1429 3376 τὴν
1459 3311 1655 3381 ἑαυτῆς
1681 3310 1964 3380 ἀντίληψιν
1983 3327 1998 3343 ο

336 3399 487 3468 πόσῳ
514 3397 712 3468 μᾶλλον
741 3398 918 3466 ἡμεῖς,
942 3397 990 3447 εἰ
1016 3392 1405 3465 βουληθείημεν
1421 3396 1635 3466 ἐκείνην
1661 3398 2001 3469 μιμήσασθαι

334 3487 434 3553 τὴν
465 3483 719 3550 γυναῖκα,
752 3480 842 3533 τὸν
874 3480 907 3551 ἡ
917 3497 1081 3551 μερον
1105 3478 1200 3533 καὶ
1222 3478 1602 3551 φιλάνθρωπον
1626 3481 1785 3552 ἡμῶν
1802 3483 2003 3536 Δεσπό-

334 3587 454 3639 την,
476 3569 567 3623 τὸν
595 3560 980 3636 εὐσπλαγχνον,
1003 3568 1097 3621 καὶ
1121 3568 1469 3638 ἐπιτρέχοντα
1492 3568 1645 3637 ἡμῶν
1670 3572 1734 3639 τῇ
1762 3570 2002 3641 σωτηρίᾳ.

336 3654 739 3728 ἐκκαλεσόμεθα
788 3661 920 3726 πρὸς
953 3654 1049 3725 τὴν
1092 3654 1296 3708 οἰκείαν
1337 3654 1650 3725 ἀντίληψιν;
1692 3656 1999 3710 ΙΙαιδεύσω-

340 3761 437 3817 μεν
474 3744 649 3798 τοίνυν
676 3742 899 3804 ἑαυτοὺς
927 3742 1388 3805 δυσαποσπάστως
1414 3742 1575 3812 ἐχειν,
1616 3742 1710 3796 καὶ
1738 3743 2001 3814 διηνεκῶς

332 3843 452 3904 ταῖς
471 3841 796 3910 προσευχαῖς
820 3836 1219 3909 προσηλῶσθαι,
1243 3838 1335 3891 καὶ
1357 3839 1414 3890 ἐν
1438 3838 1618 3909 ἡμέρᾳ
1633 3838 1726 3892 καὶ
1749 3840 1806 3891 ἐν
1826 3839 1998 3905 νυκτὶ,

338 3928 429 3981 καὶ
462 3928 659 3996 μᾶλλον
713 3928 769 3978 ἐν
800 3924 972 3986 νυκτὶ,
1010 3926 1099 3977 ὅτε
1134 3923 1307 3987 οὐδεὶς
1335 3925 1363 3976 6
1404 3923 1658 3995 ἐνοχλῶν,
1701 3925 1788 3977 ὅτε
1832 3925 1998 3994 πολλὴ

332 4014 440 4070 τῶν
469 4013 743 4084 λογισμῶν
770 4012 803 4084 ἡ
832 4010 1059 4082 γαλήνη.
1093 4011 1178 4064 ὅτε
1203 4010 1369 4081 πολλὴ
1402 4011 1435 4081 ἡ
1469 4010 1686 4081 ἡσυχία,
1712 4012 1806 4064 καὶ
1824 4006 1999 4083 ταρα-

331 4102 433 4170 χῆς
466 4098 622 4162 ἐκτὸς
656 4098 718 4151 τὸ
740 4098 1024 4168 δωμάτιον,
1063 4097 1271 4160 οὐδενὸς
1293 4096 1442 4159 ὄντος
1470 4097 1563 4149 τοῦ
1593 4097 1885 4167 ἐκκροῦσαι
1912 4099 2001 4152 δυ-

335 4184 590 4256 ναμένου.
625 4186 719 4239 καὶ
746 4182 1053 4253 ἀποστῆσαι
1071 4184 1169 4254 τῆς
1201 4183 1483 4254 προσόδου,
1511 4184 1598 4237 ὅτε
1630 4186 1937 4259 συνηρμένη
1972 4199 1995 4226 ο

333 4274 675 4344 τυγχάνουσα
712 4276 745 4343 ἡ
774 4273 977 4326 διάνοια
1002 4273 1176 4325 πάντα
1220 4272 1354 4343 μετά
1384 4272 1666 4345 ἀκριϐείας
1706 4274 1999 4331 ἀναθέσθαι

333 4360 552 4413 δύναται
585 4360 661 4431 τῷ
685 4359 794 4414 τῶν
816 4359 1001 4431 ψυχῶν
1029 4360 1214 4432 ἰατρῷ.
1242 4362 1304 4415 Ei
1333 4364 1440 4431 γάρ
1463 4364 1491 4415 6
1520 4363 1789 4435 μακάριος
1814 4363 1996 4432 Δαυῒδ,

332 4448 362 4500 6
389 4446 637 4516 βασιλεὺς
670 4447 805 4519 ὁμοῦ
834 4450 927 4502 καὶ
962 4450 1267 4519 προφήτης,
1300 4448 1405 4502 ὐπὸ
1445 4450 1712 4505 τοσούτων
1739 4451 1999 4523 ὀχλούμε-

333 4553 421 4599 vo;
446 4535 802 4606 πραγμάτων,
826 4536 918 4590 καὶ
944 4534 1231 4609 ἁλουργίδα
1253 4537 1346 4590 καὶ
1366 4535 1600 4607 διάδημα
1620 4539 1997 4608 περικείμενος

332 4622 486 4691 ελεγε
507 4641 520 4653 ·
541 4624 946 4677 Μεσονύκτιον
961 4623 1351 4693 ἐξηγειρόμην
1378 4625 1484 4678 τοῦ
1513 4625 1998 4695 ἐξομολογεῖσθαι

328 4706 545 4762 ’σοιέπί
565 4708 633 4762 τὰ
656 4710 906 4778 κρίματα
936 4707 1042 4776 τῆς
1071 4710 1459 4777 δικαιοσύνης
1490 4727 1628 4765 σουι
1661 4712 1716 4765 τί
1742 4713 1807 4767 ἂν
1828 4716 1998 4767 εἴποι-

328 4813 434 4866 μεν
460 4797 643 4867 ἡμεῖς,
668 4797 717 4848 οἰ
756 4797 845 4849 τὸν
880 4796 1144 4849 ἰδιωτικὸν
1177 4797 1270 4849 καὶ
1300 4797 1626 4868 ἀπράγμονα
1649 4798 1762 4869 βίον
1788 4802 1997 4871 μετιόν-

330 4899 443 4947 τες,
470 4883 563 4935 καὶ
600 4883 733 4954 μηδέ
760 4881 828 4935 τὰ
875 4882 1011 4935 αὐτά
1056 4882 1246 4952 ἐκείνῳ
1280 4883 1594 4950 ποιοῦντεςς
1642 4886 1854 4957 Ἐπειδὴ
1888 4889 1995 4960 γάρ

332 4972 389 5023 ἐν
422 4970 603 5041 ἡμέρα
640 4968 806 5023 πολλὰ
848 4964 990 5039 εἶχεν
1018 4970 1180 5022 αὐτὸν
1206 4970 1274 5023 τά
1310 4972 1679 5040 περισπῶντα,
1705 4976 1797 5027 καὶ
1829 4975 1994 5040 πολὺς

326 5054 396 5129 ἦν
425 5062 453 5111 6
483 5059 591 5111 τῶν
634 5057 972 5128 πραγμάτων
1011 5056 1183 5127 ὄχλος,
1231 5058 1325 5111 καὶ
1358 5058 1523 5129 πολλὴ
1559 5062 1592 5129 ἡ
1639 5061 1868 5133 ταραχὴ,
1900 5064 1994 5117 καὶ

329 5147 517 5216 καιρὸν
548 5146 645 5214 οὐχ
674 5144 932 5215 ηὕρισκεν
973 5143 1271 5214 ἐπιτήδειον
1304 5145 1478 5217 ἐαυτῷ
1506 5147 1640 5217 πρὸς
1676 5149 1773 5219 τὴν
1808 5150 1991 5204 τοιαύ-

328 5248 426 5300 την
461 5230 735 5299 πρόσοδον,
766 5230 857 5282 τὸν
884 5230 981 5299 τῆς
1028 5229 1261 5293 ἀνέσεως
1290 5230 1497 5301 καιρὸν,
1529 5232 1586 5285 ὃν
1618 5232 1791 5305 ἕτεροι
1822 5234 1989 5289 ὕπνου

329 5316 607 5369 ποιοῦνται
646 5316 831 5386 καιρὸν
871 5318 963 5369 ἐπὶ
992 5317 1099 5369 τῶν
1131 5317 1350 5370 ἁπαλῶν
1382 5319 1715 5389 στρωμάτων
1760 5339 1990 5375 κατακε-

330 5402 593 5473 κλιμένοι,
629 5403 721 5455 καὶ
743 5396 844 5456 ὧδε
879 5404 1099 5455 κάκεῖσε
1126 5405 1628 5476 περιστρεφόμενοι,
1655 5409 1682 5459 6
1716 5406 1987 5477 βασιλεὺς,

328 5490 361 5542 ὁ
406 5488 671 5557 τοσαύτην
708 5488 1127 5557 ἀναδεδεγμένος
1177 5491 1448 5559 φροντίδα,
1493 5493 1750 5562 προσόδου
1802 5496 1989 5566 καιρὸν

328 5578 580 5639 ἐποιεῖτο,
616 5577 735 5629 κατ’
776 5575 910 5627 ἰδίαν
934 5574 1027 5645 ’τῷ
1053 5576 1169 5647 Θεῷ
1196 5576 1589 5646 διαλεγόμενος,
1630 5580 1723 5633 καὶ
1769 5582 1989 5653 εἰλικρι-

391 5726 418 5789 _‘
441 5726 639 5789 Quidam
662 5738 775 5789 mss.
802 5724 1241 5789 ἆραᾉέδυσχέρανεν.

390 5786 421 5829 δ
443 5788 562 5837 Tres
583 5800 696 5835 mss.
720 5783 1132 5843 ἀναγινώσκοντες.
1199 5787 1221 5816 °
1246 5783 1343 5836 Alii
1371 5786 1650 5849 συνηγμένη.

1111 228 1168 282 S.
1203 225 1485 281 JOANNIS
1520 220 2009 279 CIIRYSOSTOMI
2046 220 2343 277 ARCIIIEP
2399 221 2940 278 CONSTANTINOP.

3672 222 3775 277 282

2105 338 2215 399 νεῖς
2236 337 2331 389 καὶ
2350 337 2748 403 συντεταμένας
2772 337 2870 400 τὰς
2892 336 3056 406 εὐχάς
3084 336 3422 405 ποιούμενος,
3448 336 3610 405 ἤνυεν
3634 338 3775 405 ἅπερ

2105 419 2291 489 ἢθελεο
2328 423 2421 475 καὶ
2468 422 2556 475 διὰ
2584 421 2691 475 τῶν
2724 419 3038 492 προσευχῶν
3083 419 3285 472 τούτων
3324 422 3449 483 τοὺς
3506 420 3775 489 πολέμους

2107 502 2412 572 κατώρθου,
2444 504 2700 573 τρόπαιον
2733 501 2904 562 ἱστὰς,
2936 503 3028 554 καὶ
3062 502 3215 565 νίκας
3248 504 3425 564 νίκαις
3467 503 3773 555 συνάπτων.

2106 582 2232 655 Εἶχε
2247 586 2317 654 γά
2324 604 2355 657 ρ
2370 586 2530 638 ὅπλον
2547 585 2863 656 ἀχείρωτον,
2879 586 2976 653 τὴν
2995 584 3198 638 ἀνωθεν
3212 584 3543 654 συμμαχίαν,
3564 584 3626 635 οὐ
3643 580 3776 653 πρὸς

2104 669 2229 730 τοὺς
2263 668 2412 738 παρά
2442 668 2548 721 τῶν
2576 666 2877 736 ἀνθρώπων
2908 666 3178 737 πολέμους
3211 666 3434 737 ἀρκέσαι
3467 666 3775 735 δυναμένην

2110 751 2288 822 μόνον,
2321 750 2455 802 ἀλλὰ
2487 750 2580 801 καὶ
2602 748 2737 819 πρὸς
2772 748 2867 812 τὰς
2890 749 2996 800 τῶν
3017 748 3282 818 δαιμόνων
3308 749 3616 816 φάλαγγας.
3651 747 3775 799 Τοῦ-

2106 852 2197 887 τον
2220 833 2401 885 τοίνυν
2431 831 2520 884 καὶ
2549 833 2707 901 ἡμεῖς
2742 831 3129 902 μιμησώμεθα,
3172 833 3220 884 οἱ
3256 832 3457 885 ἰδιῶται
3490 831 3582 884 τὸν
3627 831 3775 899 βασι.

2105 914 2222 977 λέα,
2253 914 2341 967 τὸν
2375 914 2699 983 ἀπράγμονα
2731 914 2822 966 καὶ
2855 913 3077 984 ἡσύχιον
3113 914 3225 985 βίον
3270 914 3562 984 μετιόντες,
3601 915 3696 967 τὸν
3722 918 3775 968 ἐν

2107 996 2382 1068 ἁλουργίδι
2414 996 2506 1048 καὶ
2534 994 2842 1065 διαδήματι,
2876 997 2965 1049 τὸν
2997 996 3102 1049 τῶν
3140 996 3385 1066 μοναχῶν
3426 996 3536 1064 βίον
3567 997 3775 1068 ὑπερα-

2106 1079 2443 1132 κοντίσαντα.
2480 1079 2676 1130 Ἀκουε
2705 1077 2812 1147 γάρ
2838 1078 2997 1131 πάλιν
3036 1077 3197 1131 αὐτοῦ
3223 1077 3452 1147 ἀλλαχοῦ
3491 1078 3770 1147 λέγοντος·

2120 1161 2404 1229 Ἐγενήθη
2460 1159 2533 1211 τὰ
2578 1158 2807 1226 δάκρυά
2851 1178 2971 1229 μου
3012 1161 3141 1229 ἐμοὶ
3179 1160 3357 1228 ἄρτος
3402 1162 3634 1229 ἡμέρας
3680 1164 3774 1215 καί

2106 1244 2346 1306 νυκτός.
2386 1238 2537 1303 Εἶδες
2581 1241 2757 1311 ψυχὴν
2787 1244 2844 1294 ἐν
2883 1243 3120 1311 διηνεκεῖ
3159 1243 3442 1307 κατανύξει
3475 1245 3769 1313 τυγχάνου-

2108 1342 2237 1385 σανς
2275 1326 2337 1376 'H
2364 1326 2535 1395 τροφή
2568 1343 2690 1394 μου,
2723 1325 2907 1393 φησὶν,
2939 1326 2967 1376 6
2990 1325 3151 1396 ἀρτος
3182 1343 3304 1395 μου,
3332 1328 3365 1397 ἡ
3400 1328 3647 1391 ἐστίασίς
3676 1348 3770 1397 μου

2106 1408 2254 1461 οὐδὲν
2282 1408 2465 1476 ἕτερον
2491 1403 2577 1477 ἦν,
2602 1408 2633 1477 ἢ
2662 1407 2729 1459 τά
2748 1407 2960 1477 δάκρυά
2990 1425 3089 1476 μου
3116 1408 3173 1459 ἐν
3192 1411 3343 1461 νυκτὶ
3370 1411 3461 1462 καὶ
3489 1412 3546 1461 ἐν
3569 1411 3768 1481 ἡμέρα.

2106 1491 2214 1544 Καὶ
2246 1490 2426 1549 πάλιν,
2470 1490 2792 1542 Ἐκοπίασα
2821 1489 2889 1541 ὲν
2934 1489 3014 1555 τῷ
3041 1491 3350 1560 στεναγμῷ
3388 1510 3527 1560 μου,
3568 1496 3771 1546 ,ιούσω

2106 1574 2233 1627 καθ’
2274 1571 2540 1637 ἑκάστην
2584 1572 2772 1624 νύκτα
2820 1570 2935 1639 τὴν
2984 1572 3202 1639 κλίνην
3242 1591 3383 1641 μου.
3434 1576 3499 1627 Τί
3540 1575 3771 1646 ἐροῦμεν

2106 1658 2264 1727 ἡμεῖς
2302 1658 2334 1725 ἢ
2382 1657 2433 1709 τί
2478 1654 2947 1725 ἀπολογησόμεθα,
2976 1656 3094 1708 οὐδέ
3127 1657 3224 1725 τὴν
3272 1657 3391 1725 ἴσην
3427 1657 3505 1728 τῷ
3567 1658 3771 1727 βασιλεῖ

2104 1739 2180 1807 τῷ
2212 1739 2317 1790 ὐπὸ
2346 1739 2613 1792 τοσούτων
2652 1738 2991 1809 πραγμάτων
3038 1739 3438 1810 περισπωμένῳ
3483 1742 3771 1807 κατάνυξιν

2105 1821 2473 1886 ἐπιδείξασθαι
2510 1820 2854 1890 βουλόμενοι;
2890 1820 2953 1872 Τί
2986 1819 3113 1890 γὰρ,
3153 1822 3271 1873 εἰπέ
3299 1838 3408 1891 μοι,
3438 1822 3545 1873 τῶν
3576 1823 3771 1890 ὀφθαλο

2108 1900 2223 1971 μῶν
2270 1902 2492 1954 ἐκείνων
2531 1901 2855 1972 ώραιότερον
2897 1901 3005 1953 τῶν
3051 1901 3155 1953 ὐπὸ
3186 1902 3283 1971 τῆς
3337 1903 3618 1971 συνεχείας
3668 1903 3772 1955 τῶν

2103 1982 2371 2057 δακρύων,
2408 1983 2656 2053 καθάπερ
2690 1984 2793 2036 ὐπὸ
2824 1983 3174 2054 μαργαριτῶν
3206 2000 3385 2042 τινων,
3433 1986 3771 2038 κεκαλλωπι-

2106 2068 2351 2137 σμένων;
2385 2065 2534 2129 Εἶδες
2562 2067 2651 2119 τὸν
2700 2065 2923 2135 βασιλέα
2973 2067 3067 2119 καί⁵
3096 2067 3153 2118 ἐν
3178 2069 3333 2119 νυκεεί⁵
3370 2067 3460 2120 καὶ
3488 2070 3545 2120 ὲν
3591 2070 3771 2138 ἡμέρᾳ

2104 2150 2358 2221 δακρύοις
2382 2150 2476 2203 καὶ
2507 2150 2688 2220 εὐχαῖς
2719 2149 2908 2204 ἑαυτὸν
2931 2150 3262 2204 ἐκδεδωκότα
3280 2169 3293 2182 ·
3319 2152 3421 2222 δρα
3444 2154 3539 2205 καὶ
3562 2153 3657 2205 τὸν
3680 2155 3769 2223 τῆς

2104 2234 2428 2305 οἰκουμένης
2479 2232 2792 2287 διδάσκαλον
2841 2234 2899 2286 ὲν
2952 2233 3307 2304 δεσμωτηρίῳ
3357 2233 3767 2304 καθειργμένον,

2106 2318 2201 2371 καὶ
2232 2317 2356 2380 τοὺς
2388 2315 2553 2377 πόδας
2586 2314 2777 2385 ἔχοντα
2814 2316 2870 2367 ἐν
2903 2314 2979 2385 τῷ
3008 2314 3147 2386 ξύλῳ
3176 2315 3633 2386 προσδεδεμένως
3660 2317 3768 2385 ἀμα

2104 2398 2183 2469 τῷ
2216 2399 2365 2469 Σίλᾳ,
2394 2399 2489 2451 καὶ
2522 2396 2610 2451 διὰ
2632 2396 2810 2465 πάσης
2840 2399 2936 2467 τῆς
2956 2401 3149 2463 νυκτὸς
3171 2399 3623 2469 προσευχόμενον,
3652 2400 3768 2451 οὕτε

2104 2482 2209 2535 ὐπὸ
2234 2482 2331 2552 τῆς
2359 2480 2569 2551 ὀδύνης,
2593 2479 2714 2534 οὕτε
2743 2481 2846 2534 ὐπὸ
2873 2481 2979 2535 τῶν
3005 2482 3216 2552 δεσμῶν
3246 2483 3607 2554 κωλυόμενον,
3641 2484 3769 2536 ἀλλὰ

2102 2564 2274 2635 ταύτῃ
2324 2564 2519 2634 μᾶλλον
2550 2563 2700 2635 [504]
2748 2563 2913 2617 πολὺν
2959 2565 3052 2617 καὶ
3103 2564 3427 2635 θερμότερον
3478 2566 3569 2619 τὸν
3611 2567 3769 2619 πόθον

2104 2647 2543 2719 ἐπιδεικνύμενον
2584 2648 2675 2701 τὸν
2711 2648 2837 2719 περὶ
2878 2646 2968 2700 τὸν
3008 2648 3320 2718 Δεσπότην·
3362 2647 3605 2714 Παῦλος
3641 2650 3765 2718 γάρ,

2105 2730 2258 2801 φησι,
2284 2731 2380 2785 καί
2406 2732 2589 2795 Σίλας
2610 2730 2758 2783 κατὰ
2786 2730 2851 2783 τὸ
2877 2731 3276 2799 μεσονύκτιον
3299 2734 3767 2800 προσευχόμεσθα

2103 2814 2337 2883 ὕμνουν
2373 2814 2479 2867 τὸν
2512 2815 2679 2868 Θεόν.
2722 2814 2777 2866 '0
2805 2813 2967 2866 Δαυῒδ
3002 2815 3057 2865 ἐν
3089 2813 3333 2884 βασιλεία
3362 2814 3453 2866 καὶ
3482 2815 3767 2885 διαδήματι

2103 2894 2358 2964 δακρύοις
2406 2895 2498 2947 καὶ
2528 2896 2711 2962 εὐχαῖς
2753 2892 2967 2945 ἅπαντα
3011 2894 3101 2945 τὸν
3133 2892 3244 2961 βίον
3288 2894 3767 2963 κατανήλισκενοὸ

2102 2972 2442 3035 Ἀπόστολος,
2476 2972 2503 3023 6
2531 2974 2608 3035 εἰς
2636 2970 2814 3042 τρίτον
2841 2972 3068 3043 οὐρανὸν
3084 2972 3370 3041 ἀρπαγεὶς,
3407 2975 3436 3027 ό
3466 2974 3575 3027 τῶν
3606 2976 3767 3045 ἀπορ-

2107 3054 2283 3123 ρἡων
2310 3051 2556 3115 ἀξιωθεὶς
2593 3050 2924 3120 μυστηρίων,
2955 3053 3012 3104 ἐν
3049 3051 3262 3126 δεσμοῖς
3307 3052 3595 3122 τυγχάνων
3635 3055 3767 3107 κατά

2105 3132 2163 3185 τὸ
2192 3131 2353 3202 μέσον
2377 3134 2475 3201 τῆς
2515 3128 2702 3192 νυκτὸς
2731 3130 3037 3201 προσευχάς
3070 3129 3162 3184 καὶ
3204 3129 3404 3201 ὕμνους
3438 3133 3673 3204 ἀνέφερε
3701 3132 3767 3201 τῷ

2105 3212 2382 3284 Δεσπότῃ·
2434 3210 2529 3263 καί¹
2576 3212 2604 3262 6
2662 3208 2912 3279 βασιλεὺς
2967 3206 3311 3279 μεσονύκτιον
3365 3209 3765 3282 ἐξεγειρόμενος

2105 3289 2510 3358 ἐξωμολογεῖτο,
2538 3288 2628 3339 καὶ
2654 3289 2702 3340 οἰ
2733 3287 3017 3341 ἀπόστολοι
3050 3287 3186 3341 κατὰ
3209 3288 3269 3341 τὸ
3298 3288 3654 3357 μεσονύκτιον
3686 3293 3764 3343 ἐκ·

2103 3371 2275 3431 τενεῖς
2307 3368 2405 3430 τάς
2439 3366 2741 3439 προσευχὰς
2775 3366 2867 3418 καὶ
2911 3367 3037 3429 τούς
3069 3365 3268 3436 ὕμνους
3312 3367 3613 3423 ἐποιοῦντο.
3643 3370 3764 3422 Τού-

2103 3465 2229 3510 τους
2260 3446 2621 3518 μιμησώμεθα
2650 3447 2742 3499 καὶ
2772 3446 2953 3516 ἡμεῖς,
2985 3448 3076 3500 καὶ
3098 3447 3161 3516 τῇ
3195 3445 3439 3517 συνεχείᾳ
3466 3447 3579 3499 τῶν
3607 3466 3763 3519 προσ·

2105 3528 2279 3596 ευχῶν
2324 3527 2649 3596 τειχίζωμεν
2694 3526 2853 3596 ἡμῶν
2908 3527 3005 3599 τὴν
3050 3525 3229 3597 ζωὴν,
3284 3528 3375 3580 καὶ
3424 3528 3597 3598 μηδὲν
3643 3532 3763 3599 ἡμῖν

2104 3623 2235 3659 ποτε
2266 3605 2493 3676 κώλυμα
2538 3604 2795 3673 γενέσθω.
2831 3605 2994 3659 Οὐδέν
3026 3606 3132 3676 γάρ
3164 3606 3310 3659 ἐστιν
3345 3607 3477 3676 ἡμῖν
3526 3606 3587 3660 τὸ
3619 3609 3763 3663 δυνά-

2108 3701 2267 3754 μενον
2292 3683 2600 3753 ὲμποδίσαι,
2618 3684 2712 3738 ἐὰν
2731 3684 3008 3754 νήφωμεν.
3150 3683 3259 3755 γάρ
3280 3684 3447 3738 τόπου
3471 3687 3760 3759 χρῄζομεν,

2104 3764 2136 3835 ἢ
2168 3762 2393 3834 καιροῦ;
2426 3764 2539 3826 Πᾶς
2567 3763 2750 3826 τόπος,
2786 3764 2893 3825 πᾶς
2932 3763 3121 3834 καιρὸς
3148 3763 3447 3833 ἐπιτήδειος
3475 3768 3617 3835 ἡμῖν
3643 3770 3761 3840 πρὸς

2102 3843 2201 3911 τὴν
2243 3840 2497 3912 τοιαύτην
2537 3841 2813 3913 πρόσοδον.
2864 3842 3062 3894 Ἄκουε
3106 3842 3215 3914 γὰρ
3260 3842 3419 3896 πάλιν
3469 3844 3641 3898 αὐτοῦ
3680 3847 3761 3897 τοῦ

2100 3925 2420 3981 διδασκάλου
2447 3924 2544 3994 τῆς
2582 3925 2903 3995 οἰκουμένης
2941 3924 3217 3992 λέγοντος*
3259 3926 3358 3979 Ἐν
3387 3927 3571 3979 παν-τί
3617 3930 3761 3993 τόπῳ

2101 4006 2449 4072 ἐπαίροντες
2488 4003 2697 4069 ὁσίους
2729 4003 2931 4072 χεῖρας
2962 4002 3139 4071 χωρὶς
3166 4003 3348 4071 ὀργῆς
3378 4005 3477 4057 καὶ
3515 4005 3758 4071 διαλογι-

2102 4085 2281 4154 σμοῦ.
2315 4084 2411 4136 Ἂν
2433 4081 2531 4151 τὴν
2562 4081 2797 4135 διάνοιαν
2821 4082 2949 4153 ἔχῃς
2976 4079 3381 4151 καθαρεύουσαν
3413 4082 3530 4138 τῶν
3557 4085 3758 4137 ἀτόπων

2102 4161 2315 4226 παθῶν,
2344 4161 2444 4214 κᾶν
2477 4162 2533 4212 ἐν
2564 4160 2739 4231 ἀγορᾷ
2769 4155 2855 4233 ᾖς,
2891 4158 2995 4212 κᾶν
3017 4160 3073 4211 ἐν
3098 4158 3263 4229 οἰκίᾳ,
3293 4159 3395 4214 κᾶν
3422 4160 3481 4213 ἐν
3509 4162 3639 4232 ὁδῷ,
3670 4164 3754 4214 χειν

2102 4244 2159 4296 ἐν
2187 4237 2521 4311 δικαστηρίῳ
2559 4236 2860 4309 παρεστὼς,
2891 4237 2993 4311 κᾶν
3022 4238 3077 4290 ἐν
3103 4233 3365 4310 θαλάσσῃ,
3395 4238 3500 4292 κᾶν
3541 4244 3601 4294 ἐν
3636 4258 3755 4293 suv-

2099 4318 2308 4391 δοχείῳ,
2337 4307 2441 4372 κάν
2466 4307 2552 4370 ἐπ’
2596 4307 2938 4388 ἐργαστηρίῳ
2965 4307 3031 4389 ᾖς
3074 4307 3343 4387 έστηκὼς,
3382 4318 3486 4371 κάν
3526 4320 3761 4391 δπσυπεμ

2099 4397 2168 4454 ἃν
2198 4394 2285 4470 ᾖς,
2328 4397 2531 4469 δυνὴσῃ
2573 4395 2665 4448 τὸν
2703 4395 2834 4448 Θεὸν
2867 4394 3099 4458 καλέσας
3152 4397 3421 4465 ἐπιτυχεῖν
3469 4398 3577 4469 τῆς
3629 4402 3755 4469 amr

2102 4494 2258 4540 σεως.
2292 4475 2467 4544 Ὅπερ
2502 4473 2720 4538 εἰδότες,
2748 4473 3066 4544 παρακαλῶ,
3098 4474 3232 4543 μετά
3261 4473 3360 4542 τῆς
3392 4478 3656 4544 νηστείας
3678 4478 3755 4531 καὶ

2100 4556 2199 4625 τῆς
2247 4554 2553 4625 προσευχῆς
2586 4553 2687 4622 τὴν
2738 4554 3023 4624 ἀκρίϐειαν
3070 4552 3483 4622 ἐπιδειξώμεθα,
3524 4558 3625 4609 καί

2099 4632 2345 4687 ἐντεῦθεν
2380 4632 2691 4701 συμμαχίαν
2739 4633 2950 4693 ἑαυτοῖς
2977 4632 3470 4700 κατασκευάσωμεν
3491 4650 3510 4667 ο
3547 4635 3637 4687 ἵνα
3674 4636 3757 4703 τῆς

2100 4713 2231 4784 παρ’
2275 4711 2438 4765 αὐτοῦ
2486 4711 2656 4780 ῥοπῆς
2694 4711 3020 4781 ἀξιούμενοι,
3068 4710 3161 4764 καὶ
3211 4711 3300 4763 τὸν
3354 4712 3609 4781 παρόντα
3661 4710 3757 4785 βίᾶ

2098 4791 2404 4863 εὐαρέστως
2432 4790 2579 4860 αὐτῷ
2605 4789 2960 4860 διανύσωμεν,
2994 4791 3086 4843 καὶ
3118 4790 3174 4843 ἐν
3201 4789 3276 4858 τῷ
3303 4790 3555 4859 μέλλοντι
3581 4795 3755 4863 φιλαντ

2100 4870 2344 4941 θρωπίας
2395 4869 2537 4933 τινὸς
2570 4869 2910 4937 ἀξιωθῶμεν,
2962 4868 3142 4937 χάριτι
3196 4868 3287 4941 καὶ
3315 4869 3631 4939 οἰκτιρμοίς
3675 4868 3755 4927 toi

2098 4940 2301 5019 Κυρίου
2335 4947 2492 5018 ἡμῶν
2551 4948 2722 5019 Ἰησοῦ
2761 4947 3017 5018 Χριστοῦ,
3052 4946 3172 5018 μεθ’
3198 4940 3258 5000 οὕ
3299 4946 3373 5015 τῷ
3410 4948 3618 5021 Πατρί,
3654 4954 3753 5021 ἄμα

2096 5028 2175 5099 τῷ
2199 5028 2337 5098 ἀγίῳ
2368 5026 2663 5097 Πνεύματι,
2696 5025 2842 5091 δόξα,
2873 5025 3088 5097 κράτος,
3114 5025 3265 5097 τιμὴ,
3294 5025 3386 5078 νῦν
3414 5028 3512 5080 καὶ
3542 5030 3651 5093 ἀεὶ,
3675 5025 3753 5099 μή

2096 5110 2176 5170 εἰς
2207 5107 2332 5169 τοὺς
2364 5105 2565 5168 αἰῶνας
2599 5104 2705 5158 τῶν
2741 5103 2968 5159 αἰώνων.
3013 5104 3198 5175 Ἀμήν.

2711 5187 2953 5240 ΟΜΙΛΙΑ
3003 5189 3127 5240 AA'.

2094 5273 2219 5350 Ka2_
2242 5268 2643 5350 ἤλασε-Θάρρα
2674 5270 2779 5350 τόν
2800 5272 3032 5350 ’Ἅϐρᾳμ
3077 5270 3174 5350 καὶ
3352 5270 3576 5350 Λξαχρξρ
3631 5275 3747 5350 τοὺς

2162 5343 2328 5405 υἱοὺς
2370 5339 2576 5402 αὐτοῦ,
2613 5340 2710 5393 καὶ
2751 5340 2857 5393 τὸν
2890 5338 3017 5393 Λὼτ
3061 5340 3166 5393 τὸν
3216 5340 3351 5393 υἱὸν
3393 5338 3620 5408 Ἄβραν
3664 5338 3749 5408 rei}

2162 5410 2297 5466 υίοῦ
2335 5410 2541 5472 αὐτοῦ,
2594 5410 2690 5462 καί
2733 5409 2846 5475 τὴν
2873 5410 3069 5477 Σάραν
3103 5409 3217 5477 τὴν
3258 5411 3498 5477 νύμφην
3556 5412 3745 5475 αὐτοῦ,

2162 5480 2416 5549 γυναῖκα
2448 5478 2515 5532 δὲ
2553 5482 2770 5550 ςἈϐραμ
2796 5480 2901 5533 τοῦ
2925 5481 3055 5550 υΙοῦ
3082 5478 3265 5550 αὐτοῦ
3285 5496 3299 5509 ο
3328 5480 3423 5531 καὶ
3463 5480 3747 5550 ἐξήγαγεὴ

2162 5548 2382 5615 αὐτοὺς
2405 5548 2612 5619 ἐκητιῆς
2645 5550 2838 5619 χώρας
2876 5549 2993 5601 τῶν
3023 5548 3348 5619 λἀζδαίων,
3392 5548 3747 5619 πορειιὲλῆιαὴ

2162 5624 2251 5687 εἰς
2277 5614 2392 5689 γῆν
2420 5618 2539 5693 τῶν
2563 5614 2958 5693 ¹Χὰνὰιςαίων
2992 5619 3085 5672 καὶ
3118 5614 3300 5688 ἦλθεν
3345 5614 3479 5684 ἕως
3500 5623 3745 5693 Χαρῤὰν,

2162 5693 2257 5747 καὶ
2287 5688 2633 5754 κατῴκησεν
2662 5689 2801 5742 ἐκεῖ.
3744 5688 3745 5747 γ

2167 5776 2705 5848 α’.ἰίολλάςύμῖνὲχω
2727 5776 2971 5847 χάριτας,
3019 5777 3098 5831 ὅτι
3145 5792 3201 5828 τε
3252 5774 3369 5846 μεθ’
3412 5776 3611 5847 ἡδονῆς
3651 5776 3739 5827 ἐξέο

3740 4361 3758 4530 ξ

3740 4576 3757 4835 ἒ

3740 4846 3755 4925 ι

3740 4968 3753 5103 ἓ

3740 5534 3747 5673 ί

3744 5722 3745 5817 ἰ

3742 5914 3743 5997 ι

3740 6098 3741 6169 ι
