3788 6256
142 220 230 275 281
1156 238 1220 296 ην
1258 240 1414 299 CAP.
1454 239 1547 301 XI.
1588 247 1830 309 GENES.
1871 253 2101 310 IIOMIL.
2143 255 2335 311 XXXI.

140 333 309 402 rogavi
338 333 414 405 (2.
438 331 556 392 Cor.
589 338 678 393 η.
702 338 780 411 8).
808 334 937 410 Ter,
968 343 1020 400 id
1045 358 1156 413 est,
1207 355 1412 408 vocavit
1460 371 1602 426 stupe
1649 370 1704 415 et

142 443 237 479 non
267 428 584 498 impetravit.
612 433 901 491 Videamus
922 453 1049 509 ergo
1072 445 1341 510 quomodo
1359 445 1579 504 allectus
1596 450 1709 503 lue-

140 520 218 571 rit.
246 517 377 572 Nunt
406 523 665 589 gravatim
694 527 844 581 tulit?
878 545 1002 584 uum
1028 534 1241 602 segnior
1268 535 1405 590 fuit?
1432 556 1558 594 num
1605 542 1709 595 ob-

140 610 360 676 torpuit?
397 610 632 668 Minime.
664 615 769 670 Sed
796 618 922 687 quid
947 621 1157 690 inquit?
1193 624 1328 679 Dixit
1360 644 1373 680 :
1407 623 1601 700 Sufﬁcit
1622 632 1709 685 tibi

137 700 292 765 gratia
322 717 451 754 mea.
505 701 681 759 Virtus
727 709 858 761 enim
891 726 1002 763 mea
1031 713 1084 765 in
1111 714 1403 781 inﬁrmitate
1449 720 1709 788 perﬁcitur

136 788 289 857 (Ibid.
320 807 371 845 υ.
399 793 475 863 9).
505 796 619 851 Non
643 799 815 854 solum
845 817 949 855 non
979 804 1221 861 liberavit
1260 808 1405 864 illum
1427 815 1706 880 praisenti-

136 880 226 933 bus
250 885 423 948 malis,
475 888 570 943 sed
602 889 654 943 in
703 891 836 960 ipsis
866 909 1208 963 perseverare
1245 903 1501 969 permisit.
1540 906 1703 960 Esto:

135 970 221 1025 sed
272 974 410 1029 unde
434 977 687 1035 discimus
713 997 835 1036 eum
880 1000 987 1039 non
1036 991 1267 1056 graviter
1311 992 1531 1048 tulisse?
1569 996 1704 1051 Audi

136 1062 344 1120 Paulum
366 1067 653 1137 dicentem,
706 1082 985 1145 postquam
1016 1078 1199 1133 didicit
1226 1095 1288 1134 ea
1314 1098 1433 1151 qua:
1480 1085 1704 1139 Domino

136 1152 311 1220 placita
352 1168 507 1212 erant
535 1177 548 1213 :
576 1160 814 1216 Libenter
839 1166 994 1236 igitur
1018 1168 1278 1238 gloriabor
1304 1174 1357 1226 in
1390 1175 1701 1243 inﬁrmitati-

134 1245 215 1297 bus
235 1247 376 1301 meis.
407 1247 523 1302 Non
567 1253 759 1317 solum,
798 1255 987 1324 inquit,
1040 1257 1291 1331 deinceps
1330 1263 1542 1319 liberari
1595 1282 1700 1322 non

134 1336 352 1405 requiro,
380 1340 471 1393 sed
501 1352 553 1396 et
575 1345 761 1414 majori
787 1350 1054 1418 voluptate
1082 1351 1348 1421 gloriabor
1370 1356 1420 1408 in
1444 1356 1571 1412 illis.
1613 1359 1703 1414 Vi-

132 1424 242 1479 disti
267 1437 469 1494 gratam
496 1432 769 1488 animam?
814 1437 989 1492 vidisti
1012 1440 1128 1508 ejus
1154 1442 1204 1495 in
1237 1443 1400 1497 Deum
1432 1450 1702 1503 amorem?

131 1514 255 1568 Audi
273 1517 719 1578 etiamdicentem
749 1542 763 1578 :
803 1525 940 1591 Quid
968 1532 1101 1581 enim
1125 1547 1388 1600 precemur
1408 1545 1461 1588 ut
1485 1546 1697 1606 oportet,

130 1607 361 1663 nescimus
392 1610 568 1680 (Rom.
594 1613 650 1669 8.
671 1616 783 1687 26).
813 1618 1168 1690 impossibile,
1217 1626 1407 1695 inquit,
1435 1638 1537 1694 est,
1578 1646 1697 1687 cum

131 1710 218 1750 nos
244 1700 487 1755 homines
542 1705 728 1773 simus,
775 1710 952 1763 omnia
983 1720 1130 1766 crrto
1175 1715 1332 1769 scire.
1376 1716 1700 1789 Relinquen-

128 1788 239 1842 dum
270 1806 400 1862 ergo
441 1794 543 1850 hoc
565 1806 647 1852 est
683 1801 922 1855 omnium
971 1803 1285 1871 Conditori;
1332 1788 1698 1880 suntendaque

128 1891 237 1934 sunt
269 1898 392 1938 cum
418 1888 610 1953 gaudio
632 1900 684 1944 et
725 1892 993 1962 voluptate
1013 1909 1363 1966 quaecumque
1384 1900 1498 1968 ipse
1523 1901 1700 1955 voluc-

128 1971 230 2038 rit;
261 1989 359 2029 nec
409 1980 755 2046 spectandum
785 1983 851 2036 ad
908 1985 1141 2052 speciem
1184 2001 1368 2042 eorum
1419 2006 1540 2059 qua:
1569 2009 1697 2046 eve-

129 2063 284 2131 ttiunt,
306 2064 403 2120 sed
431 2069 558 2136 quid
586 2082 861 2141 acceptum
887 2073 953 2127 sit
978 2074 1221 2129 Domino.
1244 2078 1343 2145 Qui
1364 2081 1505 2134 enim
1531 2084 1696 2153 magis

124 2153 213 2207 scit
245 2154 368 2225 quid
397 2157 549 2213 nobis
577 2164 760 2229 prosit,
789 2179 943 2232 quam
974 2164 1071 2233 ipsi
1100 2180 1219 2234 nos,
1240 2167 1355 2238 ipse
1382 2171 1532 2225 novit
1558 2187 1693 2241 quo-

124 2244 268 2298 modo
295 2247 440 2303 salus
460 2261 641 2305 nostra
666 2253 921 2321 paranda.

184 2332 233 2388 6.
271 2334 523 2393 Nostrum
554 2354 682 2410 ergo
728 2358 889 2396 unum
936 2345 1005 2399 sit
1048 2360 1200 2416 Opus,
1230 2348 1499 2404 continuis
1560 2351 1692 2406 insi-

120 2434 249 2480 stere
277 2428 544 2497 precibus,
577 2441 633 2486 et
660 2448 766 2489 non
800 2450 943 2504 aegre
985 2434 1123 2492 l‘erre
1161 2438 1207 2492 si
1235 2439 1509 2495 ditl‘eratur
1551 2445 1690 2512 quod

121 2515 360 2584 petimus,
414 2520 507 2574 sed
558 2522 777 2577 multaut
821 2526 1126 2594 patientiam
1177 2529 1449 2586 exhibere.
1503 2532 1685 2604 Neque

123 2605 249 2659 enim
294 2608 538 2665 abnuens
563 2626 751 2680 preces
792 2622 1003 2670 nostras
1028 2616 1206 2672 dili‘ert
1250 2637 1264 2674 :
1304 2621 1397 2675 sed
1445 2623 1544 2676 hac
1578 2636 1693 2681 arte

116 2695 318 2752 sedulos
341 2715 444 2754 nos
473 2700 733 2769 efﬁciens,
777 2704 845 2759 ad
872 2708 1216 2777 semetipsum
1244 2722 1498 2781 perpetuo
1522 2724 1692 2769 attra-

122 2788 234 2843 here
264 2794 397 2844 vult.
437 2793 569 2847 Natu
610 2805 661 2850 et
693 2806 842 2865 pater
870 2799 1034 2867 prolis
1075 2814 1261 2857 amans
1290 2818 1410 2857 cum
1457 2819 1487 2858 a
1526 2821 1691 2875 puero

118 2890 335 2947 rogatur,
366 2884 573 2952 abnuit,
598 2901 702 2941 non
744 2889 886 2958 quod
915 2889 1043 2945 dare
1083 2892 1236 2959 nolit,
1280 2896 1373 2949 sed
1403 2907 1459 2950 ut
1483 2898 1548 2952 ad
1577 2897 1688 2954 diu-

118 2972 209 3024 tius
231 2971 546 3029 adstandum
574 2979 863 3047 pertrahat.
892 2979 1018 3035 Hth
1044 2983 1221 3052 itaque
1253 2985 1481 3042 scientes
1501 3002 1568 3042 ne
1588 2988 1687 3044 de-

116 3078 404 3133 speremus,
424 3084 491 3123 tte
511 3085 784 3127 cessemus
800 3088 921 3127 eum
944 3074 1118 3141 adire,
1151 3088 1206 3131 et
1231 3094 1417 3146 preces
1446 3081 1685 3137 fundere.

117 3159 305 3213 Etenim
333 3161 380 3214 si
403 3165 672 3220 crudelem
695 3176 748 3221 et
774 3166 1119 3222 inhumanum
1145 3170 1290 3226 illum
1317 3173 1574 3242 judicem,
1595 3176 1684 3245 qui

113 3275 269 3331 neque
292 3265 459 3320 Deum
479 3266 717 3334 timebat,
740 3269 976 3324 mulieris
991 3267 1245 3322 sedulitas
1264 3268 1458 3338 coegit,
1482 3278 1531 3323 et
1562 3283 1687 3338 pro-

114 3355 300 3409 vocavit
320 3365 381 3410 ut
404 3356 504 3411 sibi
532 3369 864 3415 succurreret
892 3359 1043 3431 (Luc.
1069 3358 1230 3415 18.2.
1257 3376 1362 3429 sqq.
1389 3362 1407 3429 )
1441 3378 1455 3413 :
1488 3370 1685 3428 quanto

112 3448 263 3515 magis
302 3463 442 3515 nos,
488 3451 532 3503 si
574 3451 899 3507 voluerimus
947 3453 1088 3507 illam
1135 3452 1328 3506 imitari
1381 3451 1680 3518 mulierem,

112 3536 171 3589 ad
214 3539 581 3607 opitulandum
626 3543 780 3596 nobis
808 3544 1218 3610 provocabimus
1247 3553 1580 3598 mansuetmn
1628 3552 1682 3597 et

111 3630 495 3689 misericordem
529 3644 768 3689 nostrum
814 3637 1117 3701 Dominum,
1152 3636 1582 3705 compatientem,
1630 3644 1685 3689 et

108 3720 167 3772 ad
190 3722 416 3778 salutem
447 3735 682 3779 nostram
706 3728 1112 3781 occurrentem?
1138 3726 1247 3782 Nos
1276 3742 1404 3797 ergo
1430 3729 1677 3787 institua-

110 3826 232 3877 mus,
281 3824 339 3869 ut
375 3815 591 3872 dillicile
638 3819 963 3888 avellantur,
1019 3828 1073 3875 et
1119 3831 1376 3890 perpetuo
1431 3821 1681 3889 precibus

112 3902 483 3971 incumbamus,
515 3918 619 3962 tant
645 3909 752 3974 die,
776 3926 934 3981 quam
962 3918 1150 3975 noctu;
1176 3910 1283 3967 into
1302 3912 1471 3979 magis
1496 3921 1681 3980 noctu,

106 3997 303 4062 quando
324 3999 507 4054 nullus
533 4001 870 4068 interturbat,
902 4003 1114 4073 quando
1158 4018 1347 4072 magna
1399 4004 1678 4073 c0gitatio-

110 4102 218 4142 num
265 4091 652 4161 tranquillitas,
707 4095 921 4164 quando
968 4095 1143 4149 nullus
1196 4094 1338 4149 domi
1391 4096 1671 4163 tumultus,

107 4182 299 4247 quando
354 4185 531 4240 nullus
568 4180 655 4242 est
678 4188 766 4257 qui
795 4187 864 4242 ab
891 4203 1107 4243 accessu
1131 4188 1404 4259 prohibeat
1430 4201 1480 4245 et
1505 4189 1673 4244 abdu-

106 4282 196 4340 cat,
222 4277 437 4345 quando
457 4288 640 4333 erecta
662 4295 814 4336 mens
834 4280 1011 4335 omnia
1044 4282 1327 4352 diligenter
1355 4281 1557 4337 referre
1581 4297 1676 4350 po-

94 4373 199 4429 test
220 4367 519 4424 animarum
549 4371 779 4426 medico.
809 4371 865 4427 Si
913 4373 1057 4427 enim
1107 4374 1294 4429 beatus
1345 4373 1530 4440 David,
1582 4389 1677 4429 rex

105 4457 323 4517 simulac
348 4462 628 4532 propheta,
648 4465 807 4520 tantis
836 4466 1120 4536 implicitus
1154 4466 1403 4536 negotiis,
1438 4482 1674 4536 purpura

105 4558 151 4602 et
174 4549 471 4608 diademate
498 4556 723 4610 amictus
745 4596 761 4620 ,
793 4556 933 4611 dicat
963 4575 979 4612 :
1006 4556 1179 4610 Media
1221 4566 1366 4612 nocte
1408 4557 1673 4627 surgebam

102 4642 162 4693 ad
178 4644 512 4711 conﬁtendum
536 4645 624 4701 tibi
641 4663 792 4718 super
794 4648 998 4718 judicia
1012 4648 1228 4719 justitia:
1241 4658 1342 4702 tua:
1369 4646 1569 4719 (Psal.l
1587 4648 1670 4705 I8.

104 4730 183 4799 62)
216 4751 229 4787 :
256 4734 385 4804 quid
415 4751 513 4791 nos
540 4737 777 4792 dicemus
802 4740 892 4808 qui
922 4740 1176 4809 privatam
1220 4748 1275 4794 et
1322 4739 1546 4793 otiosam
1590 4746 1670 4792 vi-

106 4828 199 4875 tum
223 4824 447 4894 agimus,
505 4842 678 4896 neque
728 4827 914 4883 eadem
944 4844 1063 4899 quae
1112 4829 1201 4883 i.le
1237 4828 1501 4883 iacimus?
1536 4828 1669 4884 Nam

111 4926 220 4967 cum
241 4915 291 4968 in
318 4914 407 4970 die
434 4916 616 4972 multis
639 4919 1060 4975 circumdaretur
1101 4921 1264 4983 curis,
1313 4921 1571 4990 negotiis,
1616 4930 1671 4976 et

105 5008 421 5077 tumultibus,
447 5026 543 5067 nec
566 5019 776 5083 tempus
800 5015 1063 5071 inveniret
1090 5025 1268 5085 aptum
1288 5030 1386 5071 suo
1408 5018 1474 5072 ad
1502 5017 1668 5072 Deum

101 5100 345 5164 accessui,
379 5104 773 5173 tranquillitatis
802 5116 1028 5176 tempus,
1067 5108 1209 5177 quod
1233 5109 1323 5163 alii
1349 5124 1537 5165 somno
1564 5112 1665 5166 im-

104 5190 324 5253 pendunt
348 5194 401 5248 in
448 5196 696 5252 mollibus
732 5199 913 5254 stratis
938 5201 1330 5269 recumbentes,
1362 5212 1416 5258 et
1444 5202 1567 5259 hinc
1613 5215 1668 5259 et

103 5280 213 5337 inde
248 5300 306 5341 se
334 5299 628 5357 versantes,
669 5307 764 5346 rex
809 5295 968 5347 tantis
1007 5294 1280 5350 districtus
1308 5296 1471 5358 euris,
1508 5312 1663 5353 acce-

102 5369 246 5427 dendi
271 5374 337 5430 ad
362 5377 528 5434 Deum
550 5390 758 5450 tempus
778 5380 1024 5450 meiebat,
1050 5385 1271 5439 seorsim
1296 5385 1403 5440 Deo
1420 5385 1661 5455 loquens.

102 5470 149 5512 et
188 5466 406 5522 sincera:
451 5470 773 5542 intentisque
799 5474 1090 5543 precationi
1132 5475 1363 5541 deditus,
1417 5478 1663 5546 perﬁcie-

104 5550 550 5631 batquazcumque
595 5563 841 5629 volebat;
880 5575 934 5620 et
982 5567 1312 5621 orationibus
1364 5568 1474 5622 suis
1521 5569 1662 5624 bella

104 5649 422 5723 conﬁciebat,
474 5663 775 5728 tropteaque
798 5667 1064 5729 statuens,
1116 5661 1392 5719 victoriam
1427 5662 1661 5720 victoriae

3288 262 3394 319 232

1817 367 2118 435 eopulabat.
2165 369 2357 423 llabuit
2379 369 2521 426 enim
2549 370 2741 426 invicta
2762 386 2930 441 arma,
2979 388 3207 446 superna
3250 378 3394 431 scil:—

1814 467 1900 510 eet
1926 458 2189 525 praesidia,
2224 476 2341 530 quae
2387 476 2492 515 non
2519 463 2689 518 solum
2714 464 2779 519 ad
2806 465 3034 521 humana
3062 467 3195 521 bella
3227 468 3393 521 conli-

1814 547 1999 601 cfenda
2027 549 2315 616 sufﬁciunt,
2340 552 2432 606 sed
2450 555 2608 609 etiam
2626 555 2691 609 ad
2712 556 3013 612 daemonum
3037 558 3285 613 cohortes
3307 558 3393 611 l‘u-

1814 637 2036 706 gandas.
2068 638 2229 709 Igitur
2256 651 2310 695 et
2334 657 2430 697 nos
2459 643 2599 699 hunc
2621 646 2898 702 imitemur
2913 649 3106 717 privati
3130 656 3177 704 et
3211 648 3387 702 idiota:

1811 742 2012 797 regem,
2052 731 2138 799 qui
2166 731 2387 786 otiosam
2422 743 2476 788 et
2518 736 2748 804 quietam
2796 741 2957 789 vitam
3011 740 3385 805 agimus,eum

1810 819 1902 888 qui
1959 820 2009 873 in
2058 837 2288 890 purpura
2340 832 2393 877 et
2436 822 2735 879 diademate
2788 828 3168 881 monachorum
3222 833 3384 882 vitam

1812 912 2235 967 transcendebat.
2261 914 2396 968 Audi
2425 917 2565 968 enini
2586 932 2705 970 eum
2730 917 2917 972 iterum
2944 917 3068 971 alibi
3098 918 3383 972 dicentem:

1809 999 1988 1056 Facta:
2033 1014 2151 1057 sunt
2196 1006 2321 1058 mihi
2360 1006 2597 1077 lacryma:
2638 1025 2761 1062 mea:
2811 1026 2965 1078 panes
3010 1011 3092 1063 die
3135 1028 3195 1063 ac
3244 1021 3388 1065 nocte

1809 1090 1980 1159 (Psal.
2010 1095 2097 1148 bl.
2129 1094 2206 1167 4).
2260 1096 2445 1152 Vidisti
2481 1099 2711 1152 animam
2743 1100 2794 1153 in
2822 1102 3071 1155 continua
3124 1118 3383 1173 compun-

1807 1187 2019 1240 ctione?
2048 1189 2306 1243 Alitnonia
2334 1205 2471 1256 mea,
2498 1190 2684 1261 inquit,
2714 1193 2860 1260 panis
2886 1208 3056 1256 meus,
3083 1195 3381 1248 convivium

1807 1290 1983 1329 tneum
2021 1278 2149 1331 nihil
2180 1280 2321 1334 aliud
2343 1290 2495 1335 erant
2518 1297 2674 1351 quam
2707 1283 2953 1354 lacrynue
2982 1293 3083 1337 tam
3116 1284 3200 1339 die
3224 1301 3380 1361 quam

1805 1377 1980 1421 nocte.
2010 1367 2077 1421 Et
2101 1370 2289 1423 iterum
2327 1387 2339 1423 :
2366 1370 2612 1425 Laboravi
2640 1373 2692 1425 in
2712 1373 2897 1443 gemitu
2924 1390 3051 1439 meo,
3084 1374 3258 1427 lavabo
3294 1393 3383 1443 per

1803 1456 2029 1527 singulas
2076 1471 2241 1515 noctes
2271 1462 2446 1515 lectum
2489 1479 2653 1516 meum
2681 1462 2853 1534 (Psal.
2885 1464 2937 1519 6.
2968 1464 3042 1535 7).
3061 1465 3196 1532 Quid
3237 1466 3382 1521 dice-

1804 1560 1943 1610 mus,
1976 1549 2055 1603 vel
2086 1550 2209 1619 quid
2241 1552 2709 1621 respondebimus,
2731 1555 2819 1623 qui
2849 1569 3022 1624 neque
3074 1570 3191 1610 eam
3234 1571 3382 1610 eom—

1803 1639 2141 1707 punctionent
2169 1641 2422 1698 exhibere
2442 1644 2705 1709 volumus,
2730 1660 2888 1715 quam
2912 1660 3006 1700 rex
3034 1654 3110 1699 tot
3128 1646 3382 1715 obseptus

1802 1729 2027 1797 negotiis
2055 1731 2334 1787 exhibuit?
2359 1734 2645 1801 Quidnam,
2669 1736 2774 1801 dic,
2805 1752 2921 1801 oro,
2944 1739 3112 1792 oculis
3142 1738 3246 1793 illis
3269 1738 3380 1792 lor-

1800 1820 1999 1874 mosius
2030 1832 2287 1891 perpetuo
2313 1825 2666 1897 lacrymarum
2694 1827 2884 1889 intbre.
2912 1837 2966 1883 et
2992 1830 3143 1899 quasi
3172 1845 3381 1899 marga-

1800 1913 2019 1968 ritarum
2041 1915 2236 1971 decore
2261 1919 2494 1973 ornatis?
2527 1918 2712 1974 Vidisti
2745 1936 2925 1991 regem
2948 1962 2964 1988 ,
2995 1922 3085 1991 qui
3135 1922 3379 1978 noctibus

1797 2011 1957 2074 atque
1981 2005 2169 2061 diebus
2188 2009 2440 2080 lacrymis
2469 2011 2820 2081 precibusque
2851 2012 3064 2067 deditus
3090 2012 3185 2066 fuit
3213 2030 3227 2065 :
3257 2027 3379 2082 spe-

1797 2104 1880 2149 cta
1909 2104 1962 2150 et
2007 2096 2283 2153 doctorem
2328 2101 2473 2155 orbis
2520 2102 2573 2156 in
2618 2118 2833 2157 carcere
2874 2104 3229 2172 compeditum
3270 2120 3373 2159 una

1797 2200 1916 2240 cum
1941 2186 2072 2251 Sila,
2099 2197 2153 2243 et
2180 2199 2419 2246 orantem
2444 2201 2550 2247 tota
2578 2202 2753 2260 nocte,
2786 2208 2959 2264 neque
2983 2195 3185 2259 dolore,
3204 2211 3377 2265 neque

1796 2276 2023 2332 vinculis
2050 2280 2339 2348 prohiberi,
2382 2282 2476 2336 sed
2507 2297 2573 2338 eo
2600 2284 2768 2354 magis
2794 2284 3058 2354 ingentem
3088 2284 3376 2340 fervidum-

1795 2384 1900 2437 que
1925 2385 2162 2426 amorem
2180 2372 2455 2429 declarare
2482 2390 2605 2445 erga
2637 2375 2918 2430 Dominum
2949 2394 2961 2430 :
2988 2375 3185 2431 Paulus
3210 2378 3373 2443 enim,

1796 2460 1994 2530 inquit,
2034 2472 2083 2515 et
2107 2463 2246 2517 Silus
2269 2466 2435 2518 media
2476 2476 2619 2519 nocte
2662 2476 2863 2520 orantes
2897 2466 3170 2522 laudabant
3215 2467 3377 2521 Deum

1795 2551 1925 2620 (Act.
1955 2554 2041 2608 16.
2072 2553 2185 2624 25).
2217 2555 2381 2610 David
2406 2557 2457 2610 in
2498 2571 2661 2628 regno
2683 2565 2765 2621 et,
2786 2557 3084 2612 diademate
3126 2558 3375 2630 lacrymis

1793 2653 1847 2698 et
1878 2647 2119 2713 precibus
2145 2655 2307 2701 totam
2328 2649 2486 2702 vitam
2513 2649 2846 2715 insumebat;
2868 2651 3171 2719 Apostolus,
3199 2652 3287 2720 qui
3318 2652 3369 2704 itt

1795 2736 2008 2790 tertium
2038 2738 2228 2792 caelum
2259 2749 2460 2807 raptus,
2482 2741 2568 2794 cui
2610 2755 2804 2795 arcana
2842 2750 2966 2794 sunt
2991 2742 3221 2796 revelata
3258 2758 3374 2813 my-
3402 2756 3409 2763 ί

1792 2826 2166 2892 steria,media
2184 2831 2411 2890 noctein
2427 2830 2651 2885 vinculis
2678 2846 2863 2901 preces
2888 2841 2943 2887 et
2970 2833 3153 2887 laudes
3181 2833 3373 2889 oll‘ere-
3438 2866 3441 2867 ν

1791 2912 1883 2966 bat
1906 2915 2161 2982 Domino;
2192 2927 2247 2972 et
2286 2933 2382 2973 rex
2424 2920 2598 2974 media
2628 2932 2784 2975 nocte
2812 2921 3212 2991 expergefactus
3239 2938 3370 2978 eon-

1794 3004 2063 3071 litebatur,
2092 3018 2146 3062 et
2169 3011 2394 3079 apostoli
2422 3011 2593 3066 media
2628 3021 2785 3067 nocte
2804 3014 3080 3068 continuas
3110 3029 3294 3083 preces
3317 3024 3372 3070 et

1792 3096 1975 3152 laudes
1995 3099 2302 3155 reddebant.
2341 3102 2461 3157 lllos
2491 3103 2760 3158 imitemur
2808 3113 2861 3158 et
2898 3120 3014 3171 nos,
3062 3116 3115 3159 et
3142 3121 3360 3175 precum

1789 3190 2102 3246 assiduitate
2127 3193 2287 3247 vitam
2318 3202 2553 3248 nostram
2602 3196 2923 3260 muniamus,
2955 3208 3008 3251 et
3031 3198 3233 3253 nullum
3275 3213 3372 3251 no-

1789 3281 1871 3337 bis
1912 3298 2161 3353 umquam
2202 3285 2306 3339 erit
2333 3286 2686 3339 obstaculum.
2730 3286 2869 3340 Nihil
2912 3289 3051 3342 enim
3100 3300 3183 3343 est
3228 3290 3367 3359 quod

1787 3374 1979 3428 obesse
2004 3374 2160 3428 nobis
2197 3377 2382 3444 possit,
2416 3375 2576 3430 modo
2604 3378 2767 3431 sobrii
2796 3378 2983 3431 simus.
3022 3377 3157 3431 Nuttt
3178 3379 3292 3432 loco
3313 3390 3370 3434 et

1791 3474 2027 3536 tempore
2052 3467 2207 3522 nobis
2226 3483 2360 3538 opus
2388 3468 2509 3523 est?
2534 3469 2719 3523 Omnis
2748 3470 2917 3537 locus,
2957 3486 3117 3526 omne
3160 3482 3369 3542 tempus

1786 3557 1911 3611 huic
1934 3560 2169 3613 accessui
2197 3561 2465 3614 convenit.
2498 3560 2627 3614 Nam
2659 3561 2849 3615 iterum
2886 3561 3009 3615 audi
3049 3564 3365 3633 magistrum

1786 3650 1933 3704 orbis
1973 3650 2237 3705 dicentem
2265 3670 2278 3706 :
2313 3651 2377 3705 In
2403 3654 2539 3705 omni
2568 3653 2675 3705 loco
2702 3653 2918 3707 levantes
2961 3664 3161 3708 sanctas
3186 3672 3367 3709 manus

1783 3741 1966 3813 absque
2006 3742 2084 3794 ira
2118 3752 2165 3795 et
2189 3742 2546 3811 disceptatione
2575 3743 2649 3812 (l.
2686 3742 2819 3795 Tim.
2849 3743 2902 3795 2.
2924 3744 3002 3812 8).
3029 3744 3085 3797 Si
3127 3754 3361 3799 mentem

1785 3832 2037 3889 habueris
2066 3845 2338 3904 purgatam
2367 3835 2435 3888 ab
2465 3835 2661 3889 illicitis
2700 3835 3104 3902 aii‘ectionibus,
3153 3839 3265 3892 sive
3309 3837 3364 3891 iu

1785 3926 1921 3992 loro,
1952 3926 2065 3982 sive
2093 3926 2259 3992 domi,
2289 3928 2404 3983 sive
2432 3929 2484 3982 itt
2514 3927 2615 3993 via,
2636 3929 2719 3982 vel
2741 3928 2792 3982 in
2818 3943 3055 3993 carcere,
3075 3930 3158 3984 vel
3183 3929 3233 3983 in
3260 3944 3365 3983 ma-

1784 4016 1852 4083 ri,
1882 4016 1963 4071 vel
1995 4018 2049 4071 in
2097 4017 2410 4083 diversorio,
2447 4019 2531 4073 vel
2562 4020 2613 4073 in
2642 4018 2853 4073 oﬂicina
2873 4059 2890 4084 ,
2938 4028 2993 4073 et
3046 4020 3365 4090 ubicumque

1783 4109 1946 4164 fueris
1976 4115 2314 4176 constitutus,
2342 4113 2542 4181 poteris
2558 4112 2802 4166 invocato
2826 4113 2935 4166 Deo
2954 4113 3058 4166 voti
3077 4112 3191 4167 ﬁeri
3218 4128 3366 4167 com-

1782 4216 1898 4271 pos.
1929 4201 2083 4268 Quod
2112 4218 2232 4257 eum
2262 4204 2512 4269 sciamus,
2539 4204 2761 4259 obsecro
2784 4212 2841 4257 ut
2868 4220 2987 4257 cum
3009 4205 3214 4274 jejunio
3244 4220 3364 4274 pre-

1779 4293 1933 4347 cibus
1958 4293 2284 4363 diligentiam
2327 4294 2696 4361 adhibeamus,
2728 4294 3022 4350 subsidium
3050 4297 3203 4350 nobis
3240 4295 3364 4350 inde

1780 4396 2030 4456 parantes
2061 4404 2076 4441 :
2111 4403 2217 4457 quo
2241 4402 2524 4457 supernam
2552 4388 2821 4457 assequuti
2851 4389 3096 4458 gratiam,
3125 4400 3177 4443 et
3224 4402 3363 4457 pra:-

1779 4488 1987 4534 sentem
2015 4483 2176 4533 vitam
2210 4480 2276 4534 ita
2305 4495 2523 4549 agamus
2547 4491 2603 4558 ut
2630 4481 2742 4535 Deo
2769 4481 3045 4550 probetur,
3065 4490 3119 4534 et
3146 4481 3197 4534 in
3227 4480 3361 4533 lutu-

1779 4587 1842 4628 ro
1867 4572 2287 4627 misericordiam
2317 4572 2546 4642 aliquam
2570 4572 2957 4642 adipiscamur,
2985 4572 3150 4643 gratia
3177 4580 3231 4626 et
3261 4572 3363 4625 mi-

1777 4663 2134 4718 serationibus
2188 4662 2395 4718 Domini
2444 4663 2611 4719 nostri
2643 4663 2772 4718 Jesu
2805 4662 3031 4727 Christi,
3080 4678 3199 4717 cunt
3253 4678 3361 4732 quo

1777 4754 1921 4810 Patri
1966 4762 2021 4808 et
2047 4753 2263 4824 Spiritui
2290 4763 2474 4810 sancto
2498 4755 2567 4810 sit
2594 4754 2759 4825 gloria
2781 4794 2796 4821 ,
2849 4754 3149 4825 imperium,
3179 4763 3232 4808 et
3262 4754 3359 4808 lto-

1776 4861 1894 4913 nor,
1924 4859 2065 4901 nunc
2079 4846 2137 4901 'et
2160 4860 2394 4917 semper,
2416 4855 2470 4901 et
2488 4846 2539 4900 in
2566 4847 2757 4901 atecula
2786 4846 3121 4901 saeculorum.
3154 4847 3347 4899 Amen.

2307 4978 2585 5035 IIOMILIA
2622 4976 2819 5033 XXXI.

1777 5094 1845 5149 Et
1890 5097 2079 5167 accepit
2128 5096 2300 5150 Thara
2332 5096 2514 5149 Abram
2562 5102 2607 5148 et
2649 5093 2857 5147 Nachor
2875 5092 3008 5161 ﬁlios
3027 5087 3356 5155 suos,etLot

1844 5189 2006 5257 ﬁlium
2050 5189 2203 5240 Aram
2236 5188 2330 5256 ﬁlii
2368 5187 2483 5250 sui;
2513 5196 2558 5240 et
2588 5185 2773 5241 Soram
2808 5200 2988 5237 nurum
3013 5198 3189 5245 suam,
3222 5197 3349 5233 uxo-

1842 5297 1945 5332 rem
1987 5289 2151 5332 autem
2176 5279 2359 5331 Abram
2399 5279 2493 5346 ﬁlii
2533 5279 2611 5331 sui
2654 5295 2675 5341 ;
2722 5286 2766 5330 et
2810 5277 2977 5330 eduxit
3026 5291 3109 5329 eos
3131 5290 3193 5328 ea:
3221 5286 3352 5326 terra

1843 5366 2223 5435 CitaldwOrunt,
2268 5379 2322 5423 ut
2356 5369 2788 5438 proﬁciscerentur
2828 5367 2882 5421 in
2928 5378 3109 5420 terram
3148 5364 3350 5419 Chana-

1842 5478 2061 5515 na’orum
2112 5477 2131 5515 :
2173 5472 2219 5515 et
2263 5462 2389 5515 venit
2419 5477 2573 5530 usque
2610 5448 2873 5525 Cltarran,
2916 5468 2959 5513 et
2981 5458 3216 5512 habitavit
3244 5458 3351 5510 illic

1845 5551 1993 5623 (Gen.
2023 5554 2242 5623 11.31).

1841 5666 1893 5720 l.
1938 5664 2177 5737 Ingentes
2210 5665 2360 5722 vobis
2396 5664 2567 5722 habeo
2605 5664 2832 5736 gratias,
2876 5663 3014 5736 quod
3040 5663 3349 5720 hesternum
