3760 6246
412 232 517 285 985

408 329 475 383 de
500 328 740 382 oratione
764 342 1069 383 sermonem
1094 342 1212 382 cum
1244 327 1514 395 voluptate
1534 326 1877 394 susceperitis
1895 367 1909 388 ,
1937 336 1991 378 ct

412 432 559 475 tanto
583 420 758 475 studio
787 421 851 475 ad
882 420 1207 475 audiendum
1235 419 1534 473 confluatis.
1568 418 1697 473 lllud
1728 419 1867 471 enim
1895 432 1992 473 nos

410 513 585 568 reddit
612 514 900 567 alacriores
924 554 938 576 ,
968 521 1025 566 ut
1049 513 1146 566 hoc
1168 512 1444 581 Spiritnale
1471 510 1769 566 convivium
1800 511 1994 579 largius

408 606 561 660 vobis
603 620 983 674 proponamus.
1026 604 1155 670 Quia
1197 612 1252 658 et
1279 604 1509 673 agricola
1538 602 1583 658 si
1614 602 1826 672 quando
1850 602 1995 656 videt

406 710 591 763 agrum
622 706 672 749 et
695 695 835 763 jacta
865 696 1069 749 semina
1100 696 1363 749 virescere
1387 704 1442 749 et
1470 693 1767 761 germinare
1789 733 1805 759 ,
1837 706 1992 761 sege-

410 794 623 852 temque
652 799 874 839 vernare
893 824 909 849 ,
938 784 1069 837 nihil
1099 784 1240 852 quod
1267 784 1332 837 ad
1362 799 1420 838 se
1440 785 1626 837 attinet
1656 783 1990 847 intermittit,

407 874 642 941 quotidie
684 884 1063 942 congruentem
1106 875 1246 929 illius
1291 889 1472 929 curam
1516 889 1713 943 agens,
1755 885 1809 926 et
1836 882 1994 927 nocte

405 964 597 1033 dieque
625 962 967 1019 considerans
987 1006 1001 1029 ,
1030 980 1097 1018 ne
1121 965 1259 1019 forte
1282 966 1405 1033 quid
1430 964 1637 1018 labores
1658 978 1782 1017 suos
1802 962 1989 1017 lzcdat:

407 1056 567 1109 simili
611 1056 771 1110 modo
812 1066 867 1110 et
894 1071 992 1126 ego
1021 1056 1351 1124 spiritualem
1383 1057 1520 1110 hunc
1549 1072 1732 1124 agrum
1754 1065 1993 1108 vestrum

409 1144 637 1212 ﬂorere,
685 1155 739 1200 et
785 1162 967 1201 semen
1014 1147 1114 1200 hoc
1158 1147 1434 1215 spirituale
1476 1147 1525 1201 in
1570 1146 1772 1200 sinibus
1802 1154 1993 1199 vestra:

356 1306 361 1313 ~
409 1238 605 1291 mentis
646 1238 863 1292 recondi
889 1238 1075 1291 videns
1098 1279 1113 1303 ,
1151 1240 1355 1307 gaudeo
1389 1246 1441 1291 et
1473 1239 1639 1302 laetor,
1665 1237 1994 1304 multumque

406 1340 525 1378 sum
558 1328 749 1380 anxius
771 1367 785 1391 ,
818 1343 924 1381 non
953 1327 1202 1396 ignorans
1230 1344 1385 1397 quam
1415 1328 1676 1396 malignus
1703 1328 1773 1381 sit
1800 1327 1989 1391 hostis,

408 1417 497 1484 qni
525 1426 717 1471 vestra:
760 1418 912 1472 saluti
944 1419 1240 1474 insidiatur.
1270 1418 1401 1475 Nam
1434 1418 1877 1488 quemadmodum
1909 1418 1995 1487 pi-

409 1520 540 1562 rata:
583 1509 795 1578 quando
842 1512 1025 1565 vident
1069 1527 1257 1566 navem
1299 1512 1476 1565 multis
1506 1512 1772 1566 mercibus
1797 1526 1992 1566 onera-

408 1610 545 1664 tam,
587 1614 641 1655 et
683 1602 933 1670 plurimas
974 1603 1326 1658 advehentem
1357 1604 1565 1659 divitias
1590 1645 1603 1669 ,
1638 1614 1763 1659 tunc
1785 1606 1997 1673 potissi-

411 1707 554 1744 mum
602 1695 776 1746 varias
818 1696 1110 1751 moliuntur
1153 1696 1405 1760 insidias,
1448 1706 1505 1750 ut
1551 1698 1754 1764 possint
1790 1710 1995 1751 merces

408 1797 596 1837 omnes
624 1782 954 1853 demergere,
983 1801 1045 1839 ac
1064 1798 1307 1841 vectores
1335 1788 1450 1840 illos
1472 1788 1704 1856 spoliare
1733 1805 1745 1840 :
1776 1788 1845 1841 ita
1868 1802 1995 1842 sane

406 1882 463 1927 ct
509 1875 784 1941 diabolus,
834 1892 953 1930 cum
994 1879 1185 1933 viderit
1223 1880 1526 1947 spirituales
1563 1880 1757 1934 multas
1784 1879 1995 1934 divitias

409 1976 783 2031 eoacervatas,
818 1969 1144 2025 alacritatem
1172 1970 1428 2024 fervidam
1453 2014 1466 2036 ,
1497 1980 1729 2025 mentem
1750 1971 1992 2040 vigilem,

409 2066 465 2108 et
516 2057 750 2125 quotidie
794 2058 1005 2113 divitias
1051 2062 1268 2130 augeri,
1311 2072 1577 2115 crucuatur
1632 2077 1694 2116 ac
1749 2063 1995 2117 dentibus

406 2145 649 2213 frendet,
693 2158 749 2202 et
785 2152 934 2217 quasi
963 2150 1131 2220 pirata
1160 2152 1437 2217 circumit,
1467 2153 1875 2223 innumerasque
1900 2170 1996 2210 ex-

408 2237 607 2307 cogitat
636 2248 778 2292 artes
806 2280 821 2305 ,
854 2252 907 2295 ut
935 2243 979 2296 si
1009 2258 1109 2312 qua
1134 2244 1214 2297 vel
1244 2260 1464 2313 parvum
1498 2245 1729 2299 inveniat
1756 2245 1955 2301 aditum
1977 2286 1994 2312 ,

409 2342 509 2382 nos
548 2328 780 2383 denudet
823 2346 885 2386 ac
924 2334 1153 2402 spoliet,
1196 2344 1249 2389 et
1276 2336 1528 2405 quidquid
1558 2337 1711 2390 nobis
1731 2346 1815 2392 est
1840 2338 1996 2406 spiri-

409 2421 627 2475 tualium
664 2422 969 2493 divitiarum
1011 2425 1369 2495 deprtedetnr.
1409 2428 1573 2498 Igitur
1601 2429 1993 2498 sobriisimus,

407 2527 623 2579 quaeso,
669 2523 721 2566 et
767 2522 964 2584 quanto
1013 2517 1185 2585 magis
1224 2520 1522 2587 spirituales
1555 2530 1755 2575 nostra:
1780 2522 1999 2575 faculta-

408 2612 488 2658 tes
525 2615 804 2672 crescunt,
854 2616 1000 2663 tanto
1037 2610 1204 2679 magis
1242 2618 1297 2663 et
1323 2610 1513 2680 vigilia:
1552 2621 1748 2667 nostrae
1765 2628 1997 2683 augean-

408 2704 510 2758 tur,
537 2706 591 2749 ut
613 2698 844 2767 undique
865 2699 1209 2754 excludamus
1226 2700 1464 2765 insidias,
1489 2712 1543 2757 et
1568 2702 1992 2759 benevolentiam

412 2787 502 2841 Dei
550 2790 655 2841 vita
706 2791 906 2858 optima
948 2792 1101 2846 nobis
1139 2795 1521 2861 conciliantes,
1569 2798 1833 2865 superiori
1876 2798 1996 2854 loco

406 2888 642 2943 stemus,
686 2895 843 2949 quam
888 2891 946 2936 ut
991 2883 1130 2938 illius
1167 2884 1341 2953 jacula
1388 2902 1583 2943 nocere
1617 2898 1831 2958 queant.
1862 2890 1995 2945 Mala

405 2969 548 3023 enim
579 2969 744 3025 bestia
775 2982 855 3027 est
874 3015 889 3040 ,
923 2985 975 3027 et
1002 2974 1323 3045 multiplices
1350 2977 1771 3034 machinationes
1798 2982 1993 3037 struit:

408 3070 462 3113 et
502 3062 714 3129 quando
759 3080 865 3117 non
909 3075 1086 3134 potest
1112 3076 1258 3121 recta
1288 3084 1385 3123 nos
1413 3070 1480 3125 ad
1508 3070 1629 3125 vitia
1658 3071 1874 3127 allicere
1895 3113 1911 3139 ,
1943 3082 1996 3127 et

407 3153 517 3206 suis
554 3153 689 3208 dolis
731 3154 1009 3221 inescare;
1052 3173 1162 3212 non
1202 3159 1343 3213 enim
1383 3161 1555 3230 cogit,
1589 3162 1669 3215 vel
1697 3164 1802 3217 vim
1831 3164 1991 3231 facit,

412 3244 551 3297 absit
576 3262 588 3297 :
614 3244 706 3300 sed
728 3245 926 3315 decipit
953 3259 1153 3302 tantum
1175 3288 1190 3317 ,
1213 3260 1267 3304 et
1287 3266 1421 3320 quos
1449 3253 1779 3324 negligentes
1809 3256 1951 3311 videt
1977 3300 1993 3324 ,

412 3336 755 3405 supplantat;
798 3339 1008 3408 quando
1047 3341 1205 3411 igitur
1239 3344 1463 3398 salutem
1493 3356 1730 3401 nostram
1760 3349 1995 3419 nequitia

410 3444 505 3481 sua
548 3430 829 3486 manifeste
874 3433 1069 3488 laedere
1109 3436 1325 3504 nequit,
1368 3451 1511 3507 saepe
1551 3454 1645 3508 per
1681 3441 1794 3511 ipsa
1835 3458 1995 3512 opera

409 3519 617 3575 virtutis
636 3562 650 3585 ,
682 3537 801 3592 qua:
827 3524 1031 3594 agimus
1054 3565 1069 3591 ,
1100 3526 1399 3583 clanculum
1429 3545 1550 3585 esca
1577 3531 1749 3599 illata,
1785 3534 1997 3591 divitias

409 3622 619 3665 nostras
645 3614 817 3681 perdit
836 3630 1042 3671 omnes.

482 3704 565 3758 Ea:
602 3706 743 3762 bonis
775 3709 1007 3779 aperibus
1033 3725 1162 3766 vana
1180 3712 1344 3782 gloria
1369 3716 1609 3768 cavenda.
1640 3746 1709 3754 —
1739 3715 1872 3783 Quid
1898 3717 1992 3788 igi-

411 3809 497 3851 tur
530 3808 612 3853 est
648 3799 781 3866 hoc,
823 3801 965 3871 quod
1003 3802 1166 3858 dico?
1193 3819 1369 3873 operte
1400 3808 1625 3875 pretium
1669 3810 1812 3865 enim
1842 3809 1998 3865 fuerit

409 3891 741 3946 manifestius
781 3894 1091 3963 explicare,
1123 3905 1179 3950 ut
1205 3896 1350 3951 illius
1377 3898 1605 3969 cognitis
1633 3900 1837 3954 insidiis
1857 3942 1871 3965 ,
1903 3901 1996 3955 da—

409 3998 590 4038 mnum
628 3985 769 4053 quod
798 3984 920 4039 inde
946 3986 1181 4041 nascitur
1206 4028 1220 4052 ,
1253 3988 1421 4045 vitare
1454 3992 1738 4059 possimus.
1772 3992 1997 4058 Quando

408 4075 552 4128 videt
593 4092 689 4130 nos
717 4077 854 4130 nuda
885 4078 1013 4135 vitia
1047 4078 1130 4133 vix
1161 4080 1444 4137 admittere
1463 4122 1478 4147 ,
1506 4092 1561 4137 et
1587 4082 1773 4154 fugere
1801 4085 1996 4139 intem-

404 4169 734 4236 perantiam,
781 4170 1161 4225 continentiam
1204 4187 1333 4227 vero
1374 4174 1663 4243 amplexari
1714 4195 1728 4230 :
1780 4177 1845 4230 ad
1885 4177 1998 4231 lucc

408 4260 646 4314 aversari
676 4261 975 4329 avaritiam,
1004 4261 1129 4318 odio
1158 4262 1357 4319 habere
1383 4264 1715 4335 iniustitiam,
1743 4269 1919 4324 ridere
1944 4278 1999 4324 et

412 4361 758 4407 contemnere
798 4352 1056 4422 delicias,
1092 4354 1310 4425 jejuuiis
1348 4369 1525 4412 autem
1552 4370 1607 4414 et
1635 4361 1878 4429 precibus
1904 4378 1999 4415 va-

411 4458 536 4498 care
560 4486 574 4509 ,
599 4458 662 4498 ac
681 4443 1034 4516 eleemosynis
1061 4445 1191 4503 dare
1215 4462 1431 4517 operam
1464 4468 1477 4504 :
1508 4460 1631 4505 tunc
1660 4452 1819 4506 alium
1851 4467 1999 4508 eom-

413 4533 714 4588 miniscitur
764 4535 943 4590 dolum
976 4576 990 4599 ,
1038 4551 1145 4607 quo
1190 4539 1498 4610 pessumdet
1544 4556 1731 4598 omnes
1786 4553 1998 4599 nostras

409 4640 543 4695 opes
562 4666 579 4691 ,
615 4634 801 4697 totque
830 4627 965 4682 bona
991 4645 1152 4698 opera
1181 4642 1360 4689 nostra
1390 4634 1577 4689 reddat
1606 4636 1833 4691 inutilia.
1861 4637 1992 4693 Nam

410 4716 499 4785 qui
530 4733 716 4789 magna
754 4722 1051 4776 constantia
1087 4724 1506 4782 machinationes
1531 4727 1695 4798 ipsius
1720 4731 1959 4785 vicerunt
1979 4775 1994 4797 ,

412 4809 535 4867 facit
556 4818 613 4863 ut
637 4809 789 4865 bonis
809 4813 1064 4881 operibus
1086 4814 1367 4882 inflentur,
1396 4830 1449 4872 et
1474 4818 1539 4874 ad
1568 4819 1852 4875 humanam
1875 4839 1998 4893 spe-

410 4913 548 4957 ctent
574 4904 795 4973 gloriam
816 4948 829 4972 ,
861 4922 968 4975 quo
989 4908 1195 4963 scilicet
1214 4926 1244 4963 a
1267 4927 1387 4965 vera
1416 4927 1508 4966 eos
1536 4913 1700 4983 gloria
1729 4915 1994 4971 deturbet.

415 4996 624 5053 litt-nim
659 5000 747 5069 qui
775 5000 1050 5068 spirituale
1077 5002 1201 5071 quid
1235 5001 1433 5058 faciens
1466 5005 1748 5060 humanam
1780 5008 1999 5078 respicit

409 5089 663 5158 gloriam,
707 5093 1009 5148 mercedem
1048 5111 1197 5149 suam
1244 5095 1329 5151 hic
1370 5099 1601 5167 accipit,
1647 5111 1700 5155 et
1730 5100 1839 5169 jam
1860 5103 1996 5155 ultra

415 5185 579 5239 lleum
616 5203 720 5240 non
766 5186 927 5243 habet
956 5187 1276 5244 debitorem.
1314 5193 1355 5245 Α
1386 5192 1577 5261 quibus
1605 5193 1745 5247 enim
1775 5196 1993 5264 gloriam

413 5277 604 5341 quaerit
628 5321 643 5344 ,
667 5279 819 5334 abiis
842 5280 1026 5336 laudes
1054 5274 1241 5338 nactus
1268 5292 1369 5351 est,
1397 5295 1449 5339 et
1474 5300 1531 5338 se
1550 5286 1724 5355 privat
1744 5286 1846 5342 illis
1867 5303 1998 5358 quas

416 5367 672 5424 Dominus
710 5372 984 5439 promisit,
1020 5383 1204 5445 utpote
1231 5376 1445 5445 majoris
1473 5377 1672 5432 faciens
1698 5389 1997 5433 momenta-

417 5474 570 5514 neam
610 5461 882 5518 hominum
920 5465 1149 5533 laudem,
1179 5483 1336 5538 quam
1362 5464 1453 5525 Dei
1485 5486 1720 5525 omnium
1752 5472 1998 5526 condito-

417 5554 489 5605 ris
522 5570 534 5603 :
567 5554 615 5606 id
657 5555 798 5624 quod
840 5555 1082 5611 Christus
1116 5559 1180 5612 de
1208 5560 1453 5627 precibus
1473 5602 1488 5627 ,
1520 5562 1878 5634 eleemosynis
1902 5605 1915 5628 ,
1944 5572 1996 5618 et

417 5642 625 5711 iejuniis
665 5654 818 5701 antea
856 5645 1070 5713 docuit,
1113 5650 1189 5703 sic
1226 5649 1410 5705 dicens
1452 5671 1464 5707 :
1511 5653 1724 5718 Quando
1756 5654 1953 5722 ieiunas
1976 5693 1994 5722 ,

1161 232 1213 287 S.
1254 229 1529 287 JOA‘NNIS
1568 228 2038 285 CIIRYSOSTOMl
2080 226 2398 283 ARCIliEP.
2431 224 2966 284 CONSTANTINUP.

3576 223 3679 285 ΞΜ

2098 339 2228 390 auge
2270 331 2420 389 caput
2458 332 2631 387 tuum,
2672 334 2718 375 et
2760 323 2874 375 [ara
2904 322 3085 390 {aciem
3109 329 3245 374 tuam
3268 362 3284 387 ,
3315 332 3367 373 ut
3394 338 3456 373 ne
3476 323 3684 377 rideam

2096 413 2377 465 hominibus
2412 415 2657 481 jejunans
2679 454 2694 475 ,
2736 414 2825 467 sed
2865 412 3012 466 Patri
3042 423 3126 465 tuo
3154 414 3239 482 qui
3264 424 3337 466 est
3364 414 3415 465 in
3444 415 3641 467 occulto
3670 432 3687 477 ;

2096 514 2141 557 et
2168 498 2319 558 Pater
2359 515 2503 567 mus,
2530 507 2615 575 qui
2646 507 2773 559 videt
2803 508 2855 559 in
2889 508 3114 569 occulto,
3153 508 3329 560 reddet
3354 507 3442 559 tibi
3470 507 3683 573 (Matth.

2097 596 2148 651 6.
2198 598 2285 651 17.
2336 598 2449 664 18).
2484 597 2549 650 Et
2591 601 2821 651 iterum:
2855 599 3071 663 Quando
3096 599 3253 668 [acies
3280 600 3685 666 elec‘mosynam,

2097 706 2157 742 ne
2179 690 2295 741 tuba
2346 705 2498 742 canas
2515 729 2530 753 ,
2556 690 2755 753 inquit,
2778 700 2894 742 ante
2916 698 2963 740 te
2980 731 2994 755 ,
3023 691 3150 743 sicut
3176 692 3455 760 hypocrita:
3492 692 3688 753 faciunt

2096 779 2148 832 in
2184 781 2453 849 synagogis
2488 790 2532 832 et
2575 780 2751 847 plateis
2771 822 2785 843 ,
2829 790 2884 832 ut
2910 780 3258 850 glori/iocatur
3288 782 3350 833 ab
3377 780 3685 833 ltoniinibus.

2097 873 2253 925 Amen
2283 872 2395 923 dico
2424 871 2557 924 vobis
2576 912 2591 934 ,
2623 882 2919 940 acceperunt
2950 873 3229 926 mercedem
3254 890 3402 925 suam
3431 873 3595 939 (Ibid.
3638 888 3687 925 ει.

2096 962 2173 1028 2).
2208 962 2423 1015 Vidistis
2464 962 2763 1030 quomodo,
2810 962 2896 1029 qui
2925 962 3063 1016 hanc
3090 963 3311 1031 gloriam
3340 962 3593 1032 inquirit,
3626 962 3690 1013 il-

2099 1051 2204 1103 lam
2232 1050 2467 1103 amittit?
2496 1052 2596 1115 Qui
2618 1062 2795 1104 autem
2823 1052 3068 1105 virtutem
3099 1053 3166 1105 ita
3194 1063 3448 1119 operatur
3469 1094 3486 1117 ,
3517 1062 3577 1105 ut
3608 1053 3684 1104 la-

2099 1152 2213 1197 tere
2256 1142 2382 1196 velit
2421 1141 2705 1205 bomines,
2748 1142 2801 1195 in
2844 1142 2931 1196 die
2975 1143 3065 1195 illo
3090 1143 3310 1196 terribili
3339 1144 3518 1211 palam
3546 1142 3686 1195 acci-

2101 1233 2208 1301 piet
2243 1246 2273 1291 a
2318 1232 2542 1285 Domino
2586 1233 3010 1287 retributionem.
3054 1233 3185 1287 Nam
3235 1233 3389 1285 Pater
3420 1243 3575 1293 tuus.
3608 1236 3687 1299 qui

2098 1324 2226 1376 ridet
2257 1323 2308 1375 in
2345 1322 2571 1388 occulto,
2613 1324 2785 1377 reddet
2812 1324 2901 1376 tibi
2933 1325 2985 1376 in
3018 1326 3285 1395 manifesto
3310 1322 3472 1393 (Ibid.
3521 1340 3573 1375 υ.
3612 1327 3685 1390 Α).

2098 1411 2174 1465 Ne
2208 1411 2441 1480 cogites,
2488 1412 2691 1481 inquit,
2736 1414 2938 1466 nullum
2965 1412 3235 1467 hominem
3269 1422 3320 1467 te
3348 1414 3570 1467 laudare
3593 1457 3605 1473 .
3640 1422 3689 1467 ct

2101 1512 2151 1556 te
2178 1504 2426 1556 virtutem
2470 1503 2606 1557 clam
2642 1520 2895 1558 exercere
2928 1522 2941 1557 :
2976 1504 3068 1558 sed
3116 1504 3219 1559 hoc
3244 1507 3416 1575 cogita
3437 1547 3450 1570 ,
3491 1515 3686 1558 tantam

2099 1592 2210 1647 fore
2239 1594 2393 1663 paulo
2417 1603 2535 1663 post
2558 1595 2761 1648 Domini
2788 1595 3156 1649 liberalitatem
3178 1638 3193 1660 ,
3217 1604 3399 1649 utnon
3423 1597 3570 1649 sinat
3593 1596 3689 1650 hvc

2099 1687 2234 1739 clam
2276 1687 2359 1740 vel
2403 1686 2456 1739 in
2496 1686 2704 1740 occulto
2733 1702 2852 1741 esse
2884 1705 2897 1740 :
2926 1687 3021 1741 sed
3049 1698 3311 1755 prmsente
3339 1689 3488 1741 omni
3520 1688 3687 1741 homi-

2099 1793 2223 1830 num
2269 1792 2497 1847 genere,
2542 1777 2609 1831 ab
2647 1777 2815 1831 Adam
2863 1793 3029 1847 usque
3071 1778 3136 1831 ad
3165 1779 3683 1833 consummationem

2099 1872 2280 1924 swculi
2326 1880 2375 1924 te
2423 1871 2677 1939 pra-dicet
2723 1880 2776 1925 et
2812 1881 3065 1935 coronet,
3116 1883 3608 1943 susceptorumqne
3644 1876 3689 1927 in

2099 1961 2395 2016 exercenda
2424 1963 2618 2016 virtute
2645 1962 2884 2016 laborum
2917 1966 3132 2032 praemia
3159 1964 3373 2017 tribuat.
3398 1965 3514 2031 Qua
3540 1965 3689 2034 igitur

2099 2056 2438 2108 excusatione
2476 2056 2618 2125 digni
2664 2055 2857 2109 fuerlnt
2884 2057 2916 2109 ii
2945 2057 3033 2125 qui
3064 2056 3299 2111 laborem
3325 2058 3545 2110 virtutis
3575 2075 3688 2111 sus-

2102 2148 2306 2210 tinent,
2346 2155 2398 2199 et
2443 2156 2659 2215 propter
2701 2158 3126 2201 momentaneam
3168 2157 3221 2202 et
3271 2149 3428 2202 vilem
3458 2149 3690 2203 futilem~

2099 2255 2202 2309 que
2250 2240 2525 2293 hominum
2566 2240 2790 2310 gloriam
2816 2282 2831 2306 ,
2878 2251 3076 2295 mterna
3109 2242 3197 2295 illa
3227 2243 3553 2312 semetipsos
3584 2242 3688 2310 pri-

2100 2332 2273 2386 vant?

2169 2424 2223 2476 2.
2257 2423 2491 2478 Obsecro
2522 2424 2696 2493 igitur,
2720 2432 2777 2477 ut
2801 2438 2898 2478 nos
2926 2424 3059 2477 bene
3089 2424 3412 2488 muniamus,
3436 2433 3496 2478 et
3521 2427 3690 2494 quod-

2099 2531 2325 2585 cumque
2369 2517 2643 2585 spirituale
2686 2533 2822 2585 opus
2864 2517 3257 2587 aggrediemur,
3314 2520 3416 2574 hoc
3471 2519 3689 2573 studes-

2101 2627 2218 2664 mus
2272 2611 2321 2663 in
2368 2611 2745 2680 promptuariis
2794 2611 2956 2664 animi
3026 2611 3191 2664 nostri
3244 2613 3589 2676 recondere,
3642 2622 3692 2664 ut

2102 2701 2280 2756 laudet
2323 2717 2420 2754 nos
2458 2703 2640 2756 oculos
2685 2703 2773 2756 ille
2819 2704 2905 2770 qui
2946 2718 3233 2772 numquam
3270 2703 3575 2757 dormitat:
3633 2721 3691 2757 ne

2101 2805 2319 2864 propter
2359 2795 2629 2847 hominum
2676 2795 2889 2859 laudes,
2936 2808 3079 2863 saepe
3109 2795 3173 2847 ad
3210 2797 3435 2864 gratiam
3467 2808 3691 2863 captan-

2100 2887 2222 2941 dam
2261 2886 2412 2939 datas
2436 2928 2450 2949 ,
2481 2886 2677 2955 indigni
2705 2885 3004 2939 efliciamnr
3033 2886 3236 2938 Domini
3268 2886 3539 2940 laudibus.
3573 2887 3694 2940 lla-c

2102 2981 2242 3035 cnim
2284 2980 2441 3033 ambo
2482 2980 2777 3049 perniciosa
2805 2989 2927 3032 sunt
2951 3021 2963 3044 ,
2996 2988 3048 3033 et
3080 2980 3235 3032 saluti
3267 2990 3466 3033 nostra:
3495 2982 3653 3032 noxia
3680 2998 3693 3041 ;

2101 3072 2373 3142 spirituale
2420 3071 2616 3140 aliquid
2665 3071 2937 3140 operando
2992 3071 3056 3123 ad
3113 3070 3398 3123 humanam
3446 3084 3694 3139 sp‘C'are

2100 3165 2351 3234 gloriam,
2400 3173 2455 3217 et
2495 3163 2628 3216 bene
2671 3162 2877 3231 agendo
2916 3162 3143 3216 sublime
3185 3165 3251 3216 de
3280 3177 3338 3216 sc
3364 3178 3582 3230 sapere.
3620 3163 3695 3217 ld-

2102 3260 2243 3313 circo
2263 3257 2472 3311 sobrios
2495 3271 2615 3310 esse
2642 3271 2738 3310 nos
2770 3265 2978 3325 oportet
3007 3271 3069 3309 ac
3097 3256 3279 3325 vigiles
3304 3298 3316 3319 ,
3343 3266 3397 3309 et
3417 3271 3697 3325 apponere

2100 3349 2254 3404 nobis
2294 3349 2599 3418 quotidiana
2646 3364 2678 3403 e
2714 3349 2879 3402 sacris
2918 3347 3107 3402 Litoris
3147 3349 3429 3417 pharmaca
3453 3391 3468 3410 ,
3520 3352 3592 3402 ita
3646 3360 3698 3401 ut

2100 3440 2413 3511 perniciosis
2460 3438 2829 3493 affectionibus
2874 3438 2989 3492 istis
3041 3456 3146 3493 non
3194 3441 3532 3494 irretiunur.
3566 3440 3695 3494 Nam

2100 3532 2200 3586 etsi
2243 3533 2361 3601 quis
2406 3532 2681 3585 innumera
2729 3531 2862 3585 bona
2893 3547 3055 3600 Opera
3087 3531 3303 3596 fecerit,
3333 3532 3699 3601 virtutemque

2100 3639 2312 3678 omnem
2340 3623 2649 3688 absolverit,
2678 3624 2720 3677 si
2755 3632 2928 3678 tamen
2960 3639 3206 3693 magnqu
3234 3623 3360 3693 quid
3389 3623 3460 3677 de
3489 3640 3549 3678 se
3572 3640 3695 3678 Sen-

2103 3717 2229 3780 tiat,
2261 3716 2498 3769 omnium
2528 3713 2859 3769 miserrimus
2889 3714 3061 3767 fuerit.
3094 3714 3244 3780 Quod
3278 3714 3432 3768 nobis
3468 3717 3701 3769 manife-

2100 3817 2241 3863 stum
2287 3818 2369 3862 est
2412 3824 2477 3863 ex
2513 3808 2577 3862 iis
2615 3822 2735 3877 qum
2774 3805 3041 3860 l’harisaro
3068 3806 3375 3860 acciderunt
3399 3847 3414 3868 ,
3448 3808 3539 3875 qui
3574 3808 3697 3859 dum

2102 3916 2293 3971 magna
2327 3901 2395 3956 de
2423 3915 2483 3954 se
2510 3900 2709 3964 sensit,
2739 3907 2793 3953 et
2824 3899 3160 3967 publimnum
3186 3899 3521 3966 contempsit
3545 3898 3695 3969 (Luc.

2102 3994 2228 4063 18),
2276 3993 2452 4048 subito
2490 3991 2723 4046 deterior
2762 3990 2930 4045 factus
2972 3999 3056 4045 est
3079 3989 3392 4058 publicano,
3420 3999 3480 4043 et
3508 4006 3703 4043 omnes

2102 4086 2357 4139 virtutum
2404 4083 2614 4137 divitias
2659 4083 2833 4152 lingua
2875 4096 2969 4135 sua
3015 4081 3200 4136 effudit
3243 4099 3257 4134 :
3303 4096 3369 4136 ac
3393 4096 3456 4135 se
3487 4082 3701 4136 nudans

2100 4192 2433 4247 vacuumque
2472 4176 2836 4241 constituens,
2878 4174 3195 4244 stupendum
3240 4183 3295 4228 et
3334 4189 3534 4227 novum
3567 4190 3702 4228 nano

2103 4269 2324 4339 fragium
2368 4267 2602 4337 pertulit.
2646 4263 2776 4321 Cum
2818 4266 2959 4321 enim
2989 4264 3055 4319 ad
3082 4274 3291 4335 portum
3321 4266 3701 4333 pervenisset.

2101 4374 2290 4416 omnes
2330 4372 2539 4414 merces
2579 4372 2703 4412 suas
2729 4356 3037 4412 submersit.
3068 4355 3201 4411 Nam
3240 4357 3285 4410 si
3325 4357 3387 4411 id
3420 4357 3702 4411 infortunii

2106 4463 2321 4525 propter
2367 4466 2555 4523 preces
2597 4450 2812 4520 indigne
2840 4450 3063 4503 emissas
3089 4449 3329 4514 accidat,
3363 4448 3599 4519 perinde
3626 4461 3703 4503 est

2102 4562 2165 4601 ac
2186 4546 2229 4602 si
2254 4544 2371 4616 quis
2396 4544 2448 4598 in
2474 4542 2650 4597 medio
2674 4550 2825 4611 portu
2847 4540 3176 4609 naufragium
3200 4540 3377 4593 faciat.
3404 4539 3706 4608 Propterea

2100 4649 2157 4695 et
2186 4638 2428 4694 Christus
2455 4636 2727 4704 discipulis
2753 4634 2864 4689 suis
2894 4634 3206 4701 pra~cipiens
3229 4673 3244 4699 ,
3276 4632 3493 4687 dicebat
3521 4650 3535 4685 :
3576 4632 3707 4687 Cum

2103 4731 2274 4785 omnia
2302 4729 2514 4800 few-itis
2536 4768 2551 4791 ,
2579 4726 2727 4779 dicite
2776 4740 2795 4779 :
2834 4722 2976 4779 Servi
3004 4722 3207 4777 inutiles
3223 4739 3397 4776 sumus
3418 4720 3581 4794 (Luc.
3619 4723 3704 4777 17.

2104 4822 2216 4893 10).
2245 4820 2361 4889 Quo
2386 4819 2529 4873 dicto
2555 4816 2762 4871 munire
2785 4829 2878 4871 eos
2899 4814 3048 4880 vult,
3077 4822 3131 4869 et
3150 4830 3306 4883 quam
3333 4814 3659 4884 longissime
3680 4828 3707 4866 a

2105 4913 2406 4986 pernicioso
2445 4911 2538 4966 illo
2582 4908 2771 4963 morbo
2803 4908 3059 4962 alienare.
3089 4905 3340 4971 Vidistis,
3385 4906 3705 4973 carissimi,

2102 5004 2370 5077 quomodo
2414 5002 2459 5058 is
2500 5001 2591 5072 qui
2634 4999 2918 5055 humanam
2965 4998 3187 5071 gloriam
3224 4998 3427 5062 ambit,
3470 4997 3708 5069 ejusque

2102 5098 2269 5169 gratia
2299 5096 2508 5150 virtutis
2535 5092 2788 5148 exercitia
2818 5091 2957 5157 adit,
2990 5091 3271 5145 utilitatem
3293 5089 3497 5143 nullam
3524 5093 3705 5159 perci-

2104 5191 2179 5261 pit
2210 5208 2223 5243 :
2252 5198 2307 5245 et
2349 5198 2471 5259 post
2505 5186 2802 5242 exantlatos
2829 5193 3017 5239 omnes
3039 5182 3249 5237 virtutis
3275 5182 3493 5237 labores
3519 5224 3531 5247 ,
3561 5186 3613 5237 si
3642 5184 3706 5236 de

2105 5282 2169 5337 iis
2204 5282 2447 5336 videatur
2482 5280 2645 5334 altum
2676 5292 2897 5347 sapere,
2923 5288 3160 5330 omnium
3185 5289 3385 5329 vacuus
3415 5274 3705 5341 nudusque

2104 5374 2333 5430 evadat?
2374 5373 2659 5443 Fugiamus
2698 5370 2889 5440 igitur,
2920 5367 3179 5433 obsecro,
3217 5365 3553 5436 perniciosas
3585 5367 3706 5419 illas

2101 5466 2441 5532 affectiones,
2474 5475 2528 5520 et
2560 5464 2623 5518 ad
2662 5463 2808 5517 illum
2843 5476 3055 5531 semper
3087 5460 3298 5530 vigilem
3325 5460 3538 5513 oculmn
3572 5475 3703 5528 spc-

2104 5568 2311 5613 ctemus
2353 5566 2597 5612 tantum:
2639 5570 2701 5612 ac
2748 5556 2877 5611 nihil
2917 5569 3199 5610 commune
3242 5552 3533 5607 habeamus
3578 5566 3704 5606 cum

2109 5651 2272 5709 nostri
2294 5652 2503 5723 generis
2527 5650 2856 5716 hominibus,
2881 5654 3051 5722 neque
3074 5647 3140 5703 ab
3166 5646 3241 5703 eis
3268 5645 3469 5701 laudari
3492 5661 3699 5715 quaera-
