3760 6246
1018 254 1082 309 IN
1121 254 1278 309 CAP.
1314 250 1385 305 XI
1426 245 1670 303 GENES.
1712 247 1946 307 HOMIL.
1986 254 2174 310 XXXI.

24 394 50 430 ε
96 374 220 445 χθὲς
246 374 372 437 τοὺς
401 374 524 443 περὶ
563 373 661 442 τῆς
705 372 869 442 εὐχῆς
910 372 1120 441 λόγους,
1149 371 1240 425 καὶ
1281 371 1363 424 ὅτι
1409 366 1549 437 μετά

23 464 146 535 ύτης
216 461 451 531 σπουδῆς
526 460 847 532 συντρέχετε
916 462 1045 532 περὶ
1104 461 1203 531 τὴν
1262 458 1546 530 ἀκρόασιν.

25 571 52 605 ο
80 552 189 621 γάρ
216 552 310 605 καὶ
340 552 487 621 ἡμᾶς
534 550 973 621 προθυμοτέρους
1018 548 1425 621 ἀπεργάζεται,
1456 546 1549 598 καὶ

23 639 686 709 ισκευάςειδαψιλεστέραν
714 640 843 709 ὑμῖν
871 637 1223 709 παρατιθέναι
1244 636 1342 707 τὴν
1370 633 1550 687 ἑστία-

24 730 186 797 αύτην
219 728 320 799 τὴν
346 728 738 797 πνευματικήν.
781 727 931 778 Ἐπεὶ
971 726 1063 777 καὶ
1102 724 1358 795 γηπόνος,
1395 724 1547 776 ἐπει-

24 816 87 887 δη
112 815 211 886 τὴν
242 815 483 885 ἄρουραν
530 816 623 867 καὶ
652 814 718 867 τά
753 814 1199 884 καταϐαλλόμενα
1253 813 1547 883 σπέρματα

23 903 245 956 απλάσια
259 902 627 962 δεικνύουσαν.
650 903 743 955 καὶ
759 902 1012 972 κομῶντα
1028 901 1095 954 τά
1120 902 1263 972 λήῖα,
1287 902 1348 953 οὐ
1374 902 1548 953 παύε-

23 991 70 1042 τά
106 991 235 1059 παρ’
268 988 459 1043 ἐαυτοῦ
505 989 626 1043 καθ’
670 990 907 1060 ἐκάστην
958 988 1249 1058 εἰσφέρων,
1310 988 1405 1041 καὶ
1447 988 1546 1058 τὴν

27 1077 260 1145 ἠκουσαν
315 1073 632 1144 ἐπιμέλειαν
668 1074 1010 1143 ποιούμενος,
1054 1074 1148 1126 καὶ
1195 1074 1544 1145 περισκοπῶν

23 1170 62 1215 ὲν
99 1161 254 1213 νυκτὶ
288 1161 382 1214 καὶ
435 1162 492 1213 ἐν
536 1160 738 1231 ἡμέρα,
774 1162 846 1231 μή
879 1161 981 1213 πού
1010 1178 1060 1213 τι
1085 1160 1390 1230 λυμήνηται
1433 1162 1547 1222 τοῖς

23 1268 57 1312 ις
83 1263 106 1289 ι
140 1249 307 1302 αὐτοῦ
330 1266 341 1279 ·
369 1248 459 1301 τὸν
506 1248 668 1302 αὐτὸν
695 1249 757 1320 δὴ
787 1249 985 1319 τρόπον
1026 1248 1181 1315 κάγὼ
1218 1248 1358 1318 ὀρῶν
1391 1247 1545 1317 ὑμῶν

23 1339 129 1407 ἱρου
138 1354 239 1406 ραν
266 1336 467 1406 ταύτην
499 1338 598 1408 τὴν
630 1338 1006 1407 πνευματικὴν
1057 1336 1197 1389 οὕτω
1223 1334 1543 1395 θάλλουσαν,

26 1426 109 1477 τὸν
144 1425 513 1494 πνευματικὸν
570 1424 760 1477 τοῦτον
794 1424 993 1495 σπόρον
1022 1426 1133 1486 τοῖς
1160 1426 1259 1494 τῆς
1308 1422 1545 1486 διανοίας

24 1533 93 1577 on;
141 1514 717 1585 παρακατατιθέμενον
746 1550 761 1577 ,
809 1513 945 1583 ὁμοῦ
980 1514 1073 1566 καὶ
1124 1513 1295 1583 χαίρω
1329 1513 1423 1566 καὶ
1459 1513 1546 1564 εὐ-

24 1620 190 1671 νομαι,
223 1602 317 1655 καὶ
342 1601 507 1655 πολύν
541 1601 649 1672 ἔχω
674 1602 765 1653 τὸν
809 1598 959 1673 [505]
992 1600 1197 1668 ἀγῶνα,
1249 1599 1404 1663 είδὼς
1449 1598 1543 1652 τοῦ

23 1690 72 1741 οὐ
106 1689 199 1742 καὶ
231 1688 519 1741 ἐπιϐούλου
554 1689 655 1758 τῆς
684 1689 957 1759 σωτηρίας
1002 1688 1099 1759 τῆς
1145 1688 1416 1759 ἡμετέρας
1445 1688 1543 1758 τὴν

26 1778 157 1848 ρίαν.
214 1777 479 1847 Καθάπερ
528 1776 636 1846 γὰρ
679 1778 727 1829 οἱ
770 1776 909 1829 κατά
955 1775 1223 1830 θάλατταν
1264 1776 1542 1847 πειραταὶ,

23 1864 92 1915 ἰὰν
120 1864 275 1917 ἴδωσι
305 1863 436 1917 ναῦν
466 1863 673 1916 πολλῶν
697 1863 932 1934 φορτίων
964 1862 1420 1934 πεπληρωμένην,
1452 1865 1544 1917 καὶ

24 1970 104 2004 τον
129 1952 335 2020 ἄφατον
364 1951 729 2021 ἐπαγομένην,
781 1951 902 2004 τότε
935 1950 1169 2021 μάλιστα
1203 1950 1403 2022 πολλὴν
1448 1950 1545 2022 τήν

24 2040 162 2111 οὐλὴν
220 2039 640 2103 ἐπιδείκνυνται,
696 2039 833 2092 ὥστε
868 2040 1045 2093 πάντα
1096 2037 1394 2093 καταδῦσαι
1454 2038 1545 2092 τὸν

23 2146 91 2190 ον,
110 2130 202 2181 καὶ
220 2128 462 2197 γυμνοὺς
485 2128 578 2180 καὶ
601 2127 839 2197 ἐρήμους
868 2128 993 2189 τούς
1019 2126 1354 2197 ἐμπλέοντας
1380 2143 1547 2181 κατα-

24 2231 70 2265 αι
90 2228 102 2240 ·
128 2212 276 2264 οὑτω
294 2211 358 2282 δὴ
392 2211 487 2263 καὶ
510 2212 538 2264 6
561 2209 824 2273 διάϐολος,
848 2209 975 2264 ὅταν
1007 2210 1090 2282 ἴδῃ
1118 2208 1285 2263 πολὺν
1316 2207 1545 2262 πλοῦτον

23 2296 209 2363 γμένον
252 2294 640 2365 πνευματικὸν,
676 2294 770 2349 καὶ
803 2293 1112 2365 προθυμίαν
1162 2295 1411 2359 ζέουσαν,
1450 2294 1546 2347 καὶ⁹

24 2398 104 2431 μιαν
131 2378 567 2449 διεγηγερμένην
594 2419 609 2441 ,
653 2379 744 2431 καὶ
789 2378 910 2431 καθ’
942 2378 1179 2448 ἑκάστην
1210 2377 1425 2448 ἡμέραν
1453 2376 1545 2429 τὸν

24 2479 99 2513 τον
126 2460 515 2531 αὐξανόμενον,
548 2461 802 2514 δάκνεται
834 2460 928 2515 καὶ
946 2460 1120 2531 τρίζει
1149 2459 1275 2522 τοὺς
1302 2460 1544 2523 ὀδόντας,

23 2543 235 2614 αθάπερ
264 2545 529 2615 πειρατὴς
556 2543 697 2597 οὑτω
729 2544 1076 2615 περιέρχεται
1099 2543 1294 2613 μυρίας
1314 2541 1546 2595 ἐπινοῶν

23 2628 138 2690 ινάς,
173 2626 320 2680 ὥστε
356 2626 611 2697 βραχεῖάν
639 2644 757 2681 τινα
794 2628 974 2698 εὑρεῖν
1017 2626 1219 2679 εἴσοδον
1244 2663 1260 2687 ,
1319 2626 1412 2678 καὶ
1446 2642 1545 2694 γυ-

24 2728 45 2773 ς
76 2713 164 2763 καὶ
195 2712 440 2783 ἐρήμους
468 2713 613 2781 ἡμᾶς
641 2711 938 2781 ἀποφῆναι,
974 2714 1068 2765 καὶ
1109 2710 1336 2781 συλῆσαι
1366 2711 1547 2765 πάντα

23 2794 222 2848 πλοῦτον
253 2797 286 2864 ή
296 2794 414 2863 μῶν
441 2795 531 2848 τὸν
554 2795 938 2866 πνευματικόν.
962 2796 1061 2848 Διά
1079 2813 1163 2848 τοι
1188 2794 1342 2848 τοῦτο
1366 2796 1545 2866 νήφω-

33 2877 353 2947 παρακαλῶ,
378 2878 470 2931 xal
491 2878 599 2948 δσῳ
629 2877 696 2931 ἂν
727 2879 794 2931 τά
826 2879 924 2949 τῆς
954 2877 1271 2949 περιουσίας
1298 2879 1429 2948 ἡμῖν
1450 2876 1545 2930 αὑ-

24 2965 151 3030 ιτῆς
180 2962 582 3032 πνευματικῆς,
614 2961 852 3032 τοσούτῳ
894 2962 987 3014 καὶ
1018 2963 1085 3016 τά
1112 2961 1213 3032 τῆς
1239 2963 1546 3033 ἀγρυπνίας

23 3045 247 3107 εινέσθω,
296 3046 391 3098 καὶ
419 3045 754 3114 πανταχόθεν
785 3044 1217 3115 ἀποτειχίζωμεν
1269 3046 1416 3115 αὐτῴ
1446 3046 1544 3110 τὰς

25 3147 113 3191 “mg.
141 3130 242 3182 καὶ
271 3128 358 3181 διὰ
386 3129 483 3198 τῆς
526 3129 755 3199 ἀρίστης
799 3127 1075 3191 πολιτείας
1103 3127 1201 3198 τὴν
1251 3128 1400 3198 παρά
1450 3129 1543 3183 τοῦ

44 3212 259 3265 εὐνοιαν
288 3211 745 3280 ἐπισπασάμενοι,
774 3211 1079 3281 ἀνωτέρους
1122 3212 1348 3274 ἐαυντούς
1378 3229 1545 3265 κατα-

25 3313 159 3365 ωμεν
181 3294 299 3348 τῶν
325 3294 421 3349 τοῦ
455 3295 700 3348 διαϐόλου
724 3293 912 3363 βελῶν.
947 3293 1187 3363 Πονηρὸν
1210 3293 1320 3365 γάρ
1343 3296 1459 3348 ἐστι
1485 3298 1545 3350 τὸ

27 3397 78 3433 ιν.
110 3380 204 3431 καὶ
236 3378 610 3442 πολυπλόκους
634 3378 745 3447 ἕχει
778 3378 875 3442 τάς
903 3378 1147 3448 μηχανάς
1166 3395 1178 3407 ·
1205 3378 1298 3430 καὶ
1325 3380 1544 3434 ἐπειδάν

28 3463 176 3533 ινηθῇ
202 3462 265 3526 ἐξ
297 3460 514 3525 εὐθείας
539 3463 675 3532 πρὸς
704 3461 804 3533 τὴν
833 3462 1031 3515 κακίαν
1057 3462 1205 3531 ἡμᾶς
1249 3462 1541 3533 ὑποσῦραι,

28 3550 80 3598 lli
130 3549 229 3618 τῆς
266 3547 487 3618 ἀπάτης
517 3546 769 3601 δελεάσαι
789 3563 802 3576 ·
835 3547 955 3599 οὐδέ
986 3546 1094 3613 γάρ
1124 3545 1385 3616 βιάζεται,
1423 3548 1543 3600 οὐδὲ

29 3630 191 3695 διάξει,
234 3632 313 3702 μὴ
350 3632 578 3700 γένοιτο,
601 3630 717 3684 ἀλλ’
754 3632 938 3701 ἀπατᾷ
976 3632 1156 3701 μόνον,
1188 3631 1285 3683 καὶ
1323 3631 1543 3683 ἐπειδὰν

30 3713 383 3784 ξιθυμοῦντας,
416 3713 794 3778 ὑποσκελίζει·
833 3714 961 3767 ὅταν
1009 3709 1102 3766 οῦν
1156 3710 1231 3782 μὴ
1261 3711 1328 3764 δι’
1376 3712 1545 3781 αὐτῆς

32 3799 193 3863 ιακίας
223 3800 522 3870 προφανῶς
546 3799 748 3869 δυνηθῇ
780 3802 844 3869 τῇ
876 3798 1124 3869 ἡμετέρᾳ
1176 3796 1420 3867 σωτηρίᾳ
1450 3797 1542 3849 λυ-

32 3881 161 3945 σθαι,
217 3882 484 3945 πολλάκις
512 3883 577 3936 δι’
607 3883 785 3937 αὐτῶν
823 3883 927 3933 τῶν
966 3881 1063 3950 τῆς
1111 3880 1311 3950 ἀρετῆς
1345 3878 1542 3950 ἔργων,

31 3967 272 4036 ετίωμεν,
305 3966 367 4019 τὸ
399 3966 595 4038 δέλεαρ
624 3965 875 4037 ἐμϐαλῶν
925 3964 1296 4028 λανθανόντως
1329 3963 1544 4017 ἅπαντα

34 4053 217 4107 λοῦτον
248 4054 533 4109 κατέδυσε.

40 4139 124 4195 οὖν
148 4144 326 4207 ἐστιν,
353 4143 380 4194 ὃ
405 4159 578 4213 φημι;
602 4142 894 4210 ἀναγκαῖον
918 4141 1024 4213 γὰρ
1048 4141 1179 4195 αὐτὸ
1210 4143 1545 4214 σαφέστερον

36 4244 65 4285 ι,
97 4227 180 4278 ἴνα
214 4224 558 4296 διδαχθέντες
579 4224 744 4277 αὐτοῦ
792 4224 891 4287 τάς
923 4224 1235 4289 ἐπιϐουλὰς,
1267 4225 1544 4295 διαφύγω-

36 4310 95 4379 ὴν
124 4309 381 4363 ἐντεῦθεν
418 4308 639 4378 βλάϐην.
671 4308 839 4361 Ὅταν
887 4307 969 4377 ῖδῃ
1005 4306 1080 4377 μή
1131 4308 1368 4370 εὐκόλως
1393 4310 1542 4380 ἡμᾶς

35 4395 345 4465 Ξεχομένους
392 4394 605 4464 γυμνὴν
656 4392 753 4462 τήν
793 4390 1011 4455 κακίαν,
1052 4390 1189 4445 ἀλλά
1246 4392 1543 4462 φεύγοντας

40 4479 98 4545 ὴν
134 4478 453 4545 ἀσέλγειαν,
485 4476 583 4546 τήν
631 4474 688 4528 δέ
718 4472 1073 4545 σωφροσύνην
1107 4474 1540 4545 ἀσπαζομένους,

38 4562 158 4614 ῖάλιν
176 4562 281 4633 τὴν
314 4558 626 4624 πλεονεξίαν
642 4556 1176 4628 ἀποστρεφομένους,
1201 4558 1295 4610 καὶ
1328 4558 1545 4627 μισοῦν-

38 4645 99 4714 ήν
136 4642 380 4708 ἀδικίαν,
440 4641 532 4695 καὶ
568 4640 668 4710 τῆς
698 4639 911 4709 τρυφῆς
958 4638 1393 4707 καταγελῶντας,
1448 4639 1544 4692 καὶ

42 4726 143 4790 ίαις
169 4726 269 4779 καὶ
288 4726 620 4796 προσευχαῖς
648 4724 871 4784 ἐαυτούς
896 4720 1282 4784 ἐκδεδωκότας,
1306 4721 1545 4792 καὶπερὶ

40 4808 380 4879 λεημοσύνην
428 4806 862 4867 ἐσπουδακόταςο
896 4805 1015 4858 τότε
1048 4804 1231 4858 λοιπὸν
1268 4804 1544 4875 μεθοδεύει

40 4910 63 4943 ν
94 4892 371 4963 μηχανὴν,
395 4890 462 4943 δι’
489 4886 557 4962 ῆς
582 4889 740 4960 ήμῶν
762 4888 861 4960 τὴν
891 4888 1150 4958 εὐπορίαν
1193 4887 1411 4942 ἃπασαν
1455 4888 1544 4941 λυ-

41 4975 139 5028 ιθαι
172 4976 487 5046 δυνήσεται,
509 4974 601 5027 καὶ
628 4973 864 5026 τοσαῦτα
890 4970 1286 5041 κατορθώματα
1310 4972 1545 5043 ἀνόνητα

41 5059 336 5125 ἱποδεῐξαι.
368 5058 505 5117 Τοὺς
532 5056 641 5127 γὰρ
668 5054 805 5125 μετά
838 5052 1031 5106 πολλοῦ
1065 5052 1158 5106 τοῦ
1210 5053 1363 5106 τόνου
1392 5072 1545 5125 περι-

43 5141 161 5205 ὁτας
190 5139 363 5194 αὐτοῦ
387 5140 494 5191 τῶν
530 5136 787 5209 μηχανῶν
808 5134 1212 5207 παρασκευάζει
1250 5136 1392 5206 μέγα
1415 5154 1545 5208 φροο

48 5225 101 5275 πὶ
123 5227 238 5287 τοῖς
265 5220 677 5293 κατορθώμασι,
707 5220 801 5274 καὶ
829 5220 964 5289 πρὸς
988 5218 1086 5291 τὴν
1110 5219 1217 5270 τῶν
1242 5218 1545 5289 ἀνθρώπων

49 5307 199 5360 έπειν
254 5305 455 5371 δόξαν,
507 5306 595 5359 ἵνα
628 5303 731 5372 τῆς
783 5301 1016 5373 ἀληθοῦς
1072 5301 1229 5372 δόξης
1290 5303 1545 5355 ἐκπεσεῖν

46 5406 94 5458 ῃ.
135 5390 195 5443 '0
228 5390 343 5459 γάρ
376 5389 575 5459 μετιών
599 5405 653 5439 τι
674 5386 781 5439 τῶν
821 5386 1227 5456 πνευματικῶν,
1260 5386 1356 5437 καὶ
1410 5386 1546 5456 πρὸς

45 5470 220 5542 »πίνην
250 5470 473 5540 ἀφορῶν
496 5469 672 5534 δόξαν,
702 5468 895 5537 ἀπέχει
931 5468 1019 5521 τὸν
1048 5468 1235 5537 μισθὸν
1266 5467 1428 5521 αὐτοῦ
1456 5471 1543 5520 ἐν-

46 5574 61 5604 ν
92 5557 212 5626 ήδη,
258 5557 353 5609 καὶ
381 5555 483 5608 οὐκ
509 5554 587 5607 ἔτι
617 5552 799 5605 λοιπον
825 5552 1104 5623 ὀφειλέτην
1124 5552 1237 5621 ἔχει
1267 5552 1356 5605 τὸν
1385 5552 1542 5606 Θεόν.

47 5632 112 5691 ὧν
153 5640 268 5709 γάρ
324 5638 629 5707 ἐπεζήτησε
688 5634 1027 5704 δοξασοῆναι,
1090 5634 1368 5703 ἀπήλαυσε
1430 5633 1542 5685 τῶν

48 5742 125 5783 av,
155 5722 431 5775 κάκείνων
460 5718 567 5771 τῶν
592 5716 1014 5787 ἐπηγγελμένων
1043 5716 1191 5787 παρὰ
1219 5715 1313 5767 τοῦ
1334 5715 1540 5769 Δεσπό-

49 5806 366 5875 τεστέρησεν
416 5802 630 5872 ἐαυτὸν,
686 5800 1029 5872 προτιμήσας
1071 5800 1169 5855 τὴν
1200 5790 1536 5871 πρόσκαιρον

49 5944 267 6003 ιμὴνηται
301 5942 408 5995 τούς
424 5942 610 5994 πόνους.
634 5937 715 5985 Sic
740 5944 841 5985 {res
858 5949 973 5983 mss.

297 6047 571 6108 PATROL.
618 6045 737 6104 Gn.
786 6046 942 6105 LIII.

3217 256 3327 311 εει

1657 364 1931 436 εὐφημίαν
1972 373 2066 425 καὶ
2094 372 2191 445 τὴν
2235 370 2385 445 παρὰ
2425 372 2534 425 τῶν
2579 371 2856 443 ὁμογενῶν
2905 372 3003 443 τῆς
3039 370 3190 445 ποιρά
3223 373 3319 427 τοῦ

1655 452 1873 508 πάντων
1895 456 2247 530 δημιουργοῦ.
2281 461 2387 514 Kal
2413 458 2569 513 τοῦτο
2591 460 2877 532 προλαϐὼν
2896 461 3079 527 αὐτὸς,
3116 462 3210 515 καὶ
3229 462 3323 515 ἐπὶ

1655 538 1983 607 προσευχῆς,
2026 542 2121 593 καὶ
2149 543 2242 595 ἐπὶ
2273 543 2662 614 ἐλεημοσύνης,
2695 543 2787 596 καὶ
2819 545 2912 597 ἐπὶ
2931 547 3186 616 νηστείας
3213 544 3322 599 ἐδί-

1653 623 1832 689 δαξεν,
1862 623 2004 677 οὑτω
2031 624 2203 692 λέγων
2220 642 2232 655 ·
2269 626 2445 679 Ὅταν
2463 628 2786 696 ηστεύῃς,
2806 627 3053 696 diuvat
3076 645 3193 683 σου
3209 630 3325 698 τὴν

1654 707 1951 775 κεφαλὴν,
1972 708 2068 761 καὶ
2093 708 2159 761 τό
2186 710 2508 776 πρόσωπόν
2535 726 2651 765 σου
2679 712 2869 779 νίψαι,
2889 712 3036 784 [306]
3059 714 3220 778 ὅπως
3234 712 3325 782 μὴ

1652 790 1851 858 φανῇς
1873 792 1995 857 τοῖς
2020 792 2351 859 ἀνθρώποις
2376 796 2706 859 νηστεύων,
2726 796 2885 849 ἀλλὰ
2912 796 2992 861 τῷ
3014 799 3195 864 [1ath
3206 813 3325 852 σου

1652 872 1732 936 τῷ
1748 874 1819 926 ἐν
1842 872 1922 938 τῷ
1942 873 2182 941 κρυπτῷ
2199 892 2211 905 ο
2246 877 2343 929 καὶ
2379 880 2411 929 ό
2440 878 2640 944 Πατήρ
2662 894 2799 939 σου,
2831 882 2863 932 ὀ
2882 880 3133 943 βλέπων
3151 881 3221 934 ἐν
3239 879 3323 945 τῷ

1652 954 1913 1022 κρυπτῷ,
1959 957 2259 1011 ἀποδώσει
2286 974 2407 1011 σοι.
2460 959 2569 1014 Καὶ
2598 959 2757 1013 πάλιν
2775 977 2787 989 ·
2831 962 3017 1017 Ὅταν
3041 962 3109 1014 δὲ
3136 962 3317 1031 ποιῇς

1651 1038 2073 1109 ἐλεημοσύνην
2094 1082 2108 1105 ,
2130 1042 2215 1111 μὴ
2246 1043 2579 1109 σαλπίσῃς,
2607 1045 2791 1111 φησιν,
2819 1043 3160 1112 ἔμπροσθέν
3179 1061 3318 1110 σου,

1651 1120 1852 1191 ὥσπερ
1884 1127 1937 1177 οἱ
1968 1126 2277 1193 ὑποκριταὶ
2326 1126 2608 1180 ποιοῦσιν
2651 1127 2721 1179 ἐν
2777 1126 2905 1189 ταῖς
2945 1129 3321 1196 συναγωγαῖς·

1652 1208 1748 1259 καὶ
1773 1207 1843 1260 ἐν
1862 1207 1990 1271 ταῖς
2015 1210 2253 1275 ῥύμαις,
2288 1209 2446 1275 ὅπως
2476 1208 2862 1273 δοξασθῶσιν
2912 1210 3032 1265 ὑπὸ
3070 1211 3186 1265 τῶν
3213 1213 3319 1265 ἀν-

1652 1293 1917 1361 θρώπων.
1952 1295 2139 1364 Ἀμὴν
2166 1296 2318 1365 λέγω
2338 1296 2502 1365 ὑμῖν,
2538 1296 2836 1365 ἀπέχουσι
2858 1296 2964 1351 τὸν
2978 1299 3201 1366 μισθὸν
3220 1302 3324 1352 αὐ-

1652 1380 1784 1433 τῶν.
1814 1376 1965 1443 Εἶδες
2010 1380 2127 1443 πῶς
2173 1383 2201 1433 6
2227 1380 2431 1452 ταύτην
2464 1381 2560 1453 τὴν
2597 1380 2753 1447 δόξαν
2783 1383 3054 1451 ἐπιζητῶν
3105 1384 3323 1455 ἐκείνης

1652 1462 2041 1532 ἀπεστέρηται,
2082 1466 2110 1516 6
2139 1461 2200 1516 δὶ
2239 1463 2323 1518 διά
2354 1465 2511 1517 τοῦτο
2542 1465 2640 1536 τὴν
2669 1466 2868 1537 ἀρετὴν
2902 1466 3317 1536 μετερχόμενος,

1652 1546 1745 1599 καὶ
1775 1546 2055 1601 λανθάνειν
2081 1547 2402 1618 βουλόμενος
2426 1550 2550 1613 τοὺς
2580 1549 2919 1619 ἀνθρώπους,
2952 1550 3071 1603 κατ’
3103 1551 3319 1620 ἐκείνην

1649 1630 1748 1701 τὴν
1774 1631 1986 1702 ἡμέραν
2019 1631 2114 1703 τὴν
2145 1631 2382 1704 φοϐερὰν
2408 1635 2464 1686 ἐν
2488 1633 2568 1702 τῷ
2621 1633 2840 1705 φανερῷ
2889 1634 3121 1704 λήψεται
3167 1634 3319 1705 παρά

1650 1713 1742 1767 τοῦ
1773 1714 2043 1769 Δεσπότου
2089 1716 2187 1779 τὰς
2213 1717 2465 1787 ἀμοιϐάς.
2508 1717 2561 1768 Ὀ
2590 1717 2700 1785 γάρ
2742 1717 2943 1783 Πατήρ
2973 1732 3109 1781 σου,
3132 1720 3317 1787 φησὶν,

1651 1800 1683 1849 ό
1710 1797 1963 1861 ,Βλέπων
1994 1797 2064 1851 ἐν
2100 1796 2180 1863 τῷ
2208 1799 2470 1866 κρυπτῷ,
2525 1799 2824 1854 ἀποδώσει
2857 1816 2958 1855 σοι
3004 1804 3074 1856 ἐν
3105 1804 3185 1869 τῷ
3208 1822 3321 1873 φα-

1650 1880 1818 1948 νερῷ.
1842 1882 1933 1951 Μὴ
1959 1880 2116 1935 τοῦτο
2148 1882 2338 1945 ἐννόει,
2373 1885 2556 1953 φησὶν,
2585 1884 2665 1937 ὅτι
2692 1884 2864 1947 οὐδεὶς
2883 1885 2991 1937 τῶν
3015 1886 3321 1956 ἀνθρώπιον

1652 1962 1883 2035 ἐπῄνεσέ
1937 1982 2018 2027 σε,
2057 1967 2151 2018 καὶ
2200 1966 2282 2019 ὅτι
2326 1966 2602 2020 λανθάνων
2661 1967 2899 2039 μετέρχῃ
2952 1968 3049 2039 τήν
3081 1970 3317 2041 ἀρετήν⁹

1649 2049 1765 2103 ἀλλ’
1790 2050 1967 2103 ἐκεῖνο
1986 2050 2219 2117 λογίζου,
2243 2052 2321 2103 ὅτι
2359 2050 2593 2122 τοσαύτη
2621 2050 2715 2104 τοῦ
2751 2051 3022 2104 Δεσπότου
3076 2052 3230 2107 ἔσται
3283 2056 3317 2124 ή

1650 2133 1928 2203 φιλοτιμία
1959 2136 2076 2205 μετ’
2104 2135 2166 2187 οὐ
2196 2135 2331 2188 πολύ
2356 2176 2370 2200 ,
2412 2135 2497 2197 ὡς·
2536 2135 2610 2207 μὴ
2654 2136 3021 2201 λανθανόντως
3046 2180 3061 2200 ,
3104 2138 3227 2209 μηδ’
3260 2141 3320 2194 ἐν

1649 2217 1970 2288 ἀποκρύφῳ,
2007 2217 2141 2272 ἀλλά
2174 2218 2373 2282 παντὸς
2400 2218 2494 2272 τοῦ
2521 2220 2628 2272 τῶν
2657 2219 2959 2290 ἀνθρώπων
3005 2222 3195 2290 γένους
3224 2225 3318 2277 τοῦ

1651 2300 1761 2354 ἀπὸ
1800 2302 1971 2371 Ἀδὰμ
2007 2302 2165 2372 μέχρι
2193 2304 2293 2373 τῆς
2315 2303 2624 2367 συντελείας
2674 2304 2940 2375 παρόντος
2986 2308 3319 2379 ἀνακηρύξει

1654 2402 1714 2438 σε
1748 2386 1842 2439 καὶ
1896 2385 2229 2453 στεφανώσει
2255 2428 2270 2449 ,
2312 2388 2407 2440 καλ⁹
2443 2387 2551 2441 τῶν
2582 2388 2758 2442 πόνων
2811 2389 2910 2459 τῆς
2973 2391 3172 2462 ἀρετῆς
3220 2394 3322 2457 τὰς

1652 2467 1885 2535 ἀμοιϐάς
1914 2468 2203 2522 ἀποδώσει.
2235 2469 2402 2533 Ποίας
2426 2467 2519 2524 οὐν
2548 2471 2614 2525 ἂν
2642 2467 2750 2525 εἷεν
2789 2473 3084 2541 ἀπολογίας
3111 2475 3249 2542 ἄξιοι
3268 2479 3317 2530 οί

1650 2552 1744 2605 καὶ
1766 2551 1855 2605 τὸν
1875 2551 2033 2604 πόνον
2052 2551 2151 2621 τῆς
2176 2553 2379 2623 ἀρετῆς
2410 2554 2793 2624 ὑπομένοντες,
2814 2557 2907 2609 καὶ
2923 2557 3009 2611 διὰ
3029 2559 3127 2630 τήν
3150 2561 3321 2630 πρόσ-

1650 2652 1860 2707 καιρον.
1895 2636 1990 2689 καὶ
2013 2637 2225 2708 εὐτελῆ,
2259 2637 2354 2691 καὶ
2386 2638 2622 2707 ματαίαν
2655 2639 2813 2703 δόξαν
2860 2640 2961 2708 τὴν
3010 2643 3161 2711 παρά
3209 2644 3319 2698 τῶν

1648 2715 1925 2786 ὁμογενῶν
1962 2717 2064 2787 τῆς
2096 2717 2300 2772 ἀνωθεν
2321 2720 2489 2790 τιμῆς
2516 2720 2743 2786 ἐαυτούς
2776 2722 3244 2795 ἀποστεροῦντεςς

1722 2831 1785 2902 β’.
1807 2832 2257 2905 ’Δσφαλιζώμεθα
2276 2833 2472 2895 τοίνυν,
2504 2834 2827 2906 παρακαλῶ.
2844 2836 2937 2889 καὶ
2951 2837 3088 2909 ὅπερ
3106 2838 3172 2892 ἂν
3188 2858 3321 2894 κατ-

1648 2920 1965 2991 αξιωθῶμεν
1985 2920 2142 2991 ἔργον
2161 2919 2529 2990 πνευματικὸν
2556 2920 2819 2991 μετιέναι,
2840 2921 2997 2974 τοῦτο
3013 2924 3175 2976 παντὶ
3194 2925 3319 2996 τρό-

1649 3022 1736 3075 πῳ
1766 3003 2104 3074 πανταχόθεν
2134 3005 2191 3057 ἐν
2214 3007 2327 3068 τοῖς
2363 3003 2629 3075 ταμιείοις
2657 3002 2757 3073 τῆς
2789 3003 3028 3068 διανοίας
3048 3006 3147 3074 τῆς
3178 3009 3317 3077 ήμε-

1646 3089 1808 3160 τέρας
1831 3088 2093 3157 κρύπτειν
2125 3088 2532 3158 σπουδάζωμεν,
2563 3088 2650 3141 ἵνα
2678 3088 2883 3141 ἐκεῖνον
2900 3089 2991 3142 τὸν
3017 3090 3318 3161 ἀκοίμητον

1647 3171 1924 3240 ὀφθαλμὸν
1950 3172 2162 3243 ἔχωμεν
2188 3171 2498 3241 ἐπαινέτην,
2530 3173 2623 3225 καὶ
2659 3172 2732 3243 μὴ
2757 3172 2846 3225 διά
2867 3173 3091 3244 τὴντῶν
3116 3174 3318 3246 ἀνθρώ-

1648 3274 1766 3310 πων
1785 3257 2079 3327 εὐφημίαν,
2114 3256 2209 3309 καὶ
2239 3256 2364 3319 τοὺς
2382 3254 2517 3326 πρὸς
2540 3255 2700 3325 χάριν
2727 3256 2986 3320 πολλάκις
3001 3258 3320 3326 γινομένους

1648 3342 1923 3407 ἐπαίνους,
1960 3342 2060 3412 τῆς
2105 3339 2257 3411 παρὰ
2309 3339 2404 3392 τοῦ
2456 3339 2726 3392 Δεσπότου
2760 3340 3034 3411 εὐφημίας
3093 3342 3322 3405 ἐαυτούς

1648 3426 1898 3493 ἀναξίους
1924 3425 2381 3495 καταστήσωμεν.
2414 3424 2522 3477 Kal
2542 3424 2649 3493 γάρ
2665 3424 2947 3496 ἀμφότερα
2968 3425 3204 3497 ὀλέθρια,
3224 3428 3319 3480 καὶ

1645 3508 1789 3578 λύμη
1817 3508 1917 3577 τῆς
1939 3507 2215 3576 ἡμετέρας
2244 3505 2540 3576 σωτηρίας,
2563 3506 2655 3559 καὶ
2679 3507 2891 3575 τὸπρὸς
2923 3507 3080 3572 δόξαν
3108 3507 3318 3577 ἀνθρω-

1647 3590 1807 3662 πίνην
1862 3589 2151 3657 ἀφορῶντά
2198 3608 2250 3643 τι
2288 3588 2715 3659 διαπράττεσθαι
2749 3588 2858 3640 τῶν
2907 3591 3312 3660 πνευματικῶν,

1648 3680 1741 3731 καὶ
1760 3678 1822 3731 τὸ
1863 3677 2005 3748 μέγα
2041 3679 2257 3749 φρονεῖν
2290 3678 2375 3745 ἐφ’
2403 3671 2485 3739 οἷς
2517 3676 2583 3730 ἂν
2609 3676 2963 3747 κατορθῶσαι
2992 3678 3212 3749 δυνηθῇ.
3238 3681 3317 3732 Δι’

1647 3762 1674 3814 ὁ
1701 3762 1892 3831 νήφειν
1921 3759 2026 3830 χρὴ
2076 3759 2173 3812 καὶ
2207 3758 2606 3830 ἐγρηγορέναι,
2643 3760 2737 3811 καὶ
2786 3758 2854 3812 τά
2880 3760 2988 3813 ἀπὸ
3027 3760 3127 3828 τῆς
3166 3761 3315 3825 θείας

1647 3844 1868 3919 Γραφῆς
1894 3845 2160 3914 φάρμακα
2194 3842 2491 3896 ἐπιτιθέναι
2522 3842 2760 3913 συνεχῶς
2789 3844 3023 3905 ἑαυτοῖς,
3056 3842 3195 3898 ὥστε
3238 3846 3313 3917 μὴ

1647 3928 1849 3982 ἁλῶναι
1894 3930 2009 3989 τοῖς
2039 3926 2304 3997 ὀλεθρίοις
2333 3925 2544 3989 τούτοις
2578 3926 2795 3981 πάθεσι.
2853 3925 2970 3979 Κᾶν
3003 3927 3112 3998 γάρ
3146 3930 3313 3999 μυρία

1646 4028 1728 4073 τις
1780 4008 2160 4081 κατωρθωκὼς
2188 4004 2245 4081 ᾖ,
2280 4008 2373 4061 καὶ
2405 4008 2619 4062 ἃπασαν
2674 4008 2771 4080 τὴν
2804 4010 3003 4080 ἀρετήν
3034 4010 3312 4076 διανύσας,

1651 4093 1791 4163 μέγα
1810 4093 1865 4149 δὲ
1886 4096 2074 4165 φρονῇ.
2092 4092 2308 4146 πάντων
2330 4092 2687 4162 ἐλεεινότερος
2708 4092 2774 4145 ἂν
2791 4092 2998 4160 γένοιτο
3020 4094 3112 4146 καὶ
3128 4094 3316 4148 ἀθλιώσ

1648 4195 1820 4247 τερος.
1849 4178 1961 4231 Kal
1987 4176 2142 4231 τοῦτο
2165 4175 2323 4245 δῆλον
2360 4177 2494 4246 ἡμῖν
2525 4176 2847 4247 γεγένηται,
2888 4177 2943 4243 ἐξ
2972 4169 3046 4228 ὧν
3084 4178 3111 4229 ὁ
3148 4178 3312 4248 Φαρι-

1653 4264 1799 4326 σαῖος
1826 4263 2031 4325 ἐκεῖνος
2058 4260 2342 4330 ὑπέμεινε,
2381 4260 2591 4329 μεγάλα
2623 4260 2898 4331 φρονήσας
2930 4260 3071 4317 κατά
3108 4258 3201 4315 τοῦ
3226 4278 3316 4314 τε·

1649 4343 1839 4403 λώνου,
1900 4343 1993 4395 xal
2025 4341 2259 4394 ἐλάττων
2292 4340 2384 4394 τοῦ
2434 4340 2664 4395 τελώνου
2704 4341 2897 4412 ἀθρόον
2929 4343 3186 4411 γεγονὼς,
3222 4346 3315 4398 καὶ

1647 4427 1733 4481 διὰ
1761 4426 1862 4496 τῆς
1893 4426 2096 4488 οἰκείας
2124 4425 2371 4496 γλώττης
2402 4425 2579 4479 πάντα
2626 4425 2791 4479 αὐτοῦ
2825 4426 2916 4479 τὸν
2953 4426 3181 4481 πλοῦτον
3214 4428 3315 4495 τῆς

1648 4511 1849 4583 ἀρετῆς
1874 4510 2089 4579 ἐκχέας,
2114 4509 2208 4562 καὶ
2230 4507 2437 4580 γυμνὸν
2465 4508 2558 4562 καὶ
2588 4508 2793 4582 ἔρημον
2824 4508 3013 4563 ἐαυτὸν
3044 4513 3314 4583 καταστή-

1650 4611 1768 4659 σας,
1798 4593 1891 4644 καὶ
1909 4593 2056 4659 ξένον
2079 4593 2173 4645 καὶ
2203 4591 2387 4645 καινὸν
2404 4593 2661 4661 ναυάγιον
2688 4592 3005 4662 ὑπομείνας.
3036 4594 3130 4655 Είς
3150 4595 3314 4649 αὐτὸν

1648 4678 1757 4748 γὰρ
1792 4675 1958 4729 ἐλθὼν
1995 4675 2087 4729 τὸν
2116 4675 2309 4745 λιμένα
2343 4675 2558 4729 ἅπαντα
2592 4676 2684 4730 τὸν
2723 4677 2920 4748 φόρτον
2966 4676 3132 4731 αὐτοῦ
3180 4696 3311 4731 κατ-

1649 4760 1821 4813 έδυσε.
1870 4758 1945 4811 Τδ
1980 4758 2088 4829 γάρ
2125 4758 2219 4811 ἀπ’
2250 4758 2413 4828 εὐχῆς
2456 4760 2555 4828 τῆς
2589 4758 2649 4811 οὐ
2683 4758 2908 4822 δεόντως
2939 4761 3312 4832 γεγενημένης

1648 4842 1805 4896 τοῦτο
1835 4841 2044 4907 παθεῖν,
2096 4840 2279 4909 ὅμοιόν
2309 4843 2424 4894 ἐστι
2452 4840 2528 4910 τῷ
2553 4841 2608 4892 ἐν
2637 4839 2784 4910 αὐτῷ
2822 4840 2973 4910 μέσῳ
3017 4839 3095 4910 τῷ
3133 4840 3310 4909 λιμένι

1648 4926 1902 4993 ναυάγιον
1925 4926 2228 4993 ὑπομεῖναι.
2259 4924 2357 4977 Διά
2380 4942 2463 4977 τοι
2489 4923 2645 4977 τοῦτο
2675 4924 2768 4977 καὶ
2786 4924 2813 4976 ὁ
2829 4923 3061 4993 Χριστὸς
3091 4940 3309 4994 παραγ-

1648 5009 1850 5075 γέλλων
1887 5011 1999 5071 τοῖς
2034 5006 2301 5077 μαθηταῖς
2332 5007 2536 5076 ἔλεγεν,
2568 5008 2755 5061 Ὅταν
2776 5006 2973 5060 πάντα
2993 5007 3308 5074 ποιήσητε,

1647 5094 1871 5163 λέγετε,
1892 5090 1980 5144 ὅτι
2020 5093 2069 5143 Ἀ
2074 5089 2257 5159 χρεῖοι
2286 5090 2494 5144 δοῦλοί
2521 5090 2709 5159 ἐσμεν
2726 5106 2739 5119 ·
2762 5088 3191 5157 ἀσφαλιζόμενος
3212 5088 3311 5140 αὐ-

1646 5177 1793 5238 τοὺς,
1831 5173 1923 5226 καὶ
1954 5174 2018 5225 ἐκ
2072 5170 2265 5224 πολλοῦ
2294 5170 2387 5225 τοῦ
2426 5171 2791 5241 διαστήματος
2844 5170 3166 5241 βουλόμενος
3212 5169 3309 5227 τοῦ

1648 5258 1887 5329 ὀλεθρίου
1916 5255 2105 5308 τούτου
2129 5254 2335 5318 πάθους
2369 5256 2523 5319 ἐκτὸς
2559 5256 2750 5317 αὐτοὺς
2784 5253 3055 5323 γενέσθαι.
3106 5252 3309 5319 Ετδετε,

1650 5338 1935 5410 ἀγαπητοὶ,
1974 5337 2090 5400 πῶς
2112 5337 2232 5390 οὐτε
2261 5338 2289 5390 ὁ
2320 5339 2456 5409 πρὸς
2479 5338 2635 5402 δόξαν
2670 5335 3012 5407 ἀνθρωπίνην
3041 5352 3309 5406 κεχηνως,

1651 5422 1797 5495 ι507]
1828 5422 1922 5475 καὶ
1950 5420 2037 5473 διά
2064 5420 2264 5491 ταύτην
2308 5420 2377 5474 τά
2400 5421 2498 5491 τῆς
2539 5420 2739 5491 ἀρετῆς
2770 5419 2905 5489 ἔργα
2942 5418 3163 5490 μετιὼν,
3198 5419 3313 5491 ἔχει

1647 5509 1766 5561 τινά
1793 5506 1999 5575 ὄνησιν,
2031 5505 2125 5557 καὶ
2150 5505 2231 5557 δτι
2264 5504 2356 5556 καὶ
2384 5503 2519 5574 μετὰ
2545 5503 2605 5556 τὸ
2633 5501 2973 5573 κατορθῶσαι
3016 5502 3193 5556 πάντα
3244 5502 3314 5559 τὰ

1647 5593 1744 5661 τῆς
1770 5586 1993 5660 ἀρετῆς,
2025 5587 2073 5638 εί
2101 5585 2240 5653 δόξει
2271 5585 2413 5658 μέγα
2446 5588 2664 5656 φρονεῖν
2696 5585 2789 5639 ἐπὶ
2830 5584 3059 5650 τούτοις,
3090 5583 3312 5638 πάντων

1648 5672 1849 5743 ἕρημος
1875 5669 2081 5737 γίνεται
2112 5669 2203 5721 καὶ
2227 5668 2431 5739 γυμνός
2456 5685 2470 5733 ;
2501 5668 2791 5739 Φεύγωμεν
2821 5668 3018 5733 τοίνυν,
3055 5682 3311 5738 παρακας

1650 5756 1746 5821 λῶ,
1774 5751 1945 5807 ταῦτα
1966 5752 2033 5805 τά
2059 5750 2277 5822 ὀλέθρια
2301 5750 2470 5822 πάθη,
2490 5751 2582 5805 καὶ
2607 5752 2742 5823 πρὸς
2764 5753 2969 5804 ἐκεῖνον
2994 5749 3151 5821 μόνον
3172 5745 3311 5818 ὁρῶο

1654 5857 1751 5910 μεν
1783 5835 1873 5889 τὸν
1898 5833 2195 5904 ἀκοίμητον
2224 5834 2521 5905 ὀφθαλμὸν.
2569 5836 2661 5888 καὶ
2691 5834 2855 5905 μηδὲν
2894 5833 3070 5887 κοινὸν
3096 5831 3311 5901 ἔχωμεν

1651 5923 1785 5993 πρὸς
1807 5920 1933 5983 τούς
1962 5918 2261 5989 ὁμογενεῖς,
2285 5919 2419 5991 μηδέ
2445 5920 2786 5989 ἐπιζητῶμεν
2809 5919 2900 5970 τὸν
2928 5915 3079 5987 παρά
3104 5912 3312 5967 τούτων

2844 6024 2920 6089 18
