3760 6266
493 276 602 333 285

496 395 740 454 ἔπαινον,
778 389 892 443 ἀλλ’
923 385 1220 460 ἀρκώμεθα
1245 384 1324 457 τῷ
1353 385 1502 457 παρὰ
1529 382 1621 440 τοῦ
1659 385 1948 438 Δεσπότου.
1987 373 2070 434 Οὗ

500 479 535 530 ὁ
567 475 814 539 ἔπαινος
838 472 966 542 γάρ,
996 472 1179 542 φησὶν,
1209 471 1318 524 οὐκ
1351 469 1420 534 ἐξ
1449 469 1791 538 ἀνθρώπων,
1832 467 1968 523 ἀλλ’
2005 467 2072 519 ἐκ

502 558 672 612 Θεοῦ.
696 557 805 609 Καὶ
843 556 952 625 ὅσῳ
981 554 1048 607 ἂν
1084 551 1219 623 πρὸς
1249 552 1469 623 μείζονα
1502 551 1827 622 ἐπιδιδῶμεν
1853 548 2072 621 ἀρετὴν,

501 638 737 708 τοσούτῳ
760 637 958 708 μᾶλλον
975 635 1200 699 ἑαυτοὺς
1224 635 1532 707 μετριάζειν
1548 632 2070 705 παρασκευάζωμεν,

498 723 592 777 καὶ
613 719 986 774 συνεστάλθαι.
1022 717 1141 773 Κᾶν
1167 717 1275 790 γὰρ
1295 717 1432 789 πρὸς
1463 718 1634 788 αὐτὴν
1661 717 1954 787 φθάσωμεν
1976 715 2075 783 τῆς

498 807 699 878 ἀρετῆς
729 806 827 876 τὴν
882 804 1150 875 κορυφὴν,
1200 802 1296 857 ἐὰν
1329 801 1635 872 ἀντιθῶμεν
1663 801 1760 866 τὰς
1796 801 1949 874 παρὰ
1979 801 2074 855 τοῦ

497 890 767 943 Δεσπότου
826 887 1141 958 εὐεργεσίας
1204 885 1340 957 μετὰ
1395 885 1593 956 πολλῆς
1637 884 2073 955 εὐγνωμοσύνης.

496 975 614 1026 τότε
643 972 823 1035 καλῶς
849 970 1110 1040 ὀψόμεθα,
1133 970 1213 1023 ὅτι
1235 971 1356 1022 οὐδὲ
1383 969 1443 1022 τὸ
1469 968 1755 1022 πολλοστὸν
1783 969 1947 1038 μέρος
1967 967 2076 1021 τῶν

498 1055 650 1127 παρά
677 1055 770 1108 τοῦ
805 1053 940 1107 Θεοῦ
973 1056 1052 1116 είς
1080 1054 1227 1123 ἡμᾶς
1253 1053 1618 1123 ὑπηργμένων
1655 1052 2071 1120 εἰσηνέγκαμεν.

498 1141 610 1192 Καὶ
651 1139 760 1210 γὰρ
796 1139 1027 1200 ἕκαστος
1073 1135 1179 1188 τῶν
1218 1136 1388 1203 ἁγίων
1436 1133 1682 1188 ἐντεῦθεν
1718 1133 2072 1204 ηὐδοκίμησε.

501 1224 610 1276 Καὶ
645 1224 733 1276 ἵνα
757 1221 954 1292 μάθῃς,
972 1219 1135 1274 ἄκουε
1154 1218 1248 1271 τοῦ
1277 1219 1376 1288 τῆς
1390 1218 1710 1288 οἰκουμένης
1733 1217 2073 1278 διδασκάλου,

499 1310 597 1378 τῆς
619 1305 1027 1376 οὐρανομήκους
1049 1302 1262 1373 ἐκείνης
1289 1301 1486 1372 ψυχῆς,
1519 1301 1636 1365 πῶς
1679 1303 1816 1371 μετὰ
1841 1300 2076 1354 τοσαῦτα

501 1387 920 1459 κατορθώματα,
953 1385 1092 1457 μετὰ
1116 1386 1213 1456 τὴν
1239 1385 1506 1454 τοσαύτην
1532 1384 1734 1438 ἄνωθεν
1779 1382 2078 1454 μαρτυρίαν

503 1473 761 1538 (Σκεῦος
780 1471 907 1541 γὰρ,
931 1469 1116 1540 φησὶν,
1141 1469 1400 1538 ἐκλογῆς
1437 1469 1572 1522 έστί
1594 1487 1693 1537 μοι
1723 1464 1942 1534 οὗτος),
1979 1468 2078 1520 οὐκ

502 1555 912 1609 ἐπιλανθάνεται
943 1552 1051 1607 τῶν
1077 1552 1293 1606 οἰκείων
1316 1551 1820 1621 πλημμελημάτων,
1845 1550 1957 1603 ἀλλ’
1981 1552 2080 1620 άμ-

503 1642 622 1709 φοῖν
641 1639 812 1692 ταῦτα
847 1635 1220 1708 περιστρέφει,
1260 1635 1354 1689 καὶ
1390 1635 1533 1706 ὑπὲρ
1582 1628 1658 1688 ὧν
1699 1634 1932 1704 μάλιστα
1977 1651 2078 1686 πε-

505 1723 905 1795 πληροφόρητο,
955 1720 1038 1773 ὅτι
1092 1718 1191 1790 τὴν
1221 1717 1571 1789 συγχώρησιν
1601 1719 1818 1784 ἐδέξατο
1850 1718 1937 1772 διὰ
1983 1716 2078 1771 τοῦ

504 1807 896 1876 βαπτίσματος,
925 1802 1047 1856 οὐδὲ
1079 1803 1283 1855 τούτων
1328 1801 1774 1856 ἐπιλανθάνεσθαι
1805 1801 2076 1871 ἀνέχεται,

501 1887 640 1944 ἀλλά
665 1889 760 1959 βοᾷ
793 1887 887 1942 καὶ
912 1887 1079 1954 λέγει,
1109 1886 1190 1939 ὅτι
1237 1884 1594 1953 Ἐλάχιστός
1634 1885 1748 1953 ειμι
1785 1883 1903 1937 τῶν
1934 1885 2080 1938 ἁπο-

501 1974 761 2037 στόλων,
816 1970 914 2024 καὶ
945 1971 1056 2023 οὐκ
1085 1969 1200 2038 εἰμὶ
1236 1967 1443 2032 ἱκανὸς
1474 1966 1784 2022 καλεῖσθαι
1821 1966 2082 2021 ἀπόστο-

502 2061 631 2122 λος.
661 2052 789 2109 Εἶτα
814 2055 903 2108 ἵνα
929 2053 1027 2124 τὴν
1062 2050 1366 2126 ὑπερϐολὴν
1391 2049 1556 2104 αὐτοῦ
1587 2049 1963 2120 παιδευθῶμεν
1983 2051 2081 2120 τῆς

503 2136 1022 2208 ταπεινοφροσύνης,
1051 2133 1383 2206 προσέθηκε,
1404 2134 1557 2186 Διότι
1582 2132 1796 2196 ἐδίωξα
1821 2126 1934 2199 τὴν
1953 2135 2084 2187 Ἐκ-

503 2222 770 2287 κλησίαν
799 2220 906 2273 τοῦ
942 2219 1108 2273 Θεοῦ.
1144 2217 1207 2269 Τί
1246 2219 1439 2283 ποιεῖς,
1469 2211 1514 2269 ὧ
1538 2216 1748 2280 Παῦλε;
1792 2217 1849 2270 '0
1881 2217 2082 2270 Δεσπό-

502 2322 604 2374 της
631 2303 718 2357 διὰ
742 2303 838 2374 τὴν
860 2301 1066 2355 οἰκείαν
1089 2300 1399 2370 φιλοτιμίαν
1433 2299 1772 2371 συνεχώρησε
1792 2342 1806 2365 ,
1851 2301 1945 2353 καὶ
1979 2301 2082 2354 ἀπ-

507 2387 724 2458 ήλειψεν
773 2386 986 2439 ἅπαντα
1023 2384 1096 2437 τὰ
1129 2382 1494 2455 ἡμαρτημένα
1539 2399 1642 2447 σοι,
1673 2383 1765 2436 καὶ
1801 2383 1864 2436 σύ
1914 2382 2083 2436 ταῦτα

507 2468 794 2540 στρέφεις;
824 2466 934 2521 Ναὶ
953 2507 968 2530 ,
1001 2463 1116 2520 οἶδα
1135 2506 1150 2530 ,
1187 2466 1354 2536 φησὶ,
1389 2466 1484 2520 καὶ¹
1515 2467 1615 2520 οὐκ
1653 2466 1832 2535 ἀγνοῶ
1861 2466 1954 2519 τοῦ
1984 2469 2082 2519 Δε-

509 2554 706 2607 σπότου
741 2549 836 2605 τοῦ
892 2549 1025 2620 ἐμοῦ
1066 2550 1164 2620 τὴν
1196 2549 1350 2603 λύσιν
1374 2566 1387 2578 ·
1424 2549 1539 2604 ἀλλ’
1579 2551 1705 2604 ὅταν
1747 2551 1982 2618 ἐννοήσω
2015 2549 2085 2603 τὰ

507 2636 630 2707 ἐμοὶ
661 2634 1015 2706 εἰργασμένα,
1050 2634 1144 2687 καὶ
1198 2633 1291 2686 ῐδω
1329 2632 1391 2686 τὸ
1435 2632 1670 2701 πέλαγος
1701 2633 1799 2704 τῆς
1825 2631 1918 2686 τοῦ
1949 2631 2082 2686 Θεοῦ

507 2718 932 2790 φιλανθρωπίας.
968 2717 1089 2770 τότε
1123 2715 1378 2786 μανθάνω
1410 2716 1625 2781 καλῶς,
1656 2717 1739 2769 ὅτι
1773 2716 1951 2787 χάριτι
1989 2716 2086 2768 αὐ-

504 2803 598 2856 τοῦ
629 2803 722 2856 καὶ
744 2800 1122 2872 φιλανθρωπίᾳ
1149 2799 1266 2870 εἰμὶ
1293 2801 1321 2853 6
1343 2801 1479 2870 εἰμι.
1510 2798 1693 2853 Είπὼν
1713 2799 1843 2870 γάρ,
1868 2801 2082 2852 ὅτιούκ

506 2887 623 2955 εἰμὶ
651 2885 858 2951 ἱκανὸς
905 2883 1217 2937 καλεῖσθαι
1267 2882 1631 2948 ἀπόστολος,
1693 2881 1841 2936 διότι
1871 2881 2085 2946 ἐδίωξα

506 2971 621 3038 τὴν
657 2970 1026 3036 Ἐκκλησίαν
1065 2967 1170 3020 τοῦ
1224 2965 1392 3031 Θεοῦ,
1448 2967 1693 3036 ἐπήγαγε
1718 2982 1732 2997 ο
1767 2964 1965 3032 Χάριτι
2017 2963 2086 3017 δὲ

425 3077 428 3081 ’
510 3055 657 3109 Θεοῦ
687 3056 802 3121 εἰμι
834 3051 867 3104 ὅ
898 3053 1031 3120 ειμι.
1071 3049 1211 3114 Ἐγὼ
1249 3050 1367 3119 μὲν,
1400 3050 1553 3118 φησὶ,
1587 3047 1852 3120 τοσαύτην
1879 3047 2085 3100 ἐπεδει-

511 3137 688 3206 ξάμην
718 3135 816 3204 τὴν
841 3134 1038 3205 μανίαν
1057 3149 1070 3163 ο
1102 3133 1136 3200 ἡ
1162 3132 1217 3184 δέ
1251 3131 1455 3201 ἇφατος
1482 3131 1646 3186 αὐτοῦ
1690 3131 1964 3201 ἀγαθότης
1990 3132 2085 3185 καὶ

506 3224 540 3292 ἡ
571 3219 726 3290 χάρις
752 3219 851 3288 τὴν
884 3215 1226 3286 συγχώρησιν
1255 3214 1564 3285 ἐχαρίσατο.
1596 3210 1746 3278 Εἶδες
1767 3213 1942 3286 ψυχὴν
1967 3231 2086 3267 συν-

507 3301 899 3374 τετριμμένην,
925 3300 1018 3352 καὶ
1047 3299 1155 3350 τῶν
1184 3299 1290 3368 πρὸ
1308 3296 1402 3350 τοῦ
1437 3296 1809 3368 βαπτίσματος
1835 3300 2084 3368 ἡμαρτη-

513 3387 688 3457 μένων
737 3381 994 3453 διηνεκῶς
1025 3380 1121 3452 τὴν
1156 3382 1371 3451 μνήμην
1411 3380 1848 3450 περιφέρουσαν;
1886 3380 2083 3434 Τοῦτον

509 3469 573 3540 δὴ
598 3467 689 3522 καὶ
721 3467 878 3537 ἡμεῖς
909 3462 1297 3535 μιμησώμεθα,
1324 3464 1417 3516 καὶ
1447 3461 1513 3515 τὰ
1550 3463 1683 3532 μετὰ
1715 3463 1774 3516 τὸ
1805 3463 2085 3534 βάπτισμα

510 3553 642 3623 ἡμῖν
687 3547 1071 3621 ἡμαρτημένα,
1113 3544 1283 3600 ταῦτα
1325 3545 1445 3597 καθ’
1479 3545 1715 3616 ἑκάστην
1755 3547 1962 3617 ἡμέραν
1997 3565 2085 3617 μι-

515 3634 897 3706 μνησκόμενοι,
933 3631 1027 3684 καὶ
1054 3629 1315 3699 διηνεκῶς
1347 3631 1403 3682 ἐν
1437 3633 1501 3701 τῇ
1553 3630 1762 3700 διανοίᾳ
1807 3631 2088 3704 περιστρέ-

511 3735 720 3789 φοντες,
756 3715 1026 3787 μηδέποτε
1057 3712 1426 3784 συγχωρῶμεν
1447 3715 1527 3776 εἰς
1552 3713 1720 3784 λήθην
1741 3715 1886 3784 ἡμᾶς
1910 3715 2084 3767 αὐτῶν

510 3803 790 3873 ἐμπεσεῖν.
834 3797 1040 3860 Ἱκανὸς
1068 3796 1177 3867 γάρ
1203 3798 1334 3868 ἡμῖν
1379 3797 1592 3867 χαλινὸς
1617 3797 1774 3851 τοῦτο
1799 3801 2084 3870 γενήσεται

509 3885 645 3957 πρὸς
677 3884 736 3937 τὸ
783 3879 1139 3943 ¹συνεστάλθαι
1192 3880 1288 3934 καὶ
1329 3879 1658 3953 μετριάζειν.
1712 3883 1822 3936 Καὶ
1852 3882 1903 3935 τί
1944 3881 2085 3951 λέγω

509 3967 744 4029 Παῦλον,
776 3965 868 4019 τὸν
905 3962 1156 4017 τοσοῦτον
1195 3963 1290 4016 καὶ
1341 3962 1686 4033 τηλικοῦτον;
1721 3963 1906 4027 Θέλεις
1959 3964 2084 4019 ίδεῖν

509 4051 606 4104 καὶ
627 4051 748 4112 τοὺς
785 4050 842 4100 ἐν
867 4049 933 4117 τῇ
965 4046 1175 4116 Παλαιᾷ
1224 4043 1472 4100 ἐντεῦθεν
1511 4045 1743 4116 μάλιστα
1794 4046 2085 4118 εὐδοκιμή-

513 4149 733 4194 σαντας,
762 4130 871 4184 ἀπὸ
898 4128 992 4182 τοῦ
1027 4128 1335 4199 μετριάζειν
1366 4127 1502 4198 μετά
1529 4128 1698 4200 μυρία
1730 4129 2085 4200 κατορθώμα-

511 4232 597 4276 τα,
613 4215 705 4266 καὶ
719 4214 817 4284 τὴν
837 4212 1042 4281 άφατον
1062 4210 1376 4281 παρρησίαν
1395 4227 1409 4274 ;
1429 4209 1624 4262 Ἀκουε
1638 4210 1730 4263 τοῦ
1748 4212 2084 4284 πατριάρχου

510 4297 778 4361 λέγοντος,
805 4293 942 4368 μετά
969 4293 1066 4363 τὴν
1103 4293 1316 4362 ὁμιλίαν
1344 4291 1440 4363 τὴν
1467 4293 1602 4363 πρὸς
1629 4293 1720 4346 τὸν
1751 4294 1903 4358 Θεὸν,
1949 4296 2085 4365 μετὰ

510 4378 609 4449 τὴν
637 4375 964 4446 ἐπαγγελίαν
993 4375 1089 4446 τὴν
1117 4375 1197 4438 εἰς
1223 4375 1383 4428 αὐτὸν
1402 4375 1776 4447 γεγενημένην
1795 4393 1808 4406 ο
1847 4375 1988 4448 Ἐγὼ
2019 4377 2086 4432 δέ

510 4465 627 4532 ειμι
664 4459 740 4530 γῆ
776 4459 872 4514 καί
905 4458 1154 4525 σποδός.

581 4555 650 4612 γ’.
683 4542 827 4615 [508]
871 4540 1008 4594 Ἀλλ’
1033 4541 1218 4613 ἐπειδὴ
1237 4541 1331 4596 τοῦ
1353 4541 1692 4615 πατριάρχου
1719 4542 2014 4615 ἐμνήσθην,
2036 4547 2084 4597 εί

511 4628 677 4692 δοκεῖ,
715 4625 784 4679 τά
819 4627 1056 4696 σήμερον
1084 4626 1498 4694 ἀναγνωσθέντα
1528 4625 1817 4698 προθῶμεν
1863 4627 1956 4678 ἐπὶ
1987 4629 2086 4698 τῆς

513 4711 782 4782 ὑμετέρας
838 4709 1059 4779 ἀγάπης
1080 4748 1095 4772 ,
1129 4709 1213 4762 ἵνα
1244 4708 1419 4762 ταῦτα
1450 4709 1856 4777 ἀναπτύξαντες
1885 4711 2084 4780 ἴδωμεν

509 4795 609 4866 τῆς
637 4792 837 4864 ἀρετῆς
868 4791 962 4844 τοῦ
995 4791 1204 4844 δικαίου
1234 4791 1332 4862 τὴν
1366 4792 1693 4864 ὑπερϐολήν.
1731 4795 1842 4847 Καὶ
1887 4793 2082 4857 ἔλαϐε,

512 4878 666 4949 φησὶ,
695 4875 891 4944 Θάρῤα
907 4873 1013 4927 τὸν
1036 4874 1251 4942 Ἅϐραμ
1273 4874 1370 4927 καὶ
1394 4873 1500 4927 τὸν
1517 4874 1731 4944 Ναχὼρ
1754 4876 1894 4942 τοὺς
1918 4877 2087 4942 υἱοὺς

508 4958 713 5020 αὐτοῦ,
747 4957 845 5012 καί
876 4956 983 5010 τόν
1007 4953 1138 5009 Λὼτ
1168 4955 1276 5009 τόν
1295 4956 1430 5011 υιὸν
1448 4957 1554 5011 τοῦ
1576 4957 1710 5011 υἱοῦ
1742 4958 1949 5025 αὐτοῦ,
1984 4960 2084 5012 καί

509 5044 624 5112 τὴν
653 5042 854 5111 Σάραν
877 5039 994 5106 τὴν
1011 5038 1255 5108 νύμφην
1275 5037 1483 5106 αὑτοῦ,
1515 5039 1767 5110 γυναῖκα
1790 5039 1859 5094 δὲ
1871 5043 2087 5110 Ἀϐραμ

508 5127 616 5181 τοῦ
649 5124 783 5179 υἱοῦ
815 5121 1000 5176 αὑτοῦ
1024 5137 1038 5150 ⁶
1065 5119 1164 5176 καὶ
1179 5119 1473 5191 ἐξήγαγεν
1490 5121 1713 5189 αὐτοὺς
1745 5122 1815 5176 ἐκ
1845 5121 1954 5190 τῆς
1975 5123 2087 5193 χώ-

508 5225 619 5278 ρας
648 5198 766 5261 τῶν
792 5205 1124 5267 Χαλδαίων,
1159 5202 1520 5272 πορευθῆναι
1554 5207 1643 5270 είς
1688 5205 1804 5273 τὴν
1828 5205 1946 5276 γῆν
1970 5206 2089 5260 τῶν

509 5289 879 5351 Χαναναίων,
900 5287 997 5340 καί
1017 5283 1203 5357 ἦλθεν
1230 5285 1337 5352 ἕως
1358 5285 1595 5355 Χαρρὰν
1614 5287 1711 5341 καί
1743 5287 2089 5356 κατῴκησεν

511 5373 661 5426 ἐκεῖ·
699 5371 796 5424 καὶ
849 5370 1126 5440 ἐγένοντο
1178 5368 1368 5425 πᾶσαι
1422 5373 1482 5424 αὶ
1527 5368 1738 5439 ἡμέραι
1789 5370 1982 5440 Θάρρα
2020 5373 2089 5426 ἐν

471 5455 750 5526 ξΧαρῤὰν
799 5453 906 5520 ἕτη
952 5453 1230 5506 διακόσια
1266 5451 1446 5506 πέντε
1468 5493 1483 5517 ,
1544 5453 1643 5507 καὶ
1691 5452 1990 5509 ἀπέθανεν
2019 5456 2089 5509 ἐν

478 5579 485 5636 1
511 5537 771 5636 Χαρῤςίν.
802 5536 957 5636 Μετά
979 5536 1307 5636 ,ἀκριϐείαςμ
1337 5537 1712 5636 πρρσέχωμεν,
1761 5538 2086 5636 παρακαλῶ,

511 5625 627 5686 τοῖς
665 5619 1109 5689 ἀναγνωσθεῖσιν,
1163 5620 1248 5673 ἵνα
1278 5619 1596 5690 δυνηθῶμεν
1645 5621 1968 5675 καταλαϐεῖν
1997 5622 2087 5676 τὸν

514 5703 641 5756 νοῦν
688 5702 797 5755 τῶν
836 5701 1318 5772 ἐγγεγραμμένων.
1370 5702 1499 5755 Ἰδοὺ
1532 5703 1638 5772 γὰρ
1691 5704 1748 5756 ἐν
1787 5705 2088 5775 προοιμίοις

479 5797 485 5825 ἀ
515 5787 663 5842 δοκεῖ
692 5785 911 5855 ζήτημα
929 5779 1068 5837 εἶναι
1091 5785 1146 5836 ἐν
1165 5787 1277 5847 τοῖς
1300 5785 1628 5854 εἰρημένοις.
1655 5785 1758 5837 Τοῦ
1785 5786 1893 5856 γὰρ
1921 5805 2084 5856 μακα-

520 5872 640 5946 ρίου
668 5869 858 5924 τούτου
888 5867 1187 5940 προφήτου,
1211 5866 1303 5919 τοῦ
1333 5867 1610 5930 Μωὺτέως
1638 5867 1799 5938 λέγω,
1824 5871 2084 5937 εἰπόντος,

1211 270 1266 326 S.
1308 265 1596 326 JOANNIS
1632 259 2122 322 CHRYSOSTOMI
2161 261 2480 321 ARCHIEP.
2517 257 3069 319 CONSTANTINOP.
3659 261 3736 318 28:3

2181 382 2262 435 ὅτι
2294 379 2513 435 Ἔλασε
2546 379 2742 448 Θάρῤα
2763 377 2872 433 τὸν
2891 375 3118 443 Ἀϐραμ
3143 372 3243 427 καί
3272 372 3382 428 τὸν
3397 375 3655 443 ’Ναχὼρ,
3676 386 3741 435 καὶ

2179 463 2472 533 ἐξήγαγεν
2503 461 2569 516 ἐκ
2604 460 2718 532 γῆς
2754 456 3104 520 Χαλδαίων,
3137 453 3515 524 πορευθῆναι
3548 459 3636 524 εις
3662 461 3742 526 τὴν

2180 546 2441 617 γῆντῶν
2466 545 2838 610 Χαναναίων,
2876 540 2978 599 καί
3007 536 3196 610 ἦλθεν
3217 539 3330 608 ἕως
3367 541 3641 609 Χαρῤὰν,
3675 550 3742 599 καί

2180 627 2532 695 κατῴκησεν
2557 627 2713 682 ἐκεῖ·
2752 629 2782 681 6
2807 628 3080 699 μακάριος
3107 624 3383 694 Στέφανος
3406 626 3742 694 ἐγκωμιάζιιη

2179 715 2305 778 τοὺς
2343 713 2627 776 Ἰουδαίους
2656 713 2840 784 φησίν·
2885 713 2941 766 '0
2967 709 3116 778 Θεός
3146 705 3256 778 τῆς
3283 709 3482 774 δόξης
3510 706 3673 776 ὡςεθη
3691 713 3742 774 τῷ

2181 797 2358 866 πατρί
2385 797 2556 867 ήμῶν
2587 798 2845 866 Ἀϐραὰμ
2880 797 3008 850 ὄντι
3039 796 3110 850 ἐν
3143 793 3614 862 Μεσοποταμίᾳ,
3642 796 3742 861 πρὶν

2180 882 2220 949 ἢ
2240 872 2592 948 κατοικῆσαι
2624 881 2810 934 αὑτὸν
2832 882 2902 934 ἐν
2927 880 3182 948 Χαρρὰν,
3206 875 3518 940 κάκεῖθεν,
3536 879 3680 944 μετὰ
3701 882 3741 930 τό

2181 964 2510 1020 ἀποθανεῖν
2543 965 2650 1018 τὸν
2687 964 2910 1031 πατέρα
2941 964 3158 1026 αὑτοῦ,
3185 959 3535 1032 μετῴκισεν
3574 963 3741 1015 αὐτόν.

2182 1051 2249 1103 Τί
2271 1045 2363 1102 οῦν
2393 1050 2576 1112 ἐστιν;
2618 1049 2956 1101 ἐναντιοῦται
2994 1049 3160 1117 ἑαυτῇ
3197 1049 3229 1118 ἡ
3261 1046 3384 1099 θεία
3415 1044 3623 1116 Γραφή
3647 1062 3658 1106 ;
3685 1045 3742 1117 Μή

2181 1134 2420 1202 γένοιτο·
2455 1133 2591 1186 ἀλλά
2633 1131 2860 1185 συνιδεῖν
2889 1133 2954 1184 ἐκ
2978 1131 3167 1184 τούτου
3216 1130 3517 1202 προσήκει,
3555 1130 3638 1182 ὅτι
3659 1130 3742 1182 θεο-

2183 1216 2370 1285 φιλοῦς
2397 1215 2548 1279 ὄντος
2575 1215 2665 1268 τοῦ
2699 1214 2888 1278 παιδὸς
2913 1255 2927 1276 ,
2967 1213 3154 1283 ὀφθεὶς
3197 1213 3349 1282 αὐτῷ
3372 1213 3402 1263 6
3433 1211 3576 1274 Θεὸς
3618 1229 3742 1280 προσ·

2183 1299 2338 1364 έταξε
2363 1299 2756 1370 μεταναστῆναι
2777 1297 3006 1351 ἐκεῖθεν.
3032 1298 3141 1351 Καὶ
3155 1296 3311 1350 τοῦτο
3333 1295 3504 1364 γνοὺς
3539 1297 3572 1347 6
3593 1296 3742 1366 Θὰρῤι

2181 1384 2210 1434 6
2237 1382 2426 1436 τούτου
2455 1383 2656 1453 πατὴρ,
2680 1383 2728 1434 εί
2757 1380 2848 1434 καὶ⁵
2876 1380 3103 1443 ἄπιστος
3128 1378 3448 1448 ἐτύγχανεν,
3488 1377 3614 1431 ἀλλ’
3632 1379 3742 1448 ὅμως

2185 1466 2289 1520 ὑπὸ
2326 1466 2419 1519 τοῦ
2451 1465 2585 1537 πρὸς
2629 1466 2720 1518 τὸν
2773 1463 2937 1517 παῖδα
2993 1463 3219 1534 φίλτρου
3258 1461 3602 1532 κοινωνῆσαι
3632 1462 3742 1530 αὐτῷ

2184 1549 2506 1614 κατεδέξατο
2541 1549 2640 1619 τῆς
2670 1547 3002 1618 ἀποδημίας,
3043 1547 3137 1600 καὶ
3167 1545 3337 1598 ἐλθὼν
3374 1547 3459 1608 είς
3498 1544 3603 1614 τὴν
3628 1546 3741 1614 Χειρο

2188 1634 2306 1705 ράν,
2357 1634 2518 1685 κάκεῖ
2562 1631 2912 1702 κατοικήσας,
2964 1629 3105 1683 οὑτω
3141 1628 3448 1700 μετήλλαξε
3496 1629 3594 1680 τὸν
3633 1628 3742 1697 βίον·

2185 1719 2278 1772 καὶ
2301 1717 2422 1770 τότε
2450 1716 2804 1778 κελεύσαντος
2831 1713 2926 1768 τοῦ
2965 1713 3099 1767 Θεοῦ
3128 1713 3525 1784 μετανίσταται
3565 1715 3645 1774 είς
3674 1715 3742 1781 τὴν

2185 1799 2494 1854 Χαναναίαν
2516 1799 2543 1850 6
2570 1799 2934 1869 πατριάρχης.
2971 1797 3186 1867 Ἀμέλει
3219 1797 3280 1850 οὐ
3313 1797 3589 1867 πρότερον
3621 1797 3742 1848 αὖτὸη

2185 1887 2212 1938 6
2239 1883 2368 1946 Θεὸς
2412 1882 2621 1936 ἐκεῖθεν
2672 1882 2960 1951 ἀνέστησε,
2998 1882 3189 1952 μέχρις
3208 1883 3298 1935 ὅτε
3325 1881 3526 1953 Θάρῤα
3569 1882 3742 1933 ἐτελεύ-

2185 1983 2336 2036 τησε.
2369 1966 2498 2018 Τότε
2522 1966 2630 2036 γὰρ
2655 1966 2792 2035 μετά
2809 1965 2910 2036 τὴν
2939 1965 3147 2018 ἐκείνου
3176 1964 3456 2035 τελευτὴν,
3487 1965 3742 2035 φησὶ,Κιι1

2185 2047 2315 2105 εἶπε
2344 2051 2560 2117 Κύριος
2583 2048 2662 2114 τῷ
2688 2049 2902 2118 Ἀϐραμ
2925 2066 2939 2080 ο
2977 2049 3229 2114 Ἔξελθε
3256 2051 3326 2103 ἐκ
3353 2049 3468 2116 τῆς
3492 2049 3616 2118 τῆς
3637 2065 3742 2106 στιν.

2187 2135 2283 2188 καὶ
2315 2135 2382 2188 ἐκ
2408 2133 2519 2201 τῆς
2546 2133 2897 2202 συγγενείας
2921 2147 3059 2196 σου,
3087 2133 3181 2187 καὶ
3209 2133 3278 2187 ἐκ
3327 2133 3438 2187 τοῦ
3460 2134 3636 2187 οῖκου
3669 2131 3742 2184 τοῦ

2188 2219 2409 2285 πατρός
2431 2231 2568 2279 σου,
2603 2217 2698 2270 καί
2734 2214 2909 2284 δεῦρο
2938 2218 3023 2281 εἰς
3054 2215 3191 2284 γῆν,
3231 2215 3312 2282 ἢν
3341 2215 3418 2269 ἄν
3448 2234 3550 2270 σοι
3580 2216 3742 2277 δείξω.

2188 2301 2296 2356 Καὶ
2330 2299 2562 2366 ποιήσω
2591 2315 2664 2353 σε
2694 2302 2782 2365 εἰς
2813 2299 2980 2365 ἔθνος
3004 2299 3176 2370 μέγα,
3207 2302 3305 2354 καί
3332 2300 3656 2371 εὐλογήσω
3676 2319 3742 2362 σε,

2187 2385 2285 2440 καὶ
2305 2384 2624 2454 μεγαλυνῶ
2669 2383 2734 2437 τὸ
2773 2384 2961 2453 ὄνομα
2990 2399 3128 2449 σου,
3161 2385 3260 2439 καὶ
3305 2385 3426 2453 ἔσῃ
3455 2386 3741 2454 εὐλογημὲ

2187 2487 2326 2536 νος·
2360 2465 2458 2522 καί
2515 2467 2828 2538 εὐλογήσω
2884 2467 3026 2534 τοὺς
3068 2468 3476 2538 εὐλογοῦντάς
3508 2485 3590 2523 σε
3615 2511 3629 2534 ,
3675 2469 3742 2522 καί

2187 2553 2328 2618 τοὺς
2352 2551 2804 2620 καταρωμένους
2829 2564 2904 2604 σε
2929 2551 3338 2622 καταράσομαι
3356 2570 3370 2583 ·
3404 2553 3504 2607 καί
3532 2554 3742 2606 £7ch-

2187 2637 2554 2707 γηθήσονται
2581 2636 2651 2688 ἐν
2671 2634 2771 2689 σοὶ
2793 2634 2984 2691 πᾶσαι
3013 2637 3074 2689 αι
3104 2637 3290 2704 φυλαί
3314 2634 3426 2703 τῆς
3445 2635 3584 2706 γῆς.
3608 2637 3742 2688 Ἕκας

2192 2737 2313 2773 στον
2338 2719 2445 2772 τῶν
2466 2721 2585 2789 είρη
2596 2718 2772 2788 μένων
2796 2718 2933 2790 μετὰ
2957 2718 3244 2789 ἀκριϐείας
3267 2718 3742 2790 διερευνησώμεθπ.

2190 2803 2279 2857 ἵνα
2307 2802 2505 2872 ἴδωμεν
2532 2801 2635 2871 τῆς
2666 2801 2890 2872 γνώμης
2916 2800 3009 2854 τοῦ
3037 2802 3375 2873 πατριάρχου
3409 2802 3471 2855 τὸ
3506 2801 3741 2871 φιλόθεοι

2259 2885 2350 2956 Μὴ
2380 2883 2488 2956 γὰρ
2518 2883 2703 2947 ἁπλῶς
2731 2883 3182 2956 παραδράμωμεν
3205 2885 3266 2938 τὸ
3314 2886 3634 2957 εἰρημένον,
3662 2886 3741 2937 ἀλλ

2190 2969 2532 3039 ἐννοήσωμεν
2565 2967 2688 3032 ὅσος
2713 2967 2809 3020 τοῦ
2837 2969 3208 3039 ἐπιτάγματος
3226 2971 3255 3022 6
3275 2969 3460 3037 ϐγκος.
3499 2970 3742 3031 Ἔξελθε

2190 3050 2374 3121 φησὶν,
2423 3050 2488 3105 ὲκ
2544 3049 2655 3118 τῆς
2687 3049 2797 3120 γῆς
2827 3064 2964 3113 σου,
3023 3050 3124 3106 καί
3155 3053 3225 3105 ἐκ
3258 3048 3369 3119 τῆς
3417 3053 3742 3119 συγ-τεττιά

2190 3148 2327 3198 σου,
2362 3133 2460 3188 καί
2493 3134 2562 3188 ἐκ
2588 3133 2696 3188 τοῦ
2723 3134 2894 3188 οἴκου
2915 3133 3022 3188 τοῦ
3053 3135 3280 3202 πατρός
3301 3150 3440 3198 σου,
3467 3136 3576 3188 καὶ
3603 3135 3742 3201 δεῦρ

2190 3220 2277 3284 εἰς
2300 3216 2417 3286 τὴν
2443 3216 2578 3287 γῆν,
2609 3216 2685 3284 ἣν
2716 3217 2796 3270 ἄν
2821 3233 2919 3270 σοι
2951 3215 3147 3281 δείξω.
3183 3216 3490 3282 Κατάλιπε,
3523 3219 3679 3286 φησὶ,
3711 3235 3742 3269 τι

2189 3299 2323 3370 δῆλα
2345 3300 2437 3354 καὶ
2464 3301 2533 3354 τά
2553 3300 2969 3370 ὡμολογημένα,
2997 3300 3094 3353 κα)⁸
3125 3300 3462 3372 προτίμησον
3498 3301 3572 3353 τὰ
3612 3301 3742 3368 ἇᾶτρυ

2191 3384 2284 3438 καὶ
2315 3385 2383 3438 τὰ
2419 3385 2492 3455 μὴ
2524 3383 3064 3453 φαινόμενα.Σκόπει
3098 3383 3216 3447 πῶς
3251 3381 3312 3448 ἐξ
3353 3385 3540 3454 ἀρχῆς
3588 3389 3683 3437 καὶ
3715 3389 3742 3436 ἐι

2191 3467 2490 3539 προοιμίων
2513 3465 2850 3538 ἐγυμνάζετο
2877 3469 2905 3521 6
2925 3468 3132 3532 δίκαιος
3158 3467 3226 3521 τὰ
3253 3467 3327 3539 μὴ
3344 3470 3650 3539 φαινόμενα
3675 3471 3742 3520 τῶ

2191 3549 2532 3620 φαινομένων
2562 3551 2852 3621 προτιμᾷν,
2880 3551 2974 3604 καὶ
3006 3551 3076 3605 τὰ
3111 3550 3370 3619 μέλλοντα
3416 3551 3533 3604 τῶν
3561 3553 3617 3604 ἐν
3656 3570 3742 3621 χει

2193 3633 2277 3686 σὶν
2325 3634 2512 3686 ὄντων.
2565 3633 2698 3686 Οὐδὲ
2730 3632 2838 3704 γὰρ
2869 3633 2930 3686 τὸ
2960 3633 3122 3704 τυχὸν
3153 3629 3220 3705 ἦν
3275 3634 3413 3704 ὅπερ
3445 3634 3742 3687 ἐπετάττετ

2191 3719 2432 3788 ποιῆσαι,
2488 3715 2640 3788 [509]
2693 3716 3016 3771 καταλιπεῖν
3041 3717 3140 3790 τὴν
3178 3718 3302 3788 γῆν,
3337 3717 3468 3771 ἔνθα
3526 3720 3742 3772 τοσοῦτο

2189 3800 2372 3872 ᾤκησε
2401 3799 2614 3870 χρόνον,
2641 3800 2737 3854 καὶ¹
2756 3801 2856 3873 τὴν
2879 3801 3198 3870 συγγένειαν
3215 3802 3452 3864 ἃπασαν,
3482 3805 3582 3854 καὶ
3606 3805 3742 3855 πάν-ει

2189 3882 2284 3936 τοῦ
2319 3881 2526 3953 πατρὸς
2549 3883 2642 3936 τὸν
2668 3875 2838 3947 οἷκον,
2869 3884 2964 3938 καὶ
2997 3885 3172 3938 ἐλθεῖν
3194 3883 3321 3937 ἔνθα
3359 3883 3431 3954 μὴ
3462 3885 3608 3956 ᾔδει,
3647 3885 3742 3954 μηῖ

2190 3965 2477 4036 ἠπίστατο.
2514 3966 2590 4020 Οὐ
2617 3966 2727 4037 γὰρ
2751 3963 2905 4020 εἷπεν
2931 3969 3011 4030 είς
3039 3968 3200 4021 ποίαν
3233 3966 3398 4020 αὐτὸν
3426 3967 3618 4038 χώραν
3655 3968 3742 4035 βοή

2190 4049 2341 4104 λεται
2383 4053 2737 4122 μεταστῆσαι,
2768 4049 2902 4105 άλλά
2928 4051 3006 4121 τῷ
3027 4051 3319 4125 ἀδιορίστῳ
3343 4050 3436 4105 τοῦ
3473 4052 3742 4118 ἐπιτάτμέι

2190 4150 2280 4197 τος
2313 4133 2586 4204 ἐγύμναζε
2622 4133 2717 4187 τοῦ
2764 4133 3110 4206 πατριάρχου
3147 4135 3210 4188 τὸ
3264 4134 3538 4204 φιλόθεον.
3599 4134 3742 4202 Δεῦρ

2191 4214 2319 4286 γὰρ,
2353 4217 2536 4286 φησὶν,
2564 4217 2652 4282 εἰς
2677 4214 2793 4284 τὴν
2827 4215 2964 4284 τὴν,
2999 4214 3079 4283 ῆν
3105 4216 3183 4270 ἄν
3209 4231 3308 4271 σοι
3330 4217 3531 4282 δείξω.
3563 4220 3742 4288 Ἐννόη

2193 4299 2284 4351 σόν
2328 4316 2438 4370 μοι,
2487 4299 2761 4370 άγαπητὲ,
2794 4299 2944 4364 ὅπως
2979 4299 3190 4370 ὑψηλῆς
3248 4299 3417 4353 ἐδεῖτο
3450 4300 3686 4372 γνώμης
3725 4303 3742 4353 τ

2191 4380 2489 4452 ἐπίταγμα,
2525 4383 2620 4436 καὶ
2649 4381 2891 4454 μηδεμιᾷ
2920 4382 3264 4454 προσπαθείᾳ
3293 4383 3324 4452 ἢ
3357 4384 3624 4455 συνηθείᾳ
3655 4401 3742 4437 211

2191 4463 2475 4534 εχομένης.
2513 4466 2575 4518 Εἰ
2598 4465 2706 4536 γάρ
2741 4464 2834 4519 νῦν
2872 4465 3010 4534 μετὰ
3062 4465 3122 4518 τὸ
3172 4465 3450 4519 ἐπιδοῦναι
3495 4469 3597 4537 τὴν
3626 4467 3742 4520 εὖτέ

2191 4547 2364 4611 ϐειαν,
2397 4546 2568 4612 οὑτως
2597 4548 2706 4601 εἰσὶ
2738 4548 2922 4602 πολλοὶ
2952 4551 3019 4620 τῇ
3049 4546 3309 4618 συνηθείᾳ
3332 4549 3742 4620 προσδεδεμένοι

2189 4628 2265 4692 ώς
2298 4628 2392 4682 καὶ
2424 4629 2682 4700 μυριάκις
2713 4631 2778 4684 ἂν
2808 4629 3030 4695 ἕλοιντο,
3062 4629 3164 4684 κᾶν
3193 4630 3408 4701 ἀνάγκη
3448 4633 3742 4705 κατεπείγῃ

2191 4712 2368 4766 πάντα
2397 4712 2706 4782 ὑπομεῖναι,
2732 4712 2765 4784 ἢ
2787 4711 2895 4766 τῶν
2913 4713 3094 4766 τόπων
3115 4714 3470 4784 μεταστῆναι,
3490 4714 3620 4768 ἔνθα
3651 4719 3742 4786 ’.τρι

2189 4813 2346 4867 τερον
2368 4795 2468 4856 τὴν
2499 4795 2710 4867 οἴκησιν
2735 4795 2913 4866 ἔσχον,
2951 4797 3043 4850 καῖ
3069 4795 3241 4850 ταῦτα
3281 4798 3383 4851 οὐκ
3416 4799 3514 4852 ἐπὶ
3549 4799 3666 4852 τῶν
3693 4815 3742 4854 τι

2190 4879 2396 4951 χόντων
2422 4879 2580 4950 μόνον
2610 4877 2819 4949 ἀνδρῶν
2849 4878 2996 4932 ἐστιν
3043 4879 3190 4943 ίδεῖν,
3231 4880 3370 4933 ἀλλὰ
3411 4882 3509 4934 καὶ
3559 4882 3660 4934 ἐπὶ
3695 4897 3742 4950 ςι

2191 4963 2394 5032 γόντων
2423 4963 2550 5022 τοὺς
2575 4963 2634 5014 ὲν
2665 4961 2815 5032 μέσῳ
2842 4961 3122 5031 θορύϐους,
3158 4963 3254 5016 καὶ
3274 4963 3367 5016 τὸν
3393 4963 3506 5016 τῶν
3529 4963 3742 5034 posuit?

2192 5045 2463 5116 ἑλομένων
2504 5043 2647 5114 βίον·
2691 5042 2871 5114 πολλῷ
2913 5044 2977 5114 δὴ
3036 5044 3233 5115 μᾶλλον
3280 5047 3402 5099 τότε
3453 5048 3544 5101 τὸν
3567 5049 3742 5102 δίκαι-ι

2190 5127 2374 5181 τοῦτον
2430 5127 2577 5190 εἰκὸς
2629 5121 2698 5197 ἦν
2723 5126 3048 5198 δυσχερᾶναι
3079 5127 3216 5198 πρὸς
3249 5127 3310 5180 τὸ
3344 5129 3651 5201 ἐπίταγμα,
3691 5149 3742 5186 2L:

2191 5210 2546 5281 ὀκνηρότερον
2572 5209 2928 5280 καταστῆναι.
2950 5208 3192 5276 Ἔξελθε,
3211 5211 3366 5281 φησὶ,
3389 5212 3487 5265 καὶ
3508 5214 3742 5266 κατάλεε

2191 5295 2316 5356 τοὺς
2338 5295 2638 5362 συγγενεῖς,
2656 5292 2855 5346 καὶτὸν
2877 5287 3024 5347 οἷκον
3040 5292 3130 5347 τὸν
3153 5294 3446 5364 πατρικὸν,
3478 5296 3569 5348 καὶ
3587 5296 3741 5361 Δεῖν-ι

2192 5379 2279 5444 εις
2303 5375 2439 5446 γῆν,
2465 5373 2546 5443 ἣν
2559 5375 2638 5430 ἄν
2660 5392 2760 5431 σοι
2780 5375 2976 5442 δείξω.
3001 5376 3133 5430 Τίνα
3148 5371 3242 5430 οὖν
3258 5377 3360 5430 οὐκ
3387 5378 3457 5433 ἂν
3477 5378 3742 5448 ἐθορύϐηπ

2191 5459 2349 5512 ταυτὶ
2381 5458 2450 5512 τὰ
2486 5460 2741 5530 ρήματας
2793 5460 2930 5513 Οὑτε
2957 5459 3048 5514 τὸν
3072 5459 3258 5526 τόπον,
3297 5460 3424 5515 οὐτε
3467 5463 3562 5532 τὴν
3589 5463 3742 5533 χώρα

2191 5542 2356 5613 δήλην
2400 5541 2548 5614 αὑτῷ
2576 5545 2738 5610 ποιεῖ,
2770 5542 2908 5596 ἀλλά
2934 5542 3012 5613 τῷ
3045 5543 3336 5615 ἀδιορίστῳ
3365 5543 3646 5614 βασανίζει
3691 5561 3742 5598 τι

2192 5625 2399 5679 δικαίου
2427 5625 2527 5696 τὴν
2560 5625 2807 5698 γνώμην.
2851 5625 2916 5680 El
2941 5626 3049 5698 γὰρ
3086 5627 3272 5698 ἕτερός
3303 5645 3390 5690 τις
3438 5625 3508 5700 ἦν
3531 5631 3558 5682 6
3585 5631 3742 5682 nim

2196 5707 2362 5772 σθεὶς,
2393 5709 2486 5761 καὶ
2508 5703 2588 5773 εἷς
2619 5709 2728 5764 τῶν
2751 5708 2981 5771 πολλῶν,
3013 5707 3164 5762 εἶπεν
3185 5710 3270 5762 ἄν⁸
3301 5705 3502 5766 Ἔστω·
3531 5712 3742 5768 κελεύει

2197 5806 2264 5859 με
2280 5789 2595 5845 καταλιπεῖν
2612 5791 2710 5862 τὴν
2735 5791 2840 5861 γῆν
2863 5792 2989 5845 ἔνθα
3011 5792 3106 5844 νῦν
3131 5793 3285 5857 οἰκῶ,
3309 5796 3411 5866 τὴν
3432 5796 3742 5868 συγγένειαι

2193 5872 2284 5926 τὸν
2329 5869 2476 5927 οἷκον
2523 5873 2613 5929 τὸν
2647 5875 2942 5945 πατρικόν·
2994 5875 3137 5940 τίνος
3168 5875 3355 5931 ἕνεκεν
3404 5879 3520 5946 οὐχὶ
3553 5880 3648 5932 καὶ
3693 5879 3742 5932 τί
