3788 6264
69 257 179 315 285

70 384 192 425 mus
218 384 235 422 :
262 366 361 423 sed
387 368 620 424 contenti
640 368 807 424 simus
831 368 1095 427 dominica
1121 373 1295 429 laude.
1331 375 1488 447 Cujus
1513 378 1626 431 laus
1647 418 1662 444 ,

68 461 274 531 inquit,
321 477 423 515 non
461 478 525 515 ea:
563 461 876 529 hominibus,
905 463 997 517 sed
1024 480 1090 519 ea:
1114 464 1221 521 Deo
1263 466 1436 537 (Rom.
1464 468 1517 522 2.
1545 469 1664 539 29).

69 552 135 605 Et
175 566 285 623 quo
328 553 496 622 magis
527 553 811 609 virtutibus
837 553 1227 625 locupletamur
1250 567 1303 613 et
1332 561 1622 617 crescimus
1647 602 1662 626 ,

68 643 169 699 hoc
195 645 371 716 magis
398 645 624 701 modesti
655 647 822 702 simus
842 658 897 703 et
918 647 1275 705 humiliemur.
1308 651 1439 706 Nam
1467 654 1564 707 etsi
1596 653 1663 709 ad

64 752 333 792 summum
375 737 584 793 virtutis
628 740 835 808 apicem
878 741 1281 812 pertigerimus,
1322 743 1368 798 si
1414 744 1467 799 id
1513 755 1663 815 grato

63 828 246 883 animo
273 844 397 884 cum
430 829 523 884 Dei
545 829 819 886 beneﬁciis
846 846 1246 902 comparemus,
1277 834 1433 891 facile
1461 837 1664 893 videbi-

62 935 214 986 mus,
264 935 335 977 ne
374 921 651 976 minimam
693 922 907 993 quidem
934 935 1139 994 partem
1168 941 1266 981 nos
1291 942 1475 982 eorum
1497 969 1512 995 ,
1544 945 1662 998 quae

60 1015 111 1067 in
142 1028 247 1068 nos
287 1013 554 1081 contulit,
582 1014 917 1085 adaequasse.
947 1016 1082 1072 Hinc
1109 1019 1252 1072 enim
1280 1034 1468 1074 omnes
1490 1021 1659 1075 Sancti

59 1103 271 1171 probati
312 1103 559 1170 fuerunt,
598 1114 653 1161 et
688 1105 798 1160 Deo
822 1107 1046 1176 accepti.
1076 1107 1189 1163 Hoc
1220 1119 1277 1163 ut
1296 1108 1500 1177 discas,
1531 1112 1658 1166 audi

58 1195 339 1251 doctorem
380 1196 556 1261 orbis,
599 1197 831 1251 animam
870 1198 1013 1253 illam
1042 1215 1160 1270 qua:
1190 1200 1241 1254 in
1272 1201 1462 1257 caelum
1493 1219 1659 1274 usque

58 1289 344 1360 pertingit,
388 1290 657 1360 quomodo
705 1299 826 1361 post
870 1299 949 1346 tot
994 1293 1245 1361 praeclara
1291 1308 1487 1364 Opera,
1539 1305 1660 1366 post

57 1392 262 1437 tantum
282 1382 350 1436 de
366 1384 498 1437 czclo
529 1383 886 1438 testimonium
910 1382 1045 1453 (Vas
1060 1385 1222 1452 enim,
1250 1385 1439 1456 inquit,
1461 1388 1660 1441 electio-

54 1478 127 1529 nis
153 1486 227 1529 est
252 1477 379 1528 mihi
402 1477 483 1529 hic
512 1476 646 1547 [Αει.
675 1476 726 1531 9.
755 1477 820 1531 15
838 1475 855 1547 ]
876 1477 915 1545 ),
948 1492 1054 1531 non
1086 1478 1414 1534 obliviscitur
1438 1496 1655 1535 suorum

53 1569 409 1636 delictorum,
440 1570 533 1624 sed
556 1569 814 1623 ambabus
843 1570 1119 1637 manibus,
1147 1579 1204 1624 ut
1230 1571 1410 1638 aiunt,
1439 1588 1500 1626 ea
1534 1588 1653 1627 ver-

53 1671 163 1726 sat,
198 1671 255 1716 et
288 1677 459 1730 neque
484 1676 669 1715 eorum
701 1663 1013 1718 memoriam
1043 1662 1317 1718 obliterari
1344 1666 1561 1734 patitur,
1585 1665 1653 1721 de

52 1754 242 1818 quibus
290 1754 621 1807 certissimus
655 1762 804 1818 erat,
851 1754 964 1822 ipsa
1011 1769 1105 1822 per
1144 1754 1461 1824 baptismum
1492 1757 1652 1813 fuisse

52 1845 291 1907 dimissa,
314 1846 406 1899 sed
424 1845 614 1899 clamat
632 1854 685 1900 et
701 1845 828 1901 dicit
852 1862 867 1900 :
893 1845 945 1898 Μ
954 1847 1137 1901 inimus
1156 1865 1269 1903 sum
1287 1850 1649 1919 apostolorum,

48 1947 91 1988 et
124 1951 227 1988 non
270 1951 383 1989 sum
418 1936 602 2005 dignus
630 1937 801 1990 vocari
830 1938 1089 2007 apostolus
1117 1937 1193 2011 (Ι.
1221 1939 1338 1993 Cor.
1370 1942 1455 1995 l5.
1481 1940 1558 2012 9).
1585 1942 1650 1996 Et

52 2039 252 2093 postea,
274 2035 331 2080 ut
352 2027 618 2097 ingentem
642 2028 758 2097 ejus
787 2027 1055 2083 discamus
1080 2031 1449 2097 humilitatem,
1470 2032 1647 2089 addit:

50 2116 119 2170 Eo
147 2117 290 2185 quod
314 2129 642 2189 persequutus
665 2136 775 2173 sum
808 2119 1088 2174 Ecclesium
1117 2121 1232 2175 Dei.
1265 2123 1400 2190 Quid
1428 2126 1541 2195 agis
1561 2167 1575 2189 ,
1606 2141 1639 2181 ο

48 2209 251 2264 Paule?
297 2211 555 2266 Dominus
596 2226 691 2280 per
731 2211 1149 2266 misericordiam
1189 2230 1338 2267 suam
1372 2214 1565 2270 delevit
1592 2226 1646 2271 et

46 2302 243 2356 dimisit
289 2302 467 2356 omnia
507 2312 724 2372 peccata
768 2312 877 2369 tua,
922 2313 977 2359 et
1016 2312 1071 2359 tu
1120 2319 1181 2358 ea
1217 2305 1390 2360 adhuc
1415 2308 1643 2362 subinde

48 2410 222 2448 versas
246 2437 263 2458 ,
308 2405 363 2448 et
401 2395 713 2449 memoras?
758 2394 932 2449 Etiam
964 2413 976 2448 :
1005 2395 1117 2449 scio
1145 2398 1286 2452 enim
1308 2439 1322 2463 ,
1356 2397 1527 2468 inquit
1547 2441 1562 2465 ,
1590 2409 1644 2454 et

45 2504 143 2542 non
187 2488 384 2557 ignoro
410 2487 696 2541 Dominum
722 2503 901 2542 meum
930 2488 1022 2542 illa
1046 2486 1313 2543 dimisisse
1347 2476 1369 2542 ε.
1389 2491 1483 2545 sed
1514 2492 1639 2547 dum

45 2595 248 2634 mecum
278 2580 558 2634 considero
584 2595 701 2649 qute
723 2578 939 2634 fecerim
959 2621 974 2645 ,
1002 2590 1055 2634 et
1078 2580 1235 2636 video
1258 2582 1449 2637 divina:
1472 2586 1641 2639 mise-

43 2673 285 2727 ricorditc
323 2673 545 2743 pelagus
574 2690 586 2724 :
624 2683 748 2727 tunc
779 2673 948 2742 probe
968 2672 1115 2727 disco
1139 2688 1227 2727 me
1251 2674 1420 2743 gratia
1452 2686 1506 2729 et
1532 2676 1637 2729 mi-

42 2764 331 2820 sericordia
377 2764 470 2819 Dei
504 2779 624 2820 esse
653 2765 705 2819 id
732 2764 871 2834 quod
900 2778 1040 2819 sum.
1070 2764 1202 2819 Nam
1233 2779 1353 2820 cum
1383 2765 1637 2838 dixisset,

44 2858 155 2911 Non
199 2875 317 2912 sum
365 2859 551 2928 dignus
584 2859 751 2911 vocari
775 2860 1036 2929 apostolus
1056 2900 1071 2925 ,
1100 2875 1158 2914 eo
1187 2859 1321 2929 quod
1352 2859 1633 2914 Ecclesium

40 2950 125 3005 Dei
152 2969 271 3005 sum
301 2962 626 3021 persequutus
647 2993 660 3016 ,
686 2952 922 3008 subdidit
953 2970 967 3007 :
1001 2949 1179 3006 Gratia
1204 2963 1377 3007 autem
1406 2952 1503 3007 Dei
1523 2970 1633 3007 sum

38 3048 85 3099 id
122 3048 264 3117 quod
306 3065 420 3103 sum
462 3047 622 3114 (Ibid.
646 3063 693 3100 υ.
735 3047 845 3114 10).
886 3047 999 3117 Ego
1020 3046 1467 3116 quidem,inquit,
1493 3055 1633 3101 tanta

39 3140 243 3194 ferebar
267 3140 513 3204 insania;
545 3139 823 3194 ineﬁ'abilis
854 3150 1033 3194 autem
1064 3139 1182 3207 ejus
1203 3138 1414 3195 bonitas
1435 3147 1489 3193 et
1508 3154 1632 3209 gra-

39 3235 99 3285 tia
130 3233 504 3287 remissionem
530 3231 696 3285 dedit.
722 3231 940 3286 Vidistis
960 3231 1191 3285 animam
1216 3232 1502 3286 contritam
1530 3272 1545 3298 ,
1576 3239 1632 3287 et

37 3329 343 3381 memoriam
389 3334 727 3395 peccatorum
749 3366 764 3390 ,
810 3340 930 3393 quae
971 3333 1095 3379 ante
1124 3324 1444 3394 baptismum
1476 3340 1627 3379 com-

38 3422 269 3485 miserat,
305 3427 565 3488 perpetuo
598 3415 1060 3471 circumferentem
1087 3415 1109 3470 ἲ
1136 3416 1283 3470 Illum
1306 3425 1361 3470 et
1384 3431 1481 3471 nos
1508 3416 1626 3470 imi-

37 3520 233 3575 temur,
285 3520 343 3565 et
386 3525 573 3563 eorum
617 3525 735 3579 quae
781 3516 902 3577 post
944 3508 1267 3578 baptismum
1310 3509 1626 3563 admisimus

33 3604 261 3671 quotidie
307 3616 579 3656 memores
599 3643 614 3667 ,
646 3601 1006 3670 continuoque
1033 3615 1092 3654 ea
1123 3602 1175 3654 in
1201 3610 1380 3656 mente
1402 3616 1623 3655 versan-

32 3702 102 3747 tes
125 3735 139 3759 ,
166 3708 463 3763 numquam
496 3692 863 3762 permittamus
888 3701 945 3747 ut
968 3692 1204 3762 ipsorum
1222 3692 1621 3748 obliviscamur.

32 3785 133 3841 lloc
161 3787 306 3840 enim
339 3784 548 3840 frenum
574 3784 802 3840 sufﬁciet
828 3784 894 3839 ad
922 3784 1313 3840 humiliandum
1335 3799 1454 3852 nos,
1482 3794 1534 3840 ct
1554 3785 1620 3840 ad

32 3877 345 3932 modestiam
385 3877 824 3947 ingencrandam.
853 3877 922 3932 Et
950 3877 1075 3947 quid
1104 3877 1223 3931 dico
1253 3877 1471 3932 Paulum
1502 3887 1620 3932 tan-

31 3980 127 4023 tum
155 3980 210 4025 et
240 3970 406 4024 talem
438 3970 655 4024 virum?
688 3970 780 4024 Vis
809 3970 994 4026 videre
1022 3968 1181 4025 etiam
1208 3985 1301 4026 eos
1328 3971 1416 4041 qui
1445 3972 1498 4025 in
1523 3986 1619 4026 ve-

30 4065 117 4117 teri
159 4065 278 4134 lege
328 4063 453 4117 hinc
496 4067 726 4119 maxime
764 4064 1103 4130 claruerunt,
1134 4064 1275 4134 quod
1308 4075 1428 4135 post
1458 4066 1617 4119 inuu-

28 4170 161 4209 meia
194 4156 337 4208 bona
363 4169 521 4225 opera
539 4197 555 4223 ,
586 4164 639 4209 et
664 4155 986 4210 ineﬁ'abilem
1016 4156 1155 4225 apud
1180 4157 1345 4211 Deum
1370 4157 1614 4214 ﬁduciam

27 4248 244 4302 modesti
296 4248 532 4301 fuerint?
574 4247 714 4301 Audi
749 4247 875 4318 quid
921 4248 1064 4302 dicat
1101 4248 1435 4318 patriarcha,
1463 4259 1613 4319 post-

26 4355 170 4406 quam
200 4339 651 4395 consuetudinem
675 4355 795 4393 cum
827 4340 934 4394 Deo
963 4338 1180 4405 habuit,
1216 4348 1271 4393 et
1296 4340 1430 4411 facta
1458 4351 1540 4397 est
1561 4343 1611 4397 ei

25 4433 300 4497 promissio
346 4448 361 4484 :
406 4431 519 4505 Ego
560 4443 726 4486 autem
757 4475 771 4499 ,
818 4432 1026 4502 inquit,
1075 4440 1209 4485 terra
1247 4449 1358 4486 sum
1399 4443 1446 4487 et
1485 4434 1611 4489 cinis

48 4517 163 4571 Gen.
201 4518 290 4572 18.
323 4516 439 4572 ΞἨ.

48 4518 163 4571 Gen.
201 4518 290 4572 18.
323 4518 392 4570 ΞἹ
426 4556 439 4569 .

26 4518 41 4584 (
86 4613 135 4665 5.
178 4521 452 4668 αιτιοι-υἷι)
496 4611 616 4680 quia
645 4609 695 4663 in
725 4608 1038 4677 patriarchae
1063 4608 1388 4663 mentionem
1416 4608 1606 4663 incidi-

20 4721 130 4760 mus
150 4750 165 4772 ,
188 4706 234 4761 si
261 4706 468 4776 placet,
495 4719 557 4759 ea
580 4717 698 4773 quae
722 4701 881 4756 hodie
906 4702 1043 4755 lecta
1067 4708 1225 4767 sunt,
1248 4715 1607 4769 proponamus

19 4799 219 4852 caritati
262 4808 459 4852 vestra:
482 4837 498 4863 ,
543 4809 650 4863 quo
693 4793 796 4848 illis
822 4792 1101 4862 explicatis
1127 4792 1400 4846 videamus
1428 4792 1607 4846 excel-

22 4891 207 4946 lentem
236 4890 370 4961 justi
397 4890 664 4943 virtutem.
694 4887 782 4943 51.
813 4885 882 4938 Et
907 4886 1137 4956 accepit,
1168 4886 1332 4956 inquit
1356 4926 1369 4949 ,
1405 4884 1605 4939 Tharra

21 4985 197 5037 Abram
237 4992 286 5038 et
318 4981 527 5036 Nae/tor
557 4982 690 5050 ﬁlios
718 4996 835 5034 suos
858 5021 874 5045 ,
900 4989 946 5033 et
972 4979 1067 5034 Lot
1095 4979 1260 5048 ﬁlium
1287 4980 1382 5047 ﬁlii
1406 4980 1486 5034 sui
1515 4996 1533 5034 :
1558 4990 1605 5034 et

23 5074 197 5129 Suram
238 5092 429 5129 nurum
465 5091 644 5139 suam,
685 5089 894 5126 uxorem
918 5082 1083 5124 autem
1114 5072 1261 5124 Abrae
1288 5072 1383 5138 ﬁlii
1412 5075 1491 5125 sui
1512 5112 1524 5135 ,
1556 5083 1603 5125 et

22 5168 182 5219 eduxit
222 5184 310 5220 eos
343 5181 405 5220 ex
430 5174 563 5218 terra
589 5164 965 5227 Chaldaeorum,
1009 5172 1061 5215 ut
1088 5162 1523 5232 proﬁciscerentur
1549 5164 1601 5215 in

20 5268 191 5311 terram
214 5258 643 5319 Chananazorum,
670 5265 714 5308 et
738 5255 869 5308 venit
889 5270 1041 5323 usque
1061 5253 1128 5306 ad
1153 5251 1403 5320 Charran,
1436 5263 1481 5307 et
1511 5253 1602 5306 Itu-

18 5353 176 5405 bitavit
208 5353 337 5405 illic.
366 5350 455 5404 3‘2.
488 5348 555 5402 Et
583 5353 784 5413 fuerunt
804 5363 973 5400 omnes
1001 5347 1105 5400 dies
1135 5346 1345 5399 Tharra:
1363 5346 1415 5397 in
1438 5343 1601 5399 Char-

18 5459 119 5507 ran,
159 5445 283 5495 anni
321 5440 520 5493 ducenti
561 5439 776 5507 quinque
795 5478 810 5504 ,
840 5447 884 5490 et
916 5449 1141 5491 mortuus
1171 5446 1241 5490 est
1270 5438 1322 5489 in
1348 5436 1594 5490 Charran.

18 5538 257 5592 Animum
287 5535 591 5604 diligenter,
619 5532 863 5595 obsecro,
894 5531 959 5586 iis
989 5546 1106 5601 quae
1134 5532 1267 5585 lecta
1292 5538 1416 5584 sunt
1439 5529 1596 5584 adhi-

18 5631 225 5682 beamus
250 5669 267 5691 ,
318 5638 374 5680 ut
416 5635 649 5679 mentem
694 5638 909 5689 eorum,
941 5639 1058 5691 qua:
1081 5624 1130 5675 in
1155 5622 1364 5691 scriptis
1392 5622 1592 5685 latent,

18 5719 493 5789 deprtbcndamus.
530 5716 665 5771 Ecce
696 5716 835 5771 enim
870 5731 995 5771 mox
1022 5716 1072 5769 in
1103 5715 1362 5786 principio
1386 5712 1593 5773 videtur

1025 257 1091 314 lN
1128 260 1286 317 CAP.
1326 261 1415 317 XI.
1459 263 1546 318 ET
1586 264 1699 319 XII.
1741 266 1985 327 GENES.
2029 273 2257 331 HOMIL.
2302 276 2492 335 XXXI.

3262 300 3367 357 286

1780 395 1900 478 esse
1945 389 2189 454 quaestio.
2222 390 2355 446 Nam
2385 408 2506 449 cum
2534 395 2625 453 ille
2647 398 2837 456 beatus
2866 405 3121 477 propheta
3142 452 3159 478 ,
3196 411 3371 471 Moses

1774 471 1987 572 inquam
2013 517 2028 542 ,
2054 477 2246 535 dixerit
2276 499 2289 535 :
2317 484 2521 556 Accepit
2548 486 2747 545 Tharra
2773 471 3030 553 Abram—et
3051 471 3283 572 Nae/tor,
3321 518 3371 563 et

1754 557 1941 617 eduxit
1976 584 2038 621 ea:
2064 579 2196 625 terra
2235 573 2612 644 Chaldteorum,
2644 592 2697 637 ut
2725 586 3160 654 proﬁciscerentur
3186 598 3238 650 in
3265 557 3366 652 ier-

1768 670 1877 707 ram
1899 656 2305 717 Clmnanworum
2335 681 2355 719 :
2384 677 2429 720 et
2456 668 2586 724 venit
2612 689 2769 743 usque
2792 679 2860 731 ad
2883 679 3134 752 Charran,
3156 698 3201 740 et
3224 690 3370 745 habi-

1770 746 1891 849 tavit
1914 747 2019 849 illic
2042 764 2073 849 ε.
2092 749 2280 808 beatus
2308 755 2611 827 Stephanus
2637 762 2853 824 Iudaeos
2885 746 3131 843 laudans,
3158 778 3361 849 inquit:

1768 835 1909 933 Deus
1940 840 2120 910 gloria!
2155 845 2288 901 visus
2323 859 2396 903 est
2422 854 2553 920 patri
2580 868 2751 912 nostra
2778 861 3064 933 Abraham,
3098 835 3210 925 cum
3230 835 3368 930 esset

1852 929 2238 1003 Mesopotamia,
2264 943 2562 1012 priusquam
2584 951 2829 1007 habitaret
2856 957 2907 1009 in
2929 929 3180 1029 Charran,
3209 977 3254 1019 et
3282 968 3361 1022 il-

1767 1020 1897 1127 linc,
1941 1036 2205 1097 postquam
2233 1042 2459 1089 mortuus
2486 1049 2558 1091 est
2592 1051 2734 1106 pater
2759 1047 2868 1115 ejus
2888 1090 2903 1111 ,
2932 1055 3183 1121 proﬁcisci
3203 1059 3361 1127 jussit

1765 1110 1903 1214 (ᾼει.
2128 1121 2207 1191 4).
2240 1122 2376 1190 Quid
2414 1127 2607 1197 igitur?
2637 1110 2967 1195 dissideutn'e
2995 1110 3358 1216 a'seipsisdi—v

1764 1206 1899 1299 vince
1941 1208 2274 1280 Scriptum?
2314 1219 2503 1286 Absit;
2546 1225 2641 1279 sed
2693 1242 2757 1281 ex
2798 1229 2899 1286 hoc
2936 1206 3361 1299 animadvertere

1764 1296 1926 1389 licet,
1957 1305 2099 1371 quod
2128 1320 2248 1361 cum
2276 1307 2416 1364 ﬁlius
2444 1314 2722 1385 religiosus
2752 1332 2928 1389 esset,
2958 1326 3099 1383 visus
3127 1331 3176 1384 ei
3207 1333 3348 1388 Deus

1762 1386 2044 1457 imperavit
2083 1405 2138 1450 ut
2182 1397 2304 1453 inde
2340 1402 2612 1472 migraret.
2640 1407 2791 1476 Quod
2824 1423 2879 1467 ut
2903 1386 3116 1485 agnovit
3146 1386 3350 1479 Tharra

1762 1490 1911 1571 pater
1932 1484 2068 1554 ejus,
2098 1487 2222 1544 licet
2250 1490 2479 1550 infidelis
2505 1510 2669 1566 esset,
2693 1512 2924 1560 attamen
2944 1484 3022 1562 iob
3042 1526 3277 1568 amorem
3300 1517 3351 1571 in

1760 1570 1927 1628 ﬁlium
1968 1579 2147 1633 socius
2185 1581 2259 1635 illi
2305 1589 2745 1657 peregrinationis
2791 1611 2909 1651 esse
2953 1601 3136 1655 voluit.
3184 1606 3246 1658 Et
3296 1570 3350 1661 ut

1758 1665 1971 1721 venitin
1995 1669 2252 1739 Charran,
2271 1691 2334 1731 ac
2358 1678 2461 1734 illic
2478 1680 2733 1740 habitavit
2755 1688 3098 1760 aliquamdiu,
3122 1696 3224 1750 vita
3251 1699 3349 1754 hac

1756 1760 1987 1812 exiessit
2019 1777 2031 1811 :
2066 1764 2363 1829 patriarcha
2392 1781 2567 1826 autem
2599 1786 2721 1831 tunc
2742 1779 2964 1846 jubente
2993 1784 3101 1838 Deo
3128 1786 3177 1838 in
3206 1788 3347 1843 Cha-

1757 1862 1998 1903 nameam
2014 1856 2299 1909 concessit.
2328 1859 2561 1931 Denique
2591 1882 2695 1920 nun
2727 1880 2880 1924 antca
2910 1887 3032 1927 eum
3064 1876 3201 1931 Deus
3225 1880 3347 1935 inde

1753 1941 2013 2009 evocavit,
2029 1942 2198 2000 donec
2216 1960 2458 2007 mortuus
2476 1966 2556 2009 est
2570 1955 2791 2013 Tharra.
2813 1961 2961 2017 Tunc
2975 1966 3119 2020 enim
3146 1969 3232 2023 illo
3255 1971 3348 2025 tle-

1753 2028 1953 2133 functo,
1969 2034 2141 2105 inquit
2157 2040 2227 2092 ει.
2239 2039 2388 2111 (Cap.
2400 2047 2418 2097 1
2431 2044 2486 2115 2)
2506 2046 2571 2100 Et
2588 2050 2715 2105 dixit
2732 2052 2975 2111 Dominus
2988 2058 3165 2114 Abraz:
3182 2060 3343 2133 Egre-

1750 2119 1867 2174 dere
1887 2122 1950 2176 de
1971 2134 2104 2179 terra
2135 2138 2242 2195 tua,
2272 2141 2320 2184 et
2350 2133 2410 2186 de
2435 2142 2730 2206 cognatione
2756 2152 2845 2195 tua
2867 2185 2882 2209 ,
2913 2155 2960 2199 et
2985 2148 3047 2201 de
3074 2119 3343 2221 domo'pa-

1749 2214 1839 2267 tris
1862 2217 1965 2282 tui,
2001 2228 2046 2270 et
2074 2222 2183 2274 veni
2211 2224 2262 2276 in
2295 2233 2478 2280 terram
2504 2247 2654 2295 quam
2684 2248 3025 2293 monstravere
3052 2244 3157 2296 tibi.
3188 2244 3240 2298 2.
3277 2247 3343 2301 Et

1748 2307 1935 2375 faciam
1962 2318 2009 2362 te
2036 2311 2087 2363 in
2108 2324 2304 2382 gentem
2329 2334 2564 2388 magnam
2589 2336 2608 2375 :
2627 2333 2673 2376 et
2696 2324 2983 2382 benedicam
3007 2331 3129 2400 tibi,
3154 2346 3199 2388 et
3228 2354 3340 2390 ma-

1746 2399 1997 2467 gniﬁcabo
2036 2419 2215 2459 nomen
2247 2417 2417 2475 luunt,
2458 2422 2503 2465 et
2534 2416 2632 2468 eris
2662 2415 2952 2476 benedictus
2976 2438 2995 2486 ,'
3025 2425 3078 2479 5.
3113 2437 3158 2480 et
3187 2429 3328 2483 bene-

1745 2490 1909 2543 dicam
1938 2492 2336 2554 benedicentibus
2360 2511 2432 2567 te,
2467 2513 2513 2558 et
2542 2507 2894 2565 maledicentes
2920 2523 2965 2567 te
2993 2518 3292 2572 maledicam
3317 2540 3335 2585 ,-

1743 2590 1788 2632 et
1812 2581 2163 2639 benedicentur
2192 2591 2243 2642 in
2271 2600 2317 2643 te
2342 2608 2513 2649 omnes
2537 2597 2698 2651 tribus
2726 2609 2890 2655 terra.
2932 2602 3149 2675 Singula
3191 2581 3330 2666 dicta

1742 2670 2024 2772 diligenter
2065 2691 2493 2751 perscrutemur,
2538 2696 2593 2743 ut
2637 2691 2941 2762 religiosam
2980 2670 3054 2752 et.
3069 2701 3209 2768 piam
3242 2720 3332 2772 pa~

1743 2763 1986 2819 triarchzr
2015 2779 2251 2826 mentem
2276 2774 2568 2832 videamus.

1738 2960 1923 3040 eamus
1968 2949 2141 3006 obiter
2182 2952 2356 3022 dicta,
2406 2959 2499 3013 sed
2544 2964 3027 3027 animadvertamus
3074 2949 3329 3040 quantum

1736 3034 1943 3105 imperii
1987 3042 2215 3110 pondus.
2245 3045 2534 3115 Egredere,
2564 3052 2768 3123 inquit,
2796 3057 2860 3112 de
2884 3068 3015 3113 terra
3045 3034 3131 3115 tua
3154 3107 3169 3131 ,
3198 3069 3328 3121 etde

1735 3132 2031 3199 cognatione
2056 3143 2140 3188 tua
2159 3178 2173 3201 ,
2199 3148 2247 3191 et
2276 3140 2338 3192 de
2361 3142 2506 3195 domo
2534 3146 2693 3213 patris
2718 3149 2819 3214 tui,
2851 3161 2897 3204 et
2923 3153 3031 3206 veni
3066 3156 3118 3208 in
3142 3167 3325 3213 terram

1732 3242 1882 3292 quam
1914 3241 2255 3287 monstravero
2284 3234 2389 3288 tibi.
2423 3238 2581 3303 Quasi
2608 3240 2811 3297 diceret
2841 3261 2856 3298 :
2886 3244 3147 3318 Relinque
3176 3264 3319 3307 certa

1732 3328 1785 3372 et
1813 3323 2059 3377 omnibus
2097 3337 2279 3394 aperta
2299 3370 2313 3394 ,
2347 3339 2401 3384 et
2427 3331 2564 3401 elige
2590 3335 2756 3404 magis
2791 3338 2989 3394 incerta
3017 3352 3069 3397 et
3098 3360 3202 3398 non
3230 3363 3323 3416 ap-

1731 3412 1991 3479 parentia.
2049 3412 2340 3473 Considera
2394 3425 2661 3490 quomodo
2714 3428 2781 3481 ab
2830 3430 2981 3485 initio
3032 3412 3319 3492 exercetur

1723 3501 1918 3569 justus,
1945 3513 2002 3559 ut
2030 3508 2298 3578 przceligat
2323 3527 2426 3565 non
2454 3518 2758 3583 apparentia
2784 3534 2893 3588 prie
2913 3528 3310 3596 apparentibus,

1728 3604 1782 3648 et
1807 3593 1981 3651 futura
2026 3615 2135 3667 pm
2183 3601 2248 3655 iis
2277 3618 2394 3671 quae
2418 3605 2468 3657 iu
2500 3610 2744 3664 manibus
2788 3624 2932 3666 sunt.
2962 3615 3143 3687 Neque
3174 3593 3317 3677 enim

1729 3687 1945 3757 vulgare
1972 3699 2025 3743 et
2052 3706 2268 3760 parvum
2311 3694 2507 3765 aliquid
2534 3708 2648 3751 erat
2675 3700 2747 3764 id,
2777 3705 2916 3771 quod
2948 3707 2995 3759 ei
3029 3718 3084 3761 ut
3115 3710 3313 3768 faceret

1724 3780 2063 3849 praecipiebat
2087 3783 2225 3839 Deus
2245 3802 2257 3836 :
2277 3801 2468 3856 nempe
2486 3798 2542 3842 ut
2564 3798 2756 3846 terram
2779 3794 3123 3866 relinqueret,
3147 3817 3308 3871 quam

1723 3870 2044 3928 inhabitant
2081 3884 2228 3930 tanto
2267 3886 2523 3947 tempore,
2557 3891 2610 3937 et
2652 3898 2864 3940 omnem
2909 3870 3305 3960 cognationem.

1721 3972 1773 4017 et
1802 3971 1963 4018 totam
2008 3967 2171 4035 patris
2196 3967 2431 4037 domum,
2475 3973 2678 4043 iretque
2704 3980 2948 4036 nesciens
2976 3992 3029 4037 et
3056 3984 3307 4054 ignorans

1720 4070 1999 4124 quorsum.
2024 4058 2139 4113 Non
2167 4062 2306 4115 enim
2334 4062 2468 4118 dixit
2487 4067 2555 4132 ei,
2580 4067 2631 4121 in
2654 4084 2809 4139 quam
2830 4076 3099 4142 regionem
3131 4090 3307 4135 trans-

1719 4146 1862 4202 ferre
1903 4163 2023 4203 eum
2068 4152 2245 4218 vellet,
2276 4154 2369 4208 sed
2398 4159 2645 4214 mandato
2671 4161 2946 4219 indeﬁnito
2970 4168 3111 4236 pium
3143 4173 3277 4239 patri
3306 4206 3307 4211 η

1717 4243 1933 4295 archam
1974 4246 2231 4299 exercuit.
2274 4245 2395 4301 Veni
2436 4249 2600 4315 enim,
2638 4253 2828 4322 inquit,
2860 4257 2914 4310 in
2943 4268 3123 4312 terram
3154 4278 3305 4331 quam

1717 4343 2056 4390 monstravero
2086 4336 2192 4390 tibi.
2225 4338 2429 4409 Cogita,
2462 4356 2664 4411 qumso,
2697 4346 2909 4415 dilecte,
2940 4366 3097 4419 quam
3135 4355 3304 4408 subli-

1714 4440 1856 4479 mem
1897 4426 2131 4480 animum
2164 4429 2466 4498 requirebat
2495 4435 2595 4489 hoc
2628 4437 2933 4493 mandatum
2960 4457 2974 4493 :
3018 4443 3107 4510 qui
3148 4444 3304 4513 plane

1713 4515 1854 4569 nulla
1880 4516 1963 4571 vel
1988 4516 2289 4585 affectione,
2320 4521 2403 4575 vel
2429 4526 2813 4582 consuetudine
2839 4529 3084 4600 impediri
3112 4544 3295 4603 potue-

1711 4607 1800 4661 rit.
1841 4605 1895 4663 Si
1924 4608 2066 4662 enim
2096 4624 2257 4676 nunc,
2292 4621 2409 4680 post
2446 4621 2587 4669 tanta
2634 4616 2906 4687 religionis
2952 4622 3295 4690 incrementa,

1711 4700 1862 4754 multi
1892 4702 2027 4758 adeo
2053 4711 2174 4759 sunt
2217 4707 2582 4761 consuetudini
2630 4723 2742 4765 suae
2782 4712 2998 4783 alligati,
3030 4725 3086 4770 ut
3125 4719 3299 4785 potius

1709 4792 1894 4857 multa,
1923 4794 2024 4848 etsi
2066 4796 2352 4851 necessitas
2400 4810 2602 4868 urgeat,
2627 4804 2911 4874 omniaque
2941 4806 3081 4862 ferre
3109 4809 3294 4877 velint,

1709 4899 1867 4953 quam
1895 4886 2008 4939 loca
2036 4897 2241 4942 mutare
2280 4888 2331 4942 in
2377 4890 2569 4960 quibus
2598 4894 2744 4962 prius
2769 4895 3034 4952 habebant
3071 4901 3286 4955 domicio

1708 4974 1835 5029 lium
1860 4993 1875 5029 :
1896 4976 1947 5030 id
1973 4977 2113 5046 quod
2142 4993 2243 5033 non
2267 4981 2438 5035 solum
2463 4997 2493 5036 a
2524 4984 2827 5054 vulgaribus
2851 4988 3153 5045 hominibus
3177 4993 3293 5049 ﬁeri

1706 5068 1968 5133 videmus,
1994 5070 2087 5124 sed
2107 5071 2266 5125 etiam
2294 5074 2445 5127 abiis
2471 5077 2558 5145 qui
2577 5091 2607 5129 e
2630 5078 2806 5132 medio
2835 5083 3060 5135 tumultu
3088 5084 3290 5152 fugere,

1706 5170 1761 5215 et
1788 5163 2133 5216 monasticam
2164 5165 2322 5218 vitam
2345 5165 2654 5237 delegerunt
2680 5188 2691 5221 ε
2716 5182 2916 5239 quanto
2940 5177 3106 5244 magis
3148 5180 3288 5235 veri-

1704 5253 1877 5307 simile
1905 5263 2018 5308 erat
2037 5253 2238 5323 justum
2267 5255 2412 5311 illum
2440 5257 2507 5312 ad
2547 5258 2647 5315 hoc
2667 5261 2976 5319 mandatum
3002 5266 3289 5325 tardiorem

1704 5344 1860 5401 fore?
1886 5347 2174 5416 Egredere,
2208 5348 2396 5417 inquit,
2430 5360 2483 5404 et
2520 5353 2759 5425 relinque
2794 5366 3067 5427 cognatos,
3107 5371 3160 5415 et
3188 5362 3287 5419 do-

1704 5453 1848 5491 mum
1880 5447 2173 5506 paternam,
2206 5446 2259 5493 et
2284 5441 2401 5494 veni
2428 5442 2479 5495 in
2511 5452 2703 5499 terram
2734 5462 2892 5516 quam
2921 5463 3289 5511 menstravero

1704 5529 1815 5583 tibi.
1856 5529 2023 5596 Quem
2055 5545 2159 5583 non
2201 5531 2473 5587 turbarent
2499 5534 2660 5590 verba
2705 5537 2845 5593 ista?
2871 5539 3052 5612 Neque
3090 5545 3286 5612 locum,

1701 5636 1873 5691 neque
1912 5622 2180 5692 regionem
2212 5634 2411 5680 certam
2457 5627 2507 5681 ei
2553 5628 2814 5701 designat,
2860 5634 2952 5688 scd
3008 5634 3284 5692 indeﬁnito

1704 5723 1971 5784 praecepto
2001 5724 2233 5772 mentem
2271 5718 2510 5788 explorat
2548 5721 2695 5793 justi.
2741 5724 2870 5781 Nam
2911 5727 2956 5781 si
2981 5729 3098 5800 quis
3126 5731 3283 5798 alius,
