3760 6244
464 275 565 327 287

461 398 514 443 et
542 403 573 443 e.
612 386 767 456 vulgo
808 383 992 437 fuisset
1037 384 1081 437 is
1108 383 1194 452 qui
1225 381 1524 435 mandatum
1554 381 1776 450 accepit,
1814 380 2034 435 dixisset

463 480 642 549 utique
670 498 681 531 :
729 477 889 543 Esto;
922 475 1180 545 principis,
1226 484 1283 528 ut
1312 474 1603 543 relinquam
1650 484 1844 528 terram
1873 490 2031 543 quam

461 571 718 635 inhabito,
747 569 1131 638 cognationem,
1163 566 1376 621 donnnn
1401 576 1673 635 paternam
1702 584 1713 619 :
1738 580 1901 636 quare
1929 580 2032 619 non

458 664 617 717 etiam
644 662 813 715 locum
837 659 1094 724 declaras,
1119 659 1169 712 in
1194 673 1351 728 quem
1372 673 1457 712 me
1488 657 1747 727 proficisci
1771 657 1943 726 jubes,
1978 668 2034 711 ttt

457 754 738 807 certiorem
801 768 885 807 me
941 750 1130 804 reddas
1175 760 1430 819 quantum
1474 751 1543 805 sit
1584 750 1682 804 iter
1730 750 2033 820 agendum?

456 846 609 902 Unde
636 847 775 900 enim
806 860 961 899 nosse
987 845 1188 899 valeam
1214 844 1332 911 hac,
1357 859 1512 913 quam
1540 843 1800 913 relinquo,
1824 842 2032 896 uberio-

456 952 568 991 rem
594 946 646 991 et
677 937 1095 1006 prmstantiorem
1126 936 1267 990 illam
1297 934 1453 990 esse?
1484 935 1553 988 At
1573 935 1744 1003 justus
1778 934 1906 987 nihil
1939 937 2031 986 lio-

455 1043 571 1081 rum
598 1028 679 1081 vel
709 1026 860 1087 dixit,
886 1026 967 1081 vel
999 1025 1244 1094 cogitavit
1270 1043 1282 1079 :
1315 1025 1406 1080 sed
1436 1025 1720 1094 respiciens
1742 1024 1806 1078 ad
1830 1025 2031 1092 magni-

456 1118 692 1172 tudinem
721 1132 906 1172 eorum
933 1131 1048 1185 qua:
1078 1116 1331 1184 imperata
1362 1124 1531 1180 erant,
1568 1114 1631 1168 iis
1673 1129 1790 1183 quae
1830 1115 1880 1167 in
1913 1130 2028 1167 ma-

458 1209 610 1263 nibus
641 1208 867 1263 habebat
910 1208 1106 1263 incerta
1138 1206 1468 1278 praeferebat.
1499 1206 1655 1275 Atqui
1699 1206 1744 1261 si
1785 1221 1889 1260 non
1921 1215 2025 1260 tam

454 1313 768 1367 generosum
796 1297 1058 1366 spiritum,
1093 1312 1192 1352 nec
1219 1307 1320 1351 tam
1350 1297 1767 1366 philosoplticam
1794 1307 2024 1351 mentem

455 1389 761 1452 habuisset,
803 1404 899 1443 nec
944 1387 1207 1442 didicisset
1246 1403 1339 1457 per
1376 1388 1549 1441 omnia
1591 1387 1698 1440 Deo
1736 1386 2024 1457 parendum

453 1494 605 1544 esse;
647 1479 833 1533 fuisset
862 1488 1033 1533 tamen
1065 1480 1111 1533 ei
1143 1487 1197 1533 et
1222 1478 1360 1532 aliud
1390 1479 1550 1533 etiam
1579 1478 1748 1547 ipsum
1775 1492 1877 1532 non
1903 1494 2024 1546 par-

452 1586 575 1624 vum
605 1570 1068 1640 impedimentum;
1099 1584 1288 1638 nempe
1314 1585 1456 1622 mors
1486 1569 1668 1639 patris.
1697 1568 1853 1623 Scitis
1882 1570 2023 1623 enim

452 1662 645 1715 multos
675 1676 1039 1729 sa-penumero
1079 1670 1294 1730 propter
1333 1662 1571 1730 sepulcra
1599 1670 1939 1728 cognatorum
1972 1662 2021 1716 in

450 1753 554 1806 illis
590 1753 718 1806 locis
747 1752 880 1805 mori
910 1751 1164 1822 deligere,
1210 1751 1294 1806 ubi
1338 1761 1585 1821 parentes
1614 1766 1796 1805 eorum
1827 1751 2023 1806 mortui

448 1853 500 1897 et
528 1844 712 1912 sepulti
741 1851 881 1895 sunt.

514 1935 569 1987 4.
605 1932 898 1987 Verisimile
920 1932 1075 2002 igitur
1094 1940 1207 1986 erat
1232 1939 1284 1986 et
1308 1938 1505 2000 justum
1529 1930 1669 1985 hunc
1692 1972 1705 1997 ,
1731 1930 1829 1985 nisi
1857 1930 2022 1986 Deum

444 2023 727 2093 plurimum
751 2033 1010 2087 amasset,
1048 2022 1164 2075 talia
1197 2022 1430 2091 potuisse
1458 2022 1689 2090 cogitare
1716 2039 1727 2073 :
1758 2021 1895 2077 Ecce
1926 2038 2022 2093 pa-

447 2126 528 2169 ter
554 2123 768 2184 pr0pter
808 2130 957 2168 suum
988 2115 1041 2167 in
1072 2129 1156 2168 me
1201 2128 1436 2168 amorem
1465 2129 1495 2169 c
1521 2114 1680 2169 domo
1709 2128 1803 2168 sua
1842 2115 2020 2183 profe-

444 2215 592 2270 ctus,
618 2206 867 2274 pristinas
898 2204 1307 2260 consuetudines
1334 2205 1592 2274 despexit,
1626 2215 1679 2260 et
1704 2206 2022 2277 contemptis

445 2295 691 2348 omnibus
720 2294 822 2348 huc
851 2309 1015 2364 usque
1040 2296 1220 2360 venit;
1251 2297 1398 2366 quasi
1426 2295 1624 2352 diceret
1649 2314 1661 2350 :
1692 2297 1912 2368 Propter
1936 2315 2021 2354 me

444 2389 496 2441 in
525 2387 692 2441 aliena
722 2395 859 2440 terra
888 2388 989 2440 vita
1014 2386 1290 2441 defunctus
1313 2396 1392 2442 est
1420 2405 1434 2445 :
1465 2403 1564 2457 ego
1588 2400 1765 2443 autem
1793 2404 1897 2444 non
1921 2390 2015 2446 da-

442 2487 593 2531 turus
619 2490 733 2529 sum
777 2491 1014 2546 operam,
1060 2485 1117 2530 ut
1147 2486 1263 2546 post
1292 2487 1515 2533 mortem
1553 2494 1649 2548 par
1674 2481 1723 2534 ei
1764 2480 1977 2535 reddam
2000 2525 2014 2548 ,

444 2568 536 2623 sed
585 2569 771 2623 relicto
822 2584 941 2624 cum
993 2570 1305 2640 c0gnatione
1353 2572 1518 2639 patris
1564 2572 1844 2641 sepulcro,
1896 2573 2021 2631 hinc

442 2662 667 2715 abeam?
697 2663 853 2732 Atqui
883 2663 1010 2717 nihil
1041 2662 1227 2717 horum
1268 2664 1591 2718 alacritatem
1618 2664 1733 2734 ejus
1764 2669 2019 2722 remorari

440 2754 607 2823 potuit
642 2772 654 2806 :
699 2754 791 2807 sed
824 2754 999 2808 omnia
1040 2755 1172 2809 levia
1219 2763 1272 2808 et
1313 2753 1484 2809 facilia
1529 2755 1576 2810 ei
1606 2758 2020 2826 reprinsentabat

438 2860 564 2899 suus
595 2846 644 2899 in
680 2846 843 2899 Deum
872 2860 1039 2900 amor.
1072 2845 1332 2900 Fortassis
1358 2856 1410 2901 et
1438 2846 1563 2900 illud
1596 2858 1771 2902 mente
1800 2858 2020 2903 tractas-

438 2944 552 3001 set,
585 2936 841 3005 siquidem
884 2935 1128 2991 humanis
1157 2936 1451 2991 rationibus
1480 2952 1565 2991 res
1603 2952 1725 2991 suas
1755 2939 2016 2995 moderari

439 3026 729 3081 voluisset:
762 3026 819 3079 In
851 3025 949 3079 hac
972 3034 1146 3091 aetate,
1176 3042 1277 3095 qua
1316 3041 1455 3081 nunc
1484 3027 1550 3081 ad
1583 3036 1898 3095 postremam
1930 3046 2017 3083 se-

441 3126 646 3169 nectam
691 3117 869 3182 tendo,
896 3133 1145 3187 quorsum
1190 3119 1429 3174 abiturus
1468 3121 1625 3174 sum?
1656 3136 1758 3191 non
1803 3122 2016 3177 fratrem

440 3222 647 3261 mecum
690 3207 911 3273 ducens,
941 3223 1113 3277 neque
1140 3218 1393 3278 cognatos
1421 3224 1625 3264 mecum
1658 3210 1858 3266 habens
1877 3253 1892 3277 ,
1925 3214 2016 3267 sed

437 3300 506 3354 ab
529 3298 773 3353 omnibus
798 3298 1202 3367 consanguineis
1232 3308 1609 3368 sequestratus.
1636 3301 1903 3370 quomodo
1928 3317 2018 3357 so-

440 3393 645 3446 litarius
674 3400 727 3446 et
752 3391 1061 3461 peregrinus
1087 3392 1137 3444 in
1170 3401 1364 3445 terram
1393 3392 1618 3446 alienam
1648 3408 1884 3463 pergam,
1918 3409 2014 3449 ne-

355 3478 358 3481 â€™
440 3484 582 3538 scius
626 3483 711 3537 ubi
744 3482 955 3536 errandi
998 3482 1117 3535 finis
1146 3482 1348 3536 futurus
1374 3483 1482 3536 sit?
1507 3482 1657 3549 Quod
1687 3484 1732 3538 si
1763 3485 1936 3539 medio
1963 3487 2014 3539 in

439 3574 629 3627 itinere
654 3574 926 3642 contingat
946 3588 1031 3627 me
1057 3572 1161 3626 vita
1187 3572 1423 3643 defungi,
1451 3588 1568 3643 quin
1600 3582 1758 3629 tanta:
1789 3576 2015 3630 miseria:

438 3666 594 3719 fuerit
625 3665 862 3719 utilitas?
888 3665 1004 3735 quis
1032 3680 1115 3718 me
1138 3673 1401 3718 mortuum
1427 3664 1630 3720 curabit
1655 3680 1858 3731 senem,
1892 3682 2014 3736 per-

435 3756 982 3826 egrinum,carentem
1028 3754 1277 3819 civitate,
1338 3764 1607 3810 carentem
1645 3756 1843 3811 domo?
1886 3757 2017 3812 For-

438 3847 592 3901 tassis
644 3862 777 3900 uxor
825 3846 1026 3900 vicinos
1071 3846 1345 3913 exorabit,
1394 3856 1452 3901 ut
1499 3848 2014 3904 commiserationem

435 3939 716 4008 quamdam
741 3940 792 3992 in
818 3954 902 3993 me
929 3939 1232 4005 exhibeant,
1262 3940 1471 4009 etjusta
1501 3955 1567 3995 ex
1598 3941 1846 3995 collatitia
1879 3946 2015 4013 stâ€˜pe

437 4031 611 4084 faciet.
630 4030 838 4097 Quanto
865 4032 1027 4085 satius
1057 4031 1234 4095 fuerit,
1256 4041 1311 4085 ut
1340 4033 1452 4101 ipse
1482 4033 1626 4087 brevi
1656 4034 1794 4104 quod
1824 4050 2012 4105 super-

441 4130 517 4174 rst
544 4129 781 4189 tempore
820 4120 906 4173 hic
937 4120 1175 4175 residens
1225 4121 1385 4174 vitam
1430 4124 1731 4188 terminem,
1771 4141 1928 4194 quam
1969 4127 2012 4182 si

448 4224 597 4267 tenes
634 4212 755 4264 hinc
796 4219 851 4264 et
877 4210 999 4265 inde
1038 4226 1216 4281 vager,
1247 4222 1301 4266 et
1328 4213 1563 4267 omnittm
1594 4216 1899 4271 scommatis
1928 4218 2013 4271 in-

439 4315 637 4365 cessar,
666 4300 755 4369 qui
775 4315 945 4370 neque
972 4301 1021 4354 in
1047 4310 1201 4355 :etate
1223 4301 1311 4355 illa
1337 4302 1544 4371 quietus
1568 4304 1759 4369 vivam,
1782 4306 1876 4362 sed
1897 4308 2013 4362 loca

438 4393 569 4446 locis
594 4401 823 4454 mutans,
855 4392 1037 4446 nullibi
1067 4392 1388 4447 subsistam?
1416 4392 1679 4449 Cancrum
1714 4396 1887 4466 justus
1915 4400 2014 4454 iste

438 4483 568 4538 nihil
601 4483 788 4537 horum
832 4482 1109 4551 cogitavit,
1141 4483 1233 4537 sed
1273 4484 1594 4554 praecipienti
1622 4486 1839 4543 obedire
1873 4490 2014 4543 festi-

438 4574 600 4628 navit.
640 4572 746 4627 Sed
774 4574 909 4628 forte
945 4572 1137 4628 dixerit
1162 4574 1459 4645 quispiam:
1500 4576 1578 4629 Ad
1618 4577 2011 4633 incitamentum

438 4666 565 4719 satis
598 4663 693 4718 fuit
718 4665 788 4730 ei,
830 4662 950 4716 Veni
979 4664 1031 4717 in
1057 4673 1241 4717 terram
1270 4681 1420 4734 quam
1448 4665 1534 4718 tibi
1564 4677 1940 4733 monstrarem;
1967 4680 2014 4724 et

434 4756 623 4823 faciant
666 4756 785 4809 tein
814 4764 1009 4825 gentem
1038 4771 1301 4825 magnam,
1335 4765 1379 4809 et
1410 4756 1694 4811 benedicmn
1719 4769 1784 4812 te.
1818 4760 2013 4816 Verum

434 4845 573 4899 istud
604 4845 794 4915 ipsum,
819 4845 916 4900 nisi
941 4844 1057 4914 pius
1079 4844 1280 4911 fuisset,
1308 4848 1434 4899 satis
1455 4857 1569 4902 erat
1594 4850 1659 4903 ad
1687 4849 2012 4907 reddendum

435 4952 557 4992 eum
590 4936 913 5005 segniorem,
946 4946 999 4991 et
1032 4936 1095 4990 ad
1121 4936 1473 4993 obedientiam
1498 4940 1662 5009 magis
1688 4943 2016 4997 cunctabun-

434 5029 581 5084 dtnn.
616 5030 746 5084 Nam
779 5031 821 5083 si
851 5043 991 5083 unus
1019 5030 1209 5100 aliquis
1240 5046 1270 5085 e
1296 5031 1453 5100 vulgo
1480 5032 1683 5099 fuisset,
1714 5035 1891 5090 dicere
1916 5052 2013 5106 po-

436 5123 619 5177 tuisset
643 5140 655 5176 :
684 5123 859 5190 Quare
886 5138 972 5177 me
1003 5137 1222 5192 peregre
1249 5122 1509 5192 proï¬cisci
1526 5124 1703 5193 jubes,
1732 5135 1787 5180 et
1813 5128 1862 5180 in
1885 5129 2013 5183 alie-

436 5226 557 5265 nam
588 5221 779 5267 terram
804 5212 1057 5267 abducis?
1087 5228 1249 5282 quare
1270 5217 1312 5268 si
1339 5228 1422 5267 me
1443 5228 1689 5285 magnum
1713 5215 1886 5273 facere
1910 5220 2007 5287 vis,

436 5320 541 5358 non
573 5306 658 5358 hic
684 5320 928 5374 magnum
969 5305 1138 5360 facis?
1171 5321 1336 5375 quare
1365 5306 1417 5360 in
1445 5306 1605 5362 domo
1644 5317 1857 5377 paterna
1894 5327 2011 5367 ver-

437 5406 667 5459 santem,
706 5404 792 5449 tua
822 5396 1185 5450 benedictione
1210 5411 1315 5451 non
1345 5396 1618 5466 dignaris?
1642 5399 1791 5464 Quod
1816 5401 1861 5456 si
1886 5416 2015 5456 eon-

436 5485 603 5554 tingat
653 5487 952 5555 priusquam
997 5487 1298 5554 perveniam
1341 5487 1392 5540 in
1420 5488 1592 5542 locum
1632 5504 1787 5559 quem
1823 5491 2012 5561 jubes,

439 5577 782 5645 defatigatam
813 5594 897 5631 me
928 5579 1130 5632 itineris
1159 5580 1427 5634 laboribus
1457 5582 1649 5651 perire,
1678 5593 1732 5637 et
1758 5583 1917 5638 vitam
1950 5583 2013 5637 li-

440 5666 578 5735 nire,
606 5681 723 5735 qua:
753 5666 880 5721 mihi
910 5683 971 5722 cx
1002 5669 1274 5737 promissis
1302 5670 1541 5727 utilitas?
1569 5673 1638 5727 At
1666 5672 1793 5729 nihil
1820 5674 2007 5733 horum

1171 267 1227 321 S.
1266 263 1541 321 JOANNIS
1580 263 2049 321 CIIRYSOSTOMI
2089 263 2401 319 ARCHIEP.
2442 264 2971 324 CONSTANTINOP.

3612 275 3717 331 238

2138 378 2222 433 vel
2253 378 2303 433 in
2336 389 2512 433 mente
2550 381 2941 451 suscipiendum
2968 383 3192 449 censuit,
3223 385 3340 450 sed,
3382 388 3518 441 sicut
3548 389 3721 446 fidelis

2139 482 2344 534 servus,
2392 471 2457 524 ad
2504 471 2674 526 solum
2717 472 2997 541 imperium
3041 474 3291 543 obedivit,
3336 478 3465 532 nihil
3506 482 3725 537 curiose

2084 556 2089 561 â€™
2139 576 2403 629 quierens,
2436 563 2742 633 nullumque
2768 564 2909 619 aliud
2949 567 3213 636 negotium
3246 578 3589 637 pra-texens;
3628 574 3724 627 sed

2137 650 2538 719 obtemperavit,
2586 663 2789 708 certum
2823 654 3044 721 habens,
3092 659 3397 729 neutiquam
3445 664 3722 719 mendacia

2137 757 2257 798 esse
2292 744 2381 799 Dei
2411 746 2703 813 promissa:
2739 746 2803 801 Et
2841 749 3029 817 faciam
3058 759 3106 803 te
3136 751 3188 804 in
3225 763 3420 822 gentem
3460 772 3723 825 magnam,

2137 834 2322 904 inquit,
2350 845 2394 889 et
2421 837 2704 891 benedicam
2732 850 2797 905 te,
2836 851 2883 893 et
2914 842 3245 911 magni/icabo
3268 859 3451 897 nomen
3483 855 3651 910 tuum,
3678 860 3724 901 et

2135 926 2230 979 eris
2258 926 2560 981 benedictus.
2587 929 2828 999 Magnum
2859 932 3226 1000 promissionis
3250 936 3479 1002 pondus.
3506 935 3721 989 Faciam

2135 1025 2200 1076 te.
2251 1017 2437 1086 inquit,
2487 1020 2540 1073 in
2584 1030 2779 1090 gentem
2822 1037 3077 1093 magnam,
3124 1034 3168 1077 et
3213 1025 3505 1079 benedicens
3554 1038 3631 1091 te,
3675 1042 3722 1081 et

2133 1108 2467 1176 ntagniï¬cabo
2496 1126 2676 1164 nomen
2704 1120 2866 1164 tuum.
2898 1112 3012 1166 Non
3056 1113 3227 1167 solum
3251 1118 3395 1183 genti
3428 1132 3642 1185 magna:
3672 1130 3720 1172 te

2132 1198 2436 1265 pra-ficiam,
2454 1206 2507 1253 et
2534 1214 2723 1254 nomen
2746 1209 2894 1256 tuum
2911 1203 3161 1257 extollam
3187 1221 3200 1257 :
3224 1205 3317 1258 sed
3337 1216 3389 1260 et
3412 1205 3721 1261 Beuedicaui

2132 1295 2197 1352 te,
2226 1297 2270 1340 et
2299 1289 2395 1342 eris
2422 1290 2723 1345 benedictus.
2757 1291 2834 1347 Ne
2866 1300 3038 1361 putes,
3078 1294 3291 1361 dilecte,
3327 1313 3536 1351 meram
3569 1315 3721 1367 repe-

2133 1378 2367 1434 titionem
2394 1395 2531 1447 esse,
2560 1391 2615 1436 et
2645 1382 2781 1437 idem
2803 1383 2884 1437 bis
2914 1384 3158 1453 proferri,
3184 1400 3303 1439 cum
3334 1387 3539 1442 dicitur
3559 1389 3719 1443 Bene-

2130 1471 2296 1525 dicam
2341 1484 2420 1537 te,
2452 1484 2499 1528 et
2542 1476 2641 1529 eris
2690 1476 2989 1530 benedictus.
3024 1477 3187 1532 Tanta
3219 1480 3358 1533 enitr.
3392 1490 3466 1544 te,
3514 1482 3714 1551 inquit.

2130 1564 2494 1620 benedictione
2534 1566 2813 1635 dignabor,
2864 1579 2919 1622 ut
2946 1569 3032 1622 illa
3062 1569 3115 1623 in
3157 1587 3315 1625 ontne
3339 1576 3607 1627 Sieculum
3651 1575 3716 1627 sit

2127 1652 2400 1709 duratura.
2445 1654 2563 1709 Eris
2601 1658 2744 1711 enim
2774 1658 3079 1724 benedictus,
3108 1660 3177 1713 ita
3206 1670 3262 1715 ut
3299 1677 3492 1717 omnes
3524 1667 3716 1718 summi

2130 1741 2348 1797 honoris
2390 1745 2506 1799 loco
2544 1745 2772 1800 habituri
2821 1748 2947 1814 sint,
2976 1748 3021 1803 si
3066 1750 3145 1804 eis
3172 1759 3346 1805 tecum
3378 1750 3716 1807 familiaritas

2127 1837 2416 1905 contingat.
2436 1836 2593 1891 Vides
2618 1838 2884 1907 quomodo
2907 1848 3061 1894 antea
3088 1849 3141 1895 et
3167 1841 3235 1895 ab
3259 1842 3411 1895 initio
3440 1844 3493 1898 ei
3530 1846 3715 1912 pradi-

2127 1926 2199 1978 cit
2241 1926 2531 1981 claritatem
2561 1942 2717 1998 quam
2758 1929 2833 1984 illi
2859 1931 3080 1986 daturus
3106 1941 3238 1986 erat.
3276 1932 3500 1987 Faciant
3530 1945 3600 1997 te,
3636 1938 3712 1989 in-

2126 2015 2261 2084 quit,
2290 2016 2343 2070 in
2371 2029 2565 2087 gentem
2595 2036 2849 2089 magnam,
2881 2031 2928 2074 et
2958 2022 3288 2092 magniï¬cabo
3316 2040 3504 2077 nomen
3537 2037 3679 2079 tuum
3700 2072 3711 2089 ,

2126 2116 2174 2159 et
2200 2106 2487 2161 benedicam
2515 2118 2580 2173 te,
2610 2121 2656 2163 et
2682 2112 2781 2165 eris
2804 2111 3104 2165 benedictus.
3139 2112 3337 2168 Idcirco
3362 2126 3419 2168 ct
3443 2112 3621 2170 Â«Î™Ï…á½»á½³Î·á½·
3654 2119 3715 2169 de

2126 2197 2423 2266 patriarcha
2447 2200 2814 2268 superbientes
2856 2200 3180 2257 volebantse
3219 2203 3270 2257 in
3312 2203 3431 2274 ejus
3458 2207 3715 2260 famijuu

2126 2288 2415 2356 intrudere,
2446 2302 2499 2346 et
2524 2291 2769 2347 dicebant
2800 2311 2812 2347 :
2847 2292 2970 2349 Filii
3000 2295 3255 2348 Abraham
3279 2312 3475 2351 sumus.
3510 2298 3622 2351 Sed
3665 2313 3718 2351 ut

2126 2380 2330 2435 discant
2357 2396 2416 2436 se
2444 2394 2661 2454 propter
2691 2385 2858 2439 malos
2883 2399 3060 2441 mores
3087 2386 3329 2455 indignos
3358 2402 3484 2442 esse
3511 2388 3603 2442 illa
3637 2389 3713 2441 fa-

2125 2473 2269 2527 milia
2297 2481 2351 2528 et
2376 2454 2588 2544 genere,
2608 2474 2737 2530 dicit
2755 2477 2833 2530 eis
2857 2475 3100 2532 Christus
3123 2494 3137 2532 :
3170 2454 3230 2533 Si
3250 2478 3346 2546 ï¬lii
3374 2478 3606 2532 Abram:
3630 2498 3708 2534 cs-

2124 2564 2261 2627 sctis,
2305 2581 2459 2634 Opera
2503 2565 2719 2620 Abrahae
2759 2567 2989 2636 faceretis
3032 2569 3200 2638 utique
3246 2568 3436 2638 (Joan.
3474 2570 3532 2625 8.
3580 2572 3713 2637 59).

2124 2654 2354 2709 Joannes
2395 2671 2623 2726 quoque,
2670 2657 2939 2713 Zachariae
2970 2658 3127 2725 filius,
3158 2674 3278 2714 cum
3310 2660 3378 2712 ad
3418 2660 3715 2717 Jordanem

2124 2750 2452 2805 confluerent
2477 2750 2728 2821 baptizari
2757 2753 3049 2822 cupientes,
3090 2752 3304 2808 dicebat
3345 2755 3465 2808 eis:
3515 2753 3715 2826 Proge-

2123 2841 2231 2894 nies
2268 2842 2569 2911 viperarum,
2614 2844 2724 2913 quis
2751 2844 3043 2898 monstrauit
3089 2844 3223 2899 vobis
3258 2845 3434 2915 fugere
3464 2863 3500 2897 a
3539 2847 3716 2915 futura

2122 2930 2242 2985 ira?
2283 2930 2459 2985 Facite
2493 2933 2647 3002 igitur
2685 2935 2901 3003 fructum
2950 2934 3157 3004 dignum
3199 2935 3531 3005 pwuitentice,
3578 2946 3630 2990 et
3660 2955 3715 2989 ne

2123 3027 2441 3094 prwsumatis
2484 3026 2664 3091 dicere,
2714 3024 2923 3080 Patrem
2967 3027 3206 3081 habemus
3251 3027 3539 3081 Abraham.
3590 3027 3715 3082 Dico

2122 3115 2253 3167 enim
2278 3115 2433 3179 uobis,
2465 3115 2599 3185 quod
2626 3125 2784 3186 potest
2814 3114 2952 3169 Deus
2978 3132 3041 3170 ex
3065 3116 3317 3185 lapidibus
3348 3118 3461 3170 istis
3486 3120 3714 3173 excitare

2121 3207 2256 3275 ï¬lios
2307 3206 2523 3260 Abrahae
2587 3206 2816 3277 (Matth.
2859 3207 2913 3261 5.
2953 3208 3107 3277 7-9).
3170 3207 3384 3262 Vidistis
3432 3211 3715 3278 quomodo

2122 3310 2369 3365 magnum
2408 3296 2548 3366 apud
2584 3311 2772 3351 omnes
2809 3298 2927 3366 ejus
2973 3311 3166 3351 nomen
3205 3296 3402 3352 fuerit?
3448 3298 3560 3355 Sed
3593 3310 3715 3354 ante

2121 3396 2368 3441 eventum
2392 3388 2519 3457 justi
2548 3389 2716 3457 pietas
2753 3398 3097 3453 monstratur,
3133 3388 3398 3459 quomodo
3429 3389 3597 3447 dictis
3626 3393 3715 3446 Dei

2120 3477 2429 3543 crediderit,
2481 3487 2535 3533 et
2583 3478 2761 3533 omnia
2804 3495 2922 3548 qua:
2970 3480 3280 3535 videbantur
3324 3496 3451 3537 esse
3491 3485 3711 3553 gravia.

2122 3582 2309 3636 magna
2334 3566 2589 3625 facilitate
2611 3568 2923 3638 susceperit.
2952 3568 3014 3623 Et
3038 3570 3346 3636 benedicam,
3378 3572 3560 3642 inquit
3580 3616 3597 3639 ,
3624 3576 3709 3627 bc-

2120 3658 2407 3713 nedicemes
2434 3667 2499 3721 te,
2518 3666 2566 3711 et
2598 3659 2944 3714 maledicentes
2970 3671 3016 3714 te
3047 3661 3341 3715 maledicam
3372 3678 3392 3715 :
3417 3675 3469 3717 et
3497 3666 3708 3719 benedi-

2121 3758 2294 3802 centur
2317 3750 2367 3801 in
2398 3757 2446 3803 te
2469 3765 2641 3805 omnes
2667 3752 2822 3807 tribus
2852 3762 3015 3807 terraz.
3045 3753 3174 3809 Vide
3208 3756 3485 3824 quomodo
3514 3767 3711 3815 alterno

2122 3850 2272 3907 perat
2298 3854 2597 3895 sermonem
2626 3842 2787 3910 Deus,
2809 3852 3131 3914 etquantmn
3162 3848 3413 3903 amicitia:
3448 3864 3714 3906 monstrat

2120 3940 2510 3999 argumentum.
2545 3931 2687 3997 illus,
2718 3934 2905 4003 inquit,
2935 3938 3135 3992 amicos
3163 3938 3390 4005 habebo,
3426 3943 3522 4011 qui
3553 3944 3711 3997 bene-

2120 4024 2239 4078 vole
2265 4039 2389 4094 erga
2430 4034 2481 4078 te
2516 4034 2674 4079 erunt
2710 4026 2883 4082 all'ecti
2907 4045 2921 4083 :
2949 4038 3001 4084 et
3042 4030 3156 4085 illos
3186 4032 3435 4087 inimicos
3480 4034 3707 4099 habebo,

2119 4115 2207 4184 qui
2238 4130 2359 4185 erga
2385 4124 2435 4170 te
2466 4118 2732 4171 contrario
2759 4117 2917 4173 modo
2943 4130 3099 4174 erunt
3123 4121 3296 4176 aï¬‚'ccti
3322 4140 3336 4176 :
3368 4124 3422 4178 id
3449 4125 3600 4195 quod
3632 4128 3713 4181 vix

2113 4206 2213 4260 lilii
2240 4222 2363 4278 erga
2394 4217 2571 4276 patres
2600 4208 2895 4264 faciendum
2923 4222 3187 4279 putarent,
3233 4224 3289 4268 ut
3314 4217 3544 4271 eosdem
3581 4236 3711 4288 quos

2118 4296 2194 4353 illi
2221 4298 2478 4354 haberent
2503 4299 2703 4354 amicos
2730 4308 2786 4354 et
2810 4302 3072 4357 inimicos.
3105 4303 3335 4359 Maxima
3357 4348 3370 4370 ,
3408 4306 3599 4363 dilecti
3617 4349 3641 4377 ,
3665 4310 3711 4363 in

2119 4389 2472 4458 patriarcham
2500 4390 2592 4445 Dei
2616 4391 2730 4446 hinc
2754 4402 2832 4447 est
2860 4392 3247 4450 benevolentia.
3275 4394 3405 4452 Illos
3430 4403 3610 4467 enim,
3642 4404 3715 4453 in-

2119 4480 2251 4550 quit,
2282 4479 2613 4545 benedieam,
2636 4484 2725 4552 qui
2752 4484 3064 4539 benediceut
3090 4487 3181 4540 tibi
3211 4504 3223 4539 :
3252 4498 3307 4542 et
3331 4488 3459 4543 illos
3487 4493 3715 4547 maledi-

2119 4589 2257 4639 cam,
2284 4574 2373 4643 qui
2404 4574 2721 4631 maledicent
2745 4576 2839 4630 tibi
2871 4594 2884 4629 :
2919 4577 2983 4631 Et
3005 4578 3354 4633 benedicentur
3383 4583 3439 4635 in
3467 4593 3516 4637 te
3541 4602 3715 4639 omnes

2120 4663 2275 4717 tribus
2302 4675 2465 4718 teme.
2496 4665 2632 4720 Ecce
2662 4675 2717 4721 et
2745 4666 2962 4722 alterius
2991 4668 3324 4725 liberalitatis
3364 4672 3715 4730 additamen-

2120 4763 2248 4808 tum.
2292 4755 2490 4811 Omnes
2516 4758 2657 4812 enim
2685 4758 2848 4813 tribus
2897 4770 3052 4815 terra).
3095 4764 3386 4827 cnitentur,
3438 4776 3497 4819 ut
3530 4767 3588 4821 in
3630 4780 3716 4823 tuo

2118 4847 2334 4902 nomine
2359 4848 2757 4917 benedicentur,
2780 4859 2834 4905 et
2859 4865 2945 4906 res
2970 4867 3093 4907 suas
3117 4863 3203 4907 tua
3224 4855 3604 4923 appellatione
3628 4860 3715 4913 bo-

2119 4940 2378 4993 ncstiores
2400 4940 2612 4995 faciant.

2190 5030 2243 5085 5.
2270 5030 2527 5097 Audistis,
2554 5031 2752 5097 dilecti,
2774 5035 2946 5104 qualia
2968 5035 3245 5105 imperavit
3268 5037 3536 5092 Dominus
3560 5041 3718 5095 Chal-

2118 5121 2233 5175 (Î¹Î»Î¹Î¾Î¿
2262 5121 2399 5190 seni,
2422 5123 2511 5192 qui
2541 5138 2715 5195 neque
2741 5124 2909 5195 legem
2933 5137 3171 5190 noverat,
3205 5144 3379 5198 neque
3414 5132 3717 5201 propheta.

2117 5229 2234 5268 rum
2264 5214 2466 5284 legerat
2492 5215 2736 5270 vaticinia
2764 5217 2803 5283 Â¹,
2832 5232 3004 5287 neque
3032 5218 3189 5272 ullam
3214 5220 3372 5273 aliam
3404 5216 3721 5279 doctrinam

2117 5306 2437 5373 acceperat?
2464 5305 2680 5361 Vidistis
2704 5318 2899 5377 quanta
2928 5319 3311 5378 praeceptorum
3340 5314 3565 5368 moles?
3586 5334 3719 5385 qu.Â»-1

2118 5398 2277 5453 modo
2300 5397 2367 5452 ad
2394 5413 2456 5454 ea
2484 5399 2804 5469 perficienda
2834 5402 3046 5456 sublimi
3075 5414 3128 5458 et
3146 5404 3369 5473 juvenili
3396 5410 3596 5463 animo
3630 5414 3717 5464 ha-

2118 5489 2273 5544 bebat
2295 5491 2469 5559 opus?
2498 5491 2682 5548 Videte
2706 5493 2928 5563 posthac
2948 5502 3001 5549 et
3026 5495 3337 5564 patriarcha
3364 5478 3717 5567 probitatem,â€˜

2183 5623 2198 5652 â¸
2236 5621 2289 5670 In
2312 5636 2504 5691 graeco,
2530 5637 2619 5684 Î¼á½µÏ„Î¹
2640 5638 2833 5688 Ï€ÏÎ¿Ï†á½µÏ„Î±Î¹Ï‚
2870 5639 3074 5691 lembum,
3098 5626 3232 5691 quod
3269 5632 3420 5678 etiam
3453 5631 3554 5681 hoc
3579 5612 3715 5689 Ï€Î½Î¿Î¹á½µ

2119 5693 2286 5747 posset
2311 5688 2641 5751 interpretari,
2660 5701 2809 5751 neque
2833 5688 3205 5754 cum'pmphetis
3230 5699 3446 5743 versatus
3464 5695 3655 5755 fueris.
3712 5734 3713 5739 Î·
