3788 6260
71 259 174 314 257

79 371 255 432 τόπον,
291 365 418 421 ἔνθα
444 361 738 433 ἀφικέσθαι
765 377 833 433 με
863 358 1244 431 προστάττεις,
1270 355 1429 426 δῆλον
1460 354 1652 415 ποιεῖς,

75 456 160 506 ῖνα
210 450 412 504 εἰδέναι
443 447 552 518 έχω
596 445 702 500 κάν
738 444 832 498 τοῦ
880 443 1244 513 διαστήματος
1293 440 1355 491 τὸ
1397 435 1654 518 μέγεθοςς

80 534 248 588 Πόθεν
280 533 389 603 γάρ
421 517 510 602 μοι
539 531 717 582 ἐκεῖνο
744 527 1018 598 γνώριμον
1049 525 1115 578 ἂν
1147 523 1378 592 γένοιτο,
1417 521 1499 574 δτι
1536 517 1660 572 ταύ-

76 635 191 688 της,
244 610 316 687 ἧς
369 611 786 683 καταλιμπάνω,
856 609 1078 680 βελτίων
1127 605 1424 677 ὀφθήσεται
1475 603 1658 688 ἐκείνη

83 686 282 771 μάλλον
309 699 403 752 καὶ
425 695 775 767 εὐπορωτέρα
795 710 809 758 ;
841 691 980 746 Ἀλλ’
1009 696 1036 746 6
1056 691 1261 753 δίκαιος
1285 689 1436 771 οὐδὲν
1457 686 1662 740 τούτων

82 770 196 836 οὐδέ
226 776 404 844 εἶπεν,
435 779 556 832 οὐδὲ
590 779 902 848 ἐνενόησεν⁹
939 774 1075 829 άλλά
1098 773 1235 846 πρὸς
1259 773 1320 826 τὸ
1346 770 1454 825 τῶν
1483 771 1664 822 ἐπιτε-

80 867 362 936 ταγμένων
397 861 626 935 μέγεθος
671 859 899 925 ἀπιδὼν,
958 859 1027 913 τά
1063 857 1234 928 ἄδηλα
1281 855 1391 909 τῶν
1422 857 1480 907 ἐν
1507 852 1663 924 χερσὶ

81 935 376 1021 προετίθει.
425 947 619 1000 Καίτοι
647 946 696 998 εί
739 944 813 1015 μὴ
842 941 1047 1014 ὑψηλὸν
1101 939 1214 1012 εἶχε
1264 939 1538 1010 φρόνημα,
1569 935 1664 1021 καὶ

82 1019 369 1102 φιλόσοφον
393 1029 643 1100 γνώμην,
675 1027 770 1082 κοιλ⁴
799 1025 1156 1080 ἐπεπαίδευτο
1179 1023 1365 1079 πάντα·
1381 1019 1663 1075 πείθεσθαι

80 1115 153 1186 τῷ
181 1114 327 1185 Θεῷ,
367 1115 462 1168 καὶ
494 1113 679 1183 ἕτερον
701 1112 763 1164 οὐ
796 1109 992 1182 μικρὸν
1025 1105 1172 1180 εἶχεν
1199 1109 1264 1164 διν
1292 1107 1543 1178 κώλυμα,
1574 1105 1665 1158 αὑ-

81 1203 173 1270 τὴν
198 1199 295 1253 τοῦ
329 1198 538 1270 πατρὸς
566 1197 668 1269 τὴν
693 1195 972 1266 τελευτήν.
1027 1195 1170 1247 ἰστε
1220 1191 1328 1265 γὰρ
1355 1192 1437 1245 ὅτι
1480 1189 1665 1244 πολλοὶ

81 1283 338 1346 πολλάκις
370 1281 460 1336 διὰ
487 1281 614 1345 τοὺς
651 1281 854 1349 τάφους
883 1277 991 1332 τῶν
1041 1275 1428 1349 προσηκόντων
1460 1275 1665 1328 εἴλοντο

83 1369 186 1430 τοῖς
225 1365 414 1428 τόποις
453 1365 682 1428 ἐκείνοις
718 1361 1090 1428 ἐναποθανεῖν,
1123 1359 1250 1414 ἔνθα
1279 1359 1370 1413 τὸν
1394 1357 1506 1430 βίον
1534 1373 1664 1411 κατ-

85 1452 272 1504 έλυσαν
301 1452 350 1502 οί
384 1453 580 1519 γονεῖς.

145 1551 208 1605 δ’.
232 1549 398 1613 Εἰκὸς
415 1549 592 1602 τοίνυν
607 1541 673 1618 ἦν
693 1547 787 1600 καὶ
808 1545 897 1600 τὸν
913 1544 1117 1600 δίκαιον
1133 1541 1339 1608 τοῦτον,
1369 1541 1482 1610 εἴγε
1503 1539 1577 1612 μὴ
1596 1533 1665 1610 ἦν

89 1636 286 1706 σφόδρα
316 1633 583 1704 φιλόθεος,
618 1633 712 1686 καὶ
745 1631 902 1685 τοῦτο
936 1628 1287 1699 λογίσασθαι,
1335 1629 1418 1681 ότι
1465 1627 1522 1680 Ὀ
1566 1626 1666 1696 μέν

87 1720 260 1789 πατὴρ
283 1717 374 1772 διά
405 1718 467 1772 τὸ
500 1717 627 1787 περὶ
654 1715 754 1786 ἐμὲ
785 1713 1005 1786 φίλτρον
1024 1712 1230 1766 οἴκοθεν
1267 1710 1549 1780 ἐξανέστη,
1572 1708 1666 1763 καὶ

89 1800 370 1871 συνηθείας
424 1799 656 1860 παλαιάς
701 1797 972 1870 ὑπερεῖδε,
1005 1797 1102 1851 καὶ
1139 1794 1357 1848 πάντων
1398 1790 1665 1864 ἀνώτερος

87 1885 320 1953 γεγονὼς
350 1885 512 1955 μέχρι
540 1883 732 1937 τούτου
764 1881 1113 1954 παρεγένετο,
1141 1880 1236 1934 καὶ
1261 1879 1444 1950 σχεδὸν
1469 1880 1664 1944 εἰπεῖν,

85 1968 147 2022 δι’
178 1968 277 2039 ἐμὲ
311 1969 372 2021 ἐν
397 1967 652 2040 ἀλλοτρίᾳ
682 1967 774 2019 τὸν
811 1963 922 2036 βίον
963 1965 1255 2018 κατέλυσεν
1279 1981 1292 1994 ·
1331 1960 1442 2032 ἐγὼ
1469 1961 1525 2015 δὲ
1547 1961 1667 2016 ούδέ

91 2053 221 2122 μετά
252 2053 345 2106 τὸν
373 2051 600 2104 θάνατον
633 2050 732 2120 τὴν
762 2050 885 2119 ίσην
916 2047 1064 2118 αὐτῷ
1101 2045 1334 2117 ἀμοιϐὴν
1373 2044 1666 2099 ἀποδοῦναι

90 2134 393 2200 σπουδάζω,
429 2133 566 2187 ἀλλὰ
597 2129 915 2186 καταλιπὼν
938 2130 1077 2202 μετά
1105 2131 1204 2200 τῆς
1235 2127 1552 2198 συγγενείας
1570 2127 1665 2180 τοῦ

90 2220 286 2290 πατρὸς
317 2219 411 2272 τὸν
443 2216 607 2272 αὑτοῦ
647 2216 850 2286 τάφον,
900 2211 1475 2284 ἀπελεύσομαι;Ἀλλ’
1518 2212 1667 2282 ὅμως

88 2305 234 2357 οὐδὲν
258 2303 472 2357 τούτων
503 2301 667 2355 αὐτοῦ
701 2297 1054 2371 άπαμϐλῦναι
1077 2296 1175 2368 τὴν
1207 2295 1383 2367 ὁρμὴν
1410 2296 1628 2366 ἴσχυσεν
1649 2311 1663 2325 ⁸

92 2389 216 2442 ἀλλά
249 2387 432 2440 πάντα
447 2384 644 2439 εὐκολα
661 2382 830 2454 αὐτῷ,
861 2383 954 2436 καὶ
983 2381 1141 2454 ῥᾴδια
1182 2379 1470 2449 φαίνεσθαι
1495 2379 1667 2432 ἐποίει

89 2474 144 2526 τὸ
172 2474 301 2542 περὶ
322 2471 416 2523 τὸν
436 2468 568 2523 Θεὸν
589 2467 830 2539 φίλτρον.
858 2464 1010 2518 Ἐπεὶ
1039 2465 1256 2518 κάκεῖνο
1273 2463 1339 2517 ἂν
1365 2463 1665 2534 ἐνενόησεν,

91 2559 193 2623 εἴγε
222 2553 589 2625 ἀνθρωπίνοις
613 2551 895 2620 λογισμοῖς
921 2548 990 2602 τὰ
1018 2547 1139 2601 καθ’
1170 2546 1358 2600 ἑαυτὸν
1381 2544 1667 2616 ἐπιτρέψαι

91 2639 356 2702 ἐϐούλετο,
390 2637 478 2689 Ἐν
505 2633 710 2707 ἡλικία,
733 2633 926 2703 λέγων,
942 2629 1184 2702 τοιαύτῃ,
1216 2630 1309 2682 καὶ
1326 2629 1511 2682 λοιπὸν
1534 2629 1671 2700 πρὸς

92 2724 260 2795 γῆρας
295 2721 524 2792 ἔσχατον
558 2716 795 2772 ἐλαύνων
827 2715 930 2770 ποῦ
960 2713 1366 2785 άπελεύσομαι;
1415 2712 1564 2786 [510]
1593 2713 1668 2766 Οὐ

91 2809 176 2861 τὸν
206 2805 441 2874 ἀδελφὸν
480 2801 907 2872 ἐπιφερόμενος,
949 2799 1011 2852 οὐ
1053 2799 1180 2861 τοὺς
1214 2800 1494 2866 συγγενεῖς
1533 2796 1671 2866 ἔχων

95 2893 204 2964 μεθ’
240 2888 464 2953 ἑαυτοῦ,
495 2886 634 2942 ἀλλά
662 2886 878 2939 πάντων
902 2882 1012 2938 τῶν
1039 2882 1178 2955 πρὸς
1203 2881 1360 2951 γένος
1395 2881 1672 2964 διαφερόν-

91 2963 191 3030 των
224 2991 317 3045 μοι
353 2969 776 3044 κεχωρισμένος,
809 2965 926 3031 πῶς
968 2966 1174 3038 ἔρημος
1214 2965 1308 3020 καὶ
1351 2965 1499 3033 ξένος
1529 2963 1672 3018 οὑτω

91 3062 180 3132 τὴν
211 3057 502 3130 ἀλλοτρίαν
527 3053 934 3125 καταλήψομαι,
963 3051 1085 3105 οὐδὲ
1115 3049 1274 3113 εἰδὼς
1312 3051 1446 3104 ὅπου
1475 3050 1672 3122 στήσοο

95 3162 184 3216 μαι
231 3144 336 3214 τῆς
388 3140 629 3210 πλάνης;
673 3138 736 3191 El
790 3136 848 3190 δὲ
899 3135 993 3188 καὶ
1033 3133 1173 3188 κατὰ
1208 3133 1378 3206 μέσην
1413 3133 1510 3206 τὴν
1552 3133 1672 3188 ὁδὸν

96 3226 268 3298 συμϐῇ
307 3242 378 3297 με
403 3222 704 3277 καταλῦσαι
725 3220 816 3274 τὸν
844 3219 978 3291 βίον,
1001 3218 1053 3272 τί
1076 3218 1138 3272 τὸ
1164 3219 1354 3289 ὄφελος
1381 3219 1481 3289 τῆς
1496 3218 1672 3272 τοιαύ-

93 3328 184 3382 της
213 3308 630 3377 ταλαιπωρίας;
665 3305 748 3369 τίς
780 3321 848 3376 με
873 3302 1180 3375 περιστελεῖ
1201 3302 1293 3356 τὸν
1307 3304 1559 3375 γέροντα,
1580 3305 1674 3358 τὸν

95 3394 255 3461 ξένον,
279 3394 377 3448 τὸν
398 3392 611 3456 ἄπολιν,
642 3389 737 3444 τὸν
763 3390 945 3444 ἄοικον
965 3405 979 3454 ;
1010 3389 1171 3452 Ἴσως
1193 3389 1226 3458 ἡ
1249 3388 1384 3459 γυνὴ
1411 3389 1538 3454 τοὺς
1559 3389 1674 3458 γεί-

93 3496 242 3543 τονας
265 3473 644 3549 παρακαλέσει
666 3490 729 3526 συ
738 3471 1009 3545 μπάθειάν
1027 3488 1151 3526 τινα
1166 3470 1558 3538 ἐπιδείξασθαι,
1581 3473 1675 3526 καὶ

93 3563 147 3630 ἐξ
169 3564 364 3634 ἐράνου
395 3560 537 3624 τινὸς
579 3559 672 3613 καὶ
710 3556 1068 3627 συνεισφορᾶς
1102 3555 1170 3610 τὰ
1191 3554 1500 3627 καθήκοντα
1537 3556 1675 3629 πλη-

93 3647 268 3717 ρώσει.
310 3644 424 3700 Καὶ
469 3643 621 3713 πόσῳ
665 3641 870 3711 βέλτιον
902 3637 1062 3692 αὐτὸν
1105 3637 1195 3693 τὸν
1247 3637 1448 3710 βραχὺν
1485 3639 1673 3710 χρόνον

93 3731 176 3784 τὸν
218 3726 649 3796 ὑπολειπόμενον
694 3725 826 3796 ἡμῖν
865 3723 945 3786 εἰς
979 3719 1144 3792 ζωὴν,
1194 3721 1557 3792 καθεζόμενον
1589 3725 1674 3775 ἐν·

91 3813 256 3866 ταῦθα
290 3809 596 3866 καταλῦσαί
625 3826 692 3881 με
716 3809 806 3861 τὸν
830 3806 966 3878 βίον,
998 3806 1031 3878 ἢ
1065 3804 1202 3876 μετὰ
1231 3805 1410 3878 γῆρας
1435 3799 1538 3859 ὧδε
1573 3807 1672 3860 κά-

94 3900 234 3951 κεῖσε
256 3893 665 3967 περιέλκεσθαι,
697 3893 791 3946 καὶ
826 3891 895 3946 τά
933 3889 1085 3961 παρά
1127 3890 1344 3944 πάντων
1378 3890 1671 3960 ὑπομένειν

96 3979 422 4052 σκώμματα,
457 3977 533 4041 ὡς
563 3976 684 4029 οὐδὲ
720 3977 777 4030 ἐν
810 3974 994 4045 ἡλικίᾳ
1033 3972 1258 4044 τοιαύτῃ
1285 3972 1577 4042 δυνηθέντα
1613 3975 1672 4028 ἐν

95 4065 287 4137 ἠσυχίᾳ
308 4065 539 4132 διάγειν,
569 4059 706 4114 ἀλλά
740 4059 938 4122 τόπους
963 4061 1028 4111 ἐκ
1059 4059 1238 4111 τόπων
1265 4057 1537 4128 ἀμείϐειν,
1579 4059 1672 4112 καὶ

98 4147 365 4220 μηδαμοῦ.
389 4145 676 4210 ίστασθαις
715 4141 876 4196 Ἀλλά
911 4143 1117 4195 τούτων
1145 4141 1313 4213 μηδὲν
1348 4141 1673 4211 ὑπολογισόι⁴

98 4251 249 4303 μενος
278 4235 308 4287 6
338 4231 545 4293 δίκαιος
587 4224 742 4293 οὗτος
775 4227 1067 4282 ὑπακούειν
1096 4226 1322 4280 ἔσπευδε
1366 4226 1446 4298 τῷ
1481 4227 1673 4281 ἐπιτάα

96 4334 275 4386 γματι.
317 4313 459 4367 Ἀλλ’
495 4311 625 4376 ἴσως
668 4313 810 4367 εἴποι
849 4329 934 4376 τις
972 4309 1060 4375 ἂν,
1102 4311 1186 4364 ὅτι
1222 4309 1403 4365 ἱκανὸν
1425 4306 1496 4382 ἦν
1527 4310 1674 4382 αὐτῷ

95 4402 169 4463 είς
197 4397 518 4470 προτροπὴν
540 4396 600 4450 τὸ
624 4395 802 4464 λέγειν
833 4413 845 4424 ·
875 4394 1056 4462 Δεῦρο
1081 4395 1169 4460 εἰς
1201 4391 1316 4462 τὴν
1337 4391 1474 4463 γῆν,
1495 4392 1576 4461 ἣν
1596 4394 1674 4448 ἄν

94 4499 186 4538 σοι
202 4483 403 4546 δείξω·
419 4481 515 4534 καὶ
537 4480 771 4535 ποιήσω
800 4495 875 4533 σε
893 4481 978 4545 εὶς
993 4478 1168 4544 έθνος
1187 4475 1360 4546 μέγα.
1383 4477 1480 4530 καὶ
1503 4480 1675 4533 εὐλο-

93 4566 254 4636 ποήσω
273 4580 372 4620 σε.
397 4565 570 4618 Τοῦτο
593 4564 774 4618 τοίνυν
796 4562 927 4616 αὐτὸ
966 4561 1220 4632 μάλιστα,
1247 4561 1295 4612 εί
1327 4560 1401 4631 μὴ
1428 4561 1674 4628 φιλόθεος

93 4647 177 4722 ἦν,
206 4653 373 4722 ἧρκει
412 4649 770 4721 ὀκνηρότερον
799 4647 960 4702 αὐτὸν
997 4646 1126 4717 περὶ
1161 4645 1258 4715 τὴν
1302 4646 1545 4716 ὑπακοὴν
1583 4650 1672 4717 ἐρ-

94 4737 386 4804 γάσασθαι.
423 4734 682 4788 Ἠδύνατο
718 4734 827 4803 γάρ
867 4734 1060 4796 εἰπεῖν,
1109 4732 1159 4784 εί
1203 4731 1312 4784 τῶν
1346 4730 1556 4785 πολλῶν
1590 4728 1670 4796 εἷς

95 4817 177 4891 ἦν,
202 4822 284 4875 ὅτι
301 4819 462 4883 Τίνος
485 4819 670 4872 ἕνεκεν
695 4821 772 4881 είς
794 4818 893 4890 τὴν
914 4817 1070 4888 ξένην
1101 4836 1167 4889 με
1188 4816 1441 4884 ἀπάγεις,
1466 4817 1560 4871 καὶ
1575 4817 1672 4888 τὴν

95 4905 376 4976 ἀλλοτρίαν
422 4920 490 4973 με
527 4900 856 4956 καταλαϐεῖν
909 4901 1189 4967 κελεύεις;
1231 4899 1331 4953 Διά
1373 4901 1426 4953 τί
1467 4901 1575 4970 γάρ
1604 4917 1672 4972 με

94 4990 348 5048 ἐνταῦθα,
383 4987 498 5056 εἴγε
532 4985 709 5056 βούλει
755 4985 928 5057 μέγαν
964 4982 1207 5056 ποιῆσαι,
1250 4986 1310 5038 οὐ
1334 4988 1542 5051 ποιεῖς;
1585 4986 1673 5039 διά

92 5075 140 5126 τί
161 5073 254 5127 ἐπὶ
281 5071 382 5142 τῆς
406 5071 582 5132 οἰκίας
600 5069 697 5140 τῆς
715 5067 974 5141 πατρῴας
987 5069 1238 5138 διάγοντα
1263 5071 1363 5122 οὐκ
1390 5067 1560 5133 ἀξιοῖς
1573 5071 1673 5140 τῆς

96 5159 186 5227 σῆς
217 5155 505 5224 εὐλογίας
542 5154 630 5216 Ὠς
667 5154 714 5206 εἰ
741 5152 978 5224 συμϐαίη
1015 5168 1103 5223 με,
1148 5154 1276 5225 πρὶν
1304 5153 1338 5224 ἢ
1369 5153 1570 5222 φθάσαι
1593 5156 1674 5218 είς

93 5239 177 5293 τὸν
204 5241 370 5294 τόπον
399 5237 528 5291 ἔνθα
547 5235 810 5301 κελεύεις,
833 5237 1272 5308 κατεργασθέντα
1290 5237 1508 5291 ὑπὸτῶν
1531 5238 1673 5292 κατὰ

95 5324 186 5394 τὴν
207 5323 525 5394 ὁδοιπορίαν
566 5321 829 5392 καμάτων
876 5322 968 5374 καὶ
1012 5320 1396 5392 διαφθαρῆναι,
1433 5321 1529 5375 καὶ
1582 5321 1672 5375 τὸν

97 5405 203 5474 βίον
229 5406 556 5468 καταλῦσαι,
584 5404 635 5458 τί
661 5421 750 5475 μοι
775 5403 836 5456 τὸ
865 5402 1057 5474 ὄφελος
1079 5405 1188 5457 τῶν
1210 5403 1632 5474 ἐπηγγελμένων
1653 5422 1668 5470 ;

107 5489 241 5541 Ἀλλ’
275 5489 433 5542 οὐδὲν
465 5487 670 5542 τούτων
712 5487 834 5541 οὐδὲ
868 5490 948 5550 είς
979 5486 1188 5541 ἔννοιαν
1232 5486 1415 5542 λαϐεῖν
1454 5487 1672 5540 κατεδέ-

96 5572 238 5637 ξατο,
273 5573 434 5635 ἀλλὰ,
475 5571 727 5644 καθάπερ
761 5570 1058 5643 εὐγνώμων
1099 5571 1337 5641 οἰκέτης,
1376 5570 1453 5640 τῷ
1485 5571 1673 5625 ἐπιτά-

96 5672 258 5725 γματι
313 5656 474 5727 μόνον
525 5656 820 5727 ὑπήκουεν,
875 5655 937 5708 οὐ
988 5653 1504 5726 περιεργαζόμενος,
1549 5654 1670 5708 οὐδὲ

99 5743 589 5818 πολυπραγμονῶν,
621 5744 736 5801 ἀλλ’
764 5743 1032 5813 ἐπείθετο,
1064 5744 1158 5799 καὶ
1184 5743 1674 5816 πεπληροφορημέ-

992 244 1057 299 IN
1095 244 1246 302 CAP.
1283 239 1362 296 ΧΓ
1389 238 1477 295 ET
1519 236 1610 293 XII
1646 234 1893 295 GENES.
1935 238 2166 297 HOMIL.
2207 237 2398 294 XXXI.

3247 235 3350 293 288

1759 369 1848 417 νος
1871 355 2185 427 ἐτύγχανεν,
2209 355 2291 409 ὅτι
2312 352 2558 424 ἀψευδεῖς
2585 343 2727 423 ἦσαν
2761 350 2818 405 αἱ
2841 348 2935 404 τοῦ
2957 349 3092 403 Θεοῦ
3118 353 3349 420 ἐπαγγε-

1764 435 1895 491 λίαι⁶
1912 439 2023 492 Kal
2048 439 2282 507 ποιήσω
2314 455 2388 493 σε
2411 439 2498 503 εὶς
2517 435 2691 503 ἔθνος
2715 434 2888 506 μέγα,
2907 435 3006 490 καὶ
3035 435 3353 504 εὐλογήσω

1763 537 1858 584 σε,
1886 523 1984 575 καί
2003 521 2322 592 μεταλυνῶ
2336 521 2402 576 τὸ
2419 520 2606 589 ὄνομά
2620 533 2756 585 σου,
2775 519 2873 572 καὶ
2896 519 3010 588 ἔσῃ
3027 519 3352 588 εὐλογημέ-

1763 621 1888 670 νος.
1905 606 2094 674 Μέγας
2118 607 2218 676 τῆς
2239 605 2586 676 ὑποσχέσεως
2614 605 2643 656 6
2665 603 2845 670 δγκος.
2871 604 3112 671 Ποιήσω
3132 621 3226 667 σε,
3250 621 3352 675 φη·-

1768 691 1873 756 σὶν,
1890 693 1978 758 είς
1991 692 2169 758 ἔθνος
2181 689 2354 761 μέγ-ιι,
2373 691 2468 746 καὶ
2485 687 2801 759 εὐλογήσω
2812 704 2906 754 σε,
2921 688 3016 742 καὶ
3031 686 3352 758 μεγαλυνῶ

1764 778 1831 831 τὸ
1846 778 2032 848 ὄνομά
2045 793 2182 834 σου.
2200 780 2274 832 Οὐ
2297 779 2454 850 μόνον
2472 779 2612 834 ἔθνει
2633 796 2690 832 σε
2713 777 2931 850 μεγάλῳ
2945 779 3245 846 ἐπιστήσω,
3257 777 3353 830 καὶ

1765 868 1826 922 τὸ
1841 868 2013 940 δνομά
2042 887 2135 924 σου
2165 871 2306 942 μέγα
2322 870 2729 942 ἀπεργάσομαι,
2747 858 2882 923 ἀλλά
2907 871 2999 923 καὶ
3017 867 3348 938 Εὐλογήσω

1765 971 1860 1020 σε,
1879 958 1978 1014 καὶ
1991 958 2105 1029 ἔσῃ
2121 958 2545 1030 εὐλογημένος.
2565 959 2656 1028 Μὴ
2672 959 2918 1030 νομίσῃς,
2939 957 3210 1028 άγαπητὲ,
3228 973 3353 1010 ταυ-

1766 1045 2015 1115 τολογίαν
2035 1043 2250 1101 εἶναιτὸ
2264 1046 2553 1118 εἰρημένον
2569 1046 2649 1111 τὸ,
2667 1046 2774 1100 Kal
2793 1046 3108 1115 εὐλογήσω
3135 1061 3229 1108 σε,
3252 1043 3351 1097 καί

1767 1131 1884 1201 ἔσῃ
1936 1135 2366 1205 εὐλογημένος.
2402 1134 2686 1204 Τοσαύτης
2733 1151 2816 1200 σε,
2867 1136 3052 1205 φησὶν,
3103 1133 3353 1200 εὐλογίας

1767 1219 2006 1286 ἀξιώσω,
2023 1221 2098 1286 ὡς
2121 1222 2285 1276 παντὶ
2303 1220 2380 1294 τῷ
2400 1221 2556 1276 αίῶνι
2577 1220 3137 1292 συμπαρεκτείνεσοαι
3157 1223 3348 1292 αὐτήν.

1785 1312 1941 1379 Ἐσῃ
1971 1310 2080 1382 γὰρ
2108 1311 2538 1382 εὐλογημένος,
2569 1311 2644 1376 ώς
2680 1311 2909 1364 ’ἑκαστον
2941 1310 3061 1364 ἀντὶ
3087 1312 3351 1382 μεγίστης

1767 1399 1931 1470 τιμῆς
1961 1399 2197 1471 σπουδὴν
2231 1399 2503 1453 ποιεῖσθαι
2551 1397 2798 1452 είσωθεῖν
2847 1398 3036 1451 ἐαυτὸν
3084 1399 3163 1462 εἰς
3197 1397 3295 1468 τὴν
3325 1410 3351 1437 ει

1769 1485 1904 1556 πρὸς
1933 1484 1993 1538 σὲ
2020 1487 2349 1557 οἰκειότητα.
2377 1487 2519 1559 Ὅρα
2561 1486 2679 1551 πῶς
2711 1486 2917 1541 ἄνωθεν
2942 1487 3036 1540 καὶ
3069 1488 3132 1540 ἐκ
3169 1503 3354 1557 προοι-

1772 1574 1910 1644 μίων
1933 1572 2084 1645 αὐτῷ
2121 1575 2381 1646 προέλεγε
2403 1575 2500 1647 τὴν
2531 1576 2910 1647 περιφάνειαν,
2929 1576 2986 1628 ἐν
3079 1575 3355 1646 καταστή-

1772 1677 1885 1714 σειν
1907 1660 2068 1715 αὐτὸν
2089 1661 2301 1734 ἔμελλε.
2323 1662 2563 1729 Ποιήσω
2579 1679 2676 1727 σε,
2695 1663 2878 1732 φησὶν,
2895 1665 2981 1728 εἱς
2993 1662 3168 1728 ἔθνος
3174 1659 3350 1731 μέγα,

1769 1749 1866 1804 καί
1877 1749 2198 1820 μεγαλυνῶ
2217 1750 2282 1805 τὸ
2302 1751 2488 1820 ὄνομά
2511 1765 2650 1818 σου,
2668 1751 2767 1804 καί
2788 1751 3103 1821 εὐλογήσω
3123 1767 3216 1817 σε,
3250 1752 3352 1804 καί

1769 1836 1884 1906 ἔσῃ
1918 1838 2340 1908 εὐλογημένος.
2375 1839 2474 1892 Διά
2510 1837 2670 1892 τοῦτο
2709 1840 2804 1894 καὶ
2843 1841 2892 1893 οἱ
2935 1839 3176 1893 Ἰουδαῖοι
3209 1839 3353 1909 μέγα

1772 1924 1919 1996 [511]
1937 1925 2259 1996 φρονοῦντες
2282 1927 2373 1979 ἐπὶ
2394 1926 2471 1996 τῷ
2499 1926 2813 1999 πατριάρχῃ
2843 1927 3126 1981 ἐϐούλοντο
3145 1929 3225 1990 εἰς
3253 1928 3354 1998 τὴν

1768 2013 1958 2066 τούτου
2000 2014 2318 2084 συγγένειαν
2383 2017 2608 2080 ἑαυτοὺς
2661 2017 2928 2081 είσωθεῖν,
2981 2017 3076 2071 καὶ
3119 2016 3304 2084 ελεγον
3332 2031 3350 2048 ⁸

1776 2099 1960 2158 Τέκνα
2001 2103 2107 2158 τοῦ
2163 2104 2410 2175 Ἀϐραάμ
2468 2105 2675 2176 ἐσμεν.
2731 2106 2868 2159 Ἀλλ’
2935 2107 3021 2160 ἵνα
3084 2106 3349 2176 μάθωσιν,

1774 2189 1856 2243 ὅτι
1917 2191 2024 2244 ἀπὸ
2083 2191 2181 2262 τῆς
2222 2192 2334 2245 τῶν
2383 2194 2600 2264 τρόπων
2658 2195 2858 2258 κακίας
2914 2193 3121 2259 ἀνάξιοι
3153 2194 3355 2264 τυγχά⁹

1772 2295 1921 2332 νουσι
1947 2280 2046 2351 τῆς
2084 2281 2423 2350 συγγενείας,
2467 2282 2600 2355 φησὶ
2643 2283 2780 2355 πρὸς
2812 2285 3007 2348 αὐτοὺς
3034 2287 3062 2338 ό
3096 2284 3354 2354 Χριστὸς,

1774 2365 1844 2421 El
1878 2367 2059 2421 τέκνα
2087 2368 2192 2422 τοῦ
2229 2369 2483 2440 Ἀϐραὰμ
2519 2365 2644 2440 ἦτε,
2690 2369 2762 2424 τὰ
2797 2371 2940 2439 ἔργα
2965 2370 3072 2424 τοῦ
3109 2372 3355 2440 Ἀϐραὰμ

1770 2453 2021 2508 ἐποιεῖτε
2039 2454 2133 2508 ἄν.
2171 2456 2280 2510 Καὶ
2315 2455 2567 2529 Ἰωάννης
2590 2457 2645 2510 δὲ
2678 2460 2705 2511 6
2738 2459 2829 2512 τοῦ
2871 2459 3165 2530 Ζαχαρίου,
3191 2458 3352 2530 ἡνίκα

1774 2542 2060 2613 συνέρρεον
2093 2545 2172 2607 είς
2192 2543 2283 2597 τὸν
2317 2545 2586 2616 Ἰορδάνην
2619 2548 2666 2599 οί
2709 2545 3072 2616 βαπτισθῆναι
3096 2547 3354 2602 σπεύδον-

1771 2646 1882 2694 τες,
1925 2630 2075 2699 ἔλεγε
2115 2630 2251 2702 πρὸς
2297 2631 2523 2697 αὐτούς·
2558 2631 2918 2703 Γεννήματα
2944 2632 3220 2702 ἐχιδνῶν,
3262 2635 3354 2699 τίς

1771 2717 2088 2783 ὑπέδειξεν
2107 2719 2630 2790 ὐμῖνφεύγεινάπὸ
2648 2721 2760 2792 τῆς
2775 2723 3122 2791 μελλούσης
3146 2720 3352 2791 ὀργῆς

1773 2810 2074 2880 Ποιήσατε
2092 2806 2206 2865 οὖν
2220 2813 2449 2879 καρπὸν
2471 2811 2551 2877 ἅξ
2555 2829 2650 2866 ιον
2664 2811 2773 2881 τῆς
2785 2815 3126 2882 μετανοίας,
3150 2813 3245 2868 καὶ
3264 2813 3352 2884 μὴ

1772 2897 1988 2968 δόξητε
2019 2900 2256 2970 λέγειν,
2298 2901 2388 2954 ὅτι
2415 2902 2649 2970 Πατέρα
2683 2903 2901 2974 ἔχομεν
2925 2904 3029 2958 τὸν
3073 2903 3350 2973 Ἀϐραάμ.

1773 2986 1935 3058 Λέγω
1965 2988 2076 3058 γὰρ
2107 2988 2270 3059 ὑμῖν,
2310 2988 2400 3043 ὅτι
2444 2989 2694 3045 δύναται
2728 2994 2761 3045 ό
2797 2991 2940 3058 Θεὸς
2987 2991 3086 3045 καί
3130 2993 3197 3046 ἐκ
3233 2991 3354 3045 τῶν

1772 3076 1960 3130 λίθων
1979 3077 2206 3130 τούτων
2225 3076 2444 3146 ἐγεῖραι
2466 3075 2648 3131 τέκνα
2666 3076 2748 3144 τῷ
2763 3077 3027 3148 Ἀϐραάμ.
3061 3075 3212 3143 Εἶδες
3237 3078 3354 3143 πῶς

1778 3162 1920 3234 μέγα
1941 3163 2106 3217 αὐτοῦ
2133 3165 2194 3218 τὸ
2218 3165 2388 3236 ὄνομα
2413 3166 2564 3236 παρά
2581 3167 2744 3219 πᾶσιν
2764 3161 2865 3238 ἧν;
2904 3167 3066 3220 Ἀλλά
3089 3169 3226 3231 τέως
3249 3169 3358 3239 πρὸ

1775 3255 1874 3323 τῆς
1902 3253 2178 3317 ἐκϐάσεως
2201 3254 2263 3307 τὸ
2293 3253 2536 3324 φιλόθεον
2565 3254 2657 3309 τοῦ
2685 3255 2893 3310 δικαίου
2921 3255 3213 3323 δείκνυται,
3239 3257 3357 3322 πῶς

1775 3346 1886 3406 τοῖς
1904 3343 2054 3415 παρὰ
2075 3343 2171 3396 τοῦ
2187 3343 2321 3398 Θεοῦ
2341 3344 2583 3416 ῥηθεῖσιν
2607 3345 2914 3412 ἐπίστευσε,
2933 3348 3028 3402 καὶ
3051 3348 3266 3402 ἅπαντα
3286 3349 3359 3404 τὰ

1776 3433 2039 3489 δοκοῦντα
2061 3430 2197 3488 εἶναι
2221 3435 2456 3507 φορτικά
2478 3439 2597 3508 μετ’
2619 3438 2870 3502 εὐκολίας
2890 3439 3226 3510 κατεδέχετο.
3243 3443 3357 3497 Kal

1774 3524 2109 3594 εὐλογήσω,
2145 3526 2298 3596 φησὶ,
2343 3526 2479 3594 τοὺς
2517 3527 2920 3598 εὐλογοῦντάς
2957 3547 3049 3594 σε,
3089 3531 3186 3584 καὶ
3215 3531 3359 3599 τοὺς

1777 3612 2230 3682 καταρωμένους
2254 3630 2327 3668 σε
2359 3614 2800 3685 καταράσομαιο
2838 3617 2936 3669 καὶ
2959 3617 3359 3687 ένευλογηθή-

1777 3712 1987 3754 σονται
2017 3701 2086 3753 ἐν
2123 3702 2220 3755 σοὶ
2243 3701 2432 3756 πᾶσαι
2455 3704 2514 3755 al
2539 3702 2725 3770 φυλαὶ
2756 3702 2867 3772 τῆς
2892 3703 3026 3773 γῆς.
3059 3707 3199 3776 Ὅρα
3219 3707 3357 3760 Θεοῦ

1779 3787 2205 3856 συγκατάϐασιν,
2249 3789 2344 3841 καὶ
2377 3788 2550 3858 πόσης
2595 3790 2744 3860 αὐτῷ
2786 3789 2968 3858 φιλίας
3001 3792 3242 3847 δείκνυσι
3268 3811 3358 3846 τε·

1779 3877 2035 3947 κμήριον.
2055 3875 2344 3941 Ἐκείνους,
2361 3878 2513 3948 φησὶ,
2528 3875 2713 3946 φίλους
2737 3880 3054 3951 ποιήσομαι,
3071 3883 3196 3946 τοὺς
3218 3882 3357 3950 πρὸς

1779 3964 1839 4017 σὲ
1863 3963 2100 4036 γνησίως
2125 3963 2521 4034 διακειμένους,
2559 3966 2655 4019 καὶ
2683 3967 2925 4031 ἐκείνους
2955 3968 3202 4043 ἐχθροὺς,
3231 3974 3357 4035 τούς

1777 4054 2034 4116 ἐναντίως
2056 4054 2192 4125 πρὸς
2229 4054 2287 4108 σὲ
2339 4053 2590 4126 ἔχοντας·
2626 4059 2758 4129 ὅπερ
2803 4059 2986 4129 σχεδὸν
3015 4061 3134 4114 οὐδὲ
3167 4062 3359 4127 παῖδες

1778 4142 1913 4214 πρὸς
1943 4143 2184 4215 πατέρας
2226 4142 2487 4209 ἐπιδεῖξαι
2533 4144 2834 4217 ἀνέχονται,
2879 4147 2938 4201 τὸ
2989 4149 3114 4213 τοὺς
3162 4151 3359 4217 αὐτοὺς

1778 4231 2048 4286 ποιεῖσθαι
2083 4232 2267 4297 αὐτοῖς
2302 4234 2394 4286 καὶ
2433 4234 2621 4303 φίλους
2669 4236 2763 4290 καὶ
2803 4237 3050 4310 ἐχθρούς.
3105 4240 3354 4313 Μεγίστη

1777 4315 1890 4387 οὖν,
1927 4321 2198 4392 ἀγαπητὲ,
2230 4323 2263 4394 ή
2305 4325 2435 4394 περὶ
2480 4324 2570 4377 τὸν
2615 4327 2960 4399 πατριάρχην
2981 4328 3074 4381 τοῦ
3098 4329 3232 4382 Θεοῦ
3271 4329 3360 4382 εὑ-

1779 4426 1917 4463 νοια.
1963 4408 2254 4473 Ἐκείνους,
2306 4411 2491 4482 φησὶν,
2529 4411 2812 4484 εὐλογήσω
2848 4417 2972 4480 τοὺς
3003 4417 3358 4485 εὐλογοῦντάς

1780 4515 1860 4564 σε,
1897 4498 1992 4552 καὶ
2020 4497 2260 4561 ἐκείνους
2291 4498 2618 4570 καταρῶμαι
2655 4502 2782 4565 τοὺς
2803 4505 3223 4575 καταρωμένους
3258 4524 3316 4560 σε
3338 4522 3357 4540 ο

1777 4587 1886 4640 Kal
1909 4583 2489 4655 ἐνευλογηθήσονται
2517 4587 2587 4640 ἐν
2608 4589 2706 4644 σοὶ
2735 4589 2926 4645 πᾶσαι
2947 4594 3006 4646 al
3034 4593 3220 4662 φυλαί
3248 4576 3361 4663 τῆς

1777 4673 1910 4744 τῆς.
1964 4674 2092 4728 Ἰδοὺ
2129 4675 2415 4746 προσθήκη
2457 4678 2550 4730 καὶ
2583 4678 2777 4749 ἐτέρας
2815 4680 3140 4753 φιλοτιμίας.
3179 4685 3359 4739 Πᾶσαι

1779 4761 1908 4832 γάρ,
1943 4761 2130 4833 φησὶν,
2153 4763 2209 4815 αί
2247 4762 2410 4832 φυλαὶ
2437 4764 2536 4835 τῆς
2557 4765 2662 4836 γῆς
2691 4767 2783 4818 ἐπὶ
2812 4766 2889 4838 τῷ
2920 4768 2999 4840 σῷ
3024 4770 3248 4842 όνόματι
3274 4773 3361 4825 ἐν·

1777 4850 2115 4919 εὐλογεῖσθαι
2153 4852 2533 4918 σπουδάσουσι,
2570 4855 2664 4908 καὶ
2695 4855 2801 4908 ἀπὸ
2827 4856 2925 4928 τῆς
2961 4859 3058 4928 σῆς
3086 4877 3358 4932 προσηγο-

1781 4940 1900 5011 ρίας
1928 4939 2225 5009 σεμνότερα
2249 4939 2317 4994 τὰ
2345 4939 2467 4994 καθ’
2494 4943 2720 5006 ἐαυτούς
2747 4943 3267 5015 ὲγκαταστὴσουσιν.

1848 5027 1910 5083 ε’.
1929 5028 2246 5094 Ἠκούσατε,
2262 5029 2553 5100 ἀγαπητοὶ,
2567 5025 2654 5085 οἷα
2671 5031 2932 5097 ἐπέταξεν
2946 5035 2974 5085 ό
2993 5037 3268 5108 Δεσπότης
3285 5038 3360 5108 τῷ

1777 5116 2051 5186 Χαλδαίῳ,
2076 5116 2153 5188 τῷ
2172 5118 2408 5189 γέροντι,
2438 5117 2516 5189 τῷ
2547 5124 2685 5190 μήτε
2712 5120 2877 5192 νόμον
2913 5122 3198 5190 ἐγνωκότι,
3221 5126 3360 5194 μήτε

1777 5205 2414 5276 προφήταιςνέντυχόντι,
2440 5208 2578 5278 μήτε
2614 5207 2808 5280 ἐτέρας
2836 5207 3184 5273 διδασκαλίας
3216 5213 3363 5278 τινὸς

1777 5292 2180 5358 ἀπολαύσαντι;
2205 5294 2388 5348 Είδετε
2419 5295 2542 5360 ὂσος
2563 5295 2673 5350 τῶν
2701 5299 3090 5368 ἐπιταγμάτων
3111 5300 3140 5352 6
3167 5299 3361 5368 όγκοςς

1778 5381 1895 5447 πῶς
1928 5381 2136 5454 ὑψηλῆς
2160 5400 2304 5447 τινος
2330 5384 2424 5438 καὶ
2456 5385 2713 5456 νεανικῆς
2739 5386 2994 5458 δεόμενος
3019 5387 3198 5459 ψυχῆς
3226 5389 3364 5459 πρὸς

1777 5471 1876 5542 τὴν
1925 5471 2130 5526 τούτων
2159 5473 2540 5546 ἐκπλήρωσινς
2581 5474 2815 5529 Βλέπετε
2870 5476 3056 5531 λοιπὸν
3113 5479 3202 5534 καὶ
3266 5479 3361 5531 τοῦ

1779 5560 2120 5632 πατριάρχου
2153 5561 2252 5634 τὴν
2286 5562 2725 5634 εὐγνωμοσύνην,
2756 5565 2903 5630 ὃπως
2931 5568 3065 5638 ἡμῖν
3099 5569 3130 5634 ἠ
3172 5568 3362 5639 Γραφὴ

1847 5701 1872 5729 ι
1894 5690 2048 5758 S‘avil,
2068 5693 2278 5758 σπουδὴν
2300 5693 2534 5758 ποιεῖσθαι
2569 5694 2839 5758 εἰσαχθῆναι
2871 5695 3011 5744 αὑτὸν
3036 5695 3100 5753 εἷς
3118 5697 3221 5752 τήν.
3257 5694 3360 5744 M0-

1776 5754 1873 5806 rel.
1902 5755 2116 5827 _8?.O'ul98‘l:v
2139 5757 2203 5812 είς
2221 5756 2321 5816 τήν.
2357 5756 2578 5817 Quatuor
2600 5754 2714 5807 ωδε.
2743 5759 2970 5817 ἰσωθῆναι
2997 5759 3138 5807 αὑτὸν
3163 5759 3227 5816 εἰς
3251 5759 3355 5816 τήν.
