3788 6250
417 285 522 341 239

420 401 663 473 φανεράν
702 402 872 473 αὐτὴν
919 403 1231 477 καθίστησι.
1287 405 1397 461 Καὶ
1455 407 1769 476 ἐπορεύθη,
1817 405 2002 477 φησὶν.

424 487 648 554 Ἀϐραμ
671 489 822 541 καθὰ
853 485 1160 555 ἐλάλησεν
1183 487 1342 554 αὐτῷ
1365 491 1581 558 Κύριος
1622 495 1655 544 ὁ
1700 493 1844 556 Θεός
1863 507 1875 519 '
1905 489 2005 543 καὶ

420 567 606 636 ᾤχετο
626 568 753 638 μετ’
771 568 957 623 αὐτοῦ
981 568 1129 624 Λώτ.
1150 573 1262 641 Οὐχ
1277 572 1463 636 ἁπλῶς
1483 570 1657 637 εἶπεν,
1685 575 2003 642 Ἑπορεύθη

423 655 659 720 Ἀϐραμ,
691 652 846 716 ἀλλά,
884 652 1166 724 Καθάπερ
1199 656 1509 723 ἐλάλησεν
1538 657 1698 722 αὐτῷ
1726 659 1941 724 Κύριος
1973 659 2006 710 ό

421 737 586 794 Θεόσ.
630 735 942 798 Ἀκόλουθα,
969 737 1124 808 φησὶ,
1157 737 1236 808 τῷ
1278 739 1615 808 ἐπιτάγματι
1662 739 1878 794 ἅπαντα
1922 741 2004 793 δι-

419 818 714 887 ἐπράξατο.
739 813 908 872 Εἶπεν
943 820 1156 888 ἀφεῖναι
1183 822 1378 885 πάντα,
1413 823 1506 874 καὶ
1542 824 1881 890 συγγένειαν,
1911 824 2007 877 καὶ

417 896 565 954 οἶκον
593 919 606 932 ⁸
651 903 746 954 καὶ
788 903 1023 973 ἀφῆκεν.
1060 900 1225 958 Εἶπεν
1274 905 1447 958 ἐλθεῖν
1498 907 1576 968 εἰς
1619 907 1742 978 γῆν,
1792 907 1859 977 ἣν
1906 905 2006 959 οὐκ

417 985 532 1056 ᾔδει
557 1004 569 1016 ο
606 985 952 1052 κατεδέξατο.
996 988 1396 1058 Ἐπηγγείλατο
1438 991 1685 1060 ποιήσειν
1727 991 1807 1052 εἰς
1855 989 2008 1053 ἔθνος

421 1068 585 1138 μέγα,
639 1069 734 1120 καὶ
791 1068 1153 1139 εὐλογήσειν·
1208 1071 1532 1124 ἐπίστευσεν
1581 1073 1664 1125 ὅτι
1716 1073 1863 1125 ἔσται
1914 1071 2006 1124 καὶ

414 1153 593 1206 τοῦτο.
639 1152 752 1205 Ka1
791 1151 1043 1224 καθάπερ
1074 1153 1333 1225 ἐλάλησεν
1367 1155 1517 1226 αὐτῷ
1550 1155 1754 1226 Κύριος
1787 1156 1816 1208 6
1851 1155 2004 1218 Θεὸς,

416 1233 590 1300 οὕτως
621 1235 920 1307 ἐπορεύθη·
947 1237 1067 1290 ἀντὶ
1103 1236 1217 1296 τοῦ,
1255 1237 1544 1291 ἐπίστευσε
1585 1243 1700 1303 τοῖς
1731 1239 1881 1311 παρά
1910 1237 2004 1292 τοῦ

415 1319 551 1373 Θεοῦ
601 1319 865 1390 ῥηθεῖσιν,
901 1319 1050 1371 οὐδὲν
1107 1319 1414 1384 ἐνδοιάσας,
1465 1321 1585 1374 οὐδέ
1628 1321 2002 1390 ἀμφιϐάλλων,

419 1402 535 1456 ἀλλ’
551 1402 954 1472 ἐστηριγμένην
973 1401 1112 1470 ἔχων
1134 1400 1232 1472 τὴν
1255 1401 1493 1456 διάνοιαν
1509 1404 1603 1455 καὶ
1623 1403 1710 1456 τὸν
1727 1403 2001 1473 λογισμὸν,

417 1483 590 1549 οὕτως
625 1485 927 1556 ἐπορεύθη·
965 1485 1046 1537 διὸ
1091 1485 1184 1538 καὶ
1223 1485 1424 1555 πολλῆς
1466 1487 1678 1552 εὐνοίας
1713 1486 1863 1559 [512]
1899 1487 2007 1539 ἀπ-

417 1569 620 1642 ⁴ηλαυσε
662 1567 812 1642 παρά
858 1567 950 1621 τοῦ
996 1568 1289 1622 Δεσπότου.
1326 1570 1434 1624 Καὶ
1465 1568 1670 1638 ᾤχετο,
1712 1570 1865 1640 φησὶ,
1907 1571 2007 1624 καὶ

420 1653 549 1710 Λὼτ
576 1655 704 1723 μετ’
750 1653 956 1706 αὐτοῦ.
988 1651 1146 1715 Τίνος
1185 1653 1404 1716 ἐνεκεν,
1441 1655 1686 1717 εἰπόντος
1716 1652 1809 1707 τοῦ
1847 1653 2002 1720 Θεοῦ,

422 1738 675 1803 Ἔξελθε
699 1737 767 1790 ἐκ
793 1735 904 1803 τῆς
947 1734 1062 1805 γῆς
1095 1751 1234 1801 σου,
1268 1737 1366 1790 καὶ
1403 1737 1472 1790 ἐκ
1515 1735 1628 1805 τῆς
1653 1737 2006 1808 συγγενείας

415 1835 555 1882 σου,
591 1819 689 1873 καὶ
743 1819 812 1872 ἐκ
855 1818 963 1872 τοῦ
1000 1818 1171 1872 οῖκου
1209 1819 1316 1872 τοῦ
1363 1819 1586 1887 πατρός
1633 1837 1768 1884 σου,
1819 1819 2005 1873 τοῦτον

415 1904 749 1973 ἐπεφέρετο;
783 1903 919 1973 Οὐχί
947 1902 1275 1972 παρακούων
1297 1902 1391 1957 τοῦ
1417 1903 1709 1967 Δεσπότου,
1728 1903 1842 1957 ἀλλ’
1875 1905 2005 1968 ἴσως

415 1988 601 2058 ἐπειδὴ
629 1988 747 2050 νέος
773 1982 862 2056 ἦν,
905 1989 1000 2040 καὶ
1034 1987 1240 2059 πατρὸς
1273 1985 1457 2059 χώραν
1488 1987 1640 2056 αὐτῷ
1669 1989 1872 2058 ἐπεῖχε,
1907 1988 2008 2041 κά-

416 2075 592 2134 κεῖνος
624 2070 711 2123 διὰ
745 2070 1150 2142 φιλοστοργίαν,
1183 2071 1278 2124 καὶ
1306 2071 1405 2141 τὴν
1443 2069 1554 2122 τῶν
1579 2071 1795 2141 τρόπων
1832 2069 2005 2123 57:15!-

416 2172 590 2216 κειαν,
605 2153 1077 2216 δασαποσπάστως
1097 2149 1210 2222 εἶχε
1233 2153 1325 2206 τοῦ
1348 2153 1576 2217 δικαίου,
1591 2152 1794 2223 ταύτης
1820 2153 2004 2209 ἕνεκεν

415 2240 513 2308 τῆς
543 2238 721 2298 αἰτίας
749 2237 850 2288 οὐκ
878 2235 1128 2305 ἀνέχεται
1168 2235 1330 2288 αὐτὸν
1359 2234 1695 2289 καταλιπεῖν.
1724 2235 1922 2289 Λοιπὸν
1949 2236 2005 2290 δέ

417 2325 512 2376 καὶ
555 2324 612 2376 ἐν
652 2320 803 2385 τάξει
834 2319 1022 2382 παιδος
1053 2319 1213 2372 αὐτὸν
1253 2313 1398 2388 εἶχεν
1419 2359 1432 2382 ,
1460 2319 1519 2370 ἐν
1562 2317 1750 2388 ἡλικίᾳ.
1780 2317 2004 2390 τοιαύτῃ

416 2407 614 2470 παῖδας
643 2406 784 2474 ἔχειν
820 2403 894 2475 μὴ
932 2403 1180 2472 δυνηθεὶς
1207 2402 1296 2454 διά
1317 2402 1416 2472 τὴν
1441 2401 1540 2471 τῆς
1575 2401 1754 2472 Σάρας
1785 2401 2004 2471 στείρωσ

418 2510 523 2546 σιν.
552 2491 761 2553 Ἄλλως
786 2491 842 2543 δέ
873 2488 968 2540 καὶ
993 2489 1020 2540 ὁ
1050 2487 1250 2557 τρόπος
1280 2485 1372 2539 τοῦ
1402 2485 1522 2538 νέου
1554 2485 1614 2538 οὐ
1650 2486 1784 2538 πολὺ
1816 2486 2003 2539 ἀπέδει

415 2575 510 2630 τοῦ
540 2574 773 2628 δικαίου.
793 2572 934 2624 Αὐτὸ
957 2570 1068 2640 γάρ
1096 2569 1254 2622 τοῦτο
1277 2569 1357 2632 10,
1386 2569 1764 2640 προκειμένων
1784 2570 1892 2623 τῶν
1911 2570 2004 2623 δύο

415 2659 690 2729 ἀδελφῶν,
723 2657 1048 2728 προσνεῖμαι
1089 2653 1278 2707 ἑαυτὸν
1317 2654 1395 2724 τῷ
1436 2653 1663 2725 δικαίῳ,
1715 2653 1891 2726 πόσης
1935 2649 2004 2725 ἦν

381 2793 396 2802 ,
418 2745 706 2806 συνέσεως,
739 2741 800 2794 τὸ
827 2740 1100 2810 διακρῖναι
1135 2740 1228 2791 καί
1256 2738 1547 2808 δοκιμάσαι
1573 2739 1678 2792 τίνι
1709 2737 1817 2792 τῶν
1845 2738 2004 2792 θείων

413 2829 521 2882 δέοι
555 2827 623 2879 τά
657 2824 779 2879 καθ’
825 2824 1015 2877 ἑαυτὸν
1050 2823 1378 2894 ἐπιτρέψαι;
1421 2823 1530 2876 K61
1566 2822 1625 2876 10
1655 2822 1866 2876 ἑλέσθαι
1905 2824 2004 2894 τὴν

414 2911 745 2981 ἀποδημίαν.
786 2908 880 2961 καὶ
912 2906 1041 2959 αὐτὸ
1087 2907 1247 2961 πάλιν
1283 2907 1480 2977 δεῖγμα
1522 2907 1623 2976 τῆς
1655 2909 1763 2960 τῶν
1788 2908 2003 2979 τρόπων

414 2991 482 3067 ἦν
517 2993 894 3064 κοσμιότητος.
945 2992 1007 3044 Εἰ
1049 2990 1158 3063 γὰρ
1196 2992 1288 3046 καὶ
1335 2993 1394 3045 τὸ
1429 2991 1734 3045 τελευταῖον
1774 2992 1832 3044 ἐν
1862 3009 2004 3046 τισιν

415 3079 561 3144 ἔδοξε
582 3076 994 3148 διαμαρτάνειν,
1019 3075 1180 3146 ἡνίκα
1199 3078 1310 3137 τοῖς
1331 3077 1620 3146 πρωτείοις
1638 3077 2000 3147 ἐπεπήδησεν,

417 3161 534 3214 ἀλλ’
566 3163 716 3231 ὅμως
743 3159 865 3214 κατ’
897 3160 1041 3228 ἴχνος
1070 3159 1164 3210 τοῦ
1203 3158 1412 3211 δικαίου
1447 3157 1744 3223 ἐσπούδαζε
1778 3159 2003 3231 πορεύε-

417 3245 563 3298 σθαι.
597 3247 706 3297 Καὶ
731 3243 820 3297 διὰ
849 3243 1007 3295 τοῦτο
1045 3243 1135 3294 καί
1156 3243 1183 3294 6
1209 3241 1414 3305 δίκαιος
1446 3241 1700 3296 κοινωνὸν
1733 3242 2003 3313 ἐλάμϐανε

415 3329 514 3400 τῆς
541 3328 870 3398 ὁδοιπορίας,
903 3327 1151 3388 κάκεῖνος
1195 3325 1333 3395 μετά
1372 3324 1682 3396 προθυμίας
1727 3327 1824 3395 τῆς
1866 3326 2002 3379 οἴκοι

415 3412 698 3482 διατριϐῆς
724 3411 824 3482 τὴν
855 3410 1010 3479 ξένην
1044 3409 1431 3480 προετίμησεν.
1462 3405 1592 3464 Εἶτα
1630 3410 1714 3462 ἵνα
1744 3410 2004 3481 μάθωμεν

417 3497 498 3549 ὅτι
535 3497 596 3550 οὐ
624 3495 890 3564 νεανίσκῳ
917 3493 1031 3546 δντι
1059 3492 1138 3562 τῷ
1167 3493 1482 3564 πατριάρχῃ
1518 3493 1692 3546 ταῦτα
1711 3494 2003 3546 ἐπέταττεν

415 3583 444 3633 6
465 3580 765 3650 Δεσπότης,
796 3578 908 3632 ἀλλ’
948 3577 1048 3648 ἤδη
1083 3577 1217 3647 πρὸς
1247 3577 1424 3648 γῆρας
1454 3576 1752 3642 ἐλαύνοντι,
1792 3577 1880 3630 ὅτε
1909 3578 2004 3632 καὶ

415 3665 777 3736 ὀκνηρότερον
813 3663 1000 3716 λοιπὸν
1039 3664 1087 3714 οἱ
1123 3661 1340 3724 πλείους
1381 3662 1490 3714 τῶν
1532 3661 1834 3733 ἀνθρώπων
1866 3663 2003 3735 πρὸς

415 3749 513 3812 τὰς
537 3748 850 3819 ἀποδημίας
869 3747 1190 3809 διάκεινται,
1212 3746 1377 3816 φησίν
1395 3763 1408 3776 ·
1433 3747 1647 3815 Ἃϐραμ
1667 3746 1735 3799 δὲ
1755 3743 1832 3818 ἦν
1852 3746 2002 3800 ἐτῶν

414 3833 821 3903 ἐϐδομήκοντα
849 3833 1048 3894 πέντε,
1072 3830 1169 3883 ὅτε
1194 3827 1453 3898 ἐξῆλθεν
1471 3831 1539 3883 ἐκ
1562 3829 1820 3898 Χαρῤάν.
1850 3828 2002 3894 Εἶδες

415 3921 534 3983 πῶς
571 3918 695 3973 0515
727 3921 760 3989 ἡ
806 3917 1022 3988 ἡλικία,
1055 3917 1181 3970 0515
1223 3915 1407 3986 ἕτερόν
1442 3934 1495 3968 τι
1539 3915 1646 3968 τῶν
1687 3917 2001 3986 δυναμένων

413 4004 576 4057 αὐτὸν
617 4001 1028 4055 ἐπισπάσασθαι
1061 4000 1195 4069 πρὸς
1223 3998 1321 4070 τὴν
1355 4001 1494 4052 οἴκοι
1542 4001 1864 4072 παραμονὴν
1893 4001 2001 4054 κὼ-

417 4091 562 4158 λυμα
591 4087 737 4156 αὐτῷ
776 4087 1020 4154 γέγονεν,
1052 4085 1190 4138 ἀλλά
1225 4086 1440 4138 πάντων
1481 4084 1752 4158 ἀνώτερος
1786 4087 2002 4155 ἐγένετο

416 4171 552 4226 ότοῦ
570 4171 704 4223 Θεοῦ
731 4170 1092 4233 πόθος.’⁷οταν
1121 4171 1282 4241 γάρὴ
1311 4167 1457 4240 ψυχὴ
1482 4169 1881 4242 διεγηγερμένη
1906 4173 2000 4226 καί

417 4257 662 4326 νήφουσα
691 4250 746 4328 ᾖ,
792 4255 970 4308 πάντα
1003 4254 1282 4324 διατέμνει
1330 4254 1396 4306 τά
1429 4253 1747 4324 κωλύματα,
1782 4256 1877 4308 καὶ
1903 4256 1996 4328 ὅλη

415 4339 627 4406 γίνεται
650 4339 743 4392 τοῦ
774 4337 1128 4408 ποθουμένου,
1153 4337 1248 4390 καὶ
1277 4337 1366 4390 ὐπ’
1391 4336 1601 4400 οὐδενὸς
1623 4337 1731 4390 τῶν
1761 4339 1818 4390 ἐν
1851 4339 2000 4409 μέσῳ

417 4423 756 4493 φαινομένων
779 4422 1056 4494 δυσχερῶν
1076 4421 1445 4486 διακόπτεται,
1466 4421 1600 4474 ἀλλά
1621 4423 1796 4475 πάντα
1822 4441 2000 4492 παρα-

415 4509 623 4578 τρέχει,
652 4507 746 4560 καὶ
775 4506 834 4560 οὐ
869 4507 1132 4577 πρότερον
1162 4506 1400 4569 ἵσταται,
1440 4507 1634 4578 μέχρις
1670 4506 1736 4561 ἂν
1769 4508 1998 4582 ἐπιτύχῃ

413 4591 509 4644 τοῦ
539 4590 1116 4661 σπουδαζομένου.Διά
1136 4606 1217 4641 τοι
1240 4589 1398 4642 τοῦτο
1430 4591 1519 4642 καὶ
1549 4593 1576 4643 6
1599 4589 1806 4655 δίκαιος
1822 4586 1995 4656 οὗτος,

415 4675 511 4728 καί.
541 4673 646 4727 ὐπὸ
675 4673 765 4727 τοῦ
796 4675 982 4744 γήρως
1012 4673 1105 4726 καί
1138 4672 1244 4725 ὐπὸ
1279 4671 1481 4738 ἐτέρων
1509 4673 1769 4729 πλειόνων
1796 4674 2000 4728 κωλύε-

415 4759 540 4814 σθαι
564 4759 882 4829 δυνάμενος,
907 4757 1085 4811 πάντα
1113 4756 1414 4828 διαρρήξας
1437 4757 1505 4810 τά
1525 4759 1719 4828 δεσμὰ,
1747 4759 1998 4831 καθάπερ

412 4843 533 4905 νέος
564 4843 658 4895 καί
690 4841 958 4912 σφριγῶν,
993 4841 1088 4894 καὶ
1120 4840 1226 4893 ὑπὸ
1259 4839 1485 4910 μηδενὸς
1521 4840 1881 4911 κωλυόμενος,
1915 4843 1999 4896 05-

411 4945 519 4990 τως
543 4925 768 4979 ἔσπευδε
799 4928 893 4979 καί¹
921 4927 1179 4995 ἠπείγετο
1219 4927 1298 4987 εἰς
1335 4924 1492 4994 ἔργον
1523 4927 1747 4992 ἀγαγεῖν
1779 4927 1873 4979 τοῦ
1909 4929 2002 4980 Δε-

414 5010 613 5063 σπότου
631 5010 692 5062 10
715 5010 1016 5080 ἐπίταγμα.
1037 5008 1169 5061 Οὐδέ
1191 5008 1300 5079 γάρ
1318 5001 1428 5060 οἷόν
1446 5005 1507 5059 τέ
1532 5025 1658 5060 ποτε
1675 5006 1997 5079 βουληθέντα

411 5097 533 5150 τινὰ
561 5095 808 5165 γενναῖόν
836 5115 887 5150 τι
930 5096 1024 5150 καὶ
1075 5095 1317 5166 ἀνδρεῖον
1371 5094 1762 5159 ἐπιδείξασθαι,
1797 5096 1999 5167 ἑτέρως

409 5182 570 5236 τοῦτο
604 5185 684 5248 εἰς
735 5183 894 5255 ἔργον
929 5185 1190 5252 ἀγαγεῖν,
1233 5182 1308 5253 μὴ
1353 5183 1614 5254 πρότερον
1649 5183 1813 5237 αὐτὸν
1863 5185 1998 5255 πρὸς

410 5273 628 5327 ἅπαντα
653 5272 722 5326 16
767 5271 1030 5344 μέλλοντα
1063 5269 1212 5341 αὐτῷ
1244 5270 1380 5342 πρὸς
1413 5270 1508 5341 τὴν
1538 5274 1792 5341 τοιαύτην
1819 5273 1997 5343 ἐγχεί-

412 5379 570 5431 ρησιν
601 5361 856 5429 ἐμποδὼν
887 5361 1140 5415 ἵστασθαι
1191 5358 1673 5430 παραταξάμενον.
1721 5361 1892 5414 Τοῦτο
1932 5362 1996 5434 δὴ

415 5447 600 5515 σαφῶς
621 5448 715 5502 καὶ
741 5450 770 5500 6
792 5448 997 5512 δίκαιος
1019 5443 1172 5512 οὗτος
1199 5447 1581 5512 ἐπιστάμενος,
1607 5449 1781 5502 πάντα
1813 5467 1994 5521 παρα-

407 5534 654 5604 δραμὼν,
690 5535 780 5588 καὶ
809 5537 945 5607 μήτε
972 5536 1284 5607 συνήθειαν,
1319 5537 1457 5606 μήτε
1493 5535 1830 5604 συγγένειαν,
1857 5540 1994 5606 μήτε

409 5623 587 5677 οἰκίαν
627 5624 920 5694 πατρικὴν,
963 5625 1098 5695 μήτε
1151 5625 1352 5694 τάφον,
1391 5626 1528 5696 μήτε
1560 5625 1618 5677 10
1660 5628 1834 5695 γῆρας
1865 5628 1995 5679 αὐτὸ

409 5710 782 5781 λογισάμενος,
807 5713 887 5775 εἰς
912 5713 1086 5765 ἐκεῖνο
1137 5713 1295 5781 μόνον
1327 5712 1526 5765 ἔτεινεν
1558 5713 1724 5766 αὐτοῦ
1761 5713 1858 5784 τὴν
1891 5715 1995 5770 διά-

409 5817 578 5864 νοιαν,
611 5801 760 5866 ὅπως
791 5800 994 5871 δυνηθῇ
1034 5801 1322 5870 πληρῶσαι
1365 5801 1423 5853 10
1470 5802 1812 5871 προσταχθὲν
1846 5805 1994 5874 παρὰ

409 5889 502 5942 τοῦ
529 5889 820 5943 Δεσπότου.
843 5890 952 5942 Καὶ
988 5883 1056 5959 ἦν
1086 5888 1212 5940 ἰδεῖν
1239 5890 1469 5957 πρᾶγμα
1497 5887 1692 5940 πολλοῦ
1718 5889 1992 5958 θαύματος

412 5977 598 6047 γέμον.
633 5975 919 6046 ἄνθρωπον
954 5976 1008 6030 ἐν
1043 5975 1189 6047 γήρᾳ
1218 5971 1499 6045 βαθυτάτῳ
1540 5975 1677 6044 μετὰ
1717 5978 1986 6042 γυναικὸς,

1109 291 1168 346 8.
1197 289 1484 348 JOANNIS
1520 285 2006 345 CHRYSOSTOMI
2045 283 2365 343 ARCIIIEP.
2405 286 2957 346 CONSTANTINOP.

3529 342 3535 347 .
3596 287 3712 342 9.90

2115 404 2208 457 καὶ
2229 404 2400 474 αὐτῆς
2423 403 2827 476 προϐεϐηκυίας
2859 403 3066 470 λοιπόν,
3091 404 3186 458 καὶ
3213 403 3446 475 πλήθους
3471 404 3714 458 οίκετιτιν

2119 487 2600 557 μετανιστάμενον,
2643 488 2736 541 καὶ
2775 489 2896 541 οὐδὲ
2939 489 3071 541 ὅπου
3117 487 3269 558 λήξει
3301 487 3449 557 αὐτῷ
3485 487 3558 539 τὰ
3603 489 3716 552 1?:

2115 571 2323 641 πλάνης
2362 569 2562 624 εἰδότα.
2607 571 2670 622 Εἰ
2696 570 2752 623 δέ
2781 588 2864 634 τις
2895 571 3115 624 κάκεῖνο
3143 571 3376 634 συνετῶς
3400 571 3484 635 λογ
3503 571 3717 630 ίσαι-ο,

2117 653 2257 724 πόση
2304 655 2424 706 κατ’
2454 655 2660 706 ἐκεῖνον
2699 654 2791 707 10v
2835 654 3027 725 καιρὸν
3061 655 3194 708 ὁδῶν
3229 657 3262 722 ή
3303 653 3564 708 δυσκολία
3598 649 3713 722 ἦν’

2119 737 2241 789 οὐδὲ
2271 735 2560 808 [5151γάρ
2589 736 2841 808 καθάπερ
2871 738 2967 790 νῦν
3004 738 3143 808 μετά
3183 738 3366 802 ἀδείας
3411 737 3542 805 ἐξῆν
3593 737 3716 788 ἐπι-

2117 819 2404 889 μίγνυσθαί
2435 837 2582 882 τισι,
2617 821 2712 874 καὶ
2755 819 2927 884 οὕτως
2960 821 3198 885 εὐκόλως
3241 823 3338 885 16;
3386 819 3715 887 ἀποδημίας

2114 903 2403 971 ποιεῖσθαι,
2435 905 2535 973 1?};
2560 905 2734 977 ἀρχῆς
2761 905 2900 958 κατά
2929 905 3128 968 τόπους
3152 903 3316 973 οὐσης
3335 905 3494 974 διῃρη
3505 903 3709 973 μένης,

2115 989 2208 1041 καί
2229 988 2690 1058 ἀναγκαζομένων
2709 987 2815 1040 τῶν
2830 987 3172 1041 διοδευόντων
3199 987 3304 1040 67:0
3324 988 3600 1057 ἀρχόντων
3624 986 3713 1046 εἰς

2115 1071 2383 1141 ἄρχοντας
2424 1072 2773 1142 μεταπηδᾷν,
2807 1073 2902 1126 καὶ⁸
2935 1071 3056 1125 καθ’
3104 1073 3340 1141 ἐκάστην
3372 1071 3560 1140 σχεδὸν
3594 1069 3712 1124 67:0

2118 1155 2392 1225 βασιλείας
2413 1157 2492 1216 εἰς
2515 1155 2792 1225 βασιλείαν
2821 1156 3164 1227 μεταϐαίνειν
3188 1173 3200 1186 °
3224 1157 3316 1210 καὶ
3340 1155 3497 1208 τοῦτο
3522 1155 3711 1206 τοίνυν

2120 1238 2300 1292 ἰκανὸν
2326 1235 2394 1308 ἦν
2425 1237 2652 1309 κώλυμα
2679 1239 2756 1309 τῷ
2785 1239 2998 1309 δικαίῳ,
3024 1241 3138 1308 εἴγε
3173 1239 3246 1310 μὴ
3273 1239 3440 1291 πολὺν
3473 1233 3587 1308 εἶχε
3610 1238 3711 1289 τὸν

2115 1323 2281 1375 πόθον
2319 1321 2414 1374 καὶ
2455 1321 2551 1391 τὴν
2597 1323 2661 1374 ἐκ
2707 1321 2801 1374 τοῦ
2852 1322 3223 1391 ἐπιτάγματος
3254 1323 3517 1390 ὑπακοήν.
3561 1321 3710 1374 Ἀλλ’

2115 1397 2288 1466 οὗτος,
2324 1404 2575 1474 καθάπερ
2597 1404 2860 1474 ἀράχνην,
2885 1405 3057 1458 ταῦτα
3093 1406 3268 1458 πάντα
3295 1405 3605 1468 διασπάσας
3634 1406 3709 1457 τά

2115 1487 2433 1557 κωλύματα,
2455 1489 2548 1541 καὶ
2575 1490 2640 1558 τῇ
2673 1487 2852 1539 πίστει
2871 1488 3165 1558 νευρωθείς
3185 1489 3275 1541 τὸν
3299 1488 3584 1558 λογισμὸν,
3611 1490 3711 1542 καὶ

2115 1571 2192 1640 τῷ
2220 1571 2488 1641 ἀξιώματι
2528 1569 2619 1624 τοῦ
2652 1569 3127 1641 ἐπαγγειλαμένου
3164 1571 3460 1635 πεποιθὼς,
3493 1573 3712 1639 ἥπτετο

2114 1653 2214 1722 1?};
2237 1653 2558 1724 ὁδοιπορίας.
2606 1654 2713 1707 Καὶ
2741 1655 2954 1715 ἔλαϐε,
2996 1653 3193 1725 φησὶν,
3241 1656 3456 1722 Ἀδραμ
3500 1655 3713 1723 Σάραν

2113 1737 2228 1805 τὴν
2254 1737 2509 1805 γυναῖκα
2537 1737 2743 1803 αὐτοῦ,
2778 1737 2878 1790 καὶ
2908 1738 3038 1792 Λὼτ
3065 1739 3174 1791 τὸν
3213 1741 3352 1792 υἱὸν
3381 1739 3488 1793 τοῦ
3523 1739 3710 1793 ἀδελ-

2113 1820 2231 1888 φοῦ
2267 1820 2473 1884 αὐτοῦ,
2506 1820 2602 1873 καὶ
2633 1818 2830 1873 πάντα
2862 1821 2934 1874 τὰ
2961 1820 3314 1890 ὑπάρχοντα
3346 1823 3565 1884 αὐτῶν,
3585 1823 3710 1877 ὅσα

2113 1904 2450 1971 ἐκτήσαντο
2471 1904 2542 1958 ἐν
2561 1904 2818 1973 Χαῤῥὰν,
2851 1905 2947 1960 καί
2975 1905 3195 1974 ἐξῆλθε
3218 1906 3588 1976 πορευθῆναι
3615 1911 3707 1973 εὶς

2117 1986 2234 2059 γῆν
2263 1987 2526 2042 Χαναάν.

2187 2078 2262 2136 ς’.
2287 2072 2429 2141 Ὅρα
2444 2070 2545 2141 τῆς
2563 2071 2783 2142 Γραφῆς
2801 2070 2898 2142 τὴν
2914 2072 3218 2144 ἀκρίϐειαν,
3244 2073 3359 2136 πῶς
3380 2075 3511 2144 ἡμῖν
3531 2073 3709 2127 ἀπαν-

2112 2171 2178 2207 τα
2207 2155 2495 2223 διηγεῖται,
2527 2153 2612 2206 ἵνα
2649 2152 2738 2206 διὰ
2764 2154 2978 2207 πάντων
3005 2156 3260 2226 μάθωμεν
3288 2156 3379 2208 τοῦ
3401 2155 3615 2209 δικαίου
3645 2157 3709 2210 10

2113 2237 2374 2307 φιλόθεον.
2416 2238 2526 2292 Καὶ
2573 2237 2770 2302 ἔλαϐε,
2819 2239 3003 2310 φησὶν,
3047 2239 3247 2306 Σάραν
3279 2239 3394 2307 τὴν
3442 2242 3709 2309 γυναῖκα

2112 2319 2318 2380 αὐτοῦ.
2349 2320 2444 2373 καὶ
2471 2319 2600 2374 Λὼτ
2629 2321 2737 2373 τὸν
2763 2324 2900 2375 υἱὸν
2929 2321 3035 2375 τοῦ
3065 2323 3330 2391 ἀδελφοῦ
3359 2323 3572 2384 αὑτοῦ,
3605 2324 3705 2375 καὶ

2112 2403 2309 2456 πάντα
2335 2404 2451 2457 ὅσα
2476 2403 2812 2468 ἐκτήσαντο
2835 2404 2904 2457 ἐν
2922 2405 3182 2472 Χαρῤάν.
3203 2408 3313 2474 Οὐχ
3339 2406 3524 2469 ἁπλῶς
3557 2401 3704 2464 εἷπε.

2112 2486 2316 2540 Πάντα
2346 2486 2464 2539 ὅσα
2490 2487 2823 2552 ἐκτήσαντο
2863 2487 2934 2540 ἐν
2963 2490 3221 2555 Χαρῤὰν,
3253 2489 3364 2540 ἀλλ’
3398 2490 3484 2541 ἵνα
3517 2491 3709 2558 μάθωο

2117 2586 2235 2638 μεν,
2263 2569 2344 2621 ὅτι
2372 2569 2524 2622 οὐδὲν
2566 2570 2672 2622 τῶν
2726 2569 2835 2622 67:0
2864 2569 2973 2623 τῶν
3014 2571 3291 2624 Χαλδαίων
3335 2573 3648 2640 ἐπηγάγετο
3679 2577 3709 2626 6

2113 2653 2482 2723 πατριάρχης,
2515 2653 2650 2706 ἀλλά
2675 2654 2892 2707 πάντων
2915 2655 3137 2708 ἐκείνων
3162 2656 3267 2708 τῶν
3303 2659 3572 2729 πατρῴων
3599 2679 3709 2712 πα-

2115 2738 2444 2808 ραχωρήσας
2471 2735 2550 2808 τῷ
2579 2737 2812 2807 ἀδελφῷ,
2840 2736 3012 2801 οὕτως
3040 2737 3184 2809 ἐξῄει
3208 2740 3387 2794 ἐκεῖνα
3419 2743 3555 2810 μόνα
3583 2745 3708 2796 ἐπι·

2114 2820 2441 2890 φερόμενος,
2471 2819 2570 2872 ὅσα
2601 2819 2681 2882 είς
2709 2819 2806 2890 τὴν
2840 2820 3062 2892 Χαρρὰν
3095 2823 3329 2893 ἠδυνήθη
3370 2825 3702 2895 κτήσασθαι.

2114 2905 2221 2956 Καὶ
2247 2903 2402 2955 τοῦτο
2423 2903 2480 2956 δὲ
2512 2902 2683 2955 ἐποίει
2701 2905 2728 2956 6
2755 2903 3052 2972 θαυμάσιος
3083 2897 3257 2971 οὗτος,
3282 2907 3403 2976 οὐχὶ
3425 2909 3556 2978 περί
3583 2910 3706 2962 πολ-

2112 2984 2202 3038 λοῦ
2233 2984 2552 3055 ποιούμενος
2581 2985 2772 3049 ταῦτα,
2808 2986 2926 3038 οὐδὲ
2949 2987 3025 3050 ὼς
3060 2987 3464 3058 φιλοχρίματος
3494 2993 3702 3059 τυγχά-

2114 3087 2241 3134 νων,
2271 3069 2384 3120 άλλ’
2411 3069 2498 3122 ἵνα
2527 3069 2692 3121 πᾶσιν
2720 3068 2817 3141 ἔχῃ
2846 3069 3118 3123 δεικνύναι
3143 3070 3230 3123 διά
3257 3071 3358 3140 1?};
3381 3075 3702 3142 περιουσίας

2113 3153 2277 3207 αὐτοῦ
2307 3151 2400 3205 τοῦ
2430 3151 2564 3204 Θεοῦ
2597 3151 2695 3223 τὴν
2730 3152 2858 3222 περί
2889 3152 3054 3206 αὐτὸν
3087 3155 3360 3224 πρόνοιαν.
3405 3157 3466 3209 ’0
3488 3156 3601 3228 γὰρ
3639 3159 3707 3211 ἐκ

2111 3237 2209 3306 τῆς
2238 3237 2520 3290 Χαλδαίων
2554 3235 2660 3305 γῆς
2703 3235 2864 3288 αὐτὸν
2898 3237 3243 3308 ἀναστήσας.
3283 3239 3374 3292 καὶ
3421 3240 3586 3293 πάλιν
3616 3245 3705 3294 ἐν-

2111 3319 2298 3371 τεῦθεν
2329 3319 2738 3389 μετοικισθῆναι
2775 3319 3103 3390 προστάξας,
3138 3321 3298 3384 αυτὸς
3327 3317 3394 3392 ἦν
3420 3325 3449 3375 6
3478 3324 3574 3376 καὶ
3605 3326 3706 3394 τὴν

2114 3403 2432 3474 περιουσίαν
2469 3401 2620 3472 αὐτῷ
2671 3401 2851 3466 αὐξων
2905 3402 2989 3471 ἐφ’
3043 3404 3278 3474 ἑκάστης
3302 3445 3315 3465 ,
3347 3407 3439 3458 καὶ
3479 3407 3707 3461 ἃπασαν

2111 3487 2397 3540 δυσκολίαν
2425 3486 2665 3554 ἀναιρῶν
2689 3500 2704 3514 °
2735 3485 2874 3540 ὥστε
2905 3487 3001 3540 καὶ
3030 3487 3185 3540 τοῦτο
3211 3489 3340 3541 αὐτὸ
3374 3489 3577 3560 δεῖγμα
3608 3494 3707 3563 τῆς

2113 3567 2356 3638 φιλοθέου
2390 3569 2555 3623 αὐτοῦ
2589 3568 2816 3639 γνώμης
2859 3569 3142 3640 ἐτύγχανε,
3172 3572 3406 3626 τοσαῦτα
3443 3577 3704 3646 ἐπιφερό-

2115 3669 2293 3723 μενον,
2321 3651 2460 3705 οὐτω
2489 3651 2576 3704 616
2601 3653 2782 3723 πάσης
2828 3653 2962 3708 ίέναι
2987 3655 3083 3724 τῆς
3113 3654 3252 3708 όδοῦ.
3283 3657 3556 3721 ’Ἕκαστος
3595 3660 3703 3728 γὰρ

2110 3733 2219 3786 τῶν
2244 3733 2492 3806 ὁρώντων
2527 3734 2752 3798 εἰκότως
2783 3735 2881 3803 τὴν
2919 3736 3097 3790 αἰτίαν
3128 3739 3416 3807 μανθάνειν
3449 3739 3704 3793 ἐϐούλετο

2111 3818 2208 3886 τῆς
2237 3817 2331 3871 τοῦ
2373 3817 2583 3870 δικαίου
2614 3818 2942 3890 ἀποδημίας.
2979 3813 3112 3872 Εἶτα
3159 3821 3586 3892 πυνθανόμενος,
3620 3825 3702 3876 ὅτι

2109 3900 2204 3954 τοῦ
2235 3900 2369 3955 Θεοῦ
2415 3900 2767 3964 κελεύσαντος
2798 3903 2891 3955 ἐπὶ
2930 3903 3029 3973 τὴν
3073 3903 3357 3975 ἀλλοτρίαν
3385 3907 3700 3974 μεθίστατο,

2109 3984 2177 4037 τά
2202 3985 2378 4038 οἰκεῖα
2401 3983 2736 4048 καταλιπὼν,
2754 3984 2819 4037 δι’
2838 3985 3017 4039 αὐτῶν
3041 3987 3148 4039 τῶν
3171 3987 3347 4058 ἔργων
3366 3989 3699 4054 ἐδιδάσκετο,

2110 4067 2325 4137 καὶτῆς
2348 4085 2407 4120 τε
2433 4068 2681 4136 ὑπακοῆς
2701 4067 2794 4120 105
2815 4067 3025 4122 δικαίου
3048 4069 3108 4122 10
3133 4071 3379 4138 φιλόθεον
3400 4074 3698 4142 ἐμάνθανε,

2109 4153 2204 4205 καὶ
2227 4154 2326 4222 τῆς
2348 4151 2476 4222 περὶ
2503 4151 2664 4203 αὐτὸν
2692 4152 2948 4223 προνοίας
2967 4153 3061 4206 τοῦ
3080 4153 3214 4207 Θεοῦ
3239 4156 3339 4225 τὴν
3366 4157 3696 4227 ὑπερϐολήν.

2109 4237 2218 4290 Καὶ
2258 4235 2499 4304 ἐξῆλθε,
2533 4235 2686 4304 φησί,
2733 4235 3100 4304 πορευθῆναι
3147 4239 3233 4303 εὶς
3272 4238 3389 4308 γῆν
3430 4242 3698 4294 Χαναιὶν.

2109 4322 2279 4376 Πόθεν
2302 4321 2439 4392 ᾔδει,
2471 4321 2552 4374 ὅτι
2576 4322 2655 4384 εἰς
2681 4321 2780 4392 τὴν
2805 4323 3123 4376 Χαναναίων
3150 4323 3252 4394 γῆν
3277 4323 3430 4392 λήξει
3459 4326 3613 4396 αὐτῷ
3635 4328 3700 4378 τὰ

2109 4405 2209 4474 1?};
2240 4404 2569 4475 ἀποδημίας.
2604 4404 2779 4458 καίτοι
2812 4404 2904 4458 τοῦ
2938 4406 3310 4472 ἐπιτάγματος
3342 4407 3514 4469 οὕτως
3550 4410 3696 4477 ἔχον·

2108 4501 2220 4546 τος,
2273 4484 2353 4535 ὅτι
2401 4483 2584 4550 Δεῦρο
2617 4486 2705 4550 εὶς
2747 4482 2862 4550 τὴν
2913 4483 3051 4552 γῆν,
3091 4484 3172 4551 ἢν
3221 4484 3298 4537 ἄν
3341 4503 3441 4538 σοι
3490 4487 3698 4552 δείξω

2113 4567 2275 4628 Ἴσως
2303 4567 2331 4618 6
2373 4565 2505 4628 Θεὸς
2544 4565 2694 4636 αὐτῷ
2741 4566 3024 4619 καὶτοῦτο
3071 4568 3362 4637 ἐμήνυσεν,
3405 4569 3694 4636 ὑποδείξας

2108 4648 2273 4703 αὐτοῦ
2309 4649 2374 4719 τῇ
2405 4647 2616 4721 διανοίᾳ
2637 4647 2735 4719 τὴν
2765 4649 2887 4720 γῆν,
2910 4651 2991 4713 είς
3023 4650 3091 4719 ἣν
3129 4649 3378 4703 ἐϐούλετο
3403 4652 3572 4704 αὐτὸν
3600 4670 3696 4705 κα-

2106 4731 2392 4798 ταστῆσαι.
2445 4730 2543 4783 Διά
2595 4732 2703 4803 γάρ
2741 4731 2934 4796 τοῦτο,
2967 4733 3130 4802 ἡνίκα
3181 4732 3330 4801 αὐτῷ
3364 4735 3692 4794 ἐπέταττεν,

2107 4815 2428 4886 ἀδιορίστως
2441 4815 2614 4883 έλεγε,
2635 4815 2815 4883 Δεῦρο
2828 4818 2912 4881 είς
2928 4815 3042 4884 τὴν
3057 4816 3174 4885 γῆν
3192 4817 3269 4884 ἣν
3282 4818 3361 4870 ἄν
3375 4833 3477 4871 σοι
3496 4818 3694 4883 δείξω,

2107 4897 2192 4950 ἵνα
2247 4899 2378 4967 ἡμῖν
2423 4897 2702 4968 ἐκκαλύψῃ
2753 4897 2847 4951 τοῦ
2877 4899 3087 4952 δικαίου
3138 4899 3236 4970 τὴν
3284 4901 3508 4970 ἀρετήν.
3565 4898 3692 4954 Εἶτα

2105 4982 2292 5051 ἐπειδὴ
2331 4981 2398 5033 τά
2434 4983 2563 5052 παρ’
2595 4981 2787 5036 ἐαυτοῦ
2847 4983 2983 5052 μετά
3029 4983 3228 5055 πολλῆς
3273 4985 3371 5054 τῆς
3412 4985 3691 5053 δαψιλείας

2105 5065 2411 5132 εἰσήνεγκε,
2430 5065 2640 5133 ταχέως
2659 5066 2752 5118 καί
2775 5066 2936 5130 αὐτὸς
2963 5065 3058 5137 τὴν
3077 5068 3274 5134 γνῶσιν
3297 5068 3448 5137 αὐτῷ
3469 5069 3688 5140 ἐνέθηκε

2103 5148 2202 5217 τῆς
2231 5148 2357 5217 γῆς.
2390 5151 2470 5211 εἰς
2501 5149 2568 5219 ῆν
2609 5148 2861 5203 ἐϐούλετο
2901 5152 3064 5204 αὐτὸν
3087 5152 3183 5218 τὴν
3220 5151 3434 5221 οἴκησιν
3467 5157 3685 5225 ποιήσα-

2107 5229 2250 5283 σθαι.
2296 5230 2510 5301 Ἐπειδὴ
2550 5232 2658 5301 γὰρ
2688 5233 2942 5305 προεώρα
2979 5234 3079 5302 τῆς
3111 5235 3312 5306 ἀρετῆς
3358 5234 3454 5287 τοῦ
3485 5237 3685 5290 δικαίου

2104 5313 2166 5366 τὸ
2195 5314 2422 5382 μέγεθος
2445 5356 2458 5379 ,
2491 5313 2580 5367 διὰ
2625 5315 2782 5370 τοῦτο
2823 5317 2919 5370 καὶ
2956 5316 3167 5370 οἴκοθεν
3205 5317 3366 5370 αὐτὸν
3401 5319 3682 5389 ἀνέστησε,

2107 5399 2196 5450 καὶ
2225 5398 2346 5450 0515
2381 5399 2472 5450 10v
2506 5398 2732 5468 ἀδελφὸν
2762 5399 2946 5454 λαϐεῖν
2976 5400 3237 5466 ἐπέταξεν
3261 5441 3275 5462 ,
3312 5403 3505 5473 ἐπειδὴ
3535 5404 3681 5455 560:3-

2104 5481 2224 5534 λετο
2244 5482 2432 5537 τοῦτον
2458 5482 2772 5536 διδάσκαλον
2801 5483 2894 5538 νῦν
2926 5485 3023 5555 μὲν
3053 5488 3164 5548 τοῖς
3193 5485 3329 5537 κατά
3362 5487 3463 5556 τὴν
3494 5488 3682 5538 [1611:-

2107 5565 2290 5635 στίνην
2311 5568 2479 5618 ἂπασι
2510 5567 2784 5634 γενέσθαι,
2816 5569 2953 5640 μετὰ
2980 5567 3132 5640 [314]
3162 5568 3337 5639 βραχὺ
3369 5569 3427 5621 δέ
3463 5572 3555 5622 καὶ
3581 5573 3680 5632 τοῖς

2106 5646 2245 5698 κατά
2276 5648 2374 5718 τὴν
2399 5649 2687 5715 Αἴγυπτον.

2176 5726 2330 5792 Εἶδες
2357 5731 2472 5794 πῶς
2501 5731 2601 5785 οὐκ
2625 5734 2684 5784 ἐν
2727 5736 2791 5802 τῇ
2820 5734 2999 5802 φύσει,
3030 5734 3143 5787 ἀλλ’
3177 5735 3235 5787 ὲν
3265 5737 3331 5805 τῇ
3373 5736 3673 5806 προαιρέσει

2104 5817 2200 5883 τῆς
2232 5813 2456 5886 γνώμης
2489 5815 2588 5884 τῆς
2623 5817 2892 5887 ἡμετέρας
2923 5822 3094 5871 κεῖται
3123 5820 3214 5871 καί
3241 5819 3307 5870 τά
3339 5821 3438 5888 τῆς
3468 5820 3668 5889 ἀρετῆς.

2103 5897 2289 5952 καὶτὰ
2336 5900 2433 5968 1?};
2485 5902 2714 5964 κακίας;
2763 5903 2890 5955 Ἰδοὺ
2931 5905 3038 5976 γάρ
3079 5905 3217 5957 κατὰ
3259 5903 3359 5974 μὲν
3400 5903 3499 5972 τὴν
3527 5906 3667 5968 φύσιν

2100 5981 2318 6052 ἀδελφοί
2356 5983 2644 6054 ἐτύγχανον
2681 5986 2706 6038 ὅ
2742 6002 2798 6038 τε
2855 5987 3219 6058 πατριάρχης,
3258 5988 3350 6039 καί
3399 5987 3426 6037 6
3460 5985 3660 6056 Νσχὼρρ
