3788 6252
19 276 111 331 ως

19 383 286 459 quomodo
310 381 467 437 nobis
492 394 611 437 eam
643 378 919 449 Scriptura
948 374 1266 431 manifestat.
1299 376 1352 429 4.
1386 372 1453 426 Et
1484 386 1605 441 pro-

19 484 171 545 fectus
202 484 299 541 est,
346 473 536 544 inquit,
568 471 776 538 Abram,
810 471 939 524 sicut
977 469 1210 538 loquutus
1246 476 1317 521 est
1346 467 1391 519 ei
1426 464 1609 518 Domi-

19 590 101 628 nus
132 571 298 637 Deus,
336 579 383 623 et
411 569 497 623 ivit
530 585 645 622 cum
685 584 743 621 eo
786 565 900 621 Lat.
943 564 1058 619 Non
1099 562 1413 632 simpliciter
1453 559 1607 624 dixit,

19 662 77 716 Et
103 666 366 732 profectus
391 670 461 714 est
482 659 710 713 Abram:
737 657 849 723 sed,
886 657 1032 712 Sicut
1058 654 1290 724 loquutus
1317 662 1387 707 est
1418 652 1463 706 ei
1499 650 1610 703 Do-

19 756 178 808 minus
215 753 376 808 Deus.
409 752 621 817 Omnia,
657 751 848 820 inquit,
890 748 1015 803 fecit
1044 761 1162 817 quae
1194 744 1261 799 ad
1286 752 1611 814 praeceptum

20 851 112 902 huc
137 847 501 918 pertinebant.
535 844 677 898 Dixit
696 851 753 896 ut
772 841 1099 911 relinqueret
1117 838 1315 899 omnia,
1341 846 1396 892 et
1417 848 1613 904 cogna-

20 944 213 997 tionem
244 950 303 996 et
328 941 577 1005 domum;
607 946 661 993 et
686 936 921 1006 reliquit.
955 934 1096 988 Dixit
1120 942 1179 987 ut
1206 932 1307 986 iret
1331 931 1383 983 in
1414 937 1612 984 terram

19 1049 168 1103 quam
197 1032 475 1087 nesciret:
514 1028 920 1098 obtemperavit.
964 1023 1216 1079 Promisit
1247 1023 1387 1076 Deus
1426 1034 1485 1075 se
1530 1016 1611 1073 fa-

19 1137 225 1179 cturum
274 1139 396 1179 eum
424 1122 475 1176 in
520 1130 733 1191 gentem
775 1131 1043 1188 magnam,
1073 1122 1129 1170 et
1170 1112 1610 1169 benedicturum:

19 1216 239 1271 credidit
271 1215 467 1268 Abram
500 1213 658 1266 etiam
689 1210 791 1265 hoc
821 1218 1159 1264 eventurum.
1185 1205 1334 1261 Sicut
1364 1204 1612 1272 loquutus

20 1319 93 1365 est
122 1310 171 1363 ei
202 1308 487 1371 Dominus,
518 1308 588 1360 ita
618 1302 887 1375 profectus
915 1309 1000 1357 est
1030 1318 1043 1355 :
1074 1298 1126 1355 id
1154 1306 1255 1365 est,
1298 1295 1524 1352 credidit
1549 1294 1615 1348 iis

22 1417 131 1471 qnze
157 1401 265 1455 sibi
288 1415 318 1453 a
346 1398 458 1453 Deo
482 1406 608 1451 sunt
635 1395 797 1462 dicta,
828 1393 959 1449 nihil
987 1391 1272 1454 ﬂuctuans,
1296 1387 1428 1442 nihil
1456 1385 1614 1441 dubi-

25 1505 149 1559 tans,
182 1493 284 1547 sed
310 1492 518 1545 ﬁrmato
546 1490 724 1544 animo
754 1489 823 1542 ita
848 1486 1117 1555 profectus
1136 1491 1256 1539 est:
1284 1481 1481 1537 idcirco
1510 1487 1563 1535 et
1584 1493 1615 1534 a

27 1587 242 1639 Domino
277 1599 522 1655 magnam
565 1582 795 1636 obtinuit
829 1580 1071 1651 gratiam.
1104 1576 1173 1631 Et
1198 1576 1305 1643 ivit,
1335 1574 1526 1645 inquit,
1569 1581 1617 1625 et

26 1679 109 1731 Lot
146 1694 271 1731 cum
303 1695 384 1732 eo.
417 1677 592 1744 Quare
628 1690 749 1729 cum
796 1673 1051 1727 Dominus
1077 1670 1271 1725 dixerit
1301 1686 1313 1723 :
1363 1666 1617 1737 Egredere

23 1774 79 1823 de
102 1780 235 1823 terra
265 1780 375 1834 tua,
406 1769 537 1824 etde
556 1767 855 1838 cognatione
883 1775 969 1818 tua
991 1774 1038 1817 et
1063 1763 1125 1816 de
1150 1761 1299 1816 domo
1322 1759 1481 1829 patris
1502 1758 1574 1810 tui
1595 1772 1615 1821 ,'

23 1862 153 1915 hunc
183 1859 523 1929 assumpsit?
568 1857 683 1913 Non
716 1856 815 1911 fuit
858 1853 1171 1910 inobcdiens
1216 1851 1478 1907 Domino:
1521 1848 1615 1903 sed

24 1955 149 2009 forte
176 1954 305 2023 quia
332 1950 515 2022 juveni
544 1960 661 2005 erat
704 1948 869 2020 patris
900 1947 1019 2002 loco
1045 1944 1364 2016 praefectus:
1398 1949 1451 1997 et
1488 1939 1577 1994 ille
1597 1979 1613 2005 ,

24 2048 85 2100 oh
123 2047 457 2116 singularem
503 2059 777 2108 amorem,
824 2054 1141 2109 morumque
1188 2036 1535 2099 suavitatem,
1586 2048 1615 2086 a

22 2142 151 2209 justo
178 2138 368 2193 divelli
396 2136 582 2203 noluit,
624 2134 723 2190 hac
747 2126 817 2189 de
853 2147 1011 2188 causa
1042 2132 1240 2187 Abram
1283 2142 1404 2184 eum
1436 2126 1608 2181 relin-

23 2246 177 2299 quere
205 2228 428 2285 noluit:
463 2228 680 2297 insuper
722 2240 845 2281 eum
891 2223 983 2277 ﬁlii
1023 2223 1141 2278 loco
1181 2228 1364 2292 postea
1394 2216 1613 2282 habuit;

26 2325 318 2393 pnesertim
350 2321 493 2393 quod
522 2330 628 2375 tam
670 2318 984 2389 grandaevus
1018 2315 1224 2370 nullum
1250 2311 1424 2369 adhuc
1449 2309 1615 2365 habe-

28 2427 99 2470 τρι
124 2417 292 2469 lilium
337 2422 560 2484 pr0pter
586 2410 735 2466 Sara:
782 2408 1140 2465 sterilitatem.
1173 2404 1419 2475 Alioquin
1455 2401 1617 2457 etiam

29 2522 196 2561 IIIOI‘CS
243 2503 609 2559 adolescentis
637 2518 741 2557 non
767 2501 991 2556 multum
1020 2514 1049 2552 a
1075 2498 1203 2567 justi
1229 2495 1494 2568 probitate
1526 2492 1620 2547 ab-

26 2610 185 2655 erant.
216 2599 355 2654 Nam
389 2599 490 2652 hoc
519 2598 692 2667 ipsum
721 2593 883 2665 quod,
904 2591 1193 2663 propositis
1214 2590 1260 2645 ei
1290 2588 1496 2643 duobus
1516 2584 1625 2639 fra-

32 2694 212 2759 tribus,
241 2693 361 2761 ipse
393 2689 539 2759 justo
575 2687 895 2752 adbazreret,
937 2694 1148 2755 quantae
1179 2680 1473 2752 prudentire
1501 2677 1619 2743 fuit,

27 2784 311 2852 diiudicare
330 2796 526 2851 nempe
546 2788 599 2834 et
627 2779 934 2834 discernere
962 2776 1047 2831 cui
1079 2785 1387 2845 patruorum
1412 2771 1493 2825 sui
1523 2785 1620 2826 cu-

28 2893 130 2931 ram
162 2876 479 2947 permittere
507 2870 764 2928 deberet?
792 2870 1015 2941 Insuper
1052 2878 1107 2924 et
1134 2866 1618 2938 peregrinationem

28 2970 234 3039 eligere,
278 2964 582 3021 honestatis
625 2978 834 3019 morum
874 2970 991 3018 erat
1025 2961 1300 3015 indicium.
1339 2959 1468 3013 Nam
1499 2958 1624 3012 licet

27 3063 236 3118 tandem
281 3062 339 3116 in
380 3057 694 3131 quibusdam
726 3071 939 3114 errasse
965 3055 1224 3121 videatur,
1261 3053 1477 3125 quando
1522 3067 1620 3121 po-

29 3158 182 3210 tiores
212 3153 320 3208 sibi
362 3159 541 3221 partes
584 3149 880 3219 usurpavit,
910 3156 1143 3202 attamen
1177 3146 1453 3215 vestigium
1497 3142 1626 3212 justi

30 3246 274 3315 subsequi
299 3244 543 3314 proxime
567 3240 836 3298 studebat.
864 3243 1038 3311 Atque
1060 3238 1372 3307 ideojustus
1394 3237 1540 3290 illum
1570 3236 1626 3290 in

32 3341 224 3394 socium
248 3339 462 3393 itineris
488 3339 713 3409 accepit,
741 3347 797 3391 et
822 3336 937 3405 ipse
974 3348 1164 3404 magna
1192 3334 1464 3387 alacritate
1507 3345 1627 3400 pcr-

35 3434 265 3500 egrinam
298 3432 463 3486 vitam
492 3430 799 3485 domestica:
828 3427 1076 3497 praetulit.
1111 3426 1275 3480 Porro
1305 3434 1362 3478 ut
1396 3423 1627 3478 sciamus

36 3525 138 3580 lucc
165 3541 194 3578 a
228 3524 344 3580 Deo
373 3522 535 3577 fuisse
557 3523 813 3592 imperata
839 3516 1178 3591 patriarchae,
1202 3531 1306 3571 non
1330 3530 1450 3570 cum
1474 3515 1628 3584 juve-

34 3618 106 3671 nis
132 3626 298 3682 esset,
331 3614 426 3670 sed
451 3614 562 3683 jam
581 3613 647 3668 ad
676 3619 946 3667 senectam
976 3608 1236 3680 vergenti,
1270 3605 1482 3677 quando
1510 3607 1626 3675 ple-

35 3711 178 3780 rique
225 3710 508 3764 hominum
551 3706 618 3761 ad
663 3701 1108 3776 peregrinandum
1146 3700 1422 3770 segniores
1464 3705 1626 3765 sunt,

35 3805 194 3873 inquit
233 3822 247 3858 :
276 3803 470 3857 Abram
508 3810 676 3854 autem
705 3807 810 3852 erat
837 3811 1091 3851 annorum
1131 3792 1453 3863 septuaginta
1480 3790 1630 3861 quin-

36 3911 139 3963 que,
174 3893 388 3965 quando
430 3892 583 3947 exivit
610 3907 672 3945 ea:
700 3889 951 3945 Charran.
982 3884 1204 3941 Vidistis
1234 3882 1504 3954 quomodo
1532 3896 1630 3937 nec

36 4001 157 4046 tetas
170 3991 220 4046 ei
242 3988 349 4045 fuit
373 3985 666 4050 obstaculo,
692 3997 865 4053 neque
884 3980 1027 4036 aliud
1048 3978 1298 4050 quiddam
1316 3976 1488 4047 potuit
1509 3990 1628 4029 eum

37 4084 269 4140 detinere
320 4088 384 4134 ut
421 4078 565 4135 domi
611 4075 907 4131 resideret:
949 4070 1043 4128 sed
1074 4070 1199 4125 vicit
1235 4068 1413 4123 omnia
1466 4067 1631 4138 ipsius

39 4177 83 4229 in
113 4178 278 4231 Deum
313 4186 488 4226 amor.
521 4169 712 4223 Anima
743 4167 884 4221 enim
912 4163 1133 4232 vigilans
1160 4169 1216 4217 et
1237 4160 1414 4217 sobria
1440 4169 1629 4214 cuncta

40 4266 299 4337 abrumpit
331 4260 733 4332 impedimenta,
776 4264 991 4326 totaque
1028 4253 1088 4308 ﬁt
1117 4252 1232 4323 ejus
1262 4265 1420 4322 quem
1464 4257 1629 4313 amat,

39 4370 86 4413 et
106 4375 133 4412 a
164 4358 316 4412 nullo
349 4353 493 4426 quod
524 4354 576 4406 in
616 4350 791 4406 medio
819 4347 1035 4403 difﬁcile
1062 4352 1337 4415 appareat,
1372 4339 1629 4397 retardari

38 4468 88 4505 se
124 4451 329 4521 patitur
360 4464 373 4500 :
408 4444 502 4501 sed
537 4443 713 4499 omnia
755 4439 1010 4511 praeterit,
1040 4451 1140 4492 nec
1166 4433 1408 4489 subsistit
1447 4433 1629 4502 prius-

39 4559 185 4613 quam
213 4557 275 4597 re
318 4537 619 4595 desiderata
650 4534 900 4605 potiatur.
931 4530 1220 4599 Propterea
1253 4533 1311 4581 et
1333 4524 1508 4595 justus
1535 4524 1634 4576 iste

41 4651 206 4706 neque
236 4639 538 4695 senectute,
562 4642 736 4698 neque
755 4623 871 4677 aliis
900 4621 1140 4693 pluribus
1164 4618 1339 4674 causis
1362 4614 1634 4687 prohiberi

41 4730 223 4800 potuit,
254 4725 389 4797 quin
417 4721 663 4777 omnibus
688 4716 942 4786 disruptis
966 4713 1215 4777 vinculis,
1245 4710 1395 4781 quasi
1420 4709 1633 4779 juvenis

39 4833 87 4877 ct
124 4829 283 4876 aetate
316 4816 539 4879 ﬂorens,
568 4810 721 4882 quasi
748 4824 779 4863 a
826 4807 972 4862 nullo
1002 4803 1321 4875 prohibitus,
1361 4800 1636 4856 festinaret

42 4928 88 4970 et
134 4911 424 4968 anhelaret
474 4903 685 4960 Domini
740 4908 1069 4972 praeceptum
1122 4895 1398 4967 perﬁcere.
1453 4892 1637 4962 Neque

42 5008 173 5061 enim
205 4998 471 5074 possibile
500 5005 602 5062 est,
631 5002 688 5049 ut
722 5007 835 5047 rem
883 4989 1076 5045 fortem
1115 4997 1170 5043 et
1206 4986 1473 5058 egregiam
1517 4983 1637 5055 quis

46 5112 290 5167 umquam
321 5093 478 5149 aliter
508 5088 685 5153 faciat,
711 5085 810 5139 nisi
836 5090 992 5137 antea
1024 5080 1286 5136 adversus
1312 5078 1489 5133 omnia
1518 5092 1638 5147 quae

42 5187 304 5259 ejusmodi
347 5183 559 5239 conatui
590 5180 853 5235 obsistere
884 5181 1126 5246 possunt,
1170 5186 1231 5227 se
1260 5180 1430 5225 armet
1461 5180 1513 5224 ct
1552 5169 1636 5223 in-

44 5292 224 5337 struat.
273 5279 390 5335 Hoc
421 5275 603 5347 utique
641 5273 784 5328 clare
826 5269 1000 5325 sciens
1027 5268 1200 5336 justus
1237 5266 1347 5331 ille,
1389 5263 1638 5318 omnibus

48 5371 351 5444 preteritis,
396 5383 504 5423 non
542 5364 761 5420 curabat
788 5363 873 5417 vel
917 5356 1375 5419 consuetudinem,
1420 5353 1503 5408 vel
1543 5351 1640 5407 do-

48 5487 183 5525 mum
210 5475 519 5541 paternam,
540 5458 623 5514 vel
646 5458 969 5527 sepulcrum,
992 5453 1073 5508 vel
1096 5457 1423 5507 senectutem
1447 5448 1637 5517 ipsam,

48 5568 135 5621 sed
162 5566 217 5621 in
260 5563 368 5618 hoc
403 5558 683 5614 dumtaxat
723 5549 917 5621 ﬁgebat
946 5557 1201 5615 mentem,
1233 5544 1502 5615 quomodo
1543 5542 1641 5596 im-

55 5663 194 5729 plere
218 5663 408 5730 posset
429 5649 569 5724 quod
596 5664 625 5703 a
658 5647 881 5701 Domino
911 5642 1081 5697 fuerat
1107 5643 1445 5710 imperatum.
1471 5637 1539 5691 Et
1564 5635 1644 5689 vi—

52 5754 174 5809 dere
208 5760 329 5807 erat
379 5763 492 5806 rem
528 5758 721 5815 magno
762 5739 995 5813 periculo
1025 5734 1548 5809 plenam,homincm
1586 5732 1640 5788 iu

1087 260 1153 317 IN
1192 259 1343 317 CAP.
1384 256 1503 314 XII.
1543 250 1789 314 GENESJ
1827 256 2060 311 IIOMI...
2104 255 2299 312 XXXI.

3201 256 3303 312 290

1718 371 2114 439 provectissima
2154 378 2388 435 senecta,
2434 384 2557 425 cum
2584 384 2751 426 uxore
2775 369 2933 425 etiam
2979 370 3088 439 ipsa
3137 376 3309 427 astatis

1718 470 1981 532 provecta:
2007 472 2060 516 et
2082 461 2260 516 multis
2284 460 2495 515 famulis
2521 476 2581 516 se
2606 461 2711 516 alio
2733 460 3039 521 transferre.
3066 462 3303 517 nescium

1717 553 1934 607 ubinam
1960 552 2172 607 errandi
2216 551 2421 608 futurus
2461 551 2582 608 ﬁnis
2622 561 2784 608 esset.
2818 553 2970 620 Quod
3012 554 3058 609 si
3098 553 3219 623 quis
3256 563 3312 608 et

1718 646 1847 700 illud
1892 646 2179 715 prudenter
2216 646 2500 715 expendat,
2532 655 2746 716 quantm
2783 661 2877 716 per
2921 646 3051 701 illud
3098 655 3310 715 tempus

1722 738 1925 792 viarum
1964 736 2305 792 difficultates
2346 747 2537 792 erant:
2571 753 2743 809 neque
2770 737 2936 801 enim,
2981 740 3118 794 sicut
3143 754 3306 805 nunc,

1721 828 1913 885 licebat
1940 829 2201 899 impavide
2230 845 2351 884 cum
2377 831 2493 885 aliis
2521 832 2744 897 versari,
2778 841 2832 887 et
2862 842 2966 887 tam
3000 832 3153 888 facile
3179 848 3307 903 pro-

1718 919 1974 975 fet-tiones
1999 922 2291 990 suscipere,
2321 937 2441 977 cum
2471 922 2676 991 singula
2708 922 2823 977 loca
2854 925 3081 993 propriis
3112 925 3308 994 princi-

1720 1012 1927 1081 patibus
1955 1012 2200 1067 distincta
2226 1021 2424 1072 essent,
2451 1029 2773 1083 necesseque
2802 1025 2943 1068 esset
2974 1016 3071 1068 iter
3100 1017 3307 1084 agenti-

1718 1102 1819 1158 bus
1844 1102 1910 1158 ab
1939 1103 2056 1157 aliis
2085 1103 2150 1157 ad
2176 1104 2308 1158 alios
2335 1104 2600 1173 principes
2627 1106 2874 1172 transire,
2904 1115 2955 1160 et
2984 1105 3094 1161 fere
3129 1108 3308 1175 quoti-

1718 1194 1806 1250 die
1831 1195 1897 1249 de
1921 1209 2084 1265 regno
2121 1196 2172 1249 in
2202 1211 2421 1267 regnum
2462 1197 2750 1267 progredi:
2781 1208 2895 1253 erat
2934 1199 3091 1268 igitur
3127 1208 3179 1254 et
3210 1200 3312 1255 hoc

1719 1288 2049 1343 obstaculum
2088 1288 2253 1359 justo,
2304 1289 2405 1345 nisi
2450 1298 2654 1344 tantum
2703 1290 2977 1347 habuisset
3018 1294 3217 1348 amoris
3257 1303 3312 1348 et

1721 1379 1965 1434 mandata
1997 1381 2301 1449 perficiendi
2330 1381 2677 1437 desiderium.
2700 1381 2900 1437 Verum
2927 1383 3175 1440 omnibus
3205 1385 3310 1440 illis

1720 1472 2136 1541 impedimentis,
2188 1474 2339 1543 quasi
2383 1489 2593 1530 aranea:
2640 1474 2759 1529 telae
2810 1484 3010 1541 essent,
3060 1475 3313 1546 disruptis

1721 1574 2006 1634 menteque
2049 1564 2153 1620 ﬁde
2182 1564 2447 1632 roborata,
2488 1566 2656 1636 probe
2696 1566 2864 1621 ﬁdens
2903 1567 3143 1637 dignitati
3184 1582 3312 1639 pro-

1719 1657 1998 1723 mittentis,
2042 1659 2142 1712 iter
2183 1673 2466 1729 aggressus
2509 1667 2612 1713 est.
2636 1659 2689 1714 5.
2750 1659 2818 1713 Et
2866 1661 3078 1730 accepit,
3119 1661 3310 1731 inquit,

1720 1751 1905 1805 Abram
1934 1752 2119 1807 Suram
2159 1769 2365 1806 uxorem
2394 1768 2539 1805 suam
2557 1793 2571 1817 ,
2601 1761 2647 1806 et
2679 1752 2774 1806 Lot
2818 1754 2983 1822 ﬁlium
3009 1754 3183 1823 fratris
3210 1755 3309 1821 sui,

1720 1849 2099 1915 universumque
2115 1845 2443 1899 substantiam
2472 1861 2623 1910 quant
2651 1847 2971 1915 possederant
2990 1849 3042 1901 in
3059 1846 3310 1916 Charran,

1720 1942 1768 1987 et
1797 1934 1944 1988 exivit
1980 1945 2033 1987 ut
2064 1935 2464 2005 proﬁcisceretur
2489 1937 2543 1989 in
2567 1946 2752 1990 terram
2780 1936 3047 1998 Chanaan.

1796 2025 1849 2080 6.
1899 2025 2028 2080 Vide
2079 2025 2366 2096 Scriptura:
2410 2027 2788 2098 diligentiam,
2837 2030 3105 2100 quomodo
3156 2031 3315 2087 nobis

1721 2118 1899 2171 omnia
1943 2126 2157 2183 narrat,
2186 2128 2245 2172 ut
2273 2134 2368 2188 per
2392 2120 2569 2174 omnia
2594 2119 2861 2175 discamus
2896 2119 3027 2190 justi
3059 2122 3308 2191 pietatem

1721 2223 1784 2262 ac
1809 2208 2143 2279 religionem.
2174 2210 2397 2279 Accepit,
2432 2209 2601 2279 inquit
2627 2251 2641 2275 ,
2680 2210 2868 2266 Saram
2894 2228 3103 2266 uxorem
3127 2229 3272 2266 suam
3296 2256 3311 2280 ,

1722 2309 1767 2353 et
1791 2299 1890 2354 Lot
1911 2302 2074 2370 ﬁlium
2099 2304 2276 2373 fratris
2295 2301 2395 2368 sui,
2419 2302 2799 2372 universumque
2815 2302 3145 2357 substantiam
3165 2322 3316 2372 quam

1725 2392 2051 2461 possederant
2078 2394 2132 2447 in
2159 2392 2411 2447 Charran.
2451 2392 2568 2448 Non
2594 2393 2910 2464 simpliciter
2925 2396 3061 2450 dixit
3089 2414 3100 2449 :
3131 2396 3317 2451 Omnia

1724 2499 2046 2555 quascumque
2085 2486 2410 2555 possederant
2438 2486 2491 2539 in
2518 2487 2748 2541 Charran
2776 2504 2794 2542 :
2833 2487 2924 2542 sed
2958 2498 3013 2543 ut
3051 2487 3318 2544 discamus

1724 2576 1941 2631 nihilex
1977 2575 2131 2631 bonis
2157 2575 2456 2633 Chaldaicis
2499 2579 2769 2647 accepisse
2818 2579 3194 2647 patriarcham,
3223 2582 3316 2636 sed

1730 2668 1966 2738 paternis
2002 2668 2105 2722 illis
2134 2669 2381 2723 omnibus
2410 2668 2560 2723 fratri
2581 2670 2781 2725 relictis
2803 2671 2998 2725 exiisse
3017 2711 3033 2737 ,
3060 2687 3121 2725 ca
3144 2672 3317 2725 solum

1725 2775 1753 2816 s
1774 2775 1904 2815 'cum
1928 2760 2186 2816 ferentem
2211 2776 2329 2831 qua:
2353 2770 2408 2816 et
2428 2761 2482 2816 in
2503 2762 2738 2817 Charran
2768 2763 3093 2833 possidebant.
3123 2765 3190 2818 Et
3214 2765 3319 2820 hoc

1728 2851 1952 2908 faciebat
1986 2853 2068 2907 vir
2097 2853 2462 2920 admirandus,
2494 2868 2601 2909 non
2628 2854 2769 2924 quod
2804 2855 2891 2910 illa
2918 2856 3091 2926 magni
3121 2855 3320 2913 faceret

1728 2947 1811 3001 vel
1837 2945 1978 3016 quod
2007 2961 2199 3001 avarus
2219 2955 2363 3001 esset
2391 2961 2409 3001 :
2439 2946 2531 3001 sed
2551 2956 2607 3001 ut
2629 2962 2697 3002 ex
2723 2946 3060 3003 facultatibus
3077 2948 3181 3002 illis
3197 2964 3321 3019 pos-

1729 3048 1811 3093 set
1847 3039 2094 3093 omnibus
2124 3040 2326 3106 testari,
2358 3049 2553 3109 quanta
2587 3039 2681 3094 Dei
2717 3055 2840 3110 erga
2874 3055 2934 3095 se
2971 3040 3160 3095 fuisset
3196 3057 3322 3111 pro-

1729 3129 1981 3185 videntia.
2011 3130 2112 3197 Qui
2142 3130 2282 3185 enim
2314 3145 2378 3185 ex
2409 3138 2549 3185 terra
2579 3130 2955 3186 Chaldaeorum
2972 3147 3091 3187 eum
3115 3133 3320 3199 eduxit,

1730 3233 1784 3280 et
1826 3224 2017 3280 iterum
2045 3223 2167 3279 inde
2196 3224 2425 3293 migrare
2466 3223 2645 3294 jussit,
2703 3226 2819 3295 ipse
2865 3232 2921 3280 et
2972 3225 3324 3280 substantiam

1734 3316 1872 3371 illius
1905 3316 2139 3386 quotidie
2167 3316 2425 3386 augebat,
2458 3325 2513 3371 et
2537 3330 2752 3371 omnem
2779 3317 3078 3373 molestiam
3110 3318 3325 3373 aufere-

1733 3409 1842 3463 bat.
1883 3408 2066 3479 Itaque
2110 3408 2252 3479 quod
2292 3407 2406 3461 haec
2443 3422 2627 3463 secum
2677 3407 2862 3476 ferret,
2919 3417 2976 3464 et
3012 3424 3109 3479 per
3162 3419 3326 3464 tutam

1733 3499 1871 3554 viam
1894 3500 1972 3554 sic
2007 3498 2340 3569 procederet,
2368 3499 2637 3568 specimen
2667 3507 2782 3553 erat
2820 3499 2920 3568 piae
2959 3500 3329 3571 religiosarquc

1734 3597 1948 3648 mentis.
1978 3593 2307 3661 Quicumque
2332 3592 2475 3646 enim
2496 3606 2618 3646 eum
2641 3591 2876 3659 videbat,
2900 3591 3090 3647 merito
3114 3607 3326 3646 causam

1734 3684 2066 3755 inquirebat,
2100 3697 2265 3753 quare
2299 3682 2479 3752 justus
2524 3682 2614 3737 ille
2642 3683 3087 3752 peregrinaretur.
3130 3683 3331 3737 Deinde

1736 3775 2054 3844 intelligens,
2084 3789 2206 3829 cum
2231 3772 2382 3842 jussu
2407 3772 2500 3827 Dei
2529 3772 2580 3827 in
2610 3772 2838 3827 alienam
2864 3780 3059 3827 terram
3081 3813 3095 3837 ,
3122 3773 3326 3828 relictis

1735 3869 1965 3941 prepriis
1986 3910 2000 3932 ,
2028 3867 2278 3933 transire,
2308 3881 2405 3937 per
2431 3880 2595 3936 opera
2627 3865 2743 3935 ipsa
2772 3865 3062 3921 docebatur
3078 3873 3132 3920 et
3158 3863 3332 3919 disce-

1735 3965 1827 4020 bat
1850 3979 2007 4034 quam
2033 3964 2115 4033 pia
2154 3971 2296 4018 esset
2339 3962 2469 4032 justi
2501 3960 2825 4021 obedientia.
2869 3969 2924 4014 et
2947 3974 3106 4029 quam
3145 3959 3334 4028 ingens

1738 4055 1831 4110 Dei
1862 4070 1988 4126 erga
2024 4055 2170 4109 illum
2195 4052 2546 4124 providentia.
2580 4050 2648 4105 Et
2676 4051 2848 4117 exivit,
2872 4050 3060 4120 inquit,
3088 4060 3141 4103 ut
3168 4051 3332 4122 proﬁ-

1737 4150 2002 4204 cisceretur
2027 4153 2080 4201 in
2110 4156 2295 4201 terram
2322 4146 2587 4200 Chanaan.
2640 4144 2794 4201 Unde
2840 4144 3063 4210 sciebat,
3092 4144 3145 4199 in
3192 4154 3333 4199 terra

1738 4243 2157 4300 Chananazorum
2194 4242 2428 4297 futurum
2451 4254 2571 4296 esse
2605 4254 2716 4294 suae
2751 4238 3193 4309 peregrinationis
3224 4248 3331 4294 ter-

1742 4338 1982 4401 minum;
2011 4336 2254 4406 quamvis
2278 4343 2606 4407 praeceptum
2631 4333 2701 4386 ita
2737 4347 2798 4387 se
2837 4332 3094 4387 haberet:
3131 4330 3256 4386 Veni
3282 4333 3338 4387 in

1746 4443 1935 4487 terram
1959 4447 2113 4501 quam
2147 4438 2492 4484 monstravero
2519 4426 2647 4480 tibi?
2690 4425 2945 4481 Fortasse
2995 4424 3138 4480 Deus
3184 4426 3236 4481 ei
3285 4436 3340 4481 et

1744 4526 1843 4581 hoc
1863 4522 2207 4595 signiﬁcavit,
2246 4521 2488 4576 indicans
2515 4518 2681 4574 menti
2729 4518 2847 4589 ejus
2892 4527 3085 4574 terram
3107 4560 3122 4585 ,
3152 4519 3204 4574 in
3234 4535 3337 4591 qua

1743 4619 1914 4688 ipsum
1936 4615 2261 4672 constituere
2292 4612 2523 4668 volebat.
2558 4611 2845 4681 Propterea
2879 4610 3023 4665 enim
3053 4625 3174 4666 cum
3198 4626 3340 4681 pra:-

1742 4713 1944 4781 ciperet
1973 4710 2019 4765 ei
2047 4751 2063 4775 ,
2091 4708 2369 4763 indefinite
2400 4706 2647 4761 dicebat:
2684 4704 2811 4759 Veni
2856 4705 2909 4759 in
2954 4714 3140 4759 terram
3190 4723 3341 4771 quam

1744 4815 2084 4861 monstravcro
2124 4802 2231 4869 tibi,
2265 4810 2324 4857 ut
2367 4800 2518 4857 nobis
2564 4800 2693 4870 juSIi
2744 4799 2998 4856 virtutem
3045 4797 3337 4868 detegeret.

1746 4896 1947 4952 Deinde
1970 4904 2248 4966 postquam
2273 4894 2361 4948 ille
2388 4892 2530 4964 quod
2571 4906 2727 4948 suurn
2755 4898 2872 4945 erat
2892 4889 3105 4944 abunde
3130 4889 3330 4955 attulit,

1745 5004 1870 5043 mox
1898 4988 2037 5042 Deus
2063 4987 2110 5042 ei
2140 4984 2459 5056 significavit
2482 5026 2496 5051 ,
2527 4983 2578 5037 in
2610 4997 2713 5053 qua
2740 4990 2881 5036 terra
2909 4980 3071 5036 vellet
3095 4996 3218 5035 eum
3247 4980 3338 5033 do.

1746 5081 2001 5149 micilium
2041 5079 2259 5134 habere.
2309 5077 2440 5145 Quia
2486 5075 2631 5131 enim
2674 5073 2899 5129 eximias
2938 5071 3069 5141 justi
3118 5071 3343 5125 virtutes

1746 5171 2096 5245 prmvidebat,
2148 5170 2347 5225 idcirco
2379 5183 2501 5224 eum
2537 5182 2603 5223 ex
2633 5181 2699 5221 eo
2723 5166 2842 5219 loco
2869 5163 3134 5229 evocavit,
3166 5170 3222 5216 et
3248 5178 3342 5217 ne-

1747 5280 1851 5336 que
1905 5263 2123 5319 fratrem
2171 5272 2229 5317 ut
2280 5260 2548 5329 acciperet
2591 5256 2753 5328 jussit
2794 5253 3089 5325 :quoniam
3129 5252 3344 5309 volebat

1749 5362 1889 5414 hunc
1913 5357 2187 5412 doctorem
2215 5354 2326 5409 ﬁeri
2351 5395 2367 5419 ,
2398 5366 2539 5407 nunc
2588 5348 2800 5420 quidem
2830 5346 3079 5403 omnibus
3108 5344 3345 5401 Palaesti-

1749 5469 1871 5508 nam
1904 5449 2275 5513 incolentibus,
2299 5445 2456 5516 paulo
2483 5452 2604 5514 post
2641 5453 2818 5498 autem
2849 5440 3010 5496 etiam
3050 5437 3339 5511 Egyptiis.

1828 5545 1946 5599 Non
1973 5545 2024 5598 in
2052 5551 2234 5596 natura
2255 5582 2268 5608 ,
2299 5539 2386 5594 sed
2414 5539 2465 5593 in
2509 5538 2765 5592 voluntate
2792 5537 2947 5590 virtus
2986 5542 3033 5588 et
3070 5534 3189 5587 vitia
3226 5541 3342 5587 sunt

1752 5639 1868 5693 sita.
1896 5663 1966 5677 -κ-
2001 5633 2217 5689 Vidistis
2259 5629 2530 5702 quomodo
2558 5645 2663 5684 non
2698 5628 2750 5683 in
2783 5638 2967 5682 natura
2987 5668 3001 5693 ,
3032 5625 3126 5682 sed
3155 5625 3207 5679 in
3242 5640 3339 5676 vu-

1755 5730 1959 5786 luntatc
1994 5736 2047 5784 ct
2086 5724 2266 5781 animo
2301 5732 2485 5781 nostro
2516 5722 2615 5778 sita
2644 5727 2769 5777 sunt
2796 5729 2900 5775 tam
2932 5734 3049 5790 qua:
3085 5716 3149 5773 ad
3179 5716 3339 5770 virtu-
