3788 6262
436 254 536 310 291

434 370 561 422 tem.
591 374 748 431 quam
777 376 896 432 quae
939 360 1005 416 ad
1050 360 1172 414 vilia
1198 360 1503 431 pertinent?
1532 359 1666 413 Ecce
1694 366 1877 412 natura
1901 357 2023 426 qui-

434 455 553 510 dem
567 456 757 509 lratres
770 464 946 521 erant,
970 453 1084 523 ipse
1104 451 1403 523 patriarcha
1424 459 1479 505 et
1497 449 1728 515 Nachor,
1751 450 2024 504 voluntate

434 556 611 600 autem
643 560 751 600 non
783 546 944 600 item:
976 544 1069 599 sed
1094 543 1205 607 ille,
1236 543 1361 598 licet
1391 541 1556 597 frater
1584 540 1651 595 ad
1687 550 1887 595 tantam
1914 540 2021 593 vir—

434 646 602 692 tutem
626 634 995 705 pervenisset,
1024 634 1200 689 adhuc
1222 649 1407 689 errore
1433 640 1834 703 praeoccupatus
1864 638 1979 685 erat
2005 642 2019 684 :

432 730 518 784 hic
536 738 713 785 autem
737 728 990 785 omnibus
1009 727 1243 797 quotidie
1264 743 1361 798 per
1376 741 1537 797 Opera
1560 727 1671 795 ipsa
1692 722 2023 779 monstrabat

431 821 646 875 virtutis
674 833 787 874 sua:
815 817 1110 875 secundum
1139 819 1305 875 Deum
1334 818 1680 873 incrementa.
1711 816 1761 870 6.
1787 814 1854 869 Et
1868 814 2020 880 venit,

432 913 623 983 inquit,
662 912 714 965 in
740 921 926 965 terram
953 910 1197 964 Chanaan
1223 951 1238 975 ,
1269 920 1314 963 et
1337 908 1657 979 pertransirit
1684 907 1870 960 Abram
1917 913 2020 959 ter-

431 1020 540 1057 ram
565 1004 617 1056 in
641 1002 1008 1073 longitudinem
1032 1002 1141 1070 ejus
1168 1044 1182 1066 ,
1211 1017 1366 1071 usque
1384 999 1453 1053 ad
1481 1000 1647 1053 locum
1676 998 1891 1068 Syc/tem
1909 1036 1925 1061 ,
1954 994 2023 1048 ad

432 1112 671 1167 quercum
701 1094 967 1149 excelsam.
1004 1094 1169 1147 Docet
1198 1108 1296 1146 nos
1331 1092 1605 1162 Scriptura
1632 1090 1804 1144 locum
1844 1089 2019 1158 regio-

432 1189 538 1254 nis,
564 1188 616 1242 in
639 1202 755 1261 quo
782 1200 925 1241 nunc
950 1185 1127 1256 justus
1148 1183 1471 1239 domicilium
1502 1181 1749 1238 collocat.
1782 1178 1983 1235 Deinde
2003 1218 2018 1242 ,

430 1292 489 1336 ut
518 1281 749 1336 sciamus
791 1279 1064 1351 quomodo
1102 1294 1161 1335 se
1210 1278 1318 1333 illic
1360 1292 1446 1332 res
1492 1275 1781 1340 habebant,
1811 1271 2016 1342 inquit:

431 1378 709 1433 Chananwi
752 1387 923 1433 autem
956 1386 1076 1430 tunc
1113 1375 1462 1429 inhabitabant
1484 1384 1688 1426 terram.
1714 1369 1893 1439 Neque
1919 1368 2022 1422 hoc

428 1471 740 1540 simpliciter
764 1479 820 1526 et
859 1469 1060 1539 absque
1100 1481 1259 1521 causa
1288 1467 1474 1522 beatus
1503 1464 1675 1519 Moses
1700 1461 2016 1531 assignavit,

430 1562 525 1617 sed
554 1571 613 1616 ut
642 1561 911 1618 discamus
932 1561 1093 1616 etiam
1118 1560 1263 1614 illinc
1283 1568 1520 1614 mentem
1546 1553 1864 1627 patriarchae
1903 1550 2021 1622 phi-

431 1652 758 1724 losophicam
785 1670 797 1707 :
822 1654 947 1723 quia
977 1668 1099 1706 cum
1143 1652 1259 1707 loca
1299 1650 1386 1705 illa
1428 1656 1797 1720 przeoccupata
1837 1652 2022 1701 essent

429 1759 459 1796 a
485 1741 824 1811 Chananzeis,
843 1744 1132 1814 cogebatur
1157 1742 1306 1812 quasi
1328 1755 1492 1810 vagus
1512 1748 1568 1795 et
1593 1738 1906 1809 peregrinus
1924 1776 1938 1799 ,
1968 1744 2022 1789 et

427 1838 578 1906 quasi
605 1837 845 1907 abjectus
867 1846 921 1890 et
948 1837 1068 1890 vilis
1094 1837 1255 1892 homo
1286 1835 1544 1890 diversari
1564 1875 1579 1900 ,
1603 1832 1719 1888 sine
1749 1831 1859 1885 nllo
1886 1829 2021 1884 forte

421 1929 677 1999 hospitio.
706 1929 952 1982 Attamen
996 1942 1166 1997 neque
1190 1925 1315 1980 illud
1340 1926 1563 1980 moleste
1584 1923 1787 1978 ft-rebat
1808 1963 1823 1987 ,
1849 1934 2021 1990 neque

422 2021 634 2077 dicebat
663 2039 676 2075 :
700 2020 834 2088 Quid
866 2020 964 2074 hoc
991 2020 1105 2075 est?
1131 2034 1300 2092 egone
1328 2019 1418 2090 qui
1463 2028 1612 2073 tanto
1642 2032 1764 2073 cum
1790 2015 2017 2082 honore,

423 2120 481 2169 et
504 2121 648 2169 tanta
671 2127 791 2168 cum
822 2112 1021 2168 familia
1052 2112 1273 2182 agebam
1303 2112 1354 2165 in
1381 2110 1618 2165 Charran
1644 2151 1659 2172 ,
1693 2123 1833 2163 nunc
1857 2121 2020 2177 cogor

425 2205 563 2258 sicut
588 2206 801 2259 civitate
820 2220 1010 2259 carens
1032 2244 1047 2268 ,
1078 2214 1132 2259 et
1156 2204 1487 2273 peregrinus,
1524 2211 1579 2256 et
1599 2201 1803 2256 advena
1833 2200 1986 2255 obam
2002 2228 2019 2238 -

431 2294 637 2358 balare,
668 2293 826 2365 idque
877 2294 1062 2365 gratire
1091 2294 1211 2348 loco
1246 2294 1466 2359 ducere,
1499 2303 1550 2349 et
1588 2293 1819 2363 quietem
1852 2292 1904 2345 in
1934 2291 2018 2345 vili

428 2398 673 2453 quat-ere
721 2385 1050 2449 diversorio;
1078 2396 1131 2440 et
1157 2400 1330 2454 neque
1362 2386 1465 2440 hoc
1500 2385 1737 2440 invenire
1779 2399 2018 2453 possunt,

423 2476 519 2530 sed
547 2478 598 2529 in
621 2475 977 2531 tabernaculis
998 2486 1051 2531 et
1081 2476 1360 2547 tuguriolis
1388 2477 1589 2531 versari
1616 2517 1629 2540 ,
1656 2476 1896 2545 aliasque
1923 2475 2020 2528 mi-

424 2568 594 2623 serias
638 2568 777 2622 ferre
814 2571 955 2637 cogit
997 2583 1080 2622 me
1110 2568 1425 2624 necessitas.
1464 2568 1698 2623 Hoccine
1724 2578 1841 2633 cst,
1874 2565 2018 2634 quod

423 2660 634 2714 dicebat
662 2676 677 2714 :
716 2658 856 2721 Veni,
877 2671 923 2713 et
941 2660 1129 2730 faciam
1147 2670 1193 2713 te
1218 2661 1270 2713 in
1287 2671 1483 2730 gentem
1503 2660 1774 2730 magnam?
1794 2659 2018 2713 Pulchra

425 2752 629 2807 scilicet
656 2752 911 2822 prmludia
934 2770 947 2818 ;
976 2753 1104 2823 quid
1130 2767 1295 2808 suave
1320 2753 1541 2823 posthac
1567 2752 2021 2820 exspectandum?

425 2846 494 2898 At
518 2844 648 2899 nihil
673 2843 774 2898 tale
794 2843 1007 2899 dicebat
1027 2846 1203 2913 justus
1231 2885 1246 2908 ,
1276 2860 1448 2912 neque
1472 2843 1789 2907 ﬂuctuahat;
1818 2843 1910 2897 sed
1934 2843 2018 2896 in-

425 2946 567 3006 tegra
601 2945 786 2991 mente
814 2944 871 2990 et
895 2936 1128 3005 perfecta
1161 2934 1285 3001 ﬁde,
1314 2935 1451 2991 bene
1478 2935 1647 2989 fidens
1670 2935 1761 2989 Dei
1793 2934 2022 3003 promis-

425 3028 520 3093 sis,
556 3027 780 3080 immoto
828 3028 1061 3097 perstitit
1098 3028 1312 3091 animo;
1356 3026 1499 3082 unde
1528 3027 1707 3082 statim
1735 3037 1789 3081 et
1828 3040 2018 3097 super-

426 3132 554 3172 nam
575 3119 998 3173 consolationem
1030 3120 1273 3189 accipere
1301 3121 1517 3175 meruit.

496 3208 553 3264 7.
576 3209 787 3263 Moralis
811 3211 1388 3266 exinanitum—Verum
1415 3228 1479 3266 ne
1509 3227 1813 3266 sermonem
1834 3212 2020 3282 produ-

423 3316 610 3356 camus
636 3302 849 3370 longius
874 3342 889 3366 ,
921 3301 1008 3357 hic
1033 3304 1082 3359 ei
1114 3304 1270 3358 finem
1300 3305 1669 3374 imponamus;
1699 3304 1826 3363 illud
1858 3321 2018 3359 unum

423 3400 640 3448 orantes
669 3394 945 3448 caritatem
990 3404 1267 3461 vestram,
1322 3405 1382 3450 ut
1429 3408 1664 3453 mentem
1704 3398 1833 3466 justi
1879 3398 2021 3452 illius

424 3487 726 3544 imitemini.
782 3488 992 3543 Etenim
1038 3488 1479 3544 absurdissimum
1506 3501 1685 3557 esset,
1716 3493 1760 3545 si
1787 3508 1905 3546 cum
1933 3493 2016 3561 ju-

423 3589 541 3634 stus
564 3580 671 3646 ille,
702 3580 769 3635 de
791 3591 934 3635 terra
984 3582 1039 3636 in
1076 3591 1273 3637 terram
1303 3596 1543 3650 vocatus,
1586 3594 1783 3639 tantam
1824 3602 1933 3655 pra:
1962 3602 2019 3641 se

424 3672 609 3727 tulerit
647 3672 1031 3741 obedientiam,
1062 3683 1117 3729 et
1164 3689 1339 3745 neque
1386 3685 1657 3744 senectus,
1702 3692 1875 3747 neque
1916 3680 2019 3734 alia

422 3780 543 3831 qua!
571 3766 1008 3821 enumeravimus
1046 3768 1463 3837 praepedimcnta
1486 3810 1498 3831 ,
1524 3785 1695 3840 neque
1721 3780 2018 3841 temporum

422 3858 727 3921 difﬁcultas,
755 3875 929 3930 neque
960 3860 1064 3915 ulla
1096 3861 1221 3927 alia,
1244 3878 1363 3931 quae
1387 3865 1643 3918 remorari
1674 3864 1847 3935 ipsum
1866 3880 2021 3933 posse

423 3950 764 4018 videbantur,
815 3952 882 4005 ad
933 3952 1288 4008 obcdiendnm
1339 3955 1629 4010 tardiorem
1676 3970 1797 4009 eum
1846 3956 2020 4012 facere

424 4043 731 4117 potuerint;
762 4043 853 4097 sed
880 4043 1128 4098 omnibus
1156 4046 1386 4101 vinculis
1417 4048 1609 4114 ruptis,
1639 4049 1935 4101 cucurrerit
1965 4058 2022 4102 et

423 4129 759 4186 festinaverit
785 4146 973 4200 senex,
1004 4135 1153 4203 quasi
1200 4135 1413 4204 juvenis
1459 4138 1743 4205 resumptis
1797 4137 2019 4203 viribus,

424 4236 546 4274 eum
569 4236 754 4287 uxore,
773 4231 826 4277 et
873 4222 1051 4279 fratris
1100 4225 1230 4293 filio,
1259 4236 1314 4281 et
1358 4227 1604 4282 famulis.
1638 4238 1694 4282 ut
1743 4229 2022 4297 perficiens

424 4328 589 4382 opere
623 4314 762 4383 quod
793 4315 894 4369 sibi
923 4330 952 4369 a
994 4317 1104 4371 Deo
1125 4317 1501 4373 demandatum
1529 4327 1644 4374 erat
1680 4337 1692 4373 :
1724 4335 1823 4374 nos
1843 4330 2018 4376 autem

424 4407 515 4474 qui
543 4422 648 4461 non
679 4406 747 4463 de
777 4417 919 4463 terra
945 4409 998 4463 in
1044 4418 1244 4465 terram
1272 4427 1527 4467 vocamur
1546 4456 1560 4477 ,
1593 4413 1688 4467 sed
1714 4413 1781 4467 de
1810 4415 2022 4469 terrain

425 4499 639 4565 caelum,
672 4517 776 4556 non
828 4503 1069 4559 eamdem
1125 4520 1282 4574 quam
1329 4506 1419 4561 ille
1463 4506 1640 4573 justus
1692 4507 2022 4563 alacritatem

424 4590 728 4646 obedicndo
771 4593 1160 4662 exhibeamus,
1206 4595 1301 4651 sed
1348 4596 1563 4666 frigidas
1611 4598 1925 4667 plerumque
1970 4609 2025 4653 et

425 4682 642 4738 inutiles
662 4693 1015 4754 prtetexamus
1051 4701 1275 4751 causas;
1307 4697 1357 4740 et
1386 4703 1558 4757 neque
1598 4704 1695 4742 nos
1729 4689 2023 4758 promisso-

426 4788 545 4826 rum
574 4774 904 4843 magnitudo,
937 4791 1111 4843 neque
1161 4777 1443 4831 visibilium
1490 4795 1667 4833 rerum
1697 4780 1901 4846 vilitas,
1930 4797 2023 4835 nc-

425 4881 531 4934 que
573 4866 714 4934 quod
764 4876 994 4921 terrcum
1025 4867 1127 4922 illa:
1166 4869 1272 4922 sint
1310 4879 1363 4922 et
1405 4880 1813 4937 momentanea},
1848 4888 2021 4943 neque

426 4958 668 5011 vocantis
695 4957 926 5028 dignitas
949 4957 1084 5012 adeo
1128 4960 1358 5013 attrahat
1388 4976 1400 5011 :
1430 4959 1521 5014 sed
1549 4961 1684 5015 adeo
1729 4963 1895 5017 simus
1932 4979 2023 5018 ne-

426 5048 712 5119 gligentes,
747 5058 803 5103 ut
851 5049 1202 5119 praeferamus
1252 5060 1624 5106 momentanea
1668 5069 1880 5123 semper
1913 5072 2020 5109 ma-

426 5140 699 5207 nentibus,
754 5149 951 5195 terram
1003 5144 1157 5208 caelo,
1204 5159 1264 5205 ea
1308 5159 1429 5213 qua:
1482 5144 1699 5200 avolant
1740 5157 2019 5215 antequam

428 5230 755 5300 habeantur,
786 5233 850 5289 iis
881 5250 999 5306 qua:
1024 5253 1311 5306 numquam
1344 5236 1501 5292 finem
1521 5239 1760 5308 accipere
1783 5252 2017 5309 possunt.

426 5321 713 5394 Quousque
740 5327 881 5381 cnim
911 5369 925 5394 ,
953 5328 1039 5383 dic
1060 5372 1075 5395 ,
1106 5344 1307 5399 quutso,
1340 5331 1410 5384 ita
1440 5331 1764 5386 insaniemus
1791 5332 1840 5385 in
1867 5335 2020 5387 colli-

428 5415 617 5479 gendis
664 5420 944 5489 pecuniis?
991 5438 1113 5491 quae
1160 5423 1332 5477 rabies
1372 5425 1516 5492 cogit
1554 5424 1790 5492 quotidie
1832 5439 1860 5477 a
1918 5435 2020 5479 tam

434 5505 657 5561 molesta
689 5513 1119 5579 concupiscentia
1150 5514 1409 5580 infestari,
1438 5524 1491 5568 et
1512 5529 1797 5579 numquam
1818 5515 2020 5577 satiari,

435 5593 525 5646 sed
550 5595 785 5653 deterius
811 5599 1007 5657 habere
1032 5618 1189 5672 quam
1217 5606 1303 5674 qui
1336 5617 1455 5660 sunt
1505 5605 1679 5659 ebrii?
1715 5605 1849 5660 Nam
1888 5606 2024 5661 sicut

430 5679 511 5736 iili
541 5693 749 5750 quanto
781 5692 948 5760 magis
978 5709 1125 5748 mero
1168 5711 1223 5749 sc
1277 5695 1608 5763 distendunt,
1662 5705 1810 5750 tanto
1853 5697 2019 5769 magis

1152 250 1207 303 S.
1245 246 1523 304 JOANNIS
1556 240 2037 302 CHRYSOSTOMI
2077 239 2393 302 ARCHIEP.
2434 245 2969 306 CONSTANTINOP.

3620 253 3724 309 292

2133 354 2353 428 ﬂagrant
2390 362 2499 426 sui,
2521 370 2575 416 et
2599 362 2865 417 caminum
2905 364 3238 420 succendunt
3278 367 3582 433 graviorem
3615 386 3625 418 :
3662 372 3727 421 ita

2133 448 2383 503 nimirum
2425 460 2480 505 et
2512 452 2598 505 isti
2640 452 2730 522 qui
2758 467 2878 508 sese
2922 455 3184 525 tyrannidi
3213 456 3449 511 avaritiae
3475 457 3728 526 subjcce-

2131 550 2296 607 runt,
2360 543 2562 596 nullum
2618 545 3028 615 concupiscendi
3090 546 3248 601 linem
3300 548 3497 602 faciunt
3561 567 3575 603 :
3636 550 3728 603 sed

2129 644 2327 701 quanto
2365 635 2513 704 plura
2542 634 2785 701 affluunt,
2810 646 2959 692 tanto
2992 639 3158 708 magis
3187 638 3397 693 flamma
3425 642 3649 705 crescit,
3681 653 3731 695 et

2129 726 2371 778 caminus
2396 726 2548 780 ardet
2576 726 2822 781 validius.
2864 728 2979 783 Non
3008 730 3402 801 videmusqnod
3435 733 3468 786 ii
3492 732 3588 802 qui
3607 744 3729 788 ante

2130 830 2227 869 nos
2256 815 2423 882 fuere,
2449 818 2691 885 quamvis
2723 820 3105 888 propemodum
3156 824 3317 876 totius
3348 822 3495 877 orbis
3521 823 3728 877 domini

2129 916 2331 973 essent,
2362 908 2488 961 nudi
2515 918 2570 963 et
2597 910 2818 964 solitarii
2849 926 2915 966 ex
2946 912 3046 967 hac
3076 913 3181 966 vita
3208 915 3411 985 abrepti
3444 927 3596 981 sunt,
3632 918 3728 973 hoc

2128 998 2299 1050 Solum
2350 999 2474 1053 inde
2511 1002 2825 1069 eonscquuti
2864 1002 3005 1074 quod
3056 1006 3289 1060 rationes
3333 1018 3387 1061 et
3423 1022 3607 1076 paenae
3639 1026 3728 1079 pro

2129 1092 2376 1146 omnilms
2405 1092 2511 1147 illic
2544 1092 2611 1147 ab
2635 1095 2715 1148 eis
2739 1094 3014 1164 exigenda:
3040 1097 3186 1151 sint?
3220 1098 3287 1152 Et
3309 1099 3523 1169 quidem
3556 1118 3727 1171 saepe-

2129 1197 2352 1237 numero
2388 1183 2583 1239 diversi
2631 1184 2913 1240 facultatcs
2952 1201 3137 1241 eorum
3179 1189 3317 1244 inter
3352 1206 3409 1245 se
3440 1191 3726 1248 distribue

2130 1282 2291 1326 runt:
2323 1283 2538 1342 peccata
2567 1284 2744 1329 autem
2793 1292 2859 1331 ex
2909 1277 3011 1331 illis
3048 1287 3321 1335 contracta
3377 1283 3493 1351 ipse
3551 1286 3727 1339 solum

2128 1378 2311 1418 secum
2339 1365 2609 1435 auferens,
2650 1367 2910 1437 abscedit,
2940 1378 2995 1425 et
3020 1386 3116 1440 pro
3142 1372 3208 1427 iis
3235 1388 3441 1443 magna!
3488 1375 3726 1446 indigna-

2130 1455 2287 1511 tionis
2316 1457 2573 1527 sr.pplicia
2596 1460 2887 1521 sustinens,
2914 1462 3279 1517 consolatione
3306 1466 3545 1535 undique
3567 1471 3727 1523 desti-

2129 1549 2319 1602 tuitur.
2343 1549 2518 1615 Quare
2550 1549 2724 1619 igitur,
2743 1551 2848 1617 dic,
2877 1568 2973 1607 oro
3002 1594 3017 1618 ,
3047 1562 3153 1607 tam
3182 1555 3514 1625 negligentes
3533 1559 3725 1613 salutis

2129 1651 2346 1708 nostrai,
2378 1643 2447 1697 ita
2476 1645 2711 1714 segniter
2737 1645 2927 1699 anima:
2953 1656 3151 1700 nostra:
3179 1649 3516 1704 consulimus
3534 1693 3549 1716 ,
3576 1652 3725 1720 quasi

2127 1736 2301 1789 aliena
2330 1747 2471 1789 esset
2493 1777 2507 1798 ,
2536 1746 2591 1790 et
2617 1753 2723 1790 non
2747 1738 2973 1792 nostra?
3002 1738 3115 1792 Non
3146 1740 3298 1794 audis
3327 1741 3607 1795 Christum
3634 1744 3717 1796 di-

2128 1838 2335 1881 ccutctn
2367 1844 2381 1880 :
2410 1827 2575 1893 Quam
2603 1829 2741 1882 dabit
2794 1830 2944 1883 homo
2983 1833 3424 1886 commutationem
3478 1850 3573 1903 pro
3615 1838 3725 1887 ani-

2127 1935 2211 1971 ma
2258 1936 2349 1972 sua
2381 1918 2594 1991 (Matth.
2648 1921 2736 1974 16.
2782 1920 2911 1991 26)?
2947 1922 3011 1976 Et
3058 1924 3297 1977 iterum:
3334 1926 3475 1991 Quid
3525 1930 3725 1995 prodest

2126 2009 2318 2062 homini
2337 2011 2379 2062 si
2409 2019 2567 2063 totum
2598 2011 2842 2064 mundum
2869 2013 3113 2080 lucretur,
3163 2016 3346 2069 anima:
3399 2028 3577 2071 autem
3625 2037 3725 2073 suos

2127 2099 2478 2153 detrimentum
2527 2102 2753 2169 patiatur
2795 2103 2821 2156 ἱ)
2871 2102 3005 2157 Νυιιι
3061 2106 3331 2176 quidpiam
3383 2108 3555 2163 habes
3609 2110 3725 2165 huic

2126 2191 2592 2261 azquiparandum?
2623 2194 2841 2248 Etiamsi
2887 2203 3053 2251 totum
3097 2198 3281 2252 orbem
3313 2198 3563 2261 dixeris,
3601 2203 3722 2257 nihil

2126 2284 2291 2340 dices.
2321 2285 2450 2351 Quae
2478 2286 2621 2341 enim
2669 2287 2900 2354 utilitas,
2939 2290 3076 2343 sicut
3103 2289 3527 2359 dixitChristus,
3562 2304 3721 2348 totum

2128 2377 2382 2433 mundum
2405 2379 2740 2446 lucrifacere,
2769 2384 2961 2436 auinue
2989 2392 3166 2437 autem
3187 2383 3576 2441 detrimentum
3603 2391 3721 2457 pati,

2125 2485 2228 2539 qua
2275 2470 2406 2525 nihil
2440 2472 2594 2527 nobis
2635 2475 2803 2543 magis
2849 2475 3164 2544 proprium?
3194 2476 3388 2530 Verum
3441 2494 3569 2532 eam
3613 2496 3725 2549 quze

2127 2572 2232 2618 tam
2255 2566 2483 2633 pretiosa
2504 2576 2606 2633 est,
2626 2567 2776 2635 cujus
2815 2576 3013 2622 tantam
3041 2584 3221 2623 curam
3250 2584 3409 2639 agere
3439 2572 3721 2635 debemus,

2126 2666 2184 2710 ut
2207 2657 2336 2711 nihil
2365 2659 2438 2713 illi
2467 2660 2701 2728 praeferri
2725 2659 2936 2723 debeat,
2968 2661 3047 2715 sic
3072 2661 3394 2730 despicimus
3414 2706 3430 2725 ,
3467 2677 3529 2718 ut
3551 2672 3722 2735 quoti-

2126 2747 2212 2802 die
2237 2748 2601 2818 discerpatur,
2633 2758 2687 2804 et
2712 2749 2979 2805 interdum
3006 2751 3075 2805 ab
3106 2754 3322 2807 avaritia
3370 2755 3687 2811 obsideatur
3708 2801 3720 2819 ,

2124 2839 2409 2908 aliquando
2435 2856 2466 2895 a
2490 2843 2703 2897 luxuria
2730 2844 3029 2909 laceretur,
3068 2844 3332 2899 interdum
3364 2846 3433 2900 ab
3484 2849 3562 2901 ira
3597 2866 3721 2903 con-

2124 2928 2395 2997 fundatur,
2417 2943 2471 2988 et
2489 2949 2520 2987 a
2549 2933 2772 3005 singulis
2800 2936 3084 2993 affectibus
3103 2939 3442 3001 multifariam
3468 2954 3717 3007 vexetur,

2125 3033 2179 3078 et
2216 3024 2414 3077 nullatn
2444 3026 2523 3079 vel
2564 3040 2685 3080 sero
2734 3027 2945 3082 tandem
2989 3030 3131 3084 illius
3158 3046 3404 3099 geramus
3454 3036 3719 3090 sollicitu-

2125 3114 2347 3170 dinem?
2374 3116 2503 3184 Quis
2529 3132 2627 3172 nos
2651 3119 2874 3189 posthac
2898 3120 3204 3191 dignabitur
3229 3126 3399 3189 venia,
3428 3136 3485 3180 et
3518 3128 3590 3182 ab
3625 3130 3722 3182 im-

2127 3210 2363 3265 mineute
2404 3211 2666 3279 supplicia
2693 3212 2924 3281 eripiet?
2954 3212 3187 3280 Idcirco,
3221 3216 3448 3271 obsecro
3467 3261 3484 3281 ,
3517 3230 3575 3273 ut
3603 3222 3726 3276 dum

2126 3313 2337 3371 tempus
2359 3302 2637 3369 habemus,
2669 3302 3006 3373 detergamus
3027 3306 3141 3374 ejus
3169 3308 3357 3362 sordes
3384 3310 3554 3379 largis
3582 3315 3725 3367 elec-

2129 3395 2402 3466 mosynis,
2461 3404 2513 3449 et
2562 3394 2667 3450 illis
2714 3404 3051 3464 peccatorum
3096 3409 3395 3453 nostrorum
3453 3404 3727 3457 flatnmam

2125 3487 2545 3558 cxstinguamus.
2593 3485 2774 3557 Ignem
2807 3490 2949 3543 enim
2972 3532 2987 3557 ,
3020 3490 3219 3558 inquit,
3250 3491 3510 3544 ardentem
3539 3499 3729 3546 exstin-

2126 3590 2241 3649 guct
2284 3597 2433 3649 aqua,
2464 3591 2724 3648 peccatum
2750 3596 2864 3634 vero
2894 3582 3220 3651 elccmosynis
3246 3595 3499 3653 purgatur
3534 3584 3725 3653 (Ec-cli.

2126 3672 2179 3725 5.
2209 3670 2320 3741 55).
2349 3671 2489 3724 Nihil
2521 3670 2662 3727 enim
2693 3687 2913 3741 prorsus
2944 3673 3163 3741 perinde
3202 3688 3297 3727 nos
3342 3675 3589 3730 eximere
3641 3694 3730 3745 po.

2128 3772 2232 3817 lost
2279 3779 2307 3815 a
2354 3764 2598 3834 gehenna
2651 3763 2808 3834 ignis,
2860 3774 3018 3834 atque
3074 3765 3287 3835 largitas
3340 3768 3726 3840 elcemosynzt'.

2126 3840 2283 3910 istam
2305 3856 2349 3910 si
2371 3856 2775 3925 prmstiterimus
2798 3856 3089 3911 secundum
3121 3857 3263 3928 leges
3291 3872 3321 3911 a
3354 3858 3588 3915 Domino
3623 3872 3727 3915 tra-

2126 3948 2285 4012 ditas,
2309 3963 2502 4016 nempe
2524 3947 2656 4002 nihil
2683 3947 2749 4003 ad
2786 3950 3196 4004 ostentationem
3228 3950 3505 4017 facientes,
3538 3953 3637 4007 sed
3664 3954 3729 4006 ob

2128 4058 2366 4098 amorem
2396 4042 2448 4096 in
2479 4043 2643 4096 Deum
2664 4083 2679 4106 ,
2713 4042 3006 4112 poterimus
3036 4054 3089 4097 et
3118 4054 3458 4113 peccatorum
3511 4059 3729 4101 noetro-

2127 4150 2245 4189 rum
2267 4133 2502 4189 maculas
2521 4134 2758 4200 abluere,
2787 4142 2842 4189 et
2865 4134 3097 4189 divinam
3126 4135 3550 4191 misericordiam
3578 4152 3730 4193 asse-

2128 4226 2239 4295 qui,
2266 4226 2432 4296 gratia
2459 4235 2513 4280 et
2539 4226 2967 4281 miserationibus
3010 4226 3264 4297 unigeniti
3289 4226 3409 4281 Filii
3438 4228 3561 4298 ejus
3596 4273 3612 4297 ,
3647 4232 3729 4285 eui

2127 4334 2249 4373 cum
2290 4318 2447 4374 Patre
2477 4326 2532 4375 et
2567 4327 2753 4374 sancto
2797 4318 2996 4389 Spiritu
3024 4318 3095 4373 sit
3136 4319 3324 4389 gloria,
3356 4320 3652 4389 imperium
3684 4335 3733 4379 et

2131 4413 2325 4475 honor,
2368 4426 2510 4467 nunc
2559 4420 2615 4466 et
2667 4426 2901 4481 semper,
2939 4419 2993 4467 et
3035 4411 3086 4466 iu
3132 4413 3323 4467 szecula
3374 4416 3731 4471 sa-culorum.

2128 4503 2321 4558 Amen.

2659 4590 2939 4648 HOMILIA
2977 4591 3192 4647 XXXII.

2133 4729 2199 4783 Et
2227 4731 2360 4784 visus
2405 4738 2475 4785 est
2517 4729 2768 4785 Dominus
2807 4729 2991 4796 Abrae,
3023 4740 3070 4784 et
3110 4731 3238 4785 dixit
3278 4731 3322 4784 ei
3352 4748 3370 4785 :
3397 4730 3607 4786 Semini
3651 4746 3739 4789 tuo

2201 4826 2330 4877 dabo
2358 4835 2540 4876 terram
2578 4825 2745 4889 hanc;
2783 4832 2829 4877 et
2865 4825 3111 4877 exstruxit
3148 4825 3213 4878 ibi
3252 4825 3411 4878 altare
3449 4824 3690 4881 Domino
3718 4872 3732 4895 ,

2107 4941 2116 4953 -
2204 4916 2290 4984 qui
2314 4915 2446 4969 visus
2475 4924 2549 4967 est
2578 4915 2622 4967 ei
2647 4913 2796 4983 (Gen.
2832 4915 2916 4969 12.
2948 4915 3025 4985 7).

2204 5050 2253 5101 l.
2298 5045 2400 5101 Cur
2442 5047 2655 5101 noluerit
2698 5046 2836 5101 Deus
2881 5047 3070 5100 claram
3115 5065 3218 5102 esse
3263 5049 3618 5118 Srripturam.
3667 5087 3739 5098 —-

2128 5140 2323 5197 Multus
2344 5151 2397 5194 et
2420 5140 2710 5195 immensus
2737 5141 2788 5195 in
2810 5142 2874 5195 iis
2895 5184 2907 5203 ,
2931 5157 3049 5212 quae
3072 5143 3225 5210 paulo
3246 5152 3368 5197 ante
3388 5156 3520 5200 sunt
3551 5148 3698 5202 lecta
3722 5194 3735 5211 ,

2131 5235 2414 5289 thesaurus
2432 5235 2579 5299 latet,
2598 5234 2946 5297 dilectissimi,
2966 5246 3019 5289 et
3039 5251 3171 5304 opus
3192 5244 3271 5290 est
3293 5238 3497 5292 intenta
3521 5250 3735 5303 mente.

2128 5328 2413 5395 Sobriaque
2438 5336 2492 5381 et
2518 5326 2750 5396 vigilanti
2781 5327 3007 5393 ratione,
3042 5328 3108 5380 ita
3142 5337 3196 5381 ut
3224 5327 3353 5381 nihil
3381 5343 3573 5383 eorum
3610 5348 3736 5402 que

2130 5420 2179 5471 in
2210 5417 2457 5472 brevibus
2482 5417 2657 5472 verbis
2689 5418 2872 5484 latent,
2899 5432 2996 5473 nos
3019 5428 3314 5487 praetereat.
3340 5418 3476 5473 Nam
3503 5436 3737 5491 pmptcr

2129 5510 2229 5564 hoc
2255 5520 2308 5565 et
2338 5510 2643 5565 misericors
2676 5510 2813 5564 Deus
2843 5525 2947 5563 non
2986 5509 3126 5565 facili
3156 5522 3206 5565 et
3247 5513 3619 5580 perfunctoria
3656 5518 3737 5570 le-

2128 5601 2305 5657 ctione
2322 5602 2487 5657 voluit
2514 5601 2667 5657 nobis
2693 5602 2869 5656 omnia
2892 5617 3011 5672 quas
3041 5604 3091 5655 in
3123 5601 3411 5672 Scripturis
3436 5606 3737 5660 contineo.

2133 5707 2216 5753 tur
2242 5738 2259 5766 ,
2292 5698 2569 5755 manifesta
2596 5707 2649 5755 et
2678 5696 2955 5769 perspicua
2985 5709 3103 5751 esse
3129 5736 3142 5764 ,
3172 5705 3229 5751 ut
3251 5710 3477 5753 excussa
3504 5714 3734 5758 somno-
