3788 6250
137 251 244 307 291

132 366 288 420 κατά
313 365 369 419 δέ
417 364 526 452 τὴν
575 369 897 442 προαίρεσιν
947 373 1049 426 οὐκ
1086 372 1166 428 ἔτι
1191 393 1206 407 ο
1242 378 1356 431 ἀλλ’
1395 381 1600 443 ἐκεῖνος
1639 381 1734 452 μέν

132 450 324 505 καίτοι
348 445 453 502 τοῦ
469 451 704 522 ἀδελφοῦ
735 455 872 524 πρὸς
897 456 1062 509 τοσαύ
1078 475 1166 527 την
1189 461 1391 534 ἀρετήν
1413 445 1735 531 φθάσαντος,

133 537 220 588 ἔτι
246 538 315 606 τῇ
357 535 537 609 πλάνῃ
567 538 1011 609 προκατείληπτο
1031 557 1044 571 ·
1077 536 1233 608 οὗτος
1262 545 1319 598 δὲ
1350 547 1472 600 καθ’
1501 549 1738 618 ἐκάστην

130 620 356 690 ἡμέραν
392 619 603 673 ἐδείκνυ
636 619 703 673 δι’
734 621 913 676 αὐτῶν
936 623 1044 677 τῶν
1080 627 1421 697 πραγμάτων
1441 629 1618 684 ἅπασι
1640 631 1738 702 τῆς

130 705 287 756 κατά
333 702 468 756 Θεὸν
510 704 678 758 αὑτοῦ
717 706 921 778 ἀρετῆς
957 710 1056 780 τὴν
1104 709 1366 766 ἐπίδοσιν.
1409 713 1522 767 Καὶ
1565 709 1734 784 ἦλθε,

130 787 330 859 φησὶν,
361 789 448 853 είς
481 787 598 857 γῆν
620 791 883 853 Χαναὰν,
909 792 1007 845 καὶ
1031 791 1360 850 διώδευσεν
1385 798 1599 866 Ἀϐραμ
1621 797 1740 866 τὴν

126 869 256 940 γῆν
279 873 370 938 είς
394 869 462 924 τὸ
491 870 686 941 μῆκος
719 873 934 942 αὐτῆς,
973 875 1078 942 ἕως
1119 877 1225 932 τοῦ
1257 880 1448 934 τόπου
1485 881 1592 935 τοῦ
1628 884 1738 936 Συ-

125 954 271 1023 χὲμ,
306 955 406 1008 ἐπὶ
446 953 563 1022 τὴν
591 955 744 1024 δρῦν
780 956 896 1025 τὴν
923 957 1193 1026 ὑψηλήν.
1223 961 1473 1016 Διδάσκει
1513 965 1658 1034 ἡμᾶς
1698 966 1732 1037 ή

125 1037 330 1109 Γραφὴ
365 1037 425 1092 τὸ
455 1039 620 1110 μέρος
653 1039 752 1110 τῆς
784 1039 990 1112 χώρας,
1014 1045 1094 1107 είς
1120 1042 1149 1096 δ
1175 1045 1271 1098 νῦν
1294 1045 1393 1117 τὴν
1417 1046 1736 1118 κατοίκησιν

125 1124 372 1174 ποιεῖται
401 1121 429 1173 ό
454 1122 682 1186 δίκαιος.
712 1119 867 1189 Εἶτα,
902 1124 989 1177 ἵνα
1021 1125 1286 1198 μάθωμεν
1324 1130 1473 1193 ὅπως
1504 1129 1734 1186 διέκειτο

123 1205 213 1257 ἔτι
243 1205 326 1258 τάΓ
365 1205 572 1269 αὐτόθι,
605 1207 792 1277 φησὶν,
840 1211 906 1262 Οί
952 1207 1022 1262 δὲ
1059 1211 1379 1266 Χαναναῖοι
1416 1213 1549 1267 τότε
1594 1232 1731 1269 κατ-

120 1287 335 1353 ῴκουν
359 1288 476 1356 τὴν
504 1287 641 1359 γῆν.
662 1290 775 1361 Οὑχ
798 1289 987 1355 ἁπλῶς
1016 1292 1174 1346 τοῦτο
1204 1296 1591 1368 ἐπεσημήνατο
1620 1299 1729 1354 πά·-

121 1371 213 1425 λιν
228 1374 259 1425 6
283 1373 554 1444 μακάριος
569 1373 831 1444 Μωὸσῆς,
848 1373 962 1427 ἀλλ’
979 1375 1067 1430 ἶνα
1087 1375 1348 1448 μάθωμεν
1367 1381 1460 1434 καὶ
1480 1380 1727 1436 ἐντεῦθεν

121 1455 230 1526 τὴν
247 1454 542 1524 φιλόσοφον
567 1453 792 1527 γνώμην
817 1457 908 1509 τοῦ
935 1461 1297 1530 πατριάρχου,
1316 1462 1396 1516 δτι
1415 1464 1524 1520 τῶν
1548 1467 1728 1521 τόπων

122 1538 211 1590 ἔτι
243 1538 815 1610 προκατειλημμένων
842 1539 948 1592 ὑπὸ
979 1541 1088 1596 τῶν
1120 1543 1463 1613 Χαναναίων,
1489 1550 1731 1619 ἡναγκά-

122 1623 257 1686 ζετο
285 1621 542 1694 καθάπερ
575 1622 781 1695 ἀλήτης
808 1625 905 1676 καὶ
941 1623 1108 1692 ξένος,
1142 1629 1238 1681 καὶ
1275 1629 1351 1694 ώς
1382 1625 1462 1695 εἷς
1501 1634 1610 1688 τῶν
1642 1636 1731 1688 εὑ-

120 1705 303 1758 τελῶν
334 1708 428 1758 καὶ
459 1707 910 1778 ἀπερριμμένων,
947 1709 1022 1774 ώς
1058 1709 1213 1782 ἐτυχε
1259 1713 1570 1783 καταλύειν,
1611 1718 1732 1772 οὐδὲ

121 1789 482 1858 καταγωγίου
505 1790 636 1852 ἴσως
659 1790 926 1862 εὐπορῶν.
957 1793 1067 1845 Καὶ
1087 1794 1235 1865 ὅμως
1253 1795 1373 1850 οὐδὲ
1389 1797 1562 1864 οὕτως
1579 1800 1731 1853 ἐδυσ-

119 1872 385 1943 χέρανεν,
422 1873 543 1926 οὐδὲ
568 1867 712 1924 εἷπε·
753 1874 816 1924 Τί
851 1873 1039 1941 τοῦτο;
1062 1877 1088 1928 6
1113 1877 1250 1946 μετά
1272 1883 1540 1952 τοσαύτης
1562 1885 1730 1955 τιμῆς

120 1958 223 2010 καὶ
260 1956 559 2028 θεραπείας
587 1957 794 2026 διάγων
839 1959 897 2010 ἐν
935 1962 1000 2030 τῇ
1033 1961 1279 2033 Χαρράν,
1309 1962 1402 2018 νῦν
1426 1966 1731 2036 ἀναγκάζο-

120 2057 254 2108 μαι,
297 2040 374 2103 ὼς
403 2039 594 2104 ἄπολις
614 2079 629 2104 ,
661 2042 755 2094 καὶ
791 2040 961 2106 ξένος,
1014 2044 1109 2096 καὶ
1141 2043 1382 2115 ἔπηλυς,
1417 2050 1475 2102 ἐν
1504 2051 1728 2122 χάριτος

120 2125 288 2196 μέρει
320 2125 610 2194 περιιέναι,
648 2126 742 2178 καὶ
791 2126 1136 2196 καταγωγίου
1171 2129 1418 2194 εὐτελοῦς
1452 2133 1726 2204 ἐπιζητεῖν

114 2209 461 2263 ἀνάπαυσιψ
500 2209 591 2262 καὶ
615 2209 735 2262 οὐδὲ
760 2207 934 2274 οὕτως
972 2211 1250 2282 ἐπιτυχεῖν
1277 2213 1509 2286 δύναμαι
1537 2219 1722 2284 αὑτοῦ,

115 2292 240 2344 ἀλλ’
273 2295 332 2345 ἐν
358 2296 589 2364 σκηναῖς
629 2295 723 2346 καὶ
759 2293 1023 2358 καλύϐαις
1049 2313 1117 2366 με
1141 2297 1346 2366 διάγειν
1371 2302 1604 2374 ἀνάγκη,
1632 2306 1726 2358 καὶ

114 2375 223 2438 τὰς
259 2375 427 2440 ἄλλας
467 2377 686 2440 ἁπάσας
714 2378 901 2449 φέρειν
931 2379 1329 2452 ταλαιπωρίας.
1366 2385 1535 2439 Τοῦτό
1577 2390 1724 2441 ἐστιν

112 2458 244 2511 ὅλον
277 2458 307 2510 ὃ
338 2460 511 2528 έλεγε,
527 2461 728 2529 Δεῦρο,
749 2461 848 2515 καὶ
874 2463 1108 2531 ποιήσω
1130 2481 1204 2519 σε
1228 2468 1315 2532 είς
1333 2467 1505 2535 ἔθνος
1531 2471 1721 2541 μέγιη

116 2541 280 2604 Τέως
318 2559 409 2612 μοι
442 2543 582 2597 καλά
605 2545 673 2596 τά
716 2545 1008 2616 προοίμια·
1043 2548 1096 2600 τί
1131 2551 1368 2619 χρηστόν
1400 2554 1513 2605 ἐστι
1552 2571 1721 2625 προσ-

114 2625 361 2694 δοκῆσαι
382 2627 598 2694 λοιπόν;
629 2627 767 2681 Ἀλλ’
792 2629 914 2682 οὐδὲ
940 2629 1111 2694 οὕτως
1134 2633 1393 2704 ἠνέσχετό
1414 2654 1465 2690 τι
1487 2638 1721 2691 τοιοῦτον

112 2711 301 2794 εἰπεῖν
343 2712 373 2764 ό
403 2710 632 2777 δίκαιος,
664 2712 783 2765 οὐδὲ
842 2713 1156 2768 ἐνδοιάσαι·
1200 2715 1313 2769 ἀλλ’
1337 2718 1618 2794 ὁλοκλήρῳ
1652 2725 1717 2792 τῇ

112 2793 358 2866 διανοίᾳ,
386 2798 480 2850 καὶ
509 2796 690 2868 τελείᾳ
711 2800 778 2869 τῇ
813 2798 992 2852 πίστει
1016 2798 1300 2873 θαρρήσας
1327 2807 1446 2868 ταῖς
1468 2793 1560 2858 τοῦ
1587 2808 1720 2860 Θεοῦ

113 2879 506 2948 ὑποσχέσεσιν,
527 2879 718 2953 ἀκλινῆ
745 2881 1008 2953 διηνεκῶς
1037 2883 1160 2955 ἔσχε
1181 2885 1271 2940 τὸν
1297 2886 1572 2960 λογισμόν·
1601 2891 1668 2945 δι’
1693 2893 1722 2946 ὃ

117 2966 221 3018 καὶ
251 2965 466 3035 ταχέως
485 2965 689 3038 ἠξιώθη
720 2970 818 3040 τῆς
852 2967 1058 3022 ἀνωθεν
1094 2974 1468 3042 παραμυθίας.

187 3045 262 3112 ζ’.
293 3048 436 3130 έΑλλ’
468 3049 554 3102 ἴνα
582 3050 658 3122 μὴ
689 3052 768 3116 εἰς
796 3051 930 3106 πολὺ
958 3054 1131 3125 μῆκος
1161 3057 1489 3129 ἐκτείνωμεν
1513 3058 1612 3130 τὴν
1638 3061 1718 3114 δι-

106 3129 442 3196 δασκαλίαν,
470 3133 704 3189 ἐνταῦθα
725 3136 1024 3207 στήσαντες
1055 3140 1498 3211 καταπαύσωμεν
1520 3129 1610 3197 τδν
1635 3145 1721 3198 λό-

108 3235 239 3287 γον,
269 3218 448 3270 ἐκεῖνο
487 3221 970 3290 παρακαλέσαντες
1011 3224 1165 3294 ὑμῶν
1206 3225 1306 3297 τὴν
1339 3227 1580 3298 ἀγάπην,
1624 3247 1718 3299 μι-

112 3302 406 3373 μήσασθαι
435 3300 529 3354 τοῦ
573 3303 782 3357 δικαίου
826 3305 1014 3358 τούτου
1059 3306 1155 3378 τὴν
1181 3307 1425 3381 γνώμην.
1470 3313 1578 3366 Καὶ
1609 3313 1718 3385 γὰρ

109 3387 182 3440 ἂν
209 3386 301 3457 εἴη
332 3386 443 3440 τῶν
492 3388 879 3455 ἀτοπωτάτων,
907 3391 956 3443 εί
978 3391 1006 3442 ό
1037 3392 1135 3462 μὲν
1169 3393 1375 3458 δίκαιος
1409 3390 1580 3459 οὗτος,
1609 3398 1718 3451 ἀπὸ

107 3470 221 3541 γῆς
268 3473 354 3536 εἰς
401 3472 505 3542 γῆν
538 3473 907 3545 καλούμενος,
958 3476 1224 3546 τοσαύτην
1273 3480 1587 3545 ἐπεδείξατο
1619 3483 1718 3552 τὴν

109 3553 410 3630 ὑπακοὴν,
458 3557 552 3608 καὶ
585 3554 708 3609 οὐτε
732 3557 792 3610 τὸ
834 3561 1030 3631 γῆρας,
1084 3559 1207 3614 οὐτε
1247 3561 1314 3615 τά
1354 3563 1524 3629 ἄλλα,
1574 3567 1718 3638 άπερ

105 3639 655 3710 ἀπηριθμησάμεθα,
693 3641 1012 3712 κωλύματα,
1038 3642 1211 3715 οὐτεή
1237 3645 1343 3698 τῶν
1366 3647 1575 3718 καιρῶν
1592 3649 1717 3701 δυσ-

107 3722 295 3786 κολία,
333 3722 457 3775 οὐτε
491 3723 621 3776 ἄλλο
657 3742 708 3777 τι
759 3724 866 3778 τῶν
914 3726 1159 3796 ἐπισχεῖν
1200 3729 1362 3781 αὑτὸν
1403 3729 1716 3801 δυναμένων

105 3806 345 3877 ἴσχυσεν
373 3807 732 3879 ὀκνηρότερον
766 3808 928 3862 αὐτὸν
971 3812 1099 3880 περὶ
1128 3811 1228 3882 τὴν
1267 3812 1512 3884 ὑπακοὴν
1546 3832 1716 3869 κατα-

107 3892 339 3961 στῆσαι,
374 3889 510 3943 ἀλλά
541 3893 718 3945 πάντα
747 3892 1046 3965 διαρρήξας
1075 3895 1143 3948 τά
1177 3896 1351 3965 δεσμά
1381 3895 1590 3968 έτρεχε,
1621 3901 1716 3952 καὶ

106 3976 382 4046 ἠπείγετο
413 3977 442 4028 6
481 3977 681 4047 γέρων,
711 3977 963 4049 καθάπερ
1001 3980 1116 4043 νέος
1153 3980 1420 4050 σφριγῶν,
1453 3984 1589 4051 μετὰ
1616 3985 1716 4054 τῆς

104 4059 401 4129 γυναικὸς,
437 4061 532 4112 καὶ
583 4060 679 4113 τοῦ
729 4062 1042 4132 ἀδελφιδοῦ,
1075 4066 1166 4117 καὶ
1203 4065 1311 4117 τῶν
1357 4067 1602 4133 οἰκετῶν,
1635 4072 1714 4133 είς

105 4145 278 4214 ἔργον
316 4144 550 4212 ἀγαγεῖν
591 4145 652 4197 τὸ
684 4147 834 4217 παρά
885 4147 978 4199 τοῦ
1011 4148 1146 4200 Θεοῦ
1187 4150 1510 4219 ἐπιταχθέν’
1553 4154 1712 4224 ἡμεῖς

102 4229 163 4280 δὲ
190 4229 300 4281 οὐκ
325 4227 436 4279 ἀπὸ
460 4228 564 4298 γῆς
591 4231 670 4292 εἰς
701 4230 806 4300 γῆν
836 4231 1179 4302 καλούμενοι,
1221 4234 1336 4286 ἀλλ’
1365 4234 1471 4287 ἀπὸ
1499 4237 1598 4306 γῆς
1633 4241 1710 4302 είς

102 4314 200 4365 τὸν
236 4312 494 4383 οὐρανὸν,
535 4313 655 4366 οὐδέ
701 4316 802 4386 τὴν
845 4317 1015 4387 αὐτὴν
1044 4317 1120 4387 τῷ
1165 4319 1357 4390 δικαίῳ
1405 4321 1711 4393 προθυμίαν

103 4396 247 4466 περὶ
271 4399 374 4465 τὴν
400 4396 646 4468 ὑπακοὴν
675 4399 1076 4469 ἐπιδειξόμεθα,
1106 4401 1241 4454 ἀλλὰ
1274 4404 1487 4475 ψυχρὰς
1516 4405 1710 4458 πολλά-

103 4499 195 4543 κις
228 4482 327 4533 καὶ
356 4482 648 4554 ἀνονήτους
675 4484 1088 4556 προϐαλλόμεθα
1114 4488 1292 4552 αἰτίας
1315 4499 1354 4553 ⁸,
1388 4491 1481 4542 καὶ
1501 4489 1623 4544 οὔτε
1649 4492 1710 4546 τὸ

104 4565 356 4635 μέγεοος
378 4565 532 4637 [515]
564 4567 671 4620 τῶν
711 4569 1074 4636 ἐπαγγελιῶν,
1099 4570 1222 4624 οὐτε
1251 4572 1312 4624 τὸ
1353 4574 1566 4638 εὐτελὲς
1600 4576 1710 4628 τῶν

99 4650 435 4721 ὁρωμένων,
471 4650 557 4702 ὅτι
609 4653 774 4722 γήϊνα
823 4655 916 4706 καὶ
954 4654 1264 4726 πρόσκαιρα
1288 4695 1303 4720 ,
1343 4655 1466 4710 οὐτε
1510 4657 1570 4712 τὺ
1613 4659 1707 4711 τοῦ

102 4734 414 4796 καλοῦντος
448 4734 670 4804 ἀξίωμα
711 4736 1000 4803 ἐφέλκεται
1049 4741 1195 4809 ἡμᾶς
1219 4757 1230 4769 ·
1263 4741 1400 4794 ἀλλὰ
1443 4743 1708 4816 τοσαύτην

99 4816 544 4888 ἐπιδεικνύμεθα
579 4817 681 4889 τὴν
721 4820 1014 4892 ρᾳθυμίαν,
1054 4823 1128 4887 ὡς
1157 4828 1429 4896 προτιμᾷν
1475 4827 1582 4880 τῶν
1621 4829 1708 4883 ἀεὶ

101 4902 394 4971 μενόντων
434 4901 503 4954 τά
538 4904 868 4973 πρόσκαιρα,
905 4909 997 4958 καὶ
1022 4906 1120 4978 τὴν
1165 4909 1268 4979 γῆν
1307 4909 1401 4962 τοῦ
1453 4911 1702 4982 οὐρανοῦ,

99 4987 202 5038 καὶ
232 4983 308 5037 τά
339 4983 610 5070 μηδέποτε
653 4987 805 5051 τέλος
844 4988 1026 5042 λαϐεῖν
1064 4991 1335 5063 δυνάμενα
1367 4992 1475 5046 τῶν
1508 4996 1637 5067 πρὶν
1670 4998 1703 5070 ἦ

98 5067 356 5152 φανῆναι
393 5069 787 5140 ἀφιπταμένων
812 5073 861 5124 1³.
894 5074 1072 5147 Μέχρι
1100 5075 1208 5147 γάρ
1240 5077 1390 5142 πότε,
1427 5081 1548 5134 είπέ
1593 5067 1703 5152 μοι,

95 5155 286 5216 οὕτως
319 5151 386 5205 ἂν
421 5155 748 5225 μεμήναμεν
775 5158 903 5228 περὶ
927 5159 1023 5229 τὴν
1056 5161 1164 5213 τῶν
1192 5163 1489 5233 χρημάτων
1521 5151 1705 5220 συλλο-

94 5240 251 5306 γήνς
284 5235 369 5299 τίς
411 5239 446 5306 ή
475 5237 646 5291 λύσσα
675 5239 736 5292 τὸ
781 5241 901 5294 καθ’
935 5243 1172 5315 ἐκάστην
1203 5247 1416 5318 ἡμέραν
1466 5250 1569 5302 ὑπο
1606 5255 1704 5322 τῆς

94 5321 362 5394 χαλεπῆς
401 5321 700 5393 ἐπιθυμίας
731 5324 1159 5394 πολιορκεῖσθαι,
1183 5333 1278 5384 καὶ
1315 5332 1585 5403 μηδέποτε
1612 5335 1701 5388 κό-

95 5425 198 5478 ρον
224 5404 553 5490 λαμὸάνειν,
583 5405 718 5461 ἀλλά
749 5410 968 5464 καὶτῶν
997 5413 1301 5483 μεθυόντων
1324 5417 1703 5490 χαλεπώτερον

91 5489 461 5558 διακεῖσθαι;
509 5492 780 5567 Καθάπερ
829 5496 938 5568 γὰρ
968 5500 1198 5567 ἐκεῖνοι,
1233 5502 1343 5572 ὅσῳ
1382 5502 1448 5557 ἂν
1482 5489 1701 5558 πλείονα

156 5612 188 5678 f
224 5610 614 5678 ῃροόαλλόμεθα
631 5613 908 5678 ἀπολογίας.
935 5615 1020 5666 Sic
1039 5617 1236 5678 quidam
1256 5632 1372 5669 mss.

161 5674 192 5710 ιο
222 5671 312 5722 Sii:
332 5671 508 5722 omnes'
529 5673 730 5725 omnino
753 5671 867 5726 m'ss.
903 5683 957 5726 ei
980 5671 1100 5729 editi
1131 5700 1142 5728 :
1169 5681 1234 5730 ita
1260 5690 1314 5730 ul.
1339 5683 1611 5734 verisimile
1635 5688 1700 5736 sil

93 5739 164 5806 in!
189 5737 602 5806 Chry§o_stomuAm
623 5737 826 5806 di_xiss§,
853 5745 906 5787 et
937 5741 1285 5806 hac_stupenda
1307 5745 1534 5806 ἐναλλαγῇ
1557 5763 1695 5796 usum

95 5799 290 5866 fuisafa;
321 5797 572 5866 ὁρῷμεηέ
597 5797 944 5866 enim_dicere.
967 5804 1047 5866 καὶ
1069 5797 1164 5850 τιῖἱν
1189 5807 1424 5863 μηδέποτε
1457 5797 1590 5866 τέλος
1613 5811 1695 5858 λα-

93 5868 195 5909 6¢'v
221 5860 501 5921 δυναμένων
527 5861 584 5908 τὰ
607 5862 760 5926 πρὶνὴ
788 5869 983 5925 φανῆναι
1009 5860 1326 5928 ἀφιπτάμενα.

1249 262 1315 319 ΙΝ
1346 265 1498 322 CAP.
1542 265 1634 322 XII
1673 268 1917 328 GENES.
1951 272 2188 331 HOMIL.
2231 275 2446 334 XXXII.

3314 286 3423 342 '29‘3

1846 386 2041 442 πίνωσι
2066 391 2157 444 τὸν
2185 393 2440 465 ἄκρατον,
2463 391 2701 465 τοσούτῳ
2729 394 2928 465 μᾶλλον
2950 395 3257 451 ἐκκαίονται
3287 399 3423 472 πρὸς

1839 472 1900 522 τὸ
1923 471 2094 541 δέψος,
2121 477 2213 527 καὶ
2252 475 2642 548 χαλεπωτέραν
2669 476 2769 549 τὴν
2797 479 3028 549 κάμινον
3053 471 3385 536 ἀνάπτουσιν
3404 497 3419 514 ·

1839 553 1983 608 οὕτω
2019 557 2084 627 δὴ
2125 561 2217 612 καὶ
2245 557 2390 614 οὗτοι
2422 563 2486 632 τῇ
2535 562 2814 631 τυραννίδι
2841 562 2943 632 τῆς
2971 563 3082 617 τῶν
3125 566 3425 636 χρημάτων

1839 637 2134 710 ἐπιθυμίας
2184 643 2412 706 ἐαυτοὺς
2457 644 2813 709 ἐκδεδωκότες
2867 646 3121 701 οὐδέποτε
3177 648 3427 704 ἵστανται

1837 723 1938 794 τῆς
1971 725 2265 797 ἐπιθυμίας
2284 743 2298 758 ·
2325 728 2438 782 ἀλλ’
2470 730 2580 800 ὅσῳ
2619 728 2686 783 ἂν
2711 729 2934 785 πλείονα
2965 731 3421 804 περιϐάλλωνται,

1837 807 2075 878 τοσούτῳ
2109 810 2310 880 μᾶλλον
2358 813 2570 883 αἴρεται
2614 814 2648 884 ή
2688 814 2838 883 φλὸξ,
2882 816 2974 869 καὶ
3022 816 3420 889 σφοδροτέραή

1839 889 2067 960 κάμινος
2093 893 2411 950 ἀνάπτεται.
2447 897 2558 966 Οὐχ
2595 896 2810 967 ὁρῶμεν
2836 898 2963 962 τοὺς
2992 899 3097 970 πρὸ
3129 899 3308 970 ήμῶν,
3339 900 3423 954 ὅτι

1841 975 1981 1045 μετά
2017 976 2078 1030 τὸ
2112 977 2347 1044 ἃπασαν,
2377 979 2451 1043 ὡς
2480 981 2675 1044 εἰπεῖν,
2703 982 2802 1054 τὴν
2839 984 3161 1054 οἰκουμένην
3195 985 3423 1057 περιϐα-

1836 1057 2045 1120 λέσθαι.
2078 1062 2275 1132 γυμνοὶ
2307 1064 2402 1117 καὶ
2434 1063 2632 1136 ἐρημοι
2666 1063 2916 1119 ἐντεῦθεν
2965 1067 3418 1139 ἀνηρπάσθησαν,

1836 1143 2087 1197 τοσοῦτον
2115 1145 2275 1214 μόνον
2331 1146 2777 1212 ἀπολαύσαντες,
2821 1149 2944 1204 ὅσον
2981 1149 3136 1214 δίκας
3167 1153 3282 1204 ἐκεῖ
3323 1153 3420 1204 καὶ

1837 1224 2066 1290 εὐθύνας
2096 1227 2236 1299 ὑπὲρ
2265 1229 2519 1284 ἁπάντων
2541 1231 2922 1296 ἀπαιτεῖσθαι;
2951 1233 3062 1286 Καὶ
3090 1232 3159 1286 τά
3191 1233 3288 1305 μὲν
3317 1232 3418 1303 τῆς

1837 1307 2025 1373 οὐσίας
2068 1310 2331 1376 πολλάκις
2371 1313 2708 1384 διενείμαντο
2756 1314 3031 1386 διάφοροι·
3071 1316 3140 1369 τά
3175 1315 3230 1368 δέ
3276 1315 3418 1387 ὑπὲρ

1836 1392 2040 1446 τούτων
2059 1393 2432 1466 ἁμαρτήματα
2447 1399 2606 1460 αὐτὸς
2627 1397 2786 1468 μόνος
2802 1398 3196 1470 ἐπιφερόμενος
3210 1398 3416 1466 ἄπεισι,

1834 1475 1935 1537 τὰς
1972 1477 2112 1548 ὑπὲρ
2141 1477 2346 1533 τούτων
2377 1479 2628 1543 κολάσεις
2675 1481 2812 1551 μετὰ
2850 1480 3050 1551 πολλῆς
3082 1482 3182 1553 τῆς
3208 1483 3418 1550 ἀγανα-

1835 1561 2079 1631 κτήσεως
2101 1562 2338 1634 ὑπέχων,
2358 1564 2452 1617 καὶ
2468 1563 2724 1634 οὐδεμίαν
2745 1564 3046 1635 οὐδαμόθεν
3065 1563 3417 1636 παραμυθίαν

1833 1643 2014 1714 εὑρεῖν
2047 1645 2367 1717 δυνάμενος.
2394 1647 2551 1710 Τίνος
2572 1644 2666 1702 οὖν
2700 1649 2907 1713 ἕνεκεν,
2943 1648 3064 1702 είπέ
3099 1665 3210 1721 μοι,
3243 1647 3417 1713 οὑτως

1831 1728 2050 1798 ἀμελῶς
2083 1730 2220 1800 πρὸς
2252 1732 2351 1800 τὴν
2392 1731 2604 1786 ἐαυτῶν
2632 1731 2906 1803 σωτηρίαν
2939 1732 3279 1804 διακείμεθα,
3317 1734 3415 1785 καὶ

1830 1811 1906 1874 ὠς
1931 1813 2057 1884 περὶ
2079 1813 2364 1885 ἀλλοτρίας
2385 1813 2528 1868 οὑτω
2552 1814 2917 1887 βουλευόμεθα
2938 1817 3182 1887 περὶτῆς
3207 1817 3413 1869 ἐαυτῶν

1828 1891 2005 1965 ψυχῆς
2028 1912 2041 1960 ;
2075 1896 2188 1948 Οὐκ
2216 1895 2433 1960 ἀκούεις
2455 1896 2550 1950 τοῦ
2574 1898 2811 1969 Χριστοῦ
2837 1898 3106 1968 λέγοντος·
3145 1900 3206 1953 Τί
3233 1897 3415 1952 δώσει

1829 1978 2138 2046 ἅνθρωπος
2183 1979 2578 2051 ἀντάλλαγμα
2625 1982 2735 2052 τῆς
2771 1981 2980 2053 ψυχῆς
3026 1981 3250 2047 αὐτοῦ;
3305 1983 3412 2034 Καὶ

1829 2063 2010 2116 πάλιν*
2052 2065 2113 2116 Tl
2155 2063 2469 2132 ὠφελεῖται
2516 2065 2862 2135 ἅνθρωπος,
2891 2066 3001 2120 ἐὰν
3029 2067 3137 2120 τόν
3179 2070 3413 2133 κόσμον

1827 2145 1974 2200 ὅλον
2022 2148 2288 2218 κερδήσῃ
2315 2189 2329 2214 ,
2375 2148 2490 2219 τὴν
2536 2149 2605 2204 δὲ
2635 2151 2850 2220 ψυχὴν
2901 2151 3088 2207 αὑτοῦ
3117 2150 3370 2221 ζημιωθῇ
3391 2167 3411 2216 ;

1827 2229 1919 2300 Μὴ
1947 2228 2056 2301 γάρ
2085 2230 2229 2300 ἔχεις
2256 2247 2308 2286 τι
2332 2231 2534 2304 ταύτης
2563 2233 2850 2302 ἀντάξιον;
2882 2233 3002 2289 Κᾶν
3032 2233 3130 2305 τὴν
3155 2234 3411 2303 οἰκουμέ-

1827 2330 1925 2383 νην
1946 2313 2074 2385 ὃλην
2102 2315 2286 2388 εἴπῃς,
2309 2316 2465 2371 οὐδὲν
2499 2319 2664 2388 ἐρεῖς.
2691 2319 2757 2370 Τί
2787 2318 2896 2391 γάρ
2920 2317 3129 2387 δφελος,
3157 2318 3410 2390 καθάπερ

1825 2397 1853 2449 6
1888 2398 2125 2468 Χριστὸς
2157 2395 2301 2464 εἷπε,
2331 2400 2507 2455 πάντα
2543 2402 2636 2455 τὸν
2679 2402 2883 2473 κόσμον
2917 2403 3195 2474 κερδᾶναι,
3223 2403 3320 2475 τὴν
3351 2403 3410 2457 δέ

1824 2482 1998 2553 ψυχὴν
2032 2483 2395 2555 ζημιωθῆναι,
2425 2480 2492 2556 ἧς
2524 2487 2656 2558 ήμίν
2681 2488 3008 2560 οἰκειότερον
3041 2487 3234 2554 οὑδέν;
3265 2487 3411 2542 Ταύ-

1823 2582 1923 2636 την
1947 2563 2041 2620 οὖν
2067 2569 2166 2640 τὴν
2187 2568 2329 2623 οὕτω
2353 2570 2567 2639 τιμίαν,
2602 2572 2701 2642 τὴν
2727 2570 2900 2636 οὕτως
2932 2572 3252 2640 ὀφείλουσαν
3278 2573 3410 2642 ἡμῖν

1823 2646 1962 2704 είνλι
1997 2653 2486 2725 περισπούδαστον,
2513 2655 2718 2726 ταύτην
2745 2655 2887 2710 οὕτω
2917 2655 3264 2729 περιορῶμεν
3285 2657 3405 2710 καθ’

1823 2734 2060 2806 ἑκάστην
2109 2737 2322 2808 ἡμέραν
2353 2739 2830 2811 σπαραττομένην,
2872 2741 2967 2793 καὶ
3002 2741 3133 2792 ποτὲ
3171 2740 3271 2812 μὲν
3302 2740 3408 2794 ὑπὸ

1821 2819 1922 2890 τῆς
1949 2821 2058 2873 τῶν
2092 2823 2390 2894 χρημάτων
2421 2823 2716 2894 ἐπιθυμίας
2758 2824 3245 2896 πολιορκουμένην,
3275 2825 3406 2878 ποτέ

1820 2905 1876 2958 δὲ
1903 2905 2007 2958 ὑπὸ
2031 2907 2322 2977 ἀσελγείας
2348 2907 2842 2980 καταξαινομένην,
2875 2909 3062 2962 ἄλλοτε
3087 2909 3144 2961 δέ
3182 2909 3286 2962 ὑπὸ
3313 2908 3406 2962 θυ-

1825 2988 1927 3059 μοῦ
1961 2990 2482 3062 καταισχυνομένην,
2505 2993 2599 3046 καὶ
2625 2993 2896 3064 διαφόρως
2923 2994 3008 3062 ὑφ’
3039 2994 3269 3048 ἑκάστου
3295 2993 3405 3046 τῶν

1824 3074 2012 3128 παθῶν
2047 3076 2528 3148 κατατεινομένην,
2561 3078 2656 3132 καὶ
2690 3078 2949 3149 οὐδεμίαν
2983 3077 3080 3148 ὀψὲ
3112 3079 3241 3148 γοῦν
3272 3096 3404 3132 ποτε

1822 3161 1950 3231 περὶ
1998 3161 2168 3230 αὐτὴν
2209 3161 2468 3232 πρόνοιαν
2511 3160 2882 3232 ποιησόμεθας
2921 3161 3032 3215 Καὶ
3069 3162 3152 3226 τίς
3183 3161 3404 3227 ἀξιώσει

1819 3245 1968 3315 ἡμᾶς
1999 3243 2185 3298 λοιπὸν
2217 3244 2567 3316 συγγνώμης,
2595 3245 2628 3316 ἢ
2661 3244 3015 3316 ἐξαιρήσεται
3052 3245 3152 3317 τῆς
3191 3246 3402 3301 ἐπικει-

1823 3329 1988 3399 μένης
2016 3328 2317 3394 κολάσεως;
2344 3330 2420 3382 Δι’
2437 3329 2487 3391 δ,
2519 3329 2840 3401 παρακαλῶ,
2869 3327 2944 3393 ὡς
2964 3327 3046 3382 ἔτι
3068 3329 3258 3399 καιρὸν
3275 3330 3403 3401 έχο-

1822 3429 1939 3482 μεν,
1989 3413 2405 3484 άποσμήχωμεν
2448 3413 2614 3484 αὐτῆς
2670 3413 2764 3466 τὸν
2806 3415 2978 3485 ῥύπον
3027 3413 3114 3467 διά
3149 3413 3404 3483 δαψιλοῦς

1817 3495 2211 3566 ἐλεημοσύνης,
2251 3498 2344 3550 καὶ
2396 3495 2676 3566 σϐέσωμεν
2723 3496 2812 3550 διά
2855 3496 3058 3568 ταύτης
3094 3497 3193 3568 τὴν
3224 3497 3402 3569 πυράν

1817 3578 1926 3632 τῶν
1956 3579 2241 3650 ἡμετέρων
2275 3580 2707 3651 ἁμαρτημάτων.
2746 3579 2875 3648 Πῦρ
2907 3580 3036 3652 γάρ,
3071 3581 3222 3650 φησὶ,
3251 3585 3402 3650 ξολο-

1817 3664 2130 3732 γιζόμενον
2179 3663 2510 3718 ἀποσϐέσει
2558 3663 2717 3732 ὔδωρ
2740 3703 2755 3728 ,
2803 3665 2902 3718 καὶ
2966 3664 3403 3733 ἐλεημοσύναις

1816 3746 2321 3814 ἀποκαθαίρονται
2348 3747 2647 3815 ἁμαρτίαι.
2667 3818 2670 3826 Ι
2687 3746 2852 3800 Οὐδὲν
2879 3747 3007 3818 γάρ,
3033 3747 3189 3802 οὐδὲν.
3216 3749 3402 3819 ἕτερον

1817 3829 1987 3894 οὕτως
2015 3828 2290 3894 ἐξελέσθαι
2313 3831 2460 3901 ήμᾶς
2486 3829 2772 3900 δυνήσεται
2798 3832 2895 3902 τῆς
2923 3829 3018 3884 τοῦ
3048 3831 3217 3903 πυρὸς
3245 3831 3399 3900 γεέν-

1816 3931 1933 3985 νης,
1971 3914 2100 3985 ώςή
2136 3915 2265 3984 περὶ
2297 3911 2502 3984 ταύτην
2531 3913 2801 3984 δαψίλεια.
2833 3916 2928 3968 Ἂν
2960 3915 3161 3987 ταύτην
3200 3917 3401 3970 ἐπιδει-

1818 3997 2036 4069 ξώμεθα
2071 3997 2214 4052 κατά
2240 3999 2368 4060 τοὺς
2403 3997 2675 4050 ὑπἀὐτοῦ
2708 3997 2956 4063 δοθέντας
2981 4000 3196 4070 νόμους,
3233 4001 3399 4072 μηδὲν

1817 4081 1951 4152 πρὸς
1986 4077 2243 4146 ἐπίδειξιν
2273 4081 2748 4153 διαπραττόμενοι,
2771 4083 2904 4137 ἀλλά
2926 4083 3014 4137 διὰ
3043 4083 3135 4137 τὸν
3156 4086 3286 4154 περὶ
3307 4084 3399 4139 τὸν

1814 4163 1946 4216 Θεὸν
1971 4163 2120 4236 [516]
2148 4164 2332 4228 πόθον,
2371 4163 2710 4235 δυνησόμεθα
2738 4167 2833 4220 καὶ
2868 4167 2973 4221 τῶν
2993 4168 3398 4240 ἡμαρτημένων

1813 4251 1947 4320 ἡμῖν
1969 4249 2060 4301 τὸν
2085 4248 2256 4319 ῥύπον
2290 4248 2678 4319 ἀπονίψασθαι,
2720 4251 2814 4304 καὶ
2835 4251 2935 4321 τῆς
2965 4252 3117 4323 παρά
3139 4252 3232 4304 τοῦ
3260 4250 3396 4304 Θεοῦ

1814 4331 2225 4402 φιλανθρωπίας
2261 4333 2580 4404 ἀξιωθῆναι,
2615 4335 2798 4405 χάριτι
2837 4336 2932 4388 καὶ
2965 4338 3267 4408 οἱκτιρμοῖς
3300 4335 3395 4388 τοῦ

1817 4415 2136 4487 μονογενοῦς
2155 4416 2320 4470 αὐτοῦ
2345 4416 2498 4483 Υίοῦ,
2538 4417 2658 4487 μεθ’
2687 4412 2747 4471 οὐ
2778 4418 2926 4488 αὐτῷ
2951 4418 3029 4490 τῷ
3054 4421 3252 4490 Πατρῖ,
3279 4419 3395 4489 ἅμα

1811 4499 1889 4570 τῷ
1927 4500 2067 4570 ἁγίῳ
2097 4500 2396 4570 ΙΙνεύματι,
2427 4500 2572 4568 δόξα,
2610 4501 2832 4572 κράτος,
2861 4502 3016 4573 τιμὴ,
3047 4503 3142 4558 νῦν
3172 4505 3264 4558 καὶ
3285 4505 3392 4568 ἀεὶ,

1814 4584 1908 4637 καὶ
1935 4585 2015 4650 εἰς
2041 4585 2164 4648 τοὺς
2194 4584 2398 4648 αἰῶνας
2427 4585 2536 4640 τῶν
2567 4586 2801 4644 αἰώνων.
2845 4588 3037 4660 Ἀμήν.

2399 4765 2638 4826 ΟδὶῐΛιΑ
2676 4773 2798 4829 AB'.

1809 4871 1914 4926 Καὶ
1951 4870 2122 4949 ᾠφθη
2143 4874 2365 4949 Κύριος
2390 4875 2470 4949 τῷ
2503 4878 2739 4949 Ἀὄραμ,
2768 4880 2866 4934 καὶ
2894 4877 3065 4935 εἶπεν
3094 4883 3273 4949 αὐτῷ·
3308 4883 3391 4949 Τῷ

1878 4943 2509 5020 σπέρματί-σολυδώσω
2538 4943 2654 5016 τῆν
2674 4943 2800 5018 γῆν
2829 4955 3073 5020 ταύτην.
3108 4943 3389 5020 Καϊῲλιολ

1877 5012 2145 5102 δόμησεγ
2164 5015 2288 5070 ἐκεῖ
2303 5019 2558 5072 θυσιαστ
2567 5012 2839 5089 ήξριοντῷ
2855 5012 3050 5089 Κυρίῳ
3073 5025 3149 5088 τῷ
3177 5012 3388 5094 ὀφθέν-

1881 5101 1934 5137 τι
1968 5101 2149 5150 αυτῳ.

1876 5190 1946 5243 α’.
1963 5190 2137 5256 Πολὺς
2157 5193 2185 5244 ό
2207 5191 2477 5263 θησαυρὸς
2506 5193 2600 5246 καὶ
2627 5193 2850 5262 ἄφατος,
2877 5197 3170 5271 ἀγαπητοὶ,
3197 5201 3255 5254 ἐν
3277 5204 3386 5268 τοῖς

1809 5275 2118 5348 πρόσφατον
2151 5277 2565 5346 άναγνωσθεῖσι,
2591 5279 2686 5332 καὶ
2724 5280 2804 5335 δεῖ
2839 5287 3238 5359 συντεταμένης
3270 5289 3386 5342 δια-

1803 5361 1950 5425 νοίας
1973 5362 2064 5415 καὶ
2082 5361 2340 5432 λογισμοῦ
2361 5363 2622 5434 νήφοντος
2653 5367 2746 5436 καὶ
2777 5367 2996 5439 διεγηγε
3006 5371 3225 5441 ρμένου,
3243 5371 3384 5428 ὥστε

1807 5445 1972 5517 μηδὲν
2015 5446 2160 5517 ήμᾶς
2207 5446 2588 5518 παραδραμεῖν
2617 5449 2728 5504 τῶν
2777 5452 3242 5526 ἐγκεκρυμμένων
3275 5463 3384 5522 τοίς

1804 5529 2028 5601 βραχέσι
2052 5529 2260 5595 τούτοις
2288 5531 2514 5603 ῥήμασι.
2553 5534 2653 5588 Διά
2677 5535 2788 5609 γὰρ
2819 5538 2976 5592 τοῦτο
3005 5541 3099 5594 καὶ
3130 5544 3159 5594 6
3194 5543 3385 5612 φιλάν-

1802 5614 2019 5685 θρωπος
2048 5615 2182 5679 Θεὸς
2216 5616 2318 5669 οὐκ
2357 5617 2584 5672 αὐτόθεν
2615 5620 2708 5673 καὶ
2741 5622 2808 5676 ἐκ
2837 5621 2997 5694 ψιλῆς
3023 5626 3383 5694 ἀναγνώσεως

1802 5700 1982 5754 πάντα
2025 5701 2094 5756 τά
2127 5703 2186 5755 ἐν
2235 5704 2356 5767 ταῖς
2390 5704 2634 5774 Γραφαῖς
2667 5706 2895 5778 κείμενα
2941 5709 3246 5765 εὑσύνοπτα
3285 5711 3382 5766 καὶ

1804 5783 1937 5853 δῆλα
1969 5785 2100 5852 ἡμῖν
2139 5785 2427 5856 τυγχάνειν
2469 5789 2865 5862 συνεχώρησεν,
2895 5792 2984 5846 ἵνα
3022 5794 3119 5864 τὴν
3151 5795 3380 5849 νωθείαν

1808 5867 1962 5938 ἡμῶν
1988 5869 2248 5949 διεγείρῃ,
2287 5872 2378 5926 καὶ
2417 5871 2613 5945 πολλὴν
2650 5875 2746 5948 τὴν
2776 5877 3078 5948 ἀγρυπνίαν
3110 5878 3377 5941 ἐπιδειξά-
