3788 6286
374 261 482 316 ξιθό
1093 262 1152 318 S.
1192 261 1477 319 JOANNIS
1515 261 2015 329 CHRYSOSTOMI'
2043 257 2357 318 ARCHIEP.
2399 256 2946 315 CONSTANTINOP.

372 390 544 444 μενοι,
581 371 723 426 οὑτω
763 373 863 444 τὴν
894 372 953 439 ἐξ
998 374 1176 429 αὐτῶν
1205 376 1470 445 ὠφέλειαν
1502 374 1941 446 καρπωσώμεθα.

369 455 542 511 Είωθε
571 455 680 526 γάρ
708 473 821 519 πως
853 455 922 508 τά
953 459 1049 527 μὲν
1083 458 1218 526 μετὰ
1239 459 1398 512 πόνου
1430 459 1522 512 καὶ
1541 457 1819 528 ζητήσεως
1853 458 1947 510 εὑ-

369 538 664 609 ρισκόμενα
699 539 897 610 μᾶλλον
923 541 1303 610 ἐμπήγνυσθαι
1329 541 1483 611 ἡμῶν
1510 543 1574 611 τῇ
1612 540 1820 610 διανοίᾳ
1840 557 1853 570 ·
1880 538 1948 592 τά

366 620 424 672 δὲ
452 622 566 690 μετ’
589 621 856 684 εὐκολίας,
889 620 1080 674 θᾶττον
1103 623 1441 691 ἀφίπτασθαι
1470 624 1570 694 τῆς
1598 622 1819 695 καρδίας
1850 623 1947 692 τῆς

367 702 658 773 ἡμετέρας.
679 703 769 771 Μὴ
797 703 974 756 τοίνυν
996 704 1348 776 ῥαθυμῶμεν,
1377 705 1694 776 παρακαλῶ,
1719 704 1948 759 ἀλλάδι-

368 787 668 857 εγείρωμεν
691 786 846 858 ἡμῶν
869 787 958 840 τὸν
980 787 1258 858 λογισμὸν,
1279 789 1527 860 καὶπρὸς
1547 789 1606 842 τὸ
1633 788 1792 860 βάθος
1817 786 1948 839 αὑτὸ

366 869 474 921 τῶν
504 868 904 938 γεγραμμένων
929 871 1229 942 ὁλοσχερῶς
1252 872 1728 942 κατοπτεύσωμεν,
1754 871 1840 924 ἵνα
1859 871 1948 922 δυ-

367 951 618 1022 νηθῶμεν
642 969 702 1005 κε
713 953 995 1023 ρδάναντές
1014 971 1067 1006 τι
1092 954 1252 1007 πλέον
1281 955 1547 1020 ἐντεῦθεν,
1567 955 1738 1018 οὑτως
1765 953 1946 1007 οἴκαδε

371 1035 704 1089 ἐπανελθεῖν.
734 1036 843 1089 Καὶ
867 1037 975 1108 γὰρ
1006 1038 1311 1109 πανήγυρίς
1334 1039 1448 1090 ἐστι
1480 1038 1822 1109 πνευματικὴ
1853 1036 1946 1090 τοῦ

369 1119 504 1173 Θεοῦ
545 1122 579 1190 ἡ
615 1120 898 1191 ἐκκλησία,
931 1121 1025 1174 καὶ
1071 1123 1301 1193 ίατρεῖόν
1339 1123 1454 1175 ἐστι
1482 1122 1688 1192 ψυχῶν,
1723 1121 1816 1174 καὶ
1847 1121 1945 1186 δεῖ,

370 1203 620 1274 καθάπερ
653 1206 732 1266 εἰς
762 1205 1068 1275 πανήγυριν
1102 1206 1601 1277 παραγενομένους,
1627 1205 1827 1276 πολλὴν
1849 1203 1948 1275 τὴν

371 1287 631 1358 εὐπορίαν
653 1286 903 1339 ἐντεῦθεν
925 1287 1304 1352 συλλέξαντας,
1327 1287 1498 1352 οὕτως
1527 1288 1830 1350 ἐπανιέναι,
1854 1286 1949 1340 καὶ

371 1370 620 1440 καθάπερ
648 1371 730 1434 εἰς
761 1371 992 1440 ἰατρεῖον
1021 1372 1392 1436 ἀπαντῶντας,
1415 1371 1484 1425 τά
1511 1372 1818 1442 κατάλληλα
1837 1373 1949 1433 τοῖς

371 1454 752 1524 ὑποκειμένοις
787 1453 980 1508 πάθεσι
1020 1454 1287 1525 φάρμακα
1320 1455 1582 1519 λαϐόντας
1621 1456 1844 1522 ἐξιέναι.
1871 1454 1946 1507 Οὑ

371 1535 479 1606 γάρ
515 1536 603 1589 διὰ
647 1537 804 1590 τοῦτο
846 1537 966 1590 καθ’
1005 1539 1240 1608 ἑκάστην
1288 1538 1498 1609 ἡμέραν
1538 1537 1945 1610 συνεδρεύομεν,

373 1620 460 1671 ἵνα
481 1621 582 1684 τὰς
608 1621 744 1694 πρὸς
765 1620 1025 1693 ἀλλήλους
1053 1623 1338 1693 συντυχίας
1362 1623 1545 1687 άπλῶς
1567 1621 1946 1693 ποιησάμενοι,

370 1703 543 1768 οὕτως
575 1701 812 1768 άπάντες
835 1705 1176 1776 διαλυθῶμεν
1199 1722 1211 1736 ⁸
1241 1707 1354 1759 ἀλλ’
1382 1707 1470 1759 ἵνα
1506 1705 1735 1759 ἕκαστόν
1763 1722 1816 1757 τι
1839 1703 1947 1757 τῶν

369 1789 657 1859 χρησίμων
703 1787 912 1859 μαθὼν,
947 1791 1042 1842 καὶ
1084 1791 1221 1860 πρὸς
1255 1790 1316 1843 τὸ
1353 1790 1605 1860 ἐνοχλοῦν
1648 1791 1819 1852 πάθος
1849 1788 1946 1857 τὴν

373 1873 612 1943 ἰατρείαν
641 1873 951 1942 δεξάμενος,
982 1873 1155 1938 οὕτως
1185 1875 1429 1928 ἐντεῦθεν
1451 1875 1798 1944 ἀναχωρήσῃ.
1823 1871 1948 1936 Πῶς

371 1953 480 2026 γάρ
502 1955 601 2008 οὑκ
637 1957 701 2008 ἂν
737 1955 821 2026 εἴη
865 1956 972 2009 τῶν
1007 1957 1390 2023 ἀτοπωτάτων,
1419 1955 1489 2009 τὰ
1521 1957 1616 2025 μὲν
1646 1955 1834 2008 παιδία
1881 1954 1947 2008 τά

366 2039 400 2107 ἡ
411 2037 537 2106 μέτε
543 2055 612 2110 ρα
629 2041 707 2101 εἰς
723 2039 1089 2093 διδασκαλεῖον
1105 2039 1550 2102 ἀποστέλλοντας,
1578 2039 1697 2092 καθ’
1711 2037 1946 2106 ἑκάστην

371 2120 584 2192 ἡμέραν
612 2123 861 2174 ἀπαιτεῖν
884 2124 1012 2192 παρ’
1035 2122 1215 2176 αὑτῶν
1239 2122 1551 2195 προσθήκην
1577 2122 1697 2175 τινά
1716 2120 1823 2172 τῶν
1846 2137 1948 2190 μα-

262 2223 264 2226 ’
370 2203 651 2274 θημάτων,
669 2205 761 2258 καί⁵
777 2206 875 2258 οὑκ
899 2205 963 2259 ἄν
981 2223 1107 2258 ποτε
1125 2206 1495 2276 ἀνασχοίμεθα
1516 2204 1700 2267 ἁπλῶς
1716 2204 1807 2257 καὶ
1822 2205 1943 2273 εἰκῆ

369 2286 541 2339 ταῦτα
589 2285 822 2354 βαδίζειν
859 2291 1060 2356 ἐκεῖσε,
1084 2291 1132 2342 εἰ
1167 2289 1241 2360 μὴ
1273 2288 1467 2360 ἴδωμεν
1497 2286 1854 2358 καρπούμενά
1893 2302 1946 2338 τι

367 2370 531 2422 πλέον
551 2388 564 2401 ·
585 2372 729 2441 ἡμᾶς
741 2371 798 2422 δὲ
815 2371 939 2435 τοὺς
958 2373 1037 2434 εἰς
1060 2371 1254 2443 μέτρον
1269 2363 1481 2442 ἡλικίας
1504 2371 1832 2441 φθάσαντας,
1854 2369 1946 2422 καὶ

367 2473 392 2507 ε
402 2457 446 2516 ἰς
459 2456 520 2508 τὸ
532 2456 898 2526 πνευματικὸν
910 2456 1063 2509 τοῦτο
1076 2455 1436 2509 διδασκαλεῖον
1450 2453 1942 2527 παραγενομένους,

370 2541 444 2613 μὴ
462 2540 559 2610 τὴν
583 2541 702 2610 ἴσην
721 2541 949 2604 ἐκείνοις
972 2541 1206 2612 σπουδὴν
1221 2541 1644 2602 ἐπιδείκνυσθαι,
1660 2541 1753 2592 καὶ
1772 2538 1946 2591 ταῦτα

365 2626 494 2679 ἔνθα
519 2629 598 2686 εἰς
621 2624 717 2695 τὴν
738 2625 837 2694 τῆς
855 2626 1032 2695 ψυχῆς
1059 2626 1331 2696 σωτηρίαν
1350 2625 1410 2677 τὸ
1439 2625 1626 2696 κέρδος
1648 2623 1943 2691 διαϐαίνει;

369 2711 636 2774 Ἕκαστος
652 2710 828 2763 τοίνυν
843 2709 1019 2779 ἡμῶν,
1033 2708 1356 2780 παρακαλῶ,
1373 2708 1560 2761 ἐαυτὸν
1578 2707 1696 2760 καθ’
1710 2706 1945 2776 ἐκάστην

365 2794 578 2864 ἡμέραν
601 2793 984 2865 διερευνάσθω,
1002 2791 1053 2845 τί
1077 2793 1174 2860 μὲν
1200 2795 1264 2844 ἐκ
1285 2791 1382 2861 τῆς
1408 2791 1670 2862 ἡμερινῆς
1691 2789 1944 2860 ἐκέρδανε

364 2875 670 2941 διαλέξεως,
701 2877 752 2930 τί
774 2876 829 2928 δέ
853 2879 917 2928 ἐκ
939 2879 1038 2946 τῆς
1063 2875 1341 2946 ἐπιούσης,
1372 2874 1458 2926 ἵνα
1485 2875 1556 2944 μὴ
1587 2872 1824 2943 δόξωμεν
1853 2872 1946 2924 καὶ

364 2962 527 3030 ἡμεῖς
555 2960 676 3029 εἰκῆ
701 2959 795 3012 καὶ
826 2957 1014 3021 ἀπὶῶς
1043 2957 1276 3011 ἐνταῦθα
1305 2955 1721 3028 παραγίνεσθαι.
1743 2955 1866 3005 Ὅτι
1889 2953 1946 3005 δὲ

365 3042 524 3096 τοῦτο
548 3044 696 3112 ἡμᾶς
732 3041 830 3112 μὲν
857 3042 1037 3110 πάσης
1074 3040 1252 3102 αἰτίας
1290 3039 1482 3110 ἀφίησι
1511 3042 1530 3108 (
1554 3039 1622 3090 τὰ
1648 3039 1757 3108 γάρ
1792 3035 1943 3107 [317]

367 3126 487 3179 καθ’
525 3125 751 3188 ἑαυτοὺς
797 3123 1012 3178 ἅπαντα
1040 3123 1383 3195 εἰσφέρομεν,
1417 3122 1512 3175 καὶ
1537 3121 1685 3175 οὑδέν
1723 3120 1832 3174 τῶν
1866 3123 1946 3184 εἰς

365 3210 594 3278 δύναμιν
617 3206 1114 3278 παραλιμπάνομεν
1136 3208 1178 3274 ),
1213 3208 1322 3266 τοῖς
1343 3205 1400 3258 δὲ
1430 3203 1820 3272 ἀγανακτοῦσι,
1853 3206 1946 3259 καὶ

371 3293 508 3362 μετά
541 3289 824 3361 ἀκριϐείας
881 3288 955 3360 μὴ
1003 3290 1352 3360 προσέχουσι,
1394 3289 1486 3341 καὶ
1515 3287 1856 3359 καρποῦσθαί
1896 3305 1946 3341 τι

370 3375 531 3427 πλέον
581 3375 656 3444 μὴ
701 3373 1040 3443 βουλομένοις
1073 3372 1319 3442 μείζονος
1363 3373 1532 3425 αἴτιον
1573 3371 1948 3442 κατακρίσεως

368 3461 597 3529 γίνεται,
624 3461 851 3512 ἄκουσον
890 3455 982 3509 τοῦ
1020 3457 1259 3526 Χριστοῦ
1283 3456 1531 3525 λέγοντος
1566 3457 1700 3527 πρὸς
1733 3458 1830 3527 μὲν
1856 3458 1948 3511 τὸν

369 3541 766 3612 καταχώσαντα
790 3540 849 3593 τὸ
865 3541 1124 3593 τάλαντον
1145 3559 1156 3571 ο
1179 3539 1411 3607 Πονηρὲ
1430 3539 1634 3604 δοῦλε,
1648 3540 1768 3594 ἔδει
1789 3553 1862 3594 σε
1882 3539 1947 3593 τὸ

367 3626 652 3695 ἀργύριόν
663 3641 783 3693 μου
806 3623 1166 3676 καταϐαλεῖν
1186 3623 1282 3676 ἐπὶ
1304 3623 1447 3689 τοὺς
1467 3622 1830 3690 τραπεζῖτας,
1849 3622 1948 3677 καὶ

367 3710 481 3779 ἐγὼ
501 3708 577 3762 ἂν
596 3707 788 3762 ἐλθὼν
813 3707 1099 3774 ἀπῄτησα
1119 3707 1262 3760 αὐτὸ
1293 3711 1444 3776 μετὰ
1477 3709 1691 3761 τόκου·
1723 3709 1852 3778 περὶ
1889 3707 1947 3759 δὲ

367 3811 398 3846 τ
422 3797 476 3847 όν
520 3780 807 3846 Ἰοῦδαίωψ
842 3792 910 3842 Εἰ
936 3790 1022 3859 μὴ
1057 3787 1250 3859 ἦλθον
1275 3790 1372 3842 καὶ
1415 3791 1688 3857 ἐλάλησα
1719 3791 1944 3858 αὐτοῖς,

367 3876 660 3945 ἁμαρτίαν
675 3877 787 3943 οὐχ
804 3869 990 3942 εἶχον·
1012 3873 1129 3926 νῦν
1147 3872 1214 3924 δὲ
1229 3873 1655 3941 πρόφασινοῠκ
1671 3873 1944 3943 ἔχουσιν.

368 3961 529 4014 Ἀλλά
544 3960 638 4013 νῦν
659 3959 820 4029 ἡμεῖς
841 3959 900 4010 οὑ
918 3956 1073 4010 τοῦτο
1097 3957 1426 4026 σκοποῦμεν,
1444 3959 1492 4009 εἰ
1509 3957 1611 4021 ἔξω
1631 3959 1737 4010 τῶν
1758 3958 1949 4029 ἐγκλη-

373 4047 557 4116 μάτων
582 4042 920 4114 ἐσμέν,άλλά
938 4042 1033 4111 τὴν
1059 4042 1330 4112 ὑμετέραν
1352 4041 1724 4112 ἐπιθυμοῦμεν
1751 4061 1948 4114 προκο-

370 4128 500 4196 πὴν,
531 4129 623 4178 καὶ
656 4123 1167 4196 ἀκρωτηριάζεσθαι
1186 4127 1318 4195 ἡμῖν
1343 4125 1621 4196 ἡγούμεθα
1638 4127 1707 4180 τά
1730 4128 1828 4199 τῆς
1857 4129 1948 4181 εὑ-

371 4210 664 4282 φροσύνης,
700 4209 804 4262 κάν
832 4208 1088 4278 μυριάκις
1108 4208 1261 4261 αὑτοί¹
1293 4202 1441 4278 ὦμεν
1465 4210 1768 4276 ἀνεύθυνοι,
1796 4213 1844 4264 εἰ
1873 4213 1947 4284 μὴ

369 4297 464 4350 καὶ
485 4296 642 4365 ὑμεῖς
662 4292 816 4357 ἀξίαν
838 4293 944 4344 τῶν
968 4293 1144 4344 πόνων
1162 4291 1271 4344 τῶν
1288 4292 1570 4362 ἡμετέρων
1586 4295 1684 4366 τὴν
1713 4297 1947 4365 σπουδὴν

371 4377 733 4448 ἐπιδείξησθε.
753 4375 900 4447 Αὑτη
921 4375 1028 4444 γάρ
1051 4375 1207 4446 ήμῶν
1229 4375 1330 4445 τῆς
1347 4376 1683 4449 εὐφροσύνης
1705 4380 1736 4450 ἡ
1762 4379 1949 4432 ὑπόθε-

373 4480 476 4524 σις,
505 4463 563 4513 τὸ
591 4461 724 4530 όρᾷν
756 4459 908 4529 ὑμῶν
933 4459 1032 4528 τὴν
1053 4462 1110 4512 ἐν
1133 4461 1245 4522 τοῖς
1272 4463 1658 4531 πνευματικοῖς
1689 4461 1946 4516 ἐπίδοσιν.

370 4545 481 4599 Καὶ
503 4540 616 4596 οἰδα
641 4543 740 4613 μὲν
763 4543 845 4594 ὃτι
872 4541 961 4595 διὰ
987 4541 1083 4612 τὴν
1105 4541 1197 4594 τοῦ
1221 4541 1352 4594 Θεοῦ
1384 4543 1542 4612 χάριν
1574 4543 1837 4608 συνέσεως
1860 4562 1949 4597 πε-

372 4627 720 4698 πληρωμένοι
767 4625 936 4689 ὄντες,
968 4625 1260 4696 δυνήσεσθε
1291 4627 1386 4678 καὶ
1421 4625 1611 4689 ἄλλους
1637 4626 1907 4681 νουθετεῖν
1927 4643 1942 4658 ⁸

371 4712 509 4764 ἀλλά
545 4711 686 4764 κατά
725 4709 816 4762 τὸν
854 4709 1123 4781 μακάριον
1170 4709 1410 4777 Παῦλον,
1444 4713 1947 4784 ἐπαναμιμνήσκων

371 4797 535 4867 ὑμᾶς,
563 4793 660 4848 καὶ
683 4793 966 4864 διεγείρων
995 4792 1148 4863 ὑμῶν
1173 4793 1264 4846 τὸν
1295 4794 1456 4864 ζῆλον
1496 4796 1588 4851 καὶ
1612 4796 1710 4867 τὴν
1741 4797 1947 4868 προθυ-

372 4882 520 4954 μίαν,
560 4878 735 4933 ταῦτα
764 4878 999 4948 συνεχῶς
1027 4877 1295 4948 παραινῶ,
1336 4880 1654 4950 βουλόμενος
1685 4881 1828 4952 ὑμᾶς
1853 4899 1947 4935 τε-

366 4968 541 5031 λείους
570 4965 664 5020 καὶ
689 4961 1129 5034 ἀπηρτισμένους
1170 4963 1445 5030 γενέσθαι.
1483 4965 1558 5016 Ού
1605 4965 1798 5037 μικρὸν
1837 4965 1946 5036 γὰρ

365 5051 461 5105 καὶ
487 5048 648 5103 τοῦτο
667 5046 800 5100 αὑτὸ
825 5044 1023 5116 δεῖγμα
1043 5044 1304 5116 ποιοῦμαι
1327 5045 1430 5116 τῆς
1461 5045 1604 5101 κατὰ
1636 5047 1767 5100 Θεδν
1791 5048 1946 5118 ὑμῶν

365 5132 670 5204 προκοπῆς,
693 5129 755 5184 τὸ
798 5129 940 5201 μετά
988 5129 1258 5200 τοσαύτης
1290 5130 1599 5204 προθυμίας
1647 5131 1769 5185 καθ’
1811 5133 1942 5187 ἑκά-

366 5234 497 5287 στην
526 5216 737 5288 ἡμέραν
767 5213 1001 5270 ἐνταῦθα
1030 5214 1446 5286 παραγίνεσθαι,
1499 5217 1593 5270 καὶ
1632 5217 1944 5288 ἀκορέστως

364 5300 508 5370 ἔχειν
536 5301 664 5368 περί
685 5300 782 5369 τὴν
809 5299 1183 5368 πνευματικὴν
1213 5298 1584 5356 διδασκαλίαν.
1607 5301 1816 5372 ’Ὠσπερ
1832 5303 1941 5371 γὰρ

365 5386 397 5456 ἡ
431 5384 559 5455 περὶ
589 5383 684 5453 τὴν
706 5384 1020 5454 σωματικὴν
1059 5384 1266 5455 τροφὴν
1305 5385 1482 5456 ὄρεξις
1517 5385 1726 5454 ὑγιείας
1759 5387 1824 5440 ἂν
1854 5391 1940 5459 εἴη

369 5467 630 5536 μεγίστης
667 5465 1114 5534 σημεῖονοοὺτως
1166 5469 1197 5536 ἡ
1241 5470 1369 5537 περὶ
1416 5468 1514 5538 τὴν
1563 5471 1940 5542 πνευματικὴν

362 5548 712 5603 διδασκαλίαν
739 5549 1000 5619 ἐπιθυμία
1017 5549 1118 5618 τῆς
1140 5549 1282 5603 κατά
1308 5550 1474 5621 ψυχὴν
1504 5552 1711 5621 ὑγιείας
1733 5556 1939 5625 τεκμή-

369 5651 481 5706 ριον
519 5631 584 5686 ἂν
614 5630 699 5700 εἴη
722 5632 1132 5702 ἐναργέστατον.
1168 5631 1268 5686 Διά
1298 5650 1380 5686 τοι
1409 5632 1565 5686 τοῦτο
1597 5635 1752 5702 κάγὼ
1783 5635 1938 5700 εἰδὼς

369 5717 520 5785 ὑμῶν
548 5716 638 5768 τὸν
663 5713 842 5777 πόθον,
871 5714 965 5768 καὶ
996 5715 1076 5766 ὃτι
1101 5713 1201 5769 κᾶν
1237 5717 1496 5787 μυριάκις
1515 5719 1823 5786 παρατείνω
1837 5719 1936 5791 τὴν

367 5799 730 5862 διδασκαλίαν,
766 5799 884 5852 ούδέ
911 5798 1082 5863 οὑτως
1106 5800 1378 5871 ἐμπλῆσαι
1409 5800 1561 5872 ὑμῶν
1588 5801 1818 5873 δύναμαι
1838 5803 1935 5874 τὴν

3522 255 3624 312 εει

2049 371 2360 442 ἐπιθυμίαν,
2393 371 2486 424 καὶ
2511 371 2672 441 κόρον
2717 369 3013 441 ἐμποιῆσαι
3047 367 3146 437 τῆς
3184 363 3386 437 τροφῆς
3438 365 3624 438 ιαύτης

2046 457 2146 525 τῆς
2183 455 2582 525 πνευματικῆς,
2629 454 2688 507 οὑ
2745 453 3025 523 παύσομαι
3077 451 3220 504 κατά
3261 449 3490 522 δύναμιν
3531 452 3623 521 τὴν

2049 537 2208 607 ἐμὴν,
2244 538 2386 605 ἀπερ
2413 537 2479 591 ἂν
2516 537 2549 606 ἡ
2581 535 2673 590 τοῦ
2707 535 2841 589 Θεοῦ
2886 535 3044 606 χάρις
3083 533 3319 605 παρέχῃ,
3365 535 3446 598 εἰς
3482 533 3622 602 ὠφέ-

2049 621 2196 674 λειαν
2214 620 2484 690 ὑμετέραν
2518 618 2690 672 ταῦτα
2719 620 2804 688 ἐφ’
2840 619 3078 688 ἑκάστης
3108 619 3236 687 ὑμῖν
3283 616 3620 688 παρατιθεὶς,

2049 703 2145 756 καὶ
2171 703 2239 756 τά
2269 702 2375 755 ἀπὸ
2403 702 2510 755 τῶν
2541 702 2699 756 θείων
2726 702 2958 773 Γραφῶν
2981 701 3288 772 διδάγματα
3321 699 3624 754 ἐναποτιθέ-

2053 804 2212 856 μενος
2232 789 2352 850 ταῖς
2369 786 2662 857 ὑμετέραις
2681 787 2962 850 διανοίαις.

2123 867 2188 938 β’.
2206 869 2342 939 Φέρε
2359 864 2450 922 οὖν
2469 870 2562 922 καὶ
2584 870 2824 940 σήμερον
2843 870 2933 922 τὸν
2952 867 3330 938 φιλάνθρωπον
3352 865 3626 935 Δεσπότην

2051 951 2532 1021 παρακαλέσαντες
2570 949 2834 1022 ὁδηγῆσαι
2859 951 3018 1023 ἡμῶν
3063 951 3162 1021 τὴν
3207 948 3454 1018 γλῶσσαν
3495 949 3625 1018 πρὸς

2049 1033 2148 1105 τὴν
2176 1034 2285 1087 τῶν
2314 1035 2661 1106 ζητουμένων
2683 1034 2922 1104 εὕρεσιν,
2947 1035 3044 1106 τὴν
3068 1033 3270 1104 συνήθη
3294 1031 3626 1104 πειραθῶμεν

2051 1117 2180 1188 ὑμῖν
2207 1117 2576 1180 διδασκαλίαν,
2623 1117 2763 1170 αὐτὰ
2797 1117 3059 1188 πρότερον
3089 1115 3158 1170 τά
3210 1116 3626 1184 ἀναγνωσθέντα

2051 1200 2346 1272 προθέντες
2365 1202 2456 1253 ἐπὶ
2467 1201 2565 1270 τῆς
2584 1201 2856 1271 ὑμετέρας
2872 1201 3113 1270 ἀγάπης.
3131 1198 3242 1252 Kal
3258 1198 3452 1267 ὤφθη,
3475 1199 3623 1268 φησί,

2049 1284 2264 1352 Κύριος
2280 1288 2311 1337 o'
2332 1284 2474 1349 Θεὸς
2486 1283 2566 1348 τῷ
2584 1285 2830 1352 Ἀϐραμ,
2846 1283 2943 1336 καὶ
2961 1278 3130 1336 εἶπεν
3152 1279 3333 1346 αὐτῷ.
3359 1281 3435 1333 Οὑ
3451 1279 3626 1342 καλῶς

2050 1365 2233 1433 ἔλεγον
2261 1366 2320 1431 ἐξ
2348 1367 2545 1437 ἀρχῆς,
2575 1367 2656 1418 ὅτι
2702 1366 2868 1429 πολὺς
2901 1367 2929 1419 6
2967 1365 3238 1436 θησαυρὸς
3281 1363 3626 1417 ἐναπόκειται

2048 1451 2161 1512 τοῖς
2182 1448 2406 1519 βραχέσι
2433 1449 2642 1512 τούτοις
2676 1449 2944 1520 ρήμασιν;
2980 1448 3110 1501 Ἰδοὺ
3140 1447 3249 1518 γὰρ
3265 1445 3470 1508 εὐθέως
3485 1444 3628 1508 ξένον

2050 1533 2143 1586 καὶ
2164 1532 2346 1585 καινὸν
2379 1532 2439 1584 τὸ
2473 1531 2755 1602 προοίμιον
2789 1530 2897 1584 τῶν
2921 1531 3254 1602 εἰρημένων·
3298 1528 3411 1582 Kal
3443 1529 3627 1597 ὤφθη,

2050 1615 2203 1685 φησὶ,
2233 1616 2447 1683 Κύριος
2475 1617 2507 1668 ό
2532 1614 2675 1680 Θεὸς
2706 1613 2786 1679 τῷ
2837 1615 3072 1684 Ἀϐραμ.
3113 1613 3335 1684 Πρῶτον
3353 1613 3514 1666 τοῦτο
3541 1613 3628 1664 εὑ·-

2054 1698 2309 1770 ρίσκομεν
2339 1700 2397 1752 ἐν
2425 1700 2489 1770 τῇ
2523 1699 2711 1769 Γραφῇ
2738 1697 2831 1751 νῦν
2859 1698 2920 1750 τὸ
2952 1699 3135 1770 ῥηθὲν,
3163 1700 3244 1751 ὅτι
3272 1699 3483 1766 Ὠερθνν
3503 1694 3628 1748 οῦτε

2049 1780 2157 1852 γάρ
2182 1781 2274 1833 ἐπὶ
2293 1779 2384 1833 τοῦ
2423 1780 2612 1851 Ἀδὰμ,
2642 1780 2764 1834 οὔτε
2794 1783 2890 1835 ἐπὶ
2919 1781 3014 1835 τοῦ
3038 1782 3224 1848 Ἅϐελ,
3249 1780 3372 1834 οὔτε
3408 1781 3502 1832 ἐπὶ
3541 1779 3627 1832 τοῦ

2047 1863 2195 1928 Νῶε,
2227 1863 2350 1917 οὔτε
2372 1865 2458 1917 ἐπ’
2487 1863 2648 1918 άλλου
2683 1865 2830 1929 τινὸς
2859 1865 3033 1937 ταύτῃ
3069 1866 3340 1936 ἐχρήσατο
3379 1867 3446 1935 τῇ
3491 1864 3629 1929 λέξει

2047 1948 2081 2017 ἡ
2115 1947 2234 2000 θεία
2265 1948 2478 2019 Γραφή.
2504 1949 2570 2000 Τί
2600 1944 2693 2002 οῦν
2723 1949 2840 2002 ἐστι
2867 1949 2926 2002 τὸ
2957 1950 3266 2020 εἰρημένον,
3295 1948 3408 2001 Kal
3439 1947 3630 2016 ὤφθη,

2048 2031 2216 2100 φησίς
2251 2033 2361 2084 Kal.
2391 2031 2507 2094 πῶς
2537 2031 2765 2103 ἑτέρωθι
2811 2032 2981 2101 λέγει,
3031 2032 3242 2098 Οὐδεὶς
3288 2031 3503 2099 ὄψεται
3533 2031 3634 2083 τὸν

2050 2114 2217 2177 Θεὸν,
2233 2115 2332 2168 καὶ
2348 2114 2584 2181 ζήσεται
2602 2132 2621 2180 ;
2645 2116 2708 2168 Τί
2725 2111 2818 2170 οὖν
2833 2115 2898 2171 ἂν
2912 2116 3161 2186 εἴποιμεν
3177 2114 3272 2168 νῦν
3291 2115 3393 2184 τῆς
3410 2113 3634 2185 Γραφῆς

2047 2197 2330 2268 λεγούσης,
2346 2199 2427 2251 ὅτι
2442 2201 2631 2268 Ὤερθη
2650 2217 2670 2265 ;
2691 2200 2816 2265 Πῶς
2842 2199 2996 2272 ὤφθη
3017 2200 3094 2270 τῷ
3116 2198 3343 2269 δικαίῳ;
3367 2194 3516 2267 τΑρα
3541 2197 3635 2249 αύ-

2045 2283 2144 2352 τὴν
2171 2283 2269 2354 τὴν
2303 2284 2489 2338 οὐσίαν
2520 2280 2694 2350 εἷδεν;
2731 2285 2898 2356 Οὑχί·
2955 2285 3030 2357 μὴ
3068 2286 3296 2354 γένοιτο.
3342 2282 3509 2335 Ἀλλά
3546 2282 3631 2346 τίς

2047 2366 2233 2431 Οῦτως
2262 2367 2438 2438 ὤφθη,
2477 2368 2552 2432 ὡς
2585 2369 2745 2433 αὐτὸς
2804 2366 2912 2423 οἶδε
2967 2371 3146 2440 μόνος,
3201 2369 3294 2421 καὶ
3327 2367 3403 2429 ὡς
3439 2367 3634 2434 ἐκείνῳ

2050 2451 2198 2524 [518]
2224 2454 2446 2506 δυνατὸν
2469 2449 2537 2525 ἡν
2572 2454 2718 2508 ἰδεῖν.
2741 2455 3066 2524 Εὑμήχανος
3084 2452 3192 2524 γάρ
3217 2451 3292 2505 ὢν
3313 2453 3340 2503 6
3361 2451 3524 2518 σοφὸς
3541 2449 3636 2501 καὶ

2048 2536 2425 2607 φιλάνθρωπος
2474 2537 2632 2607 ἡμῶν
2676 2538 2990 2610 Δεσπότης,
3041 2539 3135 2589 καὶ
3184 2535 3638 2604 συγκαταϐαίνων

2045 2621 2110 2688 τῇ
2139 2618 2454 2692 ἀνθρωπίνῃ
2486 2619 2666 2687 φύσει,
2713 2623 2825 2684 τοῖς
2856 2619 3022 2684 ἀξίως
3067 2616 3635 2690 προπαρεσκευασμέ-

2048 2719 2159 2765 νοις
2191 2703 2383 2755 ἑαυτὸν
2424 2704 2736 2773 ἐμφανίζει.
2779 2703 2890 2756 Καὶ
2924 2703 3080 2757 τοῦτο
3120 2702 3360 2756 δείκνυσι
3413 2699 3505 2752 διὰ
3539 2698 3636 2752 τοῦ

2047 2787 2325 2856 προφήτου
2344 2825 2358 2851 ,
2384 2785 2558 2854 λέγων
2573 2828 2586 2853 ,
2640 2785 2785 2856 Ἐγὼ
2803 2786 3045 2855 ὁράσεις
3066 2784 3403 2852 ἐπνῑήθυνα,
3442 2783 3545 2836 καί
3565 2785 3639 2835 ἐν

2047 2874 2221 2942 χερσί
2250 2872 2571 2942 προφητῶν
2587 2874 2912 2942 ὡμοιώθην.
2949 2874 3100 2926 Ἐπεὶ
3121 2873 3215 2926 καὶ
3247 2872 3475 2934 Ἡσαΐας
3495 2865 3638 2923 εἶδεν

2049 2957 2208 3010 αὑτὸν
2242 2956 2581 3027 καθήμενον·
2615 2957 2772 3010 τοῦτο
2806 2957 2863 3010 δὲ
2895 2957 3110 3024 ἀνάξιον
3135 2955 3302 3008 Θεοῦ·
3345 2955 3480 3016 Θεὸς
3525 2952 3640 3022 γάρ

2047 3039 2107 3091 οὑ
2136 3038 2372 3109 κάθηται
2402 3055 2417 3071 ·
2453 3039 2570 3102 πῶς
2599 3039 2708 3110 γὰρ
2741 3041 2774 3109 ἡ
2803 3037 3090 3110 ἀσώματος
3121 3038 3302 3108 ἐκείνη
3328 3038 3423 3090 καὶ
3437 3034 3641 3088 ἀνώλε-

2049 3119 2176 3190 θρος
2205 3121 2400 3190 φύσις;
2428 3123 2522 3175 καὶ
2548 3124 2577 3174 ὁ
2603 3121 2800 3193 Δανιὴλ
2836 3122 2997 3175 πάλιν
3029 3117 3167 3174 εἶδεν
3197 3122 3381 3185 αὑτὸν,
3417 3121 3494 3182 ὡς
3526 3137 3638 3171 πα-

2046 3209 2196 3262 λαιὸν
2214 3211 2439 3282 ἡμερῶν
2460 3227 2473 3241 ⁸
2493 3212 2588 3265 καὶ
2607 3213 2634 3264 6
2652 3210 2927 3281 Ζαχαρίας
2947 3210 3148 3281 ἑτέρως
3165 3209 3325 3262 αὑτὸν
3346 3209 3636 3270 ἐθεάσατο,

2048 3294 2141 3346 καὶ
2182 3293 2440 3365 Ίεζεκιὴλ
2493 3295 2654 3350 πάλιν
2697 3295 2892 3358 ἄλλως.
2933 3294 3033 3347 Διά
3084 3293 3244 3347 τοῦτο
3287 3289 3381 3345 οῦν
3424 3291 3637 3358 ἔλεγεν,

2047 3378 2197 3449 Ἐγὼ
2225 3379 2467 3446 ὁράσεις
2485 3378 2823 3447 ἐπλήθυνα,
2845 3377 2964 3431 ἀντὶ
2984 3377 3098 3442 τοῦ,
3122 3377 3262 3446 Πρὸς
3283 3375 3377 3445 τὴν
3399 3376 3639 3427 έκάστου

2047 3461 2206 3527 ἀξίαν
2234 3462 2406 3525 οὕτως
2432 3460 2638 3532 ὤφθην.
2689 3463 2798 3516 Καὶ
2843 3461 2938 3516 νῦν
2984 3457 3104 3526 οῦν,
3144 3460 3330 3531 ἐπειδὴ
3365 3458 3638 3528 ἀνέστησε

2046 3548 2138 3600 τὸν
2165 3547 2369 3599 δίκαιον
2396 3545 2625 3612 οἴκοθεν,
2654 3547 2749 3600 καὶ
2771 3545 3100 3618 προσέταξεν
3122 3547 3198 3608 εἰς
3223 3545 3323 3614 τὴν
3342 3543 3639 3613 ἀλλοτρίαν

2048 3631 2243 3694 ἐλθεῖν,
2279 3630 2724 3702 παραγενόμενος
2757 3630 2835 3694 δέ,
2860 3629 3106 3700 καθάπερ
3123 3629 3324 3697 ἀλήτης
3345 3628 3437 3679 καὶ
3457 3626 3635 3690 ξένος,

2047 3714 2189 3767 οὑτω
2223 3714 2478 3784 περιῄει,
2522 3713 2632 3767 τῶν
2687 3713 3006 3766 Χαναναίων
3064 3711 3143 3763 ἐτι
3186 3707 3592 3762 κατοικούντων
3618 3745 3635 3770 ,

2047 3796 2320 3867 ἐπιζητῶν
2341 3797 2473 3849 ὅπου
2497 3796 2594 3867 τὴν
2615 3797 2931 3867 κατοίκησιν
2947 3794 3107 3848 αὑτὸν
3119 3792 3444 3864 ποιήσασθαι
3464 3808 3639 3863 προσ-

2047 3881 2215 3951 ῆκενο
2252 3881 2280 3931 6
2331 3880 2534 3948 ἀγαθὸς
2592 3880 2868 3951 Δεσπότης
2912 3877 3409 3949 παραμυθήσασθαι
3466 3875 3638 3928 αὑτὸν

2050 3962 2394 4034 βουλόμενος,
2459 3963 2555 4016 καὶ
2601 3961 2872 4034 νευρῶσαι
2926 3960 3090 4014 αὑτοῦ
3144 3959 3240 4030 τὴν
3279 3959 3636 4030 προθυμίαν,

2038 4047 2186 4111 ,ὥστε
2214 4047 2288 4118 μὴ
2313 4048 2604 4118 ναρκῆσαι,
2635 4047 2769 4118 μηδέ
2803 4046 3072 4101 ἐνδοιάσαι
3091 4045 3227 4116 πρὸς
3255 4044 3352 4115 τὴν
3383 4047 3637 4113 ἐπαγγε-

2047 4130 2166 4184 λίαν
2207 4131 2306 4203 τὴν
2345 4131 2445 4202 ἤδη
2490 4131 2864 4201 γεγενημένην
2905 4129 3041 4200 πρὸς
3085 4127 3276 4194 αὑτὸν,
3304 4128 3387 4180 ὅτι
3421 4129 3640 4196 Δεῦρο,

2048 4215 2147 4269 καὶ
2171 4216 2406 4284 ποιήσω
2426 4230 2500 4270 σε
2523 4217 2612 4280 είς
2639 4215 2816 4281 ἔθνος
2839 4214 2994 4284 μέγα
3018 4213 3134 4284 (καὶ
3167 4211 3274 4284 γὰρ
3309 4212 3532 4265 ἐναντία
3564 4216 3637 4283 τῇ

2049 4299 2353 4369 ἐπαγγελίᾳ
2376 4297 2523 4370 ἐώρα
2554 4296 2623 4349 τά
2655 4298 2913 4367 γινόμενα
2959 4299 2988 4350 6
3027 4297 3252 4360 δίκαιος,
3289 4296 3382 4348 καὶ
3418 4295 3498 4358 ὡς
3536 4296 3641 4348 ἕνα

2049 4381 2155 4435 τῶν
2176 4380 2406 4434 εὑτελῶν
2427 4381 2521 4433 καὶ
2542 4381 2993 4451 ἀπερριμμένων,
3041 4380 3132 4436 καί⁸
3172 4378 3642 4450 ἀπροστατεύτων

2049 4464 2241 4518 ἑαυτὸν
2271 4464 2574 4536 περιιόντα,
2599 4464 2693 4516 καὶ
2722 4464 2840 4516 οὐδὲ
2871 4464 3004 4516 ὅπου
3028 4463 3361 4533 καταχθῆναι
3386 4461 3640 4530 ἔχοντα),

2049 4550 2115 4603 ἵν’
2137 4545 2228 4603 οὖν
2259 4549 2498 4620 διεγείρῃ
2525 4547 2686 4601 αὑτοῦ
2709 4547 2797 4601 τὸν
2826 4547 3102 4618 λογισμὸν,
3127 4546 3288 4617 φησί·
3316 4546 3422 4599 Kal
3456 4545 3642 4612 ὤφθη

2047 4634 2261 4701 Κύριος
2291 4630 2370 4697 τῷ
2395 4634 2638 4700 Ἀϐραμ,
2676 4626 2960 4684 καὶεῖπεν
2983 4629 3143 4696 αὐτῷ
3167 4648 3178 4658 ·
3217 4629 3300 4694 Τῷ
3329 4629 3643 4697 σπέρματί

2047 4734 2165 4772 σου
2180 4716 2351 4771 δώσω
2365 4715 2478 4784 τὴν
2493 4715 2611 4786 γῆν
2629 4716 2876 4784 ταύτην.
2896 4714 3093 4785 Τέωςὴ
3108 4715 3396 4786 ὑπόσχεσις
3411 4713 3638 4784 μεγάλη

2047 4800 2143 4855 καὶ
2175 4800 2466 4864 ἀκόλουθος
2520 4802 2585 4871 τῇ
2625 4797 2959 4870 ἐπαγγελίᾳ,
3003 4799 3068 4852 δι’
3105 4793 3173 4871 ἦς
3213 4798 3418 4851 οἴκοθεν
3459 4797 3640 4850 αὑτὸν

2046 4885 2364 4957 ἀνέστησεν.
2385 4881 2521 4938 Εἷπε
2539 4885 2668 4955 γάρ’
2692 4883 3026 4953 Μεγαλυνῶ
3051 4884 3118 4938 τὸ
3149 4884 3333 4953 ὄνομά
3359 4898 3476 4936 σου
3504 4899 3518 4910 ·
3539 4883 3640 4935 διὰ

2045 4968 2203 5023 τοῦτο
2233 4969 2329 5023 νῦν
2349 4986 2480 5039 φησι
2502 4969 2683 5022 πάλινο
2718 4966 2806 5033 Τῷ
2838 4966 3135 5037 σπέρματί
3168 4984 3284 5022 σου
3313 4965 3487 5020 δώσω
3513 4966 3641 5033 τὴν

2044 5050 2160 5123 γῆν
2187 5052 2432 5119 ταύτην.
2463 5049 2677 5120 Ἐπειδὴ
2696 5050 2803 5121 γὰρ
2825 5053 2882 5103 ἐν
2903 5053 3050 5122 γήρᾳ
3069 5050 3346 5121 τυγχάνων
3365 5052 3392 5102 ό
3409 5049 3639 5112 δίκαιος

2043 5138 2210 5200 ἄπαις
2232 5131 2320 5208 ῆν,
2351 5134 2440 5189 διὰ
2467 5135 2565 5207 τὴν
2584 5134 2684 5204 τῆς
2704 5135 2882 5206 Σάρας
2901 5136 3202 5208 στείρωσιν,
3226 5136 3636 5204 ἐπαγγέλλεται

2043 5219 2193 5290 αὑτῷ
2216 5219 2294 5290 τῷ
2314 5217 2374 5284 ἐξ
2393 5218 2558 5272 αὑτοῦ
2580 5220 2884 5289 τικτομένῳ
2913 5219 3010 5289 τὴν
3031 5221 3132 5291 γῆν
3160 5223 3481 5292 παρασχεῖν.
3511 5222 3636 5274 Καὶ

2043 5304 2234 5358 σκόπει
2289 5321 2378 5373 μοι
2413 5300 2547 5355 Θεοῦ
2601 5301 3029 5373 φιλανθρωπίαν,
3072 5303 3188 5366 πῶς
3229 5302 3496 5374 προειδὼς
3529 5308 3635 5357 τοῦ

2040 5387 2248 5441 δικαίου
2278 5387 2375 5456 τὴν
2401 5385 2622 5456 ἀρετὴν,
2671 5383 2918 5454 βούλεται
2949 5387 3080 5439 πᾶσι
3115 5386 3411 5457 κατάδηλον
3455 5388 3636 5440 αὑτὸν

2041 5474 2286 5544 ποιῆσαι,
2311 5470 2404 5523 καὶ
2420 5467 2670 5539 καθάπερ
2701 5466 3048 5539 μαργαρίτην
3065 5469 3186 5522 τινὰ
3216 5471 3633 5540 κρυπτόμενον,

2039 5554 2182 5608 οὕτω
2201 5553 2431 5623 φανερὸν
2459 5551 2898 5623 ἀπεργάσασθαι.
2935 5552 3044 5605 Καὶ
3075 5552 3402 5620 ἐπαγγελίας
3437 5553 3614 5622 ἐπαγο

2041 5638 2250 5708 γελίαις
2275 5635 2538 5705 συνάψας,
2566 5636 2662 5690 καὶ
2691 5635 2932 5707 μεγάλας
2963 5635 3062 5699 τὰς
3095 5636 3412 5706 ὑποσχέσεις
3457 5655 3636 5709 ποιη-

2046 5723 2299 5792 σάμενος,
2352 5719 2512 5773 πάλιν
2559 5721 2753 5792 μικρὸν
2803 5719 3246 5784 διαναϐάλλεται,
3308 5720 3394 5774 ἵνα
3436 5721 3630 5794 ταύτῃ

2049 5804 2282 5878 μάλιστα
2312 5802 2494 5875 δειχθῇ
2517 5804 2608 5859 τοῦ
2640 5804 2972 5876 πατριάρχου
3011 5805 3071 5859 τὸ
3099 5803 3359 5874 φιλόθεον,
3403 5804 3490 5859 ὅτι
3527 5806 3633 5863 καὶ
