3760 6250
49 314 163 367 2ΰῦ

63 426 232 480 lentia
289 430 467 477 nostra
521 418 788 489 vigilantia
837 416 997 471 multa
1046 425 1252 469 utentes
1299 413 1643 480 decerpamus

58 516 364 571 utilitatem.
395 512 583 567 Solent
609 512 747 565 enim
780 524 841 563 ea
871 524 987 577 qua:
1018 507 1198 561 labore
1228 516 1281 559 et
1306 503 1642 572 inquisitione

54 607 240 674 aliqua
287 604 654 663 inveniuntur,
692 599 856 667 magis
900 596 1042 667 infigi
1087 603 1281 650 n0str:e
1324 593 1486 647 menti
1529 609 1543 643 :
1581 606 1642 645 ca

52 709 192 748 vero
236 709 356 763 qua:
400 692 550 745 facile
596 690 972 753 inveniuntur,
1003 687 1158 741 citius
1204 701 1234 739 e
1272 684 1431 738 corde
1461 692 1644 735 nostro

53 784 303 841 avolare.
333 783 568 837 Obsecro
596 781 750 850 igitur
778 795 842 833 ne
868 779 1033 831 simus
1059 777 1402 845 negligentes,
1436 773 1527 827 sed
1552 788 1645 825 ex-

55 878 299 929 citemus
328 886 557 928 mentem
589 880 823 925 nostram
848 912 864 936 ,
896 879 950 923 et
985 868 1193 938 penitus
1221 868 1272 921 in
1302 867 1468 936 ipsam
1501 865 1647 920 Scri-

59 977 345 1035 pturarum
378 963 785 1034 profunditatem
824 963 1159 1024 intueamur,
1197 968 1255 1013 ut
1292 957 1477 1027 majori
1523 956 1645 1010 inde

58 1057 219 1110 lucro
247 1065 467 1126 accepto
485 1095 501 1121 ,
530 1053 747 1108 domum
778 1051 951 1106 redire
981 1051 1153 1104 liceat.
1189 1050 1280 1103 Est
1309 1049 1450 1102 enim
1471 1048 1644 1101 eccle-

56 1149 136 1200 sia
186 1147 285 1202 Dei
323 1156 589 1201 mercatus
627 1144 840 1215 quidam
885 1142 1174 1212 spiritualis
1218 1140 1647 1208 medicorumque

57 1239 284 1292 officina
315 1236 590 1291 animabus
622 1254 636 1289 :
665 1244 719 1289 et
747 1249 843 1304 par
870 1241 981 1299 est,
1009 1242 1065 1287 ut
1089 1232 1221 1285 sicut
1248 1230 1336 1301 qui
1365 1230 1429 1284 ad
1457 1231 1648 1285 nundi-

64 1344 167 1381 nas
196 1330 437 1389 veniunt,
458 1326 578 1380 inde
600 1326 777 1378 multis
799 1324 1058 1377 mercibus
1080 1322 1319 1376 collectis
1336 1320 1643 1378 redeamus:

60 1419 150 1473 vel
178 1419 332 1488 quasi
361 1433 388 1472 e
410 1417 596 1471 medici
627 1416 806 1478 domo,
837 1415 1065 1482 receptis
1089 1428 1205 1481 qua:
1231 1411 1430 1465 morbis
1452 1411 1647 1464 nostris

59 1516 374 1577 congruunt
415 1506 812 1561 medicamentis
836 1544 851 1569 ,
892 1518 1161 1558 exeamus.
1207 1501 1319 1555 Non
1351 1501 1491 1555 enim
1523 1500 1644 1554 ideo

62 1600 315 1669 quotidie
360 1597 711 1662 confluimus,
760 1605 817 1649 nt
864 1594 1135 1648 dumtaxat
1180 1600 1470 1647 conventus
1522 1592 1649 1644 fiant

59 1690 386 1759 simpliciter
430 1708 443 1743 :
482 1687 575 1742 sed
619 1696 892 1756 prepterea
930 1698 1315 1754 congregamur
1340 1723 1353 1746 ,
1387 1690 1444 1735 ut
1483 1696 1646 1735 unus-

59 1781 294 1849 quisque
317 1778 600 1847 pharmaco
622 1778 729 1831 suis
751 1775 1022 1829 affectibus
1043 1773 1351 1843 congruenti
1376 1779 1643 1839 suscepto,

59 1869 290 1923 domum
323 1868 598 1923 concedat.
638 1865 915 1934 Quomodo
953 1865 1091 1919 enim
1132 1878 1235 1917 non
1265 1862 1424 1917 fuerit
1460 1862 1646 1916 absur-

60 1959 353 2012 dissimum
375 2000 388 2022 ,
415 1974 511 2013 nos
536 1972 565 2010 a
592 1956 821 2026 puerulis
842 1954 1037 2008 nostris
1059 1953 1125 2007 ad
1158 1953 1335 2006 ludum
1359 1952 1645 2005 literarium

59 2052 251 2105 missis
272 2051 505 2121 quOtidie
534 2060 710 2119 petere
734 2090 748 2115 ,
776 2048 898 2115 quiti
929 2047 1179 2101 discendo
1208 2046 1527 2117 profecerint
1548 2085 1565 2112 ,
1595 2054 1649 2097 et

57 2144 399 2212 adjecerint;
450 2157 618 2210 neque
661 2142 803 2196 enim
852 2140 1147 2193 sineremus
1200 2151 1292 2191 eos
1334 2136 1562 2201 frustra,
1595 2144 1648 2189 et

58 2235 273 2304 absque
298 2234 518 2287 utilitate
543 2233 595 2287 in
624 2231 800 2286 ludum
828 2231 925 2297 ire,
953 2228 1053 2283 nisi
1079 2228 1304 2282 fructum
1333 2226 1644 2296 ampliorem

60 2324 191 2379 inde
222 2333 581 2394 consequutos
607 2322 946 2383 videremus;
990 2334 1086 2373 nos
1126 2327 1301 2372 autem
1329 2317 1416 2386 qui
1453 2317 1646 2384 justam

60 2426 283 2471 aetatem
307 2414 584 2480 habemus,
606 2422 658 2468 et
689 2413 738 2467 in
761 2411 1061 2481 spiritualcs
1080 2408 1291 2463 scholas
1311 2407 1645 2469 ventitamus,

62 2522 172 2559 non
202 2522 303 2575 par
331 2505 436 2559 illis
465 2503 692 2558 studium
725 2500 976 2557 exhibere
998 2541 1015 2565 ,
1046 2499 1274 2553 maxime
1302 2512 1421 2553 cum
1454 2497 1564 2550 haec
1595 2497 1645 2549 in

65 2600 283 2653 lucrum
303 2607 358 2652 et
372 2597 594 2651 salutem
616 2595 908 2649 animarum
932 2591 1207 2661 spectent?
1230 2590 1389 2660 Igitur
1403 2589 1646 2655 obsecro,

64 2700 123 2743 ut
164 2691 407 2758 seipsum
451 2687 685 2757 quotidie
713 2694 977 2739 scrutetur
1004 2683 1359 2752 unusquisque
1382 2723 1396 2748 ,
1432 2680 1555 2750 quid
1584 2695 1649 2734 ex

66 2783 361 2845 hodierna,
388 2781 509 2850 quid
534 2795 596 2835 ex
621 2777 857 2848 proxima
880 2775 1103 2831 lectione
1126 2773 1365 2827 utilitatis
1386 2772 1646 2839 retulerit,

65 2886 126 2928 ut
158 2890 232 2929 ne
267 2873 542 2927 videamur
569 2880 623 2926 et
662 2884 759 2924 nos
791 2879 989 2923 temere
1026 2877 1184 2936 atque
1219 2865 1412 2919 frustra
1439 2864 1643 2919 adesse.

63 2966 226 3031 Quod
273 2974 450 3019 autem
492 2964 593 3016 hoc
628 2976 725 3015 nos
754 2961 904 3029 culpa
946 2960 1206 3012 immunes
1232 2955 1419 3011 reddat
1449 2954 1649 3028 (offeri-

65 3072 191 3111 mus
217 3054 641 3126 enim-quidquid
670 3053 833 3106 nostri
862 3061 940 3105 est
972 3048 1166 3115 officii,
1194 3057 1247 3102 et
1276 3046 1405 3100 nihil
1435 3059 1650 3115 prorsus

68 3150 218 3219 quod
250 3158 448 3202 nostra:
476 3148 542 3200 sit
566 3145 825 3200 facultatis
851 3142 1239 3213 prteterimus);
1269 3140 1410 3211 quod
1435 3155 1561 3194 vero
1587 3139 1649 3193 iis

69 3243 162 3309 qui
197 3241 359 3294 nobis
396 3245 740 3301 succensent,
777 3250 872 3288 nec
899 3241 1215 3297 occurrunt,
1246 3246 1344 3284 nec
1368 3230 1505 3283 dicta
1532 3227 1652 3283 diii-

65 3345 259 3402 genter
281 3330 598 3393 auscultant,
619 3327 832 3395 majoris
855 3322 1309 3380 condcmnationis
1329 3322 1396 3375 sit
1416 3320 1645 3383 occasio,

65 3423 191 3477 audi
233 3422 504 3477 Christum
542 3420 804 3473 dicentem
839 3418 886 3471 ei
914 3416 1002 3485 qui
1046 3416 1299 3470 talentum
1327 3414 1601 3469 dcfodcrat
1633 3429 1648 3467 :

66 3515 232 3568 Serve
265 3528 514 3581 nequam,
546 3508 798 3578 oportebat
828 3517 873 3560 te
896 3508 1155 3577 pecuniam
1192 3522 1349 3559 meam
1386 3505 1523 3573 apud
1552 3520 1647 3556 nu-

63 3605 325 3657 mularios
354 3602 656 3671 deposuisse,
683 3611 727 3653 et
757 3600 952 3652 veniens
973 3614 1064 3667 ego
1085 3598 1388 3667 repetiissem
1408 3612 1517 3648 eam
1538 3610 1651 3647 cum

63 3713 226 3749 usura
258 3694 471 3765 (Matth.
499 3693 589 3747 ‘25.
617 3692 705 3746 26.
736 3690 859 3762 27);
888 3691 953 3743 de
979 3690 1177 3743 Juda'is
1208 3699 1384 3743 autem
1416 3706 1428 3741 :
1464 3688 1522 3741 Si
1550 3704 1651 3740 non

63 3789 341 3851 venissem,
373 3796 418 3837 et
446 3788 678 3853 loquutus
698 3784 903 3855 fuissent
930 3782 1018 3844 eis,
1054 3790 1305 3851 peccatum
1328 3796 1424 3832 non
1452 3778 1653 3832 habuis-

64 3889 176 3932 sent
201 3895 221 3941 ;
251 3893 387 3928 nunc
413 3886 579 3927 autent
606 3874 974 3927 excusationem
1004 3888 1102 3923 non
1128 3870 1306 3938 habent
1335 3870 1353 3938 (
1376 3869 1529 3922 Joan.
1561 3869 1646 3921 15.

62 3972 185 4038 2'2).
219 3969 485 4022 Cmtcrum
514 3981 610 4019 nos
636 3978 775 4018 nunc
803 3979 908 4016 non
932 3962 1031 4015 hoc
1060 3975 1322 4024 curamus,
1357 3970 1409 4012 ut
1437 3974 1652 4027 prorsus

67 4063 306 4117 crimine
334 4073 625 4120 careamus,
654 4067 707 4111 et
735 4058 784 4110 in
815 4056 957 4109 nullo
979 4068 1278 4123 arguamur,
1302 4051 1394 4106 sed
1420 4060 1650 4105 vestrum

64 4154 374 4223 profectum
400 4150 578 4204 videre
599 4149 860 4218 cupimus,
884 4155 938 4199 et
962 4155 1192 4199 nostram
1222 4143 1453 4197 laetitiam
1481 4142 1654 4196 immi-

65 4248 160 4299 nui
192 4246 537 4308 arbitramur,
564 4242 719 4295 etiam
744 4240 1078 4305 quantumvis
1108 4237 1304 4291 innoxii
1335 4236 1434 4305 ipsi
1461 4237 1648 4301 simus,

64 4338 173 4391 nisi
218 4344 278 4390 et
324 4349 416 4387 vos
460 4333 689 4387 studium
730 4331 995 4385 laboribus
1026 4330 1218 4382 nostris
1257 4328 1471 4396 dignum
1503 4327 1653 4382 exhi-

65 4426 326 4481 bueritis.
358 4424 482 4478 Haec
509 4424 649 4477 enim
676 4430 870 4476 nostra:
898 4421 1091 4474 laetitia:
1115 4419 1330 4473 materia
1361 4426 1462 4485 est,
1494 4418 1538 4471 si
1564 4434 1654 4471 ve-

63 4530 182 4572 stra
219 4517 273 4571 in
325 4513 682 4584 Spiritualibus
722 4513 1046 4566 incrementa
1089 4508 1381 4563 videamus.
1431 4508 1499 4561 Et
1541 4507 1653 4562 scio

62 4606 293 4677 quidem
316 4620 410 4658 vos
432 4620 524 4673 per
546 4604 767 4671 gratiam
795 4603 881 4655 Dei
914 4610 1113 4654 tantum
1138 4600 1335 4669 pollere
1362 4602 1645 4661 intellectu,

66 4710 127 4751 ut
158 4709 216 4751 et
247 4696 381 4751 alios
408 4697 624 4749 valeatis
663 4694 959 4758 exhortari;
992 4692 1084 4746 sed
1115 4692 1399 4745 secundum
1442 4693 1649 4745 beatum

59 4793 334 4855 Paulum,
366 4788 676 4843 memoriam
706 4795 932 4840 vestram
966 4784 1189 4850 refrico,
1219 4791 1273 4837 et
1303 4799 1529 4852 provoco
1556 4799 1653 4837 ve-

58 4894 246 4937 strum
280 4880 450 4933 zelum
483 4878 748 4946 animique
775 4875 1003 4928 studium
1029 4915 1041 4937 ,
1073 4873 1297 4928 subinde
1322 4873 1437 4927 haac
1464 4874 1652 4927 admo-

61 4989 208 5029 nens
236 5014 251 5034 ,
294 4980 349 5025 et
396 4970 613 5038 cupiens
665 4982 759 5021 vos
805 4965 1067 5036 perfectos
1114 4973 1168 5017 et
1217 4964 1486 5018 absolutos
1535 4978 1652 5018 esse

58 5069 75 5135 (
110 5068 273 5120 Rom.
320 5063 408 5117 15.
452 5060 580 5132 15).
623 5059 737 5114 Νυη
785 5058 927 5111 enim
971 5056 1239 5111 mediocre
1284 5064 1649 5124 argumentum

65 5159 200 5212 mihi
233 5164 321 5211 est
361 5156 461 5208 hoc
490 5154 648 5207 vestri
687 5154 739 5207 in
769 5151 960 5205 divinis
1000 5152 1301 5219 profectus,
1328 5148 1465 5218 quod
1507 5156 1649 5201 tanta

63 5251 356 5304 alacritate
387 5247 623 5317 quotidie
653 5246 753 5299 huc
778 5243 1101 5298 conveniatis
1122 5283 1137 5307 ,
1169 5250 1224 5296 ct
1260 5239 1519 5309 spirituali
1553 5238 1651 5292 do-

62 5343 245 5395 ctrina
280 5339 483 5406 expleri
512 5353 615 5391 non
644 5337 874 5406 possitis.
906 5334 1035 5388 Nam
1062 5330 1501 5403 quemadmodum
1525 5345 1655 5385 cor-

63 5432 276 5503 poralis
293 5429 398 5485 cibi
415 5429 692 5497 appetitus,
711 5427 959 5481 indicium
977 5437 1057 5478 est
1079 5425 1290 5494 optima:
1307 5422 1649 5476 valetudinis:

63 5532 136 5577 ita
170 5522 499 5577 desiderium
531 5519 817 5590 spiritualis
846 5518 1132 5582 doctrinm,
1166 5515 1648 5569 manifestissimum

61 5622 446 5684 argumentum
474 5620 555 5665 est
583 5610 774 5664 anima:
803 5610 935 5663 bene
961 5607 1203 5661 valentis.
1238 5607 1567 5675 Quapropter
1595 5614 1651 5661 ct

62 5721 171 5778 ego
203 5706 342 5759 bene
368 5703 612 5758 conscius
632 5702 788 5759 vestri
814 5699 1080 5768 desiderii,
1103 5698 1241 5769 quod
1261 5699 1460 5754 scilicet
1480 5716 1645 5770 quatt-

1083 303 1148 358 ΙΝ
1184 300 1335 357 CAP.
1379 298 1491 355 Xll.
1532 298 1774 354 GENES.
1820 296 2048 351 llOMlL.
2085 294 2301 351 XXXII.

3218 297 3317 355 22M

1749 409 1944 463 tumvis
1972 408 2256 477 producam
2287 422 2584 463 sermonem
2606 450 2621 473 ,
2655 423 2757 462 non
2787 409 2983 479 possim
3010 411 3092 464 vel
3125 414 3201 466 sic
3224 394 3320 468 ex?

1750 499 1893 567 plere
1922 497 2241 552 desiderium
2272 538 2284 561 ,
2316 506 2369 551 et
2395 498 2644 552 alimento
2672 499 2928 566 spirituali
2961 515 3054 554 vos
3084 503 3278 555 satiare
3300 543 3315 568 ,

1747 604 1851 642 non
1877 587 2076 643 desisto
2104 604 2198 658 pro
2225 604 2339 643 mea
2372 590 2547 656 virili,
2575 606 2633 644 ea
2661 607 2778 660 quae
2808 590 2902 646 Dei
2932 594 3097 662 gratia
3126 609 3313 664 suppe-

1746 678 1898 744 ditat,
1931 679 1983 732 in
2010 687 2239 733 vestram
2272 680 2544 733 utilitatem
2572 682 2807 750 quotidie
2829 683 2978 738 vobis
3000 699 3317 754 pt-Oponcrc,

1747 778 1802 825 et
1841 770 2033 824 divinae
2062 769 2348 839 Scriptura:
2387 771 2682 825 doctrinam
2712 774 2977 829 mentibus
3004 776 3195 831 vestris
3235 777 3319 830 in-

1749 875 1947 916 serere.

1817 952 1872 1005 2.
1914 952 2051 1006 Deus
2078 952 2325 1023 quomodo
2353 952 2597 1007 videatur.
2642 983 2712 994 —
2751 956 3045 1026 Age'igitur
3072 966 3126 1012 et
3161 959 3319 1015 hodie

1749 1043 2141 1097 misericordem
2171 1044 2333 1097 Deum
2361 1044 2719 1110 Obsecremus,
2746 1057 2804 1100 ut
2829 1047 3056 1117 linguam
3084 1062 3317 1107 nostram

1749 1131 1944 1202 dirigat
1972 1132 2036 1187 ad
2072 1132 2442 1187 inveniendum
2468 1133 2607 1202 quod
2636 1136 2937 1203 quaerimus,
2970 1146 3022 1191 et
3050 1154 3149 1207 pro
3174 1157 3321 1197 more

1752 1232 1933 1278 nostro
1962 1224 2110 1278 vobis
2137 1224 2419 1278 afi'eramus
2444 1224 2758 1289 doctrinam,
2785 1229 3067 1295 propositis
3094 1232 3317 1299 primum

1752 1313 1834 1368 his
1859 1331 1975 1383 qua:
2003 1316 2135 1370 lecta
2164 1326 2284 1370 sunt
2311 1316 2518 1371 caritati
2552 1328 2759 1372 vestrm.
2788 1320 2839 1373 7.
2869 1320 2935 1373 Et
2959 1322 3092 1376 visus
3120 1334 3209 1390 est,
3243 1326 3322 1378 in-

1749 1408 1880 1477 quit,
1911 1408 2156 1464 Dominus
2182 1409 2346 1464 Abrte.
2377 1408 2443 1463 Et
2474 1411 2599 1464 dixit
2622 1412 2685 1465 ei.
2714 1412 2898 1467 Nonne
2922 1414 3054 1469 bene
3083 1417 3318 1472 dicebam

1749 1499 1817 1552 ab
1846 1499 2013 1566 initio,
2044 1501 2206 1555 latere
2228 1501 2278 1554 in
2305 1502 2485 1571 paucis
2513 1503 2614 1558 illis
2640 1504 2812 1558 verbis
2840 1522 3082 1575 magnum
3110 1507 3320 1563 thesm—

1750 1592 1906 1644 rum?
1951 1593 2088 1646 Ecce
2130 1593 2268 1647 enim
2308 1595 2483 1647 statim
2534 1610 2709 1648 rarum
2754 1606 2807 1651 et
2843 1598 3151 1655 admirabile
3197 1617 3320 1670 pro-

1749 1684 1964 1739 (nmium
1984 1702 1997 1738 :
2018 1684 2083 1737 Et
2104 1685 2236 1739 visus
2264 1694 2356 1753 est,
2388 1686 2573 1755 inquit,
2598 1686 2841 1741 Dominus
2864 1688 2998 1743 Deus
3023 1690 3185 1745 Abrw.
3210 1693 3322 1747 lloc

1752 1777 1977 1844 primum
2018 1776 2313 1829 invenimus
2344 1777 2393 1829 in
2432 1776 2702 1846 Scriptura
2733 1794 2872 1833 nunc
2911 1781 3106 1834 dictum
3132 1823 3147 1845 ,
3178 1785 3317 1854 quod

1750 1865 1893 1919 visus
1922 1865 2027 1919 sit:
2054 1882 2223 1935 neque
2252 1868 2391 1921 enim
2422 1868 2685 1937 Scriptura
2714 1870 2887 1924 divina
2916 1872 3079 1928 verbo
3102 1874 3200 1928 hoc
3229 1892 3319 1931 usa

1751 1966 1851 2022 est,
1881 1972 2000 2012 cum
2032 1958 2097 2012 de
2126 1958 2331 2023 Adam,
2363 1960 2446 2013 vel
2478 1960 2544 2013 de
2570 1960 2736 2025 Abel,
2764 1962 2847 2015 vel
2876 1961 2943 2016 de
2971 1963 3111 2028 Noe,
3147 1966 3225 2019 vel
3253 1966 3320 2021 de

1751 2050 1853 2103 alio
1878 2051 2121 2119 quopiam
2145 2052 2355 2120 loquuta
2377 2062 2477 2105 est.
2502 2051 2635 2117 Quid
2659 2052 2814 2121 igitur
2834 2065 2911 2108 est
2933 2055 3070 2122 quod
3090 2055 3278 2111 dicitur
3302 2075 3315 2110 :

1752 2140 1818 2193 Et
1860 2141 1994 2194 visus
2032 2141 2152 2194 est?
2182 2141 2247 2195 Et
2278 2142 2543 2210 quomodo
2568 2142 2689 2197 alibi
2729 2144 2854 2197 dicit
2882 2162 2893 2196 :
2928 2144 3117 2200 Nullus
3142 2147 3320 2201 videbit

1751 2230 1914 2284 Deam
1934 2272 1948 2295 ,
1981 2242 2027 2284 et
2057 2232 2183 2285 vivct
2217 2230 2236 2301 (
2264 2232 2427 2286 Exod.
2456 2234 2543 2287 55.
2568 2232 2638 2287 20
2662 2234 2718 2302 )?
2743 2234 2875 2301 Quid
2904 2236 3061 2304 igitur
3087 2238 3321 2293 dicemus

1751 2339 1892 2378 nunc
1916 2320 2184 2391 Sériptura
2210 2323 2418 2378 dicente
2446 2340 2459 2376 :
2490 2323 2559 2377 Et
2585 2326 2715 2379 visus
2742 2326 2857 2379 est?
2879 2326 3153 2395 Quomodo
3179 2330 3321 2385 visus

1751 2422 1830 2466 est
1853 2413 2033 2482 justo?
2062 2413 2194 2467 Num
2223 2415 2386 2483 ipsam
2424 2414 2766 2469 substantiam
2799 2416 2961 2470 vidit?
2986 2417 3098 2471 Non
3119 2459 3133 2484 ,
3158 2420 3313 2474 absit.

1750 2505 1852 2560 Sed
1881 2505 2044 2575 quid?
2082 2506 2168 2561 Sic
2192 2507 2336 2561 visus
2372 2516 2451 2561 est
2475 2548 2489 2572 ,
2523 2517 2577 2561 ut
2606 2508 2719 2576 ipse
2754 2510 2897 2563 solus
2922 2512 3058 2577 scit,
3088 2522 3141 2565 et
3164 2522 3223 2566 ut
3249 2514 3321 2568 illi

1752 2598 2001 2667 possibile
2030 2607 2144 2653 erat
2172 2598 2371 2654 videre.
2410 2598 2589 2655 Solch
2615 2600 2754 2655 enim
2784 2618 2902 2656 cum
2934 2603 3000 2656 sit
3027 2605 3235 2672 sapiens
3268 2616 3322 2661 et

1752 2690 2053 2743 misericors
2094 2689 2346 2745 Dominus
2390 2701 2569 2745 noster
2592 2732 2607 2757 ,
2639 2707 2698 2746 se
2736 2691 2979 2747 humanae
3008 2706 3322 2763 attemperat

1751 2790 1971 2847 naturae,
2003 2790 2055 2835 et
2080 2782 2421 2851 semetipsum
2454 2783 2518 2837 iis
2544 2784 2629 2852 qui
2656 2798 2714 2837 se
2741 2793 2897 2839 antea
2926 2785 3082 2855 digne
3112 2802 3317 2857 pra‘pa-

1754 2881 2024 2935 raverunt,
2050 2872 2301 2925 ostendit.
2335 2871 2494 2942 quue
2519 2873 2844 2928 demonstrat
2873 2890 2963 2943 per
2989 2876 3316 2945 prophetam,

1753 2963 1937 3018 dicens
1967 2981 1980 3017 :
2016 2963 2125 3033 Ego
2162 2966 2371 3017 visiones
2401 2964 2727 3033 multiplicavi
2750 3007 2764 3029 ,
2797 2977 2841 3019 et
2872 2967 2923 3019 in
2953 2968 3178 3023 manibus
3206 2985 3323 3038 pro-

1750 3052 2014 3120 phetarum
2057 3054 2359 3106 assimilatas
2386 3056 2462 3124 fui
2505 3054 2523 3124 (
2552 3054 2677 3107 Osce
2705 3055 2788 3108 12.
2820 3055 2884 3109 10
2911 3057 2952 3127 ).
2984 3057 3237 3124 Quoniam
3265 3068 3320 3113 et

1750 3141 1911 3199 Isaias
1945 3144 2071 3198 vidit
2109 3160 2227 3198 eum
2258 3145 2537 3199 'sedentem
2569 3146 2585 3213 (
2616 3144 2743 3202 Isai.
2770 3147 2821 3201 6.
2854 3148 2922 3217 1)
2950 3164 2965 3203 :
2996 3149 3096 3203 hoc
3138 3160 3315 3204 autem

1751 3234 1862 3289 Deo
1904 3234 2171 3304 indignum
2200 3252 2213 3287 :
2244 3235 2382 3289 Deus
2410 3236 2550 3288 enim
2588 3251 2692 3290 non
2721 3236 2905 3301 sedet;
2936 3238 3023 3306 qui
3054 3238 3193 3292 enim
3221 3255 3321 3309 po-

1755 3336 1894 3395 test,
1950 3343 2071 3382 cum
2113 3328 2182 3382 sit
2221 3328 2533 3398 incorporea
2572 3338 2626 3383 et
2664 3329 2897 3383 interitui
2936 3346 3039 3384 non
3097 3332 3321 3389 obnoxia

1754 3420 1978 3474 natura?
2021 3427 2076 3474 et
2116 3419 2295 3474 Daniel
2337 3434 2547 3490 quoque
2590 3420 2718 3473 vidit
2756 3435 2876 3475 eum
2903 3463 2917 3487 ,
2958 3430 3015 3475 ut
3050 3423 3320 3493 antiquum

1750 3513 1958 3568 dierttm
1991 3512 2166 3586 (Dan.
2201 3514 2253 3567 7.
2283 3512 2353 3567 22
2378 3516 2428 3583 );
2471 3512 2750 3567 Zacharias
2792 3523 2969 3569 autem
3014 3515 3165 3569 aliter
3200 3532 3322 3570 eum

1754 3607 2019 3659 contuitus
2044 3615 2126 3659 est
2148 3607 2164 3675 (
2189 3605 2348 3660 Zach.
2378 3606 2401 3659 1
2425 3604 2478 3675 );
2508 3605 2600 3659 sed
2624 3614 2677 3659 et
2707 3606 2945 3661 Ezechiel
2972 3608 3144 3662 aliter.
3172 3608 3325 3665 Unde

1753 3696 1963 3751 dicebat
1994 3715 2006 3750 :
2036 3696 2145 3766 Ego
2174 3697 2385 3750 uisiones
2410 3697 2735 3765 maltiplicavi
2759 3714 2777 3749 :
2798 3698 2897 3752 hoc
2916 3708 3014 3763 est,
3046 3701 3325 3770 unicuique

1753 3786 1969 3857 apparui
1998 3801 2095 3857 pro
2122 3801 2213 3840 sua
2243 3786 2516 3856 dignitate.
2549 3787 2618 3840 Et
2642 3801 2779 3839 nunc
2805 3804 3012 3857 quoque
3036 3830 3049 3852 ,
3084 3789 3204 3859 quia
3237 3792 3325 3857 ju-

1756 3888 1895 3931 stum
1922 3892 1950 3931 a
1978 3876 2136 3930 domo
2161 3876 2276 3945 ejus
2300 3886 2565 3939 evocarat,
2593 3886 2645 3930 et
2667 3877 2897 3944 jussemt
2922 3878 2972 3930 in
3000 3878 3223 3933 alienam
3245 3880 3325 3935 ire

1756 3977 1970 4033 terram,
2001 3967 2050 4021 in
2072 3983 2227 4037 quam
2250 3983 2369 4021 cum
2395 3968 2646 4031 venisset,
2672 3978 2933 4037 tamquam
2957 3983 3118 4040 vagus
3137 3972 3324 4041 agebat

1755 4067 1808 4110 et
1840 4058 2146 4127 peregrinus
2166 4098 2181 4122 ,
2211 4066 2389 4125 utpote
2416 4056 2726 4112 Clmnanmis
2757 4059 2860 4111 illic
2885 4059 3053 4114 adhuc
3082 4060 3319 4115 habitan-

1758 4148 1914 4210 tibus,
1947 4148 2215 4216 inquirens
2242 4148 2328 4200 ubi
2357 4147 2675 4201 domicilium
2702 4149 2964 4203 collocare
2993 4150 3159 4218 ipsum
3190 4167 3318 4205 con‘

1755 4243 1957 4294 veniret
1979 4258 1992 4293 :
2013 4240 2183 4294 bonus
2200 4240 2453 4295 Dominus
2468 4241 2726 4295 consolari
2748 4258 2889 4308 eum,
2908 4251 2961 4297 et
2981 4244 3095 4311 ejus
3116 4244 3324 4300 firmare

1755 4330 2077 4385 alacritatem
2103 4331 2306 4395 volens,
2331 4342 2387 4383 ut
2412 4346 2478 4383 ne
2504 4339 2847 4399 torpesceret,
2873 4348 3040 4401 neque
3065 4333 3327 4389 dubitaret

1756 4422 1823 4477 de
1863 4423 2211 4491 promissione
2234 4423 2344 4492 jam
2372 4422 2473 4477 sibi
2506 4423 2637 4477 facta
2663 4463 2677 4489 ,
2706 4440 2806 4493 qua
2833 4425 2963 4478 dixit
2992 4441 3010 4479 :
3049 4426 3168 4479 Veni
3193 4426 3325 4493 huc,

1756 4527 1801 4567 et
1836 4515 2018 4585 faciant
2042 4525 2087 4567 te
2113 4516 2164 4566 in
2190 4523 2378 4584 gentem
2404 4530 2637 4582 magnam
2664 4513 3119 4583 (quandoquidem
3146 4516 3324 4571 diver-

1757 4621 1814 4660 sa
1840 4623 1867 4657 a
1899 4606 2243 4673 promissione
2268 4604 2479 4658 videbat
2500 4605 2609 4658 fieri
2634 4645 2650 4670 ,
2678 4613 2731 4658 et
2770 4619 2828 4657 se
2865 4605 3204 4660 obambulare
3252 4608 3325 4661 uti

1756 4697 2016 4763 ahjcctum
2047 4706 2099 4749 et
2130 4696 2282 4748 vilem
2302 4736 2316 4761 ,
2343 4705 2396 4750 et
2420 4695 2563 4748 omni
2592 4694 2835 4763 prmsidio
2855 4695 3160 4749 destitutum
3181 4740 3197 4762 ,
3230 4712 3328 4749 ne-

1757 4803 1858 4856 que
1886 4787 2163 4841 habentem
2191 4786 2278 4840 ubi
2307 4787 2588 4841 diverteret
2610 4787 2661 4857 ),
2693 4796 2748 4841 ut
2774 4788 2930 4857 igitur
2954 4799 3182 4843 mentem
3215 4790 3330 4857 ejus

1756 4878 1967 4945 excitet,
1996 4879 2163 4948 inquit
2189 4896 2201 4931 :
2230 4878 2295 4931 Et
2322 4880 2452 4932 visus
2472 4889 2541 4932 est
2568 4878 2810 4933 Dominus
2824 4880 2986 4945 Abraz,
3017 4890 3062 4933 et
3091 4880 3215 4933 dixit
3240 4881 3287 4933 ei
3309 4894 3329 4933 :

1756 4970 1951 5025 Semini
1981 4980 2064 5023 tuo
2091 4970 2218 5023 dabo
2251 4978 2431 5023 terram
2460 4970 2609 5022 hanc.
2660 4969 2757 5022 Est
2798 4978 2851 5023 et
2881 4969 2995 5024 haec
3022 4970 3329 5038 pollicitatio

1756 5078 1962 5131 magna,
1992 5071 2045 5116 et
2070 5062 2255 5116 similis
2283 5060 2355 5113 illi
2382 5075 2475 5128 per
2499 5075 2655 5128 quam
2684 5075 2804 5113 eum
2827 5074 2855 5111 a
2877 5059 3034 5113 domo
3057 5070 3326 5115 evocarat.

1757 5157 1970 5211 Dixerat
2007 5154 2147 5207 enim
2192 5170 2206 5205 :
2251 5152 2589 5222 Magniﬁcabo
2619 5167 2796 5204 nomen
2832 5160 2972 5203 tuum
3001 5167 3019 5204 :
3049 5163 3324 5220 propterea

1758 5261 1895 5302 nunc
1916 5246 2105 5299 iterum
2127 5244 2256 5297 dicit
2285 5261 2297 5295 :
2329 5242 2522 5297 Semini
2549 5250 2633 5294 tuo
2660 5242 2786 5295 dabo
2813 5252 2995 5295 terram
3018 5243 3168 5299 hanc.
3190 5244 3320 5297 Nam

1754 5351 1871 5390 cum
1896 5334 2003 5402 jam
2035 5349 2194 5387 senex
2220 5345 2359 5387 esset
2383 5333 2557 5401 justus
2578 5375 2593 5397 ,
2620 5334 2829 5402 filioque
2858 5342 3062 5389 careret
3084 5336 3153 5389 ob
3178 5336 3323 5390 Sara:

1755 5426 2082 5481 sterilitatem
2109 5465 2125 5490 ,
2159 5424 2416 5493 promittit
2456 5440 2515 5478 se
2544 5425 2627 5490 ei,
2657 5425 2745 5492 qui
2786 5441 2851 5479 ex
2882 5426 2997 5494 ipso
3027 5429 3322 5485 nasciturus

1755 5516 1844 5580 sit,
1865 5523 2059 5571 terram
2081 5514 2342 5567 daturum.
2378 5514 2787 5569 Misericordiam
2819 5517 2911 5570 Dei
2934 5515 3039 5581 hic,
3065 5532 3179 5582 oro,
3206 5534 3322 5573 con-

1754 5606 1927 5661 sidera
1958 5647 1973 5673 ,
2006 5603 2268 5674 quomodo
2298 5620 2415 5659 cum
2446 5606 2715 5674 prazsciret
2746 5605 2871 5675 justi
2909 5606 3185 5670 virtutem,
3216 5606 3324 5664 vttlt

1754 5714 1875 5755 eum
1906 5696 2149 5754 omnibus
2178 5696 2511 5754 manifestum
2544 5697 2717 5754 facere
2739 5740 2753 5767 ,
2780 5710 2834 5755 ct
2857 5700 2907 5755 in
2936 5699 3115 5773 lucem.
3133 5698 3322 5756 efferre
