  <div class='ocr_page' id='page_1' title='image "/cluster/home/n/w/nwhite01/storage/ocr_20150623/53-54/hvd.32044012465829/295.png"; bbox 0 0 3760 6244; ppageno 0'>
   <div class='ocr_carea' id='block_1_1' title="bbox 422 242 524 298">
    <p class='ocr_par' dir='ltr' id='par_1_1' title="bbox 422 242 524 298">
     <span class='ocr_line' id='line_1_1' title="bbox 422 242 524 298; baseline 0.029 -3"><span class='ocrx_word' id='word_1_1' title='bbox 422 242 524 298; x_wconf 70' lang='lat'><strong>995</strong></span> 
     </span>
    </p>
   </div>
   <div class='ocr_carea' id='block_1_2' title="bbox 422 348 1999 423">
    <p class='ocr_par' dir='ltr' id='par_1_2' title="bbox 422 348 1999 423">
     <span class='ocr_line' id='line_1_2' title="bbox 422 348 1999 423; baseline 0.001 -23"><span class='ocrx_word' id='word_1_2' title='bbox 422 353 569 417; x_wconf 84' lang='lat' dir='ltr'><strong>quasi</strong></span> <span class='ocrx_word' id='word_1_3' title='bbox 605 353 942 423; x_wconf 72' lang='lat' dir='ltr'><strong>margaritam</strong></span> <span class='ocrx_word' id='word_1_4' title='bbox 974 352 1201 421; x_wconf 81' lang='lat' dir='ltr'><strong>aliquam</strong></span> <span class='ocrx_word' id='word_1_5' title='bbox 1233 364 1355 406; x_wconf 87' lang='lat' dir='ltr'><strong>ante</strong></span> <span class='ocrx_word' id='word_1_6' title='bbox 1382 350 1664 405; x_wconf 74' lang='lat' dir='ltr'><strong>occultam.</strong></span> <span class='ocrx_word' id='word_1_7' title='bbox 1698 348 1852 407; x_wconf 87' lang='lat' dir='ltr'><strong>Unde</strong></span> <span class='ocrx_word' id='word_1_8' title='bbox 1879 364 1999 403; x_wconf 93' lang='lat' dir='ltr'><strong>cum</strong></span> 
     </span>
    </p>
   </div>
   <div class='ocr_carea' id='block_1_3' title="bbox 425 442 2007 516">
    <p class='ocr_par' dir='ltr' id='par_1_3' title="bbox 425 442 2007 516">
     <span class='ocr_line' id='line_1_3' title="bbox 425 442 2007 516; baseline -0.001 -19"><span class='ocrx_word' id='word_1_9' title='bbox 425 444 807 513; x_wconf 88' lang='lat' dir='ltr'><strong>promissioncs</strong></span> <span class='ocrx_word' id='word_1_10' title='bbox 828 443 1267 516; x_wconf 88' lang='lat' dir='ltr'><strong>promissionibus</strong></span> <span class='ocrx_word' id='word_1_11' title='bbox 1291 443 1643 511; x_wconf 79' lang='lat' dir='ltr'><strong>adjunxisset,</strong></span> <span class='ocrx_word' id='word_1_12' title='bbox 1667 442 1857 497; x_wconf 89' lang='lat' dir='ltr'><strong>iterum</strong></span> <span class='ocrx_word' id='word_1_13' title='bbox 1884 456 2007 512; x_wconf 85' lang='lat' dir='ltr'><strong>par-</strong></span> 
     </span>
    </p>
   </div>
   <div class='ocr_carea' id='block_1_4' title="bbox 424 533 2003 603">
    <p class='ocr_par' dir='ltr' id='par_1_4' title="bbox 424 533 2003 603">
     <span class='ocr_line' id='line_1_4' title="bbox 424 533 2003 603; baseline 0.001 -15"><span class='ocrx_word' id='word_1_14' title='bbox 424 550 541 588; x_wconf 86' lang='lat' dir='ltr'><strong>vam</strong></span> <span class='ocrx_word' id='word_1_15' title='bbox 565 550 767 590; x_wconf 91' lang='lat' dir='ltr'><strong>moram</strong></span> <span class='ocrx_word' id='word_1_16' title='bbox 790 535 948 589; x_wconf 91' lang='lat' dir='ltr'><strong>trahit</strong></span> <span class='ocrx_word' id='word_1_17' title='bbox 967 544 1020 589; x_wconf 90' lang='lat' dir='ltr'><strong>et</strong></span> <span class='ocrx_word' id='word_1_18' title='bbox 1040 534 1232 599; x_wconf 84' lang='lat' dir='ltr'><strong>differt,</strong></span> <span class='ocrx_word' id='word_1_19' title='bbox 1252 545 1309 588; x_wconf 93' lang='lat' dir='ltr'><strong>ut</strong></span> <span class='ocrx_word' id='word_1_20' title='bbox 1334 535 1429 587; x_wconf 90' lang='lat' dir='ltr'><strong>hac</strong></span> <span class='ocrx_word' id='word_1_21' title='bbox 1452 533 1782 603; x_wconf 91' lang='lat' dir='ltr'><strong>potissimum</strong></span> <span class='ocrx_word' id='word_1_22' title='bbox 1800 534 2003 589; x_wconf 85' lang='lat' dir='ltr'><strong>ratione</strong></span> 
     </span>
    </p>
   </div>
   <div class='ocr_carea' id='block_1_5' title="bbox 423 629 2001 698">
    <p class='ocr_par' dir='ltr' id='par_1_5' title="bbox 423 629 2001 698">
     <span class='ocr_line' id='line_1_5' title="bbox 423 629 2001 698; baseline 0 -17"><span class='ocrx_word' id='word_1_23' title='bbox 423 629 733 697; x_wconf 78' lang='lat' dir='ltr'><strong>patriarcha:</strong></span> <span class='ocrx_word' id='word_1_24' title='bbox 772 629 939 697; x_wconf 88' lang='lat' dir='ltr'><strong>pietas</strong></span> <span class='ocrx_word' id='word_1_25' title='bbox 982 637 1307 681; x_wconf 75' lang='lat' dir='ltr'><strong>monstretur</strong></span> <span class='ocrx_word' id='word_1_26' title='bbox 1330 668 1345 693; x_wconf 93' lang='lat'><strong>,</strong></span> <span class='ocrx_word' id='word_1_27' title='bbox 1377 629 1497 697; x_wconf 90' lang='lat' dir='ltr'><strong>quia</strong></span> <span class='ocrx_word' id='word_1_28' title='bbox 1540 643 1625 682; x_wconf 91' lang='lat' dir='ltr'><strong>res</strong></span> <span class='ocrx_word' id='word_1_29' title='bbox 1664 642 1819 683; x_wconf 89' lang='lat' dir='ltr'><strong>secus</strong></span> <span class='ocrx_word' id='word_1_30' title='bbox 1846 643 2001 698; x_wconf 90' lang='lat' dir='ltr'><strong>quam</strong></span> 
     </span>
    </p>
   </div>
   <div class='ocr_carea' id='block_1_6' title="bbox 425 718 2007 788">
    <p class='ocr_par' dir='ltr' id='par_1_6' title="bbox 425 718 2007 788">
     <span class='ocr_line' id='line_1_6' title="bbox 425 718 2007 788; baseline 0.001 -15"><span class='ocrx_word' id='word_1_31' title='bbox 425 718 863 787; x_wconf 81' lang='lat' dir='ltr'><strong>promittebantur</strong></span> <span class='ocrx_word' id='word_1_32' title='bbox 888 719 1100 774; x_wconf 83' lang='lat' dir='ltr'><strong>evenire</strong></span> <span class='ocrx_word' id='word_1_33' title='bbox 1127 718 1309 772; x_wconf 82' lang='lat' dir='ltr'><strong>videns</strong></span> <span class='ocrx_word' id='word_1_34' title='bbox 1332 718 1516 773; x_wconf 81' lang='lat' dir='ltr'><strong>beatus</strong></span> <span class='ocrx_word' id='word_1_35' title='bbox 1539 719 1646 781; x_wconf 90' lang='lat' dir='ltr'><strong>ille,</strong></span> <span class='ocrx_word' id='word_1_36' title='bbox 1670 734 1774 773; x_wconf 94' lang='lat' dir='ltr'><strong>non</strong></span> <span class='ocrx_word' id='word_1_37' title='bbox 1800 719 2007 788; x_wconf 88' lang='lat' dir='ltr'><strong>inquie-</strong></span> 
     </span>
    </p>
   </div>
   <div class='ocr_carea' id='block_1_7' title="bbox 422 810 2005 879">
    <p class='ocr_par' dir='ltr' id='par_1_7' title="bbox 422 810 2005 879">
     <span class='ocr_line' id='line_1_7' title="bbox 422 810 2005 879; baseline 0.001 -15"><span class='ocrx_word' id='word_1_38' title='bbox 422 822 504 865; x_wconf 89' lang='lat' dir='ltr'><strong>tus</strong></span> <span class='ocrx_word' id='word_1_39' title='bbox 533 818 646 864; x_wconf 87' lang='lat' dir='ltr'><strong>erat</strong></span> <span class='ocrx_word' id='word_1_40' title='bbox 671 851 685 874; x_wconf 90' lang='lat'><strong>,</strong></span> <span class='ocrx_word' id='word_1_41' title='bbox 714 826 813 865; x_wconf 87' lang='lat' dir='ltr'><strong>nec</strong></span> <span class='ocrx_word' id='word_1_42' title='bbox 843 810 1125 879; x_wconf 81' lang='lat' dir='ltr'><strong>impatiens</strong></span> <span class='ocrx_word' id='word_1_43' title='bbox 1144 853 1157 874; x_wconf 90' lang='lat'><strong>,</strong></span> <span class='ocrx_word' id='word_1_44' title='bbox 1187 825 1286 865; x_wconf 89' lang='lat' dir='ltr'><strong>nec</strong></span> <span class='ocrx_word' id='word_1_45' title='bbox 1318 810 1655 876; x_wconf 87' lang='lat' dir='ltr'><strong>turbabatur,</strong></span> <span class='ocrx_word' id='word_1_46' title='bbox 1690 812 1781 865; x_wconf 91' lang='lat' dir='ltr'><strong>sed</strong></span> <span class='ocrx_word' id='word_1_47' title='bbox 1815 813 2005 867; x_wconf 89' lang='lat' dir='ltr'><strong>immo-</strong></span> 
     </span>
    </p>
   </div>
   <div class='ocr_carea' id='block_1_8' title="bbox 422 899 2001 968">
    <p class='ocr_par' dir='ltr' id='par_1_8' title="bbox 422 899 2001 968">
     <span class='ocr_line' id='line_1_8' title="bbox 422 899 2001 968; baseline 0.001 -15"><span class='ocrx_word' id='word_1_48' title='bbox 422 912 532 953; x_wconf 90' lang='lat' dir='ltr'><strong>tum</strong></span> <span class='ocrx_word' id='word_1_49' title='bbox 560 899 785 954; x_wconf 82' lang='lat' dir='ltr'><strong>habebat</strong></span> <span class='ocrx_word' id='word_1_50' title='bbox 805 900 1063 963; x_wconf 88' lang='lat' dir='ltr'><strong>animum,</strong></span> <span class='ocrx_word' id='word_1_51' title='bbox 1086 908 1263 954; x_wconf 90' lang='lat' dir='ltr'><strong>certus</strong></span> <span class='ocrx_word' id='word_1_52' title='bbox 1287 915 1347 954; x_wconf 89' lang='lat' dir='ltr'><strong>ea</strong></span> <span class='ocrx_word' id='word_1_53' title='bbox 1374 916 1491 968; x_wconf 74' lang='lat' dir='ltr'><strong>qua:</strong></span> <span class='ocrx_word' id='word_1_54' title='bbox 1517 904 1680 955; x_wconf 86' lang='lat' dir='ltr'><strong>semel</strong></span> <span class='ocrx_word' id='word_1_55' title='bbox 1710 916 1740 953; x_wconf 93' lang='lat' dir='ltr'><strong>a</strong></span> <span class='ocrx_word' id='word_1_56' title='bbox 1768 901 1878 955; x_wconf 90' lang='lat' dir='ltr'><strong>Deo</strong></span> <span class='ocrx_word' id='word_1_57' title='bbox 1903 902 2001 955; x_wconf 90' lang='lat' dir='ltr'><strong>sibi</strong></span> 
     </span>
    </p>
   </div>
   <div class='ocr_carea' id='block_1_9' title="bbox 422 990 2003 1061">
    <p class='ocr_par' dir='ltr' id='par_1_9' title="bbox 422 990 2003 1061">
     <span class='ocr_line' id='line_1_9' title="bbox 422 990 2003 1061; baseline 0.001 -18"><span class='ocrx_word' id='word_1_58' title='bbox 422 993 683 1061; x_wconf 84' lang='lat' dir='ltr'><strong>promissa</strong></span> <span class='ocrx_word' id='word_1_59' title='bbox 714 990 925 1044; x_wconf 90' lang='lat' dir='ltr'><strong>fuerant</strong></span> <span class='ocrx_word' id='word_1_60' title='bbox 946 1031 959 1055; x_wconf 92' lang='lat'><strong>,</strong></span> <span class='ocrx_word' id='word_1_61' title='bbox 990 1000 1103 1044; x_wconf 88' lang='lat' dir='ltr'><strong>rata</strong></span> <span class='ocrx_word' id='word_1_62' title='bbox 1138 999 1193 1045; x_wconf 94' lang='lat' dir='ltr'><strong>et</strong></span> <span class='ocrx_word' id='word_1_63' title='bbox 1234 990 1383 1044; x_wconf 88' lang='lat' dir='ltr'><strong>ﬁrma</strong></span> <span class='ocrx_word' id='word_1_64' title='bbox 1425 990 1559 1044; x_wconf 87' lang='lat' dir='ltr'><strong>fore.</strong></span> <span class='ocrx_word' id='word_1_65' title='bbox 1592 991 1846 1044; x_wconf 81' lang='lat' dir='ltr'><strong>Paulatim</strong></span> <span class='ocrx_word' id='word_1_66' title='bbox 1876 1005 2003 1047; x_wconf 83' lang='lat' dir='ltr'><strong>vero</strong></span> 
     </span>
    </p>
   </div>
   <div class='ocr_carea' id='block_1_10' title="bbox 420 1081 1999 1153">
    <p class='ocr_par' dir='ltr' id='par_1_10' title="bbox 420 1081 1999 1153">
     <span class='ocr_line' id='line_1_10' title="bbox 420 1081 1999 1153; baseline 0 -17"><span class='ocrx_word' id='word_1_67' title='bbox 420 1092 817 1153; x_wconf 89' lang='lat' dir='ltr'><strong>perscrutemur</strong></span> <span class='ocrx_word' id='word_1_68' title='bbox 843 1081 1047 1150; x_wconf 85' lang='lat' dir='ltr'><strong>singula</strong></span> <span class='ocrx_word' id='word_1_69' title='bbox 1068 1123 1082 1147; x_wconf 94' lang='lat'><strong>,</strong></span> <span class='ocrx_word' id='word_1_70' title='bbox 1117 1090 1175 1136; x_wconf 91' lang='lat' dir='ltr'><strong>ut</strong></span> <span class='ocrx_word' id='word_1_71' title='bbox 1200 1082 1279 1136; x_wconf 91' lang='lat' dir='ltr'><strong>sic</strong></span> <span class='ocrx_word' id='word_1_72' title='bbox 1307 1082 1554 1136; x_wconf 88' lang='lat' dir='ltr'><strong>solertem</strong></span> <span class='ocrx_word' id='word_1_73' title='bbox 1583 1082 1764 1150; x_wconf 89' lang='lat' dir='ltr'><strong>optimi</strong></span> <span class='ocrx_word' id='word_1_74' title='bbox 1794 1082 1886 1135; x_wconf 87' lang='lat' dir='ltr'><strong>Dei</strong></span> <span class='ocrx_word' id='word_1_75' title='bbox 1914 1098 1999 1136; x_wconf 53' lang='lat' dir='ltr'><strong>sa.</strong></span> 
     </span>
    </p>
   </div>
   <div class='ocr_carea' id='block_1_11' title="bbox 421 1174 2002 1244">
    <p class='ocr_par' dir='ltr' id='par_1_11' title="bbox 421 1174 2002 1244">
     <span class='ocr_line' id='line_1_11' title="bbox 421 1174 2002 1244; baseline 0.004 -20"><span class='ocrx_word' id='word_1_76' title='bbox 421 1174 670 1244; x_wconf 88' lang='lat' dir='ltr'><strong>pientiam</strong></span> <span class='ocrx_word' id='word_1_77' title='bbox 696 1216 711 1238; x_wconf 93' lang='lat'><strong>,</strong></span> <span class='ocrx_word' id='word_1_78' title='bbox 743 1174 1007 1243; x_wconf 87' lang='lat' dir='ltr'><strong>simulque</strong></span> <span class='ocrx_word' id='word_1_79' title='bbox 1048 1190 1229 1228; x_wconf 89' lang='lat' dir='ltr'><strong>curam</strong></span> <span class='ocrx_word' id='word_1_80' title='bbox 1271 1190 1425 1241; x_wconf 88' lang='lat' dir='ltr'><strong>quam</strong></span> <span class='ocrx_word' id='word_1_81' title='bbox 1468 1191 1591 1244; x_wconf 88' lang='lat' dir='ltr'><strong>erga</strong></span> <span class='ocrx_word' id='word_1_82' title='bbox 1628 1176 1825 1244; x_wconf 79' lang='lat' dir='ltr'><strong>justum</strong></span> <span class='ocrx_word' id='word_1_83' title='bbox 1864 1175 2002 1231; x_wconf 88' lang='lat' dir='ltr'><strong>hunc</strong></span> 
     </span>
    </p>
   </div>
   <div class='ocr_carea' id='block_1_12' title="bbox 419 1266 2002 1336">
    <p class='ocr_par' dir='ltr' id='par_1_12' title="bbox 419 1266 2002 1336">
     <span class='ocr_line' id='line_1_12' title="bbox 419 1266 2002 1336; baseline 0.003 -17"><span class='ocrx_word' id='word_1_84' title='bbox 419 1267 721 1331; x_wconf 75' lang='lat' dir='ltr'><strong>declaravit,</strong></span> <span class='ocrx_word' id='word_1_85' title='bbox 752 1277 808 1322; x_wconf 90' lang='lat' dir='ltr'><strong>et</strong></span> <span class='ocrx_word' id='word_1_86' title='bbox 847 1266 1159 1336; x_wconf 67' lang='lat' dir='ltr'><strong>patriarchae</strong></span> <span class='ocrx_word' id='word_1_87' title='bbox 1199 1268 1249 1320; x_wconf 93' lang='lat' dir='ltr'><strong>in</strong></span> <span class='ocrx_word' id='word_1_88' title='bbox 1285 1268 1561 1321; x_wconf 87' lang='lat' dir='ltr'><strong>Domimun</strong></span> <span class='ocrx_word' id='word_1_89' title='bbox 1589 1284 1825 1323; x_wconf 89' lang='lat' dir='ltr'><strong>amorem</strong></span> <span class='ocrx_word' id='word_1_90' title='bbox 1852 1270 2002 1325; x_wconf 90' lang='lat' dir='ltr'><strong>addi-</strong></span> 
     </span>
    </p>
   </div>
   <div class='ocr_carea' id='block_1_13' title="bbox 419 1355 1998 1427">
    <p class='ocr_par' dir='ltr' id='par_1_13' title="bbox 419 1355 1998 1427">
     <span class='ocr_line' id='line_1_13' title="bbox 419 1355 1998 1427; baseline 0.002 -16"><span class='ocrx_word' id='word_1_91' title='bbox 419 1373 647 1412; x_wconf 81' lang='lat' dir='ltr'><strong>scamus.</strong></span> <span class='ocrx_word' id='word_1_92' title='bbox 680 1355 746 1411; x_wconf 82' lang='lat' dir='ltr'><strong>Et</strong></span> <span class='ocrx_word' id='word_1_93' title='bbox 776 1359 910 1412; x_wconf 80' lang='lat' dir='ltr'><strong>visus</strong></span> <span class='ocrx_word' id='word_1_94' title='bbox 933 1367 1025 1423; x_wconf 87' lang='lat' dir='ltr'><strong>est,</strong></span> <span class='ocrx_word' id='word_1_95' title='bbox 1051 1358 1235 1427; x_wconf 88' lang='lat' dir='ltr'><strong>inquit,</strong></span> <span class='ocrx_word' id='word_1_96' title='bbox 1260 1357 1506 1411; x_wconf 77' lang='lat' dir='ltr'><strong>Dominus</strong></span> <span class='ocrx_word' id='word_1_97' title='bbox 1534 1360 1696 1412; x_wconf 79' lang='lat' dir='ltr'><strong>Alme.</strong></span> <span class='ocrx_word' id='word_1_98' title='bbox 1721 1360 1998 1424; x_wconf 85' lang='lat' dir='ltr'><strong>Quomodo</strong></span> 
     </span>
    </p>
   </div>
   <div class='ocr_carea' id='block_1_14' title="bbox 423 1448 2001 1517">
    <p class='ocr_par' dir='ltr' id='par_1_14' title="bbox 423 1448 2001 1517">
     <span class='ocr_line' id='line_1_14' title="bbox 423 1448 2001 1517; baseline 0.004 -16"><span class='ocrx_word' id='word_1_99' title='bbox 423 1450 565 1503; x_wconf 86' lang='lat' dir='ltr'><strong>visus</strong></span> <span class='ocrx_word' id='word_1_100' title='bbox 593 1449 715 1502; x_wconf 82' lang='lat' dir='ltr'><strong>est?</strong></span> <span class='ocrx_word' id='word_1_101' title='bbox 756 1448 905 1503; x_wconf 87' lang='lat' dir='ltr'><strong>Sicut</strong></span> <span class='ocrx_word' id='word_1_102' title='bbox 945 1448 1057 1517; x_wconf 91' lang='lat' dir='ltr'><strong>ipse</strong></span> <span class='ocrx_word' id='word_1_103' title='bbox 1089 1448 1226 1502; x_wconf 88' lang='lat' dir='ltr'><strong>Deus</strong></span> <span class='ocrx_word' id='word_1_104' title='bbox 1267 1448 1413 1504; x_wconf 93' lang='lat' dir='ltr'><strong>solus</strong></span> <span class='ocrx_word' id='word_1_105' title='bbox 1456 1454 1593 1513; x_wconf 90' lang='lat' dir='ltr'><strong>scit,</strong></span> <span class='ocrx_word' id='word_1_106' title='bbox 1622 1458 1677 1504; x_wconf 89' lang='lat' dir='ltr'><strong>et</strong></span> <span class='ocrx_word' id='word_1_107' title='bbox 1706 1450 1794 1505; x_wconf 91' lang='lat' dir='ltr'><strong>ille</strong></span> <span class='ocrx_word' id='word_1_108' title='bbox 1822 1452 2001 1508; x_wconf 89' lang='lat' dir='ltr'><strong>videre</strong></span> 
     </span>
    </p>
   </div>
   <div class='ocr_carea' id='block_1_15' title="bbox 420 1538 2001 1611">
    <p class='ocr_par' dir='ltr' id='par_1_15' title="bbox 420 1538 2001 1611">
     <span class='ocr_line' id='line_1_15' title="bbox 420 1538 2001 1611; baseline 0.003 -19"><span class='ocrx_word' id='word_1_109' title='bbox 420 1539 607 1609; x_wconf 90' lang='lat' dir='ltr'><strong>potuit.</strong></span> <span class='ocrx_word' id='word_1_110' title='bbox 636 1538 753 1594; x_wconf 84' lang='lat' dir='ltr'><strong>Non</strong></span> <span class='ocrx_word' id='word_1_111' title='bbox 780 1540 922 1594; x_wconf 89' lang='lat' dir='ltr'><strong>enim</strong></span> <span class='ocrx_word' id='word_1_112' title='bbox 950 1538 1053 1593; x_wconf 91' lang='lat' dir='ltr'><strong>hoc</strong></span> <span class='ocrx_word' id='word_1_113' title='bbox 1076 1539 1251 1594; x_wconf 89' lang='lat' dir='ltr'><strong>dicere</strong></span> <span class='ocrx_word' id='word_1_114' title='bbox 1277 1539 1515 1595; x_wconf 91' lang='lat' dir='ltr'><strong>desinam</strong></span> <span class='ocrx_word' id='word_1_115' title='bbox 1532 1580 1546 1601; x_wconf 87' lang='lat'><strong>,</strong></span> <span class='ocrx_word' id='word_1_116' title='bbox 1574 1541 2001 1611; x_wconf 83' lang='lat' dir='ltr'><strong>quandoquidem</strong></span> 
     </span>
    </p>
   </div>
   <div class='ocr_carea' id='block_1_16' title="bbox 422 1630 2001 1702">
    <p class='ocr_par' dir='ltr' id='par_1_16' title="bbox 422 1630 2001 1702">
     <span class='ocr_line' id='line_1_16' title="bbox 422 1630 2001 1702; baseline 0.003 -17"><span class='ocrx_word' id='word_1_117' title='bbox 422 1630 638 1685; x_wconf 90' lang='lat' dir='ltr'><strong>modum</strong></span> <span class='ocrx_word' id='word_1_118' title='bbox 664 1631 849 1700; x_wconf 90' lang='lat' dir='ltr'><strong>ignoro</strong></span> <span class='ocrx_word' id='word_1_119' title='bbox 877 1648 890 1685; x_wconf 91' lang='lat'>:</span> <span class='ocrx_word' id='word_1_120' title='bbox 920 1630 1077 1685; x_wconf 92' lang='lat' dir='ltr'><strong>audio</strong></span> <span class='ocrx_word' id='word_1_121' title='bbox 1102 1630 1246 1686; x_wconf 90' lang='lat' dir='ltr'><strong>enim</strong></span> <span class='ocrx_word' id='word_1_122' title='bbox 1271 1631 1445 1686; x_wconf 92' lang='lat' dir='ltr'><strong>solum</strong></span> <span class='ocrx_word' id='word_1_123' title='bbox 1470 1630 1796 1702; x_wconf 89' lang='lat' dir='ltr'><strong>Scripturam</strong></span> <span class='ocrx_word' id='word_1_124' title='bbox 1823 1634 2001 1690; x_wconf 87' lang='lat' dir='ltr'><strong>dicen-</strong></span> 
     </span>
    </p>
   </div>
   <div class='ocr_carea' id='block_1_17' title="bbox 420 1720 2001 1792">
    <p class='ocr_par' dir='ltr' id='par_1_17' title="bbox 420 1720 2001 1792">
     <span class='ocr_line' id='line_1_17' title="bbox 420 1720 2001 1792; baseline 0.005 -19"><span class='ocrx_word' id='word_1_125' title='bbox 420 1730 527 1775; x_wconf 88' lang='lat' dir='ltr'><strong>tem</strong></span> <span class='ocrx_word' id='word_1_126' title='bbox 563 1737 578 1773; x_wconf 88' lang='lat'><strong>:</strong></span> <span class='ocrx_word' id='word_1_127' title='bbox 620 1720 685 1773; x_wconf 86' lang='lat' dir='ltr'><strong>Et</strong></span> <span class='ocrx_word' id='word_1_128' title='bbox 716 1721 847 1775; x_wconf 77' lang='lat' dir='ltr'><strong>risus</strong></span> <span class='ocrx_word' id='word_1_129' title='bbox 890 1731 963 1775; x_wconf 86' lang='lat' dir='ltr'><strong>est</strong></span> <span class='ocrx_word' id='word_1_130' title='bbox 1008 1721 1251 1777; x_wconf 76' lang='lat' dir='ltr'><strong>Dominus</strong></span> <span class='ocrx_word' id='word_1_131' title='bbox 1288 1720 1425 1776; x_wconf 87' lang='lat' dir='ltr'><strong>Deus</strong></span> <span class='ocrx_word' id='word_1_132' title='bbox 1450 1724 1633 1792; x_wconf 63' lang='lat' dir='ltr'><strong>Abrae,</strong></span> <span class='ocrx_word' id='word_1_133' title='bbox 1663 1734 1709 1779; x_wconf 86' lang='lat' dir='ltr'><strong>et</strong></span> <span class='ocrx_word' id='word_1_134' title='bbox 1739 1726 1865 1779; x_wconf 78' lang='lat' dir='ltr'><strong>dixit</strong></span> <span class='ocrx_word' id='word_1_135' title='bbox 1901 1727 1947 1780; x_wconf 87' lang='lat' dir='ltr'><strong>ei</strong></span> <span class='ocrx_word' id='word_1_136' title='bbox 1982 1742 2001 1781; x_wconf 93' lang='lat'><strong><em>:</em></strong></span> 
     </span>
    </p>
   </div>
   <div class='ocr_carea' id='block_1_18' title="bbox 418 1812 1275 1868">
    <p class='ocr_par' dir='ltr' id='par_1_18' title="bbox 418 1812 1275 1868">
     <span class='ocr_line' id='line_1_18' title="bbox 418 1812 1275 1868; baseline 0.001 -1"><span class='ocrx_word' id='word_1_137' title='bbox 418 1812 614 1867; x_wconf 70' lang='lat' dir='ltr'><strong>Srmini</strong></span> <span class='ocrx_word' id='word_1_138' title='bbox 642 1823 725 1866; x_wconf 89' lang='lat' dir='ltr'><strong>tuo</strong></span> <span class='ocrx_word' id='word_1_139' title='bbox 750 1814 879 1866; x_wconf 86' lang='lat' dir='ltr'><strong>dabo</strong></span> <span class='ocrx_word' id='word_1_140' title='bbox 910 1824 1094 1867; x_wconf 87' lang='lat' dir='ltr'><strong>terram</strong></span> <span class='ocrx_word' id='word_1_141' title='bbox 1123 1814 1275 1868; x_wconf 85' lang='lat' dir='ltr'><strong>hanc.</strong></span> 
     </span>
    </p>
   </div>
   <div class='ocr_carea' id='block_1_19' title="bbox 494 1904 2000 1980">
    <p class='ocr_par' dir='ltr' id='par_1_19' title="bbox 494 1904 2000 1980">
     <span class='ocr_line' id='line_1_19' title="bbox 494 1904 2000 1980; baseline 0.005 -21"><span class='ocrx_word' id='word_1_142' title='bbox 494 1904 610 1959; x_wconf 84' lang='lat' dir='ltr'><strong>Non</strong></span> <span class='ocrx_word' id='word_1_143' title='bbox 637 1906 931 1959; x_wconf 78' lang='lat' dir='ltr'><strong>deseruntur</strong></span> <span class='ocrx_word' id='word_1_144' title='bbox 958 1923 990 1959; x_wconf 92' lang='lat' dir='ltr'><strong>a</strong></span> <span class='ocrx_word' id='word_1_145' title='bbox 1019 1906 1126 1960; x_wconf 90' lang='lat' dir='ltr'><strong>Deo</strong></span> <span class='ocrx_word' id='word_1_146' title='bbox 1146 1908 1183 1959; x_wconf 90' lang='lat' dir='ltr'><strong>ii</strong></span> <span class='ocrx_word' id='word_1_147' title='bbox 1208 1924 1329 1974; x_wconf 87' lang='lat' dir='ltr'><strong>quos</strong></span> <span class='ocrx_word' id='word_1_148' title='bbox 1352 1907 1470 1962; x_wconf 85' lang='lat' dir='ltr'><strong>sinit</strong></span> <span class='ocrx_word' id='word_1_149' title='bbox 1489 1908 2000 1980; x_wconf 76' lang='lat' dir='ltr'><strong>aﬂligi.—Mcmores</strong></span> 
     </span>
    </p>
   </div>
   <div class='ocr_carea' id='block_1_20' title="bbox 414 1999 1999 2069">
    <p class='ocr_par' dir='ltr' id='par_1_20' title="bbox 414 1999 1999 2069">
     <span class='ocr_line' id='line_1_20' title="bbox 414 1999 1999 2069; baseline 0.005 -18"><span class='ocrx_word' id='word_1_150' title='bbox 414 2006 586 2052; x_wconf 88' lang='lat' dir='ltr'><strong>estote</strong></span> <span class='ocrx_word' id='word_1_151' title='bbox 619 1999 1029 2066; x_wconf 84' lang='lat' dir='ltr'><strong>promissionum</strong></span> <span class='ocrx_word' id='word_1_152' title='bbox 1056 2014 1173 2069; x_wconf 74' lang='lat' dir='ltr'><strong>qua:</strong></span> <span class='ocrx_word' id='word_1_153' title='bbox 1201 2014 1229 2052; x_wconf 89' lang='lat' dir='ltr'><strong>a</strong></span> <span class='ocrx_word' id='word_1_154' title='bbox 1261 1999 1371 2054; x_wconf 90' lang='lat' dir='ltr'><strong>Deo</strong></span> <span class='ocrx_word' id='word_1_155' title='bbox 1402 1999 1551 2055; x_wconf 65' lang='lat' dir='ltr'><strong>factae</strong></span> <span class='ocrx_word' id='word_1_156' title='bbox 1582 2011 1737 2068; x_wconf 93' lang='lat' dir='ltr'><strong>sunt,</strong></span> <span class='ocrx_word' id='word_1_157' title='bbox 1786 2013 1844 2058; x_wconf 90' lang='lat' dir='ltr'><strong>ut</strong></span> <span class='ocrx_word' id='word_1_158' title='bbox 1878 2020 1999 2059; x_wconf 91' lang='lat' dir='ltr'><strong>cum</strong></span> 
     </span>
    </p>
   </div>
   <div class='ocr_carea' id='block_1_21' title="bbox 415 2091 1999 2166">
    <p class='ocr_par' dir='ltr' id='par_1_21' title="bbox 415 2091 1999 2166">
     <span class='ocr_line' id='line_1_21' title="bbox 415 2091 1999 2166; baseline 0.004 -21"><span class='ocrx_word' id='word_1_159' title='bbox 415 2091 689 2147; x_wconf 86' lang='lat' dir='ltr'><strong>audieritis</strong></span> <span class='ocrx_word' id='word_1_160' title='bbox 707 2092 907 2160; x_wconf 80' lang='lat' dir='ltr'><strong>justum</strong></span> <span class='ocrx_word' id='word_1_161' title='bbox 931 2093 1090 2146; x_wconf 91' lang='lat' dir='ltr'><strong>variis</strong></span> <span class='ocrx_word' id='word_1_162' title='bbox 1114 2093 1325 2147; x_wconf 89' lang='lat' dir='ltr'><strong>casibus</strong></span> <span class='ocrx_word' id='word_1_163' title='bbox 1341 2095 1547 2161; x_wconf 80' lang='lat' dir='ltr'><strong>jactari,</strong></span> <span class='ocrx_word' id='word_1_164' title='bbox 1567 2095 1782 2149; x_wconf 90' lang='lat' dir='ltr'><strong>discatis</strong></span> <span class='ocrx_word' id='word_1_165' title='bbox 1804 2108 1999 2166; x_wconf 89' lang='lat' dir='ltr'><strong>quanta</strong></span> 
     </span>
    </p>
   </div>
   <div class='ocr_carea' id='block_1_22' title="bbox 418 2184 1995 2255">
    <p class='ocr_par' dir='ltr' id='par_1_22' title="bbox 418 2184 1995 2255">
     <span class='ocr_line' id='line_1_22' title="bbox 418 2184 1995 2255; baseline 0.004 -16"><span class='ocrx_word' id='word_1_166' title='bbox 418 2185 576 2239; x_wconf 89' lang='lat' dir='ltr'><strong>fuerit</strong></span> <span class='ocrx_word' id='word_1_167' title='bbox 605 2184 935 2254; x_wconf 81' lang='lat' dir='ltr'><strong>philoSOphia</strong></span> <span class='ocrx_word' id='word_1_168' title='bbox 965 2186 1272 2251; x_wconf 91' lang='lat' dir='ltr'><strong>instructus,</strong></span> <span class='ocrx_word' id='word_1_169' title='bbox 1296 2202 1455 2255; x_wconf 91' lang='lat' dir='ltr'><strong>quam</strong></span> <span class='ocrx_word' id='word_1_170' title='bbox 1474 2186 1641 2242; x_wconf 89' lang='lat' dir='ltr'><strong>solida</strong></span> <span class='ocrx_word' id='word_1_171' title='bbox 1666 2186 1995 2255; x_wconf 84' lang='lat' dir='ltr'><strong>fortitudine,</strong></span> 
     </span>
    </p>
   </div>
   <div class='ocr_carea' id='block_1_23' title="bbox 415 2274 1998 2349">
    <p class='ocr_par' dir='ltr' id='par_1_23' title="bbox 415 2274 1998 2349">
     <span class='ocr_line' id='line_1_23' title="bbox 415 2274 1998 2349; baseline 0.004 -22"><span class='ocrx_word' id='word_1_172' title='bbox 415 2290 574 2345; x_wconf 90' lang='lat' dir='ltr'><strong>quam</strong></span> <span class='ocrx_word' id='word_1_173' title='bbox 604 2276 758 2329; x_wconf 89' lang='lat' dir='ltr'><strong>ﬁrmo</strong></span> <span class='ocrx_word' id='word_1_174' title='bbox 783 2286 837 2329; x_wconf 88' lang='lat' dir='ltr'><strong>et</strong></span> <span class='ocrx_word' id='word_1_175' title='bbox 864 2275 1082 2330; x_wconf 86' lang='lat' dir='ltr'><strong>immoto</strong></span> <span class='ocrx_word' id='word_1_176' title='bbox 1107 2274 1159 2329; x_wconf 93' lang='lat' dir='ltr'><strong>in</strong></span> <span class='ocrx_word' id='word_1_177' title='bbox 1193 2276 1361 2330; x_wconf 89' lang='lat' dir='ltr'><strong>Deum</strong></span> <span class='ocrx_word' id='word_1_178' title='bbox 1386 2292 1587 2344; x_wconf 89' lang='lat' dir='ltr'><strong>amore,</strong></span> <span class='ocrx_word' id='word_1_179' title='bbox 1615 2288 1669 2332; x_wconf 91' lang='lat' dir='ltr'><strong>et</strong></span> <span class='ocrx_word' id='word_1_180' title='bbox 1695 2294 1759 2333; x_wconf 84' lang='lat' dir='ltr'><strong>ex</strong></span> <span class='ocrx_word' id='word_1_181' title='bbox 1790 2280 1853 2333; x_wconf 93' lang='lat' dir='ltr'><strong>iis</strong></span> <span class='ocrx_word' id='word_1_182' title='bbox 1881 2296 1998 2349; x_wconf 62' lang='lat' dir='ltr'><strong>quae</strong></span> 
     </span>
    </p>
   </div>
   <div class='ocr_carea' id='block_1_24' title="bbox 415 2366 1995 2439">
    <p class='ocr_par' dir='ltr' id='par_1_24' title="bbox 415 2366 1995 2439">
     <span class='ocr_line' id='line_1_24' title="bbox 415 2366 1995 2439; baseline 0.004 -22"><span class='ocrx_word' id='word_1_183' title='bbox 415 2367 554 2435; x_wconf 87' lang='lat' dir='ltr'><strong>justo</strong></span> <span class='ocrx_word' id='word_1_184' title='bbox 578 2366 649 2419; x_wconf 89' lang='lat' dir='ltr'><strong>illi</strong></span> <span class='ocrx_word' id='word_1_185' title='bbox 680 2366 1014 2435; x_wconf 89' lang='lat' dir='ltr'><strong>contigerunt</strong></span> <span class='ocrx_word' id='word_1_186' title='bbox 1040 2406 1055 2431; x_wconf 89' lang='lat'><strong>,</strong></span> <span class='ocrx_word' id='word_1_187' title='bbox 1082 2366 1394 2421; x_wconf 91' lang='lat' dir='ltr'><strong>erudiamini</strong></span> <span class='ocrx_word' id='word_1_188' title='bbox 1419 2409 1433 2432; x_wconf 90' lang='lat'><strong>,</strong></span> <span class='ocrx_word' id='word_1_189' title='bbox 1469 2378 1525 2422; x_wconf 95' lang='lat' dir='ltr'><strong>ut</strong></span> <span class='ocrx_word' id='word_1_190' title='bbox 1550 2385 1617 2423; x_wconf 90' lang='lat' dir='ltr'><strong>ne</strong></span> <span class='ocrx_word' id='word_1_191' title='bbox 1644 2371 1955 2425; x_wconf 83' lang='lat' dir='ltr'><strong>existimetis</strong></span> <span class='ocrx_word' id='word_1_192' title='bbox 1978 2412 1995 2439; x_wconf 89' lang='lat'><strong>,</strong></span> 
     </span>
    </p>
   </div>
   <div class='ocr_carea' id='block_1_25' title="bbox 417 2456 1996 2531">
    <p class='ocr_par' dir='ltr' id='par_1_25' title="bbox 417 2456 1996 2531">
     <span class='ocr_line' id='line_1_25' title="bbox 417 2456 1996 2531; baseline 0.004 -22"><span class='ocrx_word' id='word_1_193' title='bbox 417 2472 543 2511; x_wconf 79' lang='lat' dir='ltr'><strong>eum</strong></span> <span class='ocrx_word' id='word_1_194' title='bbox 568 2456 879 2512; x_wconf 88' lang='lat' dir='ltr'><strong>derelictum</strong></span> <span class='ocrx_word' id='word_1_195' title='bbox 900 2472 1020 2512; x_wconf 89' lang='lat' dir='ltr'><strong>esse</strong></span> <span class='ocrx_word' id='word_1_196' title='bbox 1048 2472 1077 2510; x_wconf 89' lang='lat' dir='ltr'><strong>a</strong></span> <span class='ocrx_word' id='word_1_197' title='bbox 1121 2457 1231 2511; x_wconf 92' lang='lat' dir='ltr'><strong>Deo</strong></span> <span class='ocrx_word' id='word_1_198' title='bbox 1254 2499 1268 2523; x_wconf 94' lang='lat'><strong>,</strong></span> <span class='ocrx_word' id='word_1_199' title='bbox 1298 2458 1345 2511; x_wconf 88' lang='lat' dir='ltr'><strong>si</strong></span> <span class='ocrx_word' id='word_1_200' title='bbox 1369 2459 1582 2527; x_wconf 86' lang='lat' dir='ltr'><strong>quando</strong></span> <span class='ocrx_word' id='word_1_201' title='bbox 1607 2460 1843 2516; x_wconf 87' lang='lat' dir='ltr'><strong>videritis</strong></span> <span class='ocrx_word' id='word_1_202' title='bbox 1872 2478 1996 2531; x_wconf 88' lang='lat' dir='ltr'><strong>pro-</strong></span> 
     </span>
    </p>
   </div>
   <div class='ocr_carea' id='block_1_26' title="bbox 417 2547 1997 2619">
    <p class='ocr_par' dir='ltr' id='par_1_26' title="bbox 417 2547 1997 2619">
     <span class='ocr_line' id='line_1_26' title="bbox 417 2547 1997 2619; baseline 0.004 -18"><span class='ocrx_word' id='word_1_203' title='bbox 417 2548 543 2602; x_wconf 92' lang='lat' dir='ltr'><strong>bum</strong></span> <span class='ocrx_word' id='word_1_204' title='bbox 585 2547 814 2617; x_wconf 87' lang='lat' dir='ltr'><strong>aliquem</strong></span> <span class='ocrx_word' id='word_1_205' title='bbox 845 2548 1222 2602; x_wconf 88' lang='lat' dir='ltr'><strong>tentationibus</strong></span> <span class='ocrx_word' id='word_1_206' title='bbox 1251 2548 1331 2603; x_wconf 91' lang='lat' dir='ltr'><strong>vel</strong></span> <span class='ocrx_word' id='word_1_207' title='bbox 1361 2549 1479 2603; x_wconf 91' lang='lat' dir='ltr'><strong>aliis</strong></span> <span class='ocrx_word' id='word_1_208' title='bbox 1527 2551 1680 2619; x_wconf 87' lang='lat' dir='ltr'><strong>hujus</strong></span> <span class='ocrx_word' id='word_1_209' title='bbox 1708 2552 1828 2606; x_wconf 76' lang='lat' dir='ltr'><strong>vita:</strong></span> <span class='ocrx_word' id='word_1_210' title='bbox 1856 2553 1997 2608; x_wconf 83' lang='lat' dir='ltr'><strong>affli-</strong></span> 
     </span>
    </p>
   </div>
   <div class='ocr_carea' id='block_1_27' title="bbox 413 2639 1996 2714">
    <p class='ocr_par' dir='ltr' id='par_1_27' title="bbox 413 2639 1996 2714">
     <span class='ocr_line' id='line_1_27' title="bbox 413 2639 1996 2714; baseline 0.003 -20"><span class='ocrx_word' id='word_1_211' title='bbox 413 2640 678 2695; x_wconf 91' lang='lat' dir='ltr'><strong>ctionibus</strong></span> <span class='ocrx_word' id='word_1_212' title='bbox 705 2640 883 2694; x_wconf 85' lang='lat' dir='ltr'><strong>vexari</strong></span> <span class='ocrx_word' id='word_1_213' title='bbox 915 2657 928 2694; x_wconf 93' lang='lat'>:</span> <span class='ocrx_word' id='word_1_214' title='bbox 958 2639 1050 2695; x_wconf 91' lang='lat' dir='ltr'><strong>sed</strong></span> <span class='ocrx_word' id='word_1_215' title='bbox 1080 2641 1373 2710; x_wconf 79' lang='lat' dir='ltr'><strong>cogitantes</strong></span> <span class='ocrx_word' id='word_1_216' title='bbox 1412 2641 1759 2712; x_wconf 88' lang='lat' dir='ltr'><strong>multiplicem</strong></span> <span class='ocrx_word' id='word_1_217' title='bbox 1782 2643 1996 2714; x_wconf 85' lang='lat' dir='ltr'><strong>dispen-</strong></span> 
     </span>
    </p>
   </div>
   <div class='ocr_carea' id='block_1_28' title="bbox 413 2730 1996 2804">
    <p class='ocr_par' dir='ltr' id='par_1_28' title="bbox 413 2730 1996 2804">
     <span class='ocr_line' id='line_1_28' title="bbox 413 2730 1996 2804; baseline 0.003 -18"><span class='ocrx_word' id='word_1_218' title='bbox 413 2733 679 2787; x_wconf 86' lang='lat' dir='ltr'><strong>sationum</strong></span> <span class='ocrx_word' id='word_1_219' title='bbox 723 2731 816 2786; x_wconf 91' lang='lat' dir='ltr'><strong>Dei</strong></span> <span class='ocrx_word' id='word_1_220' title='bbox 860 2730 1210 2795; x_wconf 87' lang='lat' dir='ltr'><strong>varietatem,</strong></span> <span class='ocrx_word' id='word_1_221' title='bbox 1254 2731 1430 2785; x_wconf 90' lang='lat' dir='ltr'><strong>omnia</strong></span> <span class='ocrx_word' id='word_1_222' title='bbox 1475 2732 1996 2804; x_wconf 89' lang='lat' dir='ltr'><strong>iucomprehensibili</strong></span> 
     </span>
    </p>
   </div>
   <div class='ocr_carea' id='block_1_29' title="bbox 414 2824 1995 2896">
    <p class='ocr_par' dir='ltr' id='par_1_29' title="bbox 414 2824 1995 2896">
     <span class='ocr_line' id='line_1_29' title="bbox 414 2824 1995 2896; baseline 0.003 -15"><span class='ocrx_word' id='word_1_223' title='bbox 414 2826 530 2895; x_wconf 89' lang='lat' dir='ltr'><strong>ejus</strong></span> <span class='ocrx_word' id='word_1_224' title='bbox 571 2825 917 2895; x_wconf 71' lang='lat' dir='ltr'><strong>providentia:</strong></span> <span class='ocrx_word' id='word_1_225' title='bbox 960 2825 1289 2894; x_wconf 88' lang='lat' dir='ltr'><strong>relinquatis.</strong></span> <span class='ocrx_word' id='word_1_226' title='bbox 1340 2824 1474 2880; x_wconf 88' lang='lat' dir='ltr'><strong>Nam</strong></span> <span class='ocrx_word' id='word_1_227' title='bbox 1517 2827 1561 2881; x_wconf 92' lang='lat' dir='ltr'><strong>si</strong></span> <span class='ocrx_word' id='word_1_228' title='bbox 1605 2828 1807 2896; x_wconf 88' lang='lat' dir='ltr'><strong>justum</strong></span> <span class='ocrx_word' id='word_1_229' title='bbox 1847 2830 1995 2885; x_wconf 91' lang='lat' dir='ltr'><strong>illum</strong></span> 
     </span>
    </p>
   </div>
   <div class='ocr_carea' id='block_1_30' title="bbox 415 2917 1992 2991">
    <p class='ocr_par' dir='ltr' id='par_1_30' title="bbox 415 2917 1992 2991">
     <span class='ocr_line' id='line_1_30' title="bbox 415 2917 1992 2991; baseline 0 -16"><span class='ocrx_word' id='word_1_230' title='bbox 415 2930 523 2975; x_wconf 89' lang='lat' dir='ltr'><strong>tam</strong></span> <span class='ocrx_word' id='word_1_231' title='bbox 551 2921 696 2991; x_wconf 91' lang='lat' dir='ltr'><strong>pium</strong></span> <span class='ocrx_word' id='word_1_232' title='bbox 716 2959 731 2983; x_wconf 93' lang='lat'><strong>,</strong></span> <span class='ocrx_word' id='word_1_233' title='bbox 763 2926 1071 2987; x_wconf 88' lang='lat' dir='ltr'><strong>tantamque</strong></span> <span class='ocrx_word' id='word_1_234' title='bbox 1098 2933 1207 2987; x_wconf 76' lang='lat' dir='ltr'><strong>prae</strong></span> <span class='ocrx_word' id='word_1_235' title='bbox 1232 2932 1291 2973; x_wconf 90' lang='lat' dir='ltr'><strong>se</strong></span> <span class='ocrx_word' id='word_1_236' title='bbox 1318 2917 1574 2974; x_wconf 90' lang='lat' dir='ltr'><strong>ferentem</strong></span> <span class='ocrx_word' id='word_1_237' title='bbox 1598 2920 1952 2975; x_wconf 89' lang='lat' dir='ltr'><strong>obedientiam</strong></span> <span class='ocrx_word' id='word_1_238' title='bbox 1975 2962 1992 2987; x_wconf 90' lang='lat'><strong>,</strong></span> 
     </span>
    </p>
   </div>
   <div class='ocr_carea' id='block_1_31' title="bbox 418 3008 1992 3083">
    <p class='ocr_par' dir='ltr' id='par_1_31' title="bbox 418 3008 1992 3083">
     <span class='ocr_line' id='line_1_31' title="bbox 418 3008 1992 3083; baseline 0 -16"><span class='ocrx_word' id='word_1_239' title='bbox 418 3010 676 3083; x_wconf 86' lang='lat' dir='ltr'><strong>permittit</strong></span> <span class='ocrx_word' id='word_1_240' title='bbox 717 3011 806 3065; x_wconf 91' lang='lat' dir='ltr'><strong>tali</strong></span> <span class='ocrx_word' id='word_1_241' title='bbox 838 3008 998 3064; x_wconf 90' lang='lat' dir='ltr'><strong>modo</strong></span> <span class='ocrx_word' id='word_1_242' title='bbox 1037 3009 1227 3064; x_wconf 89' lang='lat' dir='ltr'><strong>tentari</strong></span> <span class='ocrx_word' id='word_1_243' title='bbox 1271 3024 1377 3078; x_wconf 93' lang='lat' dir='ltr'><strong>quo</strong></span> <span class='ocrx_word' id='word_1_244' title='bbox 1407 3010 1586 3064; x_wconf 89' lang='lat' dir='ltr'><strong>statim</strong></span> <span class='ocrx_word' id='word_1_245' title='bbox 1614 3010 1747 3066; x_wconf 90' lang='lat' dir='ltr'><strong>bene</strong></span> <span class='ocrx_word' id='word_1_246' title='bbox 1775 3012 1955 3067; x_wconf 90' lang='lat' dir='ltr'><strong>scietis</strong></span> <span class='ocrx_word' id='word_1_247' title='bbox 1975 3054 1992 3079; x_wconf 94' lang='lat'><strong>,</strong></span> 
     </span>
    </p>
   </div>
   <div class='ocr_carea' id='block_1_32' title="bbox 414 3100 1996 3172">
    <p class='ocr_par' dir='ltr' id='par_1_32' title="bbox 414 3100 1996 3172">
     <span class='ocr_line' id='line_1_32' title="bbox 414 3100 1996 3172; baseline 0.003 -15"><span class='ocrx_word' id='word_1_248' title='bbox 414 3120 521 3158; x_wconf 90' lang='lat' dir='ltr'><strong>non</strong></span> <span class='ocrx_word' id='word_1_249' title='bbox 551 3102 850 3172; x_wconf 88' lang='lat' dir='ltr'><strong>despiciens</strong></span> <span class='ocrx_word' id='word_1_250' title='bbox 876 3100 1130 3155; x_wconf 87' lang='lat' dir='ltr'><strong>famulum</strong></span> <span class='ocrx_word' id='word_1_251' title='bbox 1157 3116 1331 3168; x_wconf 90' lang='lat' dir='ltr'><strong>suum,</strong></span> <span class='ocrx_word' id='word_1_252' title='bbox 1362 3101 1456 3156; x_wconf 90' lang='lat' dir='ltr'><strong>sed</strong></span> <span class='ocrx_word' id='word_1_253' title='bbox 1485 3102 1605 3156; x_wconf 91' lang='lat' dir='ltr'><strong>aliis</strong></span> <span class='ocrx_word' id='word_1_254' title='bbox 1628 3104 1875 3160; x_wconf 91' lang='lat' dir='ltr'><strong>omnibus</strong></span> <span class='ocrx_word' id='word_1_255' title='bbox 1897 3121 1996 3161; x_wconf 85' lang='lat' dir='ltr'><strong>vo-</strong></span> 
     </span>
    </p>
   </div>
   <div class='ocr_carea' id='block_1_33' title="bbox 418 3190 1995 3267">
    <p class='ocr_par' dir='ltr' id='par_1_33' title="bbox 418 3190 1995 3267">
     <span class='ocr_line' id='line_1_33' title="bbox 418 3190 1995 3267; baseline 0.004 -18"><span class='ocrx_word' id='word_1_256' title='bbox 418 3210 533 3251; x_wconf 72' lang='lat' dir='ltr'><strong>tens</strong></span> <span class='ocrx_word' id='word_1_257' title='bbox 554 3194 694 3248; x_wconf 89' lang='lat' dir='ltr'><strong>illius</strong></span> <span class='ocrx_word' id='word_1_258' title='bbox 716 3193 963 3262; x_wconf 88' lang='lat' dir='ltr'><strong>detegere</strong></span> <span class='ocrx_word' id='word_1_259' title='bbox 988 3192 1236 3246; x_wconf 87' lang='lat' dir='ltr'><strong>virtutem</strong></span> <span class='ocrx_word' id='word_1_260' title='bbox 1258 3190 1416 3264; x_wconf 89' lang='lat' dir='ltr'><strong>(solet</strong></span> <span class='ocrx_word' id='word_1_261' title='bbox 1435 3193 1578 3247; x_wconf 90' lang='lat' dir='ltr'><strong>enim</strong></span> <span class='ocrx_word' id='word_1_262' title='bbox 1601 3195 1671 3249; x_wconf 89' lang='lat' dir='ltr'><strong>ita</strong></span> <span class='ocrx_word' id='word_1_263' title='bbox 1692 3211 1813 3251; x_wconf 91' lang='lat' dir='ltr'><strong>cum</strong></span> <span class='ocrx_word' id='word_1_264' title='bbox 1836 3197 1995 3267; x_wconf 88' lang='lat' dir='ltr'><strong>justis</strong></span> 
     </span>
    </p>
   </div>
   <div class='ocr_carea' id='block_1_34' title="bbox 415 3290 1995 3361">
    <p class='ocr_par' dir='ltr' id='par_1_34' title="bbox 415 3290 1995 3361">
     <span class='ocr_line' id='line_1_34' title="bbox 415 3290 1995 3361; baseline 0.006 -19"><span class='ocrx_word' id='word_1_265' title='bbox 415 3290 660 3345; x_wconf 90' lang='lat' dir='ltr'><strong>omnibus</strong></span> <span class='ocrx_word' id='word_1_266' title='bbox 680 3305 867 3360; x_wconf 84' lang='lat' dir='ltr'><strong>agere;</strong></span> <span class='ocrx_word' id='word_1_267' title='bbox 892 3300 945 3347; x_wconf 90' lang='lat' dir='ltr'><strong>et</strong></span> <span class='ocrx_word' id='word_1_268' title='bbox 964 3300 1222 3361; x_wconf 89' lang='lat' dir='ltr'><strong>quotquot</strong></span> <span class='ocrx_word' id='word_1_269' title='bbox 1241 3292 1539 3348; x_wconf 89' lang='lat' dir='ltr'><strong>divinarum</strong></span> <span class='ocrx_word' id='word_1_270' title='bbox 1561 3294 1844 3349; x_wconf 89' lang='lat' dir='ltr'><strong>lectionum</strong></span> <span class='ocrx_word' id='word_1_271' title='bbox 1865 3296 1995 3352; x_wconf 89' lang='lat' dir='ltr'><strong>estis</strong></span> 
     </span>
    </p>
   </div>
   <div class='ocr_carea' id='block_1_35' title="bbox 414 3380 1991 3452">
    <p class='ocr_par' dir='ltr' id='par_1_35' title="bbox 414 3380 1991 3452">
     <span class='ocr_line' id='line_1_35' title="bbox 414 3380 1991 3452; baseline 0.006 -20"><span class='ocrx_word' id='word_1_272' title='bbox 414 3380 657 3446; x_wconf 83' lang='lat' dir='ltr'><strong>studiosi,</strong></span> <span class='ocrx_word' id='word_1_273' title='bbox 684 3382 926 3452; x_wconf 90' lang='lat' dir='ltr'><strong>poteritis</strong></span> <span class='ocrx_word' id='word_1_274' title='bbox 950 3397 1021 3437; x_wconf 77' lang='lat' dir='ltr'><strong>ex</strong></span> <span class='ocrx_word' id='word_1_275' title='bbox 1050 3383 1413 3451; x_wconf 84' lang='lat' dir='ltr'><strong>superioribus</strong></span> <span class='ocrx_word' id='word_1_276' title='bbox 1433 3384 1638 3439; x_wconf 88' lang='lat' dir='ltr'><strong>discere</strong></span> <span class='ocrx_word' id='word_1_277' title='bbox 1660 3394 1709 3439; x_wconf 89' lang='lat' dir='ltr'><strong>et</strong></span> <span class='ocrx_word' id='word_1_278' title='bbox 1735 3387 1991 3451; x_wconf 89' lang='lat' dir='ltr'><strong>invenire,</strong></span> 
     </span>
    </p>
   </div>
   <div class='ocr_carea' id='block_1_36' title="bbox 412 3474 1987 3547">
    <p class='ocr_par' dir='ltr' id='par_1_36' title="bbox 412 3474 1987 3547">
     <span class='ocr_line' id='line_1_36' title="bbox 412 3474 1987 3547; baseline 0.003 -21"><span class='ocrx_word' id='word_1_279' title='bbox 412 3490 535 3527; x_wconf 89' lang='lat' dir='ltr'><strong>eum</strong></span> <span class='ocrx_word' id='word_1_280' title='bbox 576 3474 648 3528; x_wconf 91' lang='lat' dir='ltr'><strong>ita</strong></span> <span class='ocrx_word' id='word_1_281' title='bbox 677 3474 993 3529; x_wconf 91' lang='lat' dir='ltr'><strong>famulorum</strong></span> <span class='ocrx_word' id='word_1_282' title='bbox 1018 3489 1237 3531; x_wconf 92' lang='lat' dir='ltr'><strong>suorum</strong></span> <span class='ocrx_word' id='word_1_283' title='bbox 1266 3474 1425 3530; x_wconf 79' lang='lat' dir='ltr'><strong>vitam</strong></span> <span class='ocrx_word' id='word_1_284' title='bbox 1446 3474 1792 3547; x_wconf 88' lang='lat' dir='ltr'><strong>dispensare)</strong></span> <span class='ocrx_word' id='word_1_285' title='bbox 1815 3519 1828 3539; x_wconf 88' lang='lat'><strong>,</strong></span> <span class='ocrx_word' id='word_1_286' title='bbox 1857 3493 1987 3547; x_wconf 88' lang='lat' dir='ltr'><strong>quo-</strong></span> 
     </span>
    </p>
   </div>
   <div class='ocr_carea' id='block_1_37' title="bbox 413 3564 1991 3636">
    <p class='ocr_par' dir='ltr' id='par_1_37' title="bbox 413 3564 1991 3636">
     <span class='ocr_line' id='line_1_37' title="bbox 413 3564 1991 3636; baseline 0.002 -18"><span class='ocrx_word' id='word_1_287' title='bbox 413 3564 573 3619; x_wconf 89' lang='lat' dir='ltr'><strong>modo</strong></span> <span class='ocrx_word' id='word_1_288' title='bbox 615 3565 776 3635; x_wconf 80' lang='lat' dir='ltr'><strong>igitur</strong></span> <span class='ocrx_word' id='word_1_289' title='bbox 805 3581 910 3621; x_wconf 89' lang='lat' dir='ltr'><strong>non</strong></span> <span class='ocrx_word' id='word_1_290' title='bbox 935 3578 1189 3621; x_wconf 67' lang='lat' dir='ltr'><strong>extremae</strong></span> <span class='ocrx_word' id='word_1_291' title='bbox 1229 3566 1387 3620; x_wconf 90' lang='lat' dir='ltr'><strong>fuerit</strong></span> <span class='ocrx_word' id='word_1_292' title='bbox 1428 3568 1779 3636; x_wconf 83' lang='lat' dir='ltr'><strong>improbitatis</strong></span> <span class='ocrx_word' id='word_1_293' title='bbox 1807 3569 1991 3622; x_wconf 70' lang='lat' dir='ltr'><strong>existi-</strong></span> 
     </span>
    </p>
   </div>
   <div class='ocr_carea' id='block_1_38' title="bbox 412 3656 1987 3727">
    <p class='ocr_par' dir='ltr' id='par_1_38' title="bbox 412 3656 1987 3727">
     <span class='ocr_line' id='line_1_38' title="bbox 412 3656 1987 3727; baseline 0.003 -18"><span class='ocrx_word' id='word_1_294' title='bbox 412 3672 580 3722; x_wconf 90' lang='lat' dir='ltr'><strong>mare,</strong></span> <span class='ocrx_word' id='word_1_295' title='bbox 616 3658 724 3711; x_wconf 91' lang='lat' dir='ltr'><strong>Deo</strong></span> <span class='ocrx_word' id='word_1_296' title='bbox 752 3656 866 3712; x_wconf 80' lang='lat' dir='ltr'><strong>haec</strong></span> <span class='ocrx_word' id='word_1_297' title='bbox 895 3657 1219 3712; x_wconf 86' lang='lat' dir='ltr'><strong>concedente</strong></span> <span class='ocrx_word' id='word_1_298' title='bbox 1241 3657 1442 3727; x_wconf 88' lang='lat' dir='ltr'><strong>justum</strong></span> <span class='ocrx_word' id='word_1_299' title='bbox 1468 3658 1776 3713; x_wconf 89' lang='lat' dir='ltr'><strong>derelictum</strong></span> <span class='ocrx_word' id='word_1_300' title='bbox 1800 3658 1987 3724; x_wconf 90' lang='lat' dir='ltr'><strong>fuisse,</strong></span> 
     </span>
    </p>
   </div>
   <div class='ocr_carea' id='block_1_39' title="bbox 411 3750 1994 3822">
    <p class='ocr_par' dir='ltr' id='par_1_39' title="bbox 411 3750 1994 3822">
     <span class='ocr_line' id='line_1_39' title="bbox 411 3750 1994 3822; baseline 0.002 -18"><span class='ocrx_word' id='word_1_301' title='bbox 411 3761 462 3804; x_wconf 90' lang='lat' dir='ltr'><strong>el</strong></span> <span class='ocrx_word' id='word_1_302' title='bbox 509 3766 614 3804; x_wconf 87' lang='lat' dir='ltr'><strong>non</strong></span> <span class='ocrx_word' id='word_1_303' title='bbox 661 3751 833 3819; x_wconf 89' lang='lat' dir='ltr'><strong>potius</strong></span> <span class='ocrx_word' id='word_1_304' title='bbox 877 3750 998 3805; x_wconf 93' lang='lat' dir='ltr'><strong>inde</strong></span> <span class='ocrx_word' id='word_1_305' title='bbox 1035 3766 1239 3821; x_wconf 78' lang='lat' dir='ltr'><strong>magnze</strong></span> <span class='ocrx_word' id='word_1_306' title='bbox 1280 3752 1622 3819; x_wconf 77' lang='lat' dir='ltr'><strong>providentia:</strong></span> <span class='ocrx_word' id='word_1_307' title='bbox 1662 3752 1994 3822; x_wconf 89' lang='lat' dir='ltr'><strong>ingentisque</strong></span> 
     </span>
    </p>
   </div>
   <div class='ocr_carea' id='block_1_40' title="bbox 408 3840 1995 3911">
    <p class='ocr_par' dir='ltr' id='par_1_40' title="bbox 408 3840 1995 3911">
     <span class='ocr_line' id='line_1_40' title="bbox 408 3840 1995 3911; baseline 0.002 -17"><span class='ocrx_word' id='word_1_308' title='bbox 408 3841 707 3895; x_wconf 68' lang='lat' dir='ltr'><strong>clementia:</strong></span> <span class='ocrx_word' id='word_1_309' title='bbox 737 3842 944 3911; x_wconf 82' lang='lat' dir='ltr'><strong>signum</strong></span> <span class='ocrx_word' id='word_1_310' title='bbox 976 3841 1225 3895; x_wconf 83' lang='lat' dir='ltr'><strong>sumere?</strong></span> <span class='ocrx_word' id='word_1_311' title='bbox 1248 3840 1544 3896; x_wconf 89' lang='lat' dir='ltr'><strong>Ostendcus</strong></span> <span class='ocrx_word' id='word_1_312' title='bbox 1574 3843 1729 3911; x_wconf 87' lang='lat' dir='ltr'><strong>igitur</strong></span> <span class='ocrx_word' id='word_1_313' title='bbox 1753 3845 1995 3898; x_wconf 90' lang='lat' dir='ltr'><strong>eminen-</strong></span> 
     </span>
    </p>
   </div>
   <div class='ocr_carea' id='block_1_41' title="bbox 411 3933 1994 4004">
    <p class='ocr_par' dir='ltr' id='par_1_41' title="bbox 411 3933 1994 4004">
     <span class='ocr_line' id='line_1_41' title="bbox 411 3933 1994 4004; baseline 0.004 -19"><span class='ocrx_word' id='word_1_314' title='bbox 411 3942 518 3987; x_wconf 88' lang='lat' dir='ltr'><strong>tem</strong></span> <span class='ocrx_word' id='word_1_315' title='bbox 544 3933 706 4001; x_wconf 89' lang='lat' dir='ltr'><strong>ipsius</strong></span> <span class='ocrx_word' id='word_1_316' title='bbox 730 3935 1003 3999; x_wconf 88' lang='lat' dir='ltr'><strong>virtutem,</strong></span> <span class='ocrx_word' id='word_1_317' title='bbox 1037 3933 1152 3989; x_wconf 75' lang='lat' dir='ltr'><strong>hrec</strong></span> <span class='ocrx_word' id='word_1_318' title='bbox 1180 3935 1285 3989; x_wconf 92' lang='lat' dir='ltr'><strong>duo</strong></span> <span class='ocrx_word' id='word_1_319' title='bbox 1312 3944 1543 4004; x_wconf 66' lang='lat' dir='ltr'><strong>praestat,</strong></span> <span class='ocrx_word' id='word_1_320' title='bbox 1569 3951 1843 3991; x_wconf 90' lang='lat' dir='ltr'><strong>servorum</strong></span> <span class='ocrx_word' id='word_1_321' title='bbox 1869 3954 1994 3992; x_wconf 88' lang='lat' dir='ltr'><strong>suo-</strong></span> 
     </span>
    </p>
   </div>
   <div class='ocr_carea' id='block_1_42' title="bbox 410 4024 1987 4096">
    <p class='ocr_par' dir='ltr' id='par_1_42' title="bbox 410 4024 1987 4096">
     <span class='ocr_line' id='line_1_42' title="bbox 410 4024 1987 4096; baseline 0.005 -19"><span class='ocrx_word' id='word_1_322' title='bbox 410 4039 527 4077; x_wconf 87' lang='lat' dir='ltr'><strong>rum</strong></span> <span class='ocrx_word' id='word_1_323' title='bbox 549 4024 855 4093; x_wconf 72' lang='lat' dir='ltr'><strong>patientiam</strong></span> <span class='ocrx_word' id='word_1_324' title='bbox 882 4024 1349 4096; x_wconf 90' lang='lat' dir='ltr'><strong>fortitudinemque</strong></span> <span class='ocrx_word' id='word_1_325' title='bbox 1376 4028 1547 4095; x_wconf 89' lang='lat' dir='ltr'><strong>palam</strong></span> <span class='ocrx_word' id='word_1_326' title='bbox 1575 4027 1700 4083; x_wconf 82' lang='lat' dir='ltr'><strong>facit</strong></span> <span class='ocrx_word' id='word_1_327' title='bbox 1720 4031 1987 4096; x_wconf 91' lang='lat' dir='ltr'><strong>omnibus,</strong></span> 
     </span>
    </p>
   </div>
   <div class='ocr_carea' id='block_1_43' title="bbox 409 4115 1990 4189">
    <p class='ocr_par' dir='ltr' id='par_1_43' title="bbox 409 4115 1990 4189">
     <span class='ocr_line' id='line_1_43' title="bbox 409 4115 1990 4189; baseline 0.005 -21"><span class='ocrx_word' id='word_1_328' title='bbox 409 4125 462 4169; x_wconf 92' lang='lat' dir='ltr'><strong>et</strong></span> <span class='ocrx_word' id='word_1_329' title='bbox 491 4115 836 4184; x_wconf 78' lang='lat' dir='ltr'><strong>providentia:</strong></span> <span class='ocrx_word' id='word_1_330' title='bbox 860 4130 971 4169; x_wconf 78' lang='lat' dir='ltr'><strong>sua:</strong></span> <span class='ocrx_word' id='word_1_331' title='bbox 995 4116 1313 4185; x_wconf 89' lang='lat' dir='ltr'><strong>sapientiam</strong></span> <span class='ocrx_word' id='word_1_332' title='bbox 1340 4118 1499 4172; x_wconf 88' lang='lat' dir='ltr'><strong>etiam</strong></span> <span class='ocrx_word' id='word_1_333' title='bbox 1540 4119 1591 4171; x_wconf 93' lang='lat' dir='ltr'><strong>in</strong></span> <span class='ocrx_word' id='word_1_334' title='bbox 1622 4120 1812 4174; x_wconf 88' lang='lat' dir='ltr'><strong>mediis</strong></span> <span class='ocrx_word' id='word_1_335' title='bbox 1848 4122 1990 4189; x_wconf 91' lang='lat' dir='ltr'><strong>peri-</strong></span> 
     </span>
    </p>
   </div>
   <div class='ocr_carea' id='block_1_44' title="bbox 409 4204 1991 4273">
    <p class='ocr_par' dir='ltr' id='par_1_44' title="bbox 409 4204 1991 4273">
     <span class='ocr_line' id='line_1_44' title="bbox 409 4204 1991 4273; baseline 0.006 -16"><span class='ocrx_word' id='word_1_336' title='bbox 409 4206 545 4259; x_wconf 85' lang='lat' dir='ltr'><strong>culis</strong></span> <span class='ocrx_word' id='word_1_337' title='bbox 585 4204 1088 4273; x_wconf 89' lang='lat' dir='ltr'><strong>difﬁcultatibusque</strong></span> <span class='ocrx_word' id='word_1_338' title='bbox 1132 4206 1355 4260; x_wconf 89' lang='lat' dir='ltr'><strong>summis</strong></span> <span class='ocrx_word' id='word_1_339' title='bbox 1396 4208 1629 4262; x_wconf 92' lang='lat' dir='ltr'><strong>ostendit</strong></span> <span class='ocrx_word' id='word_1_340' title='bbox 1660 4226 1672 4262; x_wconf 91' lang='lat'><strong>:</strong></span> <span class='ocrx_word' id='word_1_341' title='bbox 1702 4224 1823 4263; x_wconf 91' lang='lat' dir='ltr'><strong>nam</strong></span> <span class='ocrx_word' id='word_1_342' title='bbox 1867 4226 1991 4266; x_wconf 93' lang='lat' dir='ltr'><strong>cum</strong></span> 
     </span>
    </p>
   </div>
   <div class='ocr_carea' id='block_1_45' title="bbox 412 4296 1992 4373">
    <p class='ocr_par' dir='ltr' id='par_1_45' title="bbox 412 4296 1992 4373">
     <span class='ocr_line' id='line_1_45' title="bbox 412 4296 1992 4373; baseline 0.008 -28"><span class='ocrx_word' id='word_1_343' title='bbox 412 4311 577 4365; x_wconf 87' lang='lat' dir='ltr'><strong>prope</strong></span> <span class='ocrx_word' id='word_1_344' title='bbox 618 4296 904 4365; x_wconf 71' lang='lat' dir='ltr'><strong>deploratae</strong></span> <span class='ocrx_word' id='word_1_345' title='bbox 943 4296 1050 4349; x_wconf 92' lang='lat' dir='ltr'><strong>sint</strong></span> <span class='ocrx_word' id='word_1_346' title='bbox 1083 4310 1171 4351; x_wconf 90' lang='lat' dir='ltr'><strong>res</strong></span> <span class='ocrx_word' id='word_1_347' title='bbox 1194 4337 1210 4361; x_wconf 89' lang='lat'><strong>,</strong></span> <span class='ocrx_word' id='word_1_348' title='bbox 1238 4306 1362 4350; x_wconf 91' lang='lat' dir='ltr'><strong>tunc</strong></span> <span class='ocrx_word' id='word_1_349' title='bbox 1390 4313 1644 4367; x_wconf 89' lang='lat' dir='ltr'><strong>quorsum</strong></span> <span class='ocrx_word' id='word_1_350' title='bbox 1669 4302 1781 4355; x_wconf 91' lang='lat' dir='ltr'><strong>vult</strong></span> <span class='ocrx_word' id='word_1_351' title='bbox 1810 4301 1992 4373; x_wconf 87' lang='lat' dir='ltr'><strong>dirigit</strong></span> 
     </span>
    </p>
   </div>
   <div class='ocr_carea' id='block_1_46' title="bbox 409 4389 1990 4464">
    <p class='ocr_par' dir='ltr' id='par_1_46' title="bbox 409 4389 1990 4464">
     <span class='ocr_line' id='line_1_46' title="bbox 409 4389 1990 4464; baseline 0.005 -23"><span class='ocrx_word' id='word_1_352' title='bbox 409 4389 585 4442; x_wconf 91' lang='lat' dir='ltr'><strong>omnia</strong></span> <span class='ocrx_word' id='word_1_353' title='bbox 612 4430 626 4454; x_wconf 94' lang='lat'><strong>,</strong></span> <span class='ocrx_word' id='word_1_354' title='bbox 661 4403 830 4458; x_wconf 85' lang='lat' dir='ltr'><strong>neque</strong></span> <span class='ocrx_word' id='word_1_355' title='bbox 858 4389 1054 4459; x_wconf 90' lang='lat' dir='ltr'><strong>aliquid</strong></span> <span class='ocrx_word' id='word_1_356' title='bbox 1083 4389 1411 4445; x_wconf 88' lang='lat' dir='ltr'><strong>difﬁcultatis</strong></span> <span class='ocrx_word' id='word_1_357' title='bbox 1442 4391 1493 4444; x_wconf 91' lang='lat' dir='ltr'><strong>in</strong></span> <span class='ocrx_word' id='word_1_358' title='bbox 1534 4392 1712 4447; x_wconf 90' lang='lat' dir='ltr'><strong>medio</strong></span> <span class='ocrx_word' id='word_1_359' title='bbox 1739 4402 1822 4449; x_wconf 88' lang='lat' dir='ltr'><strong>est</strong></span> <span class='ocrx_word' id='word_1_360' title='bbox 1849 4395 1990 4464; x_wconf 92' lang='lat' dir='ltr'><strong>quod</strong></span> 
     </span>
    </p>
   </div>
   <div class='ocr_carea' id='block_1_47' title="bbox 413 4480 1991 4553">
    <p class='ocr_par' dir='ltr' id='par_1_47' title="bbox 413 4480 1991 4553">
     <span class='ocr_line' id='line_1_47' title="bbox 413 4480 1991 4553; baseline 0.006 -20"><span class='ocrx_word' id='word_1_361' title='bbox 413 4480 670 4550; x_wconf 88' lang='lat' dir='ltr'><strong>impedire</strong></span> <span class='ocrx_word' id='word_1_362' title='bbox 711 4490 886 4550; x_wconf 85' lang='lat' dir='ltr'><strong>queat.</strong></span> <span class='ocrx_word' id='word_1_363' title='bbox 937 4480 999 4535; x_wconf 83' lang='lat' dir='ltr'><strong>Et</strong></span> <span class='ocrx_word' id='word_1_364' title='bbox 1040 4483 1173 4536; x_wconf 79' lang='lat' dir='ltr'><strong>visus</strong></span> <span class='ocrx_word' id='word_1_365' title='bbox 1213 4490 1318 4549; x_wconf 88' lang='lat' dir='ltr'><strong>est,</strong></span> <span class='ocrx_word' id='word_1_366' title='bbox 1351 4482 1553 4553; x_wconf 87' lang='lat' dir='ltr'><strong>inquit,</strong></span> <span class='ocrx_word' id='word_1_367' title='bbox 1582 4483 1829 4540; x_wconf 80' lang='lat' dir='ltr'><strong>Dominus</strong></span> <span class='ocrx_word' id='word_1_368' title='bbox 1855 4486 1991 4542; x_wconf 89' lang='lat' dir='ltr'><strong>Deus</strong></span> 
     </span>
    </p>
   </div>
   <div class='ocr_carea' id='block_1_48' title="bbox 408 4570 1989 4647">
    <p class='ocr_par' dir='ltr' id='par_1_48' title="bbox 408 4570 1989 4647">
     <span class='ocr_line' id='line_1_48' title="bbox 408 4570 1989 4647; baseline 0.006 -24"><span class='ocrx_word' id='word_1_369' title='bbox 408 4570 575 4635; x_wconf 74' lang='lat' dir='ltr'><strong>Abrw,</strong></span> <span class='ocrx_word' id='word_1_370' title='bbox 600 4580 645 4625; x_wconf 89' lang='lat' dir='ltr'><strong>et</strong></span> <span class='ocrx_word' id='word_1_371' title='bbox 672 4572 798 4624; x_wconf 78' lang='lat' dir='ltr'><strong>dixit</strong></span> <span class='ocrx_word' id='word_1_372' title='bbox 822 4573 865 4625; x_wconf 87' lang='lat' dir='ltr'><strong>ei</strong></span> <span class='ocrx_word' id='word_1_373' title='bbox 889 4589 907 4626; x_wconf 91' lang='lat'><strong><em>:</em></strong></span> <span class='ocrx_word' id='word_1_374' title='bbox 931 4572 1127 4627; x_wconf 87' lang='lat' dir='ltr'><strong>Semini</strong></span> <span class='ocrx_word' id='word_1_375' title='bbox 1155 4581 1240 4627; x_wconf 89' lang='lat' dir='ltr'><strong>tuo</strong></span> <span class='ocrx_word' id='word_1_376' title='bbox 1264 4574 1392 4628; x_wconf 87' lang='lat' dir='ltr'><strong>dabo</strong></span> <span class='ocrx_word' id='word_1_377' title='bbox 1417 4585 1600 4628; x_wconf 90' lang='lat' dir='ltr'><strong>terram</strong></span> <span class='ocrx_word' id='word_1_378' title='bbox 1625 4576 1773 4629; x_wconf 83' lang='lat' dir='ltr'><strong>hanc.</strong></span> <span class='ocrx_word' id='word_1_379' title='bbox 1806 4577 1989 4647; x_wconf 81' lang='lat' dir='ltr'><strong>Magna</strong></span> 
     </span>
    </p>
   </div>
   <div class='ocr_carea' id='block_1_49' title="bbox 412 4662 1993 4736">
    <p class='ocr_par' dir='ltr' id='par_1_49' title="bbox 412 4662 1993 4736">
     <span class='ocr_line' id='line_1_49' title="bbox 412 4662 1993 4736; baseline 0.005 -20"><span class='ocrx_word' id='word_1_380' title='bbox 412 4671 469 4717; x_wconf 93' lang='lat' dir='ltr'><strong>et</strong></span> <span class='ocrx_word' id='word_1_381' title='bbox 516 4662 881 4717; x_wconf 85' lang='lat' dir='ltr'><strong>desiderabilis</strong></span> <span class='ocrx_word' id='word_1_382' title='bbox 928 4664 1243 4733; x_wconf 87' lang='lat' dir='ltr'><strong>promissio,</strong></span> <span class='ocrx_word' id='word_1_383' title='bbox 1291 4667 1583 4733; x_wconf 75' lang='lat' dir='ltr'><strong>prmsertim</strong></span> <span class='ocrx_word' id='word_1_384' title='bbox 1623 4666 1785 4736; x_wconf 90' lang='lat' dir='ltr'><strong>justo.</strong></span> <span class='ocrx_word' id='word_1_385' title='bbox 1832 4666 1993 4724; x_wconf 89' lang='lat' dir='ltr'><strong>Scitis</strong></span> 
     </span>
    </p>
   </div>
   <div class='ocr_carea' id='block_1_50' title="bbox 412 4756 1988 4829">
    <p class='ocr_par' dir='ltr' id='par_1_50' title="bbox 412 4756 1988 4829">
     <span class='ocr_line' id='line_1_50' title="bbox 412 4756 1988 4829; baseline 0.009 -26"><span class='ocrx_word' id='word_1_386' title='bbox 412 4756 587 4823; x_wconf 82' lang='lat' dir='ltr'><strong>enim,</strong></span> <span class='ocrx_word' id='word_1_387' title='bbox 618 4756 883 4825; x_wconf 83' lang='lat' dir='ltr'><strong>quomodo</strong></span> <span class='ocrx_word' id='word_1_388' title='bbox 924 4758 1011 4825; x_wconf 92' lang='lat' dir='ltr'><strong>qui</strong></span> <span class='ocrx_word' id='word_1_389' title='bbox 1049 4757 1157 4827; x_wconf 87' lang='lat' dir='ltr'><strong>jam</strong></span> <span class='ocrx_word' id='word_1_390' title='bbox 1198 4767 1459 4826; x_wconf 64' lang='lat' dir='ltr'><strong>provecta:</strong></span> <span class='ocrx_word' id='word_1_391' title='bbox 1500 4762 1788 4815; x_wconf 87' lang='lat' dir='ltr'><strong>senectutis</strong></span> <span class='ocrx_word' id='word_1_392' title='bbox 1830 4772 1988 4829; x_wconf 89' lang='lat' dir='ltr'><strong>sunt,</strong></span> 
     </span>
    </p>
   </div>
   <div class='ocr_carea' id='block_1_51' title="bbox 413 4849 1991 4923">
    <p class='ocr_par' dir='ltr' id='par_1_51' title="bbox 413 4849 1991 4923">
     <span class='ocr_line' id='line_1_51' title="bbox 413 4849 1991 4923; baseline 0.004 -20"><span class='ocrx_word' id='word_1_393' title='bbox 413 4860 467 4903; x_wconf 89' lang='lat' dir='ltr'><strong>et</strong></span> <span class='ocrx_word' id='word_1_394' title='bbox 495 4865 709 4904; x_wconf 87' lang='lat' dir='ltr'><strong>omnem</strong></span> <span class='ocrx_word' id='word_1_395' title='bbox 738 4850 899 4903; x_wconf 90' lang='lat' dir='ltr'><strong>vitam</strong></span> <span class='ocrx_word' id='word_1_396' title='bbox 924 4851 1122 4918; x_wconf 89' lang='lat' dir='ltr'><strong>absque</strong></span> <span class='ocrx_word' id='word_1_397' title='bbox 1161 4849 1341 4905; x_wconf 91' lang='lat' dir='ltr'><strong>liberis</strong></span> <span class='ocrx_word' id='word_1_398' title='bbox 1373 4862 1740 4921; x_wconf 86' lang='lat' dir='ltr'><strong>transegerunt</strong></span> <span class='ocrx_word' id='word_1_399' title='bbox 1762 4895 1775 4917; x_wconf 91' lang='lat'><strong>,</strong></span> <span class='ocrx_word' id='word_1_400' title='bbox 1804 4863 1991 4923; x_wconf 86' lang='lat' dir='ltr'><strong>optant</strong></span> 
     </span>
    </p>
   </div>
   <div class='ocr_carea' id='block_1_52' title="bbox 413 4940 1988 5016">
    <p class='ocr_par' dir='ltr' id='par_1_52' title="bbox 413 4940 1988 5016">
     <span class='ocr_line' id='line_1_52' title="bbox 413 4940 1988 5016; baseline 0.004 -21"><span class='ocrx_word' id='word_1_401' title='bbox 413 4942 627 4996; x_wconf 87' lang='lat' dir='ltr'><strong>liberos.</strong></span> <span class='ocrx_word' id='word_1_402' title='bbox 682 4940 861 5010; x_wconf 85' lang='lat' dir='ltr'><strong>Itaque</strong></span> <span class='ocrx_word' id='word_1_403' title='bbox 904 4941 1157 4996; x_wconf 90' lang='lat' dir='ltr'><strong>Dominus</strong></span> <span class='ocrx_word' id='word_1_404' title='bbox 1201 4941 1515 4996; x_wconf 74' lang='lat' dir='ltr'><strong>obedientite</strong></span> <span class='ocrx_word' id='word_1_405' title='bbox 1560 4944 1858 4999; x_wconf 89' lang='lat' dir='ltr'><strong>mercedem</strong></span> <span class='ocrx_word' id='word_1_406' title='bbox 1890 4947 1988 5016; x_wconf 91' lang='lat' dir='ltr'><strong>ipsi</strong></span> 
     </span>
    </p>
   </div>
   <div class='ocr_carea' id='block_1_53' title="bbox 416 5032 1984 5103">
    <p class='ocr_par' dir='ltr' id='par_1_53' title="bbox 416 5032 1984 5103">
     <span class='ocr_line' id='line_1_53' title="bbox 416 5032 1984 5103; baseline 0.004 -18"><span class='ocrx_word' id='word_1_407' title='bbox 416 5033 679 5103; x_wconf 72' lang='lat' dir='ltr'><strong>prathens,</strong></span> <span class='ocrx_word' id='word_1_408' title='bbox 708 5033 827 5101; x_wconf 88' lang='lat' dir='ltr'><strong>quia</strong></span> <span class='ocrx_word' id='word_1_409' title='bbox 856 5048 977 5086; x_wconf 79' lang='lat' dir='ltr'><strong>mox</strong></span> <span class='ocrx_word' id='word_1_410' title='bbox 1009 5041 1065 5085; x_wconf 92' lang='lat' dir='ltr'><strong>ut</strong></span> <span class='ocrx_word' id='word_1_411' title='bbox 1089 5032 1306 5094; x_wconf 81' lang='lat' dir='ltr'><strong>audivit,</strong></span> <span class='ocrx_word' id='word_1_412' title='bbox 1339 5032 1590 5102; x_wconf 86' lang='lat' dir='ltr'><strong>Egredere</strong></span> <span class='ocrx_word' id='word_1_413' title='bbox 1612 5035 1676 5088; x_wconf 87' lang='lat' dir='ltr'><strong>de</strong></span> <span class='ocrx_word' id='word_1_414' title='bbox 1702 5046 1835 5090; x_wconf 86' lang='lat' dir='ltr'><strong>terra</strong></span> <span class='ocrx_word' id='word_1_415' title='bbox 1864 5048 1950 5091; x_wconf 91' lang='lat' dir='ltr'><strong>tua</strong></span> <span class='ocrx_word' id='word_1_416' title='bbox 1968 5079 1984 5103; x_wconf 93' lang='lat'><strong>,</strong></span> 
     </span>
    </p>
   </div>
   <div class='ocr_carea' id='block_1_54' title="bbox 406 5126 1985 5199">
    <p class='ocr_par' dir='ltr' id='par_1_54' title="bbox 406 5126 1985 5199">
     <span class='ocr_line' id='line_1_54' title="bbox 406 5126 1985 5199; baseline 0.005 -22"><span class='ocrx_word' id='word_1_417' title='bbox 406 5142 510 5179; x_wconf 88' lang='lat' dir='ltr'><strong>non</strong></span> <span class='ocrx_word' id='word_1_418' title='bbox 538 5140 717 5180; x_wconf 89' lang='lat' dir='ltr'><strong>moras</strong></span> <span class='ocrx_word' id='word_1_419' title='bbox 744 5127 917 5191; x_wconf 72' lang='lat' dir='ltr'><strong>traxit,</strong></span> <span class='ocrx_word' id='word_1_420' title='bbox 944 5140 1047 5179; x_wconf 93' lang='lat' dir='ltr'><strong>non</strong></span> <span class='ocrx_word' id='word_1_421' title='bbox 1068 5126 1290 5191; x_wconf 91' lang='lat' dir='ltr'><strong>distulit,</strong></span> <span class='ocrx_word' id='word_1_422' title='bbox 1315 5126 1407 5181; x_wconf 82' lang='lat' dir='ltr'><strong>sed</strong></span> <span class='ocrx_word' id='word_1_423' title='bbox 1429 5128 1663 5182; x_wconf 88' lang='lat' dir='ltr'><strong>obedivit</strong></span> <span class='ocrx_word' id='word_1_424' title='bbox 1684 5130 1985 5199; x_wconf 82' lang='lat' dir='ltr'><strong>imperanti,</strong></span> 
     </span>
    </p>
   </div>
   <div class='ocr_carea' id='block_1_55' title="bbox 408 5218 1989 5290">
    <p class='ocr_par' dir='ltr' id='par_1_55' title="bbox 408 5218 1989 5290">
     <span class='ocr_line' id='line_1_55' title="bbox 408 5218 1989 5290; baseline 0.008 -23"><span class='ocrx_word' id='word_1_425' title='bbox 408 5226 459 5268; x_wconf 81' lang='lat' dir='ltr'><strong>et</strong></span> <span class='ocrx_word' id='word_1_426' title='bbox 485 5218 623 5285; x_wconf 82' lang='lat' dir='ltr'><strong>quod</strong></span> <span class='ocrx_word' id='word_1_427' title='bbox 654 5219 968 5286; x_wconf 84' lang='lat' dir='ltr'><strong>imperatum</strong></span> <span class='ocrx_word' id='word_1_428' title='bbox 995 5229 1106 5273; x_wconf 91' lang='lat' dir='ltr'><strong>erat</strong></span> <span class='ocrx_word' id='word_1_429' title='bbox 1130 5234 1251 5273; x_wconf 76' lang='lat' dir='ltr'><strong>mox</strong></span> <span class='ocrx_word' id='word_1_430' title='bbox 1277 5218 1421 5285; x_wconf 89' lang='lat' dir='ltr'><strong>fecit,</strong></span> <span class='ocrx_word' id='word_1_431' title='bbox 1445 5218 1651 5290; x_wconf 87' lang='lat' dir='ltr'><strong>inquit:</strong></span> <span class='ocrx_word' id='word_1_432' title='bbox 1678 5220 1878 5277; x_wconf 87' lang='lat' dir='ltr'><strong>Semini</strong></span> <span class='ocrx_word' id='word_1_433' title='bbox 1903 5234 1989 5279; x_wconf 89' lang='lat' dir='ltr'><strong>tuo</strong></span> 
     </span>
    </p>
   </div>
   <div class='ocr_carea' id='block_1_56' title="bbox 405 5306 921 5365">
    <p class='ocr_par' dir='ltr' id='par_1_56' title="bbox 405 5306 921 5365">
     <span class='ocr_line' id='line_1_56' title="bbox 405 5306 921 5365; baseline 0.008 -5"><span class='ocrx_word' id='word_1_434' title='bbox 405 5306 534 5360; x_wconf 81' lang='lat' dir='ltr'><strong>dabo</strong></span> <span class='ocrx_word' id='word_1_435' title='bbox 560 5319 743 5362; x_wconf 77' lang='lat' dir='ltr'><strong>terram</strong></span> <span class='ocrx_word' id='word_1_436' title='bbox 772 5311 921 5365; x_wconf 86' lang='lat' dir='ltr'><strong>hanc.</strong></span> 
     </span>
    </p>
   </div>
   <div class='ocr_carea' id='block_1_57' title="bbox 474 5399 1987 5477">
    <p class='ocr_par' dir='ltr' id='par_1_57' title="bbox 474 5399 1987 5477">
     <span class='ocr_line' id='line_1_57' title="bbox 474 5399 1987 5477; baseline 0.005 -24"><span class='ocrx_word' id='word_1_437' title='bbox 474 5399 522 5453; x_wconf 77' lang='lat'><strong>3.</strong></span> <span class='ocrx_word' id='word_1_438' title='bbox 569 5400 909 5452; x_wconf 76' lang='lat' dir='ltr'><strong>Abrahamum</strong></span> <span class='ocrx_word' id='word_1_439' title='bbox 935 5401 1231 5471; x_wconf 82' lang='lat' dir='ltr'><strong>migrantem</strong></span> <span class='ocrx_word' id='word_1_440' title='bbox 1257 5403 1539 5466; x_wconf 87' lang='lat' dir='ltr'><strong>comitatur,</strong></span> <span class='ocrx_word' id='word_1_441' title='bbox 1569 5403 1771 5475; x_wconf 85' lang='lat' dir='ltr'><strong>singula</strong></span> <span class='ocrx_word' id='word_1_442' title='bbox 1792 5406 1854 5460; x_wconf 89' lang='lat' dir='ltr'><strong>ab</strong></span> <span class='ocrx_word' id='word_1_443' title='bbox 1875 5406 1987 5477; x_wconf 86' lang='lat' dir='ltr'><strong>ipso</strong></span> 
     </span>
    </p>
   </div>
   <div class='ocr_carea' id='block_1_58' title="bbox 404 5492 1985 5563">
    <p class='ocr_par' dir='ltr' id='par_1_58' title="bbox 404 5492 1985 5563">
     <span class='ocr_line' id='line_1_58' title="bbox 404 5492 1985 5563; baseline 0.008 -23"><span class='ocrx_word' id='word_1_444' title='bbox 404 5492 486 5560; x_wconf 76' lang='lat' dir='ltr'><strong>pie</strong></span> <span class='ocrx_word' id='word_1_445' title='bbox 522 5502 637 5544; x_wconf 82' lang='lat' dir='ltr'><strong>actu</strong></span> <span class='ocrx_word' id='word_1_446' title='bbox 690 5502 888 5544; x_wconf 83' lang='lat' dir='ltr'><strong>notans.</strong></span> <span class='ocrx_word' id='word_1_447' title='bbox 924 5522 995 5531; x_wconf 95' lang='lat'><strong>—</strong></span> <span class='ocrx_word' id='word_1_448' title='bbox 1022 5493 1155 5548; x_wconf 70' lang='lat' dir='ltr'><strong>Vide</strong></span> <span class='ocrx_word' id='word_1_449' title='bbox 1187 5494 1453 5562; x_wconf 85' lang='lat' dir='ltr'><strong>quomodo</strong></span> <span class='ocrx_word' id='word_1_450' title='bbox 1497 5510 1589 5563; x_wconf 88' lang='lat' dir='ltr'><strong>per</strong></span> <span class='ocrx_word' id='word_1_451' title='bbox 1628 5498 1731 5552; x_wconf 86' lang='lat' dir='ltr'><strong>hoc</strong></span> <span class='ocrx_word' id='word_1_452' title='bbox 1766 5497 1985 5553; x_wconf 88' lang='lat' dir='ltr'><strong>verbum</strong></span> 
     </span>
    </p>
   </div>
   <div class='ocr_carea' id='block_1_59' title="bbox 404 5581 1984 5649">
    <p class='ocr_par' dir='ltr' id='par_1_59' title="bbox 404 5581 1984 5649">
     <span class='ocr_line' id='line_1_59' title="bbox 404 5581 1984 5649; baseline 0.004 -15"><span class='ocrx_word' id='word_1_453' title='bbox 404 5592 635 5635; x_wconf 89' lang='lat' dir='ltr'><strong>mentem</strong></span> <span class='ocrx_word' id='word_1_454' title='bbox 668 5581 781 5649; x_wconf 85' lang='lat' dir='ltr'><strong>ejus</strong></span> <span class='ocrx_word' id='word_1_455' title='bbox 802 5582 973 5648; x_wconf 78' lang='lat' dir='ltr'><strong>erigit,</strong></span> <span class='ocrx_word' id='word_1_456' title='bbox 1005 5592 1058 5635; x_wconf 93' lang='lat' dir='ltr'><strong>et</strong></span> <span class='ocrx_word' id='word_1_457' title='bbox 1087 5583 1435 5638; x_wconf 74' lang='lat' dir='ltr'><strong>Sufﬁcientem</strong></span> <span class='ocrx_word' id='word_1_458' title='bbox 1462 5585 1508 5639; x_wconf 92' lang='lat' dir='ltr'><strong>ei</strong></span> <span class='ocrx_word' id='word_1_459' title='bbox 1541 5586 1722 5639; x_wconf 86' lang='lat' dir='ltr'><strong>tribuit</strong></span> <span class='ocrx_word' id='word_1_460' title='bbox 1746 5587 1984 5642; x_wconf 88' lang='lat' dir='ltr'><strong>laborum</strong></span> 
     </span>
    </p>
   </div>
   <div class='ocr_carea' id='block_1_60' title="bbox 409 5671 1980 5745">
    <p class='ocr_par' dir='ltr' id='par_1_60' title="bbox 409 5671 1980 5745">
     <span class='ocr_line' id='line_1_60' title="bbox 409 5671 1980 5745; baseline 0.007 -22"><span class='ocrx_word' id='word_1_461' title='bbox 409 5671 728 5728; x_wconf 76' lang='lat' dir='ltr'><strong>mercedem.</strong></span> <span class='ocrx_word' id='word_1_462' title='bbox 763 5672 989 5728; x_wconf 80' lang='lat' dir='ltr'><strong>Proinde</strong></span> <span class='ocrx_word' id='word_1_463' title='bbox 1014 5682 1067 5728; x_wconf 89' lang='lat' dir='ltr'><strong>et</strong></span> <span class='ocrx_word' id='word_1_464' title='bbox 1092 5673 1303 5743; x_wconf 79' lang='lat' dir='ltr'><strong>justus,</strong></span> <span class='ocrx_word' id='word_1_465' title='bbox 1336 5685 1541 5745; x_wconf 85' lang='lat' dir='ltr'><strong>gratum</strong></span> <span class='ocrx_word' id='word_1_466' title='bbox 1580 5677 1839 5735; x_wconf 71' lang='lat' dir='ltr'><strong>exhibens</strong></span> <span class='ocrx_word' id='word_1_467' title='bbox 1864 5681 1980 5734; x_wconf 85' lang='lat' dir='ltr'><strong>ani-</strong></span> 
     </span>
    </p>
   </div>
   <div class='ocr_carea' id='block_1_61' title="bbox 1126 237 2927 297">
    <p class='ocr_par' dir='ltr' id='par_1_61' title="bbox 1126 237 2927 297">
     <span class='ocr_line' id='line_1_61' title="bbox 1126 237 2927 297; baseline 0 0"><span class='ocrx_word' id='word_1_468' title='bbox 1126 241 1180 297; x_wconf 90' lang='lat' dir='ltr'><strong>S.</strong></span> <span class='ocrx_word' id='word_1_469' title='bbox 1221 240 1493 296; x_wconf 74' lang='lat' dir='ltr'><strong>JOANNIS</strong></span> <span class='ocrx_word' id='word_1_470' title='bbox 1527 237 1999 295; x_wconf 76' lang='lat' dir='ltr'><strong>CllRYSOSTOMI</strong></span> <span class='ocrx_word' id='word_1_471' title='bbox 2040 237 2354 295; x_wconf 79' lang='lat' dir='ltr'><strong>ARCHIEP.</strong></span> <span class='ocrx_word' id='word_1_472' title='bbox 2393 239 2927 297; x_wconf 67' lang='lat' dir='ltr'><strong>CGNSTANTINOP.</strong></span> 
     </span>
    </p>
   </div>
   <div class='ocr_carea' id='block_1_62' title="bbox 3578 250 3679 303">
    <p class='ocr_par' dir='ltr' id='par_1_62' title="bbox 3578 250 3679 303">
     <span class='ocr_line' id='line_1_62' title="bbox 3578 250 3679 303; baseline -0.05 0"><span class='ocrx_word' id='word_1_473' title='bbox 3578 250 3679 303; x_wconf 65' lang='grc' dir='ltr'><strong>ΞΜ</strong></span> 
     </span>
    </p>
   </div>
   <div class='ocr_carea' id='block_1_63' title="bbox 2113 351 3698 427">
    <p class='ocr_par' dir='ltr' id='par_1_63' title="bbox 2113 351 3698 427">
     <span class='ocr_line' id='line_1_63' title="bbox 2113 351 3698 427; baseline 0.008 -26"><span class='ocrx_word' id='word_1_474' title='bbox 2113 365 2255 403; x_wconf 88' lang='lat' dir='ltr'><strong>nuttn</strong></span> <span class='ocrx_word' id='word_1_475' title='bbox 2299 351 2475 404; x_wconf 89' lang='lat' dir='ltr'><strong>statim</strong></span> <span class='ocrx_word' id='word_1_476' title='bbox 2520 351 2585 404; x_wconf 90' lang='lat' dir='ltr'><strong>ad</strong></span> <span class='ocrx_word' id='word_1_477' title='bbox 2630 354 2916 421; x_wconf 86' lang='lat' dir='ltr'><strong>gratiarum</strong></span> <span class='ocrx_word' id='word_1_478' title='bbox 2960 355 3223 411; x_wconf 85' lang='lat' dir='ltr'><strong>actionem</strong></span> <span class='ocrx_word' id='word_1_479' title='bbox 3254 361 3606 427; x_wconf 85' lang='lat' dir='ltr'><strong>convertitur.</strong></span> <span class='ocrx_word' id='word_1_480' title='bbox 3641 362 3698 414; x_wconf 77' lang='lat' dir='ltr'><strong>h‘t</strong></span> 
     </span>
    </p>
   </div>
   <div class='ocr_carea' id='block_1_64' title="bbox 2119 441 3699 514">
    <p class='ocr_par' dir='ltr' id='par_1_64' title="bbox 2119 441 3699 514">
     <span class='ocr_line' id='line_1_64' title="bbox 2119 441 3699 514; baseline 0.009 -23"><span class='ocrx_word' id='word_1_481' title='bbox 2119 442 2350 494; x_wconf 73' lang='lat' dir='ltr'><strong>rxstruxit</strong></span> <span class='ocrx_word' id='word_1_482' title='bbox 2374 441 2497 505; x_wconf 88' lang='lat' dir='ltr'><strong>illic,</strong></span> <span class='ocrx_word' id='word_1_483' title='bbox 2523 441 2710 511; x_wconf 90' lang='lat' dir='ltr'><strong>inquit,</strong></span> <span class='ocrx_word' id='word_1_484' title='bbox 2735 444 2897 497; x_wconf 84' lang='lat' dir='ltr'><strong>altare</strong></span> <span class='ocrx_word' id='word_1_485' title='bbox 2913 441 3154 511; x_wconf 88' lang='lat' dir='ltr'><strong>Domino,</strong></span> <span class='ocrx_word' id='word_1_486' title='bbox 3180 464 3327 514; x_wconf 81' lang='lat' dir='ltr'><strong>quem</strong></span> <span class='ocrx_word' id='word_1_487' title='bbox 3350 450 3699 507; x_wconf 59' lang='lat' dir='ltr'><strong>uideratNide</strong></span> 
     </span>
    </p>
   </div>
   <div class='ocr_carea' id='block_1_65' title="bbox 2112 532 3701 612">
    <p class='ocr_par' dir='ltr' id='par_1_65' title="bbox 2112 532 3701 612">
     <span class='ocr_line' id='line_1_65' title="bbox 2112 532 3701 612; baseline 0.009 -29"><span class='ocrx_word' id='word_1_488' title='bbox 2112 532 2209 599; x_wconf 71' lang='lat' dir='ltr'><strong>pia:</strong></span> <span class='ocrx_word' id='word_1_489' title='bbox 2249 533 2440 586; x_wconf 75' lang='lat' dir='ltr'><strong>mentis</strong></span> <span class='ocrx_word' id='word_1_490' title='bbox 2467 534 2760 601; x_wconf 83' lang='lat' dir='ltr'><strong>specimen.</strong></span> <span class='ocrx_word' id='word_1_491' title='bbox 2796 535 2861 589; x_wconf 85' lang='lat' dir='ltr'><strong>Et</strong></span> <span class='ocrx_word' id='word_1_492' title='bbox 2885 535 3057 590; x_wconf 92' lang='lat' dir='ltr'><strong>locum</strong></span> <span class='ocrx_word' id='word_1_493' title='bbox 3084 538 3276 607; x_wconf 91' lang='lat' dir='ltr'><strong>ipsum,</strong></span> <span class='ocrx_word' id='word_1_494' title='bbox 3306 539 3395 595; x_wconf 91' lang='lat' dir='ltr'><strong>ubi</strong></span> <span class='ocrx_word' id='word_1_495' title='bbox 3437 543 3701 612; x_wconf 79' lang='lat' dir='ltr'><strong>colloquio</strong></span> 
     </span>
    </p>
   </div>
   <div class='ocr_carea' id='block_1_66' title="bbox 2109 624 3699 703">
    <p class='ocr_par' dir='ltr' id='par_1_66' title="bbox 2109 624 3699 703">
     <span class='ocr_line' id='line_1_66' title="bbox 2109 624 3699 703; baseline 0.006 -26"><span class='ocrx_word' id='word_1_496' title='bbox 2109 638 2229 677; x_wconf 91' lang='lat' dir='ltr'><strong>cum</strong></span> <span class='ocrx_word' id='word_1_497' title='bbox 2278 624 2386 678; x_wconf 88' lang='lat' dir='ltr'><strong>Deo</strong></span> <span class='ocrx_word' id='word_1_498' title='bbox 2432 624 2677 695; x_wconf 90' lang='lat' dir='ltr'><strong>dignatus</strong></span> <span class='ocrx_word' id='word_1_499' title='bbox 2719 626 2928 692; x_wconf 91' lang='lat' dir='ltr'><strong>fuerat,</strong></span> <span class='ocrx_word' id='word_1_500' title='bbox 2956 632 3286 684; x_wconf 88' lang='lat' dir='ltr'><strong>consecravit</strong></span> <span class='ocrx_word' id='word_1_501' title='bbox 3322 642 3377 687; x_wconf 90' lang='lat' dir='ltr'><strong>et</strong></span> <span class='ocrx_word' id='word_1_502' title='bbox 3410 636 3699 703; x_wconf 78' lang='lat' dir='ltr'><strong>gratiarum</strong></span> 
     </span>
    </p>
   </div>
   <div class='ocr_carea' id='block_1_67' title="bbox 2108 717 3698 797">
    <p class='ocr_par' dir='ltr' id='par_1_67' title="bbox 2108 717 3698 797">
     <span class='ocr_line' id='line_1_67' title="bbox 2108 717 3698 797; baseline 0.007 -28"><span class='ocrx_word' id='word_1_503' title='bbox 2108 717 2368 770; x_wconf 82' lang='lat' dir='ltr'><strong>actionem</strong></span> <span class='ocrx_word' id='word_1_504' title='bbox 2401 732 2495 786; x_wconf 91' lang='lat' dir='ltr'><strong>pro</strong></span> <span class='ocrx_word' id='word_1_505' title='bbox 2517 718 2715 773; x_wconf 88' lang='lat' dir='ltr'><strong>viribus</strong></span> <span class='ocrx_word' id='word_1_506' title='bbox 2740 717 3046 776; x_wconf 88' lang='lat' dir='ltr'><strong>declaravit.</strong></span> <span class='ocrx_word' id='word_1_507' title='bbox 3076 722 3187 779; x_wconf 82' lang='lat' dir='ltr'><strong>Hoc</strong></span> <span class='ocrx_word' id='word_1_508' title='bbox 3207 725 3349 779; x_wconf 90' lang='lat' dir='ltr'><strong>enim</strong></span> <span class='ocrx_word' id='word_1_509' title='bbox 3376 726 3524 797; x_wconf 87' lang='lat' dir='ltr'><strong>quod</strong></span> <span class='ocrx_word' id='word_1_510' title='bbox 3555 727 3698 794; x_wconf 83' lang='lat' dir='ltr'><strong>dicit,</strong></span> 
     </span>
    </p>
   </div>
   <div class='ocr_carea' id='block_1_68' title="bbox 2108 805 3697 888">
    <p class='ocr_par' dir='ltr' id='par_1_68' title="bbox 2108 805 3697 888">
     <span class='ocr_line' id='line_1_68' title="bbox 2108 805 3697 888; baseline 0.009 -30"><span class='ocrx_word' id='word_1_511' title='bbox 2108 805 2371 860; x_wconf 72' lang='lat' dir='ltr'><strong>Exstruxit</strong></span> <span class='ocrx_word' id='word_1_512' title='bbox 2401 809 2579 875; x_wconf 87' lang='lat' dir='ltr'><strong>altare,</strong></span> <span class='ocrx_word' id='word_1_513' title='bbox 2600 809 2736 863; x_wconf 85' lang='lat' dir='ltr'><strong>idem</strong></span> <span class='ocrx_word' id='word_1_514' title='bbox 2768 820 2851 864; x_wconf 89' lang='lat' dir='ltr'><strong>est</strong></span> <span class='ocrx_word' id='word_1_515' title='bbox 2876 812 3015 882; x_wconf 92' lang='lat' dir='ltr'><strong>quod</strong></span> <span class='ocrx_word' id='word_1_516' title='bbox 3035 855 3050 881; x_wconf 89' lang='lat'><strong>,</strong></span> <span class='ocrx_word' id='word_1_517' title='bbox 3082 814 3293 871; x_wconf 86' lang='lat' dir='ltr'><strong>Gratias</strong></span> <span class='ocrx_word' id='word_1_518' title='bbox 3319 817 3385 872; x_wconf 91' lang='lat' dir='ltr'><strong>de</strong></span> <span class='ocrx_word' id='word_1_519' title='bbox 3421 821 3697 888; x_wconf 89' lang='lat' dir='ltr'><strong>promissis</strong></span> 
     </span>
    </p>
   </div>
   <div class='ocr_carea' id='block_1_69' title="bbox 2108 897 3698 974">
    <p class='ocr_par' dir='ltr' id='par_1_69' title="bbox 2108 897 3698 974">
     <span class='ocr_line' id='line_1_69' title="bbox 2108 897 3698 974; baseline 0.009 -26"><span class='ocrx_word' id='word_1_520' title='bbox 2108 898 2232 966; x_wconf 89' lang='lat' dir='ltr'><strong>egit.</strong></span> <span class='ocrx_word' id='word_1_521' title='bbox 2267 897 2333 951; x_wconf 84' lang='lat' dir='ltr'><strong>Et</strong></span> <span class='ocrx_word' id='word_1_522' title='bbox 2377 898 2513 952; x_wconf 88' lang='lat' dir='ltr'><strong>sicut</strong></span> <span class='ocrx_word' id='word_1_523' title='bbox 2541 898 2786 955; x_wconf 88' lang='lat' dir='ltr'><strong>homines</strong></span> <span class='ocrx_word' id='word_1_524' title='bbox 2819 918 3216 974; x_wconf 89' lang='lat' dir='ltr'><strong>nonnumquam</strong></span> <span class='ocrx_word' id='word_1_525' title='bbox 3248 908 3488 963; x_wconf 84' lang='lat' dir='ltr'><strong>amicitia</strong></span> <span class='ocrx_word' id='word_1_526' title='bbox 3528 922 3698 963; x_wconf 62' lang='lat' dir='ltr'><strong>movet</strong></span> 
     </span>
    </p>
   </div>
   <div class='ocr_carea' id='block_1_70' title="bbox 2109 987 3697 1065">
    <p class='ocr_par' dir='ltr' id='par_1_70' title="bbox 2109 987 3697 1065">
     <span class='ocr_line' id='line_1_70' title="bbox 2109 987 3697 1065; baseline 0.009 -26"><span class='ocrx_word' id='word_1_527' title='bbox 2109 996 2165 1040; x_wconf 92' lang='lat' dir='ltr'><strong>ut</strong></span> <span class='ocrx_word' id='word_1_528' title='bbox 2195 987 2263 1041; x_wconf 89' lang='lat' dir='ltr'><strong>ibi</strong></span> <span class='ocrx_word' id='word_1_529' title='bbox 2295 988 2481 1042; x_wconf 90' lang='lat' dir='ltr'><strong>domos</strong></span> <span class='ocrx_word' id='word_1_530' title='bbox 2507 989 2787 1055; x_wconf 65' lang='lat' dir='ltr'><strong>aediﬁcent,</strong></span> <span class='ocrx_word' id='word_1_531' title='bbox 2820 992 2908 1047; x_wconf 91' lang='lat' dir='ltr'><strong>ubi</strong></span> <span class='ocrx_word' id='word_1_532' title='bbox 2950 1009 3069 1048; x_wconf 90' lang='lat' dir='ltr'><strong>cum</strong></span> <span class='ocrx_word' id='word_1_533' title='bbox 3096 998 3365 1065; x_wconf 89' lang='lat' dir='ltr'><strong>germanis</strong></span> <span class='ocrx_word' id='word_1_534' title='bbox 3391 1010 3445 1054; x_wconf 89' lang='lat' dir='ltr'><strong>et</strong></span> <span class='ocrx_word' id='word_1_535' title='bbox 3478 999 3697 1054; x_wconf 84' lang='lat' dir='ltr'><strong>sinceris</strong></span> 
     </span>
    </p>
   </div>
   <div class='ocr_carea' id='block_1_71' title="bbox 2106 1078 3696 1161">
    <p class='ocr_par' dir='ltr' id='par_1_71' title="bbox 2106 1078 3696 1161">
     <span class='ocr_line' id='line_1_71' title="bbox 2106 1078 3696 1161; baseline 0.009 -31"><span class='ocrx_word' id='word_1_536' title='bbox 2106 1078 2292 1132; x_wconf 89' lang='lat' dir='ltr'><strong>amicis</strong></span> <span class='ocrx_word' id='word_1_537' title='bbox 2334 1091 2612 1134; x_wconf 86' lang='lat' dir='ltr'><strong>versantur</strong></span> <span class='ocrx_word' id='word_1_538' title='bbox 2650 1092 2705 1137; x_wconf 93' lang='lat' dir='ltr'><strong>et</strong></span> <span class='ocrx_word' id='word_1_539' title='bbox 2757 1084 3162 1154; x_wconf 89' lang='lat' dir='ltr'><strong>colloquuntur,</strong></span> <span class='ocrx_word' id='word_1_540' title='bbox 3198 1098 3251 1142; x_wconf 90' lang='lat' dir='ltr'><strong>et</strong></span> <span class='ocrx_word' id='word_1_541' title='bbox 3292 1090 3449 1144; x_wconf 88' lang='lat' dir='ltr'><strong>multi</strong></span> <span class='ocrx_word' id='word_1_542' title='bbox 3494 1106 3696 1161; x_wconf 74' lang='lat' dir='ltr'><strong>quoque</strong></span> 
     </span>
    </p>
   </div>
   <div class='ocr_carea' id='block_1_72' title="bbox 2106 1167 3696 1243">
    <p class='ocr_par' dir='ltr' id='par_1_72' title="bbox 2106 1167 3696 1243">
     <span class='ocr_line' id='line_1_72' title="bbox 2106 1167 3696 1243; baseline 0.009 -24"><span class='ocrx_word' id='word_1_543' title='bbox 2106 1181 2247 1235; x_wconf 74' lang='lat' dir='ltr'><strong>sape</strong></span> <span class='ocrx_word' id='word_1_544' title='bbox 2274 1167 2513 1222; x_wconf 81' lang='lat' dir='ltr'><strong>civitates</strong></span> <span class='ocrx_word' id='word_1_545' title='bbox 2535 1169 2691 1222; x_wconf 90' lang='lat' dir='ltr'><strong>etiam</strong></span> <span class='ocrx_word' id='word_1_546' title='bbox 2714 1170 3087 1240; x_wconf 88' lang='lat' dir='ltr'><strong>condiderunt,</strong></span> <span class='ocrx_word' id='word_1_547' title='bbox 3111 1175 3302 1243; x_wconf 92' lang='lat' dir='ltr'><strong>quibus</strong></span> <span class='ocrx_word' id='word_1_548' title='bbox 3323 1192 3390 1231; x_wconf 80' lang='lat' dir='ltr'><strong>ex</strong></span> <span class='ocrx_word' id='word_1_549' title='bbox 3414 1180 3696 1234; x_wconf 80' lang='lat' dir='ltr'><strong>occasione</strong></span> 
     </span>
    </p>
   </div>
   <div class='ocr_carea' id='block_1_73' title="bbox 2105 1263 3695 1343">
    <p class='ocr_par' dir='ltr' id='par_1_73' title="bbox 2105 1263 3695 1343">
     <span class='ocr_line' id='line_1_73' title="bbox 2105 1263 3695 1343; baseline 0.011 -33"><span class='ocrx_word' id='word_1_550' title='bbox 2105 1273 2424 1328; x_wconf 88' lang='lat' dir='ltr'><strong>congressus</strong></span> <span class='ocrx_word' id='word_1_551' title='bbox 2463 1275 2582 1314; x_wconf 92' lang='lat' dir='ltr'><strong>cum</strong></span> <span class='ocrx_word' id='word_1_552' title='bbox 2613 1263 2799 1318; x_wconf 89' lang='lat' dir='ltr'><strong>amicis</strong></span> <span class='ocrx_word' id='word_1_553' title='bbox 2835 1265 3047 1319; x_wconf 90' lang='lat' dir='ltr'><strong>nomina</strong></span> <span class='ocrx_word' id='word_1_554' title='bbox 3078 1265 3319 1324; x_wconf 89' lang='lat' dir='ltr'><strong>indidere</strong></span> <span class='ocrx_word' id='word_1_555' title='bbox 3348 1286 3363 1324; x_wconf 92' lang='lat'><strong>:</strong></span> <span class='ocrx_word' id='word_1_556' title='bbox 3394 1272 3471 1324; x_wconf 87' lang='lat' dir='ltr'><strong>ita</strong></span> <span class='ocrx_word' id='word_1_557' title='bbox 3516 1281 3576 1327; x_wconf 88' lang='lat' dir='ltr'><strong>et</strong></span> <span class='ocrx_word' id='word_1_558' title='bbox 3616 1274 3695 1343; x_wconf 84' lang='lat' dir='ltr'><strong>ju-</strong></span> 
     </span>
    </p>
   </div>
   <div class='ocr_carea' id='block_1_74' title="bbox 2105 1352 3695 1429">
    <p class='ocr_par' dir='ltr' id='par_1_74' title="bbox 2105 1352 3695 1429">
     <span class='ocr_line' id='line_1_74' title="bbox 2105 1352 3695 1429; baseline 0.007 -23"><span class='ocrx_word' id='word_1_559' title='bbox 2105 1360 2219 1406; x_wconf 90' lang='lat' dir='ltr'><strong>stus</strong></span> <span class='ocrx_word' id='word_1_560' title='bbox 2251 1352 2336 1406; x_wconf 91' lang='lat' dir='ltr'><strong>ille</strong></span> <span class='ocrx_word' id='word_1_561' title='bbox 2356 1394 2369 1415; x_wconf 93' lang='lat'><strong>,</strong></span> <span class='ocrx_word' id='word_1_562' title='bbox 2399 1352 2485 1407; x_wconf 92' lang='lat' dir='ltr'><strong>ubi</strong></span> <span class='ocrx_word' id='word_1_563' title='bbox 2522 1354 2777 1410; x_wconf 91' lang='lat' dir='ltr'><strong>visionem</strong></span> <span class='ocrx_word' id='word_1_564' title='bbox 2807 1356 2906 1412; x_wconf 90' lang='lat' dir='ltr'><strong>Dei</strong></span> <span class='ocrx_word' id='word_1_565' title='bbox 2942 1370 3259 1429; x_wconf 89' lang='lat' dir='ltr'><strong>assequutus</strong></span> <span class='ocrx_word' id='word_1_566' title='bbox 3288 1370 3407 1428; x_wconf 88' lang='lat' dir='ltr'><strong>est,</strong></span> <span class='ocrx_word' id='word_1_567' title='bbox 3436 1362 3695 1419; x_wconf 67' lang='grc' dir='ltr'><strong>Εαιηιτὶι</strong></span> 
     </span>
    </p>
   </div>
   <div class='ocr_carea' id='block_1_75' title="bbox 2104 1442 3692 1522">
    <p class='ocr_par' dir='ltr' id='par_1_75' title="bbox 2104 1442 3692 1522">
     <span class='ocr_line' id='line_1_75' title="bbox 2104 1442 3692 1522; baseline 0.009 -28"><span class='ocrx_word' id='word_1_568' title='bbox 2104 1442 2265 1496; x_wconf 89' lang='lat' dir='ltr'><strong>altare</strong></span> <span class='ocrx_word' id='word_1_569' title='bbox 2294 1442 2511 1498; x_wconf 87' lang='lat' dir='ltr'><strong>Domino</strong></span> <span class='ocrx_word' id='word_1_570' title='bbox 2534 1461 2678 1511; x_wconf 83' lang='lat' dir='ltr'><strong>quem</strong></span> <span class='ocrx_word' id='word_1_571' title='bbox 2711 1447 2919 1511; x_wconf 86' lang='lat' dir='ltr'><strong>viderat,</strong></span> <span class='ocrx_word' id='word_1_572' title='bbox 2947 1449 3001 1503; x_wconf 89' lang='lat'><strong>8.</strong></span> <span class='ocrx_word' id='word_1_573' title='bbox 3028 1459 3075 1504; x_wconf 85' lang='lat' dir='ltr'><strong>et</strong></span> <span class='ocrx_word' id='word_1_574' title='bbox 3112 1450 3340 1506; x_wconf 83' lang='lat' dir='ltr'><strong>discessit</strong></span> <span class='ocrx_word' id='word_1_575' title='bbox 3385 1455 3532 1509; x_wconf 87' lang='lat' dir='ltr'><strong>inde.</strong></span> <span class='ocrx_word' id='word_1_576' title='bbox 3564 1456 3692 1522; x_wconf 79' lang='lat' dir='ltr'><strong>Quid</strong></span> 
     </span>
    </p>
   </div>
   <div class='ocr_carea' id='block_1_76' title="bbox 2104 1535 3694 1607">
    <p class='ocr_par' dir='ltr' id='par_1_76' title="bbox 2104 1535 3694 1607">
     <span class='ocr_line' id='line_1_76' title="bbox 2104 1535 3694 1607; baseline 0.01 -19"><span class='ocrx_word' id='word_1_577' title='bbox 2104 1545 2206 1598; x_wconf 91' lang='lat' dir='ltr'><strong>est,</strong></span> <span class='ocrx_word' id='word_1_578' title='bbox 2241 1535 2306 1589; x_wconf 88' lang='lat' dir='ltr'><strong>Et</strong></span> <span class='ocrx_word' id='word_1_579' title='bbox 2333 1538 2557 1592; x_wconf 80' lang='lat' dir='ltr'><strong>discessit</strong></span> <span class='ocrx_word' id='word_1_580' title='bbox 2586 1540 2739 1594; x_wconf 87' lang='lat' dir='ltr'><strong>inde?</strong></span> <span class='ocrx_word' id='word_1_581' title='bbox 2762 1540 2894 1607; x_wconf 89' lang='lat' dir='ltr'><strong>Quia</strong></span> <span class='ocrx_word' id='word_1_582' title='bbox 2924 1542 3032 1597; x_wconf 90' lang='lat' dir='ltr'><strong>Deo</strong></span> <span class='ocrx_word' id='word_1_583' title='bbox 3062 1544 3209 1599; x_wconf 84' lang='lat' dir='ltr'><strong>locus</strong></span> <span class='ocrx_word' id='word_1_584' title='bbox 3236 1546 3325 1601; x_wconf 88' lang='lat' dir='ltr'><strong>ille</strong></span> <span class='ocrx_word' id='word_1_585' title='bbox 3349 1560 3694 1603; x_wconf 83' lang='lat' dir='ltr'><strong>consecratus</strong></span> 
     </span>
    </p>
   </div>
   <div class='ocr_carea' id='block_1_77' title="bbox 2104 1626 3694 1704">
    <p class='ocr_par' dir='ltr' id='par_1_77' title="bbox 2104 1626 3694 1704">
     <span class='ocr_line' id='line_1_77' title="bbox 2104 1626 3694 1704; baseline 0.009 -25"><span class='ocrx_word' id='word_1_586' title='bbox 2104 1636 2155 1679; x_wconf 90' lang='lat' dir='ltr'><strong>et</strong></span> <span class='ocrx_word' id='word_1_587' title='bbox 2185 1626 2292 1681; x_wconf 91' lang='lat' dir='ltr'><strong>Deo</strong></span> <span class='ocrx_word' id='word_1_588' title='bbox 2317 1630 2674 1685; x_wconf 88' lang='lat' dir='ltr'><strong>sanctiﬁcatus</strong></span> <span class='ocrx_word' id='word_1_589' title='bbox 2704 1640 2857 1696; x_wconf 89' lang='lat' dir='ltr'><strong>erat,</strong></span> <span class='ocrx_word' id='word_1_590' title='bbox 2887 1632 3123 1688; x_wconf 85' lang='lat' dir='ltr'><strong>Discessit</strong></span> <span class='ocrx_word' id='word_1_591' title='bbox 3156 1636 3307 1704; x_wconf 89' lang='lat' dir='ltr'><strong>inde,</strong></span> <span class='ocrx_word' id='word_1_592' title='bbox 3338 1648 3384 1692; x_wconf 87' lang='lat' dir='ltr'><strong>et</strong></span> <span class='ocrx_word' id='word_1_593' title='bbox 3416 1641 3622 1694; x_wconf 81' lang='lat' dir='ltr'><strong>transiit</strong></span> <span class='ocrx_word' id='word_1_594' title='bbox 3649 1643 3694 1694; x_wconf 75' lang='lat' dir='ltr'><strong>in</strong></span> 
     </span>
    </p>
   </div>
   <div class='ocr_carea' id='block_1_78' title="bbox 2104 1720 3693 1790">
    <p class='ocr_par' dir='ltr' id='par_1_78' title="bbox 2104 1720 3693 1790">
     <span class='ocr_line' id='line_1_78' title="bbox 2104 1720 3693 1790; baseline 0.008 -22"><span class='ocrx_word' id='word_1_595' title='bbox 2104 1727 2318 1772; x_wconf 87' lang='lat' dir='ltr'><strong>montem</strong></span> <span class='ocrx_word' id='word_1_596' title='bbox 2346 1736 2514 1774; x_wconf 82' lang='lat' dir='ltr'><strong>versus</strong></span> <span class='ocrx_word' id='word_1_597' title='bbox 2546 1720 2800 1775; x_wconf 83' lang='lat' dir='ltr'><strong>Orientem</strong></span> <span class='ocrx_word' id='word_1_598' title='bbox 2824 1722 3018 1790; x_wconf 84' lang='lat' dir='ltr'><strong>Betltel,</strong></span> <span class='ocrx_word' id='word_1_599' title='bbox 3049 1735 3095 1777; x_wconf 91' lang='lat' dir='ltr'><strong>et</strong></span> <span class='ocrx_word' id='word_1_600' title='bbox 3121 1727 3275 1780; x_wconf 77' lang='lat' dir='ltr'><strong>erexit</strong></span> <span class='ocrx_word' id='word_1_601' title='bbox 3302 1728 3372 1780; x_wconf 87' lang='lat' dir='ltr'><strong>ibi</strong></span> <span class='ocrx_word' id='word_1_602' title='bbox 3396 1730 3693 1783; x_wconf 73' lang='lat' dir='ltr'><strong>tabernacu-</strong></span> 
     </span>
    </p>
   </div>
   <div class='ocr_carea' id='block_1_79' title="bbox 2103 1809 3690 1887">
    <p class='ocr_par' dir='ltr' id='par_1_79' title="bbox 2103 1809 3690 1887">
     <span class='ocr_line' id='line_1_79' title="bbox 2103 1809 3690 1887; baseline 0.011 -26"><span class='ocrx_word' id='word_1_603' title='bbox 2103 1809 2208 1861; x_wconf 88' lang='lat' dir='ltr'><strong>lum</strong></span> <span class='ocrx_word' id='word_1_604' title='bbox 2254 1828 2401 1864; x_wconf 86' lang='lat' dir='ltr'><strong>suum</strong></span> <span class='ocrx_word' id='word_1_605' title='bbox 2428 1827 2446 1864; x_wconf 92' lang='lat'><strong><em>:</em></strong></span> <span class='ocrx_word' id='word_1_606' title='bbox 2478 1814 2910 1880; x_wconf 88' lang='lat' dir='ltr'><strong>tumultuarium,</strong></span> <span class='ocrx_word' id='word_1_607' title='bbox 2938 1816 3141 1887; x_wconf 89' lang='lat' dir='ltr'><strong>inquit,</strong></span> <span class='ocrx_word' id='word_1_608' title='bbox 3182 1819 3513 1877; x_wconf 85' lang='lat' dir='ltr'><strong>domicilium</strong></span> <span class='ocrx_word' id='word_1_609' title='bbox 3554 1822 3690 1878; x_wconf 86' lang='lat' dir='ltr'><strong>fecit.</strong></span> 
     </span>
    </p>
   </div>
   <div class='ocr_carea' id='block_1_80' title="bbox 2108 1899 3691 1984">
    <p class='ocr_par' dir='ltr' id='par_1_80' title="bbox 2108 1899 3691 1984">
     <span class='ocr_line' id='line_1_80' title="bbox 2108 1899 3691 1984; baseline 0.008 -32"><span class='ocrx_word' id='word_1_610' title='bbox 2108 1899 2234 1954; x_wconf 85' lang='lat' dir='ltr'><strong>Vide</strong></span> <span class='ocrx_word' id='word_1_611' title='bbox 2256 1903 2523 1971; x_wconf 91' lang='lat' dir='ltr'><strong>quomodo</strong></span> <span class='ocrx_word' id='word_1_612' title='bbox 2549 1914 2664 1959; x_wconf 88' lang='lat' dir='ltr'><strong>erat</strong></span> <span class='ocrx_word' id='word_1_613' title='bbox 2687 1906 2939 1976; x_wconf 87' lang='lat' dir='ltr'><strong>frugalis,</strong></span> <span class='ocrx_word' id='word_1_614' title='bbox 2968 1917 3021 1961; x_wconf 90' lang='lat' dir='ltr'><strong>et</strong></span> <span class='ocrx_word' id='word_1_615' title='bbox 3059 1908 3236 1963; x_wconf 78' lang='lat' dir='ltr'><strong>luxum</strong></span> <span class='ocrx_word' id='word_1_616' title='bbox 3268 1911 3531 1983; x_wconf 77' lang='lat' dir='ltr'><strong>fugiebat,</strong></span> <span class='ocrx_word' id='word_1_617' title='bbox 3564 1932 3691 1984; x_wconf 86' lang='lat' dir='ltr'><strong>qun-</strong></span> 
     </span>
    </p>
   </div>
   <div class='ocr_carea' id='block_1_81' title="bbox 2103 1992 3691 2064">
    <p class='ocr_par' dir='ltr' id='par_1_81' title="bbox 2103 1992 3691 2064">
     <span class='ocr_line' id='line_1_81' title="bbox 2103 1992 3691 2064; baseline 0.011 -21"><span class='ocrx_word' id='word_1_618' title='bbox 2103 1992 2261 2045; x_wconf 89' lang='lat' dir='ltr'><strong>modo</strong></span> <span class='ocrx_word' id='word_1_619' title='bbox 2281 2003 2384 2047; x_wconf 91' lang='lat' dir='ltr'><strong>tam</strong></span> <span class='ocrx_word' id='word_1_620' title='bbox 2413 1996 2710 2064; x_wconf 83' lang='lat' dir='ltr'><strong>expeditus,</strong></span> <span class='ocrx_word' id='word_1_621' title='bbox 2738 2006 2793 2051; x_wconf 92' lang='lat' dir='ltr'><strong>ut</strong></span> <span class='ocrx_word' id='word_1_622' title='bbox 2823 2014 2942 2052; x_wconf 91' lang='lat' dir='ltr'><strong>cum</strong></span> <span class='ocrx_word' id='word_1_623' title='bbox 2971 2015 3135 2054; x_wconf 84' lang='lat' dir='ltr'><strong>uxore</strong></span> <span class='ocrx_word' id='word_1_624' title='bbox 3168 2011 3223 2056; x_wconf 93' lang='lat' dir='ltr'><strong>et</strong></span> <span class='ocrx_word' id='word_1_625' title='bbox 3249 2001 3463 2059; x_wconf 80' lang='lat' dir='ltr'><strong>famulis</strong></span> <span class='ocrx_word' id='word_1_626' title='bbox 3492 2015 3601 2059; x_wconf 90' lang='lat' dir='ltr'><strong>tam</strong></span> <span class='ocrx_word' id='word_1_627' title='bbox 3625 2008 3691 2061; x_wconf 83' lang='lat' dir='ltr'><strong>fa-</strong></span> 
     </span>
    </p>
   </div>
   <div class='ocr_carea' id='block_1_82' title="bbox 2102 2084 3691 2156">
    <p class='ocr_par' dir='ltr' id='par_1_82' title="bbox 2102 2084 3691 2156">
     <span class='ocr_line' id='line_1_82' title="bbox 2102 2084 3691 2156; baseline 0.01 -21"><span class='ocrx_word' id='word_1_628' title='bbox 2102 2084 2202 2139; x_wconf 83' lang='lat' dir='ltr'><strong>cile</strong></span> <span class='ocrx_word' id='word_1_629' title='bbox 2240 2086 2511 2156; x_wconf 86' lang='lat' dir='ltr'><strong>migraret.</strong></span> <span class='ocrx_word' id='word_1_630' title='bbox 2553 2088 2784 2143; x_wconf 88' lang='lat' dir='ltr'><strong>Audiant</strong></span> <span class='ocrx_word' id='word_1_631' title='bbox 2812 2089 2949 2155; x_wconf 80' lang='lat' dir='ltr'><strong>viri,</strong></span> <span class='ocrx_word' id='word_1_632' title='bbox 2996 2091 3215 2149; x_wconf 87' lang='lat' dir='ltr'><strong>audiant</strong></span> <span class='ocrx_word' id='word_1_633' title='bbox 3255 2096 3535 2151; x_wconf 88' lang='lat' dir='ltr'><strong>mulieres.</strong></span> <span class='ocrx_word' id='word_1_634' title='bbox 3567 2098 3691 2151; x_wconf 76' lang='lat' dir='ltr'><strong>Nam</strong></span> 
     </span>
    </p>
   </div>
   <div class='ocr_carea' id='block_1_83' title="bbox 2102 2176 3689 2255">
    <p class='ocr_par' dir='ltr' id='par_1_83' title="bbox 2102 2176 3689 2255">
     <span class='ocr_line' id='line_1_83' title="bbox 2102 2176 3689 2255; baseline 0.009 -28"><span class='ocrx_word' id='word_1_635' title='bbox 2102 2188 2242 2243; x_wconf 83' lang='lat' dir='ltr'><strong>saepe</strong></span> <span class='ocrx_word' id='word_1_636' title='bbox 2270 2176 2319 2229; x_wconf 94' lang='lat' dir='ltr'><strong>in</strong></span> <span class='ocrx_word' id='word_1_637' title='bbox 2344 2178 2517 2231; x_wconf 88' lang='lat' dir='ltr'><strong>villam</strong></span> <span class='ocrx_word' id='word_1_638' title='bbox 2538 2187 2741 2233; x_wconf 89' lang='lat' dir='ltr'><strong>tantum</strong></span> <span class='ocrx_word' id='word_1_639' title='bbox 2770 2180 2919 2235; x_wconf 79' lang='lat' dir='ltr'><strong>exire</strong></span> <span class='ocrx_word' id='word_1_640' title='bbox 2943 2181 3200 2249; x_wconf 90' lang='lat' dir='ltr'><strong>volentes,</strong></span> <span class='ocrx_word' id='word_1_641' title='bbox 3224 2186 3388 2239; x_wconf 86' lang='lat' dir='ltr'><strong>multa</strong></span> <span class='ocrx_word' id='word_1_642' title='bbox 3422 2188 3689 2255; x_wconf 88' lang='lat' dir='ltr'><strong>molimur,</strong></span> 
     </span>
    </p>
   </div>
   <div class='ocr_carea' id='block_1_84' title="bbox 2105 2264 3687 2344">
    <p class='ocr_par' dir='ltr' id='par_1_84' title="bbox 2105 2264 3687 2344">
     <span class='ocr_line' id='line_1_84' title="bbox 2105 2264 3687 2344; baseline 0.011 -28"><span class='ocrx_word' id='word_1_643' title='bbox 2105 2264 2365 2334; x_wconf 89' lang='lat' dir='ltr'><strong>valdeque</strong></span> <span class='ocrx_word' id='word_1_644' title='bbox 2393 2270 2632 2338; x_wconf 90' lang='lat' dir='ltr'><strong>occupati</strong></span> <span class='ocrx_word' id='word_1_645' title='bbox 2662 2283 2865 2335; x_wconf 84' lang='lat' dir='ltr'><strong>sumus,</strong></span> <span class='ocrx_word' id='word_1_646' title='bbox 2890 2286 2957 2328; x_wconf 90' lang='lat' dir='ltr'><strong>eo</strong></span> <span class='ocrx_word' id='word_1_647' title='bbox 2980 2274 3120 2342; x_wconf 91' lang='lat' dir='ltr'><strong>quod</strong></span> <span class='ocrx_word' id='word_1_648' title='bbox 3152 2274 3373 2344; x_wconf 89' lang='lat' dir='ltr'><strong>plurima</strong></span> <span class='ocrx_word' id='word_1_649' title='bbox 3412 2278 3687 2333; x_wconf 86' lang='lat' dir='ltr'><strong>nobiscum</strong></span> 
     </span>
    </p>
   </div>
   <div class='ocr_carea' id='block_1_85' title="bbox 2102 2355 3691 2433">
    <p class='ocr_par' dir='ltr' id='par_1_85' title="bbox 2102 2355 3691 2433">
     <span class='ocr_line' id='line_1_85' title="bbox 2102 2355 3691 2433; baseline 0.013 -26"><span class='ocrx_word' id='word_1_650' title='bbox 2102 2355 2393 2420; x_wconf 87' lang='lat' dir='ltr'><strong>trabamus,</strong></span> <span class='ocrx_word' id='word_1_651' title='bbox 2422 2376 2539 2427; x_wconf 75' lang='lat' dir='ltr'><strong>qua:</strong></span> <span class='ocrx_word' id='word_1_652' title='bbox 2569 2377 2671 2414; x_wconf 91' lang='lat' dir='ltr'><strong>non</strong></span> <span class='ocrx_word' id='word_1_653' title='bbox 2698 2362 2868 2416; x_wconf 93' lang='lat' dir='ltr'><strong>solum</strong></span> <span class='ocrx_word' id='word_1_654' title='bbox 2896 2380 3001 2418; x_wconf 89' lang='lat' dir='ltr'><strong>non</strong></span> <span class='ocrx_word' id='word_1_655' title='bbox 3030 2374 3155 2420; x_wconf 91' lang='lat' dir='ltr'><strong>sunt</strong></span> <span class='ocrx_word' id='word_1_656' title='bbox 3180 2368 3333 2422; x_wconf 88' lang='lat' dir='ltr'><strong>nobis</strong></span> <span class='ocrx_word' id='word_1_657' title='bbox 3354 2370 3498 2433; x_wconf 90' lang='lat' dir='ltr'><strong>usui,</strong></span> <span class='ocrx_word' id='word_1_658' title='bbox 3528 2372 3623 2425; x_wconf 88' lang='lat' dir='ltr'><strong>sed</strong></span> <span class='ocrx_word' id='word_1_659' title='bbox 3643 2385 3691 2427; x_wconf 77' lang='lat' dir='ltr'><strong>ct</strong></span> 
     </span>
    </p>
   </div>
   <div class='ocr_carea' id='block_1_86' title="bbox 2100 2453 3691 2531">
    <p class='ocr_par' dir='ltr' id='par_1_86' title="bbox 2100 2453 3691 2531">
     <span class='ocr_line' id='line_1_86' title="bbox 2100 2453 3691 2531; baseline 0.011 -32"><span class='ocrx_word' id='word_1_660' title='bbox 2100 2461 2491 2515; x_wconf 80' lang='lat' dir='ltr'><strong>supervacanea</strong></span> <span class='ocrx_word' id='word_1_661' title='bbox 2513 2493 2526 2515; x_wconf 93' lang='lat'><strong>,</strong></span> <span class='ocrx_word' id='word_1_662' title='bbox 2550 2460 2605 2505; x_wconf 91' lang='lat' dir='ltr'><strong>et</strong></span> <span class='ocrx_word' id='word_1_663' title='bbox 2634 2453 2834 2507; x_wconf 88' lang='lat' dir='ltr'><strong>inutilia</strong></span> <span class='ocrx_word' id='word_1_664' title='bbox 2856 2496 2872 2520; x_wconf 94' lang='lat'><strong>,</strong></span> <span class='ocrx_word' id='word_1_665' title='bbox 2902 2464 2955 2509; x_wconf 91' lang='lat' dir='ltr'><strong>et</strong></span> <span class='ocrx_word' id='word_1_666' title='bbox 2984 2472 3187 2525; x_wconf 74' lang='lat' dir='ltr'><strong>pompm</strong></span> <span class='ocrx_word' id='word_1_667' title='bbox 3216 2460 3382 2528; x_wconf 91' lang='lat' dir='ltr'><strong>gratia</strong></span> <span class='ocrx_word' id='word_1_668' title='bbox 3414 2474 3691 2531; x_wconf 83' lang='lat' dir='ltr'><strong>apparata,</strong></span> 
     </span>
    </p>
   </div>
   <div class='ocr_carea' id='block_1_87' title="bbox 2100 2541 3692 2624">
    <p class='ocr_par' dir='ltr' id='par_1_87' title="bbox 2100 2541 3692 2624">
     <span class='ocr_line' id='line_1_87' title="bbox 2100 2541 3692 2624; baseline 0.011 -32"><span class='ocrx_word' id='word_1_669' title='bbox 2100 2554 2219 2608; x_wconf 79' lang='lat' dir='ltr'><strong>qua:</strong></span> <span class='ocrx_word' id='word_1_670' title='bbox 2246 2541 2516 2595; x_wconf 88' lang='lat' dir='ltr'><strong>nobiscum</strong></span> <span class='ocrx_word' id='word_1_671' title='bbox 2548 2542 2788 2598; x_wconf 89' lang='lat' dir='ltr'><strong>ducimus</strong></span> <span class='ocrx_word' id='word_1_672' title='bbox 2830 2556 2881 2600; x_wconf 93' lang='lat' dir='ltr'><strong>et</strong></span> <span class='ocrx_word' id='word_1_673' title='bbox 2910 2548 3350 2604; x_wconf 82' lang='lat' dir='ltr'><strong>circumfcrintus.</strong></span> <span class='ocrx_word' id='word_1_674' title='bbox 3380 2552 3584 2607; x_wconf 84' lang='lat' dir='ltr'><strong>Verum</strong></span> <span class='ocrx_word' id='word_1_675' title='bbox 3605 2556 3692 2624; x_wconf 86' lang='lat' dir='ltr'><strong>ju-</strong></span> 
     </span>
    </p>
   </div>
   <div class='ocr_carea' id='block_1_88' title="bbox 2100 2631 3691 2711">
    <p class='ocr_par' dir='ltr' id='par_1_88' title="bbox 2100 2631 3691 2711">
     <span class='ocr_line' id='line_1_88' title="bbox 2100 2631 3691 2711; baseline 0.011 -28"><span class='ocrx_word' id='word_1_676' title='bbox 2100 2639 2212 2684; x_wconf 90' lang='lat' dir='ltr'><strong>stus</strong></span> <span class='ocrx_word' id='word_1_677' title='bbox 2242 2631 2331 2686; x_wconf 91' lang='lat' dir='ltr'><strong>ille</strong></span> <span class='ocrx_word' id='word_1_678' title='bbox 2373 2646 2479 2685; x_wconf 89' lang='lat' dir='ltr'><strong>non</strong></span> <span class='ocrx_word' id='word_1_679' title='bbox 2514 2632 2591 2687; x_wconf 92' lang='lat' dir='ltr'><strong>sic</strong></span> <span class='ocrx_word' id='word_1_680' title='bbox 2619 2634 2757 2703; x_wconf 85' lang='lat' dir='ltr'><strong>egit;</strong></span> <span class='ocrx_word' id='word_1_681' title='bbox 2784 2636 2877 2689; x_wconf 88' lang='lat' dir='ltr'><strong>sed</strong></span> <span class='ocrx_word' id='word_1_682' title='bbox 2905 2638 3026 2707; x_wconf 91' lang='lat' dir='ltr'><strong>quia</strong></span> <span class='ocrx_word' id='word_1_683' title='bbox 3056 2638 3313 2695; x_wconf 85' lang='lat' dir='ltr'><strong>Dominus</strong></span> <span class='ocrx_word' id='word_1_684' title='bbox 3332 2641 3587 2711; x_wconf 85' lang='lat' dir='ltr'><strong>dignatus</strong></span> <span class='ocrx_word' id='word_1_685' title='bbox 3615 2657 3691 2699; x_wconf 82' lang='lat' dir='ltr'><strong>est</strong></span> 
     </span>
    </p>
   </div>
   <div class='ocr_carea' id='block_1_89' title="bbox 2098 2723 3690 2803">
    <p class='ocr_par' dir='ltr' id='par_1_89' title="bbox 2098 2723 3690 2803">
     <span class='ocr_line' id='line_1_89' title="bbox 2098 2723 3690 2803; baseline 0.01 -27"><span class='ocrx_word' id='word_1_686' title='bbox 2098 2738 2217 2777; x_wconf 90' lang='lat' dir='ltr'><strong>cum</strong></span> <span class='ocrx_word' id='word_1_687' title='bbox 2250 2723 2365 2793; x_wconf 90' lang='lat' dir='ltr'><strong>ipso</strong></span> <span class='ocrx_word' id='word_1_688' title='bbox 2395 2725 2716 2796; x_wconf 80' lang='lat' dir='ltr'><strong>colloquium</strong></span> <span class='ocrx_word' id='word_1_689' title='bbox 2747 2728 2972 2794; x_wconf 89' lang='lat' dir='ltr'><strong>habere,</strong></span> <span class='ocrx_word' id='word_1_690' title='bbox 3007 2731 3179 2785; x_wconf 91' lang='lat' dir='ltr'><strong>locum</strong></span> <span class='ocrx_word' id='word_1_691' title='bbox 3205 2738 3581 2803; x_wconf 87' lang='lat' dir='ltr'><strong>consecravit,</strong></span> <span class='ocrx_word' id='word_1_692' title='bbox 3613 2741 3690 2791; x_wconf 85' lang='lat' dir='ltr'><strong>al-</strong></span> 
     </span>
    </p>
   </div>
   <div class='ocr_carea' id='block_1_90' title="bbox 2102 2817 3688 2895">
    <p class='ocr_par' dir='ltr' id='par_1_90' title="bbox 2102 2817 3688 2895">
     <span class='ocr_line' id='line_1_90' title="bbox 2102 2817 3688 2895; baseline 0.011 -30"><span class='ocrx_word' id='word_1_693' title='bbox 2102 2822 2215 2868; x_wconf 87' lang='lat' dir='ltr'><strong>tare</strong></span> <span class='ocrx_word' id='word_1_694' title='bbox 2252 2817 2546 2879; x_wconf 80' lang='lat' dir='ltr'><strong>exstruxit,</strong></span> <span class='ocrx_word' id='word_1_695' title='bbox 2574 2832 2637 2873; x_wconf 91' lang='lat' dir='ltr'><strong>ac</strong></span> <span class='ocrx_word' id='word_1_696' title='bbox 2682 2834 2868 2888; x_wconf 87' lang='lat' dir='ltr'><strong>magna</strong></span> <span class='ocrx_word' id='word_1_697' title='bbox 2902 2818 3152 2876; x_wconf 87' lang='lat' dir='ltr'><strong>facilitate</strong></span> <span class='ocrx_word' id='word_1_698' title='bbox 3181 2824 3286 2877; x_wconf 91' lang='lat' dir='ltr'><strong>alio</strong></span> <span class='ocrx_word' id='word_1_699' title='bbox 3334 2825 3609 2895; x_wconf 85' lang='lat' dir='ltr'><strong>migravit.</strong></span> <span class='ocrx_word' id='word_1_700' title='bbox 3638 2829 3688 2882; x_wconf 83' lang='lat'><strong>8.</strong></span> 
     </span>
    </p>
   </div>
   <div class='ocr_carea' id='block_1_91' title="bbox 2099 2902 3691 2986">
    <p class='ocr_par' dir='ltr' id='par_1_91' title="bbox 2099 2902 3691 2986">
     <span class='ocr_line' id='line_1_91' title="bbox 2099 2902 3691 2986; baseline 0.009 -30"><span class='ocrx_word' id='word_1_701' title='bbox 2099 2902 2169 2957; x_wconf 88' lang='lat' dir='ltr'><strong>Et</strong></span> <span class='ocrx_word' id='word_1_702' title='bbox 2189 2907 2345 2960; x_wconf 76' lang='lat' dir='ltr'><strong>erexit</strong></span> <span class='ocrx_word' id='word_1_703' title='bbox 2371 2908 2475 2961; x_wconf 86' lang='lat' dir='ltr'><strong>illic</strong></span> <span class='ocrx_word' id='word_1_704' title='bbox 2501 2908 2875 2963; x_wconf 84' lang='lat' dir='ltr'><strong>tabernaculum</strong></span> <span class='ocrx_word' id='word_1_705' title='bbox 2900 2928 3046 2965; x_wconf 86' lang='lat' dir='ltr'><strong>suum</strong></span> <span class='ocrx_word' id='word_1_706' title='bbox 3074 2914 3124 2966; x_wconf 89' lang='lat' dir='ltr'><strong>in</strong></span> <span class='ocrx_word' id='word_1_707' title='bbox 3162 2912 3337 2969; x_wconf 85' lang='lat' dir='ltr'><strong>Bethel</strong></span> <span class='ocrx_word' id='word_1_708' title='bbox 3365 2918 3528 2986; x_wconf 78' lang='lat' dir='ltr'><strong>juxta</strong></span> <span class='ocrx_word' id='word_1_709' title='bbox 3558 2937 3691 2972; x_wconf 83' lang='lat' dir='ltr'><strong>mare</strong></span> 
     </span>
    </p>
   </div>
   <div class='ocr_carea' id='block_1_92' title="bbox 2099 2998 3691 3077">
    <p class='ocr_par' dir='ltr' id='par_1_92' title="bbox 2099 2998 3691 3077">
     <span class='ocr_line' id='line_1_92' title="bbox 2099 2998 3691 3077; baseline 0.008 -26"><span class='ocrx_word' id='word_1_710' title='bbox 2099 3006 2145 3051; x_wconf 87' lang='lat' dir='ltr'><strong>et</strong></span> <span class='ocrx_word' id='word_1_711' title='bbox 2176 2998 2345 3069; x_wconf 70' lang='lat' dir='ltr'><strong>Aggte,</strong></span> <span class='ocrx_word' id='word_1_712' title='bbox 2367 3016 2535 3054; x_wconf 87' lang='lat' dir='ltr'><strong>versus</strong></span> <span class='ocrx_word' id='word_1_713' title='bbox 2563 3000 2836 3055; x_wconf 86' lang='lat' dir='ltr'><strong>Orientem.</strong></span> <span class='ocrx_word' id='word_1_714' title='bbox 2872 3003 2933 3056; x_wconf 83' lang='lat' dir='ltr'><strong>Et</strong></span> <span class='ocrx_word' id='word_1_715' title='bbox 2962 3005 3253 3074; x_wconf 78' lang='lat' dir='ltr'><strong>wdi/icavit,</strong></span> <span class='ocrx_word' id='word_1_716' title='bbox 3289 3009 3480 3077; x_wconf 88' lang='lat' dir='ltr'><strong>inquit,</strong></span> <span class='ocrx_word' id='word_1_717' title='bbox 3513 3012 3584 3063; x_wconf 86' lang='lat' dir='ltr'><strong>ibi</strong></span> <span class='ocrx_word' id='word_1_718' title='bbox 3620 3012 3691 3063; x_wconf 85' lang='lat' dir='ltr'><strong>al-</strong></span> 
     </span>
    </p>
   </div>
   <div class='ocr_carea' id='block_1_93' title="bbox 2100 3090 3691 3173">
    <p class='ocr_par' dir='ltr' id='par_1_93' title="bbox 2100 3090 3691 3173">
     <span class='ocr_line' id='line_1_93' title="bbox 2100 3090 3691 3173; baseline 0.009 -30"><span class='ocrx_word' id='word_1_719' title='bbox 2100 3100 2207 3143; x_wconf 85' lang='lat' dir='ltr'><strong>tare</strong></span> <span class='ocrx_word' id='word_1_720' title='bbox 2235 3090 2473 3155; x_wconf 86' lang='lat' dir='ltr'><strong>Domino,</strong></span> <span class='ocrx_word' id='word_1_721' title='bbox 2505 3103 2549 3146; x_wconf 87' lang='lat' dir='ltr'><strong>et</strong></span> <span class='ocrx_word' id='word_1_722' title='bbox 2577 3093 2820 3147; x_wconf 73' lang='lat' dir='ltr'><strong>invocavit</strong></span> <span class='ocrx_word' id='word_1_723' title='bbox 2846 3096 2897 3149; x_wconf 88' lang='lat' dir='ltr'><strong>in</strong></span> <span class='ocrx_word' id='word_1_724' title='bbox 2919 3098 3119 3152; x_wconf 85' lang='lat' dir='ltr'><strong>nomine</strong></span> <span class='ocrx_word' id='word_1_725' title='bbox 3146 3096 3371 3153; x_wconf 86' lang='lat' dir='ltr'><strong>Domini.</strong></span> <span class='ocrx_word' id='word_1_726' title='bbox 3401 3102 3538 3156; x_wconf 65' lang='lat' dir='ltr'><strong>\‘ide</strong></span> <span class='ocrx_word' id='word_1_727' title='bbox 3562 3119 3691 3173; x_wconf 51' lang='lat' dir='ltr'><strong>quo.</strong></span> 
     </span>
    </p>
   </div>
   <div class='ocr_carea' id='block_1_94' title="bbox 2100 3180 3692 3259">
    <p class='ocr_par' dir='ltr' id='par_1_94' title="bbox 2100 3180 3692 3259">
     <span class='ocr_line' id='line_1_94' title="bbox 2100 3180 3692 3259; baseline 0.009 -25"><span class='ocrx_word' id='word_1_728' title='bbox 2100 3180 2260 3235; x_wconf 91' lang='lat' dir='ltr'><strong>modo</strong></span> <span class='ocrx_word' id='word_1_729' title='bbox 2288 3198 2380 3251; x_wconf 90' lang='lat' dir='ltr'><strong>per</strong></span> <span class='ocrx_word' id='word_1_730' title='bbox 2405 3182 2583 3237; x_wconf 88' lang='lat' dir='ltr'><strong>omnia</strong></span> <span class='ocrx_word' id='word_1_731' title='bbox 2614 3184 2915 3254; x_wconf 84' lang='lat' dir='ltr'><strong>religiosam</strong></span> <span class='ocrx_word' id='word_1_732' title='bbox 2942 3199 3172 3243; x_wconf 90' lang='lat' dir='ltr'><strong>mentem</strong></span> <span class='ocrx_word' id='word_1_733' title='bbox 3202 3206 3307 3259; x_wconf 71' lang='lat' dir='ltr'><strong>pne</strong></span> <span class='ocrx_word' id='word_1_734' title='bbox 3340 3206 3403 3246; x_wconf 92' lang='lat' dir='ltr'><strong>se</strong></span> <span class='ocrx_word' id='word_1_735' title='bbox 3432 3193 3560 3246; x_wconf 87' lang='lat' dir='ltr'><strong>fert.</strong></span> <span class='ocrx_word' id='word_1_736' title='bbox 3588 3193 3692 3249; x_wconf 71' lang='lat' dir='ltr'><strong>l;l7c</strong></span> 
     </span>
    </p>
   </div>
   <div class='ocr_carea' id='block_1_95' title="bbox 2098 3272 3693 3341">
    <p class='ocr_par' dir='ltr' id='par_1_95' title="bbox 2098 3272 3693 3341">
     <span class='ocr_line' id='line_1_95' title="bbox 2098 3272 3693 3341; baseline 0.009 -16"><span class='ocrx_word' id='word_1_737' title='bbox 2098 3272 2239 3325; x_wconf 90' lang='lat' dir='ltr'><strong>enim</strong></span> <span class='ocrx_word' id='word_1_738' title='bbox 2280 3272 2349 3325; x_wconf 91' lang='lat' dir='ltr'><strong>ob</strong></span> <span class='ocrx_word' id='word_1_739' title='bbox 2393 3274 2798 3341; x_wconf 90' lang='lat' dir='ltr'><strong>promissionem</strong></span> <span class='ocrx_word' id='word_1_740' title='bbox 2840 3276 2942 3330; x_wconf 92' lang='lat' dir='ltr'><strong>sibi</strong></span> <span class='ocrx_word' id='word_1_741' title='bbox 2982 3294 3011 3329; x_wconf 92' lang='lat' dir='ltr'><strong>a</strong></span> <span class='ocrx_word' id='word_1_742' title='bbox 3055 3279 3163 3333; x_wconf 92' lang='lat' dir='ltr'><strong>Deo</strong></span> <span class='ocrx_word' id='word_1_743' title='bbox 3206 3280 3396 3335; x_wconf 87' lang='lat' dir='ltr'><strong>faetam</strong></span> <span class='ocrx_word' id='word_1_744' title='bbox 3425 3299 3693 3339; x_wconf 69' lang='lat' dir='ltr'><strong>aramu-</strong></span> 
     </span>
    </p>
   </div>
   <div class='ocr_carea' id='block_1_96' title="bbox 2097 3363 3691 3446">
    <p class='ocr_par' dir='ltr' id='par_1_96' title="bbox 2097 3363 3691 3446">
     <span class='ocr_line' id='line_1_96' title="bbox 2097 3363 3691 3446; baseline 0.008 -29"><span class='ocrx_word' id='word_1_745' title='bbox 2097 3363 2325 3427; x_wconf 75' lang='lat' dir='ltr'><strong>struxit,</strong></span> <span class='ocrx_word' id='word_1_746' title='bbox 2352 3371 2407 3417; x_wconf 90' lang='lat' dir='ltr'><strong>et</strong></span> <span class='ocrx_word' id='word_1_747' title='bbox 2435 3363 2551 3419; x_wconf 89' lang='lat' dir='ltr'><strong>loco</strong></span> <span class='ocrx_word' id='word_1_748' title='bbox 2580 3373 2890 3420; x_wconf 88' lang='lat' dir='ltr'><strong>consecrato</strong></span> <span class='ocrx_word' id='word_1_749' title='bbox 2915 3367 3158 3423; x_wconf 86' lang='lat' dir='ltr'><strong>discessit</strong></span> <span class='ocrx_word' id='word_1_750' title='bbox 3191 3389 3203 3424; x_wconf 94' lang='lat'>:</span> <span class='ocrx_word' id='word_1_751' title='bbox 3234 3371 3316 3426; x_wconf 91' lang='lat' dir='ltr'><strong>hic</strong></span> <span class='ocrx_word' id='word_1_752' title='bbox 3341 3383 3527 3428; x_wconf 86' lang='lat' dir='ltr'><strong>autem</strong></span> <span class='ocrx_word' id='word_1_753' title='bbox 3569 3379 3691 3446; x_wconf 85' lang='lat' dir='ltr'><strong>quia</strong></span> 
     </span>
    </p>
   </div>
   <div class='ocr_carea' id='block_1_97' title="bbox 2100 3456 3692 3538">
    <p class='ocr_par' dir='ltr' id='par_1_97' title="bbox 2100 3456 3692 3538">
     <span class='ocr_line' id='line_1_97' title="bbox 2100 3456 3692 3538; baseline 0.008 -29"><span class='ocrx_word' id='word_1_754' title='bbox 2100 3456 2502 3512; x_wconf 87' lang='lat' dir='ltr'><strong>tabernaculum</strong></span> <span class='ocrx_word' id='word_1_755' title='bbox 2558 3460 2785 3525; x_wconf 79' lang='lat' dir='ltr'><strong>ﬁxerat,</strong></span> <span class='ocrx_word' id='word_1_756' title='bbox 2836 3460 3028 3515; x_wconf 90' lang='lat' dir='ltr'><strong>iterum</strong></span> <span class='ocrx_word' id='word_1_757' title='bbox 3077 3462 3413 3532; x_wconf 63' lang='lat' dir='ltr'><strong>zEdi/icavit,</strong></span> <span class='ocrx_word' id='word_1_758' title='bbox 3488 3468 3692 3538; x_wconf 90' lang='lat' dir='ltr'><strong>inquit,</strong></span> 
     </span>
    </p>
   </div>
   <div class='ocr_carea' id='block_1_98' title="bbox 2094 3548 3692 3618">
    <p class='ocr_par' dir='ltr' id='par_1_98' title="bbox 2094 3548 3692 3618">
     <span class='ocr_line' id='line_1_98' title="bbox 2094 3548 3692 3618; baseline 0.009 -19"><span class='ocrx_word' id='word_1_759' title='bbox 2094 3548 2257 3601; x_wconf 77' lang='lat' dir='ltr'><strong>altare</strong></span> <span class='ocrx_word' id='word_1_760' title='bbox 2325 3548 2583 3618; x_wconf 87' lang='lat' dir='ltr'><strong>Domino,</strong></span> <span class='ocrx_word' id='word_1_761' title='bbox 2656 3561 2703 3605; x_wconf 82' lang='lat' dir='ltr'><strong>et</strong></span> <span class='ocrx_word' id='word_1_762' title='bbox 2772 3552 3018 3606; x_wconf 83' lang='lat' dir='ltr'><strong>invocavit</strong></span> <span class='ocrx_word' id='word_1_763' title='bbox 3086 3556 3141 3608; x_wconf 85' lang='lat' dir='ltr'><strong>in</strong></span> <span class='ocrx_word' id='word_1_764' title='bbox 3201 3558 3402 3611; x_wconf 88' lang='lat' dir='ltr'><strong>nomine</strong></span> <span class='ocrx_word' id='word_1_765' title='bbox 3460 3558 3692 3614; x_wconf 86' lang='lat' dir='ltr'><strong>Domini.</strong></span> 
     </span>
    </p>
   </div>
   <div class='ocr_carea' id='block_1_99' title="bbox 2097 3638 3693 3715">
    <p class='ocr_par' dir='ltr' id='par_1_99' title="bbox 2097 3638 3693 3715">
     <span class='ocr_line' id='line_1_99' title="bbox 2097 3638 3693 3715; baseline 0.007 -22"><span class='ocrx_word' id='word_1_766' title='bbox 2097 3638 2285 3693; x_wconf 76' lang='lat' dir='ltr'><strong>Vidisti</strong></span> <span class='ocrx_word' id='word_1_767' title='bbox 2333 3650 2563 3695; x_wconf 91' lang='lat' dir='ltr'><strong>mentem</strong></span> <span class='ocrx_word' id='word_1_768' title='bbox 2612 3641 2749 3695; x_wconf 88' lang='lat' dir='ltr'><strong>bene</strong></span> <span class='ocrx_word' id='word_1_769' title='bbox 2784 3641 3110 3709; x_wconf 85' lang='lat' dir='ltr'><strong>institutam,</strong></span> <span class='ocrx_word' id='word_1_770' title='bbox 3141 3654 3193 3699; x_wconf 90' lang='lat' dir='ltr'><strong>et</strong></span> <span class='ocrx_word' id='word_1_771' title='bbox 3237 3648 3515 3715; x_wconf 74' lang='lat' dir='ltr'><strong>sapientia:</strong></span> <span class='ocrx_word' id='word_1_772' title='bbox 3545 3650 3693 3704; x_wconf 49' lang='lat' dir='ltr'><strong>dede</strong></span> 
     </span>
    </p>
   </div>
   <div class='ocr_carea' id='block_1_100' title="bbox 2097 3730 3693 3803">
    <p class='ocr_par' dir='ltr' id='par_1_100' title="bbox 2097 3730 3693 3803">
     <span class='ocr_line' id='line_1_100' title="bbox 2097 3730 3693 3803; baseline 0.008 -20"><span class='ocrx_word' id='word_1_773' title='bbox 2097 3730 2242 3783; x_wconf 86' lang='lat' dir='ltr'><strong>tam?</strong></span> <span class='ocrx_word' id='word_1_774' title='bbox 2268 3730 2440 3785; x_wconf 89' lang='lat' dir='ltr'><strong>vidisti</strong></span> <span class='ocrx_word' id='word_1_775' title='bbox 2463 3732 2725 3800; x_wconf 89' lang='lat' dir='ltr'><strong>quomodo</strong></span> <span class='ocrx_word' id='word_1_776' title='bbox 2744 3733 2884 3803; x_wconf 92' lang='lat' dir='ltr'><strong>quod</strong></span> <span class='ocrx_word' id='word_1_777' title='bbox 2903 3736 3141 3789; x_wconf 89' lang='lat' dir='ltr'><strong>scribens</strong></span> <span class='ocrx_word' id='word_1_778' title='bbox 3163 3736 3436 3793; x_wconf 85' lang='lat' dir='ltr'><strong>admonuit</strong></span> <span class='ocrx_word' id='word_1_779' title='bbox 3458 3742 3693 3795; x_wconf 83' lang='lat' dir='ltr'><strong>admira-</strong></span> 
     </span>
    </p>
   </div>
   <div class='ocr_carea' id='block_1_101' title="bbox 2096 3823 3693 3889">
    <p class='ocr_par' dir='ltr' id='par_1_101' title="bbox 2096 3823 3693 3889">
     <span class='ocr_line' id='line_1_101' title="bbox 2096 3823 3693 3889; baseline 0.006 -10"><span class='ocrx_word' id='word_1_780' title='bbox 2096 3823 2215 3879; x_wconf 86' lang='lat' dir='ltr'><strong>bilis</strong></span> <span class='ocrx_word' id='word_1_781' title='bbox 2236 3824 2380 3879; x_wconf 90' lang='lat' dir='ltr'><strong>orbis</strong></span> <span class='ocrx_word' id='word_1_782' title='bbox 2410 3824 2596 3880; x_wconf 91' lang='lat' dir='ltr'><strong>doctor</strong></span> <span class='ocrx_word' id='word_1_783' title='bbox 2618 3826 2804 3882; x_wconf 91' lang='lat' dir='ltr'><strong>beatus</strong></span> <span class='ocrx_word' id='word_1_784' title='bbox 2826 3826 3038 3889; x_wconf 87' lang='lat' dir='ltr'><strong>Paulus,</strong></span> <span class='ocrx_word' id='word_1_785' title='bbox 3062 3828 3244 3883; x_wconf 88' lang='lat' dir='ltr'><strong>dicens</strong></span> <span class='ocrx_word' id='word_1_786' title='bbox 3278 3848 3290 3882; x_wconf 90' lang='lat'><strong>:</strong></span> <span class='ocrx_word' id='word_1_787' title='bbox 3328 3828 3393 3884; x_wconf 87' lang='lat' dir='ltr'><strong>In</strong></span> <span class='ocrx_word' id='word_1_788' title='bbox 3421 3835 3566 3885; x_wconf 88' lang='lat' dir='ltr'><strong>omni</strong></span> <span class='ocrx_word' id='word_1_789' title='bbox 3584 3837 3693 3888; x_wconf 71' lang='lat' dir='ltr'><strong>loco</strong></span> 
     </span>
    </p>
   </div>
   <div class='ocr_carea' id='block_1_102' title="bbox 2096 3920 3693 3994">
    <p class='ocr_par' dir='ltr' id='par_1_102' title="bbox 2096 3920 3693 3994">
     <span class='ocr_line' id='line_1_102' title="bbox 2096 3920 3693 3994; baseline 0.006 -23"><span class='ocrx_word' id='word_1_790' title='bbox 2096 3922 2313 3973; x_wconf 84' lang='lat' dir='ltr'><strong>levantes</strong></span> <span class='ocrx_word' id='word_1_791' title='bbox 2326 3928 2526 3971; x_wconf 88' lang='lat' dir='ltr'><strong>sanctas</strong></span> <span class='ocrx_word' id='word_1_792' title='bbox 2542 3937 2720 3974; x_wconf 87' lang='lat' dir='ltr'><strong>manus</strong></span> <span class='ocrx_word' id='word_1_793' title='bbox 2743 3921 2788 3991; x_wconf 88' lang='lat' dir='ltr'><strong>(l</strong></span> <span class='ocrx_word' id='word_1_794' title='bbox 2802 3960 2815 3973; x_wconf 93' lang='lat'><strong>.</strong></span> <span class='ocrx_word' id='word_1_795' title='bbox 2837 3920 2967 3974; x_wconf 87' lang='lat' dir='ltr'><strong>Tim.</strong></span> <span class='ocrx_word' id='word_1_796' title='bbox 2987 3921 3040 3974; x_wconf 81' lang='lat'><strong>‘2.</strong></span> <span class='ocrx_word' id='word_1_797' title='bbox 3057 3920 3111 3992; x_wconf 89' lang='grc'><strong>8)</strong></span> <span class='ocrx_word' id='word_1_798' title='bbox 3131 3940 3142 3972; x_wconf 91' lang='lat'><strong>:</strong></span> <span class='ocrx_word' id='word_1_799' title='bbox 3160 3922 3209 3975; x_wconf 89' lang='lat' dir='ltr'><strong>id</strong></span> <span class='ocrx_word' id='word_1_800' title='bbox 3228 3924 3533 3991; x_wconf 84' lang='lat' dir='ltr'><strong>patriarcha</strong></span> <span class='ocrx_word' id='word_1_801' title='bbox 3549 3928 3693 3994; x_wconf 81' lang='lat' dir='ltr'><strong>prius</strong></span> 
     </span>
    </p>
   </div>
   <div class='ocr_carea' id='block_1_103' title="bbox 2096 4013 3677 4087">
    <p class='ocr_par' dir='ltr' id='par_1_103' title="bbox 2096 4013 3677 4087">
     <span class='ocr_line' id='line_1_103' title="bbox 2096 4013 3677 4087; baseline 0.004 -20"><span class='ocrx_word' id='word_1_802' title='bbox 2096 4027 2257 4082; x_wconf 89' lang='lat' dir='ltr'><strong>opere</strong></span> <span class='ocrx_word' id='word_1_803' title='bbox 2277 4013 2579 4081; x_wconf 90' lang='lat' dir='ltr'><strong>complevit,</strong></span> <span class='ocrx_word' id='word_1_804' title='bbox 2597 4013 2646 4065; x_wconf 93' lang='lat' dir='ltr'><strong>in</strong></span> <span class='ocrx_word' id='word_1_805' title='bbox 2664 4013 2883 4081; x_wconf 87' lang='lat' dir='ltr'><strong>singulis</strong></span> <span class='ocrx_word' id='word_1_806' title='bbox 2901 4013 3029 4068; x_wconf 91' lang='lat' dir='ltr'><strong>locis</strong></span> <span class='ocrx_word' id='word_1_807' title='bbox 3049 4016 3233 4069; x_wconf 91' lang='lat' dir='ltr'><strong>altaria</strong></span> <span class='ocrx_word' id='word_1_808' title='bbox 3256 4018 3492 4087; x_wconf 79' lang='lat' dir='ltr'><strong>erigens,</strong></span> <span class='ocrx_word' id='word_1_809' title='bbox 3518 4032 3571 4073; x_wconf 90' lang='lat' dir='ltr'><strong>et</strong></span> <span class='ocrx_word' id='word_1_810' title='bbox 3595 4022 3677 4073; x_wconf 81' lang='grc' dir='ltr'><strong>[ιο</strong></span> 
     </span>
    </p>
   </div>
   <div class='ocr_carea' id='block_1_104' title="bbox 2096 4106 3692 4179">
    <p class='ocr_par' dir='ltr' id='par_1_104' title="bbox 2096 4106 3692 4179">
     <span class='ocr_line' id='line_1_104' title="bbox 2096 4106 3692 4179; baseline 0.007 -20"><span class='ocrx_word' id='word_1_811' title='bbox 2096 4106 2241 4159; x_wconf 89' lang='lat' dir='ltr'><strong>mino</strong></span> <span class='ocrx_word' id='word_1_812' title='bbox 2259 4108 2456 4175; x_wconf 87' lang='lat' dir='ltr'><strong>gratias</strong></span> <span class='ocrx_word' id='word_1_813' title='bbox 2476 4107 2677 4177; x_wconf 89' lang='lat' dir='ltr'><strong>agens?</strong></span> <span class='ocrx_word' id='word_1_814' title='bbox 2705 4106 2920 4162; x_wconf 90' lang='lat' dir='ltr'><strong>Sciebat</strong></span> <span class='ocrx_word' id='word_1_815' title='bbox 2947 4109 3108 4172; x_wconf 89' lang='lat' dir='ltr'><strong>enim,</strong></span> <span class='ocrx_word' id='word_1_816' title='bbox 3138 4113 3338 4165; x_wconf 77' lang='lat' dir='ltr'><strong>sciebat</strong></span> <span class='ocrx_word' id='word_1_817' title='bbox 3381 4115 3692 4179; x_wconf 80' lang='lat' dir='ltr'><strong>manifeste,</strong></span> 
     </span>
    </p>
   </div>
   <div class='ocr_carea' id='block_1_105' title="bbox 2097 4196 3691 4271">
    <p class='ocr_par' dir='ltr' id='par_1_105' title="bbox 2097 4196 3691 4271">
     <span class='ocr_line' id='line_1_105' title="bbox 2097 4196 3691 4271; baseline 0.006 -21"><span class='ocrx_word' id='word_1_818' title='bbox 2097 4196 2224 4250; x_wconf 87' lang='lat' dir='ltr'><strong>nihil</strong></span> <span class='ocrx_word' id='word_1_819' title='bbox 2243 4197 2383 4251; x_wconf 87' lang='lat' dir='ltr'><strong>aliud</strong></span> <span class='ocrx_word' id='word_1_820' title='bbox 2406 4198 2674 4268; x_wconf 88' lang='lat' dir='ltr'><strong>requirere</strong></span> <span class='ocrx_word' id='word_1_821' title='bbox 2690 4198 2757 4251; x_wconf 89' lang='lat' dir='ltr'><strong>ab</strong></span> <span class='ocrx_word' id='word_1_822' title='bbox 2774 4198 3007 4254; x_wconf 88' lang='lat' dir='ltr'><strong>humano</strong></span> <span class='ocrx_word' id='word_1_823' title='bbox 3021 4215 3215 4269; x_wconf 86' lang='lat' dir='ltr'><strong>genere</strong></span> <span class='ocrx_word' id='word_1_824' title='bbox 3235 4203 3397 4257; x_wconf 90' lang='lat' dir='ltr'><strong>Deum</strong></span> <span class='ocrx_word' id='word_1_825' title='bbox 3422 4206 3691 4271; x_wconf 71' lang='lat' dir='ltr'><strong>universi,</strong></span> 
     </span>
    </p>
   </div>
   <div class='ocr_carea' id='block_1_106' title="bbox 2095 4291 3695 4367">
    <p class='ocr_par' dir='ltr' id='par_1_106' title="bbox 2095 4291 3695 4367">
     <span class='ocr_line' id='line_1_106' title="bbox 2095 4291 3695 4367; baseline 0.007 -24"><span class='ocrx_word' id='word_1_826' title='bbox 2095 4300 2215 4360; x_wconf 88' lang='lat' dir='ltr'><strong>post</strong></span> <span class='ocrx_word' id='word_1_827' title='bbox 2242 4291 2517 4346; x_wconf 86' lang='lat' dir='ltr'><strong>innumera</strong></span> <span class='ocrx_word' id='word_1_828' title='bbox 2545 4300 2600 4347; x_wconf 91' lang='lat' dir='ltr'><strong>et</strong></span> <span class='ocrx_word' id='word_1_829' title='bbox 2629 4291 2915 4348; x_wconf 82' lang='lat' dir='ltr'><strong>ineffabilia</strong></span> <span class='ocrx_word' id='word_1_830' title='bbox 2937 4293 3190 4349; x_wconf 89' lang='lat' dir='ltr'><strong>beneﬁcia</strong></span> <span class='ocrx_word' id='word_1_831' title='bbox 3216 4312 3307 4349; x_wconf 89' lang='lat' dir='ltr'><strong>sua</strong></span> <span class='ocrx_word' id='word_1_832' title='bbox 3329 4338 3344 4361; x_wconf 92' lang='lat'><strong>,</strong></span> <span class='ocrx_word' id='word_1_833' title='bbox 3379 4314 3547 4367; x_wconf 87' lang='lat' dir='ltr'><strong>quam</strong></span> <span class='ocrx_word' id='word_1_834' title='bbox 3572 4302 3695 4355; x_wconf 78' lang='lat' dir='ltr'><strong>ani-</strong></span> 
     </span>
    </p>
   </div>
   <div class='ocr_carea' id='block_1_107' title="bbox 2095 4383 3693 4458">
    <p class='ocr_par' dir='ltr' id='par_1_107' title="bbox 2095 4383 3693 4458">
     <span class='ocr_line' id='line_1_107' title="bbox 2095 4383 3693 4458; baseline 0.006 -23"><span class='ocrx_word' id='word_1_835' title='bbox 2095 4397 2239 4437; x_wconf 88' lang='lat' dir='ltr'><strong>mum</strong></span> <span class='ocrx_word' id='word_1_836' title='bbox 2264 4383 2551 4451; x_wconf 81' lang='lat' dir='ltr'><strong>gratiarum</strong></span> <span class='ocrx_word' id='word_1_837' title='bbox 2578 4386 2769 4439; x_wconf 91' lang='lat' dir='ltr'><strong>actioni</strong></span> <span class='ocrx_word' id='word_1_838' title='bbox 2798 4383 3122 4455; x_wconf 82' lang='lat' dir='ltr'><strong>studentem,</strong></span> <span class='ocrx_word' id='word_1_839' title='bbox 3153 4396 3205 4441; x_wconf 94' lang='lat' dir='ltr'><strong>et</strong></span> <span class='ocrx_word' id='word_1_840' title='bbox 3227 4398 3446 4458; x_wconf 74' lang='lat' dir='ltr'><strong>accepta</strong></span> <span class='ocrx_word' id='word_1_841' title='bbox 3480 4391 3693 4447; x_wconf 84' lang='lat' dir='ltr'><strong>beneﬁ-</strong></span> 
     </span>
    </p>
   </div>
   <div class='ocr_carea' id='block_1_108' title="bbox 2094 4474 3695 4548">
    <p class='ocr_par' dir='ltr' id='par_1_108' title="bbox 2094 4474 3695 4548">
     <span class='ocr_line' id='line_1_108' title="bbox 2094 4474 3695 4548; baseline 0.008 -20"><span class='ocrx_word' id='word_1_842' title='bbox 2094 4475 2174 4528; x_wconf 88' lang='lat' dir='ltr'><strong>cia</strong></span> <span class='ocrx_word' id='word_1_843' title='bbox 2195 4474 2555 4531; x_wconf 90' lang='lat' dir='ltr'><strong>conﬁtentem.</strong></span> <span class='ocrx_word' id='word_1_844' title='bbox 2589 4478 2849 4532; x_wconf 71' lang='lat' dir='ltr'><strong>Cancrum</strong></span> <span class='ocrx_word' id='word_1_845' title='bbox 2880 4476 3173 4542; x_wconf 88' lang='lat' dir='ltr'><strong>videamus,</strong></span> <span class='ocrx_word' id='word_1_846' title='bbox 3194 4482 3466 4548; x_wconf 88' lang='lat' dir='ltr'><strong>quomodo</strong></span> <span class='ocrx_word' id='word_1_847' title='bbox 3488 4494 3543 4538; x_wconf 91' lang='lat' dir='ltr'><strong>et</strong></span> <span class='ocrx_word' id='word_1_848' title='bbox 3568 4484 3695 4541; x_wconf 85' lang='lat' dir='ltr'><strong>hinc</strong></span> 
     </span>
    </p>
   </div>
   <div class='ocr_carea' id='block_1_109' title="bbox 2090 4564 3696 4645">
    <p class='ocr_par' dir='ltr' id='par_1_109' title="bbox 2090 4564 3696 4645">
     <span class='ocr_line' id='line_1_109' title="bbox 2090 4564 3696 4645; baseline 0.006 -26"><span class='ocrx_word' id='word_1_849' title='bbox 2090 4564 2265 4635; x_wconf 90' lang='lat' dir='ltr'><strong>justus</strong></span> <span class='ocrx_word' id='word_1_850' title='bbox 2293 4565 2505 4635; x_wconf 87' lang='lat' dir='ltr'><strong>migrat.</strong></span> <span class='ocrx_word' id='word_1_851' title='bbox 2534 4566 2585 4622; x_wconf 93' lang='lat'><strong>9.</strong></span> <span class='ocrx_word' id='word_1_852' title='bbox 2613 4566 2678 4621; x_wconf 87' lang='lat' dir='ltr'><strong>Et</strong></span> <span class='ocrx_word' id='word_1_853' title='bbox 2704 4568 2950 4633; x_wconf 78' lang='lat' dir='ltr'><strong>discessit,</strong></span> <span class='ocrx_word' id='word_1_854' title='bbox 2999 4571 3185 4639; x_wconf 88' lang='lat' dir='ltr'><strong>inquit,</strong></span> <span class='ocrx_word' id='word_1_855' title='bbox 3214 4571 3422 4637; x_wconf 76' lang='lat' dir='ltr'><strong>Abram,</strong></span> <span class='ocrx_word' id='word_1_856' title='bbox 3450 4586 3498 4626; x_wconf 82' lang='lat' dir='ltr'><strong>et</strong></span> <span class='ocrx_word' id='word_1_857' title='bbox 3517 4582 3696 4645; x_wconf 79' lang='lat' dir='ltr'><strong>profe-</strong></span> 
     </span>
    </p>
   </div>
   <div class='ocr_carea' id='block_1_110' title="bbox 2094 4660 3697 4721">
    <p class='ocr_par' dir='ltr' id='par_1_110' title="bbox 2094 4660 3697 4721">
     <span class='ocr_line' id='line_1_110' title="bbox 2094 4660 3697 4721; baseline 0.005 -10"><span class='ocrx_word' id='word_1_858' title='bbox 2094 4668 2203 4711; x_wconf 90' lang='lat' dir='ltr'><strong>ctus</strong></span> <span class='ocrx_word' id='word_1_859' title='bbox 2242 4666 2621 4712; x_wconf 88' lang='lat' dir='ltr'><strong>castrametatus</strong></span> <span class='ocrx_word' id='word_1_860' title='bbox 2662 4668 2732 4713; x_wconf 88' lang='lat' dir='ltr'><strong>est</strong></span> <span class='ocrx_word' id='word_1_861' title='bbox 2763 4660 2814 4712; x_wconf 90' lang='lat' dir='ltr'><strong>in</strong></span> <span class='ocrx_word' id='word_1_862' title='bbox 2843 4661 3129 4713; x_wconf 83' lang='lat' dir='ltr'><strong>solitudine.</strong></span> <span class='ocrx_word' id='word_1_863' title='bbox 3170 4662 3298 4716; x_wconf 77' lang='lat' dir='ltr'><strong>Vide</strong></span> <span class='ocrx_word' id='word_1_864' title='bbox 3329 4663 3523 4718; x_wconf 90' lang='lat' dir='ltr'><strong>iterum</strong></span> <span class='ocrx_word' id='word_1_865' title='bbox 3558 4670 3697 4721; x_wconf 81' lang='lat' dir='ltr'><strong>reli-</strong></span> 
     </span>
    </p>
   </div>
   <div class='ocr_carea' id='block_1_111' title="bbox 2094 4748 3692 4822">
    <p class='ocr_par' dir='ltr' id='par_1_111' title="bbox 2094 4748 3692 4822">
     <span class='ocr_line' id='line_1_111' title="bbox 2094 4748 3692 4822; baseline 0.004 -20"><span class='ocrx_word' id='word_1_866' title='bbox 2094 4749 2295 4819; x_wconf 86' lang='lat' dir='ltr'><strong>giosam</strong></span> <span class='ocrx_word' id='word_1_867' title='bbox 2325 4748 2443 4817; x_wconf 92' lang='lat' dir='ltr'><strong>ejus</strong></span> <span class='ocrx_word' id='word_1_868' title='bbox 2464 4758 2696 4805; x_wconf 90' lang='lat' dir='ltr'><strong>mentem</strong></span> <span class='ocrx_word' id='word_1_869' title='bbox 2723 4759 2773 4804; x_wconf 92' lang='lat' dir='ltr'><strong>et</strong></span> <span class='ocrx_word' id='word_1_870' title='bbox 2810 4750 3082 4819; x_wconf 76' lang='lat' dir='ltr'><strong>sapientia:</strong></span> <span class='ocrx_word' id='word_1_871' title='bbox 3111 4754 3423 4808; x_wconf 85' lang='lat' dir='ltr'><strong>studiosam.</strong></span> <span class='ocrx_word' id='word_1_872' title='bbox 3464 4756 3692 4822; x_wconf 84' lang='lat' dir='ltr'><strong>lterum,</strong></span> 
     </span>
    </p>
   </div>
   <div class='ocr_carea' id='block_1_112' title="bbox 2095 4840 3693 4912">
    <p class='ocr_par' dir='ltr' id='par_1_112' title="bbox 2095 4840 3693 4912">
     <span class='ocr_line' id='line_1_112' title="bbox 2095 4840 3693 4912; baseline 0.007 -19"><span class='ocrx_word' id='word_1_873' title='bbox 2095 4841 2302 4909; x_wconf 89' lang='lat' dir='ltr'><strong>inquit,</strong></span> <span class='ocrx_word' id='word_1_874' title='bbox 2341 4841 2614 4909; x_wconf 86' lang='lat' dir='ltr'><strong>discessit,</strong></span> <span class='ocrx_word' id='word_1_875' title='bbox 2661 4840 3152 4912; x_wconf 86' lang='lat' dir='ltr'><strong>Castrantetatusque</strong></span> <span class='ocrx_word' id='word_1_876' title='bbox 3186 4855 3257 4897; x_wconf 76' lang='lat' dir='ltr'><strong>est</strong></span> <span class='ocrx_word' id='word_1_877' title='bbox 3287 4846 3337 4897; x_wconf 85' lang='lat' dir='ltr'><strong>in</strong></span> <span class='ocrx_word' id='word_1_878' title='bbox 3384 4848 3693 4904; x_wconf 73' lang='lat' dir='ltr'><strong>solitudine.</strong></span> 
     </span>
    </p>
   </div>
   <div class='ocr_carea' id='block_1_113' title="bbox 2093 4932 3693 5004">
    <p class='ocr_par' dir='ltr' id='par_1_113' title="bbox 2093 4932 3693 5004">
     <span class='ocr_line' id='line_1_113' title="bbox 2093 4932 3693 5004; baseline 0.004 -19"><span class='ocrx_word' id='word_1_879' title='bbox 2093 4932 2268 5000; x_wconf 85' lang='lat' dir='ltr'><strong>Quare</strong></span> <span class='ocrx_word' id='word_1_880' title='bbox 2294 4932 2440 4988; x_wconf 91' lang='lat' dir='ltr'><strong>illinc</strong></span> <span class='ocrx_word' id='word_1_881' title='bbox 2476 4932 2765 4987; x_wconf 83' lang='lat' dir='ltr'><strong>discessit?</strong></span> <span class='ocrx_word' id='word_1_882' title='bbox 2790 4932 2949 4987; x_wconf 89' lang='lat' dir='ltr'><strong>Forte</strong></span> <span class='ocrx_word' id='word_1_883' title='bbox 2993 4933 3204 4987; x_wconf 78' lang='lat' dir='ltr'><strong>\‘idcbttt</strong></span> <span class='ocrx_word' id='word_1_884' title='bbox 3246 4936 3573 5004; x_wconf 86' lang='lat' dir='ltr'><strong>quibusdam</strong></span> <span class='ocrx_word' id='word_1_885' title='bbox 3608 4942 3693 4992; x_wconf 78' lang='lat' dir='ltr'><strong>in-</strong></span> 
     </span>
    </p>
   </div>
   <div class='ocr_carea' id='block_1_114' title="bbox 2094 5026 3693 5096">
    <p class='ocr_par' dir='ltr' id='par_1_114' title="bbox 2094 5026 3693 5096">
     <span class='ocr_line' id='line_1_114' title="bbox 2094 5026 3693 5096; baseline 0.003 -15"><span class='ocrx_word' id='word_1_886' title='bbox 2094 5028 2226 5081; x_wconf 88' lang='lat' dir='ltr'><strong>eolis</strong></span> <span class='ocrx_word' id='word_1_887' title='bbox 2256 5043 2359 5081; x_wconf 94' lang='lat' dir='ltr'><strong>non</strong></span> <span class='ocrx_word' id='word_1_888' title='bbox 2391 5026 2603 5096; x_wconf 87' lang='lat' dir='ltr'><strong>placere</strong></span> <span class='ocrx_word' id='word_1_889' title='bbox 2630 5041 2782 5080; x_wconf 90' lang='lat' dir='ltr'><strong>suum</strong></span> <span class='ocrx_word' id='word_1_890' title='bbox 2815 5026 3096 5080; x_wconf 88' lang='lat' dir='ltr'><strong>adventum</strong></span> <span class='ocrx_word' id='word_1_891' title='bbox 3128 5044 3142 5079; x_wconf 87' lang='lat'>:</span> <span class='ocrx_word' id='word_1_892' title='bbox 3177 5029 3397 5095; x_wconf 85' lang='lat' dir='ltr'><strong>proinde</strong></span> <span class='ocrx_word' id='word_1_893' title='bbox 3428 5032 3693 5085; x_wconf 72' lang='lat' dir='ltr'><strong>eximiam</strong></span> 
     </span>
    </p>
   </div>
   <div class='ocr_carea' id='block_1_115' title="bbox 2093 5117 3693 5188">
    <p class='ocr_par' dir='ltr' id='par_1_115' title="bbox 2093 5117 3693 5188">
     <span class='ocr_line' id='line_1_115' title="bbox 2093 5117 3693 5188; baseline 0.001 -15"><span class='ocrx_word' id='word_1_894' title='bbox 2093 5134 2242 5173; x_wconf 85' lang='lat' dir='ltr'><strong>suam</strong></span> <span class='ocrx_word' id='word_1_895' title='bbox 2290 5118 2745 5173; x_wconf 88' lang='lat' dir='ltr'><strong>mansuetudinem</strong></span> <span class='ocrx_word' id='word_1_896' title='bbox 2787 5117 3096 5182; x_wconf 87' lang='lat' dir='ltr'><strong>declarans,</strong></span> <span class='ocrx_word' id='word_1_897' title='bbox 3128 5128 3181 5173; x_wconf 91' lang='lat' dir='ltr'><strong>et</strong></span> <span class='ocrx_word' id='word_1_898' title='bbox 3218 5121 3494 5188; x_wconf 85' lang='lat' dir='ltr'><strong>quomodo</strong></span> <span class='ocrx_word' id='word_1_899' title='bbox 3535 5133 3693 5175; x_wconf 85' lang='lat' dir='ltr'><strong>tran-</strong></span> 
     </span>
    </p>
   </div>
   <div class='ocr_carea' id='block_1_116' title="bbox 2091 5213 3691 5284">
    <p class='ocr_par' dir='ltr' id='par_1_116' title="bbox 2091 5213 3691 5284">
     <span class='ocr_line' id='line_1_116' title="bbox 2091 5213 3691 5284; baseline 0.006 -23"><span class='ocrx_word' id='word_1_900' title='bbox 2091 5213 2403 5281; x_wconf 87' lang='lat' dir='ltr'><strong>quillitatcm</strong></span> <span class='ocrx_word' id='word_1_901' title='bbox 2435 5213 2606 5282; x_wconf 83' lang='lat' dir='ltr'><strong>magni</strong></span> <span class='ocrx_word' id='word_1_902' title='bbox 2636 5215 2849 5279; x_wconf 88' lang='lat' dir='ltr'><strong>faceret,</strong></span> <span class='ocrx_word' id='word_1_903' title='bbox 2879 5228 2941 5268; x_wconf 84' lang='lat' dir='ltr'><strong>ac</strong></span> <span class='ocrx_word' id='word_1_904' title='bbox 2967 5228 3034 5267; x_wconf 91' lang='lat' dir='ltr'><strong>ne</strong></span> <span class='ocrx_word' id='word_1_905' title='bbox 3072 5228 3190 5266; x_wconf 90' lang='lat' dir='ltr'><strong>cum</strong></span> <span class='ocrx_word' id='word_1_906' title='bbox 3222 5214 3330 5267; x_wconf 93' lang='lat' dir='ltr'><strong>ullo</strong></span> <span class='ocrx_word' id='word_1_907' title='bbox 3350 5215 3561 5284; x_wconf 88' lang='lat' dir='ltr'><strong>aliquid</strong></span> <span class='ocrx_word' id='word_1_908' title='bbox 3594 5218 3691 5270; x_wconf 84' lang='lat' dir='ltr'><strong>ba-</strong></span> 
     </span>
    </p>
   </div>
   <div class='ocr_carea' id='block_1_117' title="bbox 2094 5303 3690 5375">
    <p class='ocr_par' dir='ltr' id='par_1_117' title="bbox 2094 5303 3690 5375">
     <span class='ocr_line' id='line_1_117' title="bbox 2094 5303 3690 5375; baseline 0.002 -17"><span class='ocrx_word' id='word_1_909' title='bbox 2094 5305 2243 5360; x_wconf 79' lang='lat' dir='ltr'><strong>beret</strong></span> <span class='ocrx_word' id='word_1_910' title='bbox 2272 5307 2490 5375; x_wconf 83' lang='lat' dir='ltr'><strong>negotii,</strong></span> <span class='ocrx_word' id='word_1_911' title='bbox 2525 5305 2576 5359; x_wconf 91' lang='lat' dir='ltr'><strong>in</strong></span> <span class='ocrx_word' id='word_1_912' title='bbox 2607 5303 2945 5359; x_wconf 87' lang='lat' dir='ltr'><strong>solitudinem</strong></span> <span class='ocrx_word' id='word_1_913' title='bbox 2974 5319 3034 5358; x_wconf 91' lang='lat' dir='ltr'><strong>se</strong></span> <span class='ocrx_word' id='word_1_914' title='bbox 3066 5304 3337 5359; x_wconf 76' lang='lat' dir='ltr'><strong>transfert.</strong></span> <span class='ocrx_word' id='word_1_915' title='bbox 3368 5303 3654 5375; x_wconf 73' lang='lat' dir='ltr'><strong>Profectus</strong></span> <span class='ocrx_word' id='word_1_916' title='bbox 3678 5354 3690 5369; x_wconf 85' lang='lat'><strong>,</strong></span> 
     </span>
    </p>
   </div>
   <div class='ocr_carea' id='block_1_118' title="bbox 2093 5395 3693 5467">
    <p class='ocr_par' dir='ltr' id='par_1_118' title="bbox 2093 5395 3693 5467">
     <span class='ocr_line' id='line_1_118' title="bbox 2093 5395 3693 5467; baseline 0.001 -16"><span class='ocrx_word' id='word_1_917' title='bbox 2093 5397 2293 5467; x_wconf 86' lang='lat' dir='ltr'><strong>inquit,</strong></span> <span class='ocrx_word' id='word_1_918' title='bbox 2322 5405 2700 5449; x_wconf 85' lang='lat' dir='ltr'><strong>castrametatus</strong></span> <span class='ocrx_word' id='word_1_919' title='bbox 2728 5404 2800 5449; x_wconf 88' lang='lat' dir='ltr'><strong>est</strong></span> <span class='ocrx_word' id='word_1_920' title='bbox 2824 5395 2874 5449; x_wconf 89' lang='lat' dir='ltr'><strong>in</strong></span> <span class='ocrx_word' id='word_1_921' title='bbox 2910 5395 3197 5449; x_wconf 85' lang='lat' dir='ltr'><strong>solitudine.</strong></span> <span class='ocrx_word' id='word_1_922' title='bbox 3224 5396 3415 5450; x_wconf 84' lang='lat' dir='ltr'><strong>Aliena</strong></span> <span class='ocrx_word' id='word_1_923' title='bbox 3448 5398 3693 5453; x_wconf 84' lang='lat' dir='ltr'><strong>dictione</strong></span> 
     </span>
    </p>
   </div>
   <div class='ocr_carea' id='block_1_119' title="bbox 2093 5487 3691 5559">
    <p class='ocr_par' dir='ltr' id='par_1_119' title="bbox 2093 5487 3691 5559">
     <span class='ocr_line' id='line_1_119' title="bbox 2093 5487 3691 5559; baseline 0 -14"><span class='ocrx_word' id='word_1_924' title='bbox 2093 5508 2185 5545; x_wconf 85' lang='lat' dir='ltr'><strong>usa</strong></span> <span class='ocrx_word' id='word_1_925' title='bbox 2207 5500 2289 5545; x_wconf 85' lang='lat' dir='ltr'><strong>est</strong></span> <span class='ocrx_word' id='word_1_926' title='bbox 2309 5490 2485 5544; x_wconf 91' lang='lat' dir='ltr'><strong>divina</strong></span> <span class='ocrx_word' id='word_1_927' title='bbox 2514 5490 2811 5558; x_wconf 88' lang='lat' dir='ltr'><strong>Scriptura.</strong></span> <span class='ocrx_word' id='word_1_928' title='bbox 2830 5487 2959 5542; x_wconf 79' lang='lat' dir='ltr'><strong>Nam</strong></span> <span class='ocrx_word' id='word_1_929' title='bbox 2976 5488 3429 5559; x_wconf 85' lang='lat' dir='ltr'><strong>quemadmodum</strong></span> <span class='ocrx_word' id='word_1_930' title='bbox 3450 5492 3503 5544; x_wconf 91' lang='lat' dir='ltr'><strong>in</strong></span> <span class='ocrx_word' id='word_1_931' title='bbox 3530 5492 3691 5547; x_wconf 73' lang='lat' dir='ltr'><strong>bellis</strong></span> 
     </span>
    </p>
   </div>
   <div class='ocr_carea' id='block_1_120' title="bbox 2089 5577 3689 5650">
    <p class='ocr_par' dir='ltr' id='par_1_120' title="bbox 2089 5577 3689 5650">
     <span class='ocr_line' id='line_1_120' title="bbox 2089 5577 3689 5650; baseline -0.001 -14"><span class='ocrx_word' id='word_1_932' title='bbox 2089 5585 2324 5637; x_wconf 86' lang='lat' dir='ltr'><strong>solemus</strong></span> <span class='ocrx_word' id='word_1_933' title='bbox 2350 5582 2546 5647; x_wconf 87' lang='lat' dir='ltr'><strong>dicere,</strong></span> <span class='ocrx_word' id='word_1_934' title='bbox 2577 5581 2647 5635; x_wconf 83' lang='lat' dir='ltr'><strong>ita</strong></span> <span class='ocrx_word' id='word_1_935' title='bbox 2670 5590 2724 5635; x_wconf 89' lang='lat' dir='ltr'><strong>et</strong></span> <span class='ocrx_word' id='word_1_936' title='bbox 2747 5580 2815 5635; x_wconf 89' lang='lat' dir='ltr'><strong>de</strong></span> <span class='ocrx_word' id='word_1_937' title='bbox 2835 5579 2985 5650; x_wconf 88' lang='lat' dir='ltr'><strong>justo</strong></span> <span class='ocrx_word' id='word_1_938' title='bbox 3014 5577 3099 5634; x_wconf 90' lang='lat' dir='ltr'><strong>hic</strong></span> <span class='ocrx_word' id='word_1_939' title='bbox 3126 5578 3274 5644; x_wconf 89' lang='lat' dir='ltr'><strong>dicit,</strong></span> <span class='ocrx_word' id='word_1_940' title='bbox 3300 5581 3447 5649; x_wconf 89' lang='lat' dir='ltr'><strong>quod</strong></span> <span class='ocrx_word' id='word_1_941' title='bbox 3476 5593 3689 5637; x_wconf 80' lang='lat' dir='ltr'><strong>castra-</strong></span> 
     </span>
    </p>
   </div>
   <div class='ocr_carea' id='block_1_121' title="bbox 2090 5672 3691 5746">
    <p class='ocr_par' dir='ltr' id='par_1_121' title="bbox 2090 5672 3691 5746">
     <span class='ocr_line' id='line_1_121' title="bbox 2090 5672 3691 5746; baseline -0.001 -15"><span class='ocrx_word' id='word_1_942' title='bbox 2090 5685 2316 5732; x_wconf 82' lang='lat' dir='ltr'><strong>tnctatus</strong></span> <span class='ocrx_word' id='word_1_943' title='bbox 2370 5675 2472 5741; x_wconf 87' lang='lat' dir='ltr'><strong>sit,</strong></span> <span class='ocrx_word' id='word_1_944' title='bbox 2518 5684 2575 5729; x_wconf 89' lang='lat' dir='ltr'><strong>ut</strong></span> <span class='ocrx_word' id='word_1_945' title='bbox 2613 5672 2859 5731; x_wconf 82' lang='lat' dir='ltr'><strong>ostendat</strong></span> <span class='ocrx_word' id='word_1_946' title='bbox 2893 5672 3197 5743; x_wconf 79' lang='lat' dir='ltr'><strong>expeditum</strong></span> <span class='ocrx_word' id='word_1_947' title='bbox 3240 5672 3408 5731; x_wconf 86' lang='lat' dir='ltr'><strong>fuisse</strong></span> <span class='ocrx_word' id='word_1_948' title='bbox 3456 5676 3691 5746; x_wconf 80' lang='lat' dir='ltr'><strong>patriar-</strong></span> 
     </span>
    </p>
   </div>
  </div>
