3788 6254
109 267 224 323 295

105 383 337 441 ἐναντία
377 383 499 445 ταῖς
539 379 897 451 ὑποσχέσεσιν
933 379 1076 451 ὁρῶν
1117 379 1254 443 τέως
1286 379 1607 434 ἐκϐαίνοντα
1639 379 1707 431 τά

108 471 425 539 πράγματα
463 467 492 518 6
533 465 822 536 μακάριος,
863 463 964 517 οὐκ
1001 463 1350 534 ἐθορυϐεῖτο,
1389 463 1511 517 οὐδέ
1534 463 1714 516 διετα-

114 553 372 624 ράττετο,
397 550 512 603 ἀλλ’
535 549 796 617 ἀκίνητον
818 543 930 618 εἶχε
965 547 1057 601 τὸν
1085 547 1366 619 λογισμὸν,
1408 547 1710 618 πεπεισμέ-

111 653 204 697 νος
249 636 334 688 ὅτι
373 633 439 704 δὴ
476 635 544 688 τά
583 631 736 703 παρά
771 630 866 684 τοῦ
900 629 1036 684 Θεοῦ
1084 631 1230 697 ams
1273 629 1423 702 αὐτῷ
1448 630 1715 700 ἐπαγγελ-

114 720 284 772 θέντα
309 719 504 790 βέϐαια
525 718 622 770 καὶ
642 716 819 784 πάγια
840 715 1120 784 τυγχάνει.
1158 714 1320 768 Ἀλλά
1351 713 1496 769 κατὰ
1516 714 1712 786 μικρὸν

113 804 342 857 ἅπαντα
376 799 874 872 διερευνησώμεθα,
907 800 973 851 ἵν’
1011 797 1152 851 οὕτω
1193 798 1455 869 μάθωμεν
1491 799 1585 852 καὶ
1616 796 1712 852 τοῦ

112 885 328 955 ἀγαθοῦ
381 883 516 938 Θεοῦ
563 885 662 956 τὴν
712 883 1021 954 εὐμήχανον
1074 882 1286 950 σοφίαν,
1330 881 1426 934 καὶ
1477 881 1574 953 τὴν
1614 899 1712 950 κη-

112 972 485 1042 δεμονίαν,ὴν
520 971 648 1041 περὶ
691 969 783 1022 τὸν
819 968 1024 1022 δίκαιον
1069 966 1434 1030 ἐπεδείκνυτο,
1479 967 1576 1020 καὶ
1619 963 1711 1018 τοῦ

115 1057 468 1128 πατριάρχου
509 1055 571 1107 τὸ
618 1054 841 1126 φίλτρον
883 1054 944 1107 τὸ
979 1053 1106 1123 περὶ
1144 1051 1233 1105 τὸν
1267 1051 1566 1122 Δεσπότην.
1604 1049 1712 1105 Kal

87 1139 313 1208 ,ὤφθη
341 1139 496 1210 φησὶ,
521 1139 734 1207 Κύριος
762 1140 794 1191 ό
825 1137 968 1202 Θεὸς
998 1134 1077 1200 τῷ
1111 1135 1356 1205 Ἀϐραμ.
1381 1134 1502 1197 Πῶς
1521 1133 1711 1203 ὤφθης

125 1223 219 1286 Ὠς
254 1223 421 1287 αὐτὸς
460 1225 488 1274 6
525 1221 658 1284 Θεὸς
709 1219 871 1290 μόνος
911 1215 1041 1285 οἶδε,
1087 1217 1182 1271 καὶ
1224 1218 1300 1281 ὠς
1350 1219 1558 1281 ἐκεῖνος
1588 1218 1715 1271 ίδεϊν

115 1305 377 1376 ἠδύνατο.
403 1305 478 1358 Οὐ
501 1305 610 1376 γάρ
632 1301 961 1376 παύ[σιομαι
990 1301 1148 1355 τοῦτο
1177 1301 1372 1370 λέγων,
1393 1301 1486 1354 τὸν
1508 1301 1563 1353 δὲ
1585 1301 1714 1372 τρό-

116 1407 220 1441 πον
244 1388 430 1457 ἀγνοῶ
446 1405 459 1418 ·
488 1386 671 1441 ἀκούω
691 1387 748 1440 δὲ
785 1387 943 1457 μόνον
964 1385 1062 1454 τῆς
1082 1385 1307 1456 Γραφῆς
1325 1385 1609 1456 λεγούσης,
1633 1385 1716 1437 ὅτι

117 1472 277 1545 [519]
317 1475 508 1541 Ὠςοθη
535 1473 750 1540 Κύριος
772 1475 804 1526 ό
829 1474 971 1536 Θεὸς
997 1469 1077 1536 τῷ
1107 1471 1336 1539 Ἀϐραμ
1356 1512 1371 1534 ,
1413 1470 1512 1524 καὶ
1546 1466 1717 1524 εἶπεν

115 1555 303 1621 αὐτῷ·
346 1555 430 1621 Τῷ
450 1555 750 1626 σπέρματί
789 1570 906 1608 σου
933 1553 1106 1608 δώσω
1130 1553 1246 1621 τὴν
1283 1553 1399 1623 γῆν
1430 1556 1676 1621 ταύτην.

189 1639 469 1712 Ἀκριϐῶς
493 1637 859 1710 μνημονεύετε
872 1637 982 1690 τῶν
1004 1637 1157 1710 παρά
1189 1637 1285 1691 τοῦ
1314 1637 1448 1692 Θεοῦ
1486 1637 1717 1709 ὑποσχέ-

121 1741 265 1776 σεων
289 1724 616 1794 γινομένων,
644 1721 710 1776 ἵν’
727 1723 855 1776 ὅταν
878 1721 1027 1791 ἴδητε
1056 1721 1336 1794 διαφόροις
1361 1723 1716 1794 περιστάσεσι

115 1810 210 1860 τὸν
223 1807 436 1861 δίκαιον
450 1806 872 1878 περιπίπτοντα,
891 1805 1098 1874 μάθητε
1111 1805 1277 1859 αὐτοῦ
1290 1809 1387 1876 τῆς
1400 1806 1717 1875 φιλοσοφίας

117 1891 216 1962 τὴν
234 1890 566 1963 ὑπερϐολὴν,
581 1890 675 1944 καὶ
695 1893 791 1961 τῆς
807 1889 1058 1960 ἀνδρείας
1076 1888 1136 1942 τὸ
1150 1891 1397 1962 στερρὸν,
1409 1891 1504 1943 καὶ
1517 1890 1612 1944 τοῦ
1627 1907 1720 1942 πε·-

122 1976 175 2046 ρὶ
189 1975 285 2028 τὸν
299 1974 436 2027 Θεὸν
454 1975 679 2045 φίλτρου
696 1973 756 2027 τὸ
776 1973 993 2043 βέϐαιον
1006 1974 1100 2026 καὶ
1120 1973 1395 2043 ἀκίνητον,
1421 1974 1514 2046 καὶ
1528 1975 1592 2027 ἐκ
1607 1973 1720 2026 τῶν

117 2044 197 2130 τῷ
218 2059 418 2129 δικαίῳ
431 2044 606 2129 τούτῳ
633 2057 957 2128 συμϐάντων
978 2056 1324 2128 παιδεύησθε,
1343 2044 1610 2130 μηδέποτε
1633 2075 1719 2112 νο-

122 2143 247 2214 μίζε
257 2161 304 2195 ιν
339 2142 501 2215 ἔργον
522 2141 657 2195 Θεοῦ
689 2140 1129 2211 ἐγκαταλείψεως
1146 2136 1307 2204 εἶναι,
1329 2141 1548 2195 ἐπειδάν
1570 2140 1718 2214 ἴδητέ

119 2243 246 2279 τινα
275 2225 388 2278 τῶν
412 2225 687 2296 ἐναρέτων
709 2227 1054 2295 πειρασμοῖς,
1087 2224 1226 2295 ἢέτέ
1237 2242 1357 2296 ραις
1377 2227 1486 2279 τισὶ
1505 2225 1716 2295 θλίψεσι

122 2312 412 2384 βιωτικαῖς
431 2311 896 2380 περιπεπτωκότα
921 2327 934 2340 ·
965 2310 1080 2364 ἀλλ’
1109 2310 1418 2375 ἐννοοῦντες
1441 2311 1550 2364 τῶν
1574 2314 1718 2364 οἰκο-

119 2393 332 2465 νομιῶν
354 2391 451 2447 τοῦ
477 2392 614 2446 Θεοῦ
637 2395 699 2447 τὸ
723 2393 1002 2464 διάφορον,
1029 2396 1398 2466 παραχωρῆτε
1436 2393 1506 2447 τὰ
1539 2397 1719 2449 πάντα

120 2477 293 2532 αὐτοῦ
323 2481 394 2548 τῇ
436 2477 807 2548 ἀκαταλήπτῳ
842 2479 1086 2550 προνοίᾳ.
1125 2479 1190 2531 El
1235 2479 1342 2549 γὰρ
1373 2477 1468 2532 καὶ
1504 2477 1597 2532 τὸν
1637 2479 1719 2533 δί-

121 2578 280 2615 καιον
308 2559 500 2614 τοῦτον
530 2559 672 2614 οὕτω
701 2560 946 2630 φιλόθεον
975 2561 1130 2628 ὄντα,
1171 2560 1443 2632 τοσαύτην
1467 2561 1718 2634 ὑπακοὴν

121 2642 562 2715 ἐπιδειξάμενον,
619 2647 895 2715 συγχωρεῖ
946 2644 1204 2699 τοιούτων
1256 2645 1604 2717 πειραθῆναι,
1642 2640 1718 2702 ὧν

120 2728 327 2783 αὐτίκα
362 2727 507 2798 μάλα
539 2727 769 2796 εἴσεσθε,
797 2729 916 2798 οὐχὶ
949 2727 1221 2801 περιορῶν
1253 2729 1344 2782 τὸν
1367 2728 1532 2782 αὐτοῦ
1560 2729 1719 2801 θερά-

123 2832 324 2879 ποντα,
349 2812 487 2868 ἀλλά
515 2815 628 2877 τοῖς
653 2812 833 2877 ἀλλοις
856 2812 1030 2867 ἅπασι
1071 2812 1392 2885 βουλόμενος
1429 2815 1594 2868 αὐτοῦ
1617 2817 1719 2888 τὴν

121 2897 329 2970 ἀρετὴν
387 2895 691 2966 ἐκκαλύψαι
746 2896 863 2965 (καὶ
913 2897 1022 2970 γάρ
1070 2897 1188 2961 ἔθος
1239 2897 1390 2970 αὐτῷ
1435 2898 1592 2953 τοῦτο
1631 2902 1718 2970 ἐφ’

119 2982 344 3053 ἑκάστῳ
379 2981 489 3035 τῶν
526 2979 751 3034 δικαίων
779 2982 948 3034 ποιεῖν
974 2995 988 3010 ⁶
1021 2981 1114 3035 καὶ
1143 2982 1256 3034 ὅσοι
1295 2981 1425 3054 περὶ
1451 2983 1553 3056 τὴν
1589 2983 1720 3042 ἀνά-

117 3083 326 3138 γνωσιν
353 3064 462 3119 τῶν
489 3064 648 3118 θείων
680 3063 914 3136 Γραφῶν
933 3065 1055 3118 ἐστε
1082 3065 1402 3136 φιλότεχνοι,
1426 3065 1716 3138 δυνήσεσθε

118 3149 335 3205 ἀνωθεν
374 3147 471 3202 καὶ
490 3146 551 3214 ἐξ
571 3147 745 3219 ἀρχῆς
776 3148 1308 3219 καταμανθάνοντες,
1343 3148 1517 3213 οὕτως
1537 3151 1718 3220 εὑρεῖν

118 3233 290 3288 αὑτὸν
341 3230 730 3302 οίκονομοῦντα
760 3230 870 3285 τῶν
906 3231 1069 3286 αὑτοῦ
1107 3231 1309 3286 δούλων
1344 3232 1444 3305 τὴν
1491 3232 1712 3305 ζωὴν),

117 3318 237 3382 πῶς
293 3317 398 3370 οὐκ
440 3316 506 3370 ἂν
536 3315 624 3386 εῐη
666 3315 903 3387 ἐσχάτης
949 3315 1342 3386 ἀγνωμοσύνης
1378 3318 1439 3370 τὸ
1475 3318 1717 3388 νομίζειν

118 3399 572 3471 ἐγκαταλείψεως
616 3393 756 3453 εἶναι
792 3399 892 3471 τὴν
934 3401 1205 3472 τοσαύτην
1244 3401 1612 3473 συγχώρησιν,
1652 3403 1715 3456 οὐ

118 3483 328 3556 πολλῆς
358 3483 416 3536 δὲ
449 3483 649 3554 μᾶλλον
675 3482 1024 3554 κηδεμονίας,
1055 3484 1268 3555 καὶτῆς
1287 3485 1496 3554 ἀφάτου
1529 3486 1717 3554 φιλαν-

119 3568 374 3640 θρωπίας
411 3566 570 3621 τοῦτο
601 3567 856 3638 μέγιστον
891 3567 1162 3622 ποιεῖσθαι
1201 3571 1457 3640 σημεῖον;
1490 3571 1718 3636 Δεικνύς

115 3652 302 3706 τοίνυν
342 3650 442 3723 τὴν
472 3650 915 3722 ὑπερϐάλλουσαν
951 3651 1178 3724 δύναμιν
1209 3652 1397 3721 αὐτοῦ,
1426 3653 1520 3708 δύο
1543 3655 1716 3709 ταῦτα

117 3734 378 3790 ἐντεῦθεν
418 3735 840 3800 κατασκευάζει,
891 3737 1124 3791 καὶτῶν
1170 3737 1373 3792 δούλων
1422 3739 1587 3792 αὐτοῦ
1616 3739 1716 3814 τὴν

118 3818 406 3892 ὑπομονὴν
428 3820 523 3873 καὶ
542 3819 642 3891 τὴν
668 3819 917 3892 ἀνδρείαν
941 3819 1112 3874 ἅπασι
1135 3821 1375 3895 φανερὰν
1400 3820 1712 3896 καθίστησι,

115 3905 216 3961 καὶ
245 3905 351 3975 τῆς
374 3901 630 3974 προνοίας
652 3903 815 3956 αὐτοῦ
837 3902 898 3956 τὸ
923 3904 1230 3976 εὐμήχανον
1250 3904 1344 3957 καὶ
1376 3905 1580 3976 μεταξύ
1606 3906 1715 3959 τῶν

115 3989 316 4044 δεινῶν
350 3986 551 4052 αὐτῶν,
589 3988 684 4040 καὶ
731 3986 869 4058 μετὰ
897 3988 958 4040 τὸ
979 3988 1399 4061 ἀπογνωσθῆναι
1431 3990 1616 4061 σχεδὸν
1645 3991 1713 4046 τά

117 4074 457 4144 πράγματα,
487 4071 607 4125 τότε
654 4070 792 4142 πρὸς
829 4069 858 4122 ὃ
890 4069 1138 4141 βούλεται
1179 4073 1526 4145 μεθίστησιν,
1561 4075 1715 4130 οὐδὲν

115 4157 230 4211 ὑπὸ
252 4157 358 4225 τῆς
387 4156 444 4208 ἐν
472 4154 623 4226 μέσῳ
643 4153 928 4217 δυσκολίας
955 4153 1252 4227 γενομένης
1268 4155 1709 4230 ἐμποδιζόμενος.

116 4243 232 4299 Kal
283 4239 477 4310 ὤφθη,
517 4240 671 4310 φησὶ,
724 4237 942 4307 Κύριος
988 4243 1022 4294 ό
1057 4241 1203 4307 Θεὸς
1229 4240 1310 4307 τῷ
1341 4243 1576 4313 Ἀϐραμ,
1612 4246 1711 4300 καί

113 4324 298 4382 εἶπεν
341 4323 503 4390 αὐτῷ
528 4341 543 4354 ·
584 4321 676 4388 Τῷ
705 4322 1006 4391 σπέρματί
1041 4339 1158 4378 σου
1209 4325 1383 4379 δώσω
1431 4325 1547 4395 τὴν
1596 4318 1716 4398 γῆν

114 4411 378 4477 ταύτην.
405 4406 632 4477 Μεγάλη
665 4407 698 4476 ἡ
737 4407 1052 4477 ὑπόσχεσις,
1093 4408 1187 4462 καὶ
1225 4408 1448 4480 ποθεινὴ
1479 4411 1713 4481 μάλιστα

114 4493 200 4564 τῷ
230 4490 452 4562 δικαίῳ.
489 4490 634 4544 Ἵστε
659 4492 768 4562 γὰρ
809 4489 959 4554 ὅπως
1003 4493 1052 4544 οἱ
1099 4493 1158 4544 ἐν
1187 4493 1334 4564 γήρα
1369 4493 1705 4563 φθάσαντες,

118 4577 369 4651 μάλιστα
385 4575 479 4629 καὶ
509 4577 568 4629 ἐν
599 4574 827 4647 ἀπαιδίᾳ
851 4575 940 4630 τὸν
957 4575 1174 4630 ἅπαντα
1197 4575 1476 4645 διάγοντες
1499 4581 1710 4650 χρόνον,

114 4659 462 4732 ἐπιθυμοῦσι
500 4658 728 4714 παίδων.
761 4660 874 4730 Τῆς
904 4660 1154 4731 ὑπακοῆς
1196 4660 1376 4715 τοίνυν
1425 4664 1576 4735 αὐτῴ
1612 4667 1711 4738 τὴν

113 4743 365 4816 ἀμοιϐὴν
384 4742 560 4806 διδοὺς
584 4743 614 4795 6
636 4744 933 4814 Δεσπότης,
953 4745 1047 4797 καὶ
1073 4744 1156 4798 ὅτι
1183 4743 1443 4811 ἀκούσας,
1461 4749 1714 4815 Ἔξελθε

113 4829 189 4881 ἐκ
222 4825 340 4894 τῆς
371 4824 488 4896 γῆς
519 4842 656 4891 σου,
691 4826 790 4896 οὐχ
818 4827 1133 4898 ὑπερέθετο,
1178 4830 1277 4882 οὐκ
1316 4830 1711 4907 ἀνεϐάλ[λ]ετο,

114 4914 241 4968 ἀλλ’
271 4913 553 4983 ὑπήκουσε
583 4910 662 4983 τῷ
694 4912 1050 4983 ἐπιτάγματι,
1079 4914 1172 4969 καὶ
1217 4915 1296 4979 εἰς
1331 4915 1492 4989 ἔργον
1535 4921 1712 4991 ῆγαγε

111 4999 176 5051 τὸ
224 4995 590 5067 προσταχθὲν,
624 4995 777 5068 φησί·
815 4995 900 5062 Τῷ
921 4995 1224 5069 σπέρματί
1247 5013 1364 5055 σου
1399 5001 1572 5058 δώσω
1599 5005 1714 5075 τὴν

111 5081 244 5153 γῆν
269 5081 518 5147 ταύτην.

187 5183 266 5254 γ’.
283 5183 486 5237 Σκόπει
504 5183 620 5248 πῶς
633 5183 720 5238 διὰ
741 5181 835 5238 τοῦ
853 5186 1097 5259 ῥήματος
1113 5187 1409 5261 ἀνέστησεν
1426 5192 1592 5248 αὐτοῦ
1613 5195 1713 5265 τὴν

111 5271 391 5332 διάνοιαν,
423 5268 516 5320 καὶ
550 5266 828 5338 ἀρκοῦσαν
861 5269 1010 5341 αὐτῷ
1036 5271 1145 5326 τῶν
1175 5275 1437 5344 καμάτων
1468 5279 1712 5350 παρέσχε

108 5355 218 5425 τὴν
259 5350 549 5406 ἀντίδοσιν.
576 5352 676 5406 Διά
693 5369 775 5406 τοι
799 5353 958 5407 τοῦτο
981 5355 1074 5408 καὶ
1094 5357 1123 5409 6
1149 5356 1374 5425 δίκαιος,
1389 5359 1486 5432 τὴν
1505 5362 1713 5418 οἰκείαν

110 5432 551 5506 εὐγνωμοσύνην
590 5434 1063 5508 ἐπιδεικνύμενος,
1116 5439 1318 5506 εὐθέως
1354 5444 1446 5497 ἐπὶ
1492 5445 1711 5516 εὐχαρι-

111 5520 278 5573 στίαν
301 5516 586 5588 τρέπεται.
609 5517 717 5574 Kal
735 5519 1124 5591 ᾠκοδόμησεν
1146 5523 1288 5589 ἐκεῖ,
1317 5529 1472 5598 φησὶ,
1505 5532 1712 5584 θυσιας

109 5603 382 5674 στήριον
395 5601 476 5669 τῷ
495 5605 692 5673 Κυρίῳ
705 5605 788 5672 τῷ
811 5605 1052 5676 ὀφθέντι
1082 5607 1263 5674 αὐτῷ.
1292 5609 1436 5682 Ὅρα
1462 5612 1708 5682 φιλοθέου

112 5687 353 5758 γνώμης
382 5687 702 5758 τεκμήριον.
745 5689 856 5742 Kal
901 5690 1063 5746 αὐτὸν
1090 5692 1180 5747 τὸν
1208 5692 1390 5760 τόπον,
1446 5695 1574 5750 ἐνθα
1611 5698 1711 5768 τῆς

121 5773 342 5834 ιοοιλίας
407 5769 618 5842 ⁴ίιξιώθη
679 5773 780 5846 τῆς
836 5775 985 5846 παρὰ
1049 5775 1144 5829 τοῦ
1190 5778 1360 5844 Θεοῦ,
1412 5780 1706 5853 ἁφιέρωσε,

1147 263 1214 320 ΙΝ
1267 263 1422 322 CAP.
1466 264 1561 320 XII
1607 262 1852 322 GENES.
1892 265 2129 324 HOMIL.
2172 265 2381 322 XXXII.

3292 263 3397 320 996

1823 381 1918 434 καὶ
1963 383 2063 453 τὴν
2110 381 2456 453 εὐχαριστίαν
2493 379 2592 451 τὴν
2631 379 2770 434 κατὰ
2801 379 3030 451 δύναμιν
3067 377 3402 444 ἐπεδείξατο.

1821 466 1990 519 Τοῦτο
2015 467 2123 538 γάρ
2167 468 2336 529 ἐστιν,
2380 465 2750 536 ’ῼκοδόμησε
2780 463 3238 532 θυσιαστήριον,
3283 464 3406 517 ἀντὶ

1819 549 1934 614 τοῦ,
1994 551 2388 622 εὐχαρίστησεν
2439 551 2579 622 ὑπὲρ
2623 549 2734 602 τῶν
2773 547 3241 617 ἐπαγγελθέντων.
3294 549 3406 602 Kal

1820 634 2069 706 καθάπερ
2102 633 2378 705 ἄνθρωποι
2431 635 2690 699 πολλάκις
2723 633 2827 687 ὑπὸ
2875 631 3099 704 φίλτρου
3146 629 3404 702 κινούμε-

1820 735 1921 781 νοι,
1953 718 2048 772 καὶ
2085 717 2260 780 οίκίας
2299 717 2695 788 οἰκοδομοῦσιν,
2739 715 2869 770 ἔνθα
2915 716 2982 769 ἀν
3027 717 3138 778 τοῖς
3167 713 3407 784 γνησίως

1821 802 1950 872 περὶ¹
1997 802 2193 865 αὐτοὺς
2234 801 2598 872 διακειμένοις
2649 799 3090 869 συντυγχάνωσι,
3147 797 3406 860 πολλάκις

1819 885 1876 939 δὲ
1897 885 2084 938 πολλοὶ
2111 886 2205 939 καὶ
2223 884 2406 947 πόλεις
2434 883 2691 954 ἔστησαν,
2727 883 2819 936 καί¹
2847 883 2948 947 τάς
2985 882 3350 952 ἐπονομασίας
3377 892 3405 922 ι

1819 970 2009 1033 αὐταῖς
2047 968 2198 1042 [520]
2229 971 2294 1022 ἐκ
2327 967 2427 1038 τῆς
2464 965 2573 1020 τῶν
2611 965 2932 1037 ἐπιτηδείων
2975 965 3261 1034 συντυχίας
3306 965 3407 1016 ἐπ-

1819 1053 2044 1124 έθηκαν·
2069 1053 2160 1106 τὸν
2187 1053 2348 1107 αὐτὸν
2365 1052 2430 1124 δὴ
2465 1051 2667 1123 τρόπον
2690 1051 2782 1104 καὶ
2805 1053 2833 1104 ὁ
2851 1050 3055 1114 δίκαιος
3083 1043 3257 1114 οὗτος,
3279 1047 3409 1101 ἔνθα

1819 1137 1920 1208 τῆς
1943 1137 2209 1200 ὀπτασίας
2231 1137 2330 1207 τῆς
2359 1134 2454 1190 τοῦ
2477 1133 2612 1188 Θεοῦ
2628 1133 2855 1205 ἠξιώθη,
2870 1133 2930 1185 τὸ
2967 1133 3407 1200 Θυσιαστήριον

1820 1221 2178 1291 ᾠκοδόμησε
2201 1221 2398 1290 Κυρίῳ
2435 1219 2518 1286 τῷ
2538 1217 2777 1288 ὀφθέντι
2807 1215 2987 1282 αὐτῷ,
3018 1216 3116 1271 καί
3145 1217 3406 1281 ἀπέστη,

1823 1306 2008 1375 φησὶν,
2032 1305 2282 1359 ἐκεῖθεν.
2321 1304 2387 1356 Τί
2424 1305 2560 1370 ἐστι,
2597 1301 2706 1356 Kal
2741 1300 2978 1367 ἀπέστη
3010 1299 3272 1364 ἑκεὶθεν;
3321 1300 3409 1363 Ὠς

1823 1389 2120 1460 ἱερωμένου
2149 1388 2335 1443 λοιπὸν
2355 1386 2448 1441 τοῦ
2467 1387 2656 1452 τόπου,
2687 1384 2874 1455 καὶτῷ
2895 1383 3015 1454 Θεῷ
3033 1383 3406 1448 ἀνατεθέντος,

1823 1472 2169 1544 ἀνεχώρησεν
2192 1474 2423 1539 ἐκεῖθεν,
2464 1471 2559 1525 καὶ
2587 1470 2852 1542 μετῆλθεν
2875 1471 2955 1533 εἰς
2987 1469 3174 1540 ἓτερον
3210 1469 3406 1532 τόπον,

1824 1559 2007 1628 φησὶν,
2026 1561 2130 1624 Εἰς
2153 1557 2218 1611 τὸ
2241 1557 2377 1627 ὄρος
2393 1555 2544 1611 κατὰ
2567 1556 2867 1622 ἀνατολὰς
2885 1554 3103 1621 Βεθὴλ,
3122 1553 3219 1612 καὶ
3235 1555 3412 1621 ἕστη-

1825 1657 1938 1694 σεν
1958 1640 2087 1695 ἐκεῖ
2111 1640 2226 1709 τὴν
2251 1641 2496 1709 σκηνὴν
2518 1638 2706 1695 αὐτοῦ
2729 1655 2742 1670 °
2766 1637 3211 1710 ἐσχεδιασμένην,
3252 1638 3408 1708 φησὶ,

1823 1724 1922 1794 τὴν
1943 1725 2155 1796 οἴκησιν
2180 1725 2494 1795 ἐποιήσατο.
2526 1725 2667 1799 Ὅρα
2700 1722 2817 1787 πῶς
2847 1718 2914 1795 ἦν
2943 1723 3047 1776 ἀπέ
3059 1739 3254 1794 ριττος,
3293 1721 3411 1784 πῶς

1822 1804 1892 1880 ἦν
1923 1808 2179 1872 εὔζωνος,
2214 1807 2289 1872 ὡς
2333 1809 2471 1878 μετά
2497 1825 2556 1860 τε
2583 1807 2840 1876 γυναικὸς
2867 1807 2961 1860 καὶ
2984 1807 3209 1860 οἰκετῶν
3237 1804 3411 1869 οὑτως

1824 1893 2062 1957 εὐκόλως
2094 1892 2536 1963 μετανίστασθαι.
2569 1891 2940 1945 Ἀκουέτωσαν
2970 1890 3183 1962 ἄνδρες,
3214 1889 3412 1943 ἀκουέ-

1823 1994 2003 2031 τωσαν
2031 1979 2305 2046 γυναῖκες.
2338 1978 2449 2030 Καὶ
2475 1975 2584 2047 γὰρ
2621 1975 2880 2038 πολλάκις
2912 1977 2991 2039 είς
3015 1974 3183 2047 ἀγρὸν
3211 1975 3412 2040 ἐξιέναι

1823 2061 2087 2131 δεόμενοι,
2137 2061 2336 2132 μυρίας
2384 2058 2705 2131 ἐπινοοῦμεν
2754 2060 3036 2130 μηχανάς,
3093 2059 3188 2112 καὶ
3239 2057 3410 2112 πολλά

1825 2145 1919 2198 καὶ
1941 2144 2172 2215 διάφορα
2193 2142 2717 2214 πραγματευόμεθα,
2751 2142 2841 2196 διὰ
2873 2142 2934 2196 τὸ
2963 2141 3132 2196 πολλὰ
3153 2141 3412 2214 ἐπισύρε-

1826 2227 1991 2292 σθαι,
2038 2229 2134 2281 καὶ
2186 2227 2260 2298 μὴ
2289 2227 2390 2296 τῆς
2425 2226 2615 2298 χρείας
2646 2225 2888 2294 γίνεσθαι
2922 2225 3143 2297 μᾶλλον,
3176 2225 3314 2280 ἀλλά
3340 2227 3411 2280 τὰ

1825 2309 2057 2382 περιττὰ
2104 2311 2199 2364 καὶ
2242 2309 2498 2380 ἀνόνητα,
2545 2309 2640 2362 καὶ
2693 2310 2996 2378 φαντασίας
3037 2309 3224 2363 ἕνεκεν
3277 2312 3412 2380 ἡμῖν

1825 2394 2239 2465 ἐσπουδασμένα
2261 2435 2276 2457 ,
2321 2393 2494 2446 ταῦτα
2529 2393 2650 2463 μεθ’
2679 2393 2887 2448 ἑαυτῶν
2927 2394 3081 2462 ἀγειν
3125 2393 3222 2447 καὶ
3253 2410 3412 2463 περι-

1826 2477 1998 2546 άγειν.
2046 2476 2186 2530 Ἀλλ’
2212 2477 2308 2547 οὐχ
2333 2479 2362 2530 6
2401 2477 2611 2541 δίκαιος
2650 2469 2825 2540 οὗτος.
2851 2475 3041 2530 ’Ἀλλά
3067 2476 3148 2541 τί;
3191 2475 3409 2548 Ἐπειδὴ

1825 2561 2078 2629 ἀξιωθεὶς
2108 2562 2208 2633 τῆς
2235 2562 2386 2632 παρά
2414 2559 2510 2615 τοῦ
2545 2559 2680 2614 Θεοῦ
2709 2561 2946 2630 ὁμιλίας,
2982 2560 3076 2614 τὸν
3114 2561 3278 2614 τόπον
3307 2561 3411 2629 ἀφ-

1827 2646 2040 2718 ιέρωσε,
2069 2645 2164 2700 καὶ
2195 2645 2578 2715 θυσιαστήριον
2615 2643 2952 2714 ᾠκοδόμησε,
2991 2643 3226 2714 μετέστη
3273 2644 3410 2714 μετὰ

1824 2730 2009 2800 πάσης
2034 2727 2284 2793 εὐκολίας
2313 2727 2560 2799 ἑτέρωθι.
2576 2725 2969 2794 Καίέστησεν
2981 2726 3109 2780 ἐκεῖ
3133 2726 3410 2795 τὴνσκη-

1823 2813 1944 2882 νὴν
1970 2812 2266 2875 αὑτοῦ,ἐν
2291 2811 2489 2878 Βεθὴλ
2523 2809 2674 2864 κατὰ
2706 2809 3050 2872 θάλασσαν,
3085 2811 3182 2864 καὶ
3215 2811 3407 2881 Ἂγγσί

1825 2897 1976 2951 κατὰ
2003 2893 2308 2962 ἀνατολάς
2328 2911 2343 2926 ·
2365 2893 2466 2948 καί
2507 2892 2857 2962 ᾠκοδόμησε
2879 2892 3055 2948 κάκεῖ
3074 2893 3407 2960 θυσιαστή-

1818 2997 1956 3048 ριον
1987 2977 2067 3044 τῷ
2093 2978 2311 3046 Κυρίῳ,
2345 2976 2443 3031 καὶ
2477 2977 2888 3030 ἐπεκαλέσατο
2913 2977 3012 3031 ἐπὶ
3053 2975 3134 3042 τῷ
3163 2979 3409 3046 ὀνόματι

1824 3064 2066 3131 Κυρίου.
2101 3062 2242 3134 Ὅρα
2273 3060 2390 3124 πῶς
2413 3059 2502 3113 διά
2542 3059 2759 3114 πάντων
2787 3059 3058 3118 δείκνυσιν
3085 3061 3277 3115 ἐαυτοῦ
3308 3064 3409 3131 τὴν

1825 3144 2071 3216 φιλόθεον
2097 3144 2346 3216 γνώμην.
2385 3143 2531 3198 Ἐκεῖ
2573 3145 2673 3216 μὲν
2705 3143 2814 3215 γάρ
2865 3144 2956 3198 διά
2985 3145 3082 3215 τὴν
3117 3146 3266 3218 παρὰ
3313 3148 3407 3201 τοῦ

1823 3229 1957 3283 Θεοῦ
1999 3229 2374 3301 γεγενημένην
2422 3229 2571 3301 αὐτῷ
2611 3229 2903 3301 ὑπόσχεσιν
2935 3229 2997 3283 τὺ
3029 3230 3409 3304 θυσιαστήριον

1823 3313 2167 3385 ᾠκοδόμησε,
2214 3315 2434 3368 καὶτὸν
2478 3315 2644 3369 τόπον
2688 3315 3004 3386 ἀφιερώσας
3036 3317 3406 3390 ἀνεχώρησεν.

1836 3397 2100 3452 Ἐνταῦθα
2121 3398 2178 3452 δὲ
2197 3397 2384 3471 ἐπειδὴ
2405 3399 2504 3469 τὴν
2534 3399 2741 3470 σκηνὴν
2765 3400 3026 3471 ἐπήξατο,
3046 3402 3208 3456 πάλιν
3242 3405 3408 3472 ’ῼκο-

1822 3479 2074 3550 δόμησε,
2120 3483 2288 3553 φησὶ,
2337 3482 2772 3550 θυσιαστήριον
2817 3482 2897 3549 τῷ
2925 3486 3138 3553 Κυρίῳ,
3169 3487 3266 3540 καὶ
3299 3487 3405 3540 ἐπα

1822 3565 2156 3620 εκαλέσατο
2181 3566 2280 3620 ἐπὶ
2315 3565 2396 3631 τῷ
2425 3566 2668 3635 ὀνόματι
2705 3567 2950 3634 Κυρίου.
2995 3564 3151 3633 Εἶδες
3179 3571 3406 3643 γνώμην

1824 3649 2109 3720 φιλόσοφον
2126 3668 2142 3716 ;
2162 3646 2299 3714 εἶδες
2316 3652 2453 3722 ὅπερ
2477 3653 2706 3723 γράφων
2723 3653 3027 3724 παρῄνεσεν
3049 3657 3076 3708 6
3094 3655 3405 3727 θαυμαστὸς

1821 3733 1919 3804 τῆς
1935 3734 2256 3806 οἰκουμένης
2275 3734 2591 3799 διδάσκαλος
2607 3738 2636 3788 ό
2658 3737 2926 3808 μακάριος
2958 3738 3184 3802 Παῦλος,
3209 3741 3404 3808 λέγων’

1834 3817 1932 3869 Ἐν
1955 3818 2134 3870 παντὶ
2167 3820 2327 3886 τόπῳ
2351 3818 2712 3887 ἐπαίροντας
2741 3818 2954 3888 όσίους
2989 3821 3195 3891 χεῷας
3213 3840 3227 3854 ο
3250 3825 3410 3878 τοῦτο

1822 3901 2110 3974 προλαϐὼν
2128 3904 2156 3956 6
2178 3902 2523 3975 πατριάρχης
2548 3903 2635 3957 διά
2664 3903 2772 3956 τῶν
2803 3904 2979 3976 ἔργων
2997 3907 3258 3978 ἐπλήρου,
3281 3909 3404 3962 καθ’

1821 3988 2052 4043 ἕκαστον
2085 3988 2248 4043 τόπον
2271 3989 2656 4061 θυσιαστήριον
2689 3991 3008 4063 οἰκοδομῶν,
3054 3993 3148 4046 καὶ
3181 3993 3280 4058 τὰς
3312 3995 3404 4047 εὐ-

1821 4073 2106 4143 χαριστίας
2149 4073 2436 4144 ἀναφέρων
2480 4074 2559 4146 τῷ
2603 4075 2881 4148 Δεσπότης
2922 4076 3074 4149 ᾚδει
3107 4077 3236 4149 γὰρ,
3287 4080 3403 4152 ᾔδει

1822 4157 2028 4228 σαφῶς,
2059 4157 2135 4222 ὡς
2161 4158 2311 4212 οὐδὲν
2349 4159 2536 4230 ἕτερον
2567 4159 2818 4231 ἐπιζητεῖ
2848 4162 2998 4232 παρὰ
3047 4161 3148 4233 τῆς
3187 4163 3404 4235 ἀνθρω-

1823 4243 1984 4313 πίνης
2024 4241 2240 4313 φύσεως
2265 4245 2295 4297 6
2323 4243 2432 4297 τῶν
2459 4244 2596 4298 ὅλων
2628 4243 2761 4309 Θεὸς
2793 4247 2930 4316 μετά
2950 4247 3047 4310 τὰς
3076 4249 3278 4319 μυρίας
3307 4250 3404 4304 καὶ

1821 4329 2062 4399 ἀφάτους
2092 4329 2259 4382 αὑτοῦ
2295 4328 2618 4400 εὐεργεσίας
2637 4371 2651 4394 ,
2687 4328 2765 4392 ὡς
2794 4329 3113 4402 εὐχάριστον
3145 4331 3402 4405 γνώμην,

1821 4413 1996 4467 καὶτὸ
2017 4413 2214 4468 εἰδέναι
2240 4415 2399 4486 χάριν
2419 4415 2700 4485 ὁμολογεῖν
2721 4414 2862 4486 ὑπὲρ
2880 4415 2989 4468 τῶν
3012 4417 3400 4489 ὑπηργμένων.

1834 4497 1972 4554 Ἀλλ’
2008 4498 2204 4568 ἴδωμεν
2227 4498 2408 4562 πάλιν,
2440 4498 2557 4561 πῶς
2589 4499 2684 4552 καὶ
2706 4497 2955 4553 ἐντεῦθεν
2975 4503 3002 4556 6
3032 4501 3242 4566 δίκαιος
3274 4519 3404 4574 μετ·

1819 4583 2123 4638 ανίσταται.
2165 4581 2274 4636 Kal
2303 4580 2519 4650 ἀπῆρε,
2547 4582 2732 4654 φησὶν,
2765 4583 3011 4652 Ἀϐραμ,
3051 4585 3147 4638 καὶ
3184 4600 3402 4656 πορευ-

1821 4667 1944 4733 θείς
1996 4665 2548 4733 ἐστρατοπέδευσεν
2573 4667 2644 4721 ὲν
2674 4665 2749 4736 τῇ
2785 4668 3002 4738 ἐρήμῳ.
3042 4669 3185 4742 Ὅρα
3239 4671 3403 4726 πάλιν

1818 4751 1919 4822 τὴν
1948 4749 2193 4818 φιλόθεον
2230 4748 2397 4803 αὐτοῦ
2441 4748 2667 4822 γνώμην
2697 4752 2791 4804 καὶ
2827 4753 2927 4821 τὴν
2961 4750 3280 4823 φιλοσοφίαν
3304 4755 3402 4826 τὴν

1821 4835 2041 4908 πολλήν.
2095 4835 2303 4900 Πάλιν,
2354 4837 2558 4906 φησὶν,
2611 4836 2860 4891 ἐντεῦθεν
2911 4838 3247 4910 ἀνεχώρησε,
3306 4841 3403 4893 καὶ

1834 4919 2416 4990 Ἐστρατοπέδευσεν
2425 4920 2494 4974 ὲν
2511 4919 2586 4989 τῇ
2599 4921 2979 4990 ἐρήμῳ.Τίνος
2994 4923 3178 4975 ἕνεκεν
3187 4923 3403 4994 ἀπῆρεν

1821 5003 2031 5058 ἐκεῖθεν
2054 5021 2070 5070 ;
2111 5004 2270 5070 Ἴσως
2298 5003 2442 5077 ὀρῶν
2463 5020 2615 5068 τινας
2637 5005 2939 5074 οίκητόρων
2961 5006 3062 5059 οὐκ
3094 5006 3400 5077 ἀρεσκομέ-

1821 5104 1945 5152 νους
1978 5086 2142 5142 αὐτοῦ
2168 5091 2236 5160 τῇ
2267 5087 2556 5159 παρουσίᾳ.
2587 5087 2688 5140 Διά
2717 5104 2798 5141 τοι
2816 5086 2976 5141 τοῦτο
2993 5087 3208 5152 δεικνὺς
3235 5089 3400 5142 αὐτοῦ

1818 5174 1918 5243 τῆς
1947 5172 2252 5244 πραότητος
2281 5171 2383 5243 τὴν
2412 5169 2739 5242 ὑπερϐολὴν,
2767 5171 2860 5224 καὶ
2887 5172 3032 5236 ὅπως
3055 5173 3185 5244 περὶ
3202 5172 3398 5227 πολλοῦ

1820 5257 2050 5308 ποιεῖται
2095 5255 2193 5326 τὴν
2235 5255 2466 5326 ἡσυχίαν
2509 5254 2604 5308 καὶ
2645 5253 2708 5308 τὸ
2745 5255 2882 5327 πρὸς
2926 5256 3132 5327 μηδένα
3169 5275 3222 5311 τι
3255 5258 3401 5330 ἔχειν

1819 5338 2018 5404 κοινὸν,
2054 5339 2153 5410 τὴν
2180 5339 2418 5414 ἐρημίαν
2457 5338 2882 5410 καταλαμϐάνει.
2918 5341 3030 5395 Kal
3063 5343 3397 5410 πορευθεὶς,

1819 5422 2004 5492 φησὶν,
2041 5421 2594 5490 ἐστρατοπέδευσεν
2617 5422 2688 5478 ἐν
2714 5423 2789 5492 τῇ
2815 5423 3032 5495 ἐρήμῳ.
3068 5422 3208 5499 Ξένῃ
3248 5425 3395 5492 λέξει

1818 5505 2090 5576 ἐχρήσατο
2138 5507 2172 5576 ὴ
2226 5506 2345 5561 θεία
2397 5507 2620 5579 Γραφή’
2676 5507 2927 5580 καθάπερ
2981 5510 3092 5580 γὰρ
3149 5511 3242 5564 ἐπὶ
3285 5511 3401 5566 τῶν

1819 5588 2072 5658 πολέμων
2104 5590 2132 5630 ιι
2159 5589 2280 5654 ἔθος
2303 5593 2423 5645 ἐστὶ
2464 5592 2668 5662 λέγειν,
2713 5590 2855 5648 οὑτω
2881 5595 2974 5648 καὶ
2997 5594 3092 5648 νῦν
3123 5593 3274 5648 εἶπεν
3305 5595 3401 5650 ἐπὶ

1881 5673 1907 5739 ξ’
1932 5672 2067 5739 ῌῃυε
2094 5675 2278 5739 καὶτὰς
2301 5676 2587 5739 ἐπωνυμίας.

1879 5734 2029 5803 [vAlil
2051 5734 2482 5803 πολεμίωνλείεῶ
2518 5740 2699 5795 legisse
2723 5738 2919 5792 videtur
2953 5746 3094 5792 τοίας
3131 5741 3396 5803 interpres.

1821 5796 1946 5846 Infra
1968 5811 2094 5848 unus
2125 5796 2249 5864 δείξῃ
2272 5800 2326 5849 τὸ
2352 5801 2548 5858 εὑξωνον
2573 5804 2699 5866 (siv).
