3788 6252
289 226 393 282 297

283 341 374 395 τοῦ
403 343 633 410 δικαίου,
666 346 745 398 ὅτι
779 343 1265 415 ἐστρατοπέδευσε,
1305 344 1392 395 ἵνα
1426 341 1574 413 δείξῃ
1613 341 1672 394 16
1717 340 1945 404 εὐζωνον

282 430 379 485 τοῦ
418 433 777 504 πατριάρχου,
810 433 891 485 ὅτι
920 429 1071 502 [521]
1106 430 1353 499 καθάπερ
1380 430 1429 481 οί
1465 427 1795 497 στρατιῶται
1828 428 1947 498 μετ’

284 522 540 584 εὐκολίας
563 522 656 573 νῦν
691 521 787 591 μὲν
816 518 1069 584 ἐνταῦθα,
1097 518 1190 571 νῦν
1212 518 1269 571 δὲ
1300 519 1477 569 ἐκεῖσε
1507 515 1958 587 στρατοπεδεύον-

282 626 375 663 ται
402 626 417 641 ο
454 608 594 662 οὕτω
621 607 684 678 δὴ
720 608 815 661 καὶ
842 609 869 659 6
904 606 1109 669 δίκαιος
1137 599 1308 667 οὗτος,
1358 604 1542 657 καίτοι
1574 605 1808 671 γυναῖκα
1839 603 1957 655 ἐπι-

285 697 613 768 φερόμενος,
657 696 750 747 καὶ
790 693 879 747 τὸν
922 690 1257 761 ἀδελφιδοῦν,
1298 692 1391 744 καὶ
1431 690 1702 743 τοσούτων
1730 689 1956 742 οἰκετῶν

283 782 507 853 πλῆθος,
542 781 679 852 μετά
706 781 949 843 πλείονος
986 779 1086 849 τῆς
1121 778 1373 842 εὐκολίας
1398 778 1501 840 τὰς
1531 777 1956 847 μεταναστάσεις

282 870 536 923 ἐποιεῖτο.
571 864 720 931 Εἶδες
752 867 863 938 βίον
891 868 949 919 ἐν
982 867 1129 936 γήρᾳ
1166 866 1303 936 μετά
1325 865 1582 931 γυναικὸς
1610 866 1703 917 καὶ
1731 863 1955 917 οίκετῶν

280 955 549 1009 τοσούτων
585 954 853 1019 εὐζωνον;
902 954 1056 1024 Ἐμοὶ
1092 954 1147 1007 δὲ
1178 954 1458 1025 Θαυμάσαι
1509 952 1687 1005 ἐπεισι
1722 952 1956 1022 μάλιστα

282 1044 386 1113 τῆς
432 1043 688 1112 γυναικὸς
740 1041 839 1113 τὴν
893 1040 1161 1113 ἀνδρείαν.
1198 1042 1368 1094 Ὅταν
1412 1039 1520 1111 γάρ
1566 1041 1803 1109 ἐννοήσω
1857 1039 1955 1109 τῆς

283 1131 496 1199 φύσεως
545 1131 643 1200 τῆς
671 1129 987 1198 γυναικείας
1021 1127 1117 1198 τὴν
1148 1127 1431 1181 ἀσθένειαν
1456 1168 1471 1193 ,
1525 1127 1618 1179 καὶ
1652 1126 1953 1196 λογίσωμαι

282 1219 431 1281 ὅπως
464 1220 580 1289 μετ’
610 1216 858 1280 εὐκολίας
890 1217 1009 1287 ἅμα
1042 1215 1120 1286 τῷ
1152 1214 1346 1285 δικαίῳ
1393 1214 1491 1278 τὰς
1528 1212 1955 1285 μεταναστάσεις

282 1305 609 1368 ἐποίει,οὐτε
636 1306 773 1377 αὐτὴ
802 1302 1245 1375 δυσχεραίνουσα,
1272 1302 1396 1355 οὐτε
1414 1301 1491 1372 τῷ
1507 1302 1699 1371 δικαίῳ
1728 1300 1956 1369 κώλυμα

282 1394 565 1465 γινομένη,
598 1392 988 1463 ἐκπλήττομαι,
1009 1390 1134 1444 ’καὶ
1167 1388 1450 1458 λογίζομαι
1492 1390 1571 1442 ὅτι
1605 1389 1705 1441 οὐκ
1735 1388 1955 1441 ἔλαττον

283 1481 376 1535 τοῦ
424 1482 633 1537 δικαίου
679 1482 773 1535 καὶ
824 1480 962 1551 αὐτὴ
1015 1480 1270 1551 φρόνημα
1317 1478 1518 1549 ὑψηλὸν
1566 1479 1661 1530 καὶ
1715 1476 1957 1548 ἀνδρεῖον

284 1570 564 1639 ἐκέκτητο.
593 1570 699 1622 Καὶ
727 1568 883 1621 τοῦτο
905 1568 1137 1637 μάλιστα
1165 1567 1444 1636 εἰσόμεθα,
1473 1566 1717 1629 ἐπιόντες
1740 1566 1809 1619 τά
1830 1564 1957 1636 ἑξῆς

284 1657 393 1709 τῶν
422 1655 871 1726 ἀνεγνωσμένων.
904 1650 1057 1718 Εἶδες
1090 1656 1171 1707 ὄτι
1215 1654 1354 1725 μετά
1374 1653 1436 1706 16
1461 1653 1713 1717 ἀκοῦσαι,
1749 1653 1832 1705 ὅτι
1872 1651 1957 1717 Τῷ

284 1746 580 1815 σπέρματί
632 1761 749 1799 σου
805 1744 976 1798 δώσω
1030 1744 1143 1812 τὴν
1192 1743 1311 1812 γῆν
1370 1744 1637 1810 ταύτην,
1688 1741 1807 1806 πῶς
1857 1743 1957 1812 οὐχ

284 1834 557 1904 ἡσύχασεν
586 1834 614 1886 6
641 1833 863 1897 δίκαιος,
898 1833 1011 1887 ἀλλ’
1045 1832 1291 1885 ἐντεῦθεν
1322 1832 1437 1884 ἐκεῖ
1462 1843 1488 1871 ι
1523 1831 1826 1900 μετέϐαινε,
1860 1830 1955 1883 καὶ

286 1920 444 1974 πάλιν
473 1921 680 1975 ἐκεῖθεν
705 1921 961 1993 ἐτέρωθι;
998 1921 1135 1973 Ἀλλ’
1166 1922 1269 1991 ὅρα
1301 1921 1396 1973 καὶ
1442 1921 1551 1973 ἀπὸ
1582 1920 1679 1990 τῆς
1718 1918 1953 1989 ἐρημίας

285 2008 443 2062 αὐτὸν
466 2009 627 2062 πάλιν
664 2010 1035 2081 ἐλαυνόμενον,
1063 2010 1161 2081 οὐχ
1192 2010 1298 2061 ὐπὸ
1343 2008 1667 2079 ἀνθρώπων,
1703 2007 1817 2061 ἀλλ’
1851 2005 1955 2059 ὑπὸ

283 2094 383 2162 τῆς
415 2095 660 2164 ἀνάγκης
693 2094 788 2149 τοῦ
836 2095 1017 2166 λιμοῦ.
1048 2096 1156 2150 Καὶ
1186 2094 1444 2165 ἐγένετο,
1478 2094 1630 2164 φησὶ,
1657 2094 1830 2163 λιμὸς
1854 2093 1954 2147 ἐπὶ

284 2179 395 2249 τῆς
419 2182 551 2252 τῆς.
601 2182 969 2236 ’Δκουέτωσαν
1013 2184 1063 2235 οί
1108 2182 1291 2245 ἀπλῶς
1336 2182 1429 2234 καὶ
1478 2182 1955 2252 ἀπαραφυλάκτως

286 2270 671 2341 φθεγγόμενοι,
703 2271 796 2324 καὶ
815 2271 1204 2341 οἰωνιζόμενοι,
1238 2270 1332 2323 καὶ
1351 2270 1617 2337 λέγοντες,
1652 2270 1733 2322 ὅτι
1768 2269 1952 2339 ἐπειδὴ

285 2359 316 2409 ό
362 2356 507 2409 δεῖνα
558 2358 912 2429 παρεγένετο,
948 2358 1104 2427 λιμὸς
1136 2358 1348 2426 γέγονε,
1392 2357 1485 2409 καὶ
1527 2356 1713 2426 ἐπειδὴ
1752 2359 1780 2409 6
1806 2357 1955 2409 δεῖνα

283 2438 416 2515 ἦλθε
449 2444 565 2497 τόδε
591 2444 811 2513 συνέϐη.
848 2444 976 2497 Ἰδοὺ
1009 2445 1103 2497 καὶ
1133 2444 1224 2495 ἐπὶ
1252 2443 1351 2513 τῆς
1382 2442 1474 2496 τοῦ
1501 2442 1713 2495 δικαίου
1746 2460 1950 2512 παρου-

287 2533 409 2596 σίας
429 2533 603 2603 λιμὸς,
633 2535 725 2587 καὶ
750 2533 904 2605 λιμὸς
932 2532 1099 2604 βαρὺς
1133 2533 1227 2587 καί⁵
1256 2535 1317 2585 οὐ
1348 2532 1657 2602 θορυϐεῖται
1676 2534 1703 2585 6
1723 2532 1950 2594 δίκαιος,

282 2621 404 2674 οὐδὲ
448 2621 645 2692 πάσχει
686 2639 739 2675 τι
776 2620 1147 2691 ἀνθρώπινον,
1200 2621 1293 2674 καὶ
1325 2624 1391 2691 τῇ
1439 2620 1634 2673 ἐαυτοῦ
1683 2619 1955 2691 παρουσίᾳ

283 2707 556 2777 λογίζεται
586 2708 680 2762 τοῦ
727 2707 888 2779 λιμοῦ
921 2709 1020 2779 τὴν
1069 2708 1267 2761 αίτίαν.
1322 2709 1458 2763 Ἀλλ’
1500 2708 1690 2779 ἐπειδὴ
1727 2703 1831 2760 εἶδε
1859 2708 1957 2778 τὴν

284 2795 444 2865 φύσιν
475 2796 838 2869 ἐλεγχομένην
865 2797 914 2863 b,
935 2797 1030 2849 καὶ
1061 2797 1434 2868 ἐπεκράτησεν
1454 2799 1482 2849 6
1508 2796 1685 2866 λιμὸς,
1704 2795 1954 2863 Κατέϐη,

285 2884 439 2955 φησὶ,
477 2887 565 2949 είς
593 2886 897 2955 Αιγυπτον
930 2886 1157 2953 Ἀϐραμ
1180 2883 1545 2953 παροικῆσαι
1568 2882 1709 2948 ἐκεῖ,
1744 2883 1833 2938 ὅτι
1862 2883 1959 2937 ἐν·

285 2971 547 3040 ίσχυσεν
572 2976 605 3026 ὀ
644 2970 820 3042 λιμὸς
847 2972 944 3026 ἐπὶ
975 2972 1085 3041 τῆς
1112 2972 1245 3043 γῆς.

355 3058 417 3111 6'.
470 3059 667 3111 Σκόπει
708 3058 824 3123 πῶς
860 3060 1174 3131 μακρότερα
1202 3061 1271 3114 τά
1317 3060 1620 3131 σκάμματα
1661 3060 1738 3131 τῷ
1766 3059 1959 3130 δικαίῳ

287 3146 516 3215 ἐγίνετο.
562 3146 841 3218 ’ῼκονόμει
879 3148 988 3218 γὰρ
1026 3150 1054 3201 6
1102 3148 1377 3218 Δεσπότης
1410 3149 1484 3219 μὴ
1518 3148 1678 3219 μόνον
1709 3150 1823 3211 τοῖς
1857 3147 1956 3217 τὴν

288 3233 653 3303 Παλαιστίνην
684 3233 943 3297 οἰκοῦσιν,
971 3234 1105 3287 ἀλλά
1129 3235 1224 3287 καὶ
1251 3237 1362 3298 τοῖς
1389 3236 1531 3289 κατὰ
1559 3236 1655 3305 τὴν
1684 3235 1958 3303 Αἴγυπτον

287 3318 603 3373 διδάσκαλον
647 3320 807 3373 αὐτὸν
863 3321 1136 3389 γενέσθαι,
1187 3323 1281 3374 καὶ
1326 3322 1387 3374 16
1447 3322 1562 3391 φῶς
1609 3322 1711 3392 τῆς
1756 3323 1960 3385 οἰκείας

288 3408 491 3478 ἀρετῆς
520 3408 653 3459 πᾶσι
693 3406 989 3477 κατάδηλον
1012 3409 1251 3478 ποιῆσαι.
1276 3407 1537 3480 Καθάπερ
1564 3410 1668 3480 γὰρ
1698 3409 1962 3481 φωστῆρά

288 3513 411 3548 τινα
461 3495 793 3549 λανθάνοντα
852 3497 946 3549 καὶ
996 3496 1374 3566 κεκρυμμένον
1423 3498 1501 3559 εἰς
1532 3496 1628 3567 τὴν
1659 3496 1957 3559 Χαλδαίων,

290 3584 501 3638 ἐκεῖθεν
543 3584 858 3656 ἀνέστησεν,
897 3585 983 3637 ἵνα
1015 3585 1142 3649 τούς
1186 3586 1242 3637 ἐν
1280 3585 1359 3656 τῷ
1395 3586 1575 3638 σκότει
1620 3585 1719 3656 τῆς
1755 3585 1961 3657 πλάνης

291 3673 636 3743 καθημένους
668 3674 1053 3745 χειραγωγήσῃ
1085 3674 1222 3745 πρὸς
1266 3673 1363 3745 τὴν
1389 3674 1487 3745 τῆς
1535 3674 1792 3744 ἀληθείας
1817 3674 1955 3729 666a.

304 3762 440 3813 Ἀλλ’
480 3763 609 3825 ἴσως
637 3761 779 3815 είποι
811 3779 894 3825 τις
921 3762 1014 3814 ἄν·
1050 3762 1160 3813 Καὶ
1188 3762 1331 3825 τίνος
1357 3761 1542 3814 ένεκεν
1571 3763 1630 3813 οὐ
1659 3762 1783 3825 τοὺς
1811 3763 1868 3815 ἐν
1891 3763 1958 3832 τῇ

290 3849 570 3902 Χαλδαίων
589 3848 741 3921 χώρᾳ⁸
758 3848 1137 3921 παρεσκεύασε
1156 3849 1221 3902 δι’
1234 3849 1394 3902 αὐτοῦ
1416 3850 1553 3920 πρὸς
1569 3850 1666 3919 τὴν
1682 3850 1960 3903 εὐσέϐειαν

292 3936 630 4007 ἀναχθῆναι;
667 3937 827 4000 Εἰκὸς
866 3937 964 4007 μέν
1004 3937 1119 3990 ἐστι
1151 3936 1245 3989 καὶ
1282 3938 1380 4007 τῆς
1425 3938 1648 3990 ἐκείνων
1689 3937 1962 4008 σωτηρίας

290 4024 357 4076 δι’
381 4024 580 4095 ἐτέρων
610 4024 862 4092 γενέσθαι
895 4026 992 4094 τὴν
1027 4024 1281 4094 πρόνοιαν
1305 4042 1317 4054 ο
1351 4024 1499 4094 ὅμως
1525 4024 1581 4077 δέ
1616 4024 1846 4078 ἄκουσον
1867 4025 1961 4078 τοῦ

292 4109 530 4182 Χριστοῦ
563 4110 840 4178 λέγοντος,
866 4113 988 4165 Οὐκ
1018 4110 1150 4164 ἐστι
1197 4111 1508 4180 προφήτης
1543 4113 1768 4182 ἄτιμος,
1799 4116 1853 4167 εἱ
1880 4113 1960 4183 μὴ

290 4197 362 4250 ἐν
388 4195 462 4265 τῇ
490 4196 610 4264 ἰδίᾳ
638 4197 895 4265 πατρίδι.
930 4199 1047 4251 ’Ίνα
1073 4193 1166 4250 οῦν
1197 4198 1293 4269 τὴν
1329 4198 1661 4267 ἐπαγγελίαν
1698 4201 1777 4263 είς
1805 4199 1964 4270 ἔργον

291 4283 475 4355 ἀγάγῃ
498 4284 596 4355 τὴν
640 4282 827 4353 αὐτοῦ,
873 4286 939 4355 ἢν
970 4286 1262 4356 ἐποιήσατο
1290 4285 1483 4354 λέγων,
1508 4288 1616 4341 Καὶ
1642 4287 1965 4356 μεταλυνῶ

291 4373 356 4427 τὸ
419 4372 607 4443 ὄνομὰ
658 4387 776 4427 σου
800 4412 815 4437 ,
865 4373 952 4427 διὰ
994 4373 1150 4426 τοῦτο
1190 4374 1283 4428 καί¹
1340 4375 1432 4429 τὸν
1491 4376 1646 4446 λιμὸν
1695 4379 1967 4448 συγχωρεῖ

289 4462 564 4529 γενέσθαι,
591 4462 685 4515 καὶ
712 4461 800 4515 διὰ
819 4461 1010 4516 τούτου
1037 4463 1283 4535 ἀνάγκην
1320 4466 1398 4528 είς
1428 4463 1525 4537 τὴν
1562 4464 1835 4534 Αἴγυπτον
1866 4466 1965 4519 αὐ-

287 4551 380 4604 τὸν
406 4550 719 4621 ἀφικέσθαι,
752 4552 838 4605 ἵνα
866 4552 1075 4622 μάθωσι
1108 4553 1200 4606 καὶ⁵
1222 4555 1271 4606 οί
1294 4553 1501 4619 αὐτόθι,
1531 4555 1629 4625 ὅση
1658 4554 1751 4607 τοῦ
1773 4555 1963 4626 ἀνδρός

290 4640 496 4709 ἐστινὴ
531 4638 723 4709 ἀρετή.
775 4637 1042 4711 Καθάπερ
1090 4642 1197 4712 γάρ
1225 4658 1310 4705 τις
1360 4640 1550 4711 δήμιος
1595 4641 1770 4713 δεσμά
1806 4659 1961 4714 περι-

290 4724 488 4790 ϐαλὼν,
512 4725 687 4789 οὕτως
714 4727 911 4791 αὐτοὺς
926 4730 952 4780 ὁ
970 4727 1123 4797 λιμὸς
1142 4727 1251 4782 ἀπὸ
1270 4728 1364 4799 τῆς
1391 4728 1623 4799 ἐρημίας
1651 4729 1963 4800 ἀναστήσας

288 4813 383 4865 ἐπὶ
435 4814 533 4885 τὴν
584 4814 862 4882 Αἴγυπτον
908 4809 1089 4868 εἷλκεν
1137 4827 1183 4869 ο.
1243 4815 1383 4868 Ἀλλ’
1424 4814 1622 4885 ἴδωμεν
1670 4815 1855 4870 λοιπὸν
1894 4818 1961 4871 τά

292 4902 564 4967 ἐντεῦθεν,
590 4904 685 4956 καὶ
714 4904 814 4977 ὅσῃ
849 4904 1168 4975 περιστάσει
1209 4905 1237 4956 6
1270 4904 1477 4966 δίκαιος
1509 4904 1956 4975 περιπέπτωκεν,

288 4987 378 5043 ἵνα
403 4990 496 5042 καὶ
525 4987 688 5042 αὐτοῦ
718 4988 818 5059 τὴν
848 4987 1097 5057 ἀνδρείαν
1135 4988 1412 5057 μάθωμεν,
1442 4990 1537 5041 καὶ
1566 4988 1665 5057 τῆς
1700 4990 1958 5055 γυναικὸς

286 5072 387 5143 τὴν
420 5074 705 5142 φιλόσοφον
744 5070 987 5142 γνώμην.
1027 5070 1241 5141 Ἐπειδὴ
1265 5071 1371 5142 γάρ
1398 5071 1528 5123 πολὺ
1558 5071 1655 5141 τῆς
1676 5070 1795 5123 ὁδοῦ
1825 5089 1960 5141 προ-

286 5154 467 5226 ἦλθον,
498 5155 591 5207 καὶ
615 5152 869 5222 γεγόνασι
903 5152 1084 5206 λοιπὸν
1118 5154 1341 5223 πλησίον
1364 5154 1464 5223 τῆς
1485 5154 1779 5223 Αίγύπτου,
1808 5153 1956 5227 [522]

285 5242 578 5311 ἐναγώνιος
602 5242 826 5309 γέγονεν
855 5244 882 5294 6
909 5241 1135 5305 δίκαιος,
1166 5244 1259 5295 καὶ
1298 5244 1424 5314 περὶ
1447 5244 1637 5313 αὐτῆς,
1666 5245 1740 5307 ῶς
1764 5246 1956 5312 εἰπεῖν,

282 5329 383 5389 τῆς
409 5326 555 5395 ζωῆς
584 5325 837 5390 δεδοικὼς
869 5328 963 5379 καὶ
1000 5328 1219 5397 τρέμων
1252 5327 1556 5395 διαλέγεται
1602 5331 1666 5398 τῇ
1716 5330 1955 5397 γυναικί,

295 5414 561 5483 Ἐγένετο
584 5414 712 5485 γάρ,
742 5416 889 5484 φησὶ,
920 5416 1102 5481 ἡνίκα
1132 5416 1383 5485 ’ἤγγισεν
1406 5418 1628 5485 Ἀϐραμ
1659 5418 1957 5471 εἰσελθεῖν

284 5500 365 5563 εις
383 5497 705 5566 Ατγυπτον,
735 5496 863 5552 εἷπε
886 5499 1045 5567 Σάρᾳ
1070 5498 1143 5567 τῇ
1164 5502 1399 5569 γυναικὶ
1428 5503 1633 5557 αὐτοῦ’
1668 5502 1957 5558 Γινώσκω

281 5581 396 5650 ἐγὼ
419 5582 506 5634 ὅτι
537 5581 691 5651 γυνὴ
714 5584 1103 5651 εὐπρόσωπος
1123 5581 1195 5638 εἷ.
1217 5586 1423 5640 Ἔσται
1446 5582 1581 5651 οὖν,
1611 5585 1757 5638 ὅταν
1781 5585 1954 5641 ἴδωσί

342 5693 369 5721 ⁸
392 5693 527 5742 Fort.
575 5693 745 5742 ἐκεῖσε.
814 5690 841 5729 δ
878 5696 973 5752 Τὴν
1016 5695 1151 5756 φύσιν
1186 5696 1511 5757 ἐλεγχομένην,
1546 5700 1770 5746 naturam
1811 5694 1948 5747 devio

280 5758 421 5818 clam,
447 5757 551 5818 σίνε
578 5760 886 5817 prostratam.
913 5761 1221 5818 coarctalqm,
1255 5772 1363 5818 qua:
1398 5772 1494 5806 non
1538 5758 1733 5807 luliauet
1766 5760 1950 5808 fructus

285 5816 466 5865 sulilos.
497 5816 839 5881 γοιιηέλέγχειν
878 5818 1097 5881 hocAusu,
1138 5816 1479 5881 frequ'emalur
1503 5820 1629 5881 apud
1662 5819 1950 5881 Chrysoslo-

286 5888 428 5924 mum.
499 5880 519 5907 ε
544 5878 639 5927 Alii
686 5878 917 5941 Αἴγυπτον
944 5879 1051 5927 τότε
1080 5879 1241 5940 βιαίως
1265 5881 1515 5941 μεθεῖλκεν.

1068 227 1126 284 S.
1166 227 1455 282 JOANNIS
1492 222 1978 280 CIIRYSOSTOMI
2006 221 2322 279 ARCIIIEP.
2349 218 2892 280 CONSTANTINOP.

3634 212 3742 269 298

2068 357 2142 394 σε
2174 343 2226 394 οι
2244 339 2570 409 Αἰγύπτιοι,
2606 335 2874 406 ἐροῦσιν,
2904 332 2994 386 ὅτι
3022 334 3191 401 Γυνὴ
3216 332 3400 387 αὑτοῦ
3416 333 3577 400 αὕτη
3598 349 3612 363 ·
3642 342 3745 385 καί

2058 423 2463 479 ἀποκτενοῦσί
2499 439 2596 492 με,
2634 420 2709 473 σὲ
2740 419 2806 473 δὲ
2844 416 3359 485 περιποιήσονται.
3411 416 3566 470 Εἰπὲ
3600 412 3744 482 οὖν,

2058 507 2149 564 ὅτι
2187 505 2435 575 Ἁδελφὴ
2462 503 2648 558 αὐτοῦ
2670 505 2808 571 ειμι,
2837 500 2995 565 ὅπως
3018 495 3086 554 εὖ
3107 517 3210 569 μοι
3242 497 3482 568 γένηται
3511 498 3622 553 διὰ
3641 499 3740 562 σὲ,

2058 592 2152 647 καί
2190 591 2427 657 ζήσεται
2460 591 2498 658 ἡ
2538 586 2709 657 ψυχή
2751 604 2869 655 μου
2907 584 3118 638 ἕνεκεν
3144 582 3283 637 σοῦ.
3332 580 3488 647 Εἶδες
3518 585 3591 635 ἐκ
3630 584 3742 637 τῶν

2061 676 2321 748 ῥημάτων
2354 674 2432 736 είς
2457 673 2579 724 ὅσον
2612 668 2798 737 ἀγῶνα
2816 669 2909 721 κα)⁵
2930 666 3127 720 δειλίαν
3157 669 3186 719 6
3220 665 3423 729 δίκαιος
3456 668 3741 736 κατέστη·

2058 761 2153 812 καὶ
2182 755 2417 827 οὐδαμοῦ
2452 755 2542 807 τὸν
2570 752 2828 822 λογισμὸν
2860 752 3186 820 ἐταράττετο
3205 791 3219 816 ,
3263 751 3382 804 οὐδέ
3410 750 3740 821 ἐθορυϐεῖτο

2055 842 2154 912 τὴν
2202 839 2448 908 γνώμην,
2502 836 2621 889 οὐδέ
2678 835 2874 887 ἐνενόει
2926 835 3020 886 καὶ
3070 834 3258 903 ἔλεγε·
3295 835 3359 887 Τί
3388 834 3596 901 τοῦτο;
3636 831 3740 904 ἆρα

2057 923 2592 993 ἐγκατελείφθημεν;
2629 916 2740 992 ἆρα
2782 918 3171 989 ἠπατήθημεν;
3211 915 3319 990 ἆρα
3378 918 3454 990 μὴ
3491 921 3741 989 ἐρήμους

2056 1010 2205 1079 ἡμᾶς
2235 1006 2492 1059 κατέλιπε
2514 1005 2612 1073 τῆς
2632 1002 2795 1055 αὐτοῦ
2818 1002 3073 1073 προνοίας
3100 1003 3127 1054 6
3155 1002 3430 1071 Δεσπότης
3451 1019 3466 1068 ;
3494 1003 3523 1053 6
3545 1002 3738 1065 εἰπὼν,

2060 1087 2392 1159 Μεγαλυνῶ
2424 1104 2518 1151 σε,
2550 1087 2647 1140 καὶ
2681 1085 2761 1151 τῷ
2794 1085 3090 1154 σπέρματί
3123 1100 3239 1138 σου
3270 1084 3445 1139 δώσω
3479 1087 3604 1152 τὴν
3629 1085 3741 1154 γῆν

2060 1175 2305 1240 ταύτην,
2339 1170 2512 1234 οὕτως
2557 1172 2703 1240 ἡμᾶς
2729 1170 2919 1240 ἀφίησι
2947 1169 3042 1223 νῦν
3071 1170 3197 1240 περὶ
3226 1170 3332 1222 τῶν
3358 1169 3617 1239 ἐσχάτων
3643 1172 3739 1223 αὐ-

2054 1258 2166 1310 τῶν
2215 1257 2532 1320 δεδοικέναι,
2584 1256 2679 1308 καὶ
2728 1257 2806 1317 είς
2850 1254 3101 1325 προφανῆ
3135 1253 3378 1306 κίνδυνον
3426 1255 3735 1323 ἐμπεσεῖν;

2056 1340 2219 1393 Οὐδὲν
2239 1339 2441 1394 τούτων
2459 1340 2579 1393 οὐδὲ
2604 1340 2661 1391 ἐν
2689 1337 2896 1409 διανοίᾳ
2919 1337 3101 1390 λαϐεῖν
3116 1339 3143 1389 6
3158 1336 3362 1401 δίκαιος
3383 1337 3733 1401 κατεδέξατο,

2056 1423 2168 1476 ἀλλ’
2198 1423 2315 1487 ἐνὸς
2349 1423 2443 1478 νῦν
2474 1423 2682 1491 ἐγίνετο
2716 1422 2908 1491 μόνου,
2952 1421 3099 1484 ὅπως
3132 1420 3331 1492 δυνηθῇ
3366 1422 3736 1491 σοφισάμενός

2055 1527 2175 1563 τινα
2215 1508 2484 1580 μηχανὴν,
2534 1508 2628 1561 καὶ
2675 1506 2766 1559 τοῦ
2811 1506 2969 1577 λιμοῦ
3001 1506 3356 1577 παραμυθίαν
3388 1509 3602 1578 εὑρεῖν,
3646 1510 3735 1561 καὶ

2054 1593 2159 1647 τῶν
2180 1593 2493 1662 Αἰγυπτίων
2526 1592 2622 1655 τὰς
2654 1592 2839 1661 χεῖρας
2868 1590 3165 1657 διαφυγεῖν.
3195 1589 3506 1653 Γινώσκω,
3546 1592 3735 1660 φησὶν,

2057 1676 2147 1731 ὅτι
2181 1676 2335 1747 γυνὴ
2360 1676 2755 1743 εὐπρόσωπος
2786 1670 2858 1727 εἷ.
2891 1673 3029 1744 Ὅρα
3062 1673 3199 1739 πόση
3234 1672 3336 1741 τῆς
3364 1675 3639 1741 γυναικὸς
3671 1671 3737 1743 ἦν

2056 1766 2090 1836 ἡ
2113 1764 2406 1836 εὐμορφία,
2434 1765 2516 1816 δτι
2539 1763 2635 1816 καὶ
2666 1765 2746 1825 εἰς
2777 1762 2952 1832 γῆρας
2977 1760 3155 1813 αὐτῶν
3183 1761 3497 1815 ἐλασάντων
3522 1761 3737 1825 λοιπὸν,

2057 1852 2150 1904 καὶ
2177 1852 2315 1921 μετά
2340 1850 2612 1903 τοσούτων
2640 1848 2776 1902 ἐτῶν
2804 1848 3037 1920 ἀριθμὸν
3056 1848 3135 1901 ἔτι
3155 1848 3344 1919 ἔμενεν
3376 1849 3735 1919 ἀκμάζουσα,

2055 1936 2147 1990 τοῦ
2171 1935 2398 1997 κάλλους
2418 1934 2517 2006 τὴν
2544 1932 2689 2007 ὥραν
2718 1932 2810 1985 ἐπὶ
2839 1933 2938 2003 τῆς
2966 1930 3139 2001 ὅψεως
3156 1933 3414 2004 φέρουσα,
3440 1933 3538 1985 καὶ
3561 1932 3738 1986 ταῦτα

2058 2019 2195 2091 μετὰ
2221 2020 2320 2090 τὴν
2352 2016 2619 2088 τοσαύτην
2646 2016 3016 2087 ταλαιπωρίαν
3048 2016 3139 2069 καὶ¹
3167 2016 3488 2085 κακουχίαν,
3508 2017 3575 2087 ἣν
3594 2020 3736 2069 κατα

2054 2104 2151 2167 τὰς
2172 2103 2322 2165 ὁδοὺς
2345 2102 2611 2172 ὐπέμενεν
2628 2100 2737 2155 ἀπὸ
2756 2100 2937 2153 τόπων
2949 2101 3028 2164 είς
3043 2099 3240 2163 τόπους
3259 2100 3733 2170 μετανισταμένη,

2054 2188 2148 2241 καὶ
2172 2185 2279 2239 ἀπὸ
2308 2184 2407 2255 μὲν
2437 2183 2538 2254 τῆς
2565 2182 2847 2236 Χαλδαίων
2885 2180 3066 2252 χώρας
3092 2183 3174 2243 είς
3204 2180 3303 2251 τὴν
3327 2181 3560 2252 Χαρρἀ
3601 2199 3733 2252 μετ-

2054 2269 2408 2339 ανισταμένη,
2465 2266 2718 2321 κάκεῖθεν
2763 2269 2843 2329 εἰς
2878 2266 2977 2336 τὴν
3007 2263 3246 2331 Χαναὰν,
3290 2266 3385 2318 καὶ
3430 2266 3606 2319 πάλιν
3650 2268 3734 2317 ἐν-

2052 2355 2243 2409 τεῦθεν
2264 2356 2380 2407 ἐκεῖ
2398 2354 2455 2407 ἐν
2483 2354 2548 2426 τῇ
2582 2351 2885 2421 Χαναναία,
2910 2348 3163 2403 κάκεῖθεν
3187 2342 3309 2415 ὧδε,
3332 2350 3425 2402 καὶ
3446 2348 3548 2402 νῦν
3570 2349 3735 2403 πάλιν

2055 2441 2133 2503 είς
2168 2437 2264 2509 τὴν
2294 2438 2587 2505 Αἴγυπτον.
2612 2434 2744 2488 Τίνα
2770 2430 2863 2488 οὐν
2894 2434 2995 2486 οὐκ
3026 2432 3090 2486 ἂν
3117 2434 3212 2487 καὶ
3240 2432 3348 2485 τῶν
3372 2433 3735 2504 σφριγῶντων

2056 2520 2266 2594 ἀνδρῶν
2309 2522 2365 2573 αί
2414 2518 2555 2571 οὐτω
2594 2520 2837 2587 συνεχεῖς
2891 2516 3192 2587 ἀποδημίαι
3245 2516 3732 2588 κατειργάσαντο;

2069 2606 2207 2659 Ἀλλ’
2238 2607 2270 2675 ἡ
2295 2603 2571 2674 θαυμασία
2613 2601 2774 2671 αῦτη,
2815 2601 2907 2654 καὶ
2937 2600 3074 2671 μετά
3100 2599 3197 2672 τὴν
3224 2600 3493 2672 τοσαύτην
3538 2601 3737 2655 ταλαι-

2057 2691 2273 2763 πωρίαν
2302 2689 2383 2742 ἐτι
2414 2688 2703 2758 λάμπουσα
2731 2685 2808 2757 τῷ
2839 2687 2937 2757 τῆς
2987 2686 3161 2755 ὅψεως
3203 2685 3407 2752 κάλλει,
3459 2685 3604 2739 πολὺ
3644 2689 3739 2739 καὶ

2059 2774 2287 2846 σφοδρὸν
2320 2772 2382 2825 τὸ
2418 2772 2535 2835 δέος
2579 2771 2811 2823 ἐνεποίει
2855 2769 2933 2840 τῷ
2990 2768 3223 2840 δικαίῳ·
3270 2769 3351 2823 διὸ
3392 2770 3489 2823 καὶ
3541 2769 3726 2838 ελεγεο

2056 2860 2341 2914 Ῑίνώσκω
2373 2857 2507 2926 ἐγὼ,
2543 2855 2631 2908 ὅτι
2656 2854 2809 2924 γυνὴ
2840 2855 3231 2923 εὐπρόσωπος
3254 2850 3327 2907 εἶ.
3345 2856 3566 2908 Ἔσται
3599 2851 3737 2917 οὖν,

2056 2946 2137 3011 ώς
2187 2944 2265 2998 ἂν
2309 2942 2481 2995 ἴδωσί
2509 2957 2583 2993 σε
2615 2943 2668 2992 οὶ
2699 2940 3044 3008 Αἰγύπτιοι,
3094 2938 3359 3005 ἐροῦσιν,
3410 2937 3506 2992 ὅτι
3559 2940 3737 3007 Γυνὴ

2056 3027 2242 3083 αὐτοῦ
2275 3026 2425 3093 αὕτη
2447 3042 2460 3055 ·
2503 3024 2600 3078 καὶ
2642 3022 3047 3077 ἀποκτενοῦσί
3070 3038 3145 3090 με
3166 3062 3179 3085 ,
3216 3024 3291 3075 σὲ
3315 3021 3382 3074 δὲ
3414 3023 3737 3090 περιποιή-

2058 3129 2291 3168 σονται.
2339 3111 2537 3164 Σκόπει
2577 3108 2695 3171 πῶς
2725 3107 2947 3179 ἐθάρρει
2990 3106 3066 3176 τῷ
3103 3108 3289 3177 τρόπῳ
3314 3107 3412 3176 τῆς
3440 3109 3736 3174 γυναικὸς,

2058 3198 2153 3252 καλ⁵
2178 3198 2277 3250 οὐκ
2299 3195 2467 3248 ἔδεισε
2492 3196 2568 3264 μή
2600 3208 2728 3246 ποτε
2759 3194 2871 3254 τοῖς
2901 3190 3142 3253 ἐπαίνοις
3167 3189 3439 3261 χαυνωθῇ,
3468 3190 3613 3243 ἀλλά
3646 3193 3742 3243 καὶ

2056 3282 2309 3352 τοιαύτην
2336 3279 2542 3347 εἰσάγει
2570 3277 2666 3348 τὴν
2703 3273 3013 3345 συμϐουλὴν
3041 3274 3231 3340 λέγων·
3266 3274 3382 3325 Ἵνα
3404 3274 3482 3345 μὴ
3510 3275 3619 3344 ἐμὲ
3641 3276 3741 3345 μὲν

2058 3364 2453 3425 ἀποκτείνωσι,
2509 3361 2568 3412 σὲ
2619 3359 2675 3413 δέ
2722 3358 3226 3428 περιποιήσωνται,
3275 3356 3419 3408 Εἰπὲ
3457 3353 3620 3421 οὖν,
3653 3357 3741 3409 ὅτι

2060 3446 2313 3515 Ἀδελφὴ
2348 3444 2536 3499 αὑτοῦ
2568 3445 2705 3512 είμι,
2742 3441 2901 3507 ὅπως
2944 3440 3020 3493 ἂν
3065 3435 3133 3495 εὖ
3182 3457 3282 3509 μοι
3330 3438 3599 3509 γένηται,
3643 3442 3743 3493 καὶ

2064 3530 2299 3597 ζήσεται
2331 3530 2368 3596 ἡ
2391 3526 2560 3595 ψυχή
2584 3543 2702 3594 μου
2726 3525 2933 3578 ἕνεκεν
2964 3524 3098 3578 σοῦ.
3146 3523 3358 3591 Ἐπειδὴ
3387 3523 3445 3575 οὐ
3485 3523 3547 3576 16
3576 3525 3742 3592 τυχίν

2056 3611 2125 3685 ἦν
2159 3616 2295 3682 ὅπερ
2322 3611 2602 3673 ἐπέταττε,
2634 3608 2720 3661 διὰ
2742 3607 2896 3660 τοῦτο
2916 3607 3003 3661 διὰ
3030 3606 3137 3659 τῶν
3166 3605 3523 3674 ἐπαγομένων
3552 3608 3741 3676 ῥημά-

2060 3716 2166 3752 των
2202 3695 2603 3765 ἐφελκύσασθαι
2630 3692 2798 3763 αὐτὴν
2827 3692 3125 3763 ἠϐουλήθη,
3155 3690 3294 3743 ὥστε
3323 3691 3417 3743 καὶ
3445 3693 3530 3753 εἰς
3555 3686 3741 3743 οἶκτον

2060 3780 2228 3850 αὐτὴν
2250 3776 2581 3847 ἐπικάμψαι,
2613 3777 2706 3828 καὶ
2728 3777 2907 3828 πεῖσαι
2939 3774 3074 3845 μετά
3105 3774 3405 3846 προθυμίας
3435 3774 3741 3845 ὑποκρίνα-

2063 3863 2187 3917 σθαι
2213 3862 2274 3915 16
2304 3862 2506 3933 δρᾶμα.
2534 3862 2748 3912 Ἔσται
2772 3855 2905 3923 οὖν,
2938 3860 3122 3928 φησὶν,
3156 3858 3233 3923 ὠς
3266 3857 3342 3911 ἂν
3375 3856 3553 3912 ἴδωσί
3582 3875 3663 3912 σε
3686 3864 3740 3911 οἱ

2054 3949 2380 4019 Αἰγύπτιοι,
2442 3945 2707 4015 ἐροῦσιν,
2760 3944 2850 3997 ὅτι
2908 3942 3077 4011 Γυνὴ
3128 3942 3313 3997 αὐτοῦ
3368 3943 3522 4011 αῦτη
3554 3962 3567 3975 ·
3641 3948 3737 3998 καὶ

2063 4032 2473 4091 ἀποκτενοῦσί
2514 4048 2610 4100 με,
2644 4029 2718 4084 σὲ
2759 4028 2827 4082 δὲ
2859 4027 3367 4097 περιποιήσονται.
3418 4030 3537 4083 Οὐκ
3579 4025 3737 4093 εἶπε,

2063 4116 2131 4169 Σὲ
2173 4114 2593 4185 καθυϐρίσουσι·
2625 4113 2762 4176 τέως
2814 4113 2874 4166 οὐ
2914 4110 3159 4183 βούλεται
3191 4113 3356 4182 αὐτὴν
3388 4113 3740 4183 καταπλῆξαι

2060 4199 2147 4252 διά
2175 4198 2282 4251 τῶν
2305 4198 2587 4269 ῥημάτων,
2613 4195 2786 4260 ἄλλως
2813 4213 2874 4248 τε
2901 4197 2994 4249 καὶ
3020 4195 3253 4249 δέδοικεν
3271 4196 3409 4267 ὑπὲρ
3434 4197 3538 4267 τῆς
3565 4200 3740 4263 ἐπαγο

2061 4283 2246 4351 γελίας
2279 4283 2373 4334 τοῦ
2403 4280 2558 4333 Θεοῦ.
2594 4280 2695 4333 Διά
2715 4280 2875 4332 τοῦτό
2901 4297 3053 4350 φησι,
3092 4279 3169 4333 Σὲ
3202 4278 3270 4331 δὲ
3303 4282 3739 4348 περιποιήσονσ

2061 4385 2174 4422 ται.
2202 4364 2349 4420 Εἰπὲ
2382 4361 2516 4430 οὖν,
2550 4365 2639 4418 ὅτι
2674 4364 2923 4433 Ἀδελφὴ
2957 4363 3141 4417 αὐτοῦ
3164 4365 3299 4432 ειμι.
3336 4364 3537 4417 Ἐννόει
3562 4382 3660 4433 μοι
3686 4369 3741 4417 ἐν

2060 4453 2150 4524 οἵᾳ
2198 4450 2526 4504 καταστάσει
2574 4449 2864 4523 τυγχάνειν
2912 4448 3057 4510 είκὸς
3115 4442 3182 4517 ἦν
3238 4446 3329 4499 τοῦ
3374 4446 3589 4501 δικαίου
3646 4452 3738 4518 τὴν

2061 4537 2323 4607 διάνοιανδ
2372 4532 2520 4606 [525]
2564 4534 2728 4605 ἡνίκα
2772 4532 2943 4586 ταῦτα
2992 4532 3340 4585 συνεϐούλευε
3371 4536 3435 4604 τῇ
3483 4536 3735 4601 γυναικί.

2066 4622 2208 4673 Ἴστε
2241 4619 2373 4689 γάρ,
2406 4618 2518 4670 ῖστε
2554 4617 2669 4680 πῶς
2700 4617 2852 4670 οὐδὲν
2905 4617 3093 4671 τούτου
3124 4616 3421 4689 βαρύτερόν
3466 4619 3589 4671 ἐστι
3622 4622 3735 4680 τοῖς

2060 4702 2339 4773 ἀνδράσιν,
2366 4703 2445 4765 είς
2470 4700 2529 4753 16
2564 4700 2665 4754 κᾶν
2699 4703 2778 4764 είς
2815 4701 3047 4771 ὑποψίαν
3071 4703 3327 4771 τοιαύτην
3358 4702 3455 4773 τὴν
3484 4704 3735 4772 γαμετὴν

2060 4786 2253 4841 ἐλθεῖν.
2299 4784 2359 4840 Ὀ
2384 4785 2567 4857 μέντοι
2594 4785 2800 4848 δίκαιος
2822 4787 2915 4838 καὶ
2946 4785 3237 4849 σπουδάζει
3258 4786 3351 4838 καὶ
3369 4786 3551 4839 πάντα
3568 4791 3734 4848 ποιεῖ,

2059 4870 2198 4923 ῶστε
2235 4872 2315 4934 εἰς
2342 4869 2502 4940 ἔργον
2538 4867 2634 4939 τὴν
2670 4868 2913 4938 μοιχείαν
2935 4867 3185 4937 ἐκϐῆναι.
3228 4867 3384 4920 Ἀλλά
3418 4868 3494 4939 μὴ
3522 4870 3731 4931 ἁπλῶς,

2057 4954 2329 5025 ἁγαπητέ,
2362 4951 2712 5023 καταψηφίσῃ
2743 4951 2838 5003 τοῦ
2866 4952 3095 5013 δικαίου,
3140 4950 3273 5003 ἀλλά
3309 4952 3402 5003 κα)⁸
3430 4953 3497 5003 ἐκ
3532 4952 3725 5005 τούτου

2056 5038 2296 5107 ’μάλιστα
2331 5035 2613 5105 κατάμαθε
2662 5033 2823 5086 αὐτοῦ
2854 5035 2949 5087 καὶ
2994 5034 3091 5104 τὴν
3130 5033 3341 5087 σύνεσιν
3372 5035 3468 5104 τὴν
3526 5036 3729 5106 πολλὴν

2058 5124 2151 5176 καὶ
2181 5122 2279 5194 τὴν
2308 5120 2561 5190 ἀνδρείαν
2582 5135 2595 5149 ⁸
2626 5118 2727 5188 τὴν
2767 5117 3017 5188 ἀνδρείαν
3051 5118 3167 5187 μέν,
3194 5119 3274 5171 ὅτι
3299 5117 3439 5171 οῦτω
3462 5120 3730 5186 γενναίως

2058 5210 2269 5277 ἀντεῖχε
2302 5206 2395 5258 καὶ
2426 5203 2771 5275 περιεγένετο
2800 5202 2897 5271 τῆς
2920 5200 3027 5253 τῶν
3049 5201 3321 5271 λογισμῶν
3346 5204 3616 5273 ταραχῆς,
3659 5206 3729 5265 ὡς

2059 5293 2153 5346 καὶ
2202 5289 2425 5343 τοιαῦτα
2459 5284 2879 5357 συμϐουλεῦσαι.
2916 5284 3036 5337 Ὅτι
3078 5286 3183 5353 γὰρ
3208 5284 3355 5336 οὐδέν
3394 5287 3510 5337 ἐστι
3540 5287 3727 5339 τούτου)

2057 5374 2475 5446 ἀφορητότερον,
2504 5371 2667 5424 ἄκουε
2694 5367 2787 5420 τοῦ
2816 5367 3155 5437 Σολομῶντος
3185 5366 3431 5434 λέγοντος
3450 5386 3462 5397 ·
3492 5372 3727 5435 Macra;

2057 5462 2165 5531 γὰρ
2188 5457 2368 5524 ζήλου
2387 5452 2573 5523 θυμὸς
2590 5452 2809 5520 ἀνδρὸς
2825 5450 3014 5518 αὐτῆς
3032 5466 3043 5479 ·
3067 5452 3138 5503 οὺ
3161 5451 3431 5519 φείσεται
3455 5450 3526 5503 ἐν
3544 5450 3729 5519 ἡμέρᾳ

2056 5546 2334 5613 κρίσεως,
2376 5539 2518 5594 οὐδὲ
2568 5536 3006 5597 ἀνταλλάξεται
3063 5533 3309 5589 πολλῶν
3355 5534 3561 5604 δώρων
3616 5536 3729 5603 τὴν

2057 5629 2279 5697 ἔχθραν
2304 5641 2315 5654 ’
2346 5624 2438 5677 καὶ
2464 5622 2645 5678 πάλιν⁹
2680 5618 2945 5687 Σκληρός
2967 5619 3047 5684 ὡς
3079 5616 3228 5685 ᾅδης
3247 5617 3444 5686 ζῆλος.

2092 5684 2193 5764 ἴνεῖ.
2222 5707 2464 5778 Ὀρῶμεν
2481 5706 2535 5758 δέ
2556 5684 2896 5769 πολλοὺς,ὅῆ
2914 5703 2991 5763 είς
3010 5684 3277 5771 τοσαύτην
3297 5684 3491 5771 μανίαν
3510 5702 3727 5771 tinam.

2056 5793 2339 5861 τίσθησαν,
2360 5790 2433 5852 ὼς
2465 5788 2598 5859 μηδὲ
2621 5784 2797 5839 αὐτῶν
2815 5782 3100 5851 φείσασθαι
3130 5783 3239 5835 τῶν
3269 5783 3564 5851 γυναικῶν,
3596 5785 3723 5837 ἀλὶά

2061 5876 2152 5929 καὶ
2182 5874 2343 5928 αὐτὸν
2378 5872 2467 5928 τὸν
2501 5869 2684 5942 μοιχὸν
2706 5866 2965 5929 πολλάκις
2996 5867 3445 5938 συγκατέσφαξαν
3473 5869 3567 5921 καὶ
3599 5870 3720 5922 {.m-
3776 5864 3777 5879 ‘
