3760 6252
164 248 271 302 297

160 359 344 426 citant,
373 358 510 413 sicut
531 356 725 413 milites
750 356 843 425 qui
885 355 1039 413 facile
1088 374 1228 414 nunc
1270 362 1372 416 huc
1394 402 1411 429 ,
1438 377 1577 417 nunc
1621 362 1747 419 illuc

158 458 339 503 castra
370 457 587 504 movent
614 467 627 503 :
662 449 731 503 ita
760 458 813 504 et
835 448 1010 520 justus
1034 449 1145 517 ille,
1176 453 1415 521 quamvis
1444 468 1622 508 secum
1649 454 1749 508 du-

156 548 311 593 ceret
338 553 580 603 uxorem,
608 547 663 595 et
692 539 868 594 fratris
893 540 1085 607 ﬁlium,
1112 550 1167 595 et
1195 552 1397 596 tantum
1424 543 1745 598 domestico-

156 646 285 683 rum
308 645 586 684 numerum
616 648 631 696 ;
660 631 848 701 majori
876 641 1050 686 tamen
1079 632 1329 689 facilitate
1356 636 1580 705 migrare
1607 636 1749 691 sole-

154 719 272 774 bat.
304 720 491 776 Vidisti
519 720 774 791 frugalem
793 732 849 777 et
869 722 1168 792 expeditam
1193 726 1337 779 senis
1362 741 1480 779 cum
1508 742 1671 782 uxore
1692 737 1746 782 et

157 821 239 865 tot
269 816 438 867 servis
466 814 666 869 vitam?
688 814 810 869 Mihi
840 830 969 869 vero
996 816 1286 870 mirabilior
1327 818 1533 871 videtur
1560 820 1745 874 mulie—

152 907 239 959 ris
264 906 534 961 fortitudo.
566 908 697 961 Cum
732 908 872 963 enim
902 908 1077 978 cogito
1105 909 1377 964 muliebris
1409 926 1567 965 sexus
1593 912 1740 967 infir-

147 998 423 1063 mitatem,
452 1007 503 1052 et
532 997 897 1053 animadverto
921 998 1186 1067 quomodo
1208 1008 1314 1053 tam
1336 999 1486 1054 facile
1512 1010 1565 1055 et
1600 1011 1742 1057 tanta

151 1089 437 1145 alacritate
464 1105 584 1144 cum
602 1089 746 1159 justo
772 1105 992 1160 peregre
1018 1090 1181 1155 vadit,
1199 1100 1252 1147 et
1279 1092 1502 1146 subinde
1528 1093 1739 1162 migrat,

151 1196 333 1251 neque
362 1183 475 1252 ipsa
514 1183 739 1237 moleste
767 1182 902 1250 fert,
932 1198 1107 1253 neque
1129 1184 1277 1253 justo
1306 1184 1739 1254 impedimentum

149 1270 328 1338 affert,
355 1274 692 1343 obstupesco,
722 1282 776 1327 et
799 1288 995 1329 censeo
1021 1289 1126 1328 non
1148 1276 1339 1329 minori
1363 1292 1518 1345 quam
1543 1277 1739 1330 Abram

148 1365 339 1417 animo
372 1373 425 1418 et
460 1363 770 1420 fortitudine
800 1366 966 1434 ipsam
1012 1381 1223 1436 quoque
1247 1367 1521 1436 praeditam
1552 1366 1735 1423 fuisse.

150 1456 218 1508 Et
250 1454 354 1509 hoc
397 1458 629 1510 maxime
659 1457 888 1510 sciemus
912 1497 926 1522 ,
957 1470 1078 1511 cum
1109 1472 1171 1511 ea
1200 1473 1317 1527 quzn
1355 1468 1740 1528 consequenter

146 1545 294 1600 lecta
339 1556 463 1600 sunt
492 1547 1010 1616 pertractaverimus.
1045 1546 1232 1601 Vidisti
1271 1559 1547 1618 postquam
1584 1551 1736 1603 audi-

145 1640 251 1706 vit,
284 1640 474 1694 Semini
509 1652 592 1693 tuo
619 1640 749 1693 dabo
771 1649 958 1694 terram
985 1642 1135 1708 hanc,
1159 1641 1426 1711 quomodo
1451 1657 1554 1695 non
1586 1643 1737 1713 quie-

146 1734 293 1787 verit
312 1735 484 1802 justus
526 1733 633 1798 ille,
664 1742 720 1789 et
748 1749 889 1788 nunc
917 1734 1018 1788 huc
1040 1774 1056 1800 ,
1089 1748 1231 1788 nunc
1259 1734 1385 1789 illuc
1425 1736 1690 1789 transierit
1714 1735 1737 1789 i

145 1827 260 1882 Sed
292 1829 410 1882 vide
444 1827 710 1897 quomodo
737 1829 926 1883 iterum
953 1843 984 1882 a
1025 1828 1309 1883 solitudine
1335 1829 1596 1900 exigitur,
1630 1845 1733 1885 non

145 1921 219 1975 ab
251 1920 569 1982 hominibus,
600 1919 694 1973 sed
716 1920 1029 1974 necessitate
1049 1919 1237 1974 famis:
1268 1920 1354 1975 10.
1380 1919 1448 1974 Et
1476 1923 1611 1991 facta
1639 1932 1729 1987 est,

145 2011 344 2082 inquit,
373 2015 531 2081 {antes
558 2027 709 2081 super
734 2021 937 2065 terram.
969 2010 1204 2065 Audiant
1228 2012 1316 2081 qui
1345 2020 1545 2066 temere
1575 2022 1627 2067 et
1652 2014 1730 2066 in-

144 2112 310 2157 caute
340 2103 641 2172 loquuntur,
676 2111 730 2157 et
758 2102 1015 2168 divinant,
1036 2102 1274 2157 dicentes
1306 2119 1320 2155 :
1351 2102 1610 2169 Quoniam
1649 2103 1735 2158 ille

143 2194 278 2249 talis
306 2194 561 2260 advenit,
601 2193 768 2248 fames
804 2194 1062 2256 invaluit;
1095 2194 1345 2263 quoniam
1395 2194 1484 2249 ille
1525 2193 1731 2258 adfuit,

144 2287 271 2341 haec
302 2288 653 2356 contigerunt.
685 2286 824 2342 Ecce
852 2286 1011 2342 etiam
1035 2286 1097 2341 in
1126 2287 1353 2342 adventu
1379 2287 1508 2358 justi
1542 2287 1729 2354 fames,

142 2389 201 2432 et
229 2378 398 2433 fames
422 2377 610 2442 valida,
635 2388 689 2432 et
712 2393 816 2432 non
849 2378 1303 2449 turbaturjustus,
1332 2394 1505 2449 neque
1533 2379 1729 2449 aliquid

143 2468 441 2523 humanum
478 2470 706 2539 patitur,
737 2484 909 2540 neque
942 2484 1038 2524 suo
1067 2470 1317 2525 adventui
1363 2469 1545 2525 tribuit
1578 2470 1732 2527 famis

141 2576 388 2615 causam.
414 2561 517 2618 Sed
544 2563 667 2632 quia
694 2561 825 2616 vidit
850 2571 1096 2616 naturam
1125 2563 1383 2618 coarctari
1407 2605 1422 2631 ,
1449 2572 1504 2619 et
1533 2564 1731 2618 invale-

145 2668 304 2707 seere
327 2652 517 2707 famem
549 2669 562 2705 :
592 2653 881 2720 Descendit,
907 2654 1095 2724 inquit,
1122 2655 1175 2708 in
1204 2653 1491 2725 Egyptum
1519 2653 1726 2721 Abram,

140 2757 202 2800 ut
228 2746 472 2799 habitaret
493 2746 618 2811 illic,
647 2747 764 2816 quia
789 2745 1000 2800 invaluit
1026 2750 1185 2817 fames
1212 2763 1363 2815 super
1381 2756 1585 2799 terram.

216 2841 272 2893 4.
316 2838 542 2894 Attende
588 2839 855 2909 quomodo
897 2839 1137 2908 longiora
1180 2838 1310 2892 ﬁunt
1354 2838 1499 2908 justo
1534 2838 1722 2894 stadia.

140 2929 283 2984 Illud
313 2931 453 2984 enim
482 2929 791 2999 providebat
818 2929 1091 2996 Dominus,
1118 2937 1174 2983 ut
1212 2945 1317 2984 non
1351 2929 1522 2984 solum
1562 2929 1730 2983 Palu:-

139 3024 341 3075 stinam
384 3020 736 3074 incolentibus
764 3028 907 3074 esset
949 3019 1154 3085 doctor,
1196 3020 1291 3074 sed
1336 3029 1390 3074 et
1430 3021 1494 3074 iis
1536 3020 1625 3090 qui
1673 3020 1726 3075 in

138 3112 382 3183 Egypto
406 3120 590 3178 erant,
621 3121 672 3166 et
703 3112 910 3165 virtutis
939 3114 1054 3180 ejus
1083 3111 1336 3180 splendor
1362 3111 1608 3167 omnibus
1636 3128 1728 3181 pa-

142 3216 303 3263 teret.
335 3207 494 3274 Quasi
534 3206 673 3261 enim
703 3206 961 3260 luminare
1006 3204 1269 3274 quoddam
1300 3205 1468 3260 latens
1511 3213 1564 3260 et
1601 3206 1726 3261 abs-

137 3298 417 3354 conditum
462 3298 515 3352 in
556 3296 925 3352 Chaldaeorum
956 3305 1131 3363 terra,
1164 3295 1309 3351 illinc
1350 3296 1621 3361 evocavit,
1667 3306 1723 3351 ut

137 3407 237 3447 eos
274 3393 362 3461 qui
416 3393 465 3445 in
506 3391 737 3446 tenebris
771 3406 1008 3445 errorum
1054 3389 1343 3456 sedebant,
1376 3389 1442 3444 ad
1485 3390 1725 3445 veritatis

138 3488 281 3539 viam
309 3484 686 3538 introduceret.
716 3482 822 3538 Sed
852 3482 989 3537 forte
1027 3482 1167 3537 dicet
1195 3483 1386 3552 aliquis
1415 3501 1429 3537 :
1460 3483 1525 3536 Et
1561 3497 1724 3552 quare

137 3592 249 3629 non
280 3576 454 3644 potius
495 3582 551 3626 ut
587 3575 642 3640 ii,
666 3573 755 3644 qui
782 3575 836 3627 in
861 3572 1106 3627 Chaldaza
1138 3582 1311 3637 erant,
1340 3571 1406 3627 ad
1437 3586 1614 3626 veram
1636 3587 1724 3626 re-

137 3669 394 3738 ligionem
422 3668 682 3733 venirent,
711 3682 806 3736 per
833 3667 1005 3736 ipsum
1036 3664 1249 3720 eﬂ‘ecit?
1280 3664 1576 3721 Verisimile
1604 3664 1724 3733 qui-

134 3762 264 3817 dem
308 3770 420 3825 est,
452 3760 660 3815 illorum
700 3759 922 3814 salutem
959 3774 1050 3828 per
1076 3758 1301 3811 aliorum
1340 3756 1725 3826 providentiam

134 3866 482 3928 procuratam
505 3855 668 3909 fuisse
689 3872 701 3906 :
731 3862 963 3907 attamen
985 3850 1107 3905 audi
1133 3850 1401 3905 Christum
1423 3850 1685 3905 dicentem
1709 3866 1722 3903 :

138 3949 267 4004 Non
298 3958 368 4003 est
393 3949 636 4021 prapltcta
652 3948 759 4000 sine
778 3946 983 4011 honore,
1005 3945 1098 3998 nisi
1118 3945 1171 3998 in
1200 3944 1364 4013 patria
1388 3960 1481 3997 sua
1506 3943 1719 4013 (Matth.

137 4042 232 4095 13.
261 4040 373 4111 57).
408 4040 473 4095 Ut
494 4039 652 4108 igitur
679 4052 839 4108 opere
861 4036 1103 4105 impleret
1130 4034 1532 4103 promissionem
1564 4050 1720 4104 quam

137 4132 217 4186 illi
248 4130 467 4195 fecerat,
489 4129 703 4184 dicens:
732 4127 798 4180 Et
825 4125 1159 4196 ntagniﬁcabo
1184 4142 1363 4180 nomen
1390 4134 1528 4178 tuum
1558 4140 1576 4179 :
1605 4140 1727 4195 pro-

136 4232 323 4291 pterea
351 4230 406 4275 et
430 4222 620 4275 famem
647 4218 774 4274 oriri
802 4219 1076 4288 permittit,
1095 4226 1149 4271 et
1173 4225 1391 4287 cogente
1410 4216 1727 4272 necessitate

136 4316 197 4369 in
238 4314 528 4384 Egyptum
576 4328 697 4367 eum
738 4312 815 4366 ire
842 4309 1146 4380 compellit,
1180 4317 1236 4363 ut
1260 4308 1526 4363 discerent
1558 4317 1611 4363 et
1642 4312 1725 4360 in-

136 4406 276 4460 colae
304 4416 498 4474 quanta
526 4404 623 4458 viri
648 4403 818 4458 virtus
842 4411 999 4457 esset.
1031 4400 1160 4454 Nam
1183 4399 1350 4453 fames
1370 4400 1520 4468 quasi
1548 4399 1721 4466 lictor,

135 4511 242 4551 ceu
267 4495 495 4549 vinculis
525 4495 752 4565 injectis,
786 4495 853 4547 ita
877 4494 925 4546 vi
953 4508 985 4546 e
1004 4492 1217 4545 deserto
1238 4491 1289 4544 in
1312 4490 1602 4562 Egyptum
1630 4504 1724 4545 eos

135 4587 421 4641 abstraxit.
448 4584 553 4640 Sed
599 4584 870 4638 videamus
907 4598 1026 4651 quae
1075 4581 1199 4635 hinc
1245 4590 1554 4649 sequantur,
1582 4588 1633 4633 et
1669 4579 1721 4633 in

134 4689 372 4752 quantas
417 4677 754 4733 difficultates
777 4676 952 4745 justus
978 4672 1222 4728 inciderit
1251 4686 1265 4722 :
1300 4680 1357 4726 ut
1382 4679 1437 4727 et
1473 4671 1589 4741 ejus
1615 4671 1724 4727 for-

135 4772 423 4829 titudinem
467 4770 764 4833 discamus,
795 4776 848 4821 et
895 4766 1075 4820 uxoris
1112 4764 1255 4818 illius
1294 4764 1568 4832 sapientiae
1607 4772 1721 4819 stu-

132 4866 351 4919 diosam
382 4869 636 4916 mentem.
665 4860 950 4927 Postquam
991 4857 1149 4925 igitur
1177 4855 1343 4909 multo
1372 4855 1562 4910 itinere
1593 4871 1719 4924 pro-

131 4960 436 5017 cesserant,
469 4961 521 5006 et
549 4950 784 5019 proxime
807 4947 1096 5019 Egyptum
1121 4954 1292 5008 erant,
1320 4946 1493 5016 justus
1518 4961 1715 5017 angore

132 5045 338 5100 mentis
363 5042 589 5097 afﬂictus
619 5050 722 5106 est,
748 5049 828 5105 et,
863 5049 919 5093 ut
944 5040 1013 5093 ita
1055 5038 1248 5103 dicam,
1274 5037 1342 5093 de
1367 5038 1472 5091 vita
1512 5053 1606 5092 sua
1646 5039 1715 5091 ti—

133 5154 295 5193 mens
323 5145 380 5192 et
401 5146 633 5190 tremens
656 5134 941 5201 alloquitur
956 5145 1177 5186 uxorem
1201 5146 1373 5185 suam.
1396 5131 1481 5183 ll.
1503 5129 1719 5183 Factum

132 5243 208 5287 est
230 5276 245 5297 ,
283 5232 452 5300 inquit
475 5271 489 5293 ,
513 5228 713 5299 quando
742 5226 927 5279 Abram
954 5222 1407 5294 appropinquabat,
1435 5232 1488 5275 ut
1518 5222 1725 5275 intraret

130 5327 189 5378 in
224 5322 532 5393 lEgyptum,
562 5320 690 5373 dixit
738 5318 886 5372 Sara:
923 5316 1070 5370 uxori
1097 5330 1203 5368 sua:
1231 5329 1249 5367 :
1274 5312 1394 5369 Scio
1444 5313 1578 5382 quod
1619 5313 1728 5374 for-

130 5431 283 5468 mosa
307 5415 376 5467 sis
396 5412 593 5465 mulier.
628 5409 715 5464 l2.
738 5406 991 5461 Futurum
1018 5406 1184 5476 itaque
1205 5413 1277 5458 est
1305 5414 1357 5457 ut
1379 5420 1491 5457 cum
1515 5413 1560 5456 te
1586 5402 1726 5455 vide-

132 5509 238 5562 rint
270 5503 530 5576 ngyptii,
565 5503 734 5555 dicant
763 5517 781 5555 :
811 5498 920 5553 Ista
958 5508 1031 5553 est
1070 5514 1199 5552 uxor
1231 5497 1380 5568 ejus;
1415 5506 1461 5550 et
1501 5495 1728 5549 occident

134 5615 237 5663 me,
269 5606 315 5650 te
340 5604 507 5649 autent
526 5594 811 5648 servabunt.
840 5591 927 5646 l3.
958 5589 1055 5643 Dic
1075 5588 1248 5659 igitur,
1274 5587 1436 5642 Soror
1460 5587 1568 5656 ejus
1593 5603 1722 5651 sum,

134 5700 189 5743 ut
221 5688 348 5741 mihi
372 5696 580 5759 propter
615 5695 661 5739 te
688 5685 808 5738 bene
833 5683 913 5748 sit,
939 5690 982 5736 et
1021 5680 1143 5735 vivet
1182 5679 1350 5733 anima
1390 5695 1499 5733 utea
1526 5689 1731 5750 prapter

1191 245 1258 301 ΙΝ
1295 246 1447 305 CAP.
1492 248 1607 304 ΧΠ.
1648 249 1890 310 GENES.
1932 254 2159 313 HOMIL.
2201 258 2416 318 XXXII.

3324 276 3428 334 298

1856 375 1928 420 te.
1955 365 2138 424 Vidisti
2165 387 2230 426 ex
2260 374 2460 437 verbis,
2503 376 2554 429 in
2583 386 2779 446 quanto
2806 394 3004 450 angore
3035 391 3092 437 et
3132 395 3273 442 metu
3298 405 3429 446 con-

1853 456 2065 513 stitutus
2107 462 2263 516 fuerit
2298 463 2513 533 justus:
2545 483 2718 539 neque
2758 480 2932 528 tamen
2979 476 3287 535 turbabantur
3311 485 3428 537 ani-

1852 562 1941 601 mo
1965 588 1979 613 ,
2009 565 2181 620 neque
2204 555 2440 624 cogitans
2471 557 2605 612 intra
2633 574 2713 626 se,
2742 562 2948 617 dicebat
2977 583 2990 618 :
3018 567 3153 632 Quid
3182 569 3282 624 hoc
3306 574 3431 626 est?

1854 654 1979 693 num
2015 640 2247 699 derelicti
2290 661 2472 703 sumus
2492 648 2516 701 ?
2534 665 2661 705 num
2686 653 2891 723 decepti
2930 662 3155 714 sumus?
3177 678 3301 716 num
3334 680 3431 719 nos

1858 729 2183 821 providentia
2210 748 2301 788 sua
2325 736 2561 793 destituit
2588 740 2875 798 Dominus?
2899 762 3022 801 num
3050 750 3138 805 ille
3162 754 3250 821 qui
3275 752 3427 809 dixit:

1853 815 2191 888 Magniﬁcabo
2230 832 2304 888 te,
2339 835 2385 879 et
2408 830 2584 881 semini
2615 840 2699 884 tuo
2742 833 2870 888 dabo
2914 848 3098 892 (errant
3134 815 3265 896 hanc
3286 861 3305 897 :
3331 862 3429 900 nos

1850 907 1918 961 ita
1944 910 2193 983 relinquit
2216 930 2354 969 nunc
2382 927 2437 970 ut
2462 918 2527 972 de
2548 924 2799 977 extremis
2823 927 3125 998 timeamus,
3157 942 3210 987 et
3237 935 3289 989 in
3316 954 3430 991 ma-

1848 998 2095 1055 nifestum
2143 1001 2436 1063 incidamus
2482 1012 2811 1077 periculum?
2852 1018 2988 1073 Nihil
3030 1021 3215 1078 horum
3256 1029 3338 1083 vel
3375 1032 3424 1084 in

1847 1100 2079 1146 tuentem
2121 1094 2502 1152 admittendum
2532 1105 2854 1160 existimavit
2888 1109 3060 1177 justus
3086 1154 3100 1178 ,
3132 1116 3223 1170 sed
3265 1134 3425 1173 unum

1847 1179 1965 1279 hoc
1988 1186 2237 1252 curabat,
2267 1192 2533 1259 quomodo
2575 1206 2688 1249 arte
2728 1199 2898 1268 aliqua
2927 1207 3217 1275 excogitata
3250 1223 3427 1279 posset

1844 1272 1997 1328 famis
2020 1277 2310 1333 remedium
2349 1297 2411 1336 ac
2436 1287 2849 1343 consolationem
2883 1272 3139 1363 invenire,
3172 1310 3225 1353 et
3250 1272 3423 1373 )Egy-

1845 1365 2073 1460 ptiorum
2105 1384 2292 1424 uianus
2322 1372 2570 1443 ell'ugere.
2603 1378 2723 1432 Scio
2746 1422 2761 1446 ,
2797 1384 2997 1452 inquit,
3027 1392 3162 1458 quod
3204 1365 3425 1460 foroin-sa

1844 1454 2021 1509 mulier
2049 1458 2136 1512 sis.
2167 1459 2298 1515 Vide
2322 1475 2515 1532 quanta
2547 1470 2782 1523 mulieris
2803 1484 2917 1527 erat
2944 1454 3239 1535 formositas
3261 1499 3275 1534 :
3301 1503 3420 1539 nam

1842 1555 2037 1601 etcum
2065 1549 2116 1603 in
2146 1565 2413 1609 senCCtam
2436 1557 2545 1626 jam
2575 1574 2847 1633 vergeret,
2880 1577 2935 1621 et
2969 1581 3087 1637 post
3130 1581 3207 1626 tot
3251 1590 3421 1630 anuo-

1841 1650 1957 1690 rum
1988 1654 2263 1696 numerum
2285 1684 2299 1710 ,
2327 1646 2501 1703 adhuc
2520 1651 2598 1703 vis
2623 1654 3027 1720 pulchritudinis
3049 1661 3099 1715 in
3127 1661 3261 1719 facie
3290 1668 3424 1721 emi-

1840 1728 2013 1824 cabat,
2042 1732 2199 1788 etiam
2228 1747 2344 1805 post
2374 1748 2452 1793 tot
2480 1742 2686 1799 labores
2715 1756 2768 1801 et
2791 1763 3076 1818 aerumnas,
3097 1772 3227 1824 quas
3254 1760 3303 1812 in
3340 1762 3421 1815 via

1842 1818 1907 1872 de
1941 1822 2070 1876 locis
2104 1826 2159 1879 in
2188 1827 2301 1882 loca
2342 1836 2661 1891 transeundo
2691 1851 2908 1909 experta
2934 1855 3054 1911 est,
3086 1818 3423 1906 a-Chalda'o-

1844 1927 1961 1965 rum
1992 1930 2183 1988 nempe
2208 1922 2423 1991 regione
2449 1925 2501 1979 in
2526 1927 2783 1997 Charran,
2802 1942 2856 1987 et
2880 1948 2911 1987 a
2940 1933 3177 1992 Charran
3211 1941 3260 1994 in
3288 1942 3422 1996 Cha-

1844 2016 1997 2096 naan,
2028 2016 2080 2059 et
2110 2023 2292 2064 rursus
2315 2012 2365 2066 in
2391 2011 2686 2072 Chanantea
2714 2020 2819 2075 huc
2842 2033 3000 2094 atque
3026 2026 3171 2096 illuc,
3202 2040 3254 2084 et
3282 2049 3422 2088 nunc

1841 2091 2031 2148 iterum
2064 2096 2115 2150 in
2142 2097 2452 2171 Egyptum.
2485 2105 2649 2173 Quem
2678 2126 2781 2166 non
2820 2091 3029 2170 fortium
3060 2120 3293 2176 virorum
3329 2124 3422 2177 de~

1838 2183 2117 2282 fatigarent
2142 2198 2217 2243 tot
2236 2194 2499 2250 continua:
2524 2202 2977 2270 peregrinationes
3001 2207 3024 2259 ἱ)
3054 2209 3246 2264 Verum
3273 2228 3422 2282 egre-

1838 2272 1921 2342 gia
1963 2274 2077 2330 haec
2115 2281 2306 2336 mulier
2344 2285 2501 2340 etiam
2545 2300 2665 2357 post
2706 2300 2783 2346 tot
2819 2297 3112 2354 exantlatas
3160 2272 3424 2359 :eruuinas

1838 2364 2103 2423 luculenta
2142 2370 2312 2427 adhuc
2346 2386 2459 2430 erat
2487 2376 2639 2445 facie,
2666 2383 2806 2438 unde
2832 2394 2885 2439 et
2915 2389 3281 2446 vehementem
3310 2394 3422 2449 for—

1840 2457 2092 2553 midinem
2134 2461 2385 2519 afferebat
2416 2466 2562 2536 justo
2590 2488 2603 2523 :
2641 2470 2760 2529 ideo
2784 2485 2838 2530 et
2865 2476 3073 2535 dicebat
3102 2499 3116 2536 :
3145 2483 3267 2539 Scio
3289 2486 3420 2553 quod

1840 2548 2017 2601 mulier
2042 2554 2265 2618 formosa
2293 2556 2363 2609 sis
2393 2573 2412 2611 :
2438 2562 2667 2629 futurum
2691 2565 2857 2635 itaque
2882 2580 2953 2623 est
2978 2581 3029 2623 ut
3055 2589 3167 2627 cum
3196 2586 3243 2629 te
3284 2548 3419 2633 vide-

1836 2640 1937 2692 rint
1982 2640 2224 2714 .Egyptii
2241 2686 2257 2713 ,
2285 2647 2497 2704 dicant:
2522 2650 2633 2706 Ista
2663 2665 2736 2709 est
2771 2673 2899 2712 uxor
2937 2642 3048 2731 ejus
3074 2678 3094 2727 ;
3122 2674 3168 2719 et
3193 2668 3416 2723 occident

1835 2748 1932 2823 nte,
1966 2743 2013 2787 te
2039 2746 2203 2790 autent
2228 2742 2511 2796 servabunt.
2553 2744 2866 2817 Considera,
2898 2766 3153 2823 quantum
3184 2762 3419 2816 conlide-

1838 2822 1926 2877 bat
1953 2827 2189 2883 moribus
2215 2832 2472 2898 mulieris,
2498 2852 2603 2891 non
2628 2851 2868 2897 metuens
2889 2822 2955 2900 ne
2978 2846 3221 2906 laudibus
3248 2856 3415 2909 emol-

1834 2915 2053 2982 liretur,
2082 2923 2206 2990 quin
2229 2934 2283 2978 et
2312 2927 2413 2981 tale
2440 2928 2639 2984 inducit
2665 2936 2967 3006 consilium,
2996 2940 3178 2999 dicens
3210 2962 3223 2999 :
3256 2946 3319 3003 Ut
3349 2965 3416 3005 ne

1834 3022 1919 3108 me
1949 3011 2161 3079 quidem
2191 3016 2467 3082 occidant,
2500 3029 2550 3076 te
2589 3034 2763 3079 autem
2813 3041 3030 3086 servent
3063 3051 3075 3086 :
3110 3035 3202 3088 Dic
3229 3038 3413 3108 igitur,

1834 3099 1995 3154 Soror
2022 3106 2131 3174 ejus
2154 3123 2265 3159 sunt
2288 3151 2302 3174 ,
2329 3120 2383 3162 ut
2412 3113 2535 3165 mihi
2562 3113 2683 3168 bene
2717 3118 2816 3183 sit,
2842 3128 2889 3172 et
2925 3122 3047 3176 vivet
3088 3126 3257 3179 anima
3304 3147 3415 3185 mea

1833 3205 2037 3265 propter
2062 3200 2403 3266 te.Quouiam
2434 3220 2539 3259 non
2568 3208 2780 3276 vulgare
2802 3223 2917 3266 erat
2937 3215 3075 3283 quod
3097 3216 3406 3287 imperabat,

1833 3300 2115 3358 prepterea
2159 3294 2334 3349 verbis
2372 3311 2489 3364 qua:
2529 3298 2794 3367 subdidit,
2825 3304 3038 3361 allicere
3079 3323 3192 3363 eam
3242 3323 3296 3365 et
3342 3315 3406 3367 ad

1830 3379 2246 3437 misericordiam
2292 3385 2530 3452 ﬂectere,
2560 3392 2984 3464 persuadereque
3009 3398 3056 3451 ei
3085 3400 3324 3466 volebat,
3355 3415 3412 3459 ut

1830 3482 2073 3541 prompte
2118 3474 2170 3528 in
2202 3475 2301 3530 hac
2334 3475 2509 3532 fabula
2536 3493 2713 3548 partes
2754 3499 2881 3539 suas
2924 3498 3123 3557 ageret.
3158 3491 3409 3548 Futurum

1831 3570 1900 3614 est
1929 3563 2095 3630 itaque
2118 3576 2172 3619 ut
2197 3583 2309 3620 cunt
2336 3577 2382 3621 te
2417 3570 2626 3624 viderint
2660 3572 2898 3645 zEgyptii
2916 3618 2931 3642 ,
2961 3580 3131 3634 dicant
3160 3598 3179 3636 :
3206 3582 3314 3637 Ista
3341 3596 3410 3639 est

1828 3670 1959 3709 utr-or
1990 3658 2140 3726 ejus;
2186 3667 2233 3712 et
2276 3662 2502 3716 occident
2542 3679 2652 3727 me,
2687 3674 2735 3719 te
2773 3677 2938 3721 autent
2977 3673 3260 3729 servabunt.
3293 3677 3405 3730 Non

1829 3746 1982 3814 dixit,
2025 3748 2369 3805 Contumeliis
2408 3761 2458 3807 te
2493 3754 2772 3813 efﬁcient:
2814 3774 2920 3814 non
2962 3763 3070 3816 vult
3103 3767 3244 3820 enim
3288 3784 3404 3823 eam

1829 3854 1972 3893 nunc
1999 3842 2174 3894 verbis
2206 3853 2438 3909 terrere,
2481 3848 2744 3917 praecipue
2768 3864 2894 3905 vero
2934 3855 3201 3909 metuebat
3245 3872 3404 3926 super

1831 3929 1924 3984 Dei
1974 3933 2343 4001 promissione.
2391 3935 2676 4004 Propterea
2725 3939 2851 3994 dicit
2880 3959 2893 3996 :
2925 3940 2995 3995 Te
3028 3954 3193 3998 autem
3227 3963 3401 4002 serva-

1831 4023 1951 4077 bunt
1979 4041 1997 4077 :
2027 4026 2105 4077 die
2138 4026 2311 4096 igitur,
2337 4026 2496 4082 Soror
2521 4031 2629 4099 ejus
2649 4046 2779 4085 sum.
2808 4030 2987 4104 Cogita
3012 4076 3025 4099 ,
3048 4051 3229 4106 qumso
3252 4080 3268 4103 ,
3299 4056 3401 4108 quo

1828 4123 1990 4178 fuisse
2010 4131 2119 4177 tum
2149 4124 2198 4177 in
2240 4134 2379 4178 statu
2419 4125 2548 4193 justi
2578 4136 2808 4181 mentem
2835 4130 3121 4184 verisimile
3150 4134 3250 4198 sit,
3279 4149 3401 4191 cum

1829 4215 1926 4269 ista
1952 4215 2103 4270 uxori
2132 4217 2452 4272 consuleret.
2480 4218 2635 4274 Scitis
2657 4222 2796 4274 enim
2820 4264 2832 4286 ,
2865 4223 3010 4276 scitis
3036 4224 3164 4278 nihil
3191 4229 3404 4295 gravius

1828 4306 2032 4361 maritis
2059 4321 2213 4373 esse,
2242 4324 2399 4377 quam
2435 4319 2491 4363 ut
2516 4311 2599 4364 vel
2644 4312 2695 4365 in
2738 4312 2995 4381 ejusmodi
3048 4319 3401 4385 suiSpicionem

1826 4413 1963 4452 uxor
1992 4399 2190 4453 veniat.
2222 4398 2595 4455 Verumtamen
2632 4401 2718 4457 hic
2753 4404 2928 4471 justus
2967 4416 3019 4460 et
3056 4411 3327 4464 contendit
3352 4422 3406 4466 et

1827 4506 2039 4545 omnem
2076 4491 2303 4561 lapidem
2352 4503 2563 4559 movet,
2594 4503 2653 4549 ut
2697 4496 3010 4552 adulterium
3048 4516 3210 4570 opere
3256 4518 3405 4558 cont-

1827 4583 2056 4651 pleatur.
2078 4582 2197 4637 Noli
2220 4593 2392 4639 tamen
2412 4584 2612 4653 justum
2635 4586 2777 4643 hunc
2804 4598 3002 4647 temere
3024 4594 3399 4663 condemnare,

1828 4673 2168 4728 dilectissime
2193 4716 2206 4739 ,
2239 4674 2333 4729 sed
2356 4691 2419 4731 ex
2452 4675 2553 4731 hoc
2584 4680 2757 4747 potius
2787 4682 3003 4735 multam
3032 4683 3147 4751 ejus
3175 4685 3406 4753 pruden-

1829 4763 1954 4817 tiam
1982 4778 2044 4818 ac
2074 4764 2432 4820 fortitudinem
2458 4782 2754 4836 cognosce;
2778 4770 3139 4828 fortitudinem
3167 4776 3401 4845 quidem,

1828 4853 1969 4924 quod
2012 4854 2081 4908 ita
2125 4870 2385 4924 generose
2430 4859 2658 4913 motibus
2700 4859 3075 4929 cogitationum
3109 4865 3404 4932 restiterit,

1831 4959 2027 5014 eosque
2054 4946 2340 5014 superarit,
2368 4955 2423 5001 ut
2452 4949 2611 5002 etiam
2645 4949 2739 5003 ista
2769 4952 3089 5006 consuleret.
3125 4953 3232 5007 Hac
3260 4955 3402 5010 enim

1832 5050 1888 5089 re
1925 5035 2054 5090 nihil
2105 5052 2225 5092 esse
2268 5038 2646 5092 intolerabilius
2688 5041 2809 5093 audi
2858 5056 2919 5095 ex
2966 5042 3285 5109 Salomone,
3316 5048 3405 5116 qui

1830 5125 2002 5181 dicit:
2038 5126 2229 5181 Plenus
2275 5129 2406 5181 enint
2452 5129 2548 5181 zeli
2575 5132 2719 5199 furor
2762 5131 2855 5183 viri
2898 5133 3038 5199 eius;
3087 5151 3188 5188 non
3236 5149 3405 5206 parcet

1833 5218 1885 5270 in
1919 5217 2000 5270 die
2044 5218 2266 5287 judicii,
2299 5234 2454 5288 neque
2492 5220 2811 5272 commutabit
2841 5222 3010 5275 odium
3050 5225 3220 5279 multis
3262 5227 3407 5280 donis

1832 5310 1850 5378 (
1873 5308 2026 5362 Prov.
2056 5312 2106 5363 6.
2142 5311 2229 5362 54.
2254 5308 2343 5381 55)
2376 5327 2387 5363 :
2418 5319 2472 5366 et
2502 5327 2703 5378 rursus,
2734 5311 2905 5368 Durus
2933 5326 2982 5368 ut
3010 5318 3240 5387 infernus
3270 5321 3407 5375 zelus

1835 5399 2003 5472 (Cant.
2034 5400 2086 5454 8.
2117 5399 2192 5469 6).

1901 5492 1954 5547 5.
1984 5490 2262 5561 Zelotypiw
2300 5492 2498 5546 insania
2524 5506 2731 5564 quanta.
2755 5526 2821 5536 —
2838 5497 3032 5554 Multos
3059 5510 3235 5555 autem
3260 5502 3409 5557 vide-

1836 5597 1954 5637 mus
1976 5583 2025 5635 iu
2054 5590 2250 5635 tantam
2280 5581 2537 5637 insaniam
2566 5587 2871 5656 prorupisse
2890 5629 2905 5655 ,
2934 5599 2992 5643 ut
3033 5607 3131 5645 nec
3155 5593 3406 5649 uxoribus

1836 5676 1963 5747 ipsis
1986 5682 2285 5745 parcerent,
2313 5674 2406 5730 sed
2446 5685 2495 5731 et
2518 5676 2813 5735 adulterum
2843 5680 3014 5752 ipsum
3042 5698 3407 5753 saepenumero
