3760 6252
383 233 486 289 2υ9

366 360 439 405 ,ει
465 346 777 416 semctipsos
803 342 1185 398 interimercnt.
1215 339 1382 393 Tanta
1410 338 1486 393 rei
1516 337 1674 406 hujus
1701 346 1783 390 cst
1811 336 1955 389 insa-

386 441 472 494 nia
492 479 506 504 ,
539 446 644 492 tam
675 438 938 505 impotens
961 440 1015 488 et
1041 430 1293 485 indomita
1320 437 1405 484 est
1429 427 1707 499 zelotypia,
1738 434 1796 480 ut
1835 441 1955 481 cum

387 530 475 598 qui
508 526 669 582 semel
697 524 794 579 hac
815 522 1123 593 (egritudine
1147 526 1424 589 correptus
1448 519 1536 579 sit,
1564 517 1760 571 efficiat
1798 517 1956 570 etiam

387 619 650 687 propriam
676 615 901 670 salutem
932 621 1293 666 contemnere.
1325 610 1404 663 Ac
1428 606 1791 662 fortitudinem
1836 606 1955 675 qui—

384 712 504 767 dem
538 711 668 780 justi
714 710 838 765 licet
886 707 1008 763 inde
1051 721 1413 777 cognoscere:
1443 705 1774 775 prttdentiam
1827 718 1958 758 vero

321 783 327 802 ⁷
384 817 489 855 non
518 800 839 855 mediocrem
867 814 930 853 ex
958 814 1043 865 eo,
1074 797 1216 868 quod
1259 797 1315 851 in
1363 805 1534 851 tantas
1578 796 1822 850 redactus
1864 811 1955 848 an-

380 892 579 959 gustias
617 900 671 944 et
703 898 968 960 tamquam
1001 889 1200 959 laqueis
1228 888 1481 952 irretitus,
1513 888 1649 940 hanc
1694 887 1830 940 \iam
1860 900 1955 954 po-

382 981 540 1034 tuerit
566 979 895 1043 adinvenire,
925 994 1027 1047 qua
1059 979 1252 1031 malum
1288 978 1705 1031 imminueretur.
1732 974 1863 1028 Nam
1911 974 1957 1029 si

380 1070 593 1139 quidem
616 1069 835 1124 dixisset
864 1084 1082 1123 uxorem
1103 1082 1162 1122 se
1189 1067 1328 1121 illius
1354 1082 1492 1133 esse,
1516 1081 1686 1137 neque
1728 1066 1954 1119 fabulam

382 1164 523 1218 illam
552 1164 765 1232 egisset,
793 1177 854 1217 ac
879 1162 1079 1217 sororis
1126 1176 1318 1214 nomen
1362 1167 1668 1229 usurpasset
1693 1175 1706 1211 :
1736 1166 1790 1212 et
1843 1157 1955 1226 ipsa

377 1257 518 1325 justo
546 1264 727 1324 erepta
749 1261 909 1317 esset,
937 1268 1055 1307 cum
1083 1252 1198 1321 ejus
1223 1251 1405 1305 forma:
1436 1248 1769 1321 pulchritudo
1797 1248 1956 1302 lasci-

380 1363 502 1402 vum
530 1345 904 1417 Egyptiorum
929 1344 1164 1398 animum
1208 1343 1530 1413 peilexisset,
1560 1353 1612 1396 et
1648 1340 1957 1396 interfectus

376 1438 549 1506 justus
578 1436 782 1503 fuisset,
835 1445 890 1490 ut
934 1435 1150 1490 sceleris
1186 1442 1459 1489 accusator
1484 1449 1514 1487 e
1538 1433 1713 1488 medio
1741 1433 1955 1487 tollere-

383 1538 486 1582 tur.
514 1528 733 1595 Quando
762 1527 916 1598 igitur
947 1528 1027 1579 hae
1070 1524 1188 1579 dua:
1210 1525 1444 1579 molesta:
1478 1538 1565 1578 res
1593 1522 1810 1577 omnino
1835 1537 1959 1591 pro-

382 1632 500 1690 pter
528 1621 798 1674 hominum
830 1619 1040 1672 illorum
1060 1672 1061 1675 η
1085 1617 1541 1686 intemperantiam
1600 1618 1844 1683 regisque
1875 1624 1955 1684 ty-

381 1710 655 1766 rannidem
681 1717 947 1764 eventurae
973 1716 1146 1773 erant,
1174 1716 1229 1760 ut
1274 1707 1325 1759 in
1355 1706 1513 1760 tantis
1557 1704 1954 1758 difficultatibus

379 1803 625 1871 exiguum
664 1799 877 1868 aliquod
920 1798 1165 1852 solatium
1211 1796 1443 1849 nancisci
1498 1804 1714 1864 possent
1766 1812 1779 1848 ε
1830 1793 1948 1859 Dic,

380 1893 566 1963 inquit,
601 1892 761 1947 Soror
793 1891 903 1960 ejus
934 1906 1045 1944 sum
1068 1906 1087 1953 ,'
1114 1889 1215 1943 hoc
1235 1889 1373 1941 enim
1419 1885 1647 1942 fortasse
1675 1902 1760 1942 me
1796 1904 1825 1940 a
1857 1898 1955 1956 pet-

380 1984 559 2037 riculis
585 1982 844 2038 liberabit.
866 1979 995 2036 Nam
1022 1981 1160 2050 quod
1186 1978 1250 2033 ad
1280 1990 1331 2034 te
1359 1979 1570 2049 quidem
1598 1980 1807 2041 attinet,
1838 1979 1955 2033 sive

377 2090 616 2129 sororem
647 2072 865 2143 teipsam
889 2072 1108 2137 dixeris,
1138 2072 1250 2125 sive
1286 2070 1585 2139 conjugem,
1614 2086 1769 2123 nemo
1798 2085 1955 2141 nega-

378 2168 451 2221 bit
480 2167 604 2236 quin
626 2166 843 2219 omnino
873 2163 1105 2217 futurum
1131 2162 1219 2225 sit,
1253 2171 1309 2215 ut
1354 2171 1403 2215 te
1450 2168 1670 2229 propter
1711 2160 1956 2229 corporis

380 2258 824 2331 pulchritudinem
878 2254 1159 2311 confestim
1198 2254 1460 2324 eripiant;
1500 2269 1584 2307 me
1608 2269 1734 2307 vero
1760 2252 1954 2321 proba-

380 2350 485 2404 bile
510 2358 592 2404 est
618 2348 839 2403 insidias
875 2361 1176 2411 evasurum,
1212 2346 1256 2398 si
1286 2360 1478 2398 nomen
1501 2344 1699 2398 sororis
1724 2360 1953 2413 usurpa-

380 2443 540 2496 veris.
574 2440 736 2496 Vides
760 2439 1090 2509 prudentiam
1113 2438 1273 2507 justi;
1304 2453 1409 2507 quo
1438 2447 1588 2506 pacto
1631 2438 1954 2507 interceptus

384 2537 523 2586 viam
572 2530 801 2602 potuerit
844 2531 1116 2592 invenire,
1166 2544 1230 2584 ac
1274 2529 1488 2583 modum
1542 2529 1949 2598 excogitaverit,

379 2643 485 2696 quo
530 2625 896 2696 Egyptiorum
945 2621 1159 2677 insidias
1210 2630 1389 2691 posset
1433 2621 1703 2676 evadere?
1752 2621 1953 2676 Rursus

376 2720 478 2773 hoc
507 2718 624 2773 loco
655 2717 780 2770 mihi
813 2715 1115 2785 patientiam
1167 2728 1379 2783 quoque
1411 2714 1538 2784 justi
1571 2713 1858 2783 perpende,
1889 2729 1951 2767 ac

375 2809 613 2863 mulieris
639 2807 953 2877 probitatem
985 2804 1148 2875 :justi
1195 2805 1431 2875 quidem,
1485 2807 1624 2873 quod
1664 2820 1768 2857 non
1816 2804 1954 2858 indi-

374 2909 561 2969 gnatus
591 2898 660 2953 sit
686 2913 855 2967 neque
885 2896 1078 2950 dixerit
1102 2914 1115 2949 :
1138 2895 1246 2950 Cur
1283 2905 1458 2950 autem
1498 2894 1633 2948 hanc
1676 2895 1950 2949 mulierem

374 3006 583 3044 mecum
600 2990 755 3054 duco,
782 2987 935 3058 cujus
961 2987 1129 3056 gratia
1157 2994 1297 3041 tanta
1321 2986 1374 3039 in
1400 3000 1484 3040 me
1506 2995 1788 3055 tempestas
1808 2986 1953 3040 exci-

377 3081 557 3134 tatur?
584 3079 708 3150 quid
738 3081 879 3135 enim
906 3077 1021 3148 ejus
1060 3077 1187 3131 milti
1216 3076 1433 3146 prodest
1452 3078 1799 3142 consuetudo,
1832 3092 1948 3131 cum

374 3173 489 3242 ejus
514 3188 672 3227 causa
712 3172 765 3226 in
809 3186 1074 3227 summum
1118 3171 1306 3240 capitis
1354 3170 1640 3226 discrimen
1677 3170 1950 3226 adducar?

375 3265 500 3334 quid
531 3265 656 3319 mihi
682 3264 907 3334 proficit,
935 3279 1056 3318 cum
1083 3278 1189 3317 non
1232 3262 1391 3317 modo
1430 3263 1575 3317 nullo
1633 3278 1718 3317 me
1760 3263 1949 3316 solatio

372 3356 541 3425 juvet,
572 3355 664 3410 sed
694 3359 851 3410 etiam
879 3370 972 3408 sua
1011 3353 1399 3423 pulchritudine
1424 3353 1609 3408 mortis
1654 3353 1780 3407 mihi
1813 3354 1950 3424 peri-

374 3447 554 3501 culum
597 3445 946 3500 creet?Nibil
977 3443 1166 3497 horum
1216 3443 1347 3498 dixit
1392 3452 1483 3498 aut
1536 3444 1803 3513 cogitavit,
1852 3444 1949 3499 sed

376 3538 520 3592 numi
550 3536 809 3607 ejusmodi
849 3537 1045 3605 rejecta
1092 3535 1410 3605 cogitatione
1453 3534 1520 3590 de
1546 3536 1637 3590 Dei
1688 3536 1949 3606 promisso

376 3631 593 3685 minime
616 3629 904 3693 dubitavit;
928 3628 1021 3683 sed
1044 3629 1094 3683 in
1119 3628 1167 3681 id
1194 3643 1352 3682 unum
1380 3628 1636 3695 incubuit,
1666 3638 1721 3684 ut
1760 3630 1948 3699 prmvi-

374 3736 489 3774 sum
517 3720 801 3775 discrimen
826 3730 1003 3789 posset
1030 3720 1281 3774 evadere.
1316 3721 1409 3774 llic
1459 3721 1598 3775 enim
1628 3720 1945 3777 ineffabilem

373 3813 464 3867 Dei
495 3814 796 3883 patientiam
832 3812 1213 3879 animadverte,
1261 3812 1623 3876 dilectissime,
1656 3829 1760 3883 quo
1792 3823 1944 3882 pacto

371 3920 477 3957 non
524 3905 737 3957 assistat
774 3918 945 3972 neque
967 3903 1271 3959 consoletur
1295 3903 1517 3972 justum,
1561 3903 1654 3958 sed
1705 3906 1945 3973 ingrave-

369 4009 520 4048 scere
545 3993 679 4046 mala
710 3994 850 4048 sinat
872 4002 925 4047 et
949 3994 1147 4063 augeri,
1177 4002 1332 4063 atque
1380 3994 1431 4047 in
1466 4002 1731 4050 extremas
1775 4010 1942 4064 angu-

370 4084 501 4137 stias
548 4083 737 4153 redigi,
783 4092 999 4154 tumque
1042 4098 1190 4137 suam
1246 4084 1629 4152 providentiam
1677 4086 1940 4141 ostendat.

370 4173 467 4227 Dic
491 4174 664 4244 igitur,
689 4172 877 4243 inquit,
907 4174 1068 4227 Soror
1114 4174 1222 4242 ejus
1273 4189 1385 4225 sum
1410 4187 1430 4225 .·
1453 4182 1507 4226 ut
1552 4173 1675 4227 bene
1713 4174 1776 4227 sit
1819 4176 1943 4229 mihi

372 4276 575 4335 propter
618 4278 686 4331 te,
734 4274 782 4319 et
829 4266 951 4319 vivet
1001 4266 1172 4318 anima
1206 4281 1316 4318 mea
1342 4274 1543 4336 propter
1560 4274 1626 4319 te.
1651 4265 1765 4321 Non
1793 4269 1941 4337 quasi

370 4356 623 4410 moritura
649 4364 791 4411 esset
816 4355 980 4424 ipsius
1006 4355 1200 4419 anima,
1225 4355 1339 4408 hazc
1363 4355 1496 4409 dixit
1520 4355 1692 4424 justus
1732 4355 1944 4426 (Nolite

368 4449 507 4501 enim
531 4448 720 4514 timere,
749 4448 936 4517 inquit,
967 4464 1051 4501 eos
1084 4447 1168 4517 qui
1196 4448 1431 4501 occidunt
1469 4465 1670 4519 corpus,
1720 4452 1941 4505 animam

368 4550 537 4592 autent
563 4555 663 4591 non
688 4546 892 4608 possunt
917 4538 1139 4591 occidere
1166 4536 1376 4612 [Matth
1408 4539 1494 4594 10.
1525 4539 1664 4610 28]),
1694 4541 1787 4595 sed
1809 4546 1938 4595 sim-

374 4630 576 4699 pliciter
596 4644 662 4683 ex
682 4627 1063 4682 consuetudine
1086 4627 1168 4681 his
1188 4628 1362 4683 verbis
1384 4643 1601 4683 uxorem
1624 4629 1813 4685 affatus
1836 4640 1936 4686 est.

371 4721 437 4775 Ut
459 4723 578 4774 bene
606 4719 729 4772 milii
746 4719 829 4783 sit,
861 4719 1044 4788 inquit,
1072 4729 1272 4789 propter
1298 4729 1365 4787 te,
1401 4731 1448 4774 et
1473 4718 1592 4775 vivet
1631 4723 1801 4777 anima
1830 4740 1939 4777 mea

366 4824 568 4886 prapter
610 4821 657 4866 te
687 4829 706 4867 :
733 4812 883 4881 quasi
910 4812 1113 4867 diceret
1158 4814 1229 4868 illi
1260 4831 1274 4868 :
1299 4813 1415 4878 Dic,
1463 4813 1623 4869 Soror
1648 4818 1755 4881 eius
1780 4834 1889 4872 sum
1918 4834 1938 4873 :

366 4920 432 4960 ne
458 4904 659 4959 efficias
686 4914 761 4970 ut,
789 4919 909 4958 cum
942 4912 1156 4973 pr0pter
1182 4903 1373 4959 famem
1412 4920 1444 4961 e
1467 4906 1762 4962 Chananaaa
1793 4909 1937 4980 fuge-

363 4996 482 5062 rim,
516 4994 761 5050 manibus
798 5009 989 5050 eneeer
1016 4995 1409 5066 Egyptiorum.
1441 4997 1563 5053 Fias
1608 5001 1783 5068 potius
1807 5003 1936 5057 mihi

365 5087 548 5140 salutis
578 5101 758 5151 causa,
794 5084 863 5141 Ut
901 5087 1021 5140 bene
1051 5087 1115 5140 sit
1158 5087 1279 5141 mihi
1307 5098 1509 5157 propter
1532 5098 1595 5143 te.
1624 5089 1935 5148 Miserabilia

362 5188 486 5230 sunt
513 5177 627 5232 haec
667 5178 848 5245 verba,
899 5179 1069 5234 sedet
1117 5181 1312 5234 multus
1354 5192 1468 5235 erat
1510 5182 1668 5236 timor
1719 5195 1934 5253 propter

364 5268 620 5321 insaniam
654 5268 1051 5339 Egyptiacam,
1094 5279 1148 5323 et
1196 5270 1315 5339 quia
1360 5270 1593 5326 nondum
1617 5274 1803 5328 mortis
1822 5285 1936 5331 erat

363 5358 536 5411 soluta
557 5360 819 5429 tyrannis;
853 5371 1127 5428 propterea
1155 5361 1206 5413 in
1231 5360 1543 5415 adulterium
1583 5364 1760 5417 uxoris
1807 5378 1934 5418 con-

361 5449 519 5501 sentit
560 5448 753 5516 justus,
784 5458 840 5503 et
879 5449 1027 5520 quasi
1079 5451 1243 5505 servit
1288 5450 1528 5507 adultero
1580 5454 1631 5506 iu
1682 5454 1921 5509 mulieris

358 5539 756 5605 contumeliam,
786 5548 842 5592 ut
884 5549 1108 5594 mortem
1157 5540 1389 5611 effugiat.
1432 5543 1555 5599 Erat
1591 5546 1733 5600 enim
1760 5544 1933 5601 adhuc

362 5630 611 5684 terribilis
652 5630 810 5685 facies
843 5630 1069 5698 mortis;
1113 5632 1345 5687 nondtnu
1398 5648 1545 5692 erant
1583 5654 1736 5694 aereae
1763 5650 1930 5712 portae

1160 229 1215 286 S.
1254 227 1526 285 JOANNIS
1561 224 2028 283 CIIRYSOSTUMI
2072 224 2382 279 ARCHIEP.
2424 224 2947 283 CONSTANTINOP.

3545 240 3643 296 300

2064 334 2350 390 confractze
2400 354 2416 402 ;
2468 338 2700 393 nondum
2747 351 2863 394 erat
2911 342 3128 398 aculeus
3176 345 3295 416 ejus
3341 350 3641 408 hebetatus.

2069 424 2255 480 Vidisti
2293 427 2563 481 vinculum
2607 431 2844 484 caritatis
2896 432 2992 487 viri
3039 444 3096 490 et
3138 435 3419 493 mulieris?
3466 443 3643 498 vidisti

2062 516 2234 571 virum
2257 559 2270 582 ,
2303 518 2477 587 qualia
2500 520 2707 574 mulieri
2731 535 3014 591 suggerere
3043 527 3112 579 sit
3153 542 3337 595 ausus,
3384 540 3444 586 et
3484 534 3642 602 quale

2060 609 2340 662 consilium
2368 610 2632 680 acceperit
2658 612 2887 667 mulier?
2914 614 3030 670 Non
3056 619 3270 684 renuit,
3300 638 3478 691 neque
3521 640 3649 693 gra-

2062 699 2224 752 Tatim
2251 698 2396 754 fert:
2427 702 2519 755 sed
2548 704 2725 756 omnia
2769 703 2932 769 facit,
2962 707 3032 760 ita
3078 718 3136 762 ut
3186 710 3360 765 fabula
3404 722 3462 767 et
3503 717 3648 769 fictio

2063 787 2151 843 illa
2192 788 2370 845 lateat.
2416 791 2650 846 Audiant
2696 794 2793 849 viri
2841 805 2895 849 et
2942 798 3232 864 mulieres,
3276 810 3332 855 et
3369 804 3651 859 imitentur

2063 876 2252 932 horum
2305 881 2684 950 concordiam,
2742 886 3012 941 vinculum
3066 892 3332 957 caritatis,
3390 894 3649 962 pietatem

2063 969 2357 1042 insignem,
2404 984 2458 1028 et
2493 974 2640 1030 Sarra
2689 980 3067 1034 continentiam
3116 983 3471 1050 aemulentur;
3527 1001 3648 1055 quae

2064 1061 2239 1116 vetula
2278 1062 2330 1117 in
2375 1072 2517 1118 tanta
2562 1075 2837 1122 venustate
2868 1084 3219 1138 permanens,
3258 1075 3502 1129 certabat
3528 1090 3647 1129 eam

2056 1153 2205 1221 justo
2237 1154 2515 1211 virtutibus
2545 1173 2558 1210 :
2588 1157 2707 1213 ideo
2737 1169 2788 1214 et
2823 1170 3020 1216 tantam
3071 1165 3188 1233 ejus
3228 1180 3413 1220 curam
3464 1166 3652 1221 habuit

2065 1244 2202 1298 Deus
2230 1286 2245 1311 ,
2278 1253 2585 1317 tantumque
2613 1262 2843 1318 superne
2872 1251 2945 1307 illi
2977 1254 3290 1310 retributnm
3321 1266 3427 1311 est.
3460 1256 3650 1312 Nullus

2063 1333 2223 1402 igitur
2260 1345 2477 1392 accuset
2520 1338 2999 1407 pulchritudinem,
3051 1344 3227 1399 nullus
3273 1344 3393 1401 hzec
3442 1348 3649 1401 inutilia

2060 1426 2219 1480 verba
2244 1426 2386 1482 dicat
2413 1444 2426 1481 :
2458 1427 2605 1485 Hanc
2648 1431 2879 1498 perdidit
2907 1433 3112 1499 forma;
3142 1434 3262 1490 huic
3308 1437 3649 1505 pulchritudo

2060 1533 2217 1572 causa
2267 1520 2363 1573 fuit
2400 1521 2660 1577 interitus.
2699 1523 2812 1577 Non
2859 1526 3195 1594 pulchritudo
3234 1528 3287 1582 in
3331 1545 3493 1585 causa
3516 1540 3643 1586 est:

2059 1607 2223 1671 absit;
2253 1623 2386 1677 opus
2414 1612 2558 1666 enim
2580 1612 2671 1667 Dei
2694 1624 2774 1668 est
2800 1624 2851 1668 et
2876 1616 2988 1684 ipsa
3013 1634 3025 1669 :
3051 1617 3143 1672 sed
3171 1633 3428 1686 perversa
3454 1621 3647 1676 volun-

2072 1706 2153 1752 tas
2183 1698 2441 1754 malorum
2476 1702 2712 1756 omnium
2740 1716 2899 1758 causa
2923 1715 3025 1759 est.
3062 1706 3250 1762 Vidisti
3274 1708 3644 1766 admirabilem

2070 1788 2207 1843 hanc
2231 1791 2505 1847 mulierem
2533 1794 2777 1864 utrinque
2803 1796 3147 1863 relucentem,
3176 1810 3232 1854 et
3255 1800 3326 1854 ob
3350 1802 3647 1870 pulchritu-

2059 1879 2236 1935 dinem
2262 1882 2474 1952 animm,
2497 1894 2551 1940 et
2579 1886 2647 1939 ob
2673 1884 3059 1943 formositatem
3086 1888 3237 1944 faciei
3265 1893 3494 1963 vestigia
3515 1895 3644 1961 justi

2060 1979 2299 2043 proxime
2342 1979 2695 2048 sequentem?
2726 1979 2874 2033 Hanc
2918 1980 3190 2036 imitentur
3232 1984 3509 2039 mulieres.
3552 1986 3644 2040 Et-

2058 2070 2199 2123 enim
2227 2085 2325 2124 nec
2353 2070 2641 2125 venustatis
2668 2069 2854 2136 decor,
2885 2086 2983 2126 nec
3004 2074 3273 2139 sterilitas,
3305 2090 3407 2129 nec
3441 2085 3643 2134 tantum

2062 2170 2291 2229 tempus,
2321 2176 2418 2216 nec
2438 2159 2743 2214 facultatum
2785 2162 3124 2229 abundantia,
3151 2180 3325 2234 neque
3350 2176 3431 2220 tot
3456 2168 3644 2236 migra-

2061 2251 2252 2317 tioues,
2284 2265 2454 2321 neque
2493 2252 2963 2321 peregrinationes,
3003 2262 3059 2307 et
3099 2256 3365 2309 continua:
3407 2257 3641 2311 crebra:-

2057 2357 2161 2410 que
2205 2341 2560 2407 tentationes,
2607 2342 2689 2396 vel
2740 2343 2995 2413 quidquid
3048 2345 3185 2410 tale,
3235 2356 3471 2403 mentem
3528 2350 3641 2417 ejus

2059 2446 2272 2486 movere
2301 2441 2622 2501 potuerunt:
2652 2434 2937 2488 immobilis
2972 2436 3113 2489 enim
3146 2436 3357 2490 utansit.
3391 2437 3547 2493 Unde
3573 2440 3640 2493 oh

2059 2524 2405 2593 patientiam,
2455 2524 2666 2593 dignam
2716 2526 3011 2580 mercedem
3066 2530 3355 2596 reportavit
3389 2549 3403 2583 :
3436 2531 3491 2583 in
3542 2546 3637 2585 ex-

2062 2624 2226 2669 trema
2253 2615 2392 2669 enim
2422 2625 2715 2681 senectute,
2738 2633 2801 2671 ex
2826 2617 2978 2672 vulva
3006 2620 3172 2673 sterili
3201 2630 3255 2674 et
3282 2631 3435 2675 utero
3458 2638 3637 2676 emero

2060 2714 2148 2757 tuo
2171 2720 2359 2773 parere
2386 2706 2575 2773 potuit.
2610 2705 2675 2760 Ut
2701 2708 2842 2773 mihi,
2869 2708 3058 2778 inquit,
3088 2708 3208 2763 bene
3231 2711 3293 2763 sit
3320 2724 3531 2782 prapter
3557 2725 3635 2782 te,

2057 2803 2101 2847 et
2125 2794 2247 2847 vivet
2290 2796 2459 2848 anima
2501 2812 2610 2848 mea
2657 2807 2860 2867 propter
2896 2807 2961 2851 te.
3013 2800 3173 2865 Quasi
3221 2801 3463 2857 diceret:
3498 2804 3636 2859 Nihil

2055 2885 2196 2940 aliud
2222 2886 2459 2940 relictum
2491 2887 2617 2941 mihi
2663 2899 2744 2942 est
2790 2889 2855 2943 ad
2911 2892 3156 2957 salutem,
3187 2909 3341 2963 quam
3374 2904 3431 2948 ut
3451 2896 3633 2951 dicas:

2058 2976 2219 3029 Soror
2261 2979 2367 3048 ejus
2407 2994 2537 3031 sum.
2588 2979 2850 3035 Fortassis
2878 2982 3017 3036 enim
3060 2984 3306 3054 effugiam
3341 2989 3634 3056 periculum

2056 3067 2197 3136 quod
2230 3069 2514 3123 reformido
2539 3109 2554 3135 ,
2583 3079 2636 3125 et
2659 3071 2874 3139 posthac
2902 3087 3117 3144 propter
3142 3085 3193 3130 te
3224 3079 3395 3132 vivant
3418 3121 3434 3144 ,
3463 3090 3521 3134 et
3544 3082 3635 3137 tibi

2055 3156 2194 3226 quod
2216 3158 2476 3228 reliquum
2502 3161 2619 3215 vita.-
2642 3160 2798 3216 fuerit
2821 3174 3093 3233 arceptum
3121 3166 3366 3222 referam.
3398 3170 3637 3228 Sufficie-

2054 3249 2181 3304 bant
2218 3251 2332 3305 haec
2364 3252 2523 3306 verba
2554 3253 2620 3307 ad
2648 3256 3163 3313 comntiserationem
3196 3263 3376 3316 uxoris
3407 3279 3635 3320 moven-

2053 3341 2173 3394 dam
2199 3381 2213 3406 ,
2256 3351 2308 3396 et
2354 3342 2419 3397 ad
2467 3344 2916 3413 persuadendum.

2124 3433 2175 3487 6.
2209 3432 2320 3487 Hoc
2358 3449 2484 3489 vere
2511 3447 2591 3490 est
2617 3436 2914 3506 conjugium
2936 3478 2951 3503 ,
2993 3441 3205 3509 quando
3235 3459 3337 3498 non
3369 3445 3549 3501 solum
3581 3448 3633 3503 in

2053 3524 2423 3592 prosperitate,
2448 3526 2541 3579 sed
2568 3536 2620 3580 et
2644 3525 2695 3581 in
2717 3529 2969 3598 periculis
2997 3532 3152 3585 simul
3181 3534 3455 3590 ambulant
3488 3559 3502 3591 :
3532 3538 3633 3593 hoc

2050 3630 2318 3685 germana:
2344 3618 2577 3673 caritatis
2604 3620 2853 3676 iudicium
2882 3632 2963 3677 est
2986 3640 3001 3685 ;
3025 3623 3126 3678 hoc
3159 3627 3307 3695 signo
3330 3630 3631 3685 certissime

2051 3706 2423 3762 iuternoscitur
2445 3708 2692 3763 amicitia.
2719 3710 2834 3765 Non
2860 3713 2937 3767 sic
2961 3712 3200 3768 diadema
3225 3718 3275 3770 in
3293 3720 3463 3785 capite
3482 3722 3631 3789 posi-

2050 3806 2160 3852 tum
2188 3814 2364 3868 regem
2390 3799 2632 3867 illustrat,
2655 3810 2812 3871 atque
2830 3804 3125 3859 obedientia
3145 3808 3251 3871 illa,
3276 3826 3377 3877 qua
3402 3813 3631 3865 consilio

2044 3891 2170 3958 justi
2194 3892 2384 3960 paruit,
2412 3893 2545 3947 hanc
2565 3893 2768 3949 beatam
2795 3896 3038 3951 feminam
3066 3900 3320 3956 illustrem
3347 3913 3401 3955 et
3422 3904 3628 3960 claram

2049 3980 2447 4035 demonstravit.
2497 3982 2663 4048 Quem
2709 3984 2868 4054 igitur
2894 4003 2997 4042 non
3044 3989 3473 4059 obstupefaceret
3512 3998 3625 4048 haec

2048 4072 2270 4141 parendi
2298 4072 2555 4128 facilitas?
2602 4075 2718 4144 quis
2759 4076 2894 4132 hanc
2936 4080 3062 4132 satis
3111 4081 3448 4150 laudaverit,
3482 4087 3626 4155 quod

2048 4173 2166 4232 post
2208 4173 2404 4220 tantam
2447 4166 2865 4234 continentiam,
2896 4177 2951 4225 et
2986 4170 3040 4224 in
3081 4174 3168 4227 tali
3210 4183 3365 4229 aetate
3408 4175 3479 4231 ad
3521 4177 3627 4233 hoc

2048 4264 2105 4309 ut
2142 4255 2341 4325 justum
2368 4268 2573 4325 servet,
2608 4270 2860 4331 quantum
2888 4277 2953 4317 ex
2978 4262 3141 4332 ipsius
3179 4267 3445 4321 voluntate
3488 4284 3626 4337 pen-

2045 4345 2236 4411 debat,
2270 4348 2428 4402 etiam
2478 4350 2737 4406 adulterio
2788 4365 2848 4407 se
2896 4357 3137 4423 exposuit
3178 4364 3232 4410 et
3272 4356 3625 4414 barbarorum

2044 4441 2395 4510 congressui?
2443 4441 2546 4497 Sed
2587 4443 2851 4514 paulisper
2895 4457 3170 4515 exspecta,
3197 4457 3251 4502 et
3299 4449 3508 4504 videbis
3532 4468 3625 4505 sa-

2047 4534 2275 4600 pientem
2303 4535 2656 4605 solertemque
2683 4537 2774 4591 Det
2806 4538 3211 4605 providentiam.
3241 4539 3370 4594 Nam
3400 4554 3624 4611 pr0pter

2046 4624 2147 4679 hoc
2178 4624 2313 4679 Deus
2339 4635 2533 4680 tantam
2560 4642 2668 4697 pra:
2697 4644 2754 4683 se
2785 4631 2899 4683 tulit
2926 4630 3227 4699 patientiam
3248 4672 3263 4696 ,
3291 4643 3343 4687 et
3369 4636 3621 4703 opitulari

2043 4715 2276 4782 distulit,
2301 4725 2358 4771 ut
2379 4718 2577 4786 justum
2602 4719 2878 4774 clariorem
2910 4723 3139 4783 faceret,
3167 4732 3220 4776 et
3251 4739 3345 4793 per
3369 4740 3428 4779 ea
3455 4766 3473 4791 ,
3501 4743 3626 4797 qua:

2044 4806 2150 4862 illic
2172 4818 2318 4878 gesta
2339 4818 2494 4875 sunt,
2522 4824 2625 4863 non
2660 4810 2830 4865 solum
2861 4811 3115 4883 Egy‘ptii,
3146 4817 3238 4869 Sed
3267 4826 3319 4870 et
3348 4818 3622 4873 l’alazstini

2043 4898 2378 4954 erudirentur
2400 4941 2414 4965 ,
2440 4910 2687 4969 quantam
2714 4904 3133 4959 benevolentiam
3165 4907 3368 4962 Domini
3401 4912 3623 4964 univer-

2042 5004 2221 5047 sorum
2251 4994 2582 5063 experiretur
2598 4997 2913 5064 patriarcha.
2946 4998 3032 5053 l4.
3063 4997 3274 5052 Factum
3294 5012 3388 5064 est,
3421 5002 3621 5072 inquit,

2041 5087 2243 5155 quando
2256 5088 2456 5141 intravit
2474 5087 2656 5141 Abram
2674 5089 2725 5142 in
2741 5089 3045 5160 {Egyptnnn
3072 5103 3123 5145 ut
3144 5093 3621 5167 videruntsEgyptii

2041 5195 2268 5246 uxorem,
2299 5180 2434 5249 quod
2461 5192 2583 5234 esset
2602 5181 2746 5235 valde
2767 5183 2977 5252 pulchra
3008 5199 3027 5237 :
3060 5185 3142 5239 l5.
3168 5195 3213 5239 et
3239 5187 3474 5241 viderunt
3507 5205 3623 5243 eam

2041 5271 2289 5341 principes
2316 5270 2622 5336 Pharaonis,
2650 5283 2696 5326 et
2722 5274 3051 5327 laudauerunt
3077 5292 3187 5329 eam
3211 5278 3350 5346 apud
3380 5276 3621 5333 Pharao-

2040 5380 2171 5427 nem,
2220 5374 2267 5418 et
2306 5363 2686 5418 introduxerunt
2712 5381 2822 5419 eam
2853 5367 2906 5419 in
2944 5367 3143 5419 domum
3182 5367 3493 5435 Pltartouis,
3528 5372 3617 5426 16.

2038 5463 2086 5509 et
2131 5456 2317 5508 Abram
2346 5455 2466 5509 bene
2492 5456 2567 5509 usi
2600 5466 2717 5509 sunt
2772 5467 2974 5524 propter
3014 5458 3175 5511 illaut.
3219 5456 3286 5510 Et
3330 5464 3532 5531 {nerunt
3574 5464 3617 5512 ei

2039 5560 2172 5611 oves,
2194 5555 2242 5600 et
2268 5546 2426 5611 vituli,
2469 5556 2513 5600 et
2540 5547 2689 5613 asini,
2731 5558 2775 5600 et
2821 5548 2966 5612 senti,
3009 5558 3054 5601 et
3077 5549 3294 5614 ancillis,
3322 5562 3370 5604 et
3406 5555 3549 5617 ntuli,
3572 5563 3618 5605 et

2039 5638 2235 5693 cameli.
2267 5636 2396 5693 Vide
2420 5638 2683 5709 quomodo
2709 5654 2768 5694 ea
2797 5655 2913 5711 qua:
2942 5640 3086 5710 prius
3110 5641 3283 5710 justus
3306 5647 3617 5717 snspk-aba
