3788 6270
54 297 167 353 299

56 424 214 486 τοὺς.
251 424 520 495 Τοσαύτη
542 424 636 480 τοῦ
662 426 984 497 πράγματός
1005 428 1155 483 ἐστιν
1177 431 1211 500 ἡ
1246 430 1433 500 μανία,
1464 431 1558 485 καὶ
1588 432 1760 494 οὕτως

56 509 392 577 ἀκάθεκτος
419 516 570 567 ἐστιν
598 516 625 567 6
654 514 835 585 ζῆλος,
863 514 940 578 ὡς
965 514 1406 589 παρασκευάζειν
1434 520 1527 572 καὶ
1560 519 1655 589 τῆς
1684 520 1761 573 0E-

57 615 116 650 κε
128 598 217 661 ίας
244 600 538 673 σωτηρίας
561 602 832 673 ὑπεριδεῖν
856 603 945 655 τὸν
968 602 1117 668 ἅπαξ
1139 604 1334 659 ἁλόντα
1351 604 1427 675 τῷ
1446 606 1627 660 πάθει.
1652 605 1758 660 Καὶ

56 687 153 756 τὴν
188 687 304 756 μὲν
333 689 594 760 ἀνδρείαν
625 691 835 745 ἐκεῖθεν
868 691 984 744 ἔστι
1028 692 1365 763 καταμαθεῖν
1397 693 1491 746 τοῦ
1521 694 1754 747 δικαίου·

54 774 153 843 τὴν
188 774 250 827 δὲ
284 777 514 829 σύνεσιν
541 777 706 831 αὐτοῦ
737 776 836 850 τὴν
870 778 1092 850 πολλὴν,
1123 779 1204 832 ὅτι
1234 782 1290 832 ἐν
1318 780 1598 853 ἀμηχανίᾳ
1630 799 1754 835 τοσ-

54 862 215 932 αύτῃ,
245 864 355 916 καὶ
390 863 579 936 ὥσπερ
610 866 667 917 ἐν
702 864 939 929 δικτύοις
968 867 1302 938 ἀποληφθεὶς
1328 869 1511 938 ἴσχυσε
1550 870 1754 941 ταύτην

52 951 241 1021 εὑρεῖν
272 952 387 1024 τὴν
416 952 555 1013 όδδν,
590 952 657 1006 δι’
685 949 756 1025 ἦς
782 954 999 1007 ἔλαττον
1032 953 1098 1008 ἀν
1128 954 1337 1023 γένοιτο
1370 956 1430 1009 τὸ
1459 957 1649 1011 κακόν.
1688 958 1751 1011 Εἰ

52 1038 153 1105 μὲν
181 1038 303 1109 γὰρ
331 1036 511 1104 εἶπεν,
544 1042 626 1094 δτι
649 1042 785 1112 γυνὴ
815 1041 979 1095 αὐτοῦ
1002 1038 1090 1112 ῆν,
1114 1044 1209 1097 καὶ
1237 1043 1309 1116 μή
1339 1045 1667 1117 ὑπεκρίνατο
1692 1046 1751 1099 τδ

46 1125 265 1196 δρᾶμα,
312 1127 514 1199 καὶτῷ
541 1129 641 1199 τῆς
668 1129 899 1200 ἀδελφῆς
925 1130 1147 1201 ὀνόματι
1169 1133 1458 1203 ἐχρήσατο,
1491 1135 1584 1188 καὶ
1611 1133 1745 1205 αὐτὴ

46 1214 110 1266 ἀν
145 1215 425 1288 ἀφῃρέθη
478 1215 574 1271 τοῦ
620 1217 858 1285 δικαίου,
902 1218 997 1273 τοῦ
1032 1220 1262 1285 κάλλους
1307 1223 1404 1293 τῆς
1445 1223 1748 1296 εὐμορφίας

47 1301 460 1374 ἐπισπωμένου
507 1306 616 1357 τῶν
665 1306 977 1374 Αἰγυπτίων
1024 1307 1123 1379 τὴν
1168 1308 1467 1362 ἀκόλαστον
1495 1310 1742 1381 γνώμην,

46 1390 142 1444 καὶ
164 1391 197 1444 6
226 1391 458 1456 δίκαιος
479 1391 545 1445 ἂν
566 1392 802 1463 ἐσφάγη,
835 1393 975 1447 ὥστε
1003 1393 1076 1465 μὴ
1104 1392 1245 1449 εἶναι
1274 1397 1365 1449 τὸν
1394 1397 1613 1469 ἔλεγχον
1643 1399 1743 1467 τῆς

45 1480 439 1551 παρανομίας.
468 1480 584 1533 Ἵνα
616 1475 731 1545 οῦν,
757 1481 865 1533 τῶν
897 1481 989 1535 δύο
1013 1482 1215 1538 τούτων
1242 1484 1493 1554 χαλεπῶν
1522 1486 1742 1556 μελλόν-

42 1585 151 1620 των
197 1570 444 1632 πάντως
497 1567 768 1621 ἐκϐαίνειν
799 1568 888 1623 διά
915 1570 1013 1640 τὴν
1042 1571 1314 1641 ἀκρασίαν
1347 1571 1455 1625 τῶν
1508 1573 1738 1645 ἀνδρῶν,

44 1656 137 1707 καὶ
170 1654 277 1708 τοῦ
323 1654 596 1726 βασιλέως
636 1657 736 1724 τὴν
780 1657 1098 1728 τυραννίδα,
1125 1657 1426 1729 δυνηθῶσιν
1454 1661 1512 1713 ἐν
1536 1662 1740 1734 ἀπορία

45 1744 217 1815 πολλῇ
254 1745 474 1816 μικράν
496 1762 619 1798 τινα
639 1746 997 1817 παραμυθίαν
1017 1749 1217 1819 εὑρεῖν,
1245 1749 1431 1819 φησίν·
1458 1750 1626 1814 Εἰπὲ,
1650 1752 1739 1805 ὅτι

55 1831 338 1901 Ἀδελφὴ
382 1833 567 1886 αὐτοῦ
596 1835 715 1902 εὶμι
739 1851 751 1864 ·
780 1833 940 1887 τοῦτο
970 1834 1078 1907 γάρ
1099 1836 1196 1906 ἐμὲ
1226 1835 1355 1901 ἴσως
1383 1836 1737 1908 ἐλευθερώσει

40 1920 149 1973 τῶν
169 1920 479 1974 κινδύνων.
503 1921 576 1974 Τὸ
598 1920 709 1991 γὰρ
727 1920 841 1989 σὺν,
866 1921 968 1975 κάν
991 1938 1048 1975 τε
1076 1922 1307 1994 ἀδελφὴν
1337 1923 1498 1997 εῖπῃς
1513 1925 1733 1996 σαυτὴν,

42 2009 140 2062 κᾶν
168 2025 237 2062 τε
273 2011 541 2077 γυναῖκα,
570 2008 742 2071 οὐδεὶς
786 2009 1003 2079 ἀντερεῖ
1034 2010 1117 2064 ὅτι
1159 2010 1376 2075 πάντως
1417 2013 1732 2084 ἐκϐήσεται,

42 2096 131 2148 καὶ
162 2095 553 2167 ἐπιδραμοῦσι
582 2100 647 2168 τῇ
673 2097 958 2167 ἀφαιρέσει
981 2098 1069 2151 διά
1090 2097 1188 2169 τὴν
1205 2099 1306 2168 τῆς
1330 2101 1528 2172 σαρκὸς
1543 2101 1736 2171 εὐμορ-

40 2188 198 2257 φίαν·
247 2187 363 2257 ἐμὲ
402 2186 460 2238 δὲ
485 2186 631 2248 εἰκὸς
667 2185 950 2255 διαφυγεῖν
979 2188 1077 2259 τὴν
1096 2188 1407 2256 ἐπιϐουλὴν,
1445 2192 1493 2242 εἰ
1530 2189 1607 2260 τῷ
1634 2190 1733 2260 τῆς

38 2277 287 2346 ἀδελφῆς
325 2275 556 2344 ὀνόματι
608 2275 861 2346 χρήσαιο.
897 2270 1053 2339 Εἶδες
1107 2275 1321 2329 σύνεσιν
1366 2276 1463 2330 τοῦ
1495 2277 1727 2344 δικαίου,

38 2366 151 2429 πῶς
182 2362 545 2432 ἀποληφθεὶς
567 2362 683 2415 ὀδόν
718 2380 841 2414 τινα
893 2362 1113 2433 ίσχυσεν
1159 2363 1358 2435 εὑρεῖν,
1402 2365 1467 2417 δι’
1489 2359 1557 2436 ἦς
1586 2364 1731 2418 ἐϐου-

38 2456 247 2519 λεύετο,
284 2452 417 2516 πῶς
451 2452 514 2505 ἀν
547 2450 801 2522 δυνηθείη
836 2452 936 2521 τῆς
962 2452 1070 2504 τῶν
1106 2452 1416 2520 Αἰγυπτίων
1435 2452 1728 2523 ἐπιϐουλῆς

38 2544 325 2614 ἀνώτερος
355 2539 644 2610 γενέσθαι;
674 2539 842 2592 Πάλιν
868 2537 1185 2607 ἀναλογίζου
1213 2556 1301 2609 μοι
1324 2540 1600 2593 κάνταῦθα
1634 2544 1728 2596 καὶ

34 2632 126 2685 τοῦ
148 2630 382 2685 δικαίου
412 2628 509 2699 τὴν
542 2629 839 2698 ὑπομονὴν,
859 2627 953 2679 καὶ
982 2626 1082 2695 τῆς
1116 2627 1373 2696 γυναικὸς
1404 2629 1465 2681 τὸ
1494 2628 1725 2697 φιλάγα-

34 2721 124 2774 θον
144 2738 158 2751 ·
203 2718 309 2771 τοῦ
346 2717 452 2787 μὲν
482 2715 712 2780 δικαίου,
741 2716 822 2768 ὅτι
865 2714 966 2768 οὐκ
1006 2714 1417 2785 ἀπεδυσπέτησε
1448 2717 1540 2768 καὶ
1566 2712 1685 2770 εἷπε
1708 2736 1721 2749 ·

33 2809 271 2873 Τίνοςδὲ
304 2807 500 2860 ἕνεκεν
528 2804 731 2875 ταύτην
766 2803 1068 2874 ἐπάγομαι,
1099 2804 1276 2858 αἰτίαν
1310 2822 1399 2875 μοι
1432 2807 1723 2877 γινομένην

31 2898 299 2951 τοσούτου
358 2894 686 2959 κλυδωνίου;
730 2892 787 2945 τί
832 2892 938 2963 γάρ
992 2909 1082 2962 μοι
1133 2892 1193 2945 τὸ
1243 2892 1435 2962 ὄφελος
1484 2895 1592 2948 ἀπὸ
1624 2896 1722 2966 τῆς

32 2985 359 3047 συνουσίας,
415 2984 544 3037 ὅταν
580 2982 760 3053 μέλλω
806 2981 874 3035 δι’
918 2981 1094 3051 αὐτὴν
1140 2982 1268 3050 περὶ
1321 2981 1431 3035 τῶν
1476 2984 1720 3052 ἐσχάτων

30 3074 420 3138 κινδυνεύειν;
454 3071 510 3125 τί
531 3072 593 3123 τὸ
615 3070 827 3142 κέρδος,
858 3070 984 3123 ὅταν
1015 3070 1091 3140 μὴ
1133 3070 1292 3139 μόνον
1327 3070 1593 3141 μηδεμίαν
1630 3089 1719 3142 μοι

28 3164 233 3235 εἰσάγῃ
270 3159 662 3232 παραμυθίαν,
710 3158 846 3212 ἀλλά
893 3159 990 3213 καὶ
1032 3157 1193 3212 αὐτὸν
1233 3158 1326 3211 τὸν
1365 3158 1591 3213 θάνατόν
1627 3177 1717 3230 μοι

26 3254 187 3325 τίκτῃ
232 3250 333 3303 διὰ
382 3249 481 3319 τῆς
512 3247 721 3310 οἰκείας
754 3246 1096 3317 εὐμορφίας;
1151 3246 1318 3300 οὐδὲν
1347 3245 1551 3301 τούτων
1594 3247 1715 3302 οὐτε

26 3334 177 3393 εἶπεν
248 3337 385 3391 οὐτε
442 3335 742 3406 ἐνενόησεν,
794 3332 932 3387 ἀλλά
961 3334 1137 3387 πάντα
1191 3334 1430 3388 τοιοῦτον
1457 3335 1716 3406 λογισμὸν

26 3427 431 3497 ἀπωσάμενος,
465 3424 558 3477 καὶ
597 3421 721 3476 οὔτε
752 3422 889 3493 πρὸς
930 3422 1029 3493 τὴν
1058 3422 1390 3491 ἐπαγγελίαν
1436 3421 1531 3477 τοῦ
1576 3423 1712 3477 Θεοῦ

22 3517 320 3579 διστάσας,
353 3515 468 3577 ἐνὸς
496 3513 659 3583 μόνου
692 3510 755 3582 δὴ
797 3511 1027 3579 ἐγίνετο,
1062 3510 1157 3565 τοῦ
1201 3511 1323 3574 πῶς
1356 3511 1555 3583 δυνηθῇ
1595 3512 1712 3566 δια-

22 3607 222 3674 φυγεῖν
282 3603 380 3655 τὸν
433 3599 816 3672 προορώμενον
862 3597 1130 3653 κίνδυνον.
1192 3599 1391 3652 Ἐννόει
1452 3617 1541 3668 μοι
1603 3600 1711 3671 γάρ

20 3692 295 3753 ἐνταῦθα,
333 3688 605 3759 ἀγαπητέ,
655 3686 809 3759 [524]
852 3686 945 3740 τοῦ
979 3686 1112 3739 Θεοῦ
1141 3685 1239 3757 τὴν
1266 3686 1471 3755 ἄφατον
1502 3704 1708 3757 μακροο

20 3781 256 3852 θυμίαν,
285 3778 406 3840 πῶς
439 3775 677 3846 οὐδαμοῦ
711 3775 994 3846 ἐφίσταται
1025 3775 1145 3827 οὐδὲ
1172 3774 1579 3845 παραμυθεῖται
1619 3775 1709 3828 τὸν

18 3870 259 3931 δίκαιον,
289 3865 428 3919 ἀλλά
453 3864 711 3935 ἀναμένει
743 3861 1124 3935 κορυφωθῆναι
1158 3860 1229 3914 τά
1249 3861 1396 3915 δεινά
1420 3863 1514 3915 καὶ
1541 3862 1709 3933 αὐξη-

19 3959 207 4029 θῆναι,
246 3955 346 4010 καὶ
377 3957 455 4018 είς
504 3954 812 4023 ἀπόγνωσιν
865 3952 1060 4016 ἐλθεῖν,
1094 3951 1189 4005 καὶ
1218 3952 1339 4005 τότε
1372 3951 1470 4024 τὴν
1500 3954 1708 4006 οἰκείαν

18 4049 293 4118 πρόνοιαν
325 4042 711 4096 ἐπιδείκνυται.
738 4041 885 4094 Εἰπὲ
916 4037 1051 4104 οὖν,
1083 4041 1266 4111 φησὶν,
1307 4040 1395 4095 ὅτι
1446 4040 1706 4111 Ἀδελφὴ

16 4134 219 4190 αὑτοῦ
272 4133 419 4199 ειμι,
458 4128 619 4195 ὅπως
647 4128 724 4183 ἂν
766 4124 835 4183 εὖ
886 4146 987 4197 μοι
1045 4127 1285 4198 γένηται
1338 4128 1435 4183 διὰ
1478 4129 1572 4194 σὲ,
1607 4130 1708 4184 καὶ

14 4225 271 4290 ζήσεται
312 4222 353 4288 ἡ
381 4219 553 4289 ψυχή
587 4237 707 4287 μου
732 4218 945 4272 ἕνεκεν
967 4218 1104 4271 σοῦ.
1140 4218 1250 4289 υύχ
1289 4218 1363 4282 ὡς
1408 4219 1706 4291 μελλούσης

12 4314 113 4383 τῆς
142 4310 329 4366 αὐτοῦ
360 4308 542 4378 ψυχῆς
563 4307 953 4378 ἀποθνήσκειν,
993 4305 1165 4358 ταῦτα
1203 4307 1424 4378 εἴρηκεν
1452 4309 1479 4359 6
1499 4308 1708 4373 δίκαιος

12 4401 131 4469 (Μὴ
187 4395 505 4469 φοϐηθῆτε
546 4395 676 4463 γὰρ,
718 4394 902 4465 φησὶν,
933 4394 1049 4447 ἀπὸ
1078 4393 1197 4447 τῶν
1225 4395 1706 4451 ἀποκτεινόντων

11 4489 76 4541 τὸ
104 4488 322 4556 σῶμα,
345 4485 461 4552 τὴν
486 4483 556 4537 δὲ
582 4482 796 4551 ψυχὴν
815 4481 901 4550 μὴ
931 4481 1284 4550 δυναμένων
1310 4483 1700 4553 ἀποκτεῖναι),

12 4579 125 4631 ἀλλ’
150 4573 360 4635 ἁπλῶς
389 4572 530 4625 κατά
575 4570 674 4642 τὴν
722 4569 1007 4640 συνήθειαν
1038 4569 1338 4638 ἐφθέγξατο
1378 4571 1537 4625 τοῦτο
1566 4572 1705 4644 πρὸς

11 4666 106 4735 τὴν
136 4663 413 4731 γυναῖκα.
445 4659 638 4725 Ὅπως
658 4657 736 4713 ἂν
758 4654 828 4712 εὗ
848 4675 973 4726 μοι.
1014 4658 1166 4730 φησὶν
1201 4658 1443 4728 γένηται
1479 4660 1577 4713 διὰ
1606 4663 1701 4723 σέ,

11 4753 105 4807 καὶ
138 4752 403 4820 ζήσεται
429 4748 468 4815 ὴ
490 4745 661 4815 ψυχή
682 4763 801 4815 μου
826 4745 1034 4799 ἕνεκεν
1061 4746 1198 4799 σοῦ·
1230 4749 1509 4818 μονονουχὶ
1529 4748 1702 4818 λέγων

11 4846 149 4916 πρὸς
176 4842 363 4911 αὐτήν
388 4837 584 4900 ·Εί.ττὲ,
609 4837 696 4890 ὅτι
734 4835 984 4905 Ἀδελφὴ
1006 4836 1194 4891 αὐτοῦ
1221 4839 1359 4907 εἰμι,
1398 4838 1483 4891 ἵνα
1517 4839 1591 4910 μὴ
1615 4840 1702 4894 διὰ

11 4937 93 4989 τὸν
122 4932 300 5003 λιμὸν
333 4930 572 5000 φυγόντα
596 4928 693 4998 τὴν
724 4928 1035 4982 Χαναναίαν
1067 4927 1226 4998 ἔργον
1260 4946 1325 4998 με
1356 4932 1588 5003 ποιήσῃς
1610 4949 1703 5000 γε..

12 5026 206 5079 νέσθαι
235 5022 350 5075 τῶν
370 5018 760 5089 Αἰγυπτιακῶν
787 5018 1006 5090 χειρῶν.
1042 5018 1205 5071 Γενοῦ
1238 5036 1327 5089 μοι
1357 5016 1449 5072 οὖν
1474 5022 1571 5091 τῆς
1597 5039 1701 5075 σω·-

11 5115 210 5183 τηρίας
276 5107 457 5171 αἰτία,
506 5108 705 5171 ’Ὅπως
756 5106 832 5159 ἂν
881 5102 950 5159 εὖ
1002 5123 1105 5175 μοι
1152 5106 1390 5177 γένηται
1451 5107 1548 5163 διὰ
1603 5110 1696 5163 σέ.

14 5200 276 5256 Ἐλεεινά
333 5198 402 5251 τά
451 5198 707 5270 ῥήματα·
750 5195 915 5258 πολὺς
953 5190 1021 5266 ἦν
1069 5198 1097 5249 6
1152 5196 1314 5265 φόϐος
1347 5197 1437 5250 διά
1484 5216 1544 5251 τε
1601 5198 1699 5270 τὴν

11 5292 221 5361 μανίαν
267 5286 370 5356 τὴν
418 5282 830 5355 Αἰγυπτιακὴν,
880 5284 973 5337 καὶ
1020 5284 1102 5337 ὅτι
1149 5284 1300 5337 οὐπω
1343 5282 1412 5359 ῆν
1466 5288 1700 5341 mulu-

11 5382 166 5435 θεῖσα
215 5377 318 5431 τοῦ
361 5376 592 5429 θανάτου
640 5375 672 5444 ἡ
720 5375 1001 5446 τυραννίς·
1032 5374 1119 5429 διὰ
1150 5376 1307 5430 τοῦτο
1338 5380 1431 5431 καὶ
1476 5382 1541 5451 τῇ
1577 5397 1697 5449 μοι-

12 5470 129 5538 [είξ.
156 5466 269 5535 τῆς
302 5465 560 5533 γυναικὸς
612 5465 847 5533 αἱρεῖται
892 5465 1220 5535 κοινωνῆσαι
1259 5469 1287 5519 6
1326 5467 1554 5534 δίκαιος,
1602 5472 1697 5524 καὶ

11 5555 309 5627 μονονουχὶ
351 5551 799 5623 ὑπηρετήσασθαι
838 5551 918 5623 τῷ
966 5553 1140 5624 μοιχῷ
1183 5557 1263 5619 είς
1297 5556 1397 5628 τὴν
1452 5558 1555 5628 τῆς
1601 5577 1697 5628 γυ..

12 5644 200 5706 ναικὸς
236 5640 419 5712 ὓϐριν,
462 5640 547 5693 ἵνα
592 5640 684 5694 τὸν
714 5638 944 5694 θάνατον
986 5640 1243 5714 διαφύγῃ.
1278 5645 1399 5697 Ἔτι
1430 5645 1542 5714 γὰρ
1600 5662 1696 5716 φο⁸

11 5732 172 5802 ϐερὸν
207 5724 282 5801 ἦν
310 5727 584 5782 αὐτοῦ-τὸ
613 5730 907 5798 πρόσωπον
930 5746 944 5760 ·
974 5729 1188 5783 οὐδέπω
1224 5728 1366 5802 ἦσαν
1392 5734 1448 5786 αί
1495 5733 1696 5803 χαλκαῖ

11 5822 179 5875 πύλαι
214 5817 567 5873 κλασθεῖσαι·
590 5817 801 5871 οὐδέπω
826 5814 893 5889 ἦν
918 5818 979 5871 τὸ
1006 5819 1228 5891 κέντρον
1260 5821 1427 5875 αὐτοῦ
1454 5822 1691 5892 ἀμϐλυν-

11 5909 117 5963 5έν,
140 5905 306 5970 Εἶδες
330 5905 626 5974 σύνδεσμον
650 5906 875 5977 ἀγάπης
905 5906 1094 6000 ἀνδρὸς
1117 5910 1209 5967 καὶ
1239 5908 1524 5979 γυναικὸς;
1556 5905 1696 5976 εἶδες
1741 5988 1767 6000 ⁸

429 5995 693 6055 ΡΑτιιοι..
742 5995 858 6053 ﬁn.
908 5994 1065 6061 LIII.

1172 311 1241 369 IN
1279 313 1434 371 CAP.
1474 314 1571 373 XII
1616 314 1861 377 GENES.
1904 315 2137 377 IIOMIL.
2170 319 2381 376 XXXII.

3435 331 3537 386 ὅθί)

1874 433 1965 487 καὶ
1993 432 2181 505 ἀνδρα,
2204 433 2291 490 οἷα
2318 437 2619 508 ἐθάρρησεν
2650 437 2942 492 ὑποθέσθαι
2972 441 3041 511 τῇ
3068 441 3303 509 γυναικὶ,
3328 448 3421 495 και
3442 460 3538 511 γυ-

1867 521 2027 575 ναῖκα
2065 522 2181 576 οἵαν
2217 524 2428 594 δέχεται
2459 526 2555 597 τὴν
2592 526 2932 598 συμϐουλήν;
2969 529 3082 581 Οὐκ
3121 529 3372 582 ἀνανεύει
3414 531 3535 583 οὐδὲ

1864 604 2223 678 δυσχεραίνει,
2254 611 2390 665 ἀλλὰ
2434 615 2609 667 πάντα
2652 616 2815 675 ποιεῖ.
2846 614 2985 669 ὥστε
3017 616 3079 667 τὸ
3110 616 3291 687 δρᾶμα
3328 617 3533 670 λαθεῖν.

1878 693 2244 750 Ἀκουέτωσαν
2266 697 2453 769 ἄνδρες
2475 699 2568 753 καὶ
2590 703 2862 767 γυναῖκες,
2891 702 2985 756 καὶ
3011 702 3382 773 μιμείσθωσαν
3413 705 3530 759 τού-

1862 795 1969 831 των
1994 780 2091 851 τήν
2114 782 2380 852 ὁμόνοιαν,
2404 786 2502 854 τῆς
2532 786 2749 856 ἀγάπης
2782 786 2872 841 τὸν
2900 787 3214 859 σύνδεσμον,
3240 791 3342 860 τῆς
3374 792 3528 845 εὐσε-

1862 865 2011 932 ϐείας
2046 867 2142 938 τὴν
2172 869 2441 933 ἐπίτασιν,
2472 874 2562 924 καὶ
2593 873 2937 943 ζηλούτωσαν
2968 876 3067 945 τῆς
3095 877 3274 947 Σάρας
3295 878 3393 949 τὴν
3424 897 3529 932 σω-

1859 954 2154 1027 φροσύνην.
2180 958 2304 1011 Ὅτι
2337 959 2431 1011 καὶ
2468 962 2526 1012 ἐν
2557 960 2700 1032 γήρᾳ
2732 960 2873 1015 οὕτω
2916 963 3101 1017 κάλλει
3147 965 3527 1035 διαλάμπουσα

1860 1041 2020 1111 μέχρι
2053 1044 2173 1096 τότε
2200 1043 2468 1114 διέμεινεν
2494 1047 2843 1120 ἁμιλλωμένη
2878 1053 2999 1113 ταῖς
3026 1051 3120 1105 τοῦ
3163 1052 3372 1106 δικαίου
3402 1055 3527 1124 ἀρε-

1856 1130 2004 1191 ταῖς·
2036 1129 2155 1183 δι’δ
2192 1132 2284 1184 καὶ
2328 1133 2597 1204 τοσαύτης
2647 1135 2852 1205 ἠξιώθη
2901 1136 3001 1207 τῆς
3046 1137 3197 1209 παρά
3243 1139 3336 1192 τοῦ
3385 1140 3521 1193 Θεοῦ

1855 1214 2109 1283 προνοίας
2134 1228 2184 1280 α,
2218 1219 2311 1271 καὶ
2342 1219 2438 1289 τῆς
2476 1219 2681 1275 ἀνωθεν
2713 1222 2968 1293 ἀμοιϐῆς.
2998 1224 3204 1294 Μηδεὶς
3229 1226 3412 1280 τοίνυν
3440 1229 3524 1279 αἰ-

1853 1301 2058 1355 τιάσθω
2084 1303 2176 1356 τοῦ
2202 1305 2429 1369 κάλλους
2458 1307 2556 1378 τὴν
2588 1309 2911 1380 εὐμορφίαν,
2949 1310 3084 1382 μηδὲ
3116 1312 3319 1379 λεγέτω
3343 1315 3524 1368 ἐκεῖνα

1848 1389 1919 1442 τά
1943 1390 2178 1461 ἀνόνητα
2212 1395 2453 1465 ῥήματα,
2490 1396 2573 1449 ὅτι
2601 1397 2701 1466 τὴν
2733 1396 2880 1451 δεῖνα
2910 1398 2970 1451 τὸ
3004 1398 3198 1462 κάλλος
3241 1399 3518 1454 ἀπώλεσε·

1850 1477 1944 1530 καὶ
1990 1481 2056 1549 τῇ
2090 1479 2223 1533 δεῖνι
2254 1482 2317 1533 τὸ
2358 1483 2553 1548 κάλλος
2599 1484 2820 1552 γέγονεν
2857 1486 3077 1557 ὀλέθρου
3114 1489 3302 1541 αἴτιον.
3343 1490 3417 1541 Οὐ
3459 1491 3521 1545 τὸ

1849 1563 2043 1628 κάλλος
2073 1566 2277 1621 αῖτιον·
2311 1568 2386 1640 μὴ
2431 1570 2670 1638 γένοιτο·
2718 1572 2878 1643 ἔργον
2917 1575 3025 1645 γάρ
3069 1576 3184 1628 ἐστι
3230 1576 3324 1629 καὶ
3363 1577 3519 1630 τοῦτο

1845 1650 1940 1705 τοῦ
1981 1653 2146 1706 Θεοῦ·
2177 1654 2290 1708 ἀλλ’
2317 1657 2349 1726 ἡ
2382 1659 2699 1728 προαίρεσις
2726 1661 2757 1731 ή
2788 1660 3162 1732 διεφθαρμένη
3205 1663 3355 1716 αἰτία
3384 1666 3519 1718 πάν-

1832 1753 1953 1801 των
1980 1738 2088 1792 τῶν
2120 1740 2305 1795 κακῶν
2341 1744 2505 1799 ἐστιν.
2532 1741 2683 1809 Εἶδες
2710 1747 2808 1817 τὴν
2838 1745 3145 1817 θαυμασίαν
3177 1748 3384 1820 ταύτην
3416 1768 3515 1819 γυ-

1844 1829 2007 1881 ναῖκα
2044 1828 2385 1900 ἑκατέρωθεν
2410 1831 2842 1902 διαλάμπουσαν,
2872 1836 2966 1888 καὶ
3009 1836 3116 1897 ἀπὸ
3146 1836 3240 1889 106
3281 1838 3382 1907 τῆς
3410 1838 3514 1909 ψυ-

1843 1913 1945 1983 χῆς
1967 1916 2194 1979 κάλλους
2227 1918 2319 1971 καὶ
2360 1919 2467 1972 ἀπὸ
2495 1919 2588 1973 τοῦ
2626 1921 2725 1991 τῆς
2751 1921 2948 1990 ὄψεως,
2975 1924 3070 1976 καὶ
3099 1926 3218 1977 κατ’
3250 1924 3391 1994 ἴχνος
3419 1926 3514 1980 τοῦ

1841 2000 2045 2055 δικαίου
2079 2005 2483 2077 πορευομένην;
2531 2008 2742 2078 Ταύτην
2794 2008 3169 2079 μιμείσθωσαν
3213 2013 3270 2064 αί
3314 2017 3507 2081 γυναῖ⁴¹

1842 2105 1957 2154 κες.
2000 2091 2129 2144 Ἰδοὺ
2168 2092 2275 2163 γὰρ
2304 2095 2397 2146 καὶ
2436 2094 2586 2168 ὥρας
2614 2097 2907 2167 εὐμορφία,
2940 2098 3035 2151 καὶ
3070 2099 3376 2171 στείρωσις,
3417 2105 3511 2156 καὶ

1839 2177 2029 2248 χρόνος
2052 2180 2323 2245 τοσοῦτος,
2351 2183 2442 2235 καὶ
2466 2184 2748 2254 περιουσία
2774 2184 2963 2255 πολλὴ,
2991 2186 3084 2240 καὶ
3110 2190 3508 2258 μετανάστασις

1838 2266 2093 2339 τοσαύτη,
2128 2270 2220 2322 καὶ
2267 2270 2584 2341 ἀποδημία,
2631 2272 2725 2327 καὶ
2776 2276 3073 2346 πειρασμοὶ
3119 2281 3362 2348 συνεχεῖς
3415 2280 3510 2332 καὶ

1838 2353 2158 2426 ἐπάλληλοι·
2195 2358 2289 2410 καὶ
2335 2358 2485 2412 οὐδὲν
2515 2359 2716 2414 τούτων
2747 2362 2915 2433 αὐτῆς
2942 2362 3032 2415 τὸν
3077 2362 3333 2434 λογισμὸν
3362 2384 3505 2435 παρ-

1835 2441 2144 2507 εσάλευσεν,
2172 2444 2286 2505 ἀλλ’
2313 2444 2503 2515 ἔμενεν
2530 2449 2945 2520 ἀπερίτρεπτος.
2974 2452 3075 2504 Διά
3112 2470 3195 2505 τοι
3231 2452 3386 2506 τοῦτο
3413 2455 3505 2506 καὶ

1833 2531 1933 2596 τῆς
1972 2528 2248 2601 ὑπομονῆς
2285 2531 2439 2596 ἀξίαν
2468 2534 2567 2604 τὴν
2604 2536 2836 2606 ἀμοιϐήν
2862 2536 3175 2606 ἐκομίσατο,
3202 2539 3258 2593 ἐν
3293 2540 3505 2609 ἐσχάτῳ

1833 2615 1978 2684 γήρᾳ
2010 2616 2119 2668 ἀπὸ
2159 2618 2371 2688 μήτρας
2415 2624 2820 2691 πεπηρωμένης
2869 2624 2961 2675 καὶ
3009 2623 3197 2692 νηδύος
3238 2641 3505 2696 νενεκρω-

1834 2700 2002 2770 μένης
2033 2705 2211 2755 τεκεῖν
2249 2704 2560 2774 δυνηθεῖσα.
2588 2707 2786 2773 ’Ὃν-τως
2819 2708 2914 2771 ἂν,
2956 2713 3140 2779 φησὶν,
3167 2708 3235 2764 εὖ
3273 2730 3374 2781 μοι
3407 2714 3502 2782 γένς

1830 2804 1999 2854 νηται
2039 2788 2137 2842 διὰ
2162 2790 2258 2854 σὲ,
2284 2792 2382 2847 καὶ
2422 2793 2659 2858 ζήσεται
2686 2796 2724 2862 ἡ
2753 2796 2921 2863 ψυχή
2954 2814 3074 2865 μου
3111 2797 3318 2852 ἕνεκεν
3359 2801 3496 2854 σοῦ.

1830 2877 2012 2940 Οὐδὲν,
2041 2877 2189 2951 [525]
2231 2882 2412 2951 φησὶν,
2444 2882 2630 2953 ἕτερον
2671 2884 3052 2937 ὑπολέλειπταί
3085 2903 3171 2956 μοι
3207 2890 3286 2951 είς
3320 2906 3498 2960 σωτη-

1829 2965 1971 3034 ρίαν,
2011 2966 2044 3036 ἣ
2079 2967 2139 3019 τὸ
2174 2967 2233 3020 σὲ
2274 2967 2599 3040 βουληθῆναι
2648 2973 2841 3035 εἰπεῖν,
2888 2972 2969 3025 ὅτι
3015 2972 3263 3042 Ἀδελφὴ
3310 2976 3499 3031 αὐτοῦ

1824 3055 1957 3120 εἶμι.
1989 3054 2147 3116 Ἴσως
2178 3056 2285 3123 γάρ
2316 3056 2671 3128 διαφεύξομαι
2700 3058 2790 3110 τὸν
2824 3052 3269 3131 προσδοκώμενὸν
3312 3063 3496 3116 κίνδυ-

1824 3157 1932 3206 νον,
1962 3142 2055 3192 καὶ
2080 3141 2166 3194 διὰ
2199 3142 2259 3194 σὲ
2286 3143 2470 3196 λοιπὸν
2500 3142 2757 3214 ζήσομαι,
2791 3146 2882 3197 καὶ
2918 3147 3001 3199 σοὶ
3030 3147 3129 3218 τὴν
3160 3149 3296 3217 μετά
3323 3150 3495 3205 ταῦτα

1824 3226 1968 3298 ζωὴν
2005 3228 2379 3300 ἐπιγράψομαι
2405 3231 2453 3288 δ.
2491 3231 2673 3284 Ἰκανά
2719 3232 2788 3285 τὰ
2837 3236 3056 3304 ῥήματα
3090 3236 3494 3304 ἐφελκύσασθαι

1820 3315 1919 3385 τήν
1943 3318 2175 3383 γυναῖκα
2203 3319 2296 3370 καὶ
2324 3320 2402 3382 είς
2432 3319 2772 3388 συμπάθειαν
2800 3322 3041 3389 ἀγαγεῖν.

1892 3410 1968 3467 ς’.
1987 3402 2157 3457 Τοῦτο
2181 3405 2395 3478 ἀληθῶς
2426 3408 2778 3468 συνοικέσιον.
2806 3409 2867 3461 τὸ
2900 3410 2972 3481 μὴ
3007 3410 3166 3480 μόνον
3197 3415 3256 3466 ἐν
3291 3414 3489 3479 ἀνέσει,

1819 3489 1956 3543 ἀλλά
2001 3493 2091 3545 καὶ
2128 3495 2185 3545 ἐν
2235 3496 2348 3557 τοῖς
2396 3494 2660 3573 κινδύνοις
2706 3497 2916 3560 ἑαυτοῖς
2953 3502 3487 3573 συμπεριφέρεσθαι·

1817 3577 1977 3631 τοῦτο
2023 3580 2244 3651 ἀγάπης
2276 3582 2502 3651 γνησίας
2555 3560 2876 3654 τέκμήριον,
2919 3560 3076 3639 τοῦτο
3105 3560 3287 3657 φίλίας
3329 3591 3489 3661 ἀκρι-

1818 3663 2085 3735 ϐεστάτης
2129 3666 2437 3739 γνώρισμα.
2485 3669 2596 3739 Οὐχ
2634 3669 2776 3723 οὕτω
2826 3670 3063 3742 διάδημα
3114 3675 3206 3726 ἐπὶ
3253 3675 3357 3745 τῆς
3394 3694 3486 3728 κε⁹

1817 3753 1992 3824 φαλῆς
2028 3755 2277 3825 κείμενον
2307 3754 2558 3827 λαμπρὸν
2593 3757 2829 3811 δείκνυσι
2875 3759 2964 3812 τὸν
2999 3760 3241 3830 βασιλέα,
3273 3766 3349 3826 ὡς
3390 3765 3486 3835 τὴν

1819 3842 2090 3912 μακαρίαν
2130 3842 2336 3913 ταύτην
2378 3846 2651 3915 περιφανῆ
2698 3847 2793 3899 καὶ
2826 3847 3084 3918 λαμπράν
3128 3849 3409 3915 ἀπέδειξεν
3453 3856 3484 3922 ή

1816 3928 2029 3998 ὑπακοή
2065 3927 2225 4000 α’ὐτη,
2276 3931 2341 3999 ἢν
2387 3931 2513 4000 περὶ
2550 3930 2647 4003 τὴν
2684 3932 2993 4005 συμϐουλὴν
3018 3933 3111 3986 τοῦ
3139 3935 3346 3989 δικαίου
3388 3939 3486 3990 ἐπι

1814 4016 2073 4083 εδείξατο.
2118 4016 2249 4069 Τίνα
2295 4012 2387 4071 οὖν
2429 4018 2490 4070 τὸ
2533 4018 2736 4089 ταύτης
2781 4022 3108 4086 καταπειθές
3140 4020 3499 4095 λογιζόμενσῖ

1813 4103 1913 4156 οὐκ
1958 4103 2244 4174 ἐκστήσει;
2280 4104 2364 4168 τίς
2400 4105 2509 4177 γὰρ
2537 4105 2602 4159 ἂν
2633 4109 2753 4161 κατ’
2797 4107 2953 4174 ἀξίαν
3010 4110 3215 4181 ταύτην
3265 4114 3483 4168 ἐπαινέ-

1815 4210 1977 4256 σειεν,
2010 4193 2131 4263 ήτις
2163 4192 2302 4264 μετά
2341 4193 2616 4264 τοσαύτην
2664 4197 3040 4271 σωφροσύνην,
3076 4200 3169 4253 καὶ
3201 4201 3258 4253 ἐν
3297 4199 3483 4271 ήλικίξι

1811 4280 2036 4352 τοιαύτῃ
2070 4282 2211 4352 ὑπὲρ
2245 4281 2338 4335 τοῦ
2383 4282 2475 4335 τὸν
2523 4283 2730 4337 δίκαιον
2768 4266 3053 4354 διασῶσαι,
3102 4289 3226 4342 ὅσον
3273 4292 3350 4354 εἰς
3383 4292 3482 4361 τὴν

1810 4369 2017 4423 οἰκείαν
2050 4370 2299 4441 γνώμην,
2333 4371 2428 4425 καὶ
2448 4372 2530 4434 εἰς
2566 4372 2811 4443 μοιχείαν
2837 4374 3039 4445 ἑαυτὴν
3075 4374 3357 4442 ἐξέδωκεν,
3390 4380 3481 4432 καὶ

1813 4458 2102 4521 συνουσίας
2130 4457 2387 4527 ἠνέσχετο
2422 4456 2799 4529 βαρϐαρικῆς;
2842 4460 3000 4513 Ἀλλά
3042 4463 3234 4533 μικρὸν
3260 4466 3481 4535 ἀνάμει-

1810 4559 1919 4606 νον,
1969 4544 2064 4596 καὶ
2112 4543 2230 4612 ὄψει
2272 4543 2365 4596 τοῦ
2405 4543 2542 4597 Θεοῦ
2586 4547 2684 4616 τὴν
2722 4547 3028 4618 εὐμήχανον
3070 4550 3346 4620 πρόνοιαν.
3381 4558 3479 4609 Διὰ

1808 4631 1917 4701 γὰρ
1950 4631 2107 4684 τοῦτο
2134 4632 2233 4701 τὴν
2266 4631 2465 4703 πολλὴν
2493 4632 2699 4703 ταύτην
2725 4635 3035 4708 ἐπεδείξατο
3072 4639 3473 4709 μακροθυμίαν,

1811 4719 1897 4773 ἵνα
1928 4718 2020 4771 καὶ
2048 4718 2138 4771 τὸν
2174 4718 2381 4773 δίκαιον
2412 4720 2871 4792 περιφανέστερον
2900 4724 3222 4795 ἐργάσηται,
3258 4728 3351 4779 καὶ
3391 4728 3477 4781 διὰ

1808 4806 1916 4859 τῶν
1949 4807 2067 4859 ἐκεῖ
2097 4807 2399 4878 γινομένων
2450 4808 2525 4879 μὴ
2580 4809 2740 4879 μόνον
2771 4812 2818 4862 οἱ
2856 4813 2998 4864 κλτά
3041 4814 3138 4883 τὴν
3180 4817 3473 4883 Αἴγυπτον,

1807 4896 1942 4949 ἀλλὰ
1988 4897 2082 4949 καὶ
2133 4899 2182 4949 οί
2228 4898 2367 4950 κατά
2402 4898 2763 4970 Παλαιστίνην
2800 4902 3178 4968 παιδευθῶσιν,
3223 4908 3354 4976 ὅσης
3389 4909 3480 4960 εὐι

1807 4985 1956 5048 νοίας
1997 4984 2261 5038 ἀπολαύει
2286 4988 2313 5038 6
2342 4989 2686 5058 πατριάρχης
2716 4989 2867 5059 ποιρά
2901 4989 2992 5041 τοῦ
3025 4991 3241 5043 πάντων
3270 4995 3446 5046 Δεσπό
3464 5025 3477 5035 -

1788 5090 1919 5137 ¹του.
1962 5074 2225 5143 Ἐγένετο
2276 5075 2404 5145 γάρ,
2462 5077 2649 5144 φησὶν,
2706 5078 2885 5143 ἡνίκα
2926 5076 3213 5143 εἰσῆλθεν
3261 5082 3478 5152 Ἀϐρίιμ

1805 5166 1889 5228 εἰς
1925 5162 2250 5229 Αἴγυπτον,
2303 5163 2531 5228 ἰδόντες
2573 5166 2626 5216 οἱ
2670 5165 2974 5233 Αίγύπτιοι
3029 5166 3144 5234 τὴν
3190 5169 3474 5238 γυναῖκα,

1806 5252 1893 5303 ὅτι
1923 5250 2079 5318 καλὴ
2123 5247 2202 5320 ἦν
2247 5251 2507 5319 σφόδρα·
2542 5252 2637 5304 καὶ
2672 5250 2836 5305 εἶδον
2868 5254 3063 5324 αὐτὴν
3092 5258 3147 5310 οἱ
3184 5257 3478 5325 ἄρχοντες

1806 5338 2035 5405 Φαραὼ,
2073 5339 2170 5391 καὶ
2211 5339 2518 5406 ἐπῄνεσαν
2545 5342 2740 5408 αὐτὴν
2778 5342 2927 5409 πρὸς
2959 5344 3189 5412 Φαραὼ,
3224 5348 3321 5400 καὶ
3355 5351 3478 5402 εἰσ-

1805 5427 2033 5496 ήγαγον
2058 5426 2254 5494 αὐτὴν
2282 5428 2369 5490 εἰς
2401 5426 2507 5481 τὸν
2546 5425 2715 5485 οἷκον
2760 5430 2986 5499 Φαραὼ,
3019 5433 3116 5485 καί
3150 5433 3228 5500 τῷ
3260 5437 3477 5504 Ἀϐραμ

1802 5510 1871 5567 εὖ
1896 5513 2235 5584 ἐχρήσαντο
2265 5512 2342 5567 δι’
2363 5514 2574 5580 αὐτήν.
2603 5517 2711 5570 Καὶ
2741 5518 2975 5587 ἐγένετο
3002 5519 3162 5586 αὐτῷ
3190 5524 3473 5591 πρόϐατα,

1805 5602 1904 5655 καὶ
1934 5604 2178 5672 μόσχοι,
2224 5603 2321 5656 καὶ
2371 5603 2526 5669 ὄνοι,
2562 5605 2660 5658 καὶ
2693 5605 2935 5674 παῖδες,
2981 5608 3080 5662 καί
3126 5610 3472 5673 παιδίσκαι,

1804 5690 1901 5745 καὶ
1933 5691 2200 5761 ηὐιίονοι,
2230 5692 2330 5746 καὶ
2365 5690 2638 5761 κάμηλοι.
2667 5694 2805 5764 Ὅρα
2838 5696 2955 5755 πῶς
3002 5698 3145 5769 ἅπερ
3190 5700 3475 5769 προλαϐὼν

1805 5780 2052 5834 ὑπείδετο
2082 5783 2111 5834 6
2150 5780 2376 5847 δίκαιος,
2402 5783 2574 5837 ταῦτα
2608 5786 2687 5846 εἰς
2712 5784 2868 5855 ἔργον
2889 5786 3066 5855 ἐξέϐη.
3103 5787 3192 5849 Ὠς
3224 5789 3333 5859 γὰρ
3365 5790 3475 5842 cla»

1821 5976 1834 5993 ι
1867 5921 1893 5948 ⁸
1914 5919 2009 5969 Alli
2051 5925 2135 5977 τῆς
2158 5917 2244 5967 τοῦ
2274 5918 2399 5970 Θεοῦ
2423 5922 2659 5983 προνοίας.
2725 5922 2752 5961 1)
2776 5922 2875 5972 Sex
2913 5936 3026 5970 ηιμ.
3057 5923 3319 5988 ἐπιγράψω.

2930 6006 3005 6066 19
