3760 6244
96 265 203 320 301

98 386 214 445 tur,
250 396 310 436 re
334 381 448 454 ipsa
473 401 781 451 evenerunt.
805 396 936 456 Nam
961 411 1018 459 ut
1054 406 1108 462 in
1134 408 1425 484 Egyptian
1446 417 1681 492 intravit,

101 467 175 492 ’1.
220 474 307 492 -..'J
441 486 453 492 ι
535 481 579 492 "'
713 487 743 492 “

97 467 175 536 Ut
217 474 454 533 viderunt
501 481 744 555 ﬁgyptii
794 492 1074 566 mulierem,
1123 467 1263 569 quo:
1559 467 1686 570 esse;

92 562 268 617 valde.
306 565 420 621 Non
450 570 760 643 simpliciter
791 580 973 653 inquit,
1009 562 1245 656 pulchra,
1282 562 1376 651 sed
1411 562 1686 658 excellen-

96 660 205 719 ter,
237 656 310 711 ita
335 667 393 712 ut
418 675 625 733 omnes,
656 670 745 739 qui
767 688 887 728 eam
913 677 1178 747 videbant,
1223 686 1581 748 allicerentur.
1612 693 1683 752 Et

91 754 158 796 ut
189 747 418 803 viderunt
442 768 552 807 eam
573 758 823 829 principes
846 756 1154 839 Pharaonis,
1199 774 1527 836 laudauerunt
1572 800 1683 840 eam

89 851 279 893 coram
299 841 588 902 Pharaone.
610 849 738 918 Oro,
786 856 998 926 dilecte,
1042 878 1111 919 ne
1156 874 1358 926 temere
1397 882 1682 941 praetereas

32 994 35 995 ν
90 932 244 997 quod
276 933 473 991 dictum
493 950 594 1005 est,
622 944 714 998 sed
743 947 1002 1007 admirare
1027 960 1292 1025 quomodo
1317 932 1492 1020 nullus
1516 932 1683 1040 ΑΞΒῇ

92 1023 339 1088 ptiorum
366 1030 573 1085 mulieri
600 1046 782 1104 utpote
819 1046 1132 1114 peregrinae,
1164 1062 1217 1105 et
1240 1067 1269 1105 a
1315 1062 1456 1112 terra
1507 1060 1677 1115 aliena

89 1110 409 1171 adventanti
441 1135 627 1178 manus
669 1126 926 1197 injecerit,
950 1150 1123 1205 neque
1151 1147 1566 1216 contempserint
1595 1152 1675 1205 vi-

90 1217 223 1256 rum
255 1222 269 1258 :
296 1206 388 1261 sed
417 1210 641 1281 ingressi
696 1221 804 1289 regi
840 1226 1013 1279 omnia
1052 1232 1366 1291 nuntiarint.
1414 1238 1676 1297 Caeterum

88 1292 205 1350 hoc
224 1295 423 1355 factum
451 1312 550 1369 est,
578 1315 632 1362 ιιι
671 1324 758 1365 res
788 1313 937 1371 fieret
955 1321 1304 1393 manifestior,
1336 1336 1389 1382 et
1414 1330 1545 1386 ultio
1568 1349 1674 1388 non

86 1385 149 1439 in
184 1390 451 1456 privatum
476 1405 529 1449 ct
549 1397 811 1464 plebeium
838 1405 1089 1476 aliquem,
1120 1413 1213 1468 sed
1238 1416 1292 1469 in
1318 1432 1497 1486 regem
1522 1424 1677 1477 saevi-

86 1484 201 1541 ret,
234 1487 290 1532 ut
319 1480 513 1551 ubique
534 1485 896 1559 divulgaretnr
924 1496 1022 1554 hoc
1050 1500 1265 1558 factum.
1297 1507 1362 1561 Et
1380 1480 1676 1569 “introduxe-

86 1576 216 1619 runt
258 1585 370 1622 eam
413 1572 466 1626 in
509 1574 710 1631 domum
759 1581 1065 1643 Pharaonis.
1116 1591 1359 1653 Protinus
1404 1601 1471 1654 ab
1511 1618 1675 1661 uxore

84 1656 275 1723 justus
298 1660 595 1733 abducitur,
623 1678 678 1722 et
702 1670 815 1740 ipsa
845 1676 910 1730 ad
937 1677 1267 1741 Pharaonem
1301 1688 1669 1751 introducitur.

86 1744 390 1806 Considera
410 1765 600 1824 quanta
635 1760 726 1816 Dei
749 1767 999 1833 patientia
1028 1771 1223 1842 fuerit;
1271 1744 1671 1849 quomodo-non

85 1835 159 1890 ab
184 1838 356 1908 initio,
386 1859 557 1915 neque
578 1864 607 1902 a
630 1856 899 1920 prooemiis
922 1874 1070 1916 suam
1110 1865 1456 1927 declaraverit
1490 1877 1671 1945 provi-

97 1925 153 1945 ,Α
207 1931 247 1945 Δ,
460 1936 473 1945 ,
649 1944 656 1945 ,

88 1925 358 1997 dentiam,
381 1936 474 1991 sed
495 1944 791 2008 permiserit
817 1952 990 2007 omnia
1018 1956 1151 2023 fieri,
1180 1965 1393 2032 etquasi
1411 1965 1462 2020 in
1491 1967 1672 2029 fauces

86 2018 282 2075 bestiae
326 2027 604 2085 mulierem
656 2035 927 2109 incidere;
968 2054 1022 2101 et
1051 2056 1174 2103 tunc
1206 2052 1415 2109 tandem
1446 2062 1667 2117 manife-

84 2118 232 2165 stam
251 2117 495 2175 omnibus
523 2138 670 2178 suam
690 2127 934 2186 virtutem
963 2134 1166 2193 fecerit.
1194 2141 1260 2195 Et
1285 2145 1669 2205 introduxerunt

83 2216 203 2254 eam
229 2203 280 2263 in
309 2205 511 2261 domum
540 2210 847 2274 Pharaonis.
881 2221 935 2276 In
958 2240 1064 2294 quo
1089 2239 1226 2284 statu
1255 2248 1348 2302 per
1373 2235 1502 2291 illud
1529 2249 1665 2294 tem-

84 2306 188 2358 pus
215 2305 333 2351 erat
357 2299 589 2358 mulieris
618 2310 800 2364 mens?
828 2317 1093 2382 quomodo
1121 2299 1324 2379 turbata
1351 2338 1465 2382 erat
1493 2332 1667 2386 ratio?

81 2385 557 2450 quomodolluctus
568 2396 926 2467 erigebantur?
937 2410 1203 2477 quomodo
1221 2418 1546 2489 naufragium
1560 2438 1665 2478 non

81 2472 184 2528 feci
192 2484 235 2542 t,
253 2479 349 2534 sed
365 2486 558 2541 mansit
572 2492 719 2558 quasi
738 2472 1019 2556 immobilis
1032 2512 1175 2573 petra
1188 2507 1253 2562 ad
1265 2472 1667 2586 cmles’tcﬁnig‘ra-

82 2568 213 2622 tiam
247 2585 460 2644 semper
487 2586 769 2650 spectans?
800 2588 934 2657 Quid
955 2568 1129 2652 autem
1150 2599 1320 2656 dicam
1353 2568 1666 2663 mulierem?

82 2656 307 2725 Qualem
324 2668 559 2724 animum
587 2675 872 2735 verisimile
900 2695 980 2737 est
1002 2684 1337 2760 l'uissejusto,
1366 2695 1453 2750 illa
1482 2698 1532 2751 in
1562 2700 1660 2754 do-

82 2765 228 2804 mum
250 2752 541 2815 Pharaonis
558 2762 887 2824 introducta?
903 2771 964 2826 Et
983 2776 1091 2846 ipso
1110 2752 1317 2849 Abram,
1338 2786 1521 2856 inquit,
1543 2790 1663 2844 bene

79 2841 158 2893 usi
178 2855 299 2898 sunt
339 2860 541 2920 propter
563 2854 725 2924 illam,
767 2841 1032 2936 tamquam
1083 2868 1245 2929 fratre
1276 2877 1536 2935 videlicet.
1597 2882 1663 2937 Et

79 2935 284 3002 fuerunt
310 2940 355 2992 ei
373 2958 504 3010 oves,
533 2955 580 2999 et
606 2949 768 3018 vituli,
796 2965 842 3008 et
878 2935 1027 3026 asini,
1074 2971 1121 3015 et
1152 2966 1300 3033 servi,
1346 2978 1393 3022 et
1436 2972 1656 3041 ancillte,

78 3035 123 3075 et
148 3029 352 3093 cameli,
395 3043 442 3086 et
484 3036 627 3095 muli.
657 3039 781 3098 Haec
825 3056 1001 3103 autem
1056 3051 1167 3120 ipsa
1216 3071 1334 3125 qua:
1363 3058 1577 3116 honoris
1606 3075 1660 3120 et

79 3116 363 3175 ministerii
392 3127 558 3194 gratia
600 3130 718 3185 data
757 3147 879 3191 sunt
905 3140 993 3207 ei,
1026 3156 1281 3213 quantum
1321 3166 1426 3206 non
1472 3170 1657 3225 rogum

79 3207 130 3259 in
158 3222 228 3261 eo
254 3215 689 3275 succenderunt?
726 3230 993 3295 quomodo
1021 3244 1195 3290 autem
1222 3255 1326 3293 non
1351 3241 1468 3310 ejus
1493 3260 1654 3302 exus-

76 3298 144 3350 sit
195 3312 436 3360 mentem
458 3346 474 3370 ,
506 3324 602 3365 nec
624 3311 965 3374 inﬂammavit
993 3325 1367 3394 cogitationem
1390 3332 1651 3393 donorum
1740 3347 1755 3363 '

78 3389 379 3459 hujusmodi
411 3410 824 3469 argumentum?
870 3389 1082 3470 Vidisti-
1098 3423 1363 3489 quomodo
1395 3443 1556 3498 prope

74 3480 233 3538 finem
283 3496 617 3556 pervenerint
662 3500 935 3566 pericula?
980 3507 1155 3566 vidisti
1200 3519 1465 3584 quomodo
1507 3522 1651 3577 nulla

74 3579 372 3635 secundum
392 3599 565 3640 rerum
586 3588 935 3651 humanarum
954 3602 1145 3658 seriem
1167 3621 1288 3677 spes
1304 3614 1652 3672 correctionis

75 3668 253 3723 relicta
276 3672 304 3725 ?
331 3674 501 3731 vidisti
523 3684 790 3749 quomodo
814 3691 1104 3748 secundum
1131 3668 1417 3757 humanam
1439 3707 1647 3775 opinio-

78 3774 195 3813 nem
224 3779 318 3817 res
342 3765 627 3836 deplorata:
657 3775 844 3832 fuere?
887 3781 1060 3838 vidisti
1104 3792 1368 3857 quomodo
1417 3800 1563 3863 quasi
1596 3799 1647 3854 in

71 3853 243 3918 gelant
268 3853 397 3911 fera:
423 3862 613 3917 mulier
636 3864 915 3925 inciderit?
940 3875 1057 3932 vide
1069 3877 1317 3952 deinceps
1334 3885 1647 3946 inell‘abilem

76 3941 160 3995 llei
209 3947 628 4008 misericordiam
655 3998 669 4021 ,
698 3966 752 4012 et
779 3960 1090 4032 obstupesce
1119 3941 1365 4039 potentiae
1394 3978 1508 4045 ejus
1536 3996 1649 4035 ma-

70 4034 419 4099 gnitudinem.
470 4044 555 4097 l7.
590 4045 655 4100 Et
690 4051 899 4120 afﬂixit,
928 4034 1134 4127 inquit,
1158 4061 1294 4117 Deus
1324 4034 1646 4126 Pharaonem

72 4125 415 4193 afﬂictionibus
454 4139 647 4206 magnis
671 4151 717 4193 et
737 4145 985 4213 gravibus,
1002 4125 1059 4203 vet
1080 4152 1281 4207 domum
1307 4158 1417 4227 ejus
1440 4173 1645 4233 propter

76 4216 254 4272 Suram
301 4238 506 4279 uxorem
556 4230 759 4286 Abram.
812 4237 945 4304 Quid
971 4251 1053 4296 est
1075 4282 1091 4309 ,
1119 4216 1353 4315 Amisit?
1386 4216 1635 4322 Plenam,

71 4306 267 4377 inquit,
312 4317 485 4386 exegit
529 4318 709 4391 flagitii
753 4334 808 4381 et
834 4330 955 4385 mali
995 4306 1234 4392 conatus.
1282 4306 1641 4413 Aﬁlictionilius

62 4596 325 4652 magnum,
356 4589 476 4644 ideo
500 4607 550 4647 et
572 4610 725 4665 paena
753 4616 960 4672 magna.
984 4607 1051 4660 Et
1071 4611 1272 4668 domum
1296 4619 1423 4688 ejus,
1448 4622 1632 4694 inquit;

64 4687 159 4726 non
186 4676 380 4746 ipsum
437 4684 633 4756 solum,
684 4692 777 4746 sed
803 4691 869 4747 Et
909 4698 1111 4753 domum
1152 4704 1278 4773 ejus.
1314 4676 1422 4763 ’δι’
1446 4676 1633 4782 qua—de

60 4776 230 4830 causa,
260 4784 384 4824 eum
416 4789 507 4828 rex
540 4791 749 4849 peccet,
778 4800 964 4843 omnes
1008 4791 1074 4845 de
1117 4794 1274 4850 domn
1303 4801 1417 4870 ejus
1461 4821 1630 4875 ptena:

61 4865 172 4909 sunt
202 4862 530 4933 participes?
568 4870 684 4925 Non
733 4877 934 4948 absque
958 4882 1161 4941 ratione
1189 4888 1289 4945 hoc
1318 4862 1526 4966 qucque
1548 4901 1623 4965 lit,

849 4944 861 4948 _
1276 4944 1281 4945 ν
1324 4944 1525 4966 Ὶ’”“⁷Ί’”“’
1548 4944 1623 4965 ""

61 4944 143 4997 sed
175 4958 230 5001 ut
260 4967 358 5017 per
384 4952 483 5010 hoc
522 4962 661 5030 regis
714 4965 914 5023 insania
965 4988 1353 5045 compescatur.
1386 4989 1626 5046 Graviori

60 5035 197 5105 plaga
222 5043 512 5114 indigebat,
546 5051 613 5106 ita
647 5063 703 5108 ut
739 5058 849 5127 ipse
894 5076 924 5115 a
965 5035 1199 5125 facinore
1244 5072 1622 5138 deterrerctur.

60 5125 115 5179 Et
141 5132 248 5199 qui,
278 5136 412 5204 aies,
449 5139 546 5195 hoc
569 5144 768 5213 justum
812 5151 897 5217 sit,
922 5168 1141 5227 propter
1189 5162 1332 5218 illum
1371 5170 1501 5225 alios
1529 5190 1624 5242 pu-

922 5219 937 5223 _
1022 5219 1036 5227 .
1529 5219 1595 5242 ,-..

57 5219 189 5274 uiri?
212 5223 328 5280 Non
358 5241 574 5300 propter
602 5236 747 5293 illum
791 5245 960 5300 solum
998 5264 1208 5318 pinnam
1233 5259 1616 5332 sustinuerunt,

999 5313 1014 5318 _

57 5313 137 5361 sed
169 5320 455 5377 verisimile
503 5337 583 5382 est
610 5346 704 5385 eos
744 5350 1057 5407 cooperatos
1086 5344 1280 5417 fuisse,
1335 5364 1389 5408 ut
1436 5368 1616 5425 postea

56 5408 747 5490 committereturiniquitas.
790 5430 991 5486 Audisti
1019 5436 1158 5491 enim
1201 5455 1358 5511 supra
1377 5408 1613 5518 Scrriptu-

59 5506 155 5551 mm
181 5499 445 5562 dicentem
480 5530 493 5566 :
529 5510 597 5566 Ut
624 5517 850 5572 viderunt
868 5537 978 5577 eam
1019 5528 1271 5600 principes
1301 5533 1610 5610 Pharaonis,

62 5587 165 5610 μω,
367 5608 372 5610 Α
538 5606 549 5610 -

1019 5587 1030 5596 .
1187 5587 1197 5600 υ
1353 5587 1609 5610 """‘"""

58 5587 393 5665 laud/merum,
446 5611 491 5656 et
531 5606 915 5668 introduxerunt
964 5632 1077 5675 eam
1127 5620 1179 5675 in
1225 5624 1429 5683 domum
1481 5634 1609 5703 ejus.

66 5679 163 5703 γε»
198 5689 231 5703 .·
403 5694 417 5703 ι

1482 5679 1605 5703 η--.

66 5679 261 5744 Vidistis
286 5706 380 5748 eos
403 5694 650 5758 lenonum
680 5719 838 5776 agere
857 5709 1089 5770 officium
1120 5715 1171 5772 in
1195 5720 1333 5790 regis
1358 5727 1605 5798 gratiam,

1128 293 1197 353 IN
1231 296 1542 363 CAP.'Xll.
1580 306 1824 372 GENES.
1865 318 2093 379 ηοωι.
2134 327 2350 389 XXXII.

3259 340 3363 413 ὅσα)

1787 431 2080 493 auferendo
2097 440 2228 511 justi
2258 452 2515 508 uxorem?
2557 455 2890 529 Quapropter
2915 479 3019 522 non
3056 469 3169 541 ipse
3193 477 3358 545 solus,

1786 522 1881 577 sed
1905 534 1959 580 et
1986 542 2175 588 omnes
2188 535 2464 596 domestici
2491 522 2605 612 ejus
2627 522 2797 618 poenae
2824 553 3035 613 fuerunt
3052 522 3358 635 p'articipcs:

1874 613 2005 635 μμ,
2118 632 2129 635 -
2378 632 2387 635 -

2627 613 2640 618 -
3053 613 3355 635 I"""‘l'""I

1788 621 1845 666 ut
1868 613 2135 676 discerent
2161 639 2221 680 se
2248 644 2352 684 non
2375 632 2426 686 in
2449 640 2782 707 peregrinum
2800 645 3108 715 simpliciter
3124 655 3355 712 furorem

1784 716 1939 759 suum
1969 715 2288 780 exercuisse,
2317 736 2488 792 neque
2514 728 2567 781 in
2597 729 2863 789 hominem
2890 752 2922 792 e
2958 741 3134 797 medio
3183 748 3358 815 vulgo,

3117 795 3124 797 -
3220 795 3357 815 πυ,

1785 795 1879 849 sed
1907 797 1957 852 in
1978 801 2149 858 virum
2177 811 2508 871 carissimum
2559 819 2686 887 Deo,
2735 827 2822 893 qui
2869 837 3013 885 tanta
3055 834 3201 889 illum
3231 852 3357 893 cura

1786 884 2116 955 dignaretur.
2138 896 2207 950 Et
2229 899 2425 958 idcirco
2456 910 2795 971 acerbissima
2844 934 2997 986 pmna
3049 930 3358 985 concutiens

1784 978 1899 1047 ejus
1928 994 2179 1053 mentem,
2209 990 2427 1049 abduxit
2460 1013 2489 1050 a
2520 1002 2721 1057 nefario
2763 1005 2975 1077 ﬂagitiO,
3018 1019 3252 1071 coercuit
3291 1020 3357 1073 ab

1784 1070 2075 1130 irrationali
2104 1081 2336 1152 impetu,
2367 1088 2604 1147 cohibuit
2640 1095 3051 1157 incontinentem
3082 1118 3312 1164 mentem
3337 1152 3353 1173 .

1779 1162 2014 1234 alligavit
2037 1175 2514 1244 concupiscentiam
2542 1183 2869 1258 indomitam,
2898 1193 3182 1251 refrenavit
3207 1199 3359 1254 furo-

1780 1252 1854 1307 ris
1884 1254 2161 1314 insaniam.

1852 1344 1903 1398 7.
1946 1346 2230 1421 Propterea
2269 1357 2387 1414 vide
2424 1372 2616 1430 quanta
2646 1377 2828 1436 postea
2868 1371 3082 1432 lenitate
3121 1377 3355 1448 loquitur

1780 1449 1873 1491 rex
1901 1479 1915 1503 ,
1946 1447 2202 1512 tyrannus
2238 1448 2327 1504 ille
2357 1450 2548 1523 hospiti
2575 1499 2590 1524 ,
2617 1465 2767 1528 quasi
2796 1478 2928 1534 vago
2954 1466 3313 1524 obambulanti
3334 1514 3349 1535 ,

1777 1527 1860 1583 cui
1892 1538 1945 1584 et
1976 1548 2191 1589 uxorem
2221 1539 2431 1598 auferre
2456 1560 2618 1603 ausus
2648 1549 2761 1605 fuit.
2796 1553 2859 1607 Et
2890 1554 3024 1611 bene
3049 1558 3177 1613 dixit
3203 1560 3352 1616 Seri-

1777 1628 1952 1690 ptura,
1983 1625 2170 1696 Afflixit
2211 1630 2533 1691 Pharaonem
2576 1653 2622 1694 et
2665 1644 2871 1700 domum
2913 1650 3022 1720 ejus
3064 1653 3125 1705 ob
3164 1654 3351 1708 Suram

1776 1728 1981 1787 mrem
2039 1718 2204 1775 Alme.
2258 1725 2482 1782 Sensum
2527 1732 2576 1788 ei
2623 1748 2776 1802 poena
2818 1718 3067 1807 praestat,
3113 1744 3253 1811 quod
3281 1746 3348 1799 sit

1774 1816 1911 1857 uxor
1921 1806 2071 1874 justi.
2099 1810 2303 1867 Etenim
2326 1818 2450 1872 etin
2473 1819 2687 1877 domum
2711 1826 3001 1884 Pharaonis
3028 1832 3342 1900 introducta,

1774 1900 1969 1954 mansit
1989 1918 2122 1957 uxor
2144 1905 2293 1974 justi.
2319 1910 2405 1966 18.
2429 1911 2554 1968 Cum
2570 1930 2788 1972 uocasset
2811 1932 2976 1976 autem
3006 1924 3188 1981 Abram
3210 1927 3349 1981 Pha-

1771 2002 1883 2053 rao,
1909 1992 2038 2045 dicit
2061 1996 2141 2050 ei:
2165 1996 2331 2062 Quare
2355 2002 2448 2056 hoc
2470 2004 2634 2074 fecisti
2658 2009 2817 2063 mihi?
2841 2012 2969 2067 Vide
2989 2016 3162 2083 qualia
3187 2019 3347 2087 verba

1773 2093 1868 2133 rex
1889 2082 2159 2152 profatur:
2182 2088 2350 2155 Quare
2364 2093 2459 2147 hoc
2471 2098 2634 2166 fecisti
2654 2101 2821 2157 mihi?
2847 2082 3034 2173 inquit.
3055 2107 3231 2177 Egone
3256 2082 3344 2163 tibi

1772 2168 1895 2237 feci,
1928 2177 2017 2241 qui
2046 2180 2353 2250 peregrinus
2376 2223 2389 2243 ,
2418 2187 2507 2253 qui
2537 2188 2662 2241 nulli
2696 2200 2850 2246 notus
2870 2233 2884 2257 ,
2916 2168 3004 2263 qui
3031 2168 3246 2266 propter
3272 2201 3347 2253 fa-

1771 2274 1910 2314 mem
1937 2264 2121 2319 adsum
2146 2309 2160 2331 ,
2205 2270 2294 2324 tibi
2330 2274 2471 2343 regi,
2499 2285 2723 2348 tyranno
2745 2323 2760 2346 ,
2790 2292 2843 2337 et.
2881 2284 3159 2355 imperanti
3186 2303 3347 2360 super

1769 2349 2094 2423 ngypIum?
2114 2358 2247 2426 Quid
2272 2361 2371 2417 feci
2400 2366 2491 2420 tibi
2510 2367 2534 2421 τι
2550 2368 2626 2423 Tu
2648 2371 2775 2427 mihi
2797 2349 3060 2431 abstulisti
3088 2349 3303 2434 uxorein
3327 2400 3340 2435 ε

1769 2440 1905 2495 sicut
1929 2451 2261 2515 peregrinum
2293 2468 2377 2508 me
2401 2455 2704 2526 despexisti.
2733 2467 3120 2535 contempsisti,
3150 2471 3345 2528 nullius

1769 2538 2020 2588 momenti
2051 2553 2135 2593 me
2166 2539 2391 2599 habuisti
2421 2564 2435 2600 :
2468 2549 2686 2605 omnino
2730 2553 3101 2625 intemperanti
3142 2575 3342 2615 emicu-

1767 2623 2036 2692 piscentiae
2066 2638 2167 2685 tute
2195 2633 2520 2705 obsequutus
2547 2656 2638 2707 es,
2675 2653 2728 2697 et
2756 2661 2876 2715 quae
2902 2623 2996 2702 tibi
3029 2650 3336 2718 placebant,

1765 2725 1927 2781 Opere
1958 2717 2170 2775 volebas
2197 2727 2486 2794 complere.
2516 2729 2775 2796 Quidnam
2799 2751 2926 2805 ergo
2954 2717 3049 2792 feci
3075 2742 3205 2794 tibi?
3233 2741 3340 2795 Ma-

1763 2816 1887 2872 gna,
1917 2806 2117 2877 inquit,
2146 2813 2272 2868 mihi
2301 2815 2469 2872 iecisti
2488 2861 2505 2886 ,
2535 2830 2590 2876 et
2612 2824 2789 2893 gravia
2818 2828 2869 2881 in
2894 2844 2978 2883 me
3004 2833 3334 2887 commisisti.

1764 2891 1897 2948 Vide
1935 2909 2132 2966 quanta
2178 2918 2353 2960 rerum
2396 2891 2748 2967 vicissitudo:
2789 2932 2878 2972 rex
2922 2922 3126 2991 privato
3163 2922 3289 2977 dicit
3321 2943 3333 2978 :

1761 2982 1896 3051 Quid
1921 2986 2090 3045 fecisti
2119 2993 2244 3049 mihi
2272 2996 2296 3048 ?
2328 2998 2512 3065 Deum,
2540 3003 2730 3075 inquit,
2756 2982 3022 3064 inimicum
3056 3011 3183 3067 mihi
3213 3015 3337 3068 red-

1760 3073 1958 3140 didisti,
1979 3080 2108 3137 iram
2131 3088 2245 3153 ejus
2259 3103 2420 3158 super
2444 3106 2529 3157 me
2555 3073 2824 3164 induxisti,
2850 3114 3018 3167 ptenze
3043 3103 3331 3159 obnoxium

1760 3181 1845 3221 me
1868 3168 2159 3239 reddidisti,
2189 3174 2357 3232 fecisti
2377 3191 2429 3234 ut
2454 3198 2661 3249 poenam
2683 3186 2854 3242 lueret
2880 3201 2983 3244 tota
3008 3208 3123 3247 mea
3144 3195 3333 3249 domus

1759 3272 1941 3313 eorum
1969 3278 2087 3333 qua:
2128 3266 2179 3321 in
2221 3277 2272 3323 te
2300 3269 2525 3327 admissa
2557 3286 2697 3331 sunt.
2729 3278 2829 3334 (.‘ur
2858 3281 2951 3335 hoc
2981 3285 3104 3337 mihi
3132 3287 3333 3356 fecisti?

1762 3349 1932 3418 Quare
1962 3371 2062 3410 non
2090 3363 2400 3416 annuntiusti
2426 3366 2551 3420 mihi
2576 3369 2711 3437 quod
2742 3388 2873 3426 uxor
2908 3384 2993 3427 tua
3031 3378 3202 3431 esset?
3242 3378 3327 3432 19.

1760 3441 1928 3509 Quare
1955 3446 2127 3502 dixisti
2149 3465 2169 3503 :
2192 3450 2351 3506 Soror
2379 3473 2487 3509 mea
2512 3459 2620 3513 est?
2649 3470 2696 3514 et
2720 3465 2891 3534 accepi
2913 3482 3024 3519 eam
3056 3467 3179 3523 mihi
3203 3487 3330 3522 tta-o-

1754 3550 1876 3587 rem.
1898 3535 2028 3607 Ego,
2050 3539 2234 3611 inquit,
2258 3547 2406 3614 quasi
2434 3564 2670 3606 sororem
2690 3564 2829 3608 tuam
2852 3556 3089 3612 volebam
3111 3559 3323 3616 ducere.

1754 3624 1823 3678 At
1850 3627 1987 3682 unde
2014 3630 2238 3688 didicisti
2269 3654 2483 3694 uxorem
2514 3656 2631 3697 csse
2654 3645 2778 3713 juSti
2801 3647 2824 3700 ?
2852 3647 3003 3702 Ultor
3038 3658 3195 3706 ωηιξη
3224 3654 3324 3706 iui-

1752 3716 1966 3784 quitatis
1985 3760 2000 3785 ,
2030 3720 2115 3776 ille
2144 3725 2269 3781 mihi
2300 3743 2412 3783 rem
2445 3731 2706 3788 indicavit.
2736 3736 2837 3789 Cur
2860 3740 3021 3808 fecisti
3048 3738 3172 3795 mihi
3197 3743 3323 3807 hoc,

1752 3817 1798 3860 et
1824 3824 1922 3862 non
1942 3813 2176 3868 indicasti
2200 3819 2323 3872 mihi
2340 3822 2475 3891 quod
2496 3841 2623 3878 uxor
2644 3838 2731 3879 tua
2758 3831 2924 3884 esset?
2949 3842 2994 3884 et
3025 3836 3195 3903 accepi
3215 3854 3324 3889 eam

1752 3898 1876 3951 mihi
1903 3900 2003 3970 ipsi
2018 3911 2231 3960 uxorem
2261 3922 2588 3977 peccaturus.
2622 3912 2779 3984 Quasi
2806 3935 3041 3976 sororem
3068 3934 3206 3978 tuam
3231 3926 3325 3978 ha-

1752 3990 1954 4046 biturus
1996 3994 2096 4051 hoc
2140 3998 2253 4056 feci.
2286 4004 2514 4061 Attende
2540 4012 2804 4077 quomodo
2829 4015 3068 4084 supplicii
3094 4018 3323 4086 gravitas

1747 4086 2015 4140 concussit
2042 4086 2158 4155 ejus
2187 4102 2438 4162 mentem,
2472 4097 2540 4150 ita
2572 4107 2706 4154 utet
2728 4102 2876 4170 justo
2902 4106 3160 4161 rationem
3193 4108 3319 4163 red-

1747 4174 1935 4243 deret,
1977 4189 2031 4234 et
2067 4196 2225 4238 omne
2249 4200 2371 4256 erga
2400 4203 2520 4243 eum
2550 4190 2843 4250 declararet
2882 4196 3134 4254 officium.
3160 4201 3318 4271 Atqui

1746 4267 1846 4323 nisi
1876 4269 1966 4325 Dei
1993 4270 2177 4328 fuisset
2205 4279 2369 4345 gratia
2395 4322 2411 4345 ,
2435 4296 2553 4352 qua:
2582 4295 2813 4339 mentem
2837 4286 2952 4358 ejus
2977 4290 3280 4345 emolliebat
3300 4335 3316 4358 ,

1743 4367 1797 4413 et
1827 4372 2024 4415 metum
2054 4363 2127 4418 illi
2150 4365 2454 4436 incutiebat,
2483 4386 2813 4443 consequens
2842 4388 2957 4433 erat
2979 4395 3098 4433 eum
3122 4381 3174 4434 in
3207 4397 3319 4435 ma-

1737 4449 1909 4518 jorem
1954 4450 2189 4509 furorem
2236 4457 2503 4515 inductum
2543 4466 2691 4533 quasi
2738 4467 3074 4535 deceptorum
3111 4473 3315 4539 justum

1742 4542 2045 4610 punitorum
2077 4546 2271 4616 fuisse,
2312 4560 2364 4605 et
2393 4557 2646 4611 extremis
2673 4558 2984 4614 at'l'ccturum
3016 4563 3311 4634 suppliciis.

1738 4632 1807 4685 At
1834 4632 1961 4689 nihil
1989 4634 2174 4691 horum
2200 4640 2319 4694 fecit
2346 4659 2359 4697 :
2389 4644 2548 4699 timor
2571 4649 2712 4702 enim
2744 4651 2982 4719 supplicii
3012 4632 3313 4708 inflamma-

1738 4733 1841 4780 tam
1873 4729 1987 4796 ejus
2013 4729 2142 4785 imm
2178 4737 2429 4803 repressit
2456 4748 2509 4793 et
2537 4742 2779 4796 restinxit
2812 4761 2824 4798 :
2857 4745 2994 4798 unde
3020 4754 3179 4799 unum
3213 4745 3312 4801 hoc

1734 4819 1969 4887 curabat,
1995 4831 2051 4875 ut
2069 4838 2191 4894 erga
2215 4825 2413 4896 justum
2436 4831 2702 4889 officiosus
2723 4847 2881 4889 esset.
2912 4836 3144 4892 Rescivit
3165 4839 3307 4892 enim

1734 4910 1944 4967 tandem
1969 4955 1983 4976 ,
2014 4930 2116 4969 non
2146 4932 2263 4974 esse
2284 4923 2534 4990 possibile
2556 4941 2677 4979 cum
2709 4928 2978 4998 vulgarem
3006 4932 3303 5000 quempiam

1730 5014 1889 5067 esse,
1927 5006 2013 5072 qui
2058 5015 2199 5062 tanta
2237 5027 2462 5080 superna
2503 5014 2869 5071 bent-volentia
2909 5016 3187 5073 frueretur.
3241 5020 3305 5075 Et

1730 5105 1860 5144 nunc
1900 5109 2011 5147 ecce
2048 5113 2176 5150 uxor
2208 5108 2293 5152 tua
2326 5118 2496 5155 coram
2531 5115 2577 5158 te
2598 5146 2613 5169 ,
2648 5118 2852 5176 accepta
2890 5125 2947 5163 ea
2988 5112 3124 5163 ocius
3154 5113 3297 5167 vade.

1726 5181 1875 5239 Nunc
1896 5227 1911 5251 ,
1943 5186 2144 5257 inquit,
2173 5192 2293 5260 quia
2321 5198 2540 5265 cognovi
2573 5213 2677 5252 non
2706 5215 2825 5256 esse
2851 5216 3088 5257 sororem
3117 5213 3258 5259 tuam
3282 5249 3297 5271 ,

1723 5274 1817 5329 sed
1844 5292 2060 5332 uxorem
2083 5322 2096 5343 ,
2125 5296 2251 5337 ecce
2287 5285 2447 5343 habes
2473 5303 2612 5343 eam.
2644 5290 2825 5362 Neque
2852 5293 2991 5348 enim
3021 5295 3123 5350 ulla
3157 5297 3210 5352 in
3240 5314 3299 5352 rc

1721 5364 1991 5435 deturpavi
2017 5373 2315 5443 conjuginm
2345 5384 2609 5445 vesnum,
2630 5397 2799 5452 neque
2826 5385 3022 5454 privavi
3049 5396 3099 5442 te
3130 5403 3297 5444 uxore

1721 5464 1826 5511 tua.
1861 5458 1967 5513 Sed
1990 5478 2101 5516 ecce
2128 5481 2254 5521 uxor
2278 5476 2363 5520 tua
2382 5485 2551 5524 coram
2577 5483 2643 5541 te,
2673 5487 2877 5546 accepta
2901 5493 2958 5531 ea
2983 5479 3119 5533 ocius
3145 5484 3291 5534 vade.

1717 5548 1846 5616 Qua?
1872 5566 2021 5606 mens
2049 5557 2240 5624 poterit
2265 5558 2420 5630 digne
2448 5578 2566 5632 qum
2592 5564 2725 5621 facta
2755 5577 2877 5623 sunt
2904 5570 3177 5636 admirari,
3203 5583 3293 5626 aut

1712 5653 1831 5712 qua:
1853 5642 2028 5713 lingua
2052 5648 2361 5707 miraculum
2385 5656 2576 5711 valebit
2595 5660 2882 5717 enarrare?
2903 5663 3091 5720 Mulier
3107 5666 3288 5734 splen-

1720 5733 1839 5791 dida
1877 5738 2042 5797 forma
2070 5742 2227 5801 simul
2253 5762 2370 5804 cum
2398 5749 2512 5806 viro
2540 5750 2791 5828 Egyptio
2813 5800 2828 5828 ,
2861 5768 2914 5815 et
2940 5773 3062 5829 rege
3081 5799 3096 5824 ,
3121 5733 3176 5812 et
3204 5768 3288 5830 ty-
