3760 6314
421 311 538 395 "sus

429 471 617 520 raiuto,
646 464 702 509 et
726 454 804 509 sic
823 454 1029 520 insano,
1051 463 1103 508 α
1129 453 1515 508 incontinenter
1536 449 1728 510 alieno
1746 465 2008 510 concum-

426 549 558 606 bens
580 590 595 614 ,
648 549 842 604 intacta
885 547 1172 617 egreditur,
1218 557 1425 604 servata
1450 549 1692 604 castitate
1717 562 1833 603 sua.
1865 549 2008 605 Talia

423 641 588 704 ettim,
616 640 753 694 sicut
781 639 924 709 prius
952 637 1060 693 diri
1079 680 1094 700 ,
1127 647 1249 693 sunt
1272 653 1389 710 quae
1417 656 1452 694 a
1477 642 1586 695 Deo
1611 641 2006 710 dispensantur,

426 749 542 787 rara
563 743 778 801 semper
801 741 855 786 et
881 731 1210 786 admirabilia
1238 741 1335 788 vet
1359 732 1572 802 quando
1596 733 1734 803 apud
1765 733 2010 789 homines

421 827 757 894 desperatum
787 834 867 878 est
892 865 906 886 ,
939 833 1063 880 tunc
1091 825 1338 880 invictam
1365 827 1416 879 in
1443 825 1689 880 omnibus
1717 827 2004 896 potentiam

420 934 569 972 suam
617 918 756 972 Deus
794 916 1047 972 declarat.
1099 919 1382 973 Enimvero
1425 919 1559 972 sicut
1603 918 1917 975 admirabile
1956 927 2008 973 et

419 1023 597 1062 rarum
628 1019 745 1064 erat
776 1008 956 1064 videre
973 1010 1146 1064 virum
1172 1009 1555 1065 desideriorum
1584 1020 1725 1064 stare
1757 1011 1807 1064 in
1833 1011 2008 1065 medio

416 1103 647 1154 terarum
677 1101 696 1172 (
723 1099 858 1155 Dan.
887 1101 1008 1172 M),
1036 1112 1090 1156 et
1117 1101 1246 1156 nihil
1274 1102 1404 1172 pati,
1433 1101 1526 1157 sed
1557 1102 1705 1172 quasi
1733 1116 1858 1156 oves
1883 1113 2004 1156 eum

413 1194 902 1250 circumstetissent
923 1237 938 1260 ,
987 1195 1057 1249 ita
1101 1196 1323 1250 illaesum
1370 1193 1546 1264 egredi
1576 1209 1608 1249 e
1635 1195 1790 1260 lacu;
1819 1204 1868 1247 et
1899 1201 2007 1248 tres

416 1301 612 1356 pueros
653 1286 704 1340 in
733 1286 944 1341 camino
971 1287 1121 1356 quasi
1154 1287 1204 1340 in
1246 1295 1397 1355 prato
1427 1293 1482 1341 et
1508 1287 1560 1342 in
1588 1287 1742 1340 horto
1767 1288 2003 1353 versari,

417 1381 470 1434 et
497 1379 626 1434 nihil
671 1379 739 1434 ab
766 1380 886 1450 igne
915 1379 1036 1434 lzedi
1063 1379 1082 1448 (
1099 1376 1187 1433 Id.
1216 1379 1251 1435 5
1273 1380 1294 1452 )
1315 1421 1330 1442 ,
1361 1379 1454 1434 sed
1501 1379 1680 1451 egredi
1711 1377 1836 1434 inde
1868 1389 2004 1434 tam-

418 1487 575 1542 quam
604 1482 805 1528 statuas
832 1490 846 1527 :
879 1472 1098 1543 perinde
1130 1472 1199 1527 ita
1225 1472 1575 1528 admiratione
1598 1472 1815 1544 dignum
1842 1483 1924 1529 est
1952 1481 2006 1529 et

420 1563 530 1620 hoc
561 1564 803 1631 facinus,
848 1563 987 1634 quod
1028 1563 1156 1634 justi
1208 1580 1342 1618 uxor
1389 1566 1585 1620 nullam
1628 1566 2002 1620 contumeliam

416 1665 635 1725 experta
679 1670 709 1710 a
750 1671 873 1726 rege
901 1655 1153 1727 Egyptio
1183 1698 1199 1723 ,
1246 1665 1473 1727 tyranno
1501 1696 1516 1721 ,
1571 1657 1958 1725 intemperante
1985 1691 2002 1723 -,

413 1747 610 1802 exierit
646 1748 811 1802 salva.
848 1747 983 1803 Deus
1013 1749 1153 1803 enim
1181 1757 1294 1803 erat
1319 1749 1408 1819 qui
1443 1749 1670 1804 faciebat
1698 1749 1875 1804 omnia
1903 1792 1918 1816 ,
1952 1759 2004 1804 et

418 1838 469 1891 in
499 1838 657 1893 inviis
677 1838 816 1892 viam
838 1837 1018 1903 dabat,
1036 1839 1124 1909 qui
1150 1853 1296 1907 spem
1321 1840 1512 1895 bonam
1529 1853 1743 1910 semper
1762 1841 1814 1896 in
1843 1841 2004 1898 rebus

415 1932 704 2002 deploratis
730 1931 922 1988 afferre
945 1934 1104 1988 valet.
1137 1934 1198 1988 Et
1229 1951 1380 1997 nunc,
1412 1937 1603 2004 inquit,
1631 1953 1742 1992 ecce
1768 1952 1896 1991 uxor
1917 1947 2004 1992 tua

413 2039 585 2077 coram
613 2033 680 2089 te,
709 2035 910 2096 accepta
937 2043 995 2081 ea
1022 2028 1159 2080 ocius
1188 2027 1333 2083 vade.
1365 2027 1442 2083 Ne
1464 2029 1740 2085 existimes
1763 2070 1778 2096 ,
1812 2030 2000 2102 inquit,

415 2123 468 2171 te
495 2132 522 2169 a
551 2117 707 2171 nobis
738 2117 926 2186 injuria
957 2118 1201 2173 affectum
1233 2136 1372 2175 esse.
1410 2117 1541 2189 Nam
1587 2122 1709 2176 licet
1735 2137 1831 2192 per
1855 2122 2004 2192 igno-

417 2211 640 2264 rantiam
667 2212 1105 2267 attentavcrimus
1132 2229 1248 2282 qua:
1289 2213 1424 2267 facta
1465 2223 1587 2268 sunt
1616 2256 1630 2279 ,
1661 2223 1799 2269 nunc
1827 2224 1999 2270 tamen

418 2317 541 2356 ecce
565 2304 908 2372 cognovimus
932 2320 1088 2374 quem
1113 2303 1310 2360 habeas
1331 2305 1692 2363 defensorem:
1713 2307 2002 2380 indignatio

412 2393 558 2448 ettim
584 2409 703 2463 qua:
729 2394 780 2448 in
806 2410 902 2448 nos
932 2395 1152 2450 desmvit
1175 2439 1188 2460 ,
1222 2397 1400 2451 (loeuit
1427 2413 1522 2453 nos
1545 2409 1795 2468 quantum
1821 2400 2002 2470 gratim

419 2485 510 2538 tibi
535 2486 603 2539 sit
632 2485 769 2553 apud
802 2486 967 2540 Deum
996 2488 1255 2542 euntium.
1279 2493 1507 2558 Accepta
1535 2491 1694 2560 igitur
1722 2507 1886 2547 uxore
1916 2501 2001 2547 tua

411 2577 565 2631 ocius
587 2577 736 2633 vade.
757 2577 1033 2635 Terribilis
1068 2591 1246 2650 postea
1267 2587 1380 2637 erat
1406 2583 1483 2638 eis
1500 2583 1692 2652 justus,
1724 2593 2001 2655 pr0pterea

415 2669 619 2737 lnagnis
661 2668 849 2724 officiis
883 2685 1005 2727 eum
1044 2673 1289 2744 prosequi
1319 2674 1646 2730 contendunt
1673 2717 1689 2743 ,
1731 2676 2003 2747 piacantes

418 2763 582 2830 ipsius
627 2763 905 2820 Dominum
948 2775 1168 2837 pr0pter
1207 2781 1268 2823 ea
1314 2783 1434 2838 quae
1477 2768 1528 2823 in
1583 2769 1731 2822 illum
1774 2771 2001 2826 commi-

408 2861 612 2908 serant.

485 2943 538 2998 8.
573 2943 782 3010 Vidisti,
810 2945 1001 3002 dilecte
1025 2988 1038 3012 ,
1070 2955 1324 3018 quantum
1351 2948 1548 3005 bonum
1574 2951 1643 3005 sit
1665 2950 1916 3022 patientia
1947 2961 2004 3010 et

412 3037 852 3105 perseverantia?
880 3037 996 3106 Hic,
1024 3054 1226 3110 qumso,
1259 3056 1465 3095 memor
1485 3051 1602 3096 esto
1630 3041 1913 3099 verborum
1940 3045 2003 3100 il-

410 3127 586 3182 lorum
614 3142 731 3198 qua:
762 3129 1058 3198 patriarcha
1084 3129 1294 3186 dicebat
1321 3132 1609 3205 ngyptum
1636 3135 2000 3206 ingressurus:

417 3216 538 3272 Scio
573 3219 707 3288 quod
745 3221 925 3274 mulier
952 3223 1167 3292 pulchra
1193 3224 1304 3278 sis:
1333 3225 1561 3294 futurum
1605 3237 1678 3280 est
1717 3228 1916 3299 itaque,
1946 3214 2001 3283 ut

411 3323 530 3360 Cum
556 3318 603 3363 te
626 3310 838 3364 viderint
858 3310 1117 3384 Egyptii,
1150 3331 1228 3369 me
1250 3315 1452 3385 quidem
1481 3317 1732 3383 occidant,
1763 3329 1810 3373 te
1832 3330 1999 3376 autem

410 3409 625 3455 servent.
650 3395 757 3454 lllis
775 3400 934 3471 igitur
951 3403 1001 3456 in
1027 3412 1203 3458 mente
1222 3407 1529 3477 resumptis,
1543 3407 1822 3465 considera
1839 3409 1997 3466 etiam

413 3506 534 3558 qua:
563 3507 703 3547 ttunc
735 3491 899 3558 fiunt,
933 3502 987 3548 et
1021 3493 1286 3551 admirare
1315 3496 1469 3552 simul
1508 3497 1633 3568 justi
1665 3501 1997 3556 tolerantiam

413 3591 468 3636 et
485 3583 841 3640 misericordis
865 3585 957 3640 Dci
982 3587 1250 3654 virtutem,
1271 3599 1464 3658 quanta
1492 3605 1613 3644 cum
1631 3591 1796 3662 gloria
1825 3592 2001 3649 redire

411 3686 559 3731 curet
584 3675 780 3746 justum
808 3722 820 3740 .
848 3680 936 3749 qui
965 3695 1084 3735 cum
1117 3689 1263 3736 tanto
1292 3681 1479 3737 timore
1505 3691 1559 3738 et
1586 3693 1727 3739 metu
1758 3693 1998 3742 venerat.

405 3767 498 3822 ΞΟ.
528 3765 594 3822 Et
625 3772 878 3840 prmeepit,
913 3772 1101 3844 inquit,
1135 3772 1341 3830 Pharao
1366 3775 1492 3830 viris
1515 3793 1667 3848 super
1689 3778 1876 3832 Abram
1898 3819 1913 3842 ,
1946 3789 2000 3832 'ut

409 3862 528 3915 inde
551 3862 800 3916 deducant
825 3881 941 3917 eum
962 3906 976 3930 ,
1005 3876 1050 3920 et
1079 3883 1287 3921 uxorem
1313 3869 1424 3938 ejus
1443 3910 1457 3935 ,
1485 3879 1531 3922 et
1557 3870 1726 3923 omnia
1749 3887 1863 3940 qua:
1888 3874 1998 3938 eius

410 3962 552 4005 erant
573 3996 586 4017 ,
615 3963 662 4006 et
695 3953 785 4008 Lot
813 3972 926 4008 eum
967 3973 1044 4010 eo.
1075 3957 1260 4028 Magna
1287 3974 1406 4014 cum
1432 3959 1673 4016 claritate
1699 3972 1754 4018 et
1788 3963 1954 4033 gloria
1979 4004 1994 4027 ,

413 4043 869 4116 locupletatusque
895 4046 1092 4102 divitiis
1124 4048 1260 4103 redit
1281 4049 1456 4117 justus
1484 4067 1496 4104 :
1527 4060 1578 4104 et
1605 4050 1664 4104 fit
1691 4049 1880 4106 doctor
1907 4069 2000 4122 per

413 4149 476 4188 ea
506 4150 624 4204 quae
659 4137 998 4206 contigerunt
1023 4178 1035 4200 ,
1069 4154 1175 4191 non
1205 4139 1376 4193 solum
1404 4135 1684 4211 Egyptiis,
1717 4141 1810 4195 sed
1837 4143 1998 4197 etiam

413 4228 661 4284 omnibus
685 4228 774 4300 qui
805 4229 856 4283 in
885 4229 1076 4284 itinere
1107 4238 1293 4294 erant,
1323 4240 1376 4286 et
1406 4233 1468 4286 iis
1495 4231 1584 4302 qui
1627 4233 1678 4288 in
1718 4231 1998 4290 Palaestina

413 4319 738 4374 habitabant.
783 4319 914 4374 Nam
939 4330 1194 4391 quotquot
1223 4321 1462 4376 viderant
1494 4339 1616 4378 eum
1655 4323 1867 4394 quando
1901 4324 1996 4381 de-

415 4411 622 4466 scendit
666 4410 802 4466 fame
836 4420 1051 4466 coactus
1075 4453 1090 4476 ,
1129 4415 1319 4467 timore
1349 4423 1403 4468 et
1431 4423 1658 4468 tremore
1684 4424 1959 4485 correptus
1980 4458 1996 4480 ,

412 4519 553 4559 nunc
578 4520 703 4558 vero
727 4505 1034 4560 redeuntem
1071 4520 1192 4560 cmn
1222 4515 1365 4562 tanta
1393 4492 1635 4563 claritate
1659 4517 1712 4562 et
1739 4499 2002 4564 facultati-

413 4597 511 4650 bus
545 4604 598 4650 et
637 4595 834 4651 divitiis
857 4639 873 4664 ,
916 4597 1191 4653 discebant
1224 4597 1473 4654 virtutem
1514 4599 1859 4668 providentia:
1901 4600 1997 4657 Dei

411 4703 534 4758 erga
557 4689 726 4742 illum.
760 4689 888 4756 Quis
917 4688 1047 4744 vidit
1073 4689 1362 4761 umquam?
1381 4691 1500 4761 quis
1515 4691 1753 4749 audivit?
1778 4693 1921 4748 Abiit
1945 4704 2001 4751 ut

409 4779 604 4835 famem
635 4797 784 4836 suam
815 4783 1113 4852 mitigaret;
1145 4792 1200 4838 et
1227 4784 1424 4839 divitiis
1451 4785 1727 4842 abundans
1749 4779 1998 4843 ineffabi-

411 4873 551 4942 lique
578 4889 698 4928 eum
725 4875 889 4942 gloria
924 4871 1077 4929 redit.
1111 4873 1188 4930 Ne
1216 4875 1496 4930 admireris
1515 4917 1528 4940 ,
1555 4877 1748 4934 dilecte
1771 4918 1788 4945 ,
1820 4894 1886 4933 ne
1917 4878 1996 4933 fa-

409 4976 552 5020 ctmu
581 4964 683 5019 hoc
713 4966 783 5021 ita
817 4965 1138 5036 stupendum
1167 4967 1259 5022 tibi
1287 4966 1527 5022 videatur
1553 4986 1565 5023 :
1597 4969 1704 5024 imo
1731 4969 1997 5026 admirare

407 5067 462 5113 et
486 5059 823 5128 obstupesce,
853 5066 905 5114 et
930 5058 1139 5114 celebra
1169 5061 1469 5116 communis
1495 5061 1729 5116 omnium
1758 5073 1996 5118 nostrum

413 5149 619 5205 Domini
666 5151 935 5208 virtutem.
990 5153 1058 5207 Et
1105 5153 1224 5210 vide
1277 5155 1438 5209 etiam
1486 5155 1627 5211 illius
1665 5169 1882 5227 nepOtes
1928 5158 1998 5212 ob

409 5242 650 5298 eamdem
682 5243 832 5298 famis
852 5247 1222 5302 necessitatem
1246 5246 1296 5301 in
1323 5247 1612 5319 [Egyptum
1635 5247 1994 5315 descendisse,

409 5340 462 5386 et
487 5347 610 5389 cum
633 5333 702 5389 ibi
729 5334 778 5389 in
804 5336 948 5406 gravi
970 5337 1225 5394 servitute
1247 5337 1522 5406 vixissent,
1546 5340 1842 5411 multasque
1873 5357 1996 5411 per-

412 5425 656 5480 tulissent
670 5443 954 5495 acrumnas,
974 5423 1306 5488 facultatibus
1322 5442 1508 5488 auctos
1525 5433 1734 5488 tandem
1752 5434 1996 5490 rediisse.

412 5514 555 5569 'l'alis
588 5518 728 5570 enim
757 5529 838 5574 est
883 5521 1304 5590 sapientissimus
1350 5523 1486 5578 Deus
1529 5534 1744 5590 noster,
1786 5525 1998 5594 quando

415 5610 664 5677 permittit
697 5613 876 5682 augeri
905 5622 958 5668 et
983 5616 1286 5671 coacervari
1319 5617 1589 5676 molestias
1611 5659 1626 5686 ,
1656 5627 1780 5673 tunc
1806 5619 1995 5673 iterum

412 5703 649 5757 discussa
697 5713 1050 5775 tempestate,
1095 5707 1436 5768 serenitatem
1479 5725 1766 5780 rerumque
1807 5711 1995 5766 miram

413 5793 834 5852 vicissitudinem
863 5797 1006 5870 facit,
1028 5796 1228 5856 docens
1255 5813 1354 5856 nos
1369 5814 1478 5858 suae
1508 5803 1758 5871 potentia:
1787 5803 1964 5871 magni
1979 5833 1996 5845 -

1208 339 1266 395 s.
1303 335 1582 397 JOANMS
1615 332 2096 396 etlnvsos'roau
2132 325 2448 397 menter.
2489 329 3029 398 CONSTANTINOP.
3596 327 3666 403 an

2116 442 2373 511 tudinem.
2392 457 2445 511 l.
2467 455 2488 525 (
2510 439 2637 526 (inp.
2657 455 2727 514 15
2748 459 2766 528 )
2789 456 3022 512 Ascendit
3049 463 3212 512 autem
3231 457 3419 512 Abram
3447 473 3521 513 ea:
3538 461 3668 532 Αἰπ-

2115 555 2221 618 pto,
2244 548 2351 616 ipse
2381 558 2427 603 et
2451 563 2582 603 mar
2605 551 2712 621 ejus
2734 591 2748 614 ,
2777 561 2822 603 et
2853 551 3022 604 omnia
3045 565 3160 620 quia
3183 552 3296 620 ejus
3322 565 3469 605 erant
3494 593 3512 616 ,
3543 564 3580 606 et
3605 553 3671 607 Lat

2115 652 2231 692 cum
2269 654 2328 693 eo
2350 681 2365 707 ,
2418 640 2471 693 in
2499 641 2838 695 solitudinem.
2887 640 3194 712 Opportune
3225 642 3313 696 hic
3351 645 3476 714 quis
3497 659 3673 698 accom-

2114 733 2343 788 modarit
2370 734 2530 789 verba
2562 733 2649 788 illa
2675 776 2690 801 ,
2722 749 2839 804 qua:
2867 734 3049 790 beatus
3083 733 3244 790 David
3273 736 3336 790 iis
3363 738 3452 808 qui
3483 749 3520 792 e
3543 737 3672 809 Baby-

2112 822 2286 878 lonica
2323 823 2566 880 redibant
2607 826 2910 895 captivitate
2951 827 3198 881 dicebat:
3231 823 3334 892 Qui
3377 830 3674 883 semiuiuam

2117 915 2374 988 lacrymis,
2403 918 2456 970 in
2485 917 2818 972 exsultatimte
2849 929 3048 972 metent.
3071 915 3263 973 Euntes
3284 921 3422 972 ibant
3446 930 3501 972 et
3528 922 3672 990 ﬁebant

2115 1008 2360 1062 mittentes
2377 1009 2568 1063 semina
2588 1026 2697 1064 sua.
2728 1007 2986 1065 Venientes
3010 1023 3176 1065 autem
3192 1013 3387 1066 venient
3403 1015 3457 1066 in
3484 1017 3670 1068 exsulta-

2114 1101 2268 1170 tione,
2291 1112 2538 1173 gestantes
2558 1104 2844 1169 manipulos
2864 1121 2981 1158 suos
3004 1103 3316 1176 (Psat.125.
3332 1107 3387 1161 5.
3413 1107 3500 1176 6).
3530 1107 3670 1161 Vidisti

2113 1192 2427 1249 descensum
2458 1195 2722 1250 anxietate
2748 1207 2905 1266 atque
2933 1197 3120 1251 timore
3148 1197 3383 1267 plenum,
3413 1198 3668 1254 habentem

2113 1296 2292 1339 secum
2319 1293 2372 1338 et
2400 1285 2585 1341 mortis
2615 1287 2949 1341 formidinem
2973 1285 2996 1340 ?
3025 1286 3154 1342 Vide
3177 1305 3315 1344 nunc
3341 1289 3573 1344 reditum
3595 1293 3673 1345 cla.

2111 1377 2268 1428 ritate
2295 1387 2348 1430 et
2375 1375 2627 1446 dignitate
2668 1379 2831 1432 multa
2870 1381 3234 1450 conSpicuum.
3267 1379 3539 1436 Omnibus
3563 1386 3668 1437 enim

2115 1467 2334 1537 posthac
2361 1470 2680 1524 venerabilis
2725 1479 2840 1524 erat
2886 1470 3060 1539 justus
3108 1471 3196 1526 ille
3241 1481 3344 1525 tam
3395 1473 3470 1528 iis
3522 1477 3597 1544 qui
3638 1479 3672 1529 ἱςι

2113 1558 2344 1630 Egypto
2364 1602 2378 1626 ,
2411 1571 2570 1630 quam
2615 1562 2681 1616 iis
2722 1564 2810 1632 qui
2851 1563 2904 1616 in
2932 1561 3234 1618 Palmslina.
3264 1563 3397 1630 Quis
3423 1566 3569 1618 enim
3596 1584 3671 1620 non

2111 1652 2372 1706 reveritus
2405 1651 2590 1706 fuisset
2615 1668 2734 1708 eum
2763 1656 2852 1724 qui
2883 1655 2960 1707 sic
2987 1669 3016 1708 a
3045 1654 3158 1708 Deo
3184 1655 3493 1710 custoditus
3523 1659 3613 1722 sit,
3639 1669 3674 1712 et

2079 1750 2308 1796 tantam
2359 1742 2784 1798 benevolentiam
2829 1746 3193 1815 asscquutus?
3232 1746 3523 1801 Neminem
3564 1752 3671 1804 enim

2111 1834 2246 1890 ferte
2277 1837 2512 1890 latebant
2539 1851 2621 1902 ea,
2652 1851 2772 1907 quae
2800 1837 2911 1908 regi
2939 1846 2993 1892 et
3017 1837 3199 1892 domui
3227 1839 3344 1909 ejus
3371 1841 3670 1896 acciderant.

2109 1927 2297 1982 Omnia
2324 1930 2463 1984 enim
2495 1930 2632 1986 Deus
2658 1940 2938 2002 propterea
2971 1931 3227 2001 permisit,
3257 1941 3314 1988 et
3340 1949 3582 2005 eousque
3598 1935 3673 1990 du-

2110 2031 2360 2076 raverunt
2383 2024 2698 2078 tentationes
2720 2023 2868 2094 justi,
2892 2031 2949 2077 ut
2970 2023 3086 2094 ejus
3112 2024 3360 2093 patientia
3391 2025 3591 2080 clarior
3609 2028 3676 2082 fie-

2110 2120 2212 2176 ret,
2237 2121 2292 2168 et
2313 2111 2448 2168 facta
2475 2113 2592 2184 ejus
2618 2115 2669 2168 in
2703 2121 2870 2169 totum
2894 2115 3075 2170 orbem
3105 2115 3539 2186 divulgarentur,
3565 2118 3676 2172 itaut

2111 2205 2288 2259 nullus
2313 2217 2454 2261 esset
2481 2205 2571 2276 qui
2597 2206 2724 2275 justi
2752 2205 3001 2262 virtutem
3028 2205 3314 2277 ignoraret.

2180 2296 2233 2352 9.
2279 2295 2494 2352 Mor-alis
2542 2297 2841 2354 exhortatio.
2884 2297 3094 2369 A/ﬂiclio
3133 2300 3333 2371 signum
3376 2302 3679 2371 providenti:

2109 2385 2309 2443 divinaz.
2343 2420 2413 2430 ——
2437 2388 2679 2456 Vidistis,
2708 2387 2918 2457 dilecti,
2949 2401 3204 2460 quantum
3229 2407 3292 2445 ex
3321 2391 3680 2446 tentatiouibus

2110 2479 2353 2534 lucrum?
2375 2479 2579 2535 vidistis
2598 2492 2852 2549 quantum
2870 2480 3136 2551 patientia:
3157 2483 3436 2551 prmmium
3456 2484 3482 2534 2
3505 2483 3680 2537 vidistis

2109 2585 2161 2626 et
2189 2573 2383 2638 virum,
2417 2581 2469 2627 et
2498 2572 2810 2639 mulierem,
2846 2582 2900 2628 et
2923 2588 3129 2638 senem,
3162 2583 3216 2628 et
3244 2573 3507 2642 vetulam,
3540 2591 3680 2645 quan-

2109 2672 2218 2718 tum
2248 2663 2597 2733 phil050pbia:
2625 2680 2731 2733 pra:
2761 2680 2820 2720 se
2845 2664 3118 2720 tulerunt?
3146 2675 3400 2735 quantum
3436 2666 3679 2722 fortitudi-

2110 2755 2196 2810 nis
2219 2795 2236 2822 ,
2264 2763 2517 2826 quantum
2561 2766 2760 2811 mutuae
2798 2755 3133 2820 dilectionis,
3163 2767 3422 2826 quantum
3467 2760 3681 2814 caritatis

2108 2847 2376 2902 vinculum
2405 2847 2882 2904 demonstrarunt?
2917 2847 3068 2903 Illum
3099 2863 3286 2904 omnes
3317 2849 3607 2914 imitemur,
3637 2860 3682 2903 et

2109 2957 2397 3014 numquam
2417 2941 2708 2997 tristemur.
2727 2941 2804 2997 Ne
2819 2940 3181 2997 existimemus
3194 2957 3316 2997 esse
3330 2943 3545 3012 signum
3559 2942 3683 3014 quod

2109 3049 2207 3089 nos
2235 3031 2578 3106 dereliquerit
2603 3041 2656 3088 et
2691 3032 2950 3103 despiciat
2976 3033 3268 3100 Dominus,
3302 3034 3348 3088 si
3376 3036 3685 3089 tentatioues

2108 3129 2260 3196 nobis
2291 3127 2587 3184 inferantur
2619 3147 2633 3184 :
2664 3127 2760 3182 sed
2787 3130 2888 3182 hoc
2929 3128 3215 3182 maximum
3252 3127 3326 3182 sit
3368 3128 3527 3184 nobis
3568 3128 3686 3182 indi-

2107 3221 2268 3288 cium,
2297 3221 2438 3292 quod
2462 3219 2600 3288 Deus
2625 3221 2790 3275 nostri
2813 3235 2992 3274 curam
3015 3229 3182 3290 gerat.
3211 3218 3344 3274 Nam
3372 3221 3477 3275 etsi
3506 3221 3688 3275 habea-

2108 3330 2225 3368 mus
2247 3321 2585 3382 peccatorum
2605 3313 2839 3366 sarcinas
2857 3326 2975 3382 quaz
3002 3326 3099 3366 nos
3115 3320 3378 3382 premant,
3408 3314 3689 3381 poterimus

2107 3419 2349 3474 magnam
2377 3403 2683 3472 patientiam
2702 3413 2752 3458 et
2773 3402 3062 3473 gratiarum
3087 3401 3353 3456 actionem
3375 3402 3691 3457 declaranda

2107 3497 2336 3552 leviores
2360 3510 2450 3551 eas
2486 3493 2662 3550 facere
2694 3513 2706 3550 :
2737 3504 2794 3550 et
2829 3493 2877 3548 si
2914 3508 3019 3548 non
3050 3493 3212 3548 multa
3241 3491 3544 3548 habeamus
3573 3509 3686 3562 pec-

2106 3597 2242 3654 cata,
2267 3587 2459 3641 iterum
2484 3584 2669 3655 majori
2699 3583 2933 3640 fruemur
2951 3583 3138 3654 gratia,
3169 3581 3214 3637 si
3236 3592 3392 3654 grato
3419 3583 3602 3637 animo
3623 3595 3692 3637 ιιι⁴

2109 3677 2343 3732 ierimus.
2360 3675 2491 3745 Quia
2512 3674 2652 3732 enim
2675 3673 2817 3730 Deus
2842 3687 3022 3728 noster
3038 3671 3268 3727 liberalis
3292 3683 3401 3738 est,
3426 3685 3478 3729 et
3504 3684 3692 3730 nos”:

2107 3769 2292 3826 salutis
2316 3785 2496 3825 curam
2521 3767 2659 3840 gerit
2682 3786 2695 3822 :
2725 3782 2787 3822 ea
2811 3766 2879 3822 de
2903 3782 3058 3835 causa
3076 3766 3224 3835 quasi
3243 3765 3446 3820 luctam
3469 3776 3524 3821 et
3546 3783 3691 3821 exer-

2105 3865 2261 3920 cendi
2292 3865 2566 3919 materiam
2603 3861 2755 3916 nobis
2795 3860 3038 3930 preponit
3061 3901 3076 3925 ,
3109 3875 3205 3930 pro
3242 3857 3419 3912 stadio
3450 3868 3500 3912 et
3539 3874 3691 3913 orem

2109 3957 2427 4010 tentationes
2453 3954 2682 4008 inferens
2716 3971 2729 4007 :
2763 3959 2821 4006 ut
2851 3950 2897 4004 si
2921 3951 3058 4022 quod
3089 3962 3326 4004 nostrum
3357 3961 3442 4004 est
3475 3959 3694 4019 praeste-

2109 4065 2246 4117 mus,
2271 4049 2497 4119 largiore
2514 4047 2761 4117 dignetur
2786 4061 2884 4100 nos
2905 4061 2999 4100 sua
3022 4043 3373 4114 providentia.
3399 4042 3558 4109 Quod
3581 4059 3692 4097 cum

2107 4145 2366 4209 sciamus,
2399 4158 2466 4196 ne
2493 4142 2671 4196 tristes
2699 4140 2866 4194 simus
2894 4139 2947 4193 in
2978 4136 3383 4198 tentationibus,
3418 4152 3600 4206 neque
3623 4135 3695 4189 af.

2106 4235 2369 4291 ﬂictiones
2394 4233 2650 4305 gravatim
2681 4231 2914 4288 feramus
2941 4247 2956 4284 :
2988 4228 3082 4285 sed
3110 4238 3163 4284 et
3198 4227 3539 4300 gaudeamus
3562 4269 3578 4293 ,
3610 4244 3696 4281 se-

2105 4327 2336 4385 cundum
2365 4327 2576 4381 beatum
2607 4323 2829 4380 Paulum
2859 4341 2870 4376 :
2905 4320 3060 4377 Nunc
3083 4321 3250 4383 enim,
3275 4319 3468 4389 inquit,
3495 4321 3696 4390 gaudeo

2104 4422 2157 4475 in
2183 4420 2528 4492 afﬂictionibus
2551 4417 2672 4471 meis
2693 4415 2828 4485 (Cal.
2859 4415 2912 4470 l.
2939 4414 3010 4470 2ιὶ
3038 4413 3077 4484 ).
3111 4411 3294 4467 Vidisti
3321 4413 3564 4466 animam
3589 4427 3706 4480 gra-

2110 4524 2214 4566 tam
2239 4512 2262 4565 ?
2291 4511 2420 4566 Nam
2450 4511 2494 4564 si
2522 4510 2571 4564 in
2597 4506 2971 4563 afflictionibus
2995 4503 3278 4575 gaudebat,
3302 4503 3586 4572 quomodo
3613 4516 3705 4573 po-

2110 4609 2208 4660 tuit
2239 4619 2468 4675 unquam
2501 4604 2552 4658 in
2582 4601 2792 4657 tristitia
2833 4614 2953 4655 esse
2974 4598 2999 4650 ἲ
3035 4598 3078 4652 si
3123 4611 3240 4666 qua:
3283 4595 3420 4649 alios
3453 4594 3704 4652 afficiunt

2107 4697 2320 4751 tristitia
2353 4695 2450 4765 ipsi
2483 4693 2687 4764 pariant
2714 4690 2907 4746 lictitite
2937 4687 3271 4742 occasionem
3297 4727 3312 4746 ,
3339 4685 3516 4755 cogita
3535 4726 3554 4750 ,
3585 4701 3701 4744 oro,

2107 4789 2160 4842 in
2187 4804 2290 4858 quo
2317 4795 2456 4841 statu
2485 4785 2627 4840 illius
2656 4793 2770 4838 erat
2794 4781 2989 4836 anima.
3018 4780 3084 4834 Et
3110 4787 3167 4832 ut
3195 4777 3371 4831 discas
3396 4792 3505 4831 non
3539 4792 3708 4847 posse

2105 4883 2259 4938 aliter
2285 4896 2382 4936 nos
2409 4879 2670 4948 promissa
2709 4878 2845 4932 bona
2884 4874 3127 4942 assequi,
3158 4880 3214 4928 et
3239 4886 3406 4942 regno
3435 4871 3704 4926 colorum

2105 4976 2294 5045 dignos
2335 4972 2446 5027 fieri
2472 5012 2486 5035 ,
2529 4969 2628 5024 nisi
2673 4984 2768 5039 per
2796 4965 3136 5020 afﬂictionem
3165 4964 3324 5017 vitam
3365 4974 3707 5032 prasentem

2105 5076 2458 5126 transeamus,
2491 5061 2610 5117 audi
2642 5060 2912 5129 apostolos
2938 5057 3176 5112 dicentes
3201 5055 3279 5110 eis
3305 5055 3396 5123 qui
3425 5070 3610 5123 nuper
3640 5055 3704 5106 ad

2106 5157 2263 5212 fidem
2309 5155 2555 5210 conversi
2597 5162 2751 5207 erant
2794 5148 2903 5206 :Et
2951 5165 3064 5202 cum
3111 5147 3428 5209 docuissent,
3474 5146 3706 5215 inquit,

2104 5252 2310 5316 mullos,
2327 5247 2510 5302 reversi
2528 5255 2643 5300 sunt
2659 5243 2912 5314 Lystram,
2935 5251 2979 5296 et
3002 5239 3249 5300 Iconium,
3275 5249 3321 5292 et
3349 5237 3702 5295 Antiochiam,

2104 5344 2268 5397 denuo
2290 5358 2382 5394 con
2387 5341 2645 5409 ﬁrmantes
2662 5337 2854 5390 animas
2875 5333 3260 5404 discipulorum,
3279 5331 3713 5396 circumiacere

2103 5444 2160 5488 ut
2186 5441 2553 5503 perseverarent
2579 5431 2631 5484 in
2655 5430 2758 5499 ﬁde
2781 5471 2797 5490 ,
2828 5438 2875 5482 et
2909 5426 3044 5496 quod
3075 5443 3162 5495 per
3189 5423 3377 5477 utullus
3400 5423 3674 5493 afﬂictio»:
3691 5443 3708 5474 ε

2103 5535 2294 5597 oportet
2317 5541 2407 5579 nos
2427 5529 2617 5579 intrare
2633 5522 2684 5577 in
2701 5537 2909 5592 regnum
2929 5518 3167 5572 ca'lorum
3192 5518 3208 5583 (
3216 5517 3324 5568 Act.
3353 5516 3439 5570 14.
3456 5513 3519 5568 2|
3541 5554 3558 5566 .
3584 5515 3664 5568 2‘3
3683 5541 3706 5572 μ.

2102 5618 2284 5688 Qualis
2313 5617 2469 5686 igitur
2498 5615 2717 5688 posthac
2746 5611 2848 5668 erit
2879 5609 3031 5666 nobis
3055 5606 3352 5669 excusatio,
3381 5605 3424 5660 si
3455 5607 3713 5660 nolueri-

2103 5726 2222 5766 mus
2251 5723 2510 5778 generose
2531 5723 2593 5762 ac
2620 5705 2825 5762 fortiter
2844 5701 3022 5760 omnia
3053 5698 3194 5755 ferre
3217 5714 3336 5768 qua:
3363 5697 3713 5752 inferuntur:

2107 5811 2403 5872 prmscrum
2443 5798 2675 5856 scientes
2714 5810 2819 5852 non
2861 5807 3018 5866 posse
3043 5790 3196 5847 aliter
3219 5804 3321 5845 nos
3349 5787 3586 5844 salutem
3617 5803 3713 5842 θεν
