3788 6250
136 222 247 277 503

140 338 296 407 sequi
322 378 337 399 ,
386 335 491 391 uisi
530 334 631 391 hac
674 334 1045 390 incesserimus
1081 333 1209 387 via?
1232 331 1385 399 Quod
1410 335 1554 389 enim
1593 331 1725 386 nihil

139 428 383 483 insolens
408 434 499 479 aut
524 440 717 479 novum
742 426 812 479 sit
838 440 1021 494 passus
1048 424 1312 494 justorum
1336 423 1496 488 ullus,
1519 423 1610 493 qui
1634 437 1732 492 per

139 517 462 572 afflictiones
484 516 737 587 transegit
756 515 890 569 hanc
913 514 1095 577 vitam,
1120 514 1241 569 audi
1256 514 1525 569 Christum
1545 512 1729 567 dicen-

136 619 294 662 tem:
333 606 401 661 In
446 608 637 661 mundo
676 606 987 677 aﬂh’ctionem
1026 605 1267 659 habebitis
1296 646 1311 669 ,
1352 605 1447 659 sed
1489 603 1729 671 conﬁdite

142 699 327 765 (Joan.
351 698 440 754 16.
466 698 537 753 55
558 698 597 765 ).
626 697 758 751 Nam
784 712 853 751 ne
878 696 1055 751 audita
1079 697 1313 759 tristitia,
1338 710 1435 764 spe
1452 694 1723 759 excidant,

136 789 321 843 statim
350 788 597 843 fiduciam
622 788 700 843 eis
727 787 904 853 affert,
924 797 976 841 et
1001 802 1150 841 suam
1178 786 1457 857 pollicetur
1477 785 1722 855 gratiam.

139 878 251 933 Sed
270 878 532 947 conﬁdite,
556 877 723 947 inquit
747 894 762 939 ;
785 893 875 948 ego
895 878 990 931 vici
1013 876 1275 930 mundum.
1308 874 1505 939 Habes,
1534 875 1743 944 iuquit,.

140 986 265 1024 eum
288 970 378 1038 qui
401 968 570 1038 gratia
590 968 818 1033 alleviet,
845 967 933 1036 qui
957 982 1061 1020 non
1084 966 1361 1036 permittat
1380 975 1432 1019 te
1458 964 1741 1033 submergi'

138 1059 399 1114 ab'illatis
429 1057 829 1121 teutatioufbus,
862 1057 950 1126 qui
980 1071 1101 1110 cum
1132 1055 1421 1110 tentatione
1447 1062 1501 1109 et
1522 1053 1723 1107 exitum

142 1151 379 1221 praebeat
398 1194 413 1217 ,
441 1160 493 1204 et
524 1167 629 1204 non
660 1150 928 1219 permittat
955 1163 1112 1216 supra
1144 1157 1352 1202 nostras
1378 1148 1517 1201 vires
1542 1144 1723 1199 inferri

138 1244 319 1313 gravia
341 1244 365 1312 (
385 1244 406 1297 l
423 1282 437 1295 .
470 1241 587 1297 Cor.
614 1241 699 1296 10.
728 1242 795 1296 I5
814 1242 853 1311 j.
882 1239 1018 1308 Quid
1044 1238 1313 1294 tristaris?
1337 1238 1460 1309 quid
1491 1236 1725 1293 maeres?

139 1334 266 1403 quid
297 1333 578 1404 impatiens
597 1349 655 1388 es
670 1332 695 1383 τ
712 1348 877 1403 quare
903 1342 1008 1387 tam
1036 1331 1241 1401 ahjeeto
1266 1331 1445 1384 animo
1469 1331 1566 1385 es?
1588 1330 1723 1384 Num

140 1427 184 1481 si
210 1441 332 1495 qum
361 1434 540 1479 nostra
582 1433 706 1480 sunt
744 1424 1077 1479 attulerimus
1101 1465 1116 1490 ,
1148 1424 1454 1493 patientiam
1481 1423 1600 1479 dico
1625 1463 1641 1487 ,
1672 1431 1723 1477 et

142 1518 532 1584 fortitudinem,
565 1528 619 1574 et
644 1528 850 1589 gratum
880 1518 1113 1572 animum
1135 1559 1149 1585 ,
1181 1533 1280 1571 nos
1305 1518 1447 1572 sinet
1473 1516 1675 1585 despici
1699 1517 1724 1570 ?

141 1613 275 1667 Num
298 1612 399 1666 etsi
423 1610 715 1681 desperatae
742 1618 864 1664 sunt
892 1625 997 1675 res,
1022 1610 1237 1665 vincere
1264 1619 1485 1678 possunt
1508 1609 1723 1678 sapien-

141 1705 267 1759 tiam
288 1704 495 1758 Domini
522 1701 726 1757 nostri?
747 1701 852 1756 Nos
872 1716 989 1771 quae
1011 1709 1189 1755 nostra
1211 1709 1334 1756 sunt
1356 1699 1719 1768 exhibeamus,

140 1806 194 1851 et
220 1798 483 1849 sinceram
513 1791 805 1848 habeamus
833 1792 989 1847 fidem
1016 1833 1030 1857 ,
1062 1793 1293 1847 scientes
1321 1791 1589 1846 solertiam
1617 1791 1724 1845 τυ-

143 1889 273 1942 toris
316 1888 614 1941 animarum
658 1895 981 1938 nostrarum.
1031 1883 1095 1937 Et
1134 1883 1247 1951 ipse
1282 1897 1501 1951 prorsus
1533 1882 1723 1936 melius

142 1981 289 2034 novit
313 1994 473 2050 quam
498 1992 595 2032 nos
613 2018 626 2039 ,
653 1974 778 2045 quid
807 1975 1099 2038 conducat,
1126 1975 1215 2039 qui
1239 1974 1307 2027 ita
1336 1990 1421 2029 res
1447 1975 1723 2042 dispensa-

142 2073 220 2126 bit
244 2115 258 2135 ,
304 2080 364 2124 ut
414 2070 511 2140 ipsi
543 2068 700 2122 fuerit
728 2066 1079 2121 honorificum
1105 2108 1119 2129 ,
1159 2077 1213 2121 et
1242 2066 1396 2120 nobis
1423 2066 1548 2120 utile
1576 2083 1589 2120 :
1618 2082 1723 2135 quo

102 2146 110 2154 ’
140 2171 193 2219 et
216 2162 486 2235 patientia:
515 2158 816 2215 mercedem
844 2156 1183 2227 accipiamus,
1211 2167 1261 2211 et
1285 2158 1400 2226 ejus
1427 2157 1721 2227 benignita-

144 2264 244 2309 tem
275 2252 636 2313 obtineamus,
664 2248 831 2320 gratia
857 2257 911 2303 et
931 2247 1361 2303 miserationibus
1393 2248 1598 2302 Domini
1627 2263 1725 2302 ηοο

140 2348 234 2402 stri
273 2346 401 2401 Jesu
441 2342 677 2407 Christi,
705 2357 825 2396 cum
873 2355 981 2409 quo
1025 2339 1165 2393 Patri
1214 2339 1370 2393 simul
1409 2348 1464 2393 et
1504 2339 1723 2409 Spiritui

142 2447 326 2494 sancto
353 2437 423 2493 sit
449 2436 647 2507 gloria,
680 2432 978 2499 imperium,
1012 2430 1204 2496 honor,
1236 2445 1376 2484 nunc
1403 2439 1459 2484 et
1484 2445 1721 2501 semper,

142 2540 191 2586 ct
218 2530 269 2585 in
301 2528 495 2583 sa‘cula
524 2526 862 2581 sa'culorum.
896 2524 1087 2577 Amen.

653 2654 929 2712 HOMIIJA
968 2652 1207 2708 XXXIII.

143 2774 330 2829 Abram
373 2779 539 2824 autem
572 2777 678 2823 erat
726 2767 860 2822 dives
896 2764 1042 2819 valde
1088 2764 1366 2833 pecoribus,
1401 2776 1447 2818 et
1490 2774 1717 2835 argento,

208 2873 258 2918 et
287 2879 435 2916 auro.
466 2859 532 2914 Et
563 2861 817 2930 profectus
859 2866 949 2920 est,
979 2855 1113 2909 unde
1141 2864 1361 2920 venerat,
1394 2855 1446 2908 in
1483 2856 1721 2908 solitudi-

211 2971 329 3010 nem
354 2969 513 3022 usque
550 2950 745 3017 Belliel,
774 2965 928 3018 usque
961 2947 1028 3000 ad
1056 2947 1223 3001 locum
1252 2946 1305 2999 in
1333 2963 1430 3015 quo
1463 2945 1601 3015 prius
1626 2947 1720 3018 fuit

211 3044 591 3101 tabernaculum
616 3043 723 3112 ejus
749 3042 876 3095 inter
896 3038 1069 3093 Bethel
1083 3047 1131 3092 et
1155 3036 1331 3109 Agger,
1357 3039 1423 3090 ad
1451 3038 1615 3092 locum
1642 3036 1722 3091 al-

213 3140 340 3192 taris
363 3135 499 3207 quod
524 3136 590 3189 ibi
620 3133 868 3204 principio
898 3134 1085 3202 fecerat
1112 3128 1263 3200 (Gen.
1297 3130 1382 3186 15.
1414 3128 1553 3201 2-4).

216 3274 265 3324 t.
308 3266 445 3323 Cum
482 3265 710 3319 alacrem
762 3270 995 3316 vestrum
1041 3266 1381 3324 conventum,
1431 3267 1487 3314 et
1536 3259 1724 3330 ingens

142 3361 391 3419 audiendi
416 3356 735 3413 desiderium
768 3354 925 3408 hodie
951 3352 1180 3412 videam.
1210 3352 1329 3406 volo
1351 3352 1586 3406 debitum
1611 3353 1724 3406 sol-

142 3472 290 3518 vere,
324 3469 429 3523 quo
455 3465 579 3521 erga
620 3450 895 3503 caritatem
922 3455 1157 3500 vestram
1176 3444 1461 3499 obstrictus
1489 3460 1627 3498 sum.
1662 3443 1728 3500 Et

141 3551 256 3605 scio
280 3549 400 3615 ejus
430 3545 657 3600 fortasse
681 3557 777 3596 vos
799 3540 991 3595 oblitos
1017 3552 1137 3593 esse
1160 3552 1225 3593 eo
1251 3536 1390 3607 quod
1426 3536 1576 3591 multi
1610 3536 1727 3591 dies

143 3638 564 3699 intercesserint,
610 3646 895 3701 sermoque
939 3640 1121 3685 noster
1165 3630 1229 3683 ad
1268 3630 1369 3682 alia
1402 3630 1610 3683 interim
1658 3631 1729 3683 sit

142 3732 425 3787 deductus.
471 3727 605 3790 Nam
644 3734 841 3781 sanctae
885 3721 1185 3778 festivitatis
1232 3721 1490 3775 adventus
1533 3722 1726 3775 seriem

144 3822 301 3879 nobis
340 3816 714 3889 interpellavit.
760 3815 942 3885 Neque
982 3815 1123 3869 enim
1169 3829 1265 3884 par
1307 3820 1422 3867 erat
1476 3821 1551 3875 ut,
1601 3813 1726 3867 dum

142 3930 357 3973 crucem
392 3911 597 3966 Domini
636 3909 1029 3965 celebraremus
1060 3905 1155 3978 (a),
1186 3906 1253 3961 de
1280 3906 1399 3960 aliis
1426 3921 1726 3963 sermonem

143 4008 492 4064 alferremus:
514 4018 696 4058 mensa
719 4009 895 4057 autem
933 3999 1084 4053 vobis
1109 3997 1451 4068 proponenda
1477 4006 1592 4052 erat
1619 3998 1729 4052 suis

143 4114 379 4168 congrua
436 4089 789 4164 temporibus.
830 4091 893 4145 Et
940 4089 1137 4144 idcirco
1182 4087 1395 4159 quando
1431 4086 1576 4143 venit
1612 4086 1728 4144 dies

141 4187 491 4253 Traditionis,
518 4184 766 4241 continua
794 4181 1047 4237 doctrinae
1073 4180 1211 4235 serie
1236 4187 1461 4242 resecta,
1492 4194 1728 4248 prmsen-

146 4282 288 4336 tibus
316 4294 435 4349 qum
462 4276 722 4347 urgebant
763 4289 861 4328 nos
889 4270 1373 4334 accommodantes,
1412 4270 1466 4324 in
1492 4269 1730 4338 prodito-

146 4388 263 4428 rem
302 4372 537 4440 linguam
582 4366 876 4421 laxavimus
904 4364 976 4434 (b)
1008 4381 1020 4416 :
1047 4360 1241 4416 deinde
1269 4360 1336 4415 de
1365 4376 1526 4416 cruce
1550 4361 1727 4430 aliqua

146 4468 200 4517 in
231 4461 467 4517 medium
510 4458 847 4528 protulimus.
890 4455 1103 4519 Postea,
1152 4452 1493 4507 illucescente
1537 4452 1731 4507 Resur-

146 4553 404 4611 rectionis
442 4550 549 4613 die,
580 4547 941 4603 necessarium
982 4553 1098 4598 erat
1135 4552 1192 4597 ut
1232 4543 1299 4598 de
1344 4543 1732 4597 resurrectione

150 4645 361 4701 Domini
391 4640 667 4698 caritatem
689 4648 918 4693 vestram
943 4635 1256 4691 doceremus
1280 4650 1296 4686 :
1316 4643 1371 4688 et
1390 4633 1733 4702 sequentibus

233 4758 286 4812 ai
321 4766 389 4807 De
413 4754 538 4805 festo
560 4753 725 4806 Crucis
741 4752 989 4802 dominica:
1011 4749 1240 4812 loquitur.

233 4772 263 4808 a
321 4766 389 4807 De
413 4758 538 4805 festo
560 4758 725 4806 Crucis
741 4758 989 4802 dominica:
1012 4758 1240 4812 loquitur.

210 4758 289 4883 ξινῖ
319 4821 405 4868 Hic
436 4817 646 4880 loquitur
680 4816 1041 4877 Chrysostomus
1077 4811 1143 4860 de
1181 4822 1327 4861 causa
1362 4808 1733 4880 interpellandze

210 4884 302 4930 riei
326 4877 631 4930 homiliarum
655 4879 706 4926 in
722 4876 977 4930 Genesim,
1003 4885 1123 4930 quas
1144 4884 1349 4921 numero
1386 4872 1580 4930 triginta
1615 4870 1733 4921 duas

144 4870 302 4946 seriei
326 4870 631 4946 heminarum
655 4879 706 4926 in
722 4870 947 4946 Genesim
964 4913 977 4932 ,
1003 4885 1123 4946 quas
1144 4884 1349 4946 numero
1382 4870 1580 4944 triginta
1596 4870 1736 4946 ‘duas

138 4948 243 5008 jam
262 4944 458 5008 habitas
476 4953 562 5008 per
582 4947 730 4989 totam
746 4937 1190 5008 Quadragesimam,"
1206 4940 1311 5008 post
1335 4937 1734 5008 trigesimamrse-

142 4995 360 5074 Eundem
380 4995 587 5074 βιίεπὶῌη
612 5007 808 5074 tensus
826 4995 1045 5074 deum
1071 4995 1502 5074 Βὲκτέῖἱειὲιιέἕιιέ
1515 4996 1567 5074 ἔίέ
1582 4995 1735 5074 Εοεδξξεξ

143 5054 427 5132 {tomiuide
447 5063 571 5132 J‘uda
598 5054 847 5132 proditpre
865 5054 1183 5132 _loqueretu_r,
1216 5063 1269 5132 με
1293 5054 1736 5132 etiammouetille

145 5116 207 5179 id
221 5116 421 5177 ttomilia
448 5125 513 5175 de
534 5116 670 5188 tudo,
695 5116 1068 5188 cujusjnit'ium,
1101 5117 1338 5188 Volebam,
1364 5116 1528 5188 dilecti
1556 5129 1736 5188 :qttam

142 5188 373 5239 secundo
394 5179 731 5236 Tom-babes.
752 5179 951 5235 'Deinde
982 5183 1044 5233 de
1074 5194 1221 5243 cruce
1250 5179 1414 5243 aliqua
1444 5179 1496 5229 in
1524 5179 1737 5243 medium

145 5250 463 5317 protulimus.
494 5249 657 5310 Pergit
684 5248 1073 5317 chrysogtomus,
1107 5240 1391 5317 alterutram
1413 5240 1739 5317 .ex_ttotuiliis

144 5302 218 5364 ile
249 5325 401 5363 cruce
420 5347 435 5371 ,
459 5322 570 5373 quae
584 5302 714 5373 'post
739 5302 966 5373 ttbmilias
985 5302 1320 5373 de'proditore
1340 5302 1458 5352 Juda
1479 5309 1627 5373 fronte
1658 5315 1737 5373 se-

145 5374 315 5425 cundo
337 5364 853 5436 ponunturfindicans.
875 5369 964 5436 Die
986 5364 1151 5418 autem
1174 5365 1362 5436 Pascha:
1383 5371 1550 5436 contra
1574 5364 1732 5413 ebrio-

148 5449 237 5487 sos
257 5441 314 5485 et
333 5427 399 5484 de
420 5433 784 5482 resurrectione
806 5430 1116 5480 ooncionatus
1149 5433 1226 5478 est
1249 5436 1271 5477 ελ
1287 5427 1483 5476 demum
1516 5433 1737 5489 tempore

149 5485 372 5548 man
394 5493 624 5559 ltomilias
645 5492 816 5559 habuit
846 5493 895 5541 iu
929 5491 1209 5559 principium
1234 5485 1740 5559 Actorum..Haec:plu-

149 5561 295 5611 ribus
329 5564 551 5621 enarrata
584 5555 695 5621 vide
724 5562 869 5603 Tomo
897 5550 1210 5621 secuudopad
1233 5550 1453 5621 uentilias
1486 5551 1533 5621 in
1564 5550 1737 5621 princi-

151 5608 300 5684 fauni,
316 5618 574 5678 Actorum,
609 5618 827 5684 itemque
845 5623 990 5668 Tomo
1024 5616 1167 5672 tertio
1200 5616 1247 5663 iu
1282 5613 1453 5665 Μοηὶῐο
1505 5608 1575 5662 de
1616 5608 1738 5662 Juda

153 5682 431 5749 proditore.

1175 219 1241 275 IN
1278 220 1426 275 CAP.
1469 218 1605 275 XIII.
1646 217 1889 276 GENES.
1930 218 2159 276 HOMIL.
2200 221 2438 279 XXXIII.

3298 228 3403 286 306

1835 329 2040 395 diebus,
2072 348 2168 403 per
2198 348 2261 389 ea
2291 336 2543 391 miracula
2567 351 2688 407 quae
2718 346 2843 394 tunc
2880 337 3019 395 facta
3057 350 3200 408 sunt,
3230 358 3393 398 resur-

1829 422 2081 477 rectionis
2104 422 2484 482 demonstratio
2505 428 2695 482 iterum
2722 427 2987 486 afferenda
3011 442 3124 485 erat
3152 449 3172 487 τ
3189 437 3402 503 quando

1829 512 1991 567 etiam
2035 516 2409 584 Apostolorum
2454 519 2587 573 Acta
2636 521 2924 590 explanare
2961 522 3241 593 coepimus,
3279 525 3401 580 inde

1828 605 1981 660 vobis
1996 608 2243 662 continua
2274 620 2635 680 proponentes
2658 612 2920 677 convivia,
2958 622 3016 668 et
3038 615 3243 671 crebris
3270 631 3401 686 quo-

1786 690 1796 701 ’
1830 695 2151 765 tidianisque
2190 698 2643 757 admonitionibus
2679 718 2794 767 eos,
2831 704 2920 775 qui
2962 720 3131 774 nuper
3153 705 3398 775 baptismi

1826 787 2049 854 gratiam
2085 799 2421 856 acceperant,
2460 791 2822 847 exhortantes.
2852 792 3002 848 Nunc
3029 794 3186 865 igitur
3210 810 3397 851 neces-

1827 875 2024 929 sarium
2050 885 2135 930 est
2161 886 2221 930 ut
2238 877 2400 932 debiti
2424 895 2628 933 memor
2649 882 2771 945 sim,
2801 890 2856 937 et
2878 884 3031 938 vobis
3055 886 3397 941 satisfaciam.

1827 963 2058 1021 Tametsi
2087 968 2228 1021 enim
2252 984 2344 1022 vos
2366 969 2533 1025 debiti
2561 986 2724 1041 genus
2754 972 3023 1042 ignoretis,
3049 982 3231 1044 utpote
3257 979 3400 1032 curis

1826 1055 2005 1109 multis
2035 1056 2295 1126 impliciti,
2318 1067 2373 1113 et
2389 1059 2597 1114 solliciti
2631 1077 2725 1128 pro
2746 1062 3015 1127 uxoribus.
3044 1073 3097 1119 et
3118 1065 3316 1126 liberis,
3344 1076 3397 1121 et

1826 1146 2129 1216 quotidiana
2160 1149 2429 1212 alimonia.
2457 1151 2741 1219 multisque
2783 1153 2903 1208 aliis
2936 1155 3279 1211 smeularihus
3315 1173 3400 1209 ne~

1824 1240 2011 1308 gotiis:
2034 1256 2217 1295 verum
2249 1258 2345 1296 nos
2372 1244 2462 1313 qui
2493 1245 2649 1299 nullis
2670 1245 2720 1299 id
2748 1261 2914 1315 genus
2941 1248 3082 1302 euris
3105 1252 3393 1312 turbamur,

1827 1341 1882 1387 et
1898 1333 2047 1388 vobis
2066 1334 2227 1389 debiti
2254 1337 2559 1391 memoriam
2582 1339 2930 1408 suggerimus,
2953 1347 3007 1395 et
3025 1340 3091 1394 ad
3118 1342 3405 1396 restitueu~

1827 1422 1953 1478 dum
1986 1441 2083 1478 nos
2112 1441 2380 1495 paramus.
2424 1426 2608 1498 Neque
2647 1428 3004 1495 admiremini,
3031 1429 3074 1484 si
3107 1439 3211 1485 tam
3244 1439 3405 1502 grato

1826 1517 2006 1571 animo
2036 1517 2085 1572 id
2113 1529 2443 1586 prmstamus.
2478 1520 2645 1591 Hujus
2673 1522 2815 1576 enim
2842 1522 3002 1577 debiti
3030 1539 3196 1593 genus
3215 1539 3242 1577 a
3273 1540 3398 1581 sen-

1824 1605 2066 1662 sibilibus
2111 1609 2345 1677 pecuniis
2371 1609 2643 1666 diversum
2685 1620 2787 1667 est.
2820 1612 2875 1666 ln
2907 1613 3007 1668 illis
3050 1616 3194 1669 enim
3241 1631 3397 1669 num-

1824 1713 1982 1767 quam
2009 1697 2215 1753 debitor
2245 1708 2349 1754 tam
2390 1711 2597 1769 gratum
2645 1718 2753 1772 pra:
2782 1717 2841 1757 se
2878 1703 2976 1758 fert
3004 1703 3258 1758 animum.
3286 1705 3398 1759 Scit

1824 1789 1965 1845 enim
1981 1805 2037 1845 se
2054 1791 2229 1847 debita
2247 1792 2498 1848 solvendo
2511 1808 2659 1848 suam
2686 1794 3001 1850 imminuere
3025 1796 3392 1860 substantiam,

1824 1890 1877 1934 et
1904 1880 2215 1949 accipientis
2240 1897 2435 1953 augere
2471 1883 2764 1939 facultates.
2783 1884 2899 1940 Non
2928 1888 2995 1940 ita
3027 1897 3200 1941 autem
3230 1898 3311 1942 est
3340 1889 3398 1942 iu

1824 1970 2083 2040 spirituali
2126 1972 2226 2028 hoc
2252 1974 2451 2037 debito,
2496 1975 2591 2030 sed
2628 1977 2681 2030 in
2725 1991 2791 2034 eo
2813 1976 3023 2031 debitor
3049 1978 3174 2033 dum
3216 1975 3404 2044 solvit,

1819 2064 1993 2132 magis
2029 2063 2261 2118 abundat
2286 2064 2505 2131 divitiis,
2547 2074 2600 2121 et
2628 2068 3007 2137 accipientibus
3032 2070 3263 2138 majores
3302 2085 3393 2125 ac-

1823 2162 2071 2207 crescunt
2096 2169 2246 2223 opes.
2278 2155 2344 2210 Et
2374 2155 2572 2213 idcirco
2600 2158 2709 2213 illic
2737 2158 2940 2229 ingrata
2985 2160 3266 2214 admodum
3296 2177 3401 2215 νο·-

1824 2242 2023 2298 luntate
2049 2246 2131 2314 agi
2172 2246 2341 2310 solet;
2376 2246 2461 2301 hic
2487 2257 2660 2301 autem
2691 2250 2926 2318 utrisque
2954 2250 3156 2306 lucrum
3203 2258 3306 2316 est,
3339 2262 3393 2306 et

1824 2332 2203 2402 dinumeraati,
2250 2347 2304 2392 et
2349 2339 2749 2407 accipientibus.
2800 2341 2866 2394 Et
2894 2340 2994 2395 hoc
3036 2352 3117 2396 est
3158 2343 3310 2413 quod
3330 2344 3412 2398 de-

1822 2425 2044 2481 earitate
2094 2426 2367 2483 admonuit
2413 2429 2596 2484 beatus
2649 2430 2845 2487 Paulus
2896 2432 3078 2487 dicens
3123 2450 3137 2486 :
3190 2431 3401 2488 Nemini

1822 2517 2093 2586 quidquam
2126 2518 2369 2584 debeatis,
2408 2522 2507 2574 nisi
2534 2530 2586 2575 ut
2623 2520 2849 2591 diligatis
2871 2524 3078 2578 invicem
3103 2524 3277 2597 (Rom.
3306 2527 3394 2582 15.

1824 2608 1899 2678 8).
1931 2609 2057 2677 Quo
2075 2610 2290 2674 indicat,
2322 2611 2424 2668 hoc
2448 2613 2679 2668 debitum
2710 2630 2922 2683 semper
2942 2616 3094 2683 solvi,
3120 2628 3173 2671 et
3199 2619 3394 2673 nihilo-

1824 2698 2005 2753 minus
2024 2698 2223 2756 durare
2247 2716 2479 2770 semper.
2508 2701 2690 2771 Neque
2730 2705 2997 2775 negligere
3039 2722 3134 2762 vos
3161 2718 3395 2776 oportet,

1821 2787 1888 2841 ad
1915 2790 2274 2860 recipiendum
2309 2801 2519 2860 paratos
2549 2811 2563 2845 :
2593 2792 2696 2849 hoc
2735 2796 2876 2850 enim
2912 2807 2965 2852 et
3006 2812 3101 2851 nos
3125 2799 3397 2853 debitores

1824 2879 2194 2949 locupletiores
2226 2881 2370 2942 facit,
2398 2891 2452 2938 et
2477 2882 2626 2939 vobis
2652 2884 2869 2951 majoris
2895 2887 3143 2943 utilitatis
3162 2890 3266 2945 erit
3289 2907 3403 2944 nia-

1829 2971 1982 3026 teria.
2016 2971 2175 3043 Igitur
2202 2974 2449 3046 quoniam
2481 2974 2599 3029 talis
2624 2983 2709 3031 est
2730 2976 2885 3046 hujus
2907 2978 3068 3035 debiti
3101 2991 3306 3045 natura,
3342 2992 3403 3037 ut

1826 3071 2022 3132 quanto
2073 3064 2241 3133 magis
2287 3063 2637 3134 dependitur,
2687 3075 2832 3122 tanto
2888 3070 3153 3125 auctiores
3200 3082 3396 3127 nostra:
3460 3082 3463 3083 '

1824 3154 2115 3209 reddantur
2137 3170 2269 3226 opes
2293 3174 2304 3209 :
2333 3171 2429 3227 age
2454 3156 2743 3214 doceamus
2785 3176 2923 3215 nunc
2963 3171 3018 3216 et
3040 3162 3203 3218 debiti
3233 3174 3405 3220 mate-

1824 3245 1983 3312 riam,
2013 3254 2142 3301 utet
2169 3246 2266 3315 ipsi
2294 3246 2580 3302 alacriores
2607 3248 2828 3305 dieenda
2858 3252 3178 3321 suscipiatis,
3200 3265 3253 3308 et
3275 3270 3397 3325 gra-

1825 3346 1933 3396 tam
1987 3349 2222 3394 nostram
2282 3341 2605 3397 voluntatem
2660 3354 2933 3415 acceptam
2982 3344 3259 3412 habentes,
3305 3364 3405 3403 nos

1825 3432 2065 3504 diligenti
2117 3435 2451 3490 auscultandi
2498 3436 2675 3491 studio
2727 3441 3098 3494 remuneretis.
3142 3441 3395 3507 Quamam

1827 3526 1986 3597 igitur
2002 3527 2165 3585 debiti
2194 3529 2447 3583 materia?
2466 3528 2645 3595 Scitis,
2667 3538 2718 3585 et
2742 3546 3004 3586 memores
3023 3534 3171 3598 estis,
3194 3536 3415 3604 quando

1826 3616 1894 3671 de
1916 3618 2217 3684 patriarcha
2237 3619 2476 3687 qutedam
2502 3621 2553 3673 iu
2578 3621 2806 3675 medium
2826 3622 3110 3687 attulimus,
3137 3627 3416 3693 quomodo-

1827 3708 2367 3762 dcmonstraverimus
2391 3708 2702 3764 descensum
2733 3712 2849 3779 ejus
2880 3713 2930 3765 in
2958 3712 3242 3784 [Egyptian
3276 3730 3399 3783 pro.

1831 3809 1946 3868 pter
1971 3798 2183 3865 famem,
2216 3810 2269 3855 et
2313 3809 2516 3870 raptam
2560 3801 2742 3856 Saram
2784 3817 2811 3854 a
2844 3801 3138 3869 Phor-mne,
3167 3812 3221 3859 et
3265 3805 3410 3859 indi-

1827 3893 2127 3962 gnatiouem
2174 3892 2291 3959 Dei,
2321 3908 2479 3961 quam
2512 3894 2573 3947 in
2606 3893 2933 3948 Pharaonem
2959 3903 3023 3948 ett
3039 3895 3255 3949 domum
3286 3896 3414 3964 ejus

1828 3985 1898 4041 ob
1922 4001 2069 4039 suam
2101 4001 2223 4057 erga
2247 3988 2448 4052 justum
2477 4001 2658 4040 curam
2688 3987 2926 4052 immisit,
2962 3996 3015 4040 et
3049 3986 3275 4041 reditum
3295 4004 3400 4057 vpa-

1832 4076 2076 4131 triarchae
2118 4077 2185 4129 ab
2227 4075 2459 4147 [Egypto
2504 4093 2691 4146 magna
2731 4093 2853 4132 eum
2898 4078 3088 4148 gloria.
3139 4077 3411 4134 Mandavie

1831 4168 1984 4229 enim,
2042 4169 2228 4237 inquit,
2289 4166 2497 4223 Pharao
2550 4169 2668 4221 viris
2712 4185 2861 4237 super
2902 4168 3110 4235 Abram,
3158 4179 3210 4223 ut
3249 4170 3412 4223 dedu~

1832 4270 1947 4312 cant
1974 4275 2112 4324 eum,
2137 4268 2182 4313 et
2206 4275 2415 4313 uxorem
2433 4260 2561 4330 ejus,
2594 4268 2639 4312 et
2659 4260 2827 4313 omnia
2853 4275 2969 4329 (puer
2988 4259 3215 4321 habebat,
3238 4272 3282 4314 et
3309 4260 3417 4315 Lota

1832 4367 1943 4404 cum
1968 4350 2082 4404 eo‘.
2113 4351 2349 4404 Ascendit
2394 4360 2561 4404 autent
2590 4351 2776 4404 Abram
2813 4368 2875 4405 ea:
2918 4350 3167 4423 IEgypto,
3200 4355 3307 4423 ipse
3352 4369 3415 4408 et

1833 4459 1961 4497 uxor
1985 4444 2119 4508 eius,
2145 4452 2190 4495 et
2218 4442 2391 4495 ainuia
2415 4459 2527 4511 qtae
2553 4453 2695 4495 erant
2723 4444 2877 4503 illius,
2906 4455 2951 4495 et
2977 4443 3072 4501 Lot
3088 4460 3201 4497 cum
3225 4446 3335 4513 ipso
3355 4446 3411 4498 in

1833 4535 2172 4590 solitudinem.
2202 4533 2299 4588 Hic
2336 4549 2637 4587 sermonem
2672 4535 2887 4587 missum
2922 4534 3163 4600 fecimus,
3195 4537 3415 4589 mediis~

1833 4643 1937 4696 que
1956 4625 2144 4681 diebus
2167 4625 2458 4680 doctrinam
2486 4626 2851 4683 transtulimus
2882 4628 2931 4680 iu
2954 4638 3263 4697 argumenta
3288 4637 3410 4681 tunc

1837 4717 2094 4786 temporis
2153 4719 2504 4772 occurrentia.
2563 4717 2687 4773 Ideo
2742 4717 2913 4773 hodie
2950 4723 3409 4789 operatpretium

1836 4810 2012 4875 fuerit,
2050 4818 2109 4864 ut
2136 4810 2329 4865 seriem
2371 4820 2692 4879 repetamus,
2743 4820 2811 4866 et
2838 4812 3224 4867 dicendaooum
3254 4813 3409 4866 dictis

1836 4903 1985 4973 quasi
2025 4903 2079 4958 in
2108 4920 2269 4957 unum
2317 4919 2511 4973 corpus
2549 4913 2857 4973 eoaptemus
2886 4921 2900 4957 :
2930 4905 3007 4960 sic
3047 4905 3188 4959 enim
3235 4920 3412 4958 sermo

1835 4995 2092 5051 doctrina:
2122 4996 2273 5066 quasi
2311 5011 2474 5049 unum
2524 4996 2928 5064 subaaspectum
2958 4994 3132 5049 cadet.
3172 4994 3278 5049 Sed
3307 5009 3413 5063 quo

1840 5086 2202 5143 manifestiora
2247 5090 2357 5140 sint
2393 5100 2618 5154 ea'qua:
2655 5085 2923 5148 dicuntur,
2965 5099 3143 5153 opera:
3188 5085 3421 5152 pretium

1842 5178 2022 5242 fuerit,
2054 5186 2111 5232 ut
2134 5178 2344 5232 caritati
2383 5187 2573 5231 vestrae
2616 5180 2945 5245 proponatur
2976 5176 3288 5246 principium
3315 5192 3410 5231 eo-

1839 5287 1957 5330 rum
1994 5286 2112 5340 quae
2139 5269 2299 5325 hodie
2324 5278 2449 5325 sunt
2485 5270 2643 5323 lecta.
2682 5269 2738 5322 9..
2772 5269 2959 5323 Abram
2997 5281 3182 5332 autent,
3218 5270 3406 5340 inquit,

1841 5372 1947 5417 erat
1986 5361 2124 5415 dives
2148 5359 2301 5414 valde.
2327 5359 2604 5427 pecoribus,
2636 5371 2681 5413 et
2725 5369 2954 5430 argento,
2996 5370 3043 5415 et
3073 5378 3218 5415 auro.
3252 5362 3306 5416 5.
3344 5362 3409 5415 Ε.

1844 5454 2095 5527 profectus
2138 5461 2229 5517 est,
2274 5452 2408 5505 unde
2449 5460 2669 5516 venerat,
2718 5452 2771 5506 in
2810 5452 3131 5509 solitudinem
3156 5468 3311 5523 usque
3350 5456 3419 5507 ad

1905 5608 1919 5637 ί
1958 5615 2035 5656 ﬂre
2060 5619 2236 5662 voces,
2264 5610 2313 5655 El
2347 5612 2421 5654 Lor
2463 5618 2573 5654 cum
2593 5618 2667 5665 eo,
2690 5605 2867 5657 desunt
2902 5608 2947 5656 iu
2981 5605 3176 5667 ttoreL;
3210 5606 3297 5658 sed
3332 5605 3421 5664 Im};

1848 5669 2027 5719 bentur
2050 5670 2099 5717 in
2130 5668 2274 5720 savii:
2293 5676 2343 5717 et
2368 5670 2414 5719 in
2440 5667 2602 5717 multis
2623 5673 2730 5718 Mss.
