3788 6266
343 218 446 275 3ὓῖ

343 332 541 398 Det/tet,
567 344 723 399 tuante
753 328 825 385 ad
848 328 1013 384 locum
1053 325 1106 378 iu
1129 341 1228 394 quo
1258 323 1398 394 prius
1422 321 1518 389 fuit
1544 319 1917 373 tabernaculum

342 429 474 495 ejus,
516 423 646 478 inter
684 418 858 474 Bathel
892 426 938 472 et
965 418 1094 470 inter
1131 415 1309 484 Agger,
1351 414 1406 466 4.
1447 413 1515 464 ad
1545 411 1708 465 locum
1739 409 1916 464 altaris

342 517 478 583 quod
512 513 617 567 illis
641 510 889 581 principio
920 510 1106 578 fecerat
1131 521 1149 558 :
1177 515 1224 560 et
1247 504 1490 557 inuocauit
1519 503 1588 556 ibi
1617 500 1804 555 Abram
1827 515 1919 552 tto-

343 623 456 658 men
488 602 693 658 Domini
719 599 833 654 Dei.
858 597 932 652 Ne
960 606 1339 660 arietet-eamus
1360 593 1530 648 obiter
1549 609 1609 649 ea
1635 608 1754 663 qua:
1779 592 1918 646 lecta

342 706 488 759 sunt,
535 693 626 748 sed
669 693 938 746 discamus
965 689 1108 744 ctare
1139 687 1436 741 divinarum
1463 684 1756 740 Literarum
1797 681 1919 737 dili-

341 787 602 857 gentiam,
630 782 898 852 quomodo
930 781 1061 835 nihil
1085 780 1237 834 nobis
1261 793 1647 849 supervacuum
1677 785 1914 830 narrent.

343 879 530 931 Abram
553 885 739 935 autem,
775 874 962 942 inquit,
996 883 1104 926 erat
1129 873 1266 926 dives
1281 871 1444 924 ualde.
1476 868 1770 924 Considera
1807 867 1918 936 pri-

342 983 488 1022 mum
530 964 670 1020 istud
701 965 872 1032 ipsum
916 979 1021 1016 non
1062 963 1279 1029 frustra,
1324 977 1498 1032 neque
1539 971 1740 1014 temere
1783 955 1921 1012 indi-

342 1061 491 1125 cari;
541 1075 641 1116 nec
685 1062 738 1114 in
781 1076 976 1114 vanum
1021 1060 1238 1113 divitem
1288 1071 1427 1111 nunc
1465 1065 1636 1119 vocat,
1685 1053 1733 1107 id
1779 1051 1919 1122 quod

345 1166 606 1220 nusquam
645 1153 773 1206 alius
803 1152 1066 1213 meminit,
1097 1150 1189 1205 sed
1220 1164 1358 1204 nunc
1398 1149 1623 1218 primum
1661 1145 1809 1206 dicit,
1840 1142 1922 1196 di-

342 1245 506 1298 vitem
551 1243 732 1298 fuisse.
785 1244 960 1312 Quare
1009 1244 1108 1298 hoc
1158 1251 1211 1298 ct
1249 1257 1403 1309 quam
1454 1239 1524 1291 oh
1562 1235 1821 1292 causam?
1855 1234 1922 1290 Ut

343 1337 519 1391 discas
547 1336 738 1390 divina:
781 1337 1053 1406 sapientiae
1093 1337 1381 1401 solertiam,
1425 1342 1477 1386 et
1504 1348 1616 1385 sua:
1646 1333 1698 1383 in
1722 1333 1920 1398 justum

345 1427 688 1495 providentiae
719 1427 1029 1481 immensam
1057 1427 1429 1496 ingentemque
1459 1422 1763 1492 potentiam.
1790 1421 1920 1476 Nam

348 1517 436 1586 qui
459 1516 615 1571 famis
634 1519 948 1573 necessitate
974 1519 1026 1572 in
1049 1518 1336 1589 Egyptian
1360 1515 1684 1586 peregrinari
1707 1525 1924 1569 coactus

349 1608 468 1675 fuit,
498 1623 564 1663 eo
589 1609 728 1680 quod
759 1611 1026 1680 angustias
1054 1625 1185 1679 quas
1217 1610 1266 1662 in
1293 1609 1588 1662 Chanantea
1612 1605 1920 1677 experieba-

351 1712 435 1755 tur
465 1703 602 1757 ferre
629 1719 732 1758 non
759 1714 958 1772 posset,
1008 1704 1052 1758 is
1080 1703 1258 1757 subito
1300 1701 1449 1757 dives
1479 1700 1648 1755 factus
1673 1710 1755 1754 est
1782 1717 1798 1753 :
1825 1713 1925 1754 nec

349 1792 661 1861 simpliciter
699 1795 868 1861 dives,
899 1795 991 1850 sed
1025 1794 1198 1861 valde,
1241 1809 1347 1848 non
1389 1802 1591 1847 tantum
1621 1790 1921 1862 pecoribus,

348 1883 440 1937 sed
470 1891 523 1938 et
546 1895 763 1953 argento
789 1894 842 1940 et
863 1899 1013 1940 auro.

417 1972 470 2026 2.
519 1973 736 2030 Vidistis
774 1983 967 2044 quanta
1017 1977 1085 2030 sit
1129 1975 1218 2030 Dei
1263 1973 1638 2044 providentia?
1673 1972 1832 2039 Abiit,
1869 1983 1925 2026 ttt

351 2065 578 2134 aliquam
604 2065 755 2120 fatuis
781 2067 1200 2122 consolationem
1228 2067 1506 2123 inveniret.
1539 2075 1592 2120 et
1618 2065 1792 2127 rediit,
1821 2079 1946 2118 non.

349 2156 522 2210 solum
551 2155 688 2210 fame
717 2157 974 2228 mitigata,
1003 2157 1096 2212 sed
1128 2168 1180 2210 et
1205 2155 1402 2210 divitiis
1431 2167 1485 2210 et
1524 2156 1780 2209 immensa
1811 2155 1926 2225 glo-

349 2245 428 2299 ria
453 2245 810 2315 conspicuus;
854 2248 1205 2317 omnibusque
1248 2247 1583 2302 manifestum
1615 2247 1712 2303 fuit
1741 2247 1927 2316 qualis-

349 2350 473 2389 nam
505 2346 647 2392 esset
679 2356 692 2392 :
725 2338 1023 2409 deindeque
1049 2339 1362 2394 Chananaem
1394 2339 1581 2394 incolat
1608 2341 1732 2408 justi
1765 2341 1928 2393 virtu-

353 2435 460 2480 tem
485 2427 682 2484 clarius
726 2429 1042 2496 didicerunt,
1075 2431 1315 2485 videntes
1358 2447 1536 2485 rerum
1581 2432 1926 2487 mutationem

354 2527 460 2572 tam
483 2522 833 2588 repentinam,
863 2531 916 2576 et
943 2523 1098 2576 tantis
1127 2522 1325 2576 divitiis
1349 2521 1650 2577 affluentem
1677 2537 1798 2577 eum
1838 2523 1926 2591 qui

354 2621 411 2666 ιιι
450 2615 773 2684 peregrinus,
808 2627 861 2669 et
886 2617 1035 2686 quasi
1081 2617 1344 2686 fugitivus,
1375 2626 1426 2670 et
1452 2630 1637 2686 vagus,
1669 2616 1722 2670 in
1764 2614 1926 2687 Egy-

352 2712 500 2771 ptum
546 2704 910 2761 descenderat.
942 2713 1010 2762 At
1055 2717 1110 2762 tu
1153 2707 1273 2763 vide
1318 2709 1584 2778 quomodo
1629 2707 1715 2763 hic
1759 2721 1930 2778 neque

354 2796 736 2864 prosperitate,
770 2811 941 2867 neque
990 2797 1291 2853 divitiarum
1338 2798 1604 2853 afﬂuentia
1653 2800 1932 2854 remissior

351 2886 435 2940 vel
481 2887 828 2957 negligentior
865 2889 1030 2945 factus
1067 2900 1149 2943 est
1203 2903 1224 2947 ι
1275 2889 1367 2944 sed
1423 2889 1612 2944 iterum
1657 2890 1930 2945 contendit

351 2977 418 3031 ad
445 2993 566 3033 eum
593 2979 790 3047 locum,
835 2981 923 3034 ubi
955 2983 1098 3050 prius
1124 2982 1317 3048 fuerat,
1352 2981 1653 3051 priusquam
1685 2984 1736 3037 in
1765 2981 1930 3053 Egy-

353 3078 498 3136 ptum
527 3071 863 3126 concederet.
904 3071 1049 3126 Venit
1071 3072 1232 3134 enim,
1259 3074 1448 3143 inquit,
1479 3075 1532 3127 in
1571 3074 1926 3140 solitudinem,

352 3178 508 3231 usque
553 3162 620 3215 ad
666 3161 830 3216 locum
871 3165 955 3218 ubi
988 3168 1126 3234 prius
1155 3166 1252 3237 fuit
1294 3165 1666 3220 tabernaculum
1692 3168 1820 3236 ejus,
1863 3167 1931 3220 ad

353 3254 518 3306 locum
542 3254 718 3308 altaris
742 3255 878 3326 quod
913 3257 1030 3325 fecit
1067 3256 1133 3310 ibi
1163 3257 1439 3329 principio,
1467 3267 1514 3311 et
1552 3258 1797 3311 invocavit
1834 3274 1927 3312 uo-

353 3358 466 3395 men
485 3341 690 3398 Domini
719 3345 829 3400 Dei.
858 3347 1064 3416 Cogita,
1091 3346 1336 3414 obsecro,
1365 3358 1619 3419 quantum
1645 3358 1761 3404 erat
1781 3350 1930 3419 quieo

355 3435 423 3488 tis
447 3443 501 3490 ct
533 3438 920 3506 tranquillitatis
942 3448 1168 3507 amator,
1215 3449 1267 3494 et
1295 3442 1345 3496 in
1377 3441 1555 3496 divino
1584 3443 1727 3496 cultu
1769 3458 1925 3512 quam

355 3525 588 3580 sedulus.
611 3527 691 3580 Ad
720 3544 837 3582 eum
867 3530 1008 3584 enim
1034 3530 1230 3598 locum,
1259 3531 1446 3602 inquit,
1477 3532 1718 3591 accessit.
1749 3533 1800 3585 iu
1824 3548 1929 3602 quo

354 3616 503 3684 prius
547 3618 713 3673 altare
744 3619 1117 3687 tedificaverat,
1159 3630 1213 3676 et
1247 3623 1299 3677 in
1343 3637 1449 3693 quo
1480 3638 1672 3678 nomen
1718 3623 1925 3677 Domini

357 3705 711 3763 invocaverat.
744 3711 878 3767 Ecce
901 3711 1010 3781 jam
1055 3713 1233 3768 multis
1261 3725 1412 3769 antea
1444 3715 1651 3769 sarculis
1694 3716 1927 3785 implevit

356 3795 458 3850 hoc
486 3798 624 3866 quod
657 3809 836 3868 postea
872 3816 901 3855 a
934 3803 1096 3856 David
1143 3804 1338 3858 dictum
1369 3813 1450 3858 est
1481 3824 1493 3860 :
1527 3805 1670 3877 Elegi
1705 3805 1926 3877 abjectus

354 3889 532 3942 essein
558 3890 708 3943 doma
738 3891 833 3946 Dei
875 3894 971 3946 mei
995 3895 1154 3965 magis
1177 3913 1327 3967 quam
1361 3897 1585 3950 habitare
1609 3898 1660 3950 in
1695 3898 1928 3951 taberna-

356 3981 483 4035 culis
530 3993 841 4050 peceatarunt
886 3986 1053 4058 (Psal.
1085 3990 1172 4042 85.
1207 3991 1317 4057 il).
1361 3989 1602 4044 Solitudo
1629 3993 1768 4044 enim
1801 4007 1927 4061 pro-

356 4081 473 4139 pter
499 4073 883 4142 invocationem
915 4079 1142 4131 nominis
1171 4078 1260 4132 Dei
1289 4081 1487 4147 gratior
1524 4082 1573 4133 ei
1604 4089 1738 4145 erat,
1768 4097 1928 4152 quam

355 4163 619 4218 civitates.
652 4164 865 4222 Sciebat
901 4174 1066 4236 enim,
1095 4170 1296 4224 sciebat
1327 4173 1529 4239 utique,
1560 4173 1788 4228 civitatis
1814 4191 1927 4228 ma-

354 4254 682 4323 gnitudinem
709 4272 811 4311 non
842 4273 906 4312 es
932 4259 1272 4313 aedificiorum
1321 4262 1730 4332 pulchritudine,
1760 4281 1929 4336 neque

356 4363 419 4400 ex
447 4347 639 4402 civium
685 4351 1021 4407 multitudine
1063 4362 1310 4408 constare
1344 4371 1356 4405 ε
1391 4355 1482 4409 sed
1513 4371 1575 4410 ex
1623 4357 1927 4413 inhabitan-

357 4439 486 4490 tiunt
517 4439 727 4508 virtute,
760 4452 973 4512 propter
999 4459 1155 4514 quam
1199 4445 1306 4515 ipsa
1351 4448 1583 4503 solitudo
1628 4450 1928 4507 civitatibus

355 4529 564 4597 dignior
591 4532 707 4599 fuit,
729 4549 849 4604 qua:
872 4536 1070 4591 virtute
1093 4537 1223 4606 justi
1249 4541 1556 4607 ornabatur,
1585 4551 1639 4596 ct
1659 4543 1791 4597 urbe
1819 4552 1930 4599 tuto

355 4622 604 4692 fulgidior
627 4637 758 4681 erat.
791 4629 844 4681 5.
879 4627 942 4681 Et
970 4628 1080 4695 Lat,
1112 4631 1300 4699 inquit,
1328 4633 1411 4702 qui
1447 4650 1560 4686 cum
1588 4635 1772 4688 Abram
1803 4637 1925 4702 ibat,

353 4724 496 4766 erant
522 4724 568 4768 ct
592 4733 723 4782 aves,
753 4730 799 4772 et
826 4721 988 4785 bores,
1020 4733 1066 4774 et
1087 4740 1266 4792 pecora
1287 4766 1300 4787 ,
1329 4724 1380 4778 ϐ.
1408 4741 1564 4794 neque
1587 4729 1816 4798 capiebat
1845 4745 1931 4782 eos

352 4816 507 4873 terra,
537 4819 594 4861 ut
611 4803 760 4863 simul
785 4812 1082 4867 habitarent.
1110 4814 1237 4868 Erat
1257 4817 1440 4885 quippe
1457 4817 1731 4871 substantia
1755 4837 1925 4873 eorum

351 4898 527 4962 nmlta,
559 4910 606 4953 et
643 4917 742 4955 non
771 4911 998 4971 poterant
1024 4905 1248 4960 habitare
1275 4907 1443 4960 simul.
1489 4907 1602 4962 Non
1628 4911 1799 4963 solum
1831 4926 1927 4979 pa.

351 4989 599 5045 triarcbte
649 4992 924 5050 facultates
969 5006 1138 5050 aucta:
1180 5006 1323 5061 sunt,
1357 4998 1448 5052 sed
1479 4996 1545 5052 Et
1575 4998 1703 5062 Lat,
1734 5000 1923 5070 inquit,

350 5091 491 5141 erant
528 5097 661 5150 ares,
691 5095 739 5138 et
766 5085 931 5153 boues,
977 5096 1023 5140 et
1049 5103 1247 5157 pecora.
1282 5089 1438 5144 Forte
1470 5090 1655 5159 partim
1688 5091 1884 5145 Abram
1905 5134 1922 5159 ,

350 5182 532 5242 utpote
559 5175 808 5242 liberalis,
830 5177 918 5232 illa
947 5178 1046 5232 Lot
1068 5177 1242 5233 fratris
1270 5179 1376 5234 filio
1400 5180 1707 5247 donaverat,
1731 5183 1922 5252 partim

350 5266 437 5319 alii
465 5267 718 5322 dederant
747 5271 797 5324 in
829 5271 1141 5340 patriarchae
1167 5274 1410 5341 gratiam.
1453 5273 1516 5327 Et
1544 5291 1642 5328 non
1673 5278 1920 5346 capiebat,

351 5361 537 5430 inquit,
564 5378 648 5416 eos
677 5374 828 5424 terra.
857 5375 963 5419 erat
990 5367 1177 5434 quippe
1215 5365 1496 5419 substantia
1539 5383 1711 5420 eorum
1740 5368 1921 5421 multa.

356 5455 484 5508 Vide
531 5457 795 5524 quomodo
835 5459 1140 5512 facultatum
1188 5459 1338 5527 copia
1395 5460 1574 5512 statim
1621 5474 1778 5513 causa
1825 5459 1920 5514 fuit

349 5548 696 5616 separationis
726 5567 738 5602 :
766 5548 1077 5604 divisionem
1107 5550 1246 5604 enim
1278 5560 1546 5620 operatur,
1578 5549 1919 5605 concordiam

348 5642 588 5710 intucdit,
616 5652 671 5699 et
697 5643 1026 5715 cognationis
1047 5640 1318 5697 vinculum
1362 5641 1580 5699 dirimit.
1607 5643 1655 5698 7.
1687 5642 1758 5686 Et
1795 5647 1924 5700 facta

1087 209 1144 265 S.
1183 207 1456 270 JOANNIS
1481 202 1923 264 CHRYSOSTOM

2105 198 2308 256 lilii-3P.
2349 189 2886 252 GONST-ANTINOP.

3499 181 3619 237 ωε

2024 324 2095 368 est
2122 328 2291 383 pugna
2309 311 2438 366 inter
2459 317 2683 376 pastores
2705 319 2939 374 pscarum
2961 302 3127 365 Abrae,
3151 308 3200 356 et
3225 299 3354 356 inter
3377 309 3626 367 pastores

2022 405 2138 460 bat.
2165 399 2441 458 Chattantri
2487 408 2656 452 autem
2695 406 2739 448 ct
2792 392 3064 452 Pherrmi
3099 402 3215 446 tunc
3257 388 3622 446 inhabitabant

2023 506 2228 550 terram.
2251 489 2482 546 Attende
2505 485 2776 558 quontodo
2800 497 2998 555 genere
3022 481 3233 548 cognati
3260 481 3625 537 discessionis

2025 586 2231 641 initium
2257 583 2480 640 faciunt.
2510 579 2644 634 Hinc
2687 577 2828 634 enim
2859 589 3075 644 semper
3098 573 3275 628 omnia
3306 572 3448 628 malst
3496 571 3630 638 pul-

2025 677 2210 737 Iuiaut,
2241 689 2272 728 a
2303 671 2614 726 famulorum
2647 666 2902 736 nequitia.
2931 664 3092 719 Facta
3119 675 3192 718 est
3216 665 3379 729 enim,
3412 663 3626 732 inquit.

2026 783 2193 837 pugna
2213 765 2346 817 inter
2373 770 2615 831 pastores.
2642 759 2704 811 lli
2728 754 3075 810 dissensionis
3103 755 3438 808 occasionem
3467 767 3628 823 pra:-

2027 859 2272 920 buerunt,
2301 855 2335 908 ii
2363 850 2704 909 concordiam
2732 847 3072 910 dirimebant,
3094 846 3130 898 ii
3153 845 3370 898 multam
3395 857 3626 898 morum

2027 947 2424 1018 improbitatem
2466 957 2577 1012 pra:
2626 955 2686 994 se
2733 937 2994 993 ferebant.
3039 936 3314 990 Cltanamci
3356 947 3535 988 autem
3578 942 3629 988 ct

2031 1041 2287 1095 Phereswi
2326 1049 2442 1092 tunc
2480 1033 2824 1090 inhabitabant
2863 1043 3067 1085 terram.
3107 1029 3280 1097 Quare
3327 1028 3488 1084 nobis
3519 1027 3628 1080 hoc

2027 1132 2379 1203 signiﬁcavit?
2408 1131 2670 1196 Quoniam
2699 1125 2928 1187 dixerat,
2974 1121 3096 1176 Non
3119 1121 3343 1192 capiebat
3369 1137 3456 1174 eos
3479 1130 3628 1172 terra

2026 1238 2079 1279 ut
2129 1225 2409 1277 habitarent
2453 1220 2622 1283 simul,
2674 1231 2888 1273 causam
2935 1228 3148 1285 quoque
3192 1215 3385 1268 docere
3443 1210 3626 1266 voluit

2027 1316 2204 1372 divina
2236 1315 2528 1383 Scriptura,
2562 1311 2682 1366 ideo
2706 1323 2806 1364 nos
2827 1323 3018 1383 capere
3046 1321 3151 1360 non
3180 1305 3440 1374 potuisse,
3473 1319 3625 1373 quo-

2028 1408 2168 1462 niam
2191 1382 2368 1460 adhuc
2389 1421 2418 1458 a
2445 1403 2688 1474 gentibus
2718 1399 2820 1455 illia
2847 1382 3208 1468 prmdccupata
3238 1403 3370 1451 erat.
3404 1394 3626 1450 Verum

2029 1513 2129 1554 uos
2177 1497 2477 1568 religiosam
2508 1493 2826 1564 patriarchae
2869 1497 3102 1544 utentem
3147 1485 3445 1552 videamus,
3478 1500 3630 1555 quo-

2031 1591 2189 1647 modo
2216 1606 2308 1646 sua
2342 1589 2560 1644 lenitate
2599 1598 2913 1640 exarsurum
2944 1579 3245 1636 incendium
3290 1577 3626 1646 restinguat.

2029 1684 2081 1739 8.
2114 1681 2254 1736 Dixit
2278 1690 2465 1743 autem,
2496 1676 2685 1746 inquit,
2706 1674 2890 1727 Abram
2911 1671 2978 1726 ad
3002 1669 3098 1724 Lat
3131 1685 3148 1724 :
3173 1685 3235 1722 ne
3261 1668 3324 1721 sit
3349 1670 3464 1722 rixa
3480 1668 3628 1720 inter

2029 1793 2106 1829 me
2131 1785 2176 1828 et
2193 1786 2259 1840 te,
2284 1784 2331 1828 et
2361 1773 2488 1825 inter
2514 1777 2738 1839 pastores
2766 1782 2898 1819 meos
2924 1773 2968 1817 et
3004 1771 3137 1828 tuos,
3166 1760 3284 1830 quia
3310 1763 3500 1829 fratres
3527 1776 3628 1811 su-

2030 1885 2142 1921 mus
2179 1883 2291 1922 nos.
2320 1863 2452 1919 Vide
2491 1862 2749 1930 insignem
2791 1855 3127 1918 modestiam,
3157 1851 3277 1907 vide
3323 1851 3626 1906 sublimem

2031 1957 2438 2030 philosophiam.
2469 1954 2649 2011 Attale
2691 1962 2744 2006 et
2789 1949 3044 2020 dignitate
3083 1946 3264 2001 senior
3306 1945 3570 2015 juvenem
3604 1985 3625 2008 ,

2033 2051 2207 2107 fratris
2239 2050 2402 2104 illium
2435 2047 2650 2102 fratrem
2693 2043 2944 2113 appellat,
2970 2051 3024 2094 et
3051 2041 3102 2094 in
3131 2037 3391 2102 eamdem,
3421 2036 3476 2090 in
3509 2051 3628 2105 qua

2033 2146 2146 2214 ipse
2168 2152 2300 2208 erat,
2328 2141 2636 2210 dignitatem
2659 2135 2860 2199 evehit,
2887 2133 3126 2203 nihilque
3153 2132 3326 2186 minus
3348 2130 3420 2185 illi
3447 2143 3624 2200 quam

2032 2238 2130 2291 sibi
2166 2235 2347 2289 tribuit
2375 2250 2389 2288 :
2417 2231 2509 2286 sed
2537 2229 2665 2285 dicit
2695 2247 2708 2282 :
2739 2226 2822 2282 Ne
2855 2228 2918 2281 sit
2954 2227 3068 2280 rixa
3091 2226 3218 2278 inter
3247 2239 3322 2277 me
3352 2232 3400 2278 et
3426 2233 3498 2284 te,
3528 2221 3622 2274 its-

2031 2337 2106 2383 ter
2154 2336 2374 2398 pastores
2414 2339 2550 2378 meos
2590 2333 2635 2375 et
2683 2331 2816 2374 tuos.
2849 2317 3063 2388 indigne
3091 2317 3238 2370 enim
3281 2315 3382 2368 huc
3411 2314 3570 2368 ﬁeret
3599 2355 3620 2378 ,

2034 2422 2226 2493 inquit,
2280 2418 2528 2490 quoniam
2586 2414 2777 2470 fratres
2829 2427 3034 2468 sumus.
3093 2411 3278 2465 Vidisti
3331 2408 3623 2479 quomodo

2032 2508 2674 2587 Apostolilegemimplel,
2701 2522 2818 2576 qum
2845 2505 2973 2559 dicit
3003 2522 3015 2556 :
3042 2501 3380 2572 Jamquidsm
3402 2502 3621 2554 omnia.

2034 2603 2270 2658 delictum
2297 2603 2351 2655 in
2391 2599 2527 2655 vobis
2565 2607 2670 2664 est,
2711 2597 2844 2666 quod
2881 2595 3079 2667 judicia
3124 2593 3313 2646 habetis
3353 2592 3486 2646 inter
3528 2607 3621 2644 eos

2033 2695 2262 2748 invicem.
2291 2692 2395 2747 Cur
2423 2707 2522 2745 non
2574 2690 2740 2760 potius
2789 2689 3029 2756 iujuriam
3077 2684 3353 2755 patimini?
3378 2699 3469 2736 cur
3513 2701 3620 2736 non

2037 2786 2201 2857 potius
2230 2785 2470 2836 damnum
2500 2779 2773 2852 accipitis?
2802 2777 2916 2831 Ima
2944 2791 3029 2831 vos
3071 2777 3308 2837 iniuriam
3333 2775 3519 2844 facitis,
3568 2784 3624 2827 et

2036 2876 2313 2950 fraudatis,
2342 2875 2493 2945 idque
2520 2873 2700 2942 fratres
2738 2871 2812 2939 (l.
2843 2871 2958 2924 Car.
2988 2868 3041 2922 6.
3073 2866 3125 2922 7.
3174 2865 3248 2939 8).
3285 2865 3406 2918 Haec
3429 2867 3619 2918 omnia

2034 2970 2284 3041 operibus
2329 2967 2556 3036 implens
2584 2961 2878 3034 patriarcha
2906 2959 3039 3014 dixit
3069 2976 3083 3012 :
3117 2957 3198 3012 Ne
3222 2959 3286 3010 sit
3328 2959 3442 3010 rixa
3481 2956 3621 3008 inter

2034 3079 2113 3116 me
2140 3070 2186 3115 et
2215 3071 2280 3127 te,
2312 3069 2356 3113 et
2384 3059 2512 3111 inter
2537 3065 2760 3126 pastores
2789 3069 2922 3108 meos
2952 3062 2996 3106 et
3027 3063 3156 3112 tuos,
3185 3050 3419 3120 quoniam
3447 3048 3620 3101 Itami-

2035 3174 2120 3210 ues
2170 3155 2351 3223 fratres
2403 3167 2495 3204 nos
2541 3164 2735 3202 sumus.
2780 3145 2914 3213 Quid
2969 3145 3068 3197 hac
3113 3142 3284 3196 anima
3329 3141 3621 3210 pacatius?

2037 3247 2264 3304 Proinde
2294 3259 2399 3300 non
2443 3241 2662 3305 frustra,
2694 3253 2791 3292 nec
2835 3237 2954 3291 sine
2982 3249 3140 3290 causa
3179 3232 3443 3302 principio
3465 3229 3620 3285 dice-

2037 3341 2179 3406 bam,
2203 3352 2324 3394 eum
2347 3349 2531 3390 amore
2553 3332 2748 3403 quietis
2775 3339 2828 3383 et
2851 3325 3245 3397 tranqullitatis
3270 3323 3614 3380 solitudinem

2035 3431 2166 3486 lucis
2191 3425 2554 3498 frequentibus
2579 3422 2894 3494 praztulisse.
2921 3416 3148 3473 Attende
3173 3416 3312 3471 enim
3341 3412 3618 3483 quomodo

2035 3534 2084 3580 et
2119 3536 2260 3576 nunc
2296 3518 2487 3574 videns
2532 3524 2774 3587 pastores
2815 3509 3123 3577 confligere,
3154 3505 3328 3561 statim
3376 3505 3428 3558 in
3459 3504 3617 3558 initio

2037 3628 2206 3674 tentat
2230 3615 2564 3684 restinguere
2608 3609 2907 3664 incendium
2938 3603 3078 3677 quod
3121 3611 3424 3672 erupturum
3451 3607 3572 3655 erat
3594 3641 3614 3666 ,

2035 3722 2090 3765 et
2125 3707 2522 3765 contentionem
2569 3701 2738 3757 sedat.
2775 3699 3006 3755 Debebat
3051 3696 3192 3751 enim
3244 3694 3378 3764 ipse,
3425 3701 3618 3761 utpote

2036 3801 2282 3856 omnibus
2319 3795 2614 3853 Palmsﬁnaa
2652 3792 2838 3846 incolis
2865 3787 3140 3858 sapientia:
3167 3785 3350 3840 doctor
3378 3785 3570 3840 missus
3595 3825 3612 3846 .

2036 3894 2231 3948 nullam
2259 3887 2554 3945 oii'endiculi
2599 3885 2727 3939 dare
2755 3883 3113 3946 occasionem,
3141 3877 3221 3933 vel
3250 3892 3431 3932 ansam
3478 3891 3614 3930 eun-

2036 3986 2247 4049 eedere,
2271 3982 2364 4038 sed
2409 3994 2617 4036 morum
2648 3977 2866 4031 lenitate
2907 3973 3030 4029 tuba
3057 3971 3249 4026 clarius
3277 3985 3460 4022 omnes
3490 3984 3615 4022 eru-

2036 4078 2172 4141 dire,
2206 4084 2260 4130 et
2278 4090 2388 4128 sum
2408 4072 2619 4126 virtutis
2647 4069 2820 4124 facere
2845 4067 3160 4120 imitatores.
3196 4061 3275 4116 Ne
3301 4061 3386 4126 sit,
3418 4060 3610 4128 inquit,

2036 4171 2148 4224 rixa
2177 4170 2304 4222 inter
2332 4183 2410 4220 me
2425 4175 2470 4220 et
2495 4174 2562 4229 te,
2585 4164 2713 4217 inter
2738 4170 2963 4232 pastores
2986 4172 3120 4210 meos
3145 4165 3191 4210 et
3218 4164 3346 4220 tuas,
3372 4153 3614 4222 quoniam

2036 4261 2261 4316 homines
2291 4261 2470 4328 fratres
2497 4269 2693 4309 sumus.
2726 4252 2884 4307 Multa
2918 4248 3199 4304 verborum
3229 4245 3436 4308 lenitas,
3467 4240 3617 4296 Inter

2035 4369 2116 4407 me
2139 4360 2184 4405 et
2215 4360 2279 4403 te.

2105 4446 2160 4500 5.
2195 4441 2338 4496 (lim
2369 4449 2414 4494 et
2440 4438 2777 4493 contentiones
2803 4435 3039 4489 vitantur.
3059 4460 3128 4471 —-—
3152 4429 3436 4485 Considera
3475 4443 3615 4497 quo-

2037 4535 2194 4591 tnodo
2224 4533 2272 4588 ei
2307 4532 2536 4603 loquitur
2564 4545 2661 4584 ceu
2705 4528 2906 4582 honore
2945 4523 3099 4595 pari;
3142 4521 3384 4592 quamvis
3420 4519 3618 4589 opinor

2035 4644 2143 4683 non
2164 4624 2376 4680 aliunde
2403 4623 2546 4676 rixas
2573 4619 2732 4674 fuisse
2752 4626 2994 4681 esortas,
3020 4629 3179 4684 quam
3201 4611 3341 4682 quod
3367 4620 3618 4679 pastores

2034 4719 2352 4791 patriarcha:
2400 4732 2504 4770 non
2533 4713 2875 4781 permiserint
2903 4710 3006 4765 illis
3033 4707 3219 4763 eadem
3247 4705 3453 4760 licentia
3484 4703 3613 4767 frui,

2034 4829 2135 4886 qua
2169 4813 2288 4884 ipsi.
2333 4810 2436 4866 Sed
2479 4809 2654 4877 ῇιιςιιικ
2682 4805 3009 4875 ωσιυςὼὶιίιει·
3044 4801 3221 4855 omnia
3259 4799 3404 4866 facit,
3437 4798 3618 4866 speci-

2033 4924 2156 4963 men
2188 4905 2432 4975 praebens
2476 4898 2765 4956 eminentis
2813 4910 2923 4949 sua:
2969 4891 3260 4964 patientizc,
3303 4904 3368 4943 ac
3410 4888 3618 4943 ducens

2035 5014 2140 5053 non
2181 5007 2382 5052 tantum
2415 5001 2728 5064 praesentes,
2758 4988 2850 5042 sed
2893 4993 3134 5055 posteros
3176 4983 3332 5038 etiam
3375 4995 3570 5035 onmes
3595 5019 3614 5044 ,

2033 5106 2320 5160 numquam
2373 5101 2493 5142 esse
2543 5079 2951 5140 admittendum,
3006 5087 3065 5131 ιιι
3113 5075 3276 5129 nostri
3321 5071 3612 5126 familiares

2030 5198 2154 5242 cum
2205 5179 2461 5252 proximis
2507 5173 2856 5233 contendant.
2910 5169 3042 5225 Nam
3105 5182 3288 5222 eorum
3342 5165 3618 5218 contentio

2033 5286 2277 5342 magnam
2303 5269 2454 5323 nobis
2497 5265 2651 5320 affert
2691 5261 3055 5334 ignominiam,
3085 5266 3140 5312 et
3171 5271 3275 5311 non
3306 5255 3408 5309 illis
3437 5255 3616 5321 impu-

2035 5376 2212 5421 tantur
2235 5377 2352 5433 qute
2381 5361 2532 5419 fiunt.
2560 5358 2654 5412 sed
2685 5358 2738 5411 in
2766 5371 2861 5409 nos
2886 5353 3206 5407 transfertur
3241 5346 3613 5414 reprehensio.

2033 5453 2310 5525 Quomodo
2349 5452 2491 5507 enim
2535 5449 2726 5503 rationi
2772 5453 3187 5500 consentaneum
3231 5438 3319 5503 sit,
3367 5437 3616 5492 homines

2033 5547 2123 5620 qui
2155 5545 2346 5601 fratres
2373 5551 2529 5606 sunt,
2562 5540 2652 5610 qui
2701 5536 2948 5594 eamdem
2995 5544 3237 5590 naturam
3277 5531 3473 5589 sortiti.
3524 5531 3613 5598 qui

2037 5641 2274 5714 ejusdem
2320 5647 2443 5694 sunt
2493 5633 2730 5702 familiae,
2777 5633 2866 5706 qui
2915 5642 3183 5704 tamquam
3239 5624 3502 5699 peregrini
3560 5631 3614 5677 et
