3788 6252
363 251 473 309 50⁸)

262 412 265 415 ς
360 365 645 439 παροικεῖν
692 360 926 417 ἐνταῦθα
957 354 1269 430 μέλλοντας,
1329 356 1409 419 είς
1440 350 1708 424 τοσαύτην
1734 349 2034 421 ἐμπίπτειν

362 454 713 525 φιλονεικίαν,
747 449 1059 519 ὀφείλοντας
1090 444 1418 506 ἐπιεικείας,
1453 442 1549 496 καὶ
1579 441 1909 511 πραΰτητος,
1940 439 2037 492 καὶ

362 540 681 612 φιλοσοφίας
729 537 949 607 ἀπάσης
996 531 1351 595 διδασκάλους
1413 526 1776 583 καθίστασθαι
1827 525 2038 589 τούτοις

365 630 564 693 πᾶσιν;
610 624 976 678 ’Δκουέτωσαν
998 619 1170 674 ταῦτα
1193 620 1239 671 οί
1269 616 1582 687 νομίζοντες
1617 614 1723 679 ἔξω
1747 612 2039 684 τυγχάνειν

363 714 745 787 ἐγκλημάτων,
765 710 981 764 ἐπειδάν
1001 710 1128 771 τοὺς
1148 708 1330 771 αὑτοῖς
1349 706 1721 777 προσήκοντας
1741 700 2039 774 περιορῶσι

362 806 451 860 διά
482 805 581 874 τὴν
636 800 773 873 πρὸς
821 798 1020 861 αὑτοὺς
1058 796 1369 864 οἰκειότητα
1415 791 1780 864 ἁρπάζοντας,
1818 788 2041 841 πλεονε-

364 891 643 954 κτοῦντας,
678 888 846 960 μυρία
895 884 1043 939 κακά
1091 882 1447 943 διατιθέντας,
1499 878 1594 932 καὶ
1620 878 1678 929 ἐν
1711 874 1917 938 πόλεσι,
1952 876 2039 927 καὶ

363 983 421 1034 ἐν
448 980 656 1049 ἀγροῖς,
684 976 810 1038 τοὺς
836 974 1019 1036 αὑτοῖς
1041 969 1415 1040 γειτνιῶντας,
1447 966 1543 1019 καὶ
1569 962 2044 1035 παρασπωμένους

360 1069 456 1122 τοῦ
490 1047 587 1138 μὲν
617 1064 709 1119 τὸν
737 1063 931 1135 ἀγρὸν,
953 1060 1048 1114 τοῦ
1073 1059 1131 1113 δέ
1161 1058 1258 1129 τὴν
1283 1056 1481 1118 οίκίαν,
1506 1054 1599 1107 καὶ
1621 1049 1793 1121 ταύτῃ
1828 1047 2043 1138 πλείονα

366 1135 567 1226 μᾶλλον
598 1153 697 1225 τὴν
717 1151 931 1206 εὔνοιαν
961 1149 1088 1220 περὶ
1118 1147 1317 1209 αὑτοὺς
1360 1140 1814 1226 ἐπιδεικνύμενοι.
1844 1137 1906 1189 Εἰ
1937 1135 2045 1226 γάρ

364 1222 459 1297 καὶ
488 1222 675 1310 ἐτέρου
703 1240 764 1293 τὸ
795 1238 897 1307 τῆς
926 1237 1142 1299 ἀδικίας
1176 1234 1336 1305 ἔργον
1362 1229 1451 1303 ἦν,
1482 1229 1595 1283 ἀλλ’
1630 1225 1791 1290 αὑτὸς
1823 1222 2046 1278 ἐκοινώ-

362 1347 533 1401 νησας
556 1326 650 1381 τοῦ
689 1327 1035 1398 πράγματος,
1071 1323 1133 1377 οὑ
1163 1322 1323 1393 μόνον
1355 1319 1434 1391 τῷ
1468 1316 1760 1389 ἐφήδεσθαι
1788 1312 1865 1384 τῷ
1886 1328 2049 1401 γεγε-

365 1399 606 1488 νημένῳ,
629 1416 723 1469 καὶ
754 1414 995 1484 νομίζειν
1020 1414 1083 1465 ἐκ
1111 1410 1301 1464 τούτου
1323 1425 1403 1461 σοι
1433 1406 1531 1477 τὴν
1561 1405 1751 1457 οὑσίαν
1767 1399 2045 1488 αὔξεσθαι,

367 1486 461 1559 καί
496 1486 593 1575 τὴν
625 1501 942 1573 περιουσίαν
979 1500 1199 1553 πλείονα
1230 1496 1504 1566 γενέσθαι,
1545 1493 1681 1548 ἀλλά
1732 1488 1930 1560 καὶτῷ
1972 1486 2047 1560 μὴ

370 1594 611 1648 κωλῦσαι
648 1590 946 1662 μέλλουσαν
979 1587 1076 1659 τὴν
1105 1586 1317 1641 ἀδικίαν
1344 1587 1422 1648 είς
1452 1582 1613 1654 ἔργον
1651 1579 1942 1633 ἐκϐαίνειν.
1988 1576 2049 1629 '0

372 1683 481 1754 γὰρ
515 1679 810 1750 δυνάμενος
846 1677 1088 1731 κωλῦσαι
1134 1676 1226 1728 τὸν
1273 1672 1584 1732 ἀδικοῦντα,
1621 1669 1714 1722 καὶ
1768 1666 1859 1754 μὴ,
1893 1664 2051 1754 τοῦτο

370 1767 565 1829 ποιῶν,
594 1767 693 1819 οὑκ
721 1764 942 1818 ἐλαττον
973 1762 1066 1816 τοῦ
1096 1760 1408 1823 ἀδικοῦντος
1438 1758 1537 1821 τὰς
1574 1754 1803 1817 εὐθύνας
1840 1750 2047 1821 ὑφέξει.

443 1871 537 1943 Μὴ
557 1869 737 1923 τοίνυν
757 1867 1055 1938 ἀπατῶμεν
1076 1868 1320 1931 ἑαυτοὺς,
1343 1861 1664 1935 παρακαλῶ,
1689 1857 1824 1913 ἀλλά
1844 1856 1937 1911 καὶ
1957 1856 2053 1909 αὑ-

371 1958 455 2012 τοὶ
474 1957 765 2029 φεύγωμεν
783 1956 881 2020 τάς
902 1954 1178 2024 ἀρπαγάς,
1195 1954 1295 2016 τάς
1315 1949 1646 2015 πλεονεξίας.
1668 1947 1759 2001 καὶ
1779 1946 1840 1998 τὸ
1863 1947 1926 1998 ἐκ
1945 1945 2053 1998 τῶν

371 2045 628 2101 τοιούτων
648 2044 833 2109 αὑξειν
854 2046 983 2115 ἡμῖν
1005 2041 1102 2112 τὴν
1125 2039 1461 2112 περιουσίαν,
1485 2037 1722 2099 καὶτοὺς
1741 2035 1872 2105 ἡμῖν
1894 2048 2055 2103 προσ-

372 2134 609 2206 ήκοντας
630 2129 970 2199 παιδεύωμεν
994 2127 1160 2199 μηδὲν
1180 2125 1389 2179 τοιοῦτο
1410 2122 1605 2195 ἐργάζε
1615 2122 1754 2174 σθαι.
1791 2119 1925 2173 Οὑδὲ
1945 2117 2055 2188 γὰρ

376 2220 699 2284 ἀνευθύνους
720 2221 867 2290 ἡμᾶς
887 2216 1043 2271 τοῦτο
1065 2216 1306 2285 ἀφίησιν,
1330 2212 1465 2266 ἀλλά
1500 2211 1719 2264 πλείονα
1754 2207 1852 2279 τὴν
1891 2206 2054 2260 κατά-

377 2328 555 2383 κρισιν
592 2307 921 2381 ἐργάζεται·
964 2304 1100 2377 πρὸς
1146 2304 1254 2374 γάρ
1307 2303 1403 2373 τὴν
1451 2299 1724 2371 ἡμετέραν
1762 2296 2056 2367 ἀρέσκειαν

377 2402 574 2454 ἐκείνοι
611 2399 707 2469 τὴν
743 2395 951 2450 ἑαυτῶν
990 2393 1329 2462 προδιδόντες
1368 2388 1674 2461 σωτηρίαν,
1712 2387 1811 2457 τὴν
1844 2384 2055 2440 ἀδικίαν

376 2485 640 2558 τολμῶσι,
666 2483 804 2555 μετὰ
836 2483 935 2553 τῆς
968 2479 1178 2535 ἑαυτῶν
1200 2478 1476 2541 ἀπωλείας
1495 2476 1589 2530 καὶ
1608 2475 1757 2546 ἡμᾶς
1780 2489 2056 2542 συγκατα-

378 2574 639 2637 σπῶντες.
662 2573 724 2626 Εἰ
755 2572 813 2625 δέ
849 2569 1151 2642 βουλόμεθα
1170 2569 1379 2639 νήφειν,
1405 2565 1497 2619 καὶ
1517 2564 1673 2618 αὑτοὶ
1692 2566 1791 2635 τῆς
1811 2560 2058 2614 ἐντεῦθεν

378 2660 555 2731 λύμης
574 2656 1072 2728 ἀπαλλαγησόμεθα
1093 2696 1107 2717 ,
1130 2654 1418 2715 κάκείνους
1439 2652 1821 2721 άποστήσομεν
1845 2650 1941 2718 τῆς
1963 2666 2059 2700 κα-

378 2747 483 2810 κῆς
504 2746 919 2817 ἐπιχειρήσεως.
942 2744 1053 2798 Καὶ
1091 2742 1162 2813 μή
1202 2758 1290 2812 μοι
1324 2740 1447 2807 λέγε
1466 2739 1534 2791 τὰ
1552 2736 1736 2809 ψυχρά
1758 2737 1938 2790 ἐκεῖνα
1963 2735 2061 2806 ῥή-

382 2853 558 2907 ματα·
584 2834 750 2888 Οὑδέν
772 2852 861 2906 μοι
885 2833 1054 2904 μέλει.
1078 2833 1167 2904 Μὴ
1189 2831 1299 2901 γάρ
1320 2828 1429 2898 ἐγὼ
1450 2827 1891 2899 παρεσπασάμην
1912 2842 1927 2893 ;
1957 2826 2061 2878 Οὑ-

378 2925 467 2978 δέν
485 2920 601 2977 οἶδα
621 2940 636 2954 ·
660 2923 747 2976 ῐτε
757 2939 846 2994 ρος
867 2922 1183 2993 εἰργάσατο,
1219 2918 1318 2971 οὑκ
1356 2916 1686 2985 ἐκοινώνησα
1706 2916 1804 2986 τῆς
1825 2914 2058 2977 ἀδικίας.

380 3011 587 3082 Σκῆψις
604 3010 773 3063 ταῦτα
794 3010 889 3063 καὶ
910 3009 1203 3079 πρόφασις.
1230 3008 1292 3059 EE
1318 3005 1493 3075 βούλει
1511 3003 1679 3067 δεῖξαι
1698 3004 1778 3056 ὅτι
1800 3004 1900 3055 οὑκ
1921 3004 2062 3055 ἐκοιο

379 3098 629 3172 νώνησας
648 3098 744 3169 τῆς
763 3096 998 3158 ἀδικίας,
1020 3095 1113 3149 καὶ
1132 3096 1193 3148 οὑ
1216 3091 1578 3165 συνέπραξας,
1603 3092 1813 3160 καὶτῆς
1840 3091 2061 3144 πλεονεα

384 3186 504 3252 ξίας
522 3187 583 3240 οὑ
604 3186 830 3255 γέγονας
853 3182 1113 3255 ἐργάτης,
1134 3181 1424 3253 διόρθωσαι
1442 3182 1504 3233 τὸ
1523 3179 1765 3249 γεγονὸς,
1805 3175 2063 3249 παραμύ-

383 3275 545 3346 θησαι
564 3273 655 3326 τὸν
674 3270 1021 3342 ἠδικημένον,
1044 3271 1242 3333 ἀπόδος
1274 3268 1342 3323 τά
1374 3266 1757 3339 ἀφαιρεθέντα.
1781 3264 1938 3319 υὺτω
1957 3264 2065 3335 γὰρ

385 3362 482 3415 καὶ
503 3360 697 3414 σαυτὸν
718 3357 1104 3429 ἐλευθερώσεις
1125 3357 1510 3428 ἐγκλημάτων,
1546 3356 1641 3409 καὶ
1658 3355 1748 3408 τὸν
1769 3354 2067 3425 ἠδικηκότα

383 3446 675 3522 διορθώσῃ,
696 3447 876 3513 δείξας
914 3447 989 3511 ὡς
1027 3447 1089 3500 ού
1129 3444 1270 3499 κατά
1301 3444 1525 3515 γνώμην
1549 3460 1643 3497 σου
1664 3442 1731 3497 τά
1752 3443 1879 3514 παρ’
1900 3442 2064 3496 αὑτοῦ

388 3535 724 3607 πέπρακται,
764 3534 861 3587 καὶ
895 3534 985 3587 τὸν
1022 3532 1229 3604 πένητα
1267 3530 1656 3603 παρακαλέσας
1692 3531 1793 3584 οὑκ
1831 3530 2067 3601 ἀφήσεις

387 3623 495 3677 ὑπὸ
528 3624 628 3694 τῆς
664 3621 899 3694 ἀθυμίας
934 3620 1330 3693 καταποθῆναι,
1352 3620 1418 3691 ἦν
1437 3619 1523 3673 διά
1544 3620 1638 3690 τὴν
1658 3618 1947 3691 ἀφαίρεσιν
1966 3618 2067 3688 ὑφ-

391 3709 641 3765 ίστασθαι
661 3709 873 3781 ἔμελλε.
896 3707 996 3777 Μὴ
1022 3708 1200 3771 ἔστω,
1220 3707 1371 3778 φησὶ.
1390 3705 1555 3777 μάχη
1576 3707 1692 3761 ἀνὰ
1702 3707 1901 3777 μέσον
1921 3700 2067 3777 ἐμοῦ

386 3800 487 3854 καί
524 3798 665 3861 σοῦ,
691 3799 789 3853 καί
831 3797 951 3853 τῶν
989 3795 1287 3867 ποιμένων
1319 3814 1438 3865 μου
1477 3796 1574 3849 καί
1618 3794 1735 3849 τῶν
1769 3796 2070 3865 ποιμένων

386 3904 527 3954 σου,
548 3886 637 3940 ὅτι
659 3884 955 3954 ἄνθρωποι
975 3885 1224 3954 ἀδελφοὶ
1246 3884 1416 3953 ἡμεῖς
1433 3883 1638 3951 ἐσμεν.
1655 3878 1809 3947 Εἶδες
1828 3884 2070 3954 πραΰτης

387 3993 489 4037 ταέ
515 3973 654 4039 εἶδες
674 3973 1005 4039 ἐπιείκειαν;
1031 3973 1229 4026 Ἀκουε
1251 3972 1345 4025 καὶ
1364 3971 1468 4025 τῶν
1490 3971 1639 4040 ἐξῆς,
1664 3970 1751 4024 ἵνα
1774 3970 1950 4043 μάθῃς
1973 3970 2069 4024 αὑ-

389 4062 482 4118 τοῦ
502 4062 601 4134 τῆς
621 4062 937 4132 φιλοσοφίας
957 4061 1054 4132 τὴν
1075 4061 1176 4114 ὑπε
1186 4060 1399 4133 ρϐολήν.
1425 4059 1549 4122 Πῶς
1570 4054 1662 4112 οῦν
1681 4059 1749 4112 τά
1766 4060 1865 4129 τῆς
1889 4060 2069 4131 μάχης

389 4151 545 4205 λύσιν
582 4150 745 4221 λάϐῃ,
770 4150 865 4203 καὶ
907 4148 1108 4219 σϐεσθῇ
1130 4148 1198 4202 τά
1216 4150 1317 4219 τῆς
1337 4147 1699 4217 φιλονείκιας;
1733 4146 1878 4202 Ἰδοὺ
1900 4146 2069 4203 πᾶσα

391 4244 431 4310 ἡ
473 4241 572 4313 τῆ,
609 4242 794 4313 φησὶν,
825 4241 1104 4296 ἐναντίον
1148 4254 1263 4293 σου
1303 4239 1456 4293 ἐστι.
1503 4240 1926 4309 Διαχωρίσθητι
1966 4239 2069 4293 ἀπ’

391 4329 539 4400 ἐμοῦ
558 4346 572 4360 ο
596 4331 648 4383 εί
687 4330 769 4384 σὺ
808 4332 894 4395 είς
933 4328 1233 4397 ἀριστερὰ,
1260 4327 1374 4398 ἐγὼ
1395 4331 1479 4394 εἰς
1499 4326 1666 4393 δεξιά
1684 4345 1697 4358 ⁸
1719 4329 1771 4382 εἱ
1790 4328 1857 4381 δὲ
1878 4328 1959 4381 σὺ
1982 4331 2068 4395 είς

392 4414 584 4482 δεξιὰ,
606 4415 722 4485 ἐγὼ
739 4418 828 4483 είς
850 4414 1151 4484 ἀριστερά.
1175 4415 1376 4469 Σκόπει
1395 4414 1487 4469 τοῦ
1507 4416 1714 4470 δικαίου
1732 4414 1831 4486 τὴν
1854 4415 2066 4484 φιλοσο-

395 4504 525 4574 φίαν
554 4504 649 4557 κα)⁸
676 4504 777 4573 τῆς
807 4502 1305 4576 ταπεινοφροσύνης
1323 4503 1422 4575 τὴν
1442 4503 1711 4557 ἐπίτασιν.
1734 4504 1847 4575 Πρὸ
1864 4503 1922 4558 δέ
1940 4503 2066 4557 τού-

393 4609 501 4645 των
521 4591 691 4644 ἐννόει
715 4609 826 4663 μοι,
846 4591 1119 4662 ἀγαπητὴ
1142 4592 1240 4662 ὅση
1262 4591 1353 4644 τοῦ
1374 4590 1606 4644 πλούτου
1630 4592 1661 4662 ὴ
1681 4591 1848 4662 λύμη,
1864 4590 2070 4660 καὶτῆς

396 4681 713 4753 περιουσίας
753 4681 854 4751 τῆς
897 4680 1420 4751 πολλῆςήδιαφορά.
1454 4679 1677 4750 Ῑίὑξήθη
1714 4682 1781 4733 τὰ
1820 4680 2067 4751 ποίμνια,

397 4768 754 4841 προσεγένετο
774 4767 1000 4831 πλοῦτος
1184 4768 1369 4831 πολὺς,
1388 4770 1481 4821 καὶ
1501 4767 1700 4832 εὐθέως
1720 4768 2071 4841 διακόπτεται

394 4861 428 4928 ή
443 4836 673 4928 -όμόνοια
691 4873 703 4886 ’
727 4856 823 4910 καὶ
844 4836 1056 4926 ἔνθα
1077 4857 1109 4926 ή
1130 4836 1322 4927 ε’ίρήνη
1343 4857 1435 4909 καὶ
1453 4857 1480 4908 ὁ
1501 4856 1792 4927 σύνδεσμος
1812 4857 1909 4928 τῆς
1931 4836 2071 4925 ἀγά-

397 4962 527 5015 πης,
551 4946 665 4999 ἐκεῖ
686 4946 830 5016 μάχη
853 4945 947 4998 καὶ
967 4944 1467 5013 φιλονεικία.”οπου
1490 4943 1599 5015 γὰρ
1632 4944 1692 4997 τὸ
1729 4944 1859 5014 ἐμὸν
1898 4945 2072 5000 καὶτὸ

397 5032 510 5096 σὸν,
548 5035 667 5087 ἐκεῖ
703 5034 851 5087 πᾶσα
889 5033 1070 5105 μάχης
1109 5032 1240 5097 ἰδέα,
1284 5032 1377 5086 καὶ
1415 5030 1745 5101 φιλονεικίας
1781 5032 2068 5097 ὑπόθεσις⁸
2132 5036 2149 5055 ‘

394 5122 524 5175 ἔνθα
559 5122 615 5175 δέ
650 5122 807 5176 τοῦτο
846 5122 921 5194 μὴ
958 5118 1015 5196 ᾖ,
1036 5123 1105 5176 τὰ
1133 5122 1234 5193 τῆς
1259 5122 1515 5192 ὁμονοίας
1534 5119 1712 5174 καὶτά
1731 5122 1828 5190 τῆς
1848 5123 2071 5191 εἰρήνης

400 5209 540 5277 μετά
559 5210 740 5280 πάσης
758 5210 1043 5281 ἀκριϐείας
1064 5210 1420 5263 πολιτεύεται.
1447 5210 1555 5262 Καὶ
1576 5209 1661 5262 ἵνα
1685 5208 1881 5280 μάθῃς,
1904 5209 2071 5262 ἀκουε

396 5296 451 5349 τί
472 5313 637 5366 φησιν
672 5300 700 5351 ὁ
735 5299 1003 5370 μακάριος
1023 5300 1237 5363 Λουκᾶς
1258 5298 1511 5370 περὶτῶν
1532 5297 1589 5362 ἐξ
1608 5297 1783 5368 ἀρχῆς
1803 5300 1867 5368 τῇ
1891 5298 2070 5350 πίστει

398 5380 889 5453 προσιόντων.*11ν,
915 5386 1070 5457 φησὶ,
1105 5387 1344 5441 πάντων
1367 5388 1404 5454 ἡ
1430 5384 1643 5454 καρδία
1680 5384 1777 5438 καὶ
1818 5386 1855 5453 ἠ
1898 5383 2069 5455 ψυχὴ

392 5472 538 5542 μία’
577 5471 676 5525 οὑκ
711 5473 899 5544 ἐπειδὴ
929 5474 1106 5544 ψυχὴν
1131 5474 1256 5545 μίαν
1294 5470 1438 5544 εἶχον
1476 5473 1849 5543 πάντες(πῶς
1868 5473 1976 5545 γάρ
2013 5476 2071 5527 ἐν

397 5560 673 5631 διαφόροις
696 5561 938 5632 σώμασιν
958 5563 1107 5627 δντες
1127 5582 1139 5618 :
1162 5563 1204 5633 ),
1239 5562 1372 5615 ἀλλά
1403 5560 1498 5633 τὴν
1524 5562 1921 5633 ἐπιτεταμένην
1940 5562 2065 5632 ὁμό-

399 5664 546 5701 νοιαν
564 5650 596 5719 ἡ
607 5652 695 5719 μίν
715 5649 969 5703 δείκνυσι.
995 5649 1106 5704 Καὶ
1124 5652 1173 5703 εί
1194 5650 1268 5721 μὴ
1291 5650 1495 5721 σφόδρα
1520 5648 1870 5720 μακρόθυμός
1888 5667 1972 5713 τις
2004 5646 2071 5721 ἦν

398 5738 429 5795 ὁ
447 5736 672 5806 δίκαιος,
695 5742 788 5795 καὶ
826 5740 1133 5814 φιλοσοφεῖν
1160 5738 1339 5805 είδὼς,
1360 5740 1453 5794 καὶ
1486 5738 1819 5802 ἐχαλέπηνεν
1856 5738 1940 5803 ἂν,
1976 5741 2073 5813 καί

1150 238 1208 296 S.
1250 235 1539 295 JOANNIS
1575 229 2071 293 CIIRYSOSTOMI
2108 221 2435 283 ARCHIEP.
2477 212 3030 277 CONSTANTINOP.

2145 340 2265 398 εἷπε
2308 338 2446 413 πρὸς
2480 336 2661 393 αὑτόν·
2702 333 2870 403 Τίςοή
2908 327 3146 397 τοσαύτη
3187 320 3473 413 παροινία;
3498 321 3666 413 ὀλως

2140 410 2446 502 ἐτόλμησαν
2484 427 2535 481 οί
2573 419 2944 496 προσήκοντές
2984 434 3067 470 σοι
3105 415 3288 486 διᾶραι
3328 411 3503 502 στόμα

2143 498 2443 592 ἐμοὶ-διαφέ
2452 530 2643 588 ροντας
2665 528 2681 576 ;
2718 510 2815 565 καὶ
2844 508 2945 562 οὑκ
2964 504 3275 575 ἐνενόησαν,
3296 502 3421 592 ὅσον
3441 500 3501 553 τὺ
3521 498 3675 592 μέσον

2147 588 2349 682 μεταξὺ
2370 605 2558 678 ἡμῶν;
2579 601 2751 656 Πόθεν
2770 598 2881 670 γάρ
2901 614 2983 650 σοι
3002 594 3071 648 τά
3088 593 3189 664 τῆς
3207 588 3679 682 εὐπορίαςταύτης

2145 677 2406 767 γένηται;
2438 693 2539 747 οὑκ
2570 692 2635 744 ἐκ
2670 690 2769 761 τῆς
2803 687 2942 758 ἐμῆς
2974 681 3337 767 κηδεμονίας;
3359 679 3455 742 Τίς
3474 677 3533 732 δέ
3551 694 3609 767 σε
3630 680 3699 741 είς

2147 766 2398 857 θρώπους
2434 780 2664 851 ὀφθῆναι
2701 774 3036 846 πεποίηκεν;
3075 770 3176 824 οὑκ
3208 766 3324 857 ἐγὼ
3362 767 3483 820 ἀντὶ
3504 766 3703 820 πάντων

2144 853 2406 941 γεγονὼς,
2428 869 2523 922 καὶ
2544 867 2643 937 τὴν
2664 864 2868 935 πατρός
2890 879 2971 916 σοι
2990 858 3181 941 χρείαν
3201 854 3290 909 διά
3310 856 3532 909 πάντων
3559 853 3704 941 ἐπιδει

2150 940 2309 1028 μενος
2329 975 2343 1023 ;
2364 954 2577 1018 Ταύτας
2602 969 2690 1025 μοι
2709 949 2809 1015 τάς
2828 940 3063 1020 ἀμοιϐάς
3084 944 3350 1006 ἀποδίδως
3368 942 3468 1012 τῆς
3488 940 3673 1010 πολλῆς
3688 954 3729 1019 η

2151 975 2309 1028 μενος
2329 975 2343 1023 ;
2364 954 2577 1018 Ταύτας
2602 969 2690 1025 μοι
2709 952 2809 1015 τάς
2828 952 3063 1020 ἀμοιϐάς
3084 952 3350 1006 ἀποδίδως
3368 952 3468 1012 της
3488 952 3673 1010 πολλῆς
3728 1010 3729 1019 γ

2151 1045 2209 1098 σὲ
2246 1043 2578 1116 θεραπείας;
2629 1040 2815 1094 Ταῦτα
2854 1034 3087 1099 ἐλπίζων
3125 1028 3401 1101 πανταχοῦ
3443 1045 3501 1082 σε
3542 1029 3647 1099 μετ’
3682 952 3736 1099 £1

2156 1135 2448 1205 περιῆγον;
2484 1132 2687 1193 Ἔστω,
2706 1126 2861 1182 οὐδὲν
2891 1124 3000 1179 τῶν
3036 1120 3406 1195 ὑπηργμένων
3445 1135 3526 1172 σοι
3547 1117 3663 1187 παρ’
3684 1119 3737 1201 in“

2151 1223 2231 1284 εἰς
2269 1204 2477 1274 ἔννοιαν
2512 1216 2703 1281 ἔλαϐες
2722 1232 2737 1247 ·
2770 1214 2872 1269 κάν
2895 1231 2995 1283 μου
3014 1210 3144 1279 γοῦν
3162 1209 3222 1262 τὸ
3242 1208 3419 1279 γῆρας
3441 1204 3737 1279 αίδεσθῆνσί(

2152 1310 2251 1364 οὑκ
2270 1308 2458 1381 ἐχρῆν,
2482 1308 2577 1361 καί
2594 1305 2821 1377 τιμῆσαι
2842 1301 2940 1365 τάς
2961 1299 3152 1363 πολιάς
3171 1300 3270 1360 τάς
3290 1296 3431 1368 ἐμάς
3451 1313 3467 1363 ;
3500 1293 3651 1347 ’Δλλά
3672 1304 3738 1367 πει

2152 1398 2291 1463 εἶδες
2321 1398 2448 1461 τοὺς
2480 1394 2747 1465 ποιμένας
2766 1391 2892 1454 τοὺς
2914 1391 3041 1452 σοὺς
3061 1385 3532 1459 ἐμπαροινοῦντας
3550 1387 3655 1447 τοῖς
3673 1380 3740 1452 ἐμέ

2154 1485 2430 1556 ποιμέσιν,
2448 1483 2547 1537 οὑκ
2568 1480 2723 1544 είδὼς
2742 1480 2823 1534 ὅτι
2844 1478 3033 1548 ῶσπερ
3050 1479 3084 1548 ή
3106 1478 3184 1539 είς
3200 1475 3444 1538 ἐκείνους
3463 1472 3614 1542 ῦϐρις
3633 1472 3740 1543 είςίι

2153 1572 2439 1640 διαϐαίνει,
2453 1570 2595 1625 οὑτω
2616 1570 2710 1624 καὶ
2729 1571 2763 1640 ὴ
2785 1567 3007 1622 ἐκείνων
3028 1564 3329 1639 προπέτεια
3350 1564 3430 1627 είς
3449 1562 3508 1615 σὲ
3526 1562 3621 1632 τὴν
3636 1560 3742 1631 ἀνιε

2160 1663 2258 1736 ράν
2278 1662 2411 1733 ἔχει.

2226 1769 2289 1822 δ’.
2334 1767 2472 1821 Ἀλλ’
2492 1766 2642 1820 οὑδέν
2660 1764 2863 1819 τούτων
2883 1767 2911 1818 ό
2928 1763 3134 1825 δίκαιος
3154 1758 3277 1814 οὔτε
3298 1760 3379 1821 εἰς
3396 1758 3629 1812 διάνοιαν
3644 1756 3743 1809 λαει

2159 1854 2501 1920 κατεδέξατο,
2522 1852 2657 1907 ἀλλά
2694 1853 2872 1908 πάντα
2904 1849 3144 1905 τοιοῦτον
3174 1845 3436 1917 λογισμὸν
3455 1845 3744 1915 ἀταυσάμεη

2159 1946 2278 2010 ἐνὸς
2309 1946 2517 2016 γίνεται
2554 1945 2740 2017 μόνου,
2761 1944 2911 2006 ὅπως
2942 1940 3037 1995 καὶ
3065 1938 3167 2009 τὴν
3187 1936 3490 2009 μέλλουσαν
3508 1934 3746 2000 ἐξάπτεσθ

2161 2034 2494 2105 φιλονεικίαν
2512 2032 2847 2103 κατασϐέσῃ,
2869 2030 2961 2085 καὶ
2979 2028 3071 2082 τὸν
3089 2025 3367 2098 χωρισμὸν
3384 2025 3603 2088 ἀλύπως
3621 2027 3746 2076 iam

2163 2141 2262 2188 σας
2293 2122 2475 2191 πάσης
2508 2121 2755 2194 ταραχῆς
2791 2119 2945 2183 ἐκτὸς
2978 2119 3181 2189 ποιήσῃ
3199 2117 3297 2187 τὴν
3316 2114 3512 2169 οἰκίαν.
3538 2116 3653 2168 οὐκ
3674 2114 3748 2165 ίὸα

2162 2212 2317 2282 φησι,
2338 2209 2506 2265 πᾶσα
2544 2212 2583 2279 ἠ
2622 2208 2699 2279 m’
2743 2207 3023 2262 ἐναντίον
3058 2220 3176 2260 σου
3216 2204 3349 2258 ἐστί
3362 2219 3380 2263 ;
3418 2203 3747 2271 Διαχωρίσθη

2162 2298 2262 2353 ἀπ’
2282 2298 2428 2368 ἐμοῦ
2449 2316 2461 2329 ·
2507 2300 2558 2351 εὶ
2598 2295 2679 2351 σὺ
2714 2298 2800 2361 είς
2817 2293 3005 2359 δεξιὰ,
3026 2292 3140 2363 ἐγὼ
3160 2294 3247 2358 εἰς
3266 2289 3546 2360 ἀριστερά
3564 2306 3579 2319 ·
3602 2293 3646 2343 εὶ
3666 2290 3747 2341 δὲι

2162 2388 2268 2452 ειςτ
2287 2384 2591 2454 ἀριστερὰ,
2616 2382 2733 2454 ἐγὼ
2769 2385 2858 2448 είς
2895 2380 3241 2450 δεξιὰ.”ορα
3274 2379 3375 2449 τὴν
3412 2378 3695 2430 ἐπιείκειαν
3725 2394 3750 2425 τι

2162 2473 2394 2527 δικαίου.
2417 2472 2641 2534 Δεικνὺς
2677 2470 2786 2539 γάρ
2823 2468 2971 2540 αύτῷ
2988 2467 3077 2521 διά
3095 2466 3204 2521 τῶν
3223 2466 3585 2537 πραγμάτων,
3624 2466 3694 2517 ὅτι
3722 2466 3749 2515 οἱ

2164 2561 2304 2616 ἐκὼν
2322 2560 2480 2615 τοῦτο
2500 2559 2795 2629 ποιεῖ,οὑδέ
2818 2556 3138 2629 βουλόμενος
3153 2555 3315 2610 αὑτὸν
3330 2553 3677 2626 χωρισθῆναι,
3694 2551 3752 2605 ἀλ]

2164 2650 2251 2704 διὰ
2268 2651 2366 2720 τὴν
2383 2650 2482 2719 τῆς
2502 2647 2833 2719 φιλονεικίας
2855 2647 3123 2716 ἀνάγκην,
3141 2646 3237 2699 καὶ
3254 2644 3395 2698 ὥστε
3418 2643 3492 2714 μὴ
3511 2641 3715 2712 διηνεκῆ
3732 2658 3751 2693 1

2166 2738 2399 2810 πόλεμον
2439 2732 2577 2791 εἶναι
2617 2737 2675 2790 ἐν
2692 2739 2759 2808 τῇ
2780 2734 2950 2806 οἰκίᾳ,
2971 2732 3301 2796 σκόπειήὖς
3318 2732 3408 2786 διὰ
3422 2731 3529 2785 τῶν
3548 2732 3708 2799 λόγων
3724 2746 3754 2783 x1

2164 2828 2466 2900 ταπραΰνει
2504 2826 2671 2881 αὑτοῦ
2708 2826 2807 2896 τὴν
2844 2823 3185 2896 φλεγμονὴν,
3221 2823 3315 2877 καὶ
3349 2821 3500 2893 αύτῷ
3532 2818 3754 2875 πᾶσανιί

2166 2916 2412 2983 ἐξουσίαν
2447 2915 2630 2970 δίδωσι
2667 2914 2767 2983 τῆς
2806 2913 3059 2984 ἐκλογῆς,
3081 2914 3176 2967 καὶ
3212 2912 3531 2984 προτίθησιν
3565 2910 3703 2980 αὐτῷ
3728 2914 3756 2964 τι

2167 3006 2269 3077 γῆν
2292 3004 2533 3067 ἃπασαν,
2555 3003 2648 3056 καί
2669 3019 2835 3072 φησιν
2855 3018 2868 3032 ·
2894 3003 3017 3056 Οὐκ
3058 3001 3189 3055 ίδοὺ
3227 3001 3397 3056 πᾶσα
3414 3002 3452 3069 ἠ
3475 2997 3549 3069 τῆ
3568 3000 3756 3054 ἐναντίη

2168 3108 2284 3147 σου
2300 3110 2317 3157 ;
2340 3094 2443 3146 Ἢν
2462 3091 2528 3147 ἂν
2551 3090 2739 3164 βούλῃ,
2753 3088 2900 3154 ἐλοῦ,
2917 3087 3073 3156 κάγὼ
3090 3089 3306 3158 ἐκείνην
3324 3087 3681 3157 καταδέεομαι
3697 3103 3758 3157 με

2172 3181 2369 3251 πολλῆς
2406 3180 2507 3250 τῆς
2542 3179 2759 3251 ἡδονῆς,
2782 3179 2848 3250 ἢν
2881 3178 2948 3232 ἂν
2981 3177 3141 3241 αὑτὸς
3160 3176 3483 3247 καταλίπῃς.
3507 3176 3758 3245 Μεγάλην

2169 3268 2377 3324 δικαίου
2414 3271 2448 3339 ἡ
2491 3267 2802 3337 φιλοσοφία.
2860 3266 2961 3322 Διά
2996 3266 3217 3321 πάντων
3251 3264 3564 3337 ἀνεπαχθὴς
3601 3265 3757 3334 βούλεο

2171 3359 2425 3429 γενέσθαι
2444 3359 2523 3430 τῷ
2542 3358 2827 3429 ἀδελφιδῷ.
2846 3356 3064 3429 Ἐπειδὴ
3083 3356 3212 3426 γάρ,
3227 3355 3413 3425 φησὶν,
3428 3356 3567 3427 ὂτπρ
3584 3358 3677 3409 οὑκ
3691 3356 3757 3407 ἑὸ.

2172 3449 2367 3521 λόμην,
2388 3449 2546 3503 τοῦτο
2582 3448 2815 3516 γίνεται,
2838 3447 2935 3500 καὶ
2969 3445 3059 3500 ἵνα
3089 3444 3157 3499 τά
3178 3445 3277 3515 τῆς
3299 3444 3627 3513 φιλονεικίας
3644 3445 3757 3497 πων

2171 3537 2264 3590 τὸν
2283 3536 2562 3608 χωρισμὸν
2581 3535 2797 3605 ἀνάγκη
2820 3533 3091 3605 συμϐῆναι
3107 3548 3119 3561 ’
3142 3531 3232 3585 διὰ
3249 3531 3406 3585 τοῦτό
3428 3548 3488 3585 σε
3510 3532 3689 3603 κύριον
3704 3536 3757 3583 καί

2177 3626 2367 3695 ίστημι
2403 3623 2505 3695 τῆς
2524 3623 2810 3695 αἱρέσεως,
2833 3624 2927 3678 καὶ
2945 3621 3044 3694 τὴν
3063 3618 3314 3688 ἐξουσίαν
3333 3636 3417 3673 σοι
3435 3622 3619 3675 πᾶσαν
3634 3622 3758 3687 δίδως

2173 3714 2263 3768 ἴνα
2280 3714 2348 3785 ὴν
2369 3714 2435 3768 ἂν
2455 3712 2687 3784 νομίσῃς
2703 3707 2844 3766 εἶναι
2857 3709 3193 3783 τιμιωτέραν
3208 3710 3331 3780 γῆν,
3347 3709 3567 3780 ἐκείνην
3581 3710 3757 3780 ἐλόμενι

2172 3802 2272 3875 τὴν
2306 3802 2500 3874 λοιπὴν
2535 3801 2660 3873 ἐμοὶ
2700 3796 3180 3875 καταλίπῃςῙΑρα
3220 3799 3460 3856 ἄντοῦτο
3479 3801 3757 3873 ποιῆσαίπ

2173 3909 2258 3955 τις
2278 3889 2599 3954 κατεδέξατο
2620 3889 2755 3961 πρὸς
2772 3888 3013 3960 όμήλικα
3031 3887 3279 3957 ἀδελφὸν,
3308 3889 3446 3961 ὅπερ
3462 3890 3493 3942 ό
3514 3890 3758 3960 πατριάργ

2176 3980 2313 4048 πρὸς
2330 3979 2419 4033 τὸν
2440 3976 2760 4046 ἀδελφιδοῦν
2780 3975 3092 4042 ἐπεδείξατο
3112 3993 3129 4043 ;
3149 3977 3213 4031 Εί
3231 3976 3299 4047 γά
3307 3995 3339 4049 ρ
3358 3978 3453 4032 καὶ
3470 3978 3638 4041 αὑτδς
3655 3977 3757 4046 προὶ

2174 4066 2287 4121 ϐὼν
2320 4067 2419 4139 τὴν
2445 4064 2593 4139 [557]
2615 4063 2847 4135 ἐκλογὴν
2888 4064 3276 4135 ποιησάμενος,
3297 4066 3392 4119 καλ⁵
3410 4065 3478 4119 τά
3498 4069 3725 4136 πρωτεῖα
3740 4065 3757 4111 λ

2175 4154 2286 4208 ϐὼν
2308 4152 2705 4226 παρεχώρησεν
2724 4152 2921 4223 ἐκείνῳ
2940 4151 3008 4205 τά
3028 4152 3439 4221 ὑπολειφθέντα,
3460 4154 3585 4223 οὐχὶ
3604 4156 3691 4206 καὶ
3702 4152 3758 4204 οὓτ

2178 4243 2317 4313 μέγα
2334 4238 2403 4313 ἦν
2420 4242 2482 4295 τὸ
2504 4242 2634 4313 παρ’
2654 4240 2820 4295 αὑτοῦ
2841 4240 3122 4311 γινόμενον
3147 4257 3163 4306 ;
3206 4240 3345 4295 Ἀλλ’
3364 4242 3517 4313 ὅμως
3539 4242 3757 4313 βουλόμετ

2176 4331 2270 4384 καὶ
2305 4331 2404 4402 τῆς
2444 4329 2647 4402 ἀρετῆς
2681 4327 2856 4393 δεῖξαι
2892 4328 2990 4400 τὴν
3031 4328 3355 4400 ὑπερϐολὴν,
3379 4329 3471 4383 καὶ
3502 4330 3599 4384 τοῦ
3620 4330 3757 4382 νέοντ

2174 4417 2470 4487 ἐπιθυμίαν
2505 4415 2969 4487 ἐμπλῆσαι,ῶστε
2989 4415 3261 4488 μηδεμίαν
3294 4416 3402 4470 ἀπὸ
3435 4416 3535 4469 τοῦ
3576 4434 3757 4489 χωρισμ

2175 4506 2427 4574 γενέσθαι
2464 4504 2642 4575 λύπης
2680 4504 2959 4576 ἀφορμὴν,
2982 4503 3133 4574 αὑτῷ
3169 4504 3393 4576 προθεὶς
3413 4505 3635 4559 ἅπασαν
3652 4506 3757 4572 τὴνέ

2175 4594 2384 4659 ουσίαν,
2408 4594 2571 4665 φησίν
2592 4610 2604 4622 ·
2641 4592 2797 4648 Ἰδοὺ
2817 4592 2988 4648 πᾶσα
3009 4595 3047 4662 ἠ
3073 4593 3148 4664 γῆ
3170 4594 3450 4650 ἐναντίον
3467 4611 3591 4650 σου
3612 4614 3626 4626 ο
3647 4595 3757 4661 διαχ

2169 4682 2409 4751 ρι’σθητι
2448 4681 2550 4736 ἀπ’
2570 4680 2743 4751 ἐμοῦ,
2766 4683 2861 4735 καὶ
2895 4682 3014 4736 οἷαν
3048 4681 3113 4735 ἂν
3157 4682 3318 4753 βούλῃ
3356 4682 3495 4736 ἐλοῦ.
3521 4685 3650 4738 Δέον
3674 4684 3757 4735 toi»

2174 4770 2267 4824 τὸν
2284 4768 2600 4839 ἀδελφιδοῦν
2620 4768 2890 4840 τοσαύτης
2908 4770 3209 4834 ἐπιεικείας
3232 4771 3562 4841 πειραθέντα
3582 4775 3757 4839 ἀντιτεμ

2178 4875 2268 4911 σαι
2286 4857 2376 4911 τὸν
2396 4857 2767 4930 πατριάρχην,
2782 4859 2876 4912 καὶ
2898 4858 3097 4930 μᾶλλον
3113 4858 3274 4912 αὑτὸν
3292 4858 3440 4929 αὑτῷ
3457 4858 3757 4932 παραχωρᾷ

2175 4947 2275 5018 τῆς
2302 4944 2569 5017 αἱρέσεως
2587 4946 2686 5017 τὴν
2708 4947 2962 5018 ἐκλογήν.
2985 4945 3270 5019 Είώθαμεν
3288 4948 3395 5021 γάρ
3415 4967 3535 5013 πως
3555 4948 3757 5009 ἅπαντες

2174 5035 2271 5090 ἀνθ
2281 5052 2475 5107 ρωποι,
2494 5035 2716 5089 ἐπειδὰν
2734 5036 3131 5101 ἀντιτείνοντας
3154 5038 3251 5106 μὲν
3272 5036 3470 5108 ἴδωμεν
3487 5038 3617 5102 τοὺς
3640 5037 3757 5109 μέλλε

2174 5141 2274 5187 τας
2312 5123 2447 5196 πρὸς
2484 5125 2635 5195 ἡμᾶς
2673 5141 2727 5177 τι
2766 5124 3143 5196 διερευνᾶσθαι
3164 5126 3256 5179 καὶ
3276 5125 3699 5194 φιλονεικοῦντας
3729 5142 3757 5176 τ

2178 5211 2463 5283 πρωτείοις
2499 5210 2806 5282 ἐπιπηδᾷν,
2848 5210 2923 5282 μὴ
2960 5211 3247 5282 ἀνέχεσθαι
3285 5213 3669 5277 ἐλαττοῦσθαι,
3711 5228 3757 5281 μη

2177 5299 2436 5353 ἐνδιδόναι
2456 5299 2639 5363 αὑτοῖς
2652 5315 2667 5330 ·
2689 5300 2819 5352 ὅταν
2838 5300 2894 5353 δέ
2915 5299 3375 5371 παραχωροῦντας
3396 5300 3722 5373 θεασώμεθα.
3740 5317 3757 5347 ι

2178 5387 2597 5457 καθυφειμένοις
2620 5387 2829 5459 ῥήμασι
2849 5386 2949 5458 τὴν
2967 5387 3213 5454 ἐξουσίαν
3249 5387 3467 5442 ἃπασαν
3486 5392 3620 5459 ἡμῖν
3636 5392 3757 5453 tm;

2179 5491 2399 5538 ποντας,
2422 5474 2612 5545 ὥσπερ
2630 5474 2935 5545 αίδουμένοι
2957 5474 3055 5546 τὴν
3074 5475 3273 5547 πολλὴν
3290 5476 3616 5539 ἐπιείκειαν,
3636 5478 3714 5527 καὶ
3738 5490 3757 5523 τ

2179 5562 2507 5633 φιλονεικίας
2526 5563 2896 5634 ἀφιστάμεθα,
2914 5565 3009 5619 καὶ
3030 5565 3190 5618 πάλιν
3212 5564 3651 5637 ἀντιστρέφοντες
3670 5564 3757 5613 :5:

2178 5652 2277 5721 τὴν
2317 5649 2564 5716 ἐξουσίαν
2603 5653 3057 5723 παραχωροῦμεν,
3081 5651 3183 5706 κᾶν
3217 5652 3461 5706 ἐλάττων
3493 5648 3629 5706 εἶναι
3661 5650 3758 5713 δοκῗ

2183 5740 2315 5817 πρὸς
2336 5741 2484 5811 ἡμᾶς
2501 5736 2944 5814 διερευνώμενος.
2975 5740 3235 5813 Ὀφείλων
3256 5741 3436 5797 τοίνυν
3458 5744 3550 5796 καὶ
3567 5744 3595 5794 ὁ
3614 5738 3754 5796 Αὼτὲ
