3760 6256
21 241 136 295 509

19 358 266 413 advena:
295 357 383 414 hic
410 361 669 416 versaturi
693 371 838 428 sunt,
865 379 1002 432 quos
1026 366 1467 433 mansuetudinis,
1498 367 1632 422 leni-

22 453 184 516 tatis,
216 461 273 507 et
301 452 478 507 omnis
514 452 865 524 philosophia:
903 456 1149 512 doctores
1187 473 1306 512 esse
1330 459 1628 528 oportebat,

21 543 175 597 inter
226 559 287 598 se
329 546 655 601 contendere
696 557 750 602 et
778 547 1096 618 digladiari?
1121 552 1353 605 Audiant
1397 551 1513 607 haec
1541 553 1630 622 qui

20 652 83 689 se
112 647 278 690 extra
323 639 801 706 reprehensionem
847 650 1038 711 putant
1083 657 1224 707 esse,
1267 643 1480 713 quando
1508 659 1629 714 pro-

19 735 148 793 pter
186 726 603 782 familiaritatem
627 730 936 799 propinquis
966 731 1077 786 suis
1102 732 1390 787 connivcnt
1414 734 1630 802 rapien-

24 818 200 881 tibus,
253 819 663 898 decipientibus,
698 823 860 876 multa
909 823 1047 877 mala
1097 824 1544 890 machinantibus,
1575 836 1630 881 et

24 907 74 959 in
109 909 447 975 civitatibus,
478 920 532 965 et
561 913 611 966 in
633 913 795 982 agris,
820 914 1187 970 auferentibus
1213 931 1243 968 a
1270 917 1458 972 vicinis
1488 932 1632 972 nunc

23 1014 248 1066 agrum,
297 1016 440 1056 nunc
485 1002 726 1067 domum,
757 1018 926 1073 eaque
964 1005 1030 1059 de
1072 1021 1230 1060 causa
1280 1007 1467 1076 majori
1495 1007 1630 1063 tales

24 1085 288 1143 homines
328 1090 700 1147 benevolentia
742 1106 1155 1164 prosequuntur.
1195 1096 1326 1151 Nam
1366 1098 1489 1153 licet
1525 1099 1626 1152 ini.

22 1195 198 1248 quum
225 1197 363 1250 opus
392 1183 460 1236 ab
481 1183 587 1238 alio
614 1195 880 1253 patratum
908 1188 998 1253 sit,
1039 1197 1211 1241 tamen
1242 1197 1296 1242 et
1325 1188 1438 1257 ipse
1466 1204 1630 1258 nego-

28 1271 80 1322 tii
114 1272 395 1341 particeps
423 1271 568 1327 fuisti
599 1292 612 1326 :
644 1290 748 1328 non
778 1275 951 1330 solum
979 1277 1121 1346 quod
1145 1277 1430 1333 oblecteris
1459 1277 1621 1345 facto,

25 1369 81 1413 et
123 1361 328 1416 credas
375 1362 496 1418 inde
537 1362 876 1420 facultatibus
912 1367 1019 1420 tuis
1057 1367 1444 1423 incrementum
1474 1385 1626 1424 acce-

25 1450 201 1517 dere;
237 1453 334 1507 sed
361 1453 502 1523 quod
545 1454 846 1524 prohibeas,
876 1472 944 1512 ne
997 1459 1198 1513 facinus
1242 1461 1623 1514 committatur.

26 1542 162 1597 Nam
187 1545 279 1614 qui
313 1545 598 1613 prohibere
619 1555 794 1617 potest
817 1563 938 1603 eum
968 1549 1057 1618 qui
1085 1549 1330 1620 injuriam
1359 1550 1540 1616 infert,
1575 1559 1630 1606 et

27 1652 135 1688 non
190 1638 462 1706 prohibet,
507 1639 552 1693 is
590 1655 696 1694 non
741 1643 1004 1697 minorem
1051 1643 1162 1698 luet
1190 1658 1422 1712 poenam,
1467 1659 1627 1715 quam

26 1729 114 1796 qui
150 1729 408 1797 injuriam
436 1729 613 1784 infert.

97 1823 141 1872 A
163 1823 439 1892 fraudibus
451 1833 495 1876 et
518 1825 710 1894 rapinis
729 1834 998 1879 avocat.â€”
1011 1825 1246 1882 Obsecro
1262 1826 1440 1896 igitur,
1460 1843 1526 1880 ne
1542 1842 1628 1881 se-

27 1911 296 1967 ducamus
325 1916 704 1985 nosmetipsos,
727 1916 819 1971 sed
846 1929 899 1972 et
923 1918 1022 1986 ipsi
1051 1917 1312 1986 fugiamus
1339 1919 1548 1988 rapinas
1572 1925 1628 1974 et

29 2005 276 2072 fraudes,
323 2016 378 2061 et
419 2024 483 2062 ex
525 2008 824 2063 istiusmodi
867 2011 1071 2064 artibus
1090 2011 1446 2066 emolumenta
1469 2020 1522 2066 et
1545 2013 1628 2065 lu-

28 2115 116 2153 cra
147 2119 158 2152 :
218 2111 274 2155 et
318 2101 605 2156 familiares
643 2112 855 2156 nostros
899 2103 1226 2170 erudiatnus,
1260 2120 1327 2158 ne
1361 2103 1486 2174 quid
1521 2104 1626 2159 tale

29 2201 351 2260 Operentur.
381 2191 494 2246 Non
525 2193 666 2247 enim
708 2193 811 2249 hoc
841 2209 940 2248 nos
979 2196 1214 2249 insontes
1250 2205 1488 2266 praestat,
1531 2196 1624 2250 sed

31 2284 216 2352 potius
245 2284 436 2353 majori
463 2285 891 2340 condemnationi
921 2287 1354 2357 obnoxioszquia
1374 2289 1424 2341 in
1457 2290 1624 2344 nostri

31 2377 260 2444 gratiam
291 2377 366 2430 illi
394 2393 542 2432 suam
573 2379 880 2434 amittentes
916 2381 1163 2447 salutem,
1192 2382 1502 2449 injuslitiam
1532 2399 1626 2436 au-

31 2471 179 2536 dent,
215 2479 270 2525 et
299 2471 396 2541 ipsi
428 2472 478 2526 in
509 2474 799 2541 perniciem
830 2484 1018 2528 euntes
1045 2489 1144 2528 nos
1172 2489 1354 2529 secum
1387 2477 1619 2543 rapiunt.

31 2562 182 2628 Quod
211 2561 259 2616 si
290 2563 473 2632 vigiles
503 2579 624 2619 esse
650 2565 996 2631 voluerimus,
1026 2573 1081 2620 et
1108 2565 1207 2634 ipsi
1233 2565 1301 2619 ab
1337 2581 1402 2620 eo
1429 2566 1624 2621 damno

33 2653 403 2714 liberabitnur.
458 2661 514 2708 et
565 2655 687 2709 illos
725 2671 754 2708 a
786 2655 940 2710 malis
979 2656 1256 2710 conatibus
1298 2657 1619 2711 arcebimus.

33 2744 204 2798 Porro
254 2760 323 2799 ne
370 2745 499 2799 nubi
539 2745 686 2801 dicas
725 2746 914 2801 frivola
964 2747 1054 2801 illa
1097 2747 1295 2802 verba:
1322 2747 1462 2801 Nihil
1491 2748 1622 2802 mihi

32 2853 174 2892 curre
220 2846 324 2894 est.
368 2838 633 2908 Numquid
661 2855 760 2910 ego
787 2841 983 2910 rapui?
1011 2840 1153 2895 Nihil
1194 2841 1323 2895 mihi
1368 2857 1430 2895 ea
1469 2841 1534 2896 de
1563 2858 1624 2898 re

32 2937 278 2982 constat:
309 2928 443 2983 alius
469 2927 613 2995 fecit,
636 2945 742 2984 non
765 2929 838 2984 fui
862 2931 1135 3001 particeps
1154 2931 1444 3000 injustitiae.
1478 2931 1622 2986 Prae-

34 3029 211 3074 textus
237 3019 329 3075 illa
370 3030 513 3087 sunt,
543 3029 598 3076 et
626 3021 785 3077 inane
823 3032 1211 3077 commentum.
1240 3021 1296 3078 Si
1331 3023 1411 3078 vis
1438 3023 1621 3078 decla-

33 3126 150 3165 rare
179 3122 234 3166 te
257 3127 364 3166 non
389 3124 692 3168 consortem
727 3113 894 3169 fuisse
927 3114 1221 3183 injustitize,
1249 3129 1420 3186 neque
1447 3114 1622 3168 avari-

36 3202 115 3255 tia:
140 3203 437 3270 studuisse,
461 3205 684 3260 emenda
710 3205 930 3273 factum,
960 3207 1135 3262 solare
1159 3222 1282 3262 eum
1313 3208 1402 3278 qui
1429 3207 1620 3277 injuria

35 3295 255 3350 allectus
277 3305 380 3361 est,
418 3297 582 3353 redde
613 3299 810 3353 ablata.
840 3300 930 3354 Sic
955 3300 1096 3354 enim
1128 3308 1184 3355 et
1210 3301 1436 3369 teipsum
1457 3316 1486 3354 a
1513 3301 1620 3354 cri-

35 3389 268 3442 minibus
299 3387 570 3456 liberabis,
599 3398 653 3443 et
676 3404 797 3444 eum
824 3390 914 3458 qui
939 3390 1184 3460 injuriam
1212 3391 1336 3446 fecit
1358 3391 1614 3461 corriges,

35 3479 72 3530 si
116 3479 496 3546 deelaraveris,
538 3482 653 3535 haec
691 3497 798 3535 non
838 3480 1002 3537 fuisse
1026 3483 1164 3537 facta
1202 3483 1494 3538 secundum
1528 3498 1620 3536 vo-

35 3572 294 3628 luntatem
341 3582 506 3634 tuam,
546 3584 602 3628 et
628 3575 912 3630 consolans
938 3590 1247 3645 pauperem,
1281 3591 1386 3630 non
1426 3576 1620 3631 siveris

34 3678 151 3716 eum
200 3679 229 3716 a
279 3664 492 3718 tristitia
535 3665 831 3731 absorberi,
875 3682 1031 3736 quam
1075 3667 1265 3722 ablatis
1313 3668 1468 3722 bonis
1511 3668 1621 3721 suis

35 3770 294 3822 passurus
313 3768 447 3810 erat.
481 3755 562 3810 Ne
586 3758 671 3822 sit,
703 3757 892 3828 inquit,
919 3759 1033 3812 rixa
1058 3759 1190 3812 inter
1222 3776 1300 3813 me
1326 3769 1370 3812 et
1395 3770 1461 3826 te,
1495 3761 1622 3814 inter

36 3857 260 3913 pastores
289 3863 424 3900 meos
448 3856 492 3900 et
516 3857 627 3900 tuos
649 3888 664 3902 .
689 3850 807 3917 quia
833 3850 1056 3906 homines
1085 3852 1267 3920 fratres
1293 3867 1382 3904 nos
1424 3868 1616 3906 sumus.

42 3937 225 3992 Vidisti
293 3940 802 3995 mansuetudinem?
866 3943 1045 3999 vidisti
1104 3943 1416 3999 lenitatem?
1482 3946 1621 4000 Audi

35 4039 82 4082 ct
135 4033 442 4100 sequentia,
496 4041 553 4086 ut
602 4031 780 4088 discas
831 4035 1182 4091 excellentem
1229 4037 1345 4107 ejus
1380 4039 1620 4108 philoso-

39 4125 237 4192 phiam.
279 4125 560 4190 Quomodo
603 4128 762 4196 igitur
803 4127 915 4181 rixa
955 4127 1241 4196 dirimitur,
1271 4142 1323 4185 et
1349 4133 1621 4186 contentio

39 4219 427 4287 restinguitur?
481 4219 534 4274 9.
587 4219 719 4274 Ecce
761 4222 924 4275 omnis
963 4232 1114 4287 terra,
1145 4223 1335 4292 inquit,
1375 4241 1546 4277 coram
1575 4235 1622 4278 te

37 4322 119 4362 est.
147 4310 362 4364 Discede
383 4328 412 4362 a
434 4328 513 4364 me
534 4329 554 4366 .Â°
578 4312 621 4364 si
648 4323 700 4364 tu
729 4313 796 4365 ad
820 4313 1094 4379 sinistram,
1125 4331 1214 4384 ego
1235 4317 1300 4368 ad
1326 4317 1620 4381 dexteram;

33 4404 72 4455 si
112 4414 170 4456 tu
213 4403 282 4455 ad
311 4404 590 4468 dexteram,
635 4422 726 4475 ego
757 4406 824 4457 ad
869 4408 1148 4460 sinistram.
1191 4408 1388 4463 Tecum
1432 4420 1619 4479 reputa

37 4495 450 4564 philosOphiam,
475 4506 529 4550 et
549 4497 811 4566 insignem
836 4499 1148 4553 modestiam
1172 4499 1491 4571 hnjusjusti.
1515 4503 1618 4558 Sed

35 4595 152 4637 ante
183 4584 330 4648 hcce,
365 4588 589 4641 obsecro
614 4629 628 4648 .
670 4590 840 4658 cogita
893 4601 1146 4659 quantum
1183 4607 1249 4646 ex
1287 4593 1484 4648 divitiis
1528 4595 1622 4649 da-

37 4691 242 4742 mnum,
271 4687 325 4730 et
354 4686 549 4746 quanta
584 4695 648 4732 ex
678 4681 856 4734 multis
900 4683 1090 4750 Opibus
1118 4685 1408 4739 contentio.
1451 4689 1620 4740 Aucta

36 4777 156 4820 sunt
195 4779 460 4832 armenta,
511 4771 841 4840 multiplicati
875 4788 1087 4842 greges,
1127 4775 1447 4831 aflluxeruut
1481 4777 1620 4832 divi-

39 4859 115 4912 tia:
166 4860 373 4925 multm,
412 4871 468 4915 et
508 4863 688 4916 statim
727 4863 1043 4920 discinditur
1085 4869 1406 4923 concordia:
1435 4881 1488 4924 et
1531 4871 1618 4926 ubi

35 4962 144 5005 erat
176 4967 276 5020 pax
305 4962 358 5007 et
381 4955 620 5009 caritatis
650 4957 942 5022 vinculum,
977 4975 1116 5014 nunc
1142 4963 1278 5027 rixa,
1307 4973 1361 5017 et
1391 4974 1617 5020 conten-

40 5042 124 5094 tio.
165 5041 260 5096 Uhi
288 5045 431 5098 enim
460 5061 635 5100 meum
664 5057 902 5113 ettuutn,
931 5050 1037 5105 illic
1067 5068 1225 5108 omne
1253 5054 1422 5108 litiutn
1449 5072 1618 5126 genus

37 5146 82 5186 et
103 5138 464 5192 contentionis
489 5141 728 5196 occasio:
764 5143 849 5195 ubi
876 5153 1052 5198 autem
1094 5145 1209 5201 htcc
1235 5164 1338 5202 non
1367 5160 1509 5217 sunt,
1544 5150 1615 5204 ibi

40 5241 219 5281 secora
252 5240 498 5283 versatur
525 5247 626 5299 pax
664 5244 719 5287 et
759 5236 1064 5291 concordia.
1097 5239 1160 5292 Et
1191 5240 1305 5297 haec
1334 5251 1392 5294 ut
1419 5242 1612 5308 discas,

40 5319 153 5370 audi
198 5320 324 5388 quid
370 5320 511 5375 dicat
554 5322 739 5378 beatus
771 5325 942 5381 Lucas
977 5327 1044 5382 de
1067 5328 1128 5384 iis
1158 5331 1246 5398 qui
1275 5332 1341 5384 ab
1369 5332 1522 5386 initio
1547 5335 1613 5388 ad

42 5407 190 5461 fdem
228 5411 476 5465 conversi
509 5422 652 5467 sunt.
693 5414 842 5482 Erat,
873 5417 1060 5486 inquit,
1095 5422 1316 5472 omnium
1345 5437 1432 5474 cor
1457 5439 1613 5476 unum

39 5508 77 5548 et
99 5501 269 5553 anima
295 5517 400 5555 una
425 5504 444 5570 (
469 5502 581 5556 Act.
618 5505 672 5558 4.
702 5506 770 5560 52
794 5509 850 5577 ):
884 5524 988 5562 non
1015 5510 1154 5579 quod
1183 5525 1338 5564 unam
1381 5512 1612 5569 animam

43 5587 308 5646 habuerint
339 5609 549 5660 omnes,
571 5596 860 5666 (quomodo
887 5597 1028 5654 enim
1054 5600 1176 5666 hoc,
1202 5616 1323 5657 cum
1354 5604 1407 5660 in
1434 5605 1611 5661 diver-

45 5682 106 5733 iis
128 5684 442 5755 corporibus
471 5685 751 5760 fuerint?)
795 5691 886 5746 sed
916 5694 1258 5754 concordiam
1285 5696 1495 5755 illorum
1520 5715 1604 5756 ar-

1074 249 1136 306 lN
1173 251 1324 307 CAP.
1365 251 1504 308 Xlll.
1544 249 1788 311 GENES.
1828 256 2062 318 HOMIL.
2103 264 2349 326 XXXIII.

3217 284 3318 343 3lC

1741 371 2030 431 ctissimam
2078 380 2231 437 nobis
2269 383 2628 466 demonstrat.
2665 387 2783 446 Iam
2823 394 2926 451 nisi
2965 396 3204 467 plurima:
3237 416 3314 469 pa-

1739 464 1940 556 tientia
1970 468 2159 527 fuisset
2183 474 2354 543 justus
2384 477 2492 544 ille,
2517 491 2573 536 et
2599 481 2859 554 insignem
2885 464 2996 556 pra:
3021 504 3083 543 se
3111 464 3318 547 tulisset

1737 555 2144 629 philosophiam,
2181 573 2573 628 succensuisset
2604 573 2842 643 forsitan,
2873 555 2926 635 et
2965 579 3038 636 ita
3063 582 3113 636 ei
3150 584 3323 639 dixis-

1735 655 1856 744 set:
1901 650 2030 744 Quis
2063 654 2212 710 furor
2249 659 2378 714 ille?
2411 662 2613 719 Ausine
2638 677 2761 720 sunt
2786 667 2970 724 famuli
3004 673 3078 726 tui
3103 687 3164 728 os
3188 691 3315 744 ape-

1734 737 1841 792 rire
1869 740 2123 798 adversus
2154 761 2345 815 operas
2374 767 2522 806 meas
2549 755 2573 808 ?
2604 771 2708 809 non
2734 760 3035 828 cogitarunt
3057 737 3315 833 quantum

1736 826 1876 883 inter
1920 847 2018 887 nos
2064 836 2133 888 sit
2174 838 2500 896 discrimen?
2540 844 2691 901 Unde
2729 826 2870 903 enim
2902 852 2994 906 tibi
3029 826 3115 910 illa
3143 857 3314 911 abun-

1734 920 1959 978 dantia?
1999 943 2174 984 nonne
2215 945 2280 986 ex
2318 950 2434 989 mea
2476 940 2642 993 cura?
2681 941 2810 1007 Quis
2839 955 2889 999 te
2933 946 2986 1001 in
3037 950 3312 1005 hominum

1733 1026 2078 1104 conspectum
2107 1023 2368 1088 protulit?
2393 1042 2570 1083 nonne
2597 1046 2696 1100 ego
2716 1035 2802 1102 qui
2828 1051 2925 1104 pro
2951 1041 3198 1096 omnibus
3221 1043 3312 1097 tibi

1733 1100 1926 1201 fui,-et
1977 1111 2138 1176 patris
2185 1113 2276 1167 tibi
2319 1117 2464 1171 vices
2503 1121 2585 1188 egi
2639 1100 2748 1190 per
2768 1100 2986 1181 omnia?
3019 1132 3193 1201 Atque
3216 1133 3313 1189 has

1733 1195 1863 1249 mihi
1912 1213 2007 1265 pro
2055 1208 2133 1255 tot
2175 1205 2483 1264 ministeriis
2519 1215 2793 1268 mercedes
2825 1218 3042 1274 reddis?
3082 1195 3312 1279 llaccine

1733 1301 1829 1356 spe
1880 1290 2075 1360 ubique
2122 1304 2174 1348 te
2213 1299 2464 1355 comitem
2515 1303 2722 1360 itineris
2759 1306 2957 1363 habui?
2996 1312 3144 1378 Esto,
3180 1316 3309 1373 nihil

1731 1393 1916 1434 eorum
1943 1398 2060 1450 qua:
2079 1400 2108 1438 a
2135 1403 2220 1442 me
2246 1388 2409 1446 babes
2439 1393 2488 1447 in
2516 1407 2746 1452 mentem
2777 1400 2868 1454 tibi
2900 1404 3073 1458 veniat
3098 1424 3111 1457 :
3134 1423 3310 1464 nonne

1731 1469 1918 1523 saltem
1945 1473 2027 1527 vel
2049 1487 2318 1532 senectam
2346 1497 2519 1537 meam
2546 1493 2600 1539 et
2627 1501 2792 1543 canos
2823 1496 3055 1546 revereri
3089 1507 3308 1564 oporte-

1731 1557 1858 1613 bat?
1878 1561 2343 1622 Sed,connivendo
2367 1574 2653 1640 permisisti
2677 1588 2914 1645 pastores
2941 1589 3058 1636 tuos
3083 1557 3140 1637 in
3162 1602 3310 1640 meos

1731 1650 2069 1722 debacchari,
2109 1661 2321 1715 nescius
2358 1665 2498 1732 quod
2541 1667 2678 1721 sicut
2714 1673 3058 1738 contumelia,
3100 1691 3199 1744 qua
3232 1677 3308 1731 illi

1731 1740 1904 1798 allecti
1945 1757 2092 1813 sunt,
2139 1749 2190 1803 in
2235 1767 2324 1807 me
2365 1757 2573 1824 transit,
2603 1759 2673 1814 ita
2707 1770 2761 1815 et
2795 1772 3002 1818 tuorum
3041 1740 3312 1824 temeritas

1733 1830 1824 1885 tibi
1848 1833 2186 1894 adscribitur.

1802 1922 1856 2016 il.
1901 1924 2006 1980 Sed
2045 1928 2174 1982 nihil
2201 1930 2390 1987 horum
2411 1935 2587 2004 justus
2612 1941 2693 1995 vel
2723 1941 2773 1995 in
2806 1953 3038 2000 mentem
3070 1949 3305 2016 admisit,

1730 2011 1824 2066 sed
1854 2017 2102 2073 omnibus
2133 2020 2236 2075 illis
2261 2024 2328 2077 ab
2351 2026 2530 2082 animo
2557 2032 2807 2100 repulsis,
2849 2051 3008 2090 unum
3053 2038 3155 2092 hoc
3178 2057 3308 2110 age-

1730 2103 1840 2170 bat,
1869 2110 2136 2177 quomodo
2161 2115 2300 2181 quod
2335 2128 2644 2187 erupturum
2684 2133 2801 2177 erat
2827 2130 3183 2184 contentionis
3213 2103 3309 2186 in-

1729 2198 1975 2252 cendium
2002 2203 2381 2273 exstingueret,
2423 2218 2479 2264 et
2514 2212 2664 2265 suavi
2715 2220 3052 2284 separatione
3099 2223 3310 2292 excogiâ€”

1729 2293 2073 2364 tata,absque
2102 2297 2268 2351 turbis
2295 2298 2584 2356 habitaret:
2613 2305 2742 2359 dicit
2762 2307 2904 2361 enim
2939 2326 2953 2361 :
2981 2309 3113 2365 Ecce
3138 2329 3310 2366 annon

1728 2385 1888 2436 omnis
1913 2394 2046 2438 terra
2069 2403 2240 2440 corant
2270 2399 2318 2442 te
2345 2400 2417 2444 est
2433 2391 2459 2444 Î¡
2487 2391 2699 2448 Discede
2718 2412 2749 2449 a
2777 2413 2855 2450 me
2876 2413 2895 2451 :
2936 2399 2978 2451 si
3007 2410 3060 2452 tu
3085 2401 3153 2453 ad
3180 2403 3310 2454 sini-

1727 2485 1904 2546 stram,
1926 2494 2017 2550 ego
2039 2480 2107 2532 ad
2139 2481 2434 2546 dexteraitt;
2459 2485 2502 2539 si
2541 2496 2598 2539 tu
2619 2488 2688 2541 ad
2717 2489 2992 2556 dexteram,
3024 2509 3116 2561 ego
3149 2494 3218 2546 ad
3237 2495 3310 2547 si-

1728 2568 1958 2622 nistram.
1999 2569 2132 2626 Vide
2174 2575 2639 2632 mansuetudinem
2681 2578 2830 2647 justi.
2862 2582 3128 2650 Operibus
3165 2586 3308 2638 enim

1727 2661 1979 2727 ostendit,
2023 2679 2082 2718 se
2110 2679 2214 2718 non
2245 2681 2336 2720 sua
2363 2677 2553 2735 sponte
2579 2667 2756 2724 facere
2791 2670 2913 2737 hoc,
2946 2688 3118 2742 neque
3156 2689 3313 2743 sepa-

1727 2755 1831 2808 rari
1855 2756 2010 2821 velle,
2040 2756 2136 2811 sed
2162 2757 2230 2812 ob
2263 2761 2620 2816 contentionis
2647 2764 3042 2831 necessitatem,
3075 2776 3131 2820 ut
3157 2783 3225 2821 ne
3251 2769 3306 2822 in

1726 2846 1888 2902 domo
1919 2849 1986 2903 sit
2027 2859 2344 2920 perpetuum
2388 2853 2586 2908 bellum
2615 2873 2628 2908 :
2656 2856 2777 2911 vide
2819 2859 3089 2927 quomodo
3137 2859 3312 2914 verbis

1726 2937 1870 2994 illius
1895 2939 2053 2994 bilem
2084 2943 2454 3009 mansuefacit,
2501 2955 2555 2999 et
2586 2961 2800 3002 omnem
2827 2949 2876 3003 ei
2896 2949 3172 3004 electionis
3208 2966 3307 3020 po-

1729 3037 1974 3085 testatem
2013 3030 2122 3099 dat,
2155 3035 2508 3103 proponitque
2545 3051 2758 3092 omnem
2790 3047 3012 3106 terram,
3046 3055 3110 3095 ac
3141 3041 3304 3097 dicit:

1726 3119 1857 3175 Ecce
1873 3139 2041 3176 annon
2067 3123 2386 3178 omnis'terra
2408 3143 2578 3180 coram
2605 3130 2692 3182 te?
2716 3129 2886 3195 Quam
2913 3131 3014 3197 vis,
3047 3132 3184 3201 elige
3207 3151 3220 3186 :
3252 3145 3308 3188 et

1725 3229 1840 3284 ego,
1857 3231 2011 3285 quam
2025 3225 2079 3271 tu
2099 3217 2397 3287 reliqueris,
2416 3235 2602 3290 magna
2617 3237 2736 3276 cum
2755 3224 3019 3292 voluptate
3031 3225 3306 3296 accipiam.

1726 3304 1910 3374 Magna
1942 3316 2025 3360 est
2047 3307 2177 3376 justi
2221 3308 2376 3379 hujus
2417 3309 2772 3382 philosophia.
2806 3313 2924 3369 Non
2959 3316 3070 3369 vult
3094 3317 3311 3372 omnino

1725 3412 1989 3458 onerosus
2033 3417 2153 3456 esse
2193 3401 2372 3458 fratris
2412 3405 2558 3470 lilio;
2590 3407 2741 3474 quasi
2769 3407 3006 3464 diceret:
3050 3410 3308 3478 Quoniam

1724 3489 1778 3544 id
1815 3491 1958 3561 quod
2003 3492 2253 3547 nolebam
2297 3495 2509 3561 accidit,
2541 3511 2646 3566 quo
2680 3506 2892 3552 cessent
2919 3500 3308 3565 contentiones,

1726 3583 2085 3637 necessarium
2127 3592 2210 3638 est
2251 3593 2307 3638 ut
2345 3600 2690 3654 separemur:
2734 3598 3014 3657 propterea
3051 3598 3102 3644 te
3139 3589 3310 3644 domi-

1726 3691 1854 3731 num
1881 3675 2160 3732 electionis
2187 3686 2242 3732 et
2270 3677 2528 3732 arbitrum
2556 3679 2859 3743 constituo;
2895 3690 2948 3734 et
2970 3695 3180 3735 omnem
3216 3682 3309 3736 tibi

1727 3776 2044 3835 potestatem
2086 3767 2177 3834 d0,
2205 3779 2262 3822 ut
2289 3777 2484 3823 terram
2530 3784 2690 3838 quam
2731 3771 3006 3824 meliorem
3036 3786 3224 3825 censes
3255 3781 3310 3824 lu

1726 3859 1911 3930 eligas,
1952 3868 2007 3914 et
2051 3860 2309 3930 reliquam
2351 3862 2496 3914 sinas
2524 3876 2642 3917 esse
2675 3877 2870 3916 meam.
2899 3861 3034 3916 Num
3067 3861 3167 3916 hoc
3190 3863 3308 3932 quis

1725 3968 1974 4022 umquam
2015 3954 2235 4023 arqualis
2267 3953 2437 4007 aetatis
2472 3953 2620 4008 fratri
2657 3953 2954 4008 faciendum
2994 3954 3222 4019 censuit,
3250 3954 3302 4006 id

1725 4043 1867 4113 quod
1894 4043 2072 4098 fratris
2105 4043 2215 4096 ï¬lio
2245 4043 2584 4112 patriarcha?
2621 4043 2750 4097 Nam
2780 4044 2824 4098 si
2857 4044 2969 4114 ipse
2997 4043 3132 4098 facta
3162 4045 3309 4113 prius

1724 4135 1988 4191 electione
2017 4136 2242 4205 primutn
2265 4137 2438 4190 locum
2465 4137 2567 4190 sibi
2598 4145 2886 4202 servasset,
2918 4139 3304 4192 concessisset-

1725 4231 1918 4300 queilli
1943 4230 2167 4300 reliqua,
2195 4244 2372 4285 nonne
2398 4239 2452 4285 et
2479 4229 2581 4284 hoc
2604 4239 2758 4299 pacto
2787 4245 3035 4300 magnum
3057 4229 3308 4300 quiddam

1727 4321 1981 4375 fecisset?
2013 4323 2082 4374 At
2113 4322 2339 4392 ingentis
2367 4321 2575 4376 virtutis
2595 4337 2704 4377 sua:
2731 4323 2998 4389 specimen
3026 4321 3303 4386 exhibere,

1725 4424 1781 4468 et
1808 4413 2130 4468 desiderium
2152 4414 2360 4484 juvenis
2381 4415 2596 4484 explere
2620 4415 2852 4480 volebat,
2887 4415 2957 4468 ita
2979 4424 3036 4469 ut
3065 4414 3208 4469 nulla
3238 4432 3304 4469 ex

1724 4509 2062 4577 separatione
2110 4516 2422 4563 nasceretur
2467 4508 2715 4563 maeroris
2763 4507 3014 4572 occasio,
3065 4508 3204 4562 unde
3255 4509 3307 4562 ci

1725 4601 1997 4670 proposita
2030 4609 2289 4670 potestate
2319 4600 2488 4667 omni,
2516 4599 2681 4654 dicit:
2712 4598 2841 4652 Ecce
2875 4601 3036 4653 omnis
3059 4608 3190 4653 terra
3216 4615 3304 4652 co-

1724 4711 1833 4747 ram
1871 4703 1957 4748 te:
1999 4710 2236 4764 separare
2271 4711 2302 4746 a
2338 4710 2437 4756 me,
2482 4701 2539 4749 et
2573 4693 2783 4762 qualem
2823 4693 3053 4747 volueris
3108 4701 3306 4748 terram

1725 4787 1881 4857 elige.
1911 4786 2198 4856 Oportebat
2225 4786 2384 4856 igitur
2410 4784 2590 4840 fratris
2617 4786 2802 4851 filium,
2832 4800 2952 4840 cum
2985 4795 3184 4840 tantam
3206 4801 3295 4840 cs-

1728 4879 1992 4947 periretur
2031 4879 2335 4946 aequitatem
2378 4877 2733 4947 patriarchae.
2791 4893 2970 4946 parem
3010 4877 3308 4946 rependere

1726 4971 2010 5036 honorem,
2039 4979 2094 5024 et
2115 4969 2165 5025 ei
2192 4970 2366 5038 potius
2395 4970 2612 5023 liberam
2638 4962 2955 5024 electionem
2985 4968 3302 5022 concedere.

1724 5059 1970 5116 Solemus
2013 5061 2152 5114 enim
2196 5060 2362 5113 ferme
2400 5061 2574 5114 cuncti
2605 5060 2867 5124 homines,
2896 5061 2940 5112 si
2970 5058 3306 5113 obluctantes

1726 5151 1998 5206 videamus
2026 5151 2384 5215 adversarios,
2409 5167 2470 5204 ac
2486 5151 2870 5205 contendentes
2896 5150 2947 5204 in
2974 5150 3203 5219 primum
3223 5151 3301 5204 lo-

1731 5251 1844 5298 eam
1870 5243 2179 5308 ascendere,
2214 5257 2317 5295 non
2344 5241 2485 5296 ferre
2513 5257 2610 5296 nos
2640 5240 2918 5295 inferiores
2949 5257 3087 5303 esse,
3129 5257 3302 5310 neque

1723 5353 1803 5391 eis
1828 5335 2058 5391 cedere:
2100 5350 2234 5404 quos
2271 5335 2316 5389 si
2341 5334 2532 5388 cedere
2571 5333 2881 5399 viderimus,
2926 5343 2979 5388 et
3014 5332 3303 5387 humilibus

1723 5429 1902 5484 verbis
1939 5436 2253 5498 potestatem
2302 5441 2516 5482 omnem
2567 5425 2720 5479 nobis
2771 5426 3098 5494 permittere,
3148 5425 3300 5494 quasi

1722 5527 2030 5575 reverentes
2052 5533 2295 5588 magnam
2325 5516 2804 5583 mansuetudinem,
2830 5533 2884 5572 et
2903 5532 2934 5572 a
2955 5518 3300 5571 contentione

1721 5610 2047 5673 desistimus,
2079 5618 2134 5665 et
2156 5609 2274 5665 vice
2305 5621 2458 5662 versa
2481 5622 2692 5662 omnem
2717 5616 3031 5677 potestatem
3060 5606 3139 5661 eis
3165 5621 3300 5660 con-

1726 5704 1991 5770 cedimus,
2037 5703 2243 5760 etiatnsi
2288 5703 2464 5759 minor
2494 5718 2613 5759 esse
2645 5703 2882 5761 videatur
2923 5707 2967 5762 is
2994 5705 3084 5779 qui
3119 5705 3307 5760 nobis.
