3760 6250
475 252 573 311 Si!

472 381 596 418 cum
639 363 823 434 litigat.
854 364 987 420 Cum
1028 363 1247 420 deberet
1286 366 1445 435 igitur
1467 377 1519 420 et
1548 366 1645 421 Lot
1673 381 1794 420 cum
1821 367 2045 436 patriar-

476 459 577 511 cha
608 456 710 511 hoc
750 456 960 519 facere;
991 457 1080 511 ille
1110 465 1287 510 tanien
1309 467 1492 526 utpote
1523 458 1752 527 juvenis,
1781 467 1835 514 et
1863 458 2051 528 majori

478 548 905 616 concupiscentia
933 556 1151 612 tractus,
1182 549 1416 617 potiores
1448 558 1555 604 tum
1582 552 1680 605 sibi
1711 551 1851 605 visas
1878 562 2055 619 partes

479 638 691 705 arripit,
715 647 767 692 et
791 639 1103 694 electionem
1127 640 1269 693 facit.
1300 640 1385 695 l0.
1412 641 1478 695 Et
1498 642 1726 709 sublatis,
1746 643 1935 711 inquit,
1960 640 2054 697 Lot

476 729 637 781 oculis
664 729 791 790 suis,
817 729 938 781 vidit
965 745 1163 782 omnem
1187 732 1438 801 regionem
1454 734 1585 785 circa
1600 732 1899 798 Iordanem,
1923 736 2056 805 quod

475 830 582 872 tota
624 831 747 873 esset
788 821 998 891 irrigua,
1039 832 1307 894 antequam
1346 825 1595 879 Dominus
1633 827 1931 880 subverteret
1958 826 2058 882 Sa-

475 911 626 964 doma
673 922 718 964 et
766 910 1069 977 Gomorrha,
1121 918 1263 978 quasi
1299 918 1471 971 hortus
1516 917 1630 984 Dei,
1676 929 1721 972 et
1752 920 1881 973 sicut
1923 931 2058 973 terra

476 1002 696 1072 ﬁgypti
720 1022 877 1070 usque
900 1006 1020 1058 dum
1048 1009 1242 1060 venitur
1266 1010 1318 1061 in
1346 1008 1561 1080 Zogora.
1593 1012 1680 1065 il.
1705 1011 1770 1064 Et
1791 1012 1935 1083 elegit
1963 1012 2057 1066 sibi

476 1092 576 1146 Lot
618 1111 811 1149 onmem
852 1096 986 1148 circa
1023 1096 1300 1152 Jordanem
1340 1101 1612 1170 regionem,
1650 1111 1698 1154 et
1731 1103 1928 1155 recessit
1964 1101 2057 1156 Lot

476 1184 539 1238 ab
568 1184 789 1251 Oriente,
821 1188 1063 1257 divisique
1100 1199 1214 1242 sunt
1239 1202 1442 1261 uterque
1473 1209 1505 1244 a
1530 1192 1688 1262 fratre
1712 1210 1822 1247 suo.
1866 1194 2056 1249 Vidisti

475 1279 602 1346 justi
636 1279 881 1332 virtutem
914 1283 1177 1350 ingentem
1202 1324 1216 1343 .
1260 1286 1527 1353 quomodo
1572 1286 1802 1340 radicem
1844 1288 2058 1343 malitia:

483 1386 549 1423 ne
569 1372 873 1439 gemiinare
903 1373 1112 1441 quidem
1146 1377 1407 1443 permisit,
1454 1378 1545 1431 sed
1592 1380 1769 1431 statim
1806 1394 1925 1433 cum
1947 1380 2057 1449 jam

477 1462 731 1529 oriretur,
761 1463 994 1519 funditus
1018 1470 1256 1522 exsecuit
1280 1478 1332 1523 et
1358 1469 1609 1536 abolevit,
1638 1472 1803 1525 multa
1830 1487 1956 1526 usus
1986 1472 2062 1527 le-

481 1553 666 1617 nitate,
696 1564 749 1608 et
783 1556 994 1609 virtutis
1029 1571 1187 1612 causa
1224 1567 1536 1613 exterarum
1570 1576 1748 1615 rerum
1793 1578 2059 1618 summum

481 1652 843 1712 contemptum
886 1661 995 1714 prae
1035 1661 1094 1701 se
1136 1648 1332 1715 ferens,
1376 1650 1760 1721 declaransque
1789 1654 2055 1719 omnibus,

478 1734 746 1803 quomodo
776 1751 956 1805 pacem
991 1737 1208 1806 habere,
1235 1749 1291 1795 et
1318 1756 1349 1795 a
1377 1744 1718 1798 contentione
1742 1744 1975 1812 liberari,
2008 1746 2061 1801 id

483 1826 646 1894 pluris
674 1826 870 1882 faceret
892 1846 1047 1898 quam
1067 1846 1253 1885 omnes
1275 1830 1734 1888 facultatesiNam
1765 1846 1821 1889 ut
1850 1851 1917 1890 ne
1943 1836 2061 1906 quis

480 1917 804 1972 condemnet
825 1918 1026 1987 justum
1051 1922 1201 1989 quasi
1225 1922 1487 1991 ingratum
1519 1926 1658 1979 circa
1695 1926 1814 1992 Lot,
1844 1938 1897 1981 et
1921 1927 2061 1997 quod

478 2022 640 2076 quem
671 2022 701 2061 e
730 2008 891 2065 domo
918 2026 1013 2065 sua
1041 2011 1299 2067 eduxerat
1330 2014 1381 2067 in
1411 2023 1607 2069 terram
1638 2015 1889 2080 alienam,
1922 2032 2063 2072 nunc

481 2116 512 2154 a
534 2100 926 2157 cohabitatione
952 2104 1189 2171 ejiceret,
1221 2120 1353 2160 neve
1376 2115 1525 2175 putet
1550 2108 1723 2176 ipsum
1755 2106 2061 2163 inimicitia-

481 2208 601 2248 rum
619 2196 784 2262 gratia
804 2196 916 2249 ba-c
934 2195 1127 2257 facere.
1142 2198 1235 2251 sed
1262 2204 1317 2251 ut
1338 2200 1606 2254 discamus
1628 2215 1815 2255 omnes
1838 2216 1895 2256 se
1919 2202 2063 2271 pacis

481 2284 662 2339 studio
708 2285 823 2339 haec
873 2287 1064 2351 facere,
1100 2289 1222 2343 ideo
1258 2299 1312 2342 et
1344 2291 1661 2346 electionem
1691 2295 1737 2347 ei
1774 2295 2060 2361 concessit,

485 2390 657 2444 neque
688 2377 911 2433 moleste
938 2379 1056 2432 tulit
1082 2380 1221 2449 quod
1268 2382 1437 2449 prima
1489 2384 1672 2449 ferret,
1721 2392 1777 2438 ut
1818 2385 2062 2440 omnibus

483 2477 669 2520 notum
694 2466 849 2533 foret,
870 2471 1139 2538 quomodo
1156 2486 1307 2527 mens
1336 2488 1427 2526 sua
1458 2474 1523 2527 ad
1552 2478 1698 2544 pacis
1723 2475 2063 2546 caritatisque

483 2572 702 2628 scepum
725 2571 987 2630 spectaret
1009 2565 1363 2631 putissimum.
1382 2568 1643 2622 Prmterea
1661 2578 1715 2624 et
1734 2571 1875 2624 aliud
1898 2571 2066 2641 quod-

480 2647 607 2701 dam
653 2653 975 2721 mysterium
998 2654 1106 2722 jam
1148 2663 1303 2711 antea
1342 2658 1770 2727 dispensabatur,
1798 2671 1861 2715 ut
1900 2662 2065 2716 multa

483 2739 585 2793 hoc
603 2744 852 2811 exemplo
881 2744 1089 2811 tierent,
1115 2757 1171 2800 et
1196 2755 1254 2802 ut
1276 2749 1370 2803 Lot
1395 2751 1554 2805 rebus
1576 2752 1705 2821 ipsis
1740 2752 2063 2820 erudiretur,

483 2846 667 2886 senon
694 2842 755 2887 ut
786 2848 880 2903 par
904 2845 1019 2890 erat
1036 2837 1283 2908 elegisse,
1302 2849 1356 2895 et
1386 2848 1444 2895 ut
1479 2842 1747 2899 discerent
1777 2844 2067 2902 Sodomita:

486 2923 735 2979 \‘irtutem
766 2925 886 2994 Lot,
912 2939 968 2982 et
989 2931 1325 2999 separatione
1350 2932 1487 2988 facta
1518 2935 1806 3004 promissio
1837 2939 2063 3007 patriaro

472 3016 597 3070 clm
620 3017 741 3071 data
759 3030 951 3075 eventu
982 3023 1362 3092 compleretur,
1387 3041 1487 3097 qua
1511 3028 1711 3083 dictum
1743 3041 1825 3085 est
1846 3032 1894 3085 ei
1917 3050 1927 3083 :
1952 3032 2067 3086 Tibi

479 3117 530 3160 et
556 3109 737 3162 semini
759 3118 846 3163 tuo
864 3112 995 3165 dabo
1021 3123 1205 3167 terram
1231 3115 1398 3170 hanc:
1427 3118 1478 3171 id
1506 3120 1645 3189 quod
1676 3122 1927 3191 paulatim
1946 3140 2067 3194 pro-

484 3197 726 3253 cedatdo
757 3200 1075 3266 videbimus,
1096 3204 1274 3259 divina
1296 3207 1568 3277 Scriptura
1597 3211 1749 3265 nobis
1786 3228 1845 3267 ca
1882 3213 2066 3268 decla-

482 3301 659 3343 tanto.
710 3292 796 3345 I2.
829 3292 896 3346 Et
944 3294 1128 3348 Abram
1152 3336 1167 3363 ,
1214 3298 1402 3368 inquit,
1434 3302 1671 3356 habitavit
1699 3305 1749 3357 in
1778 3316 1911 3359 terra
1932 3306 2061 3360 Cha-

484 3396 621 3434 naan
642 3399 660 3446 ;
693 3382 789 3436 Lot
826 3394 992 3437 autem
1032 3386 1271 3441 habitavit
1317 3390 1367 3442 in
1407 3392 1603 3443 civitate
1635 3410 1747 3464 quin
1784 3406 1889 3448 erat
1936 3398 2069 3450 circa

481 3471 785 3542 Iordanem,
813 3488 859 3530 et
884 3480 1260 3533 tabernaculum
1292 3484 1463 3536 habuit
1491 3486 1543 3537 in
1573 3484 1833 3540 Sodomis.
1856 3489 1941 3543 15.
1969 3490 2067 3555 Qui

480 3575 652 3619 autem
680 3568 902 3623 homines
927 3570 1171 3625 Sodomis
1209 3576 1441 3645 agebant,
1472 3578 1597 3630 mali
1628 3591 1769 3633 erant
1808 3591 1854 3634 et
1891 3599 2071 3651 pecca-

487 3665 623 3710 tores
666 3675 836 3713 coram
885 3661 993 3715 Deo
1036 3665 1198 3718 valde.
1244 3665 1400 3720 Vides
1446 3667 1546 3722 Lot
1585 3680 1786 3725 tantum
1827 3682 2070 3744 spectare

484 3758 643 3802 terrtc
658 3759 920 3819 naturam,
939 3762 994 3806 et
1012 3769 1117 3808 non
1136 3756 1413 3813 advertere
1441 3760 1727 3815 incolarum
1747 3766 2069 3833 nequitiam?

486 3838 617 3905 Qua:
657 3843 800 3896 enim
834 3845 1052 3912 utilitas,
1080 3846 1184 3913 dic,
1223 3863 1341 3914 oro,
1376 3852 1417 3903 si
1447 3859 1587 3905 terra
1615 3852 1684 3907 sit
1713 3854 1984 3911 fructuosa
2016 3868 2068 3913 et

486 3932 658 4000 ferax,
690 3934 933 3992 homines
973 3948 1150 3994 autem
1196 3942 1331 3997 adeo
1366 3945 1627 3999 scelesti?
1656 3948 1791 4014 Quid
1820 3948 1998 4004 damni
2037 3968 2068 4007 e

485 4024 773 4081 solitudine
799 4037 852 4082 et
883 4028 1190 4100 inlrugil'era
1219 4046 1380 4101 terra,
1410 4036 1452 4089 si
1484 4037 1730 4094 homines
1760 4041 1866 4095 sint
1890 4043 2070 4097 huma-

489 4115 705 4169 niores?
730 4117 901 4187 Caput
937 4121 1080 4174 enim
1121 4132 1175 4177 et
1200 4138 1404 4178 summa
1449 4126 1707 4183 bonorum
1743 4141 1826 4186 est
1860 4133 2071 4188 inhabi-

488 4208 710 4261 tantium
752 4211 1002 4278 probitas.
1032 4213 1295 4268 Cancrum
1322 4215 1420 4270 Lot
1451 4218 1517 4272 ad
1550 4235 1712 4274 unum
1747 4230 1948 4277 tantum
1983 4241 2067 4279 re-

489 4299 683 4366 spexit,
712 4317 902 4371 nempe
927 4303 993 4357 ad
1022 4303 1348 4362 fertilitatem
1381 4318 1557 4365 terrae.
1585 4311 1652 4367 Et
1681 4313 1878 4371 idcirco
1920 4316 2068 4371 Scri-

492 4400 646 4458 ptura
675 4391 950 4451 declarare
976 4398 1129 4453 nobis
1159 4402 1341 4454 volens
1380 4402 1734 4460 habitantium
1778 4408 1884 4465 illic
1913 4411 2067 4465 mali-

488 4482 639 4548 tiam,
675 4483 839 4538 dicit:
886 4486 987 4552 Qui
1020 4499 1188 4542 autem
1221 4491 1444 4548 homines
1481 4496 1533 4548 in
1561 4495 1801 4553 Sodomis
1834 4502 2065 4571 agebant,

491 4573 614 4626 mali
643 4586 783 4628 eram
814 4587 859 4631 et
894 4590 1177 4647 peccatores
1206 4599 1376 4637 coram
1406 4585 1514 4640 Deo
1538 4588 1702 4643 valde.
1730 4590 1846 4645 Non
1871 4593 2063 4659 solum,

493 4664 682 4734 inquit,
708 4665 856 4733 Mali,
887 4670 981 4723 sed
1018 4670 1334 4739 Peccatores,
1362 4686 1416 4731 et
1437 4694 1540 4732 non
1574 4682 1907 4750 simpliciter,
1947 4684 2069 4739 Pec-

489 4766 700 4819 mtores,
733 4758 825 4812 sed
849 4769 903 4814 et
926 4760 1109 4815 Coram
1136 4763 1269 4829 Deo;
1301 4767 1401 4820 hoc
1422 4779 1526 4835 est,
1556 4771 1606 4824 in
1632 4772 1950 4828 immensum
1978 4792 2071 4830 ex-

486 4858 767 4902 creverant
803 4865 990 4905 eorum
1030 4866 1266 4922 peccata.
1309 4868 1363 4911 ct
1399 4861 1695 4928 prodigiosa
1728 4875 1845 4918 emt
1884 4882 2066 4920 eorum

490 4941 745 5008 iniquitas
771 4960 784 4996 :
816 4942 937 4998 ideo
964 4954 1019 4998 et
1047 4947 1302 5013 subdidit,
1336 4949 1518 5004 Coram
1550 4952 1657 5007 Deo
1686 4956 1848 5009 valde.
1882 4958 2068 5014 Vidisti

492 5033 709 5087 malitia:
750 5036 1168 5104 magnitudinem
1197 5038 1221 5092 ?
1256 5041 1434 5096 vidisti
1472 5054 1726 5113 quantum
1756 5056 1844 5102 est
1871 5052 2065 5106 malum
2158 5068 2159 5071 ‘

489 5125 689 5192 primas
717 5136 892 5194 partes
914 5142 1129 5197 capere,
1159 5140 1213 5186 et
1243 5148 1348 5186 non
1384 5135 1523 5202 quod
1563 5136 1691 5191 utile
1719 5148 1800 5191 est
1826 5141 2069 5196 conside-

492 5214 650 5267 rare?
675 5215 853 5270 vidisti
882 5231 1136 5287 quantum
1170 5222 1367 5277 bonum
1408 5226 1475 5279 sit
1512 5226 1833 5291 humanitas.
1864 5242 1917 5285 et
1962 5233 2062 5301 pri-

494 5318 582 5357 mo
608 5306 724 5360 loco
752 5309 963 5374 cedere,
992 5320 1046 5365 et
1074 5312 1377 5369 inferiorem
1410 5329 1614 5387 partem
1642 5320 1842 5376 habere
1867 5324 1889 5377 ?
1929 5325 2068 5380 Ecce

491 5395 633 5448 enim
661 5397 712 5450 in
743 5414 995 5465 processu
1025 5402 1283 5461 doctrinas
1309 5408 1606 5465 videbimus
1632 5412 1765 5465 nihil
1806 5415 2067 5482 profuisse

496 5486 721 5551 primum
752 5489 927 5543 locum
954 5494 1000 5547 ci
1033 5496 1119 5563 qui
1152 5496 1427 5567 elegerat;
1472 5511 1524 5554 et
1548 5516 1671 5555 eum
1699 5504 1786 5573 qui
1817 5504 2065 5562 inferiora

497 5576 665 5643 petiit,
706 5580 986 5635 clariorem
1018 5586 1253 5651 quotidie
1292 5587 1511 5657 factum,
1539 5608 1776 5663 opesque
1803 5596 1945 5654 illius
1972 5613 2070 5667 per

497 5668 673 5725 atttnia
696 5680 901 5742 auctas,
924 5675 1276 5751 omnibusque
1303 5680 1498 5739 factum
1527 5688 1893 5757 spectabilem.

1187 253 1247 310 S.
1286 253 1564 310 JOANNIS
1601 253 2070 311 CHRYSOSTOMI
2101 252 2413 310 .lRClllEl‘.
2455 251 2992 310 CONSTANTINOP.
3633 258 3713 313 δη

2227 366 2283 421 5.
2323 365 2539 421 Muralis
2575 367 2858 421 exhortatio
2887 367 2955 419 ad
2990 366 3345 420 humilitatem.
3371 397 3446 407 —
3478 366 3715 426 Ceterum

2154 465 2215 510 ut
2244 472 2313 511 ne
2354 456 2624 527 longiores
2663 457 2831 512 simus
2856 456 3117 524 docendo,
3168 457 3271 513 hoc
3306 457 3435 512 loco
3475 460 3630 514 linem
3657 464 3715 517 lo

2158 548 2353 618 quendi
2404 548 2694 611 facientes,
2743 548 2885 618 quod
2928 549 3192 618 reliquum
3242 558 3360 615 est,
3408 550 3467 604 in
3515 564 3715 621 seque»

2161 644 2266 693 tem
2307 654 2583 694 servemus
2607 639 2940 695 concionem.
2989 640 3122 695 Illud
3161 649 3338 696 autem
3382 655 3489 695 vos
3526 657 3718 712 rogave-

2162 731 2283 796 rim,
2332 739 2390 784 ut
2436 731 2731 785 imitatores
2766 732 2882 786 sitis
2929 731 3265 801 patriarchas,
3301 740 3355 787 et
3395 732 3597 802 primas
3624 750 3719 801 par-

2164 829 2242 873 tes
2271 836 2557 889 numquam
2581 822 2993 890 concupiscatis,
3035 823 3131 877 sed
3166 822 3555 891 obtemperetis
3592 822 3720 879 beato

2162 910 2329 965 Paulo
2379 912 2598 977 dicenti,
2658 911 2867 967 Honore
2912 915 3118 968 invicem
3172 916 3528 986 pramenientes
3572 916 3715 981 (Item.

2164 1002 2251 1057 19..
2314 1006 2405 1076 10)
2443 1004 2747 1074 superiores
2794 1020 2852 1061 se
2896 1008 3054 1076 ipsis:
3089 1016 3139 1062 et
3172 1008 3312 1062 detis
3339 1022 3581 1076 cperam,
3608 1020 3657 1060 ut
3681 1010 3715 1061 in

2163 1095 2408 1151 omnibus
2456 1098 2662 1150 minora
2715 1099 2959 1153 teneatis.
3006 1099 3117 1153 Hoc
3157 1108 3238 1154 est
3274 1101 3418 1154 enim
3464 1101 3717 1168 primatum

2162 1186 2361 1241 habere
2389 1227 2401 1251 ,
2451 1188 2588 1242 sicut
2628 1196 2682 1242 ct
2723 1189 2970 1243 Christus
3014 1189 3183 1243 dicit:
3235 1189 3338 1255 Qui
3378 1207 3434 1244 se
3486 1192 3718 1255 humilia,

2162 1279 2466 1332 exaltubitur
2518 1278 2670 1349 (Luc.
2728 1281 2815 1335 ﬂ.
2873 1282 2960 1345 11,
3007 1287 3062 1333 et
3100 1282 3187 1336 13.
3232 1282 3344 1348 Η).
3404 1281 3544 1348 Quid
3596 1282 3719 1351 igitur

2168 1369 2291 1424 huic
2335 1362 2536 1441 a-quale
2584 1370 2766 1437 fuerit,
2817 1372 3032 1442 quando
3076 1388 3171 1442 per
3214 1387 3277 1428 ea
3320 1374 3371 1428 in
3410 1376 3605 1443 quibus
3631 1376 3719 1428 aliis

2166 1459 2365 1530 primas
2426 1460 2704 1528 cedinms,
2751 1463 2851 1532 ipsi
2895 1462 3079 1532 majori
3131 1464 3355 1518 fruimur
3404 1462 3639 1527 honore;
3680 1476 3717 1517 ct

2164 1568 2261 1623 per
2286 1568 2404 1623 quae
2436 1554 2565 1609 alios
2592 1554 2944 1625 prmfcritnus,
2978 1557 3073 1625 ipsi
3106 1558 3157 1611 in
3180 1572 3449 1611 summum
3494 1557 3719 1612 honorem

2166 1642 2484 1698 evebimur?
2510 1644 2689 1715 itaque
2716 1646 2939 1701 obsecro
2985 1656 3041 1700 ut
3075 1646 3387 1702 studeami-s
3432 1648 3623 1702 imitari
3655 1666 3719 1716 p.1-

2168 1736 2415 1791 triarchte
2446 1736 2819 1804 humilitatem,
2849 1748 2903 1793 et
2928 1740 3076 1809 sequi
3106 1740 3323 1809 vestigia
3349 1738 3489 1809 ejus,
3511 1742 3598 1811 qui
3626 1756 3721 1796 περ

2166 1827 2339 1899 legem
2371 1838 2569 1884 tantum
2602 1831 2989 1901 philosophiam
3020 1846 3127 1901 pne
3172 1847 3228 1886 se
3274 1832 3411 1895 tulit,
3436 1846 3534 1885 nos
3573 1835 3651 1901 qui
3683 1836 3719 1885 in

2158 1904 2329 1989 gratia
2358 1936 2653 1976 versamur.
2686 1921 2785 1975 ista
2810 1921 2952 1977 enim
2997 1938 3121 1976 vera
3144 1933 3226 1977 est
3253 1923 3557 1989 humilitas,
3593 1940 3721 1992 quam

2173 2014 2398 2067 eximius
2430 2014 2519 2068 ille
2542 2014 2625 2068 vir
2650 2014 2934 2068 declaravit
2960 2028 3083 2084 erga
3114 2030 3235 2069 eum
3261 2014 3348 2084 qui
3378 2016 3548 2068 multo
3578 2031 3629 2067 se
3648 2016 3722 2067 fuit

2166 2106 2406 2172 inferior,
2440 2122 2545 2161 non
2574 2109 2747 2161 solum
2771 2108 2840 2161 ob
2860 2108 3068 2161 virtutis
3099 2107 3355 2161 rationem
3378 2148 3394 2175 ,
3423 2106 3517 2161 sed
3550 2118 3598 2160 et
3619 2122 3719 2175 pro-

2166 2200 2285 2266 pter
2314 2206 2522 2252 mtatem
2545 2206 2599 2252 et
2619 2197 2720 2251 alia
2747 2198 2946 2252 omnia.
2976 2195 3159 2267 Cogita
3186 2198 3329 2252 enim
3357 2212 3541 2253 senem
3566 2198 3719 2266 juresi

2166 2290 2412 2355 cessisse,
2445 2300 2498 2344 et
2547 2300 2792 2361 patruum
2846 2292 3026 2345 tratris
3076 2290 3204 2357 lilio,
3235 2299 3287 2345 et
3338 2291 3427 2359 qui
3471 2298 3658 2343 tantum
3699 2306 3721 2341 δ

2170 2381 2276 2436 Deo
2298 2384 2519 2436 sortitus
2556 2394 2671 2437 erat
2697 2384 2941 2452 gratiam,
2964 2384 3013 2438 ei
3034 2383 3126 2453 qui
3162 2385 3219 2437 in
3245 2383 3385 2437 nulla
3428 2397 3483 2437 re
3509 2396 3727 2451 magnam

2158 2473 2380 2544 aliquod
2428 2475 2696 2545 specimen
2738 2476 3081 2545 praebuerat:
3113 2482 3168 2528 et
3211 2489 3273 2529 ea
3317 2489 3437 2544 quae
3475 2474 3723 2543 oportebat

2170 2564 2315 2619 illum
2344 2564 2544 2632 dicere,
2568 2574 2625 2620 ut
2642 2564 2891 2634 juvenem
2921 2564 2983 2619 ad
3007 2566 3189 2619 senem
3217 2574 3372 2619 astate
3400 2572 3454 2617 et
3475 2562 3725 2632 dignitate,

2160 2666 2222 2712 et
2253 2668 2521 2727 patruum,
2540 2658 2625 2712 illa
2654 2657 3010 2727 patriarcham
3036 2656 3216 2728 juveni
3237 2656 3455 2711 (ﬁxisse.
3479 2654 3727 2725 lgituruos

2169 2762 2380 2818 quoque
2414 2766 2523 2807 non
2544 2750 2830 2817 eistatum,
2867 2750 2956 2817 qui
2978 2756 3133 2803 actate
3159 2749 3313 2803 nobis
3338 2757 3462 2802 sunt
3487 2748 3721 2815 majores.

2172 2838 2258 2892 vel
2278 2840 2438 2891 etiam
2496 2839 2747 2909 :rqnales,
2776 2839 3030 2894 honorem
3085 2838 3451 2893 cshibeamus.
3503 2836 3615 2892 Non
3662 2847 3727 2889 est

2170 2932 2311 2985 enim
2362 2931 2666 2998 humilitas,
2701 2932 2877 2988 facere
2918 2932 3056 3003 quod
3096 2932 3418 2987 necessitate
3462 2930 3624 2986 debes
3659 2930 3727 2982 vel

2158 3023 2377 3092 cogeris
2407 3041 2420 3075 :
2448 3024 2568 3091 hoc,
2591 3024 2827 3094 inquam,
2851 3039 2956 3077 non
2982 3033 3063 3078 est
3086 3024 3419 3090 humilitatis,
3449 3020 3544 3078 sed
3571 3022 3723 3077 debiti.

2168 3114 2308 3170 Vera
2353 3118 2527 3170 autem
2576 3114 2848 3171 humilitas
2889 3124 2967 3171 est
2993 3157 3006 3181 ,
3037 3115 3251 3186 quando
3291 3114 3533 3170 cedimus
3564 3115 3624 3168 iis
3658 3114 3729 3183 qui

2171 3208 2324 3262 nobis
2354 3206 2600 3262 videntur
2628 3204 2748 3262 esse
2771 3208 3039 3271 minores,
3071 3216 3124 3261 et
3164 3222 3257 3261 eos
3299 3214 3618 3261 Veneramur
3656 3208 3723 3275 qui

2172 3299 2325 3354 nobis
2351 3296 2633 3353 inferiores
2663 3312 2782 3353 esse
2807 3297 3233 3364 videntur.Quod
3259 3297 3303 3351 si
3324 3304 3471 3351 recte
3496 3296 3723 3364 sapimus,

2164 3390 2345 3444 nullos
2370 3390 2527 3443 etiam
2556 3389 2708 3445 nobis
2731 3403 2851 3444 esse
2878 3389 3109 3443 minores
3135 3387 3529 3449 arbitrabimur,
3544 3386 3631 3440 sed
3653 3401 3729 3438 nos

2172 3482 2414 3550 superari
2446 3481 2513 3535 ab
2538 3479 2788 3535 omnibus
2812 3478 3119 3533 hominibus
3146 3477 3403 3533 dicemus.
3423 3477 3489 3531 Et
3511 3476 3610 3529 hoc
3634 3478 3729 3529 dico

2172 3585 2279 3624 non
2307 3570 2373 3625 de
2395 3569 2568 3636 nobis,
2588 3570 2676 3640 qui
2703 3570 2996 3624 innumeris
3016 3569 3249 3624 immersi
3280 3583 3464 3623 sumus
3486 3570 3723 3637 peccatis:

2173 3661 2265 3717 sed
2293 3662 2501 3718 etiamsi
2526 3662 2646 3731 quis
2671 3661 2769 3716 sibi
2800 3661 3147 3731 plurimorum
3179 3660 3314 3714 bene
3333 3668 3601 3730 gestorum
3622 3675 3725 3713 con-

2173 3756 2315 3809 scius
2344 3756 2432 3821 sit,
2459 3755 2557 3809 nisi
2585 3754 2721 3825 apud
2745 3768 2806 3808 se
2840 3756 3029 3808 sentiat
3061 3769 3120 3808 se
3143 3754 3381 3808 omnium
3408 3768 3527 3807 esse
3557 3766 3727 3823 postre-

2174 3863 2316 3900 nmm
2340 3890 2353 3913 ,
2379 3847 2519 3899 nulla
2564 3848 2610 3901 ei
2644 3846 2815 3900 futura
2846 3846 3045 3899 utilitas
3082 3861 3147 3900 ex
3186 3845 3436 3899 omnibus
3470 3846 3621 3899 benis
3644 3846 3727 3897 suis

2173 3936 2587 4005 operibus.H:rc
2615 3947 2697 3991 est
2724 3938 2865 3991 enim
2890 3936 3183 4002 humilitas,
3211 3936 3423 4005 quando
3452 3938 3587 4005 quis,
3608 3952 3729 3986 ocis

2174 4030 2352 4083 siones
2381 4028 2585 4083 habens
2611 4037 2669 4083 ut
2698 4029 3002 4093 extollatur,
3026 4042 3084 4081 se
3114 4028 3286 4095 ipsum
3321 4027 3564 4080 humiliat
3592 4028 3729 4081 etde

2174 4121 2388 4188 primit,
2428 4135 2491 4173 ac
2538 4120 2786 4174 modeste
2829 4135 2887 4172 se
2937 4119 3093 4188 gerit.
3124 4118 3275 4173 Tunc
3300 4120 3441 4173 enim
3480 4118 3548 4172 ad
3572 4133 3729 4171 verum

2172 4210 2496 4265 subvehetur
2536 4210 2799 4280 fastigium
2845 4210 3137 4264 secundum
3188 4209 3597 4278 promissionem
3646 4208 3727 4260 lia-

2173 4302 2323 4367 ntini,
2350 4318 2464 4371 qua:
2494 4302 2623 4356 dicit
2656 4321 2667 4355 :
2691 4302 2791 4370 Qui
2810 4319 2862 4355 se
2884 4303 3132 4366 humiliat,
3158 4302 3466 4356 multabitur
3492 4300 3637 4373 (Lac.
3663 4302 3727 4353 ll.

2174 4392 2285 4461 ll).
2308 4391 2621 4462 Satagatnus
2651 4392 2828 4462 igitur,
2849 4393 3369 4456 obsecro,verticem
3392 4392 3543 4445 illum
3570 4407 3729 4444 enim

2172 4482 2578 4551 apprchendere
2628 4498 2724 4551 per
2778 4482 3165 4550 humilitatem,
3211 4491 3273 4538 ut
3319 4482 3563 4538 eamdem
3612 4483 3729 4535 illam

2172 4591 2330 4645 quam
2359 4575 2535 4643 justus
2561 4576 2648 4631 ille
2676 4590 2705 4628 a
2736 4576 2961 4629 Domino
3000 4580 3225 4645 gratiam
3254 4591 3665 4644 consequamur,
3693 4588 3729 4625 τι

2174 4666 2455 4721 inell'ahilia
2486 4668 2574 4720 illa
2600 4667 2736 4721 bona
2766 4682 3085 4730 mereamur,
3114 4668 3283 4737 gratia
3310 4677 3367 4721 et
3394 4667 3729 4721 misericordia

2174 4758 2381 4811 Domnn
2414 4759 2579 4812 nostri
2600 4758 2727 4813 Jcsu
2754 4758 2988 4820 Christi,
3031 4759 3245 4827 quicum
3278 4758 3458 4821 Patri,
3484 4766 3539 4812 et
3571 4770 3729 4811 sancto

2172 4850 2388 4917 Spiritui
2420 4850 2697 4919 sitgloria,
2724 4850 3025 4918 imperium,
3056 4850 3247 4916 honor,
3269 4865 3414 4903 nunc
3438 4857 3495 4903 et
3522 4862 3729 4914 senum.

2168 4955 2228 4997 et
2255 4944 2307 4997 in
2329 4944 2527 4997 smla
2556 4943 2894 4998 seculorum.
2926 4944 3116 4997 Amen.

2684 5076 2963 5132 llOMlLlA
3005 5075 3241 5131 XXXIV.

2180 5190 2240 5245 Et
2270 5191 2397 5244 dixit
2426 5190 2564 5245 Deus
2592 5191 2741 5246 Abra:
2764 5200 3028 5260 postquam
3046 5198 3310 5259 separatus
3342 5198 3420 5242 est
3443 5188 3506 5240 ab
3532 5205 3586 5239 eo
3624 5186 3725 5239 ιω.

2246 5282 2466 5336 Elcvatis
2494 5283 2655 5335 oculis
2682 5281 2781 5335 tuis
2808 5281 2919 5334 vide
2942 5297 2973 5333 a
2998 5279 3129 5345 loco,
3158 5280 3212 5332 in
3238 5295 3336 5346 quo
3362 5290 3417 5331 tu
3447 5294 3577 5331 nunc
3600 5280 3729 5339 es,“

2241 5375 2525 5444 aquilonem
2536 5384 2581 5427 et
2598 5374 2873 5440 meridiem,
2886 5382 2930 5426 et
2946 5373 3180 5425 orientem
3193 5382 3241 5425 et
3254 5387 3393 5425 mare
3404 5386 3423 5424 :
3434 5372 3549 5433 quia
3561 5387 3723 5422 ausura

2246 5474 2448 5530 terram,
2466 5482 2618 5534 quam
2638 5474 2692 5517 tu
2709 5464 2863 5531 uides,
2884 5464 2970 5517 tibi
2991 5463 3120 5517 dabo
3132 5479 3246 5518 eam
3264 5460 3415 5534 (Gen.
3440 5462 3524 5515 i3.
3548 5462 3611 5516 14
3640 5462 3690 5511 ιῖι
3703 5476 3727 5519 l-

2168 5612 2177 5616 ‘
2247 5599 2298 5652 l.
2357 5598 2654 5653 Modestiam
2703 5608 2750 5653 et
2818 5601 3250 5654 mansuetudine»:
3317 5598 3638 5651 commendat.
3668 5631 3717 5635 -ι

2176 5692 2442 5750 Didicislis
2482 5694 2628 5759 heri,
2664 5692 2965 5764 carissimi,
2993 5695 3239 5753 eximiam
3288 5690 3593 5764 patriarcha
3648 5690 3729 5740 hu.
