3788 6270
347 259 455 317 513

346 375 535 446 ϐολήν.
549 373 683 428 Οὐδέ
692 373 802 447 γάρ
813 369 883 445 ἦν
894 373 955 428 τδ
964 371 1124 444 τυχδν
1138 372 1199 427 τὸ
1215 371 1308 425 τὸν
1324 369 1660 442 πρεσϐύτην.
1673 368 1765 423 τὸν
1783 367 2021 422 τοσαῦτα

344 463 767 535 εὐεργετηκότα,
784 462 878 516 τὸν
888 461 1154 532 τοσαύτης
1168 458 1510 515 ἀπολαύοντα
1527 457 1623 528 τῆς
1643 458 1854 522 εὐνοίας
1870 457 2023 529 παρά

346 550 444 605 τοῦ
484 550 700 605 πάντων
736 550 1028 613 Δεσπότου,
1046 546 1315 617 τοσαύτην
1352 546 1725 611 ἐπιδείξασθαι
1765 546 1893 617 περὶ
1928 545 2020 600 τὸν

348 637 492 700 νέον,
510 638 601 691 τὸν
632 635 966 704 ἀδελφιδοῦν,
987 635 1086 705 τὴν
1128 634 1420 703 ἰσοτιμίαν,
1440 635 1580 689 ὥστε
1618 636 1712 689 καὶ
1736 635 1847 689 τῶν
1866 652 2020 706 πρω-

336 723 510 780 τείων
545 724 696 793 αύτῷ
736 726 1154 795 παραχωρῆσαι,
1176 723 1271 777 κιιί⁸
1285 723 1353 778 τά
1375 723 1630 779 ἐλάττονα
1665 722 1901 784 ἑλέσθαι.
1925 724 2020 779 καὶ

348 814 527 868 πάντα
561 811 957 878 καταδέξασθαι
998 811 1139 882 ὑπὲρ
1175 810 1267 865 τοῦ
1305 811 1397 864 τὸν
1428 811 1663 882 πόλεμον
1683 812 2017 877 ἀναστεῖλαι,

349 901 445 955 καὶ
462 900 559 970 τὴν
579 899 679 968 τῆς
698 897 1029 968 φιλονεικίας
1049 897 1304 952 ὑπόθεσιν
1336 897 1576 952 ἐκποδὼν
1613 898 1858 968 ποιῆσαι.
1881 899 2019 952 Τοῦ-

344 1004 438 1043 τον
477 987 714 1051 ἆπαντες
756 985 951 1055 ζηλοῦν
992 986 1401 1055 σπουδάζωμεν,
1434 987 1529 1040 καὶ
1572 986 1837 1058 μηδέποτε
1879 990 2021 1044 κατά

346 1074 456 1128 τῶν
494 1074 720 1143 πλησίον
756 1072 1136 1144 ἐπαιρώμεθα,
1158 1074 1293 1145 μηδὲ
1336 1074 1478 1143 μέγα
1518 1074 1805 1145 φρονῶμεν
1829 1092 1843 1106 ο
1884 1076 2019 1131 ἀλλά

349 1165 549 1235 πολλὴν
579 1164 679 1234 τὴν
698 1163 1198 1234 ταπεινοφροσύνην
1218 1163 1650 1233 ἐπιδεικνύμενοι
1671 1166 2017 1236 παραχωρῶ-

350 1269 472 1322 μεν,
495 1252 590 1305 καί⁵
609 1251 959 1305 ἐλαττοῦσθαι
982 1251 1181 1321 μᾶλλον
1203 1251 1519 1320 σπεύδωμεν
1537 1252 1595 1304 ἐν
1617 1254 1905 1322 πράγμασι
1926 1254 2018 1307 καὶ

347 1340 408 1391 ἐν
428 1339 654 1409 ῥήμασι,
665 1338 760 1392 καὶ
782 1340 916 1407 μήτε
932 1337 1067 1406 πρὸς
1081 1337 1206 1400 τούς
1223 1336 1543 1399 ἀδικοῦντας
1559 1337 2017 1410 ἀπεχθανώμεθα,

349 1426 451 1481 κᾶν
489 1425 915 1497 εὐηργετημένοι
949 1424 1154 1496 τύχωσι
1190 1426 1319 1497 παρ’
1353 1424 1509 1495 ήμῶν
1540 1424 1692 1489 ὄντες
1713 1426 1891 1494 (τοῦτο
1908 1428 2019 1499 γάρ

345 1513 544 1584 ἀρίστη
567 1511 895 1580 φιλοσοφία),
919 1513 1056 1582 μήτε
1075 1510 1210 1583 πρὸς
1227 1511 1327 1575 τάς
1348 1509 1497 1583 1540]
1518 1511 1703 1583 ὕϐρεις
1723 1514 2019 1585 ἀγριαίνω·

348 1618 471 1672 μεν,
492 1602 595 1654 κάν
615 1601 991 1670 ὑποδεέστεροι
1024 1595 1134 1652 εἷεν
1163 1601 1211 1651 οί
1235 1599 1371 1671 πρὸς
1390 1601 1538 1670 ἡμᾶς
1555 1599 2018 1671 διαπληκτιζόμεη

347 1707 451 1753 νοι,
471 1688 606 1743 ἀλλά
641 1692 704 1759 τῇ
739 1687 1009 1758 ἐπιεικείᾳ
1041 1688 1138 1741 καὶ
1168 1689 1233 1758 τῇ
1256 1687 1531 1757 πραΰτητι
1550 1687 1642 1741 τὸν
1662 1686 1832 1759 θυμὸν
1850 1706 2018 1744 κατα-

348 1781 674 1852 στέλλωμεν.
697 1779 861 1832 Οὐδὲν
880 1775 989 1849 γάρ
1008 1777 1213 1847 ταύτης
1252 1776 1622 1849 ἰσχυρότερον.
1642 1778 1796 1832 οὐδὲν
1814 1778 2017 1850 ταύτης

345 1867 731 1938 δυνατώτερον.
757 1865 906 1934 Δύτη
923 1865 1022 1935 τὴν
1040 1864 1312 1935 ἡμετέραν
1339 1864 1516 1935 ψυχὴν
1536 1865 1851 1933 ἐνδιηνεκεϊ
1886 1866 2018 1921 καθ-

349 1955 529 2027 ίστησι
565 1958 630 2026 τῇ
672 1954 902 2025 γαλήνη,
924 1953 1175 2025 καθάπερ
1211 1955 1271 2007 ἐν
1307 1953 1487 2024 λιμένι
1505 1953 1675 2025 αὐτὴν
1692 1954 2015 2025 ὁρμίζεσθαι

346 2043 867 2116 παρασκευάζουσα,
882 2042 977 2096 καὶ
1017 2042 1198 2111 πάσης
1232 2040 1591 2103 ἀναπαύσεως
1611 2041 1865 2106 ὑπόθεσις
1884 2044 2015 2113 ἡμῖν

344 2132 627 2203 γινομένη.
649 2130 747 2183 Διά
783 2129 940 2183 τοῦτο
977 2130 1070 2182 καὶ
1101 2130 1129 2182 0
1167 2129 1402 2200 Χριστὸς
1421 2129 1521 2199 τὴν
1540 2129 1691 2183 θείαν
1712 2130 1929 2202 ἐκείνην
1947 2131 2017 2184 διο

345 2218 640 2273 δασκαλίαν
704 2215 1023 2287 ποιούμενος
1074 2216 1259 2284 ἔλεγε·
1307 2215 1538 2271 Μάθετε
1580 2218 1881 2287 ἀπ’ἐμοῦ,
1926 2219 2018 2274 ὅτι

345 2306 538 2374 πρᾶός
575 2307 691 2373 εἰμι
727 2302 1140 2369 καὶταπεινὸς
1179 2302 1253 2370 τῇ
1291 2303 1501 2372 καρδίᾳ
1524 2346 1539 2367 ,
1580 2304 1680 2359 καὶ
1731 2306 2019 2371 εὑρήσετε

344 2393 695 2449 ἀνάπαυσιν
727 2391 857 2457 ταῖς
896 2391 1124 2459 ψυχαῖς
1162 2389 1347 2460 ὑμῶν.
1390 2392 1555 2445 Οὐδὲν
1595 2391 1706 2463 γὰρ
1740 2391 1885 2447 οὕτω
1919 2394 2019 2465 τὴν

344 2482 525 2551 ψυχὴν
563 2480 623 2534 ἐν
660 2478 963 2532 ἀναπαύσει
1004 2477 1295 2550 καθίστησι
1316 2480 1409 2531 καί⁸
1428 2478 1594 2551 πολλῇ
1615 2481 1922 2554 τῇνήσυχίᾳ,
1944 2482 2021 2549 ώς

344 2569 591 2640 πραότης
627 2568 722 2620 καὶ
758 2565 1245 2637 ταπεινοφροσύνη.
1267 2564 1437 2620 Τοῦτο
1469 2567 1669 2633 παντὸς
1688 2568 2017 2639 διαδήματος

344 2654 665 2726 τιμιώτερον
682 2655 748 2709 ἂν
761 2655 970 2723 γένοιτο
988 2653 1065 2723 τῷ
1081 2653 1285 2725 ταύτην
1304 2654 1643 2725 κεκτημένῳ,
1662 2655 1819 2711 τοῦτο
1837 2658 2016 2729 πάσης

342 2743 701 2815 περιφανείας
740 2743 836 2797 καὶ
852 2742 1009 2813 δόξης
1028 2741 1483 2814 λυσιτελέστερον.
1507 2744 1571 2796 Τί
1591 2744 1702 2815 γὰρ
1721 2744 1787 2798 ἀν
1805 2746 2018 2814 γένοιτο

346 2830 758 2904 μακαριώτερον
788 2827 885 2884 τοῦ
916 2828 1336 2900 ἀπηλλαγμένου
1357 2827 1450 2882 τοῦ
1471 2829 1680 2885 ἔνδοθεν
1699 2834 2016 2905 τικτομένου

342 2920 580 2991 πολέμου
600 2938 615 2986 ;
640 2918 756 2973 Κάν
786 2917 895 2989 γάρ
920 2917 1177 2989 μυριάκις
1196 2917 1419 2988 εἰρήνης
1439 2917 1636 2982 ἔξωθεν
1654 2919 2018 2993 ἀπολαύωμεν

342 3010 437 3063 καὶ
454 3008 771 3080 θεραπείας,
792 3006 1002 3060 ἔνδοθεν
1019 3006 1077 3060 δὲ
1097 3005 1346 3075 τίκτηται
1378 3008 1511 3078 ἡμῖν
1549 3007 1613 3061 ἐκ
1648 3009 1745 3079 τῆς
1782 3010 1893 3063 τῶν
1932 3011 2018 3066 λο-

342 3096 559 3166 γισμῶν
598 3094 844 3167 ταραχῆς
884 3093 1110 3164 θόρυϐος
1148 3093 1244 3147 xal
1283 3093 1418 3164 ζάλη
1445 3134 1459 3156 .
1502 3094 1654 3148 οὐδέν
1688 3096 1882 3164 δφελος
1918 3103 2017 3170 τῆς

342 3185 543 3252 ἔξωθεν
600 3184 851 3254 εἰρήνης’
910 3181 1099 3253 ὥσπερ
1168 3182 1291 3236 οὐδέ
1348 3182 1555 3247 πόλεώς
1606 3202 1657 3239 τι
1720 3185 2014 3243 ἐλεεινότε-

344 3288 438 3342 ρον
461 3283 510 3334 ι,
553 3270 657 3324 κάν
691 3270 859 3341 μυρία
894 3288 978 3333 τις
1019 3270 1175 3339 τείχη
1210 3271 1305 3325 καὶ
1324 3269 1705 3342 χαρακώματα
1724 3274 1895 3346 αὐτὴν
1916 3292 2015 3329 πεο

345 3358 596 3431 ριϐάλλῃ,
632 3360 695 3410 ἐκ
731 3357 787 3410 δέ
825 3356 932 3409 τῶν
972 3356 1181 3411 ἔνδοθεν
1219 3357 1572 3412 ἐνοικούντων
1604 3358 1703 3430 τὴν
1726 3361 2014 3431 προδοσίαν

342 3440 611 3513 ὑπομένῃ.
644 3439 813 3493 Τοῦτο
854 3439 1056 3504 τοίνυν,
1090 3440 1411 3510 παρακαλῶ,
1449 3442 1556 3512 1:90
1592 3442 1809 3497 πάντων
1844 3461 2012 3499 σπου-

342 3526 617 3597 δίιζωμεν,
664 3526 935 3597 ἀτάραχον
970 3525 1115 3595 ἔχειν
1152 3526 1250 3599 τὴν
1276 3527 1475 3598 ψυχὴν,
1510 3528 1568 3580 ἐν
1600 3529 1803 3600 ἡσυχίᾳ
1844 3529 2013 3603 αὐτὴν

341 3613 686 3677 καθιστάναι,
732 3614 915 3684 πάσης
950 3614 1140 3686 ἀηδίας
1186 3615 1551 3688 ἀπηλλάχθαι,
1597 3617 1683 3670 ἴνα
1733 3618 1828 3673 καὶ
1859 3619 2013 3674 αὐτοὶ

342 3703 542 3775 πολλῆς
564 3704 1054 3771 τῆς-ἀναπαύσεως
1088 3705 1469 3778 ἀπολαύωμεν,
1504 3707 1729 3771 καὶτοῖς
1758 3725 2010 3777 συγγινο-

344 3790 524 3862 μένοις
571 3793 702 3863 ἡμῖν
749 3795 1039 3867 προσηνεῖς
1076 3793 1375 3864 γινώμεθα.
1414 3794 1586 3849 Τοῦτο
1631 3795 1741 3866 γάρ
1776 3796 2011 3866 μάλιστα

339 3878 631 3951 γνώρισμα
674 3880 965 3951 ἀνθρώπου
1008 3880 1101 3935 τοῦ
1123 3880 1265 3952 λόγῳ
1290 3882 1677 3952 τετιμημένου,
1696 3884 1757 3936 τὸ
1780 3884 2007 3955 ῆμερον,

337 3966 401 4020 τὸ
422 3967 684 4032 ἐπιεικὲς.
726 3968 790 4021 τὸ
827 3970 1024 4039 πρᾶον,
1070 3968 1131 4022 τὸ
1164 3967 1439 4031 ταπεινὸν,
1460 3968 1521 4022 τὸ
1568 3969 1793 4039 ἥσυχον,
1836 3972 1899 4024 τὸ
1936 3973 2010 4044 μὴ

340 4055 591 4126 καθάπερ
609 4055 940 4127 ἀνδράποδον
958 4054 1129 4119 οὕτως
1148 4055 1402 4108 ἕλκεσθαι
1430 4056 1525 4108 καὶ
1546 4054 1828 4127 σύρεσθαι,
1847 4058 1882 4129 ἢ
1906 4060 2011 4114 ὐπὸ

337 4142 530 4214 ὀργῆς,
568 4142 601 4213 ἢ
635 4142 741 4195 ὐπδ
768 4142 876 4195 τῶν
910 4140 1086 4196 ἀλλων
1122 4142 1331 4205 παθῶν,
1360 4142 1497 4196 ἀλλά
1518 4142 1597 4214 τῷ
1630 4144 1877 4216 λογισμῷ
1913 4166 2009 4202 πε-

342 4227 646 4299 ριγίνεσθαι
671 4228 783 4282 τῶν
828 4228 1038 4283 ἔνδοθεν
1083 4228 1491 4298 σκιρτημάτων,
1534 4231 1631 4284 καὶ
1673 4231 1773 4302 τὴν
1803 4234 2008 4289 οἰκείαν

338 4314 627 4380 διασώζειν
652 4315 950 4381 εὐγένειαν.
975 4316 1069 4370 καὶ
1106 4314 1180 4387 μὴ
1202 4315 1293 4369 διά
1332 4315 1603 4388 ῥᾳθυμίας
1632 4318 1662 4359 1³
1680 4320 1762 4383 εἰς
1779 4321 1879 4393 τὴν
1896 4324 2007 4377 τῶν

340 4403 552 4471 ἀλόγων
599 4402 886 4457 ἐκπίπτειν
926 4403 1243 4475 θηριωδίαν.
1280 4405 1392 4458 Kal
1437 4405 1525 4459 ἵνα
1566 4407 1745 4481 μάθῃς
1770 4410 1870 4481 ὅση
1907 4413 2008 4484 τῆς

340 4490 651 4561 πραΰτητος
680 4490 772 4543 καί
811 4490 911 4559 τῆς
937 4491 1233 4555 ἐπιεικείας
1267 4495 1300 4564 ή
1342 4493 1628 4563 ἰσχύς,⁴και
1669 4497 1746 4560 ὡς
1776 4500 2007 4571 ήρκεσεν

336 4577 479 4647 αῦτη
501 4578 636 4650 μόνη
657 4580 691 4649 ή
721 4579 890 4650 ἀρετὴ
908 4580 999 4635 τὸν
1036 4580 1205 4652 αὐτὴν
1236 4583 1374 4652 μετά
1392 4584 1677 4655 ἀκριϐείας
1713 4589 2005 4660 κατωρθω.

339 4667 473 4719 κότα
509 4664 619 4719 τῶν
660 4667 987 4737 ἀπορρήτων
1032 4668 1255 4723 ἐκείνων
1284 4670 1521 4725 ἐπαίνων
1556 4673 1812 4739 ἀξιῶσαι,
1840 4676 2006 4733 ἀκουε

337 4752 433 4807 τοῦ
457 4752 730 4824 μακαρίου
758 4754 1035 4819 Μωῦσέως
1053 4756 1154 4825 τὴν
1169 4756 1502 4828 ἀνακήρυξιν
1520 4759 1767 4814 ἐντεῦθεν
1786 4765 2007 4834 γινομέ-

336 4858 456 4913 νην,
480 4842 575 4896 καὶ
594 4840 855 4910 στέφανον
873 4841 1022 4913 αύτῷ
1054 4844 1121 4896 ἐκ
1136 4842 1340 4914 ταύτης
1359 4843 1501 4899 οὕτω
1520 4846 1872 4919 πλεκόμενον.
1894 4853 2004 4907 Kal

337 4927 598 4996 Μωεισῆς
616 4923 716 4997 ἦν,
743 4928 895 4996 φησὶ,
920 4929 1251 4996 πραότατος
1269 4928 1512 4985 πάντων
1530 4932 1859 5001 ἀνθρώπων
1887 4938 2007 4993 τῶν

336 5017 433 5070 ἐπὶ
455 5016 564 5084 τῆς
602 5015 733 5085 γῆς.
769 5012 921 5081 Είδες
958 5017 1235 5088 ἐγκωμίου
1276 5017 1527 5088 μέγεθος,
1563 5020 1591 5073 ὃ
1620 5022 1800 5094 πάσης
1838 5026 2005 5081 αὐτὸν

334 5105 435 5176 τῆς
464 5103 809 5175 ἀνθρωπίνης
846 5103 1057 5174 φύσεως
1098 5104 1399 5158 ἰσοστάσιον
1432 5106 1699 5178 ἀπέφηνε.
1725 5109 1925 5179 μᾶλλον
1948 5113 2004 5166 δέ

336 5193 537 5255 παντὸς
556 5192 648 5246 τοῦ
669 5193 774 5246 τῶν
795 5192 1098 5265 ἀνθρώπων
1128 5194 1318 5261 γένους
1350 5195 1674 5267 προέκρινε;
1710 5198 1819 5252 Καὶ
1844 5200 2002 5253 πάλιν

335 5281 465 5353 περὶ
489 5280 582 5334 τοῦ
602 5282 762 5335 Δαυῖδ
796 5299 957 5353 φησιν
984 5283 1018 5354 ή
1052 5283 1092 5334 Γ
1096 5284 1262 5354 ραφή·
1303 5284 1637 5351 Μνήσθητι,
1677 5287 1872 5353 Κύριε,
1896 5289 2001 5343 τοῦ

334 5367 536 5431 Δαυῒδ,
583 5367 679 5421 καὶ
731 5368 936 5438 πάσης
966 5367 1074 5435 τῆς
1112 5370 1445 5437 πραότητος
1473 5372 1678 5426 αὑτοῦ.
1724 5373 2001 5429 Ἐντεῦθεν

334 5456 431 5509 καὶ
472 5457 501 5509 0
545 5456 886 5528 πατριάρχης
928 5456 1106 5527 πολλῷ
1149 5456 1373 5511 πλείονα
1406 5458 1503 5530 τὴν
1543 5460 1747 5515 ἄνωθεν
1787 5461 2000 5517 εὔνοιαν

333 5545 703 5610 ἐπεσπάσατο,
742 5546 837 5598 καὶ
863 5544 932 5599 τὰ
970 5544 1101 5617 παρ’
1129 5544 1323 5598 ἐαυτοῦ
1364 5547 1709 5615 εἰσενεγκὼν,
1748 5550 1858 5603 τῶν
1881 5569 2000 5621 μει-

331 5631 501 5694 ζόνων
536 5631 741 5702 ἠξιώθη
780 5632 932 5704 παρά
963 5632 1056 5685 τοῦ
1100 5632 1481 5705 φιλανθρώπου
1515 5635 1668 5689 Θεοῦ.
1700 5638 1811 5690 Kal
1840 5638 1999 5694 τοῦτο

332 5718 563 5788 εἴσεσθε,
600 5720 819 5775 ἐπειδάν
848 5722 930 5784 εἰς
965 5720 1129 5792 μέσον
1159 5720 1449 5792 προθῶμεν
1483 5722 1611 5793 ύμῖν
1643 5723 1713 5779 τὰ
1730 5725 1995 5782 ἀκόλουθα

395 5921 422 5949 ⁴¹
443 5918 541 5973 Mil
565 5922 871 5988 ἐλεεινότερον
900 5925 1101 5988 γένοιτο.
1167 5922 1195 5964 δ
1222 5921 1426 5987 Septem
1448 5935 1561 5974 mss.
1588 5922 1666 5972 διά
1690 5924 1931 5995 ῥᾳθυμίαν.

1187 254 1245 312 S.
1283 250 1569 311 JOANNiS
1602 246 1931 307 οιηιγεοεε

2145 248 2443 313 \RCHIEP.
2482 249 3029 311 CONSTANTINOP.
3687 262 3758 319 3N

2120 383 2232 421 των
2280 368 2407 439 χθές
2462 369 2803 441 εἰρημένων,
2852 371 2947 425 καὶ
2996 369 3068 425 τά
3115 371 3334 444 πριῖηον
3375 375 3758 445 ἀναγνωσθέπι

2117 453 2517 525 ἀναπτύξωμεν
2548 454 2643 508 ἐπὶ
2678 455 2777 524 τῆς
2824 455 3096 528 ὑμετέρας
3128 458 3370 530 ἀγάπης.
3422 459 3647 530 Ἐπειδὴ
3685 462 3757 531 γάι

2120 540 2322 613 πολλὴν
2373 542 2782 613 ἐπιδειξάμενος
2821 543 2920 614 τὴν
2962 544 3266 599 ἐπιείκειαν
3314 547 3686 619 παρεχώρησε
3711 550 3758 619 τῆ

2118 630 2244 685 Λὼτ
2274 630 2381 685 τῶν
2412 632 2713 703 πρωτείων,
2739 635 2834 687 καὶ
2863 634 2963 704 τῆς
2992 634 3222 703 ἐκλογῆς
3250 635 3398 706 αὐτῷ
3421 636 3521 707 τὴν
3546 636 3757 703 ἐξουσία

2116 716 2395 782 δεδωκὼς,
2423 720 2594 774 εἵλετο
2627 720 2926 792 προθύμως
2968 721 3068 795 τήν
3105 722 3364 778 ἐλάττονα
3404 724 3603 796 μερίδα
3653 724 3758 792 ὑπὲρ

2117 805 2213 859 τοῦ
2270 808 2449 860 πᾶσαν
2503 807 2745 861 ἐκποδὼν
2797 807 3049 877 γενέσθαι
3087 808 3444 878 φιλονεικίαψ
3499 812 3609 874 ὅρα
3638 809 3758 884 [ειη

2117 894 2249 965 ὅσης
2296 896 2559 950 ἀπολαύει
2609 897 2951 968 παραχρῆμα
2989 898 3138 969 παρά
3183 897 3278 951 τοῦ
3312 897 3446 951 Θεοῦ
3490 900 3598 969 τῆς
3635 901 3758 969 ἅμα·

2119 984 2243 1053 ϐῆς,
2274 984 2369 1037 καὶ
2399 985 2545 1049 ὅπως
2586 985 2650 1037 ἐκ
2676 984 2876 1055 πολλῆς
2898 985 2998 1055 τῆς
3029 986 3343 1055 περιουσίας
3374 985 3626 1056 μείζονος
3650 988 3758 1053 ἀξιά

2114 1071 2216 1140 τῆς
2250 1071 2569 1133 ἀντιδόσεως
2598 1070 2688 1124 τὸν
2714 1072 3077 1142 πατριάρχην.
3117 1071 3374 1136 Τοιοῦτος
3398 1071 3509 1143 γάρ
3530 1073 3562 1124 0
3586 1075 3758 1126 Δεσπό-

2115 1174 2216 1227 της
2244 1159 2273 1211 ό
2324 1158 2613 1229 ἡμέτερος
2658 1158 2873 1212 ἐπειδὰν
2904 1158 2989 1232 ἴδῃ
3046 1161 3240 1229 μικρόν
3273 1177 3327 1212 τι
3378 1161 3758 1227 εἰσενεγκόντας

2117 1244 2285 1313 ἡμᾶς,
2314 1244 2555 1313 δαψιλεῖς
2586 1247 2718 1315 ἡμῖν
2750 1245 2975 1320 παρέχει
3005 1247 3102 1310 τάς
3142 1248 3270 1317 παρ’
3299 1245 3493 1300 ἐαυτοῦ
3528 1247 3757 1317 ἀμοιϐὰς,

2117 1332 2211 1385 καὶ
2230 1330 2498 1402 τοσαύτην
2518 1332 2882 1387 ἐπιδείκνυται
2907 1330 3006 1403 τὴν
3038 1333 3368 1405 φιλοτιμίαν,
3402 1335 3479 1398 ὡς
3512 1334 3688 1404 πολλῷ
3704 1337 3757 1405 τῷ

2120 1417 2306 1489 μέτρῳ
2329 1419 2749 1491 ὐπερακοντίσαι
2782 1419 2851 1474 τά
2880 1422 3005 1492 παρ’
3032 1421 3187 1491 ἡμῶν
3219 1423 3497 1490 γεγονότα.

2189 1508 2253 1578 β’.
2279 1510 2386 1562 Kal
2406 1509 2564 1565 τοῦτο
2594 1511 2678 1580 ἐφ’
2706 1511 2921 1582 ἑκάστῳ
2948 1512 3056 1565 τῶν
3085 1512 3213 1583 παρ’
3242 1513 3399 1582 ήμῶν
3437 1513 3757 1584 ἐπιτελουμέ-

2118 1614 2225 1649 νων
2252 1597 2473 1668 εὑρήσει
2494 1616 2578 1663 τις
2601 1600 2730 1671 παρ’
2758 1600 2922 1654 αὐτοῦ
2952 1600 3252 1671 γινόμενον.
3278 1600 3346 1653 Τί
3370 1600 3499 1672 γάρ,
3531 1602 3651 1655 εἰπέ
3668 1621 3754 1671 μοι,

2115 1685 2209 1741 δύο
2236 1686 2437 1741 ὀϐολῶν
2468 1688 2535 1743 ἂν
2592 1689 2799 1756 γένοιτο
2853 1689 3257 1759 εὐτελέστερονς
3310 1690 3450 1743 Ἀλλ’
3490 1693 3642 1760 ὅμως
3683 1692 3755 1760 τὴν

2117 1775 2293 1845 χήραν
2318 1776 2551 1848 ἐκείνην,
2594 1776 2694 1847 τὴν
2728 1779 2854 1841 τοὺς
2890 1778 2982 1832 δύο
3015 1779 3234 1842 ὀϐολοὺς
3257 1779 3683 1839 καταϐαλοῦσαν.
3714 1779 3756 1844 ἐξ

2117 1863 2324 1916 ἐκείνου
2352 1864 2511 1935 μέχρι
2555 1865 2649 1918 τοῦ
2678 1866 2943 1938 παρόντος
2992 1867 3072 1930 είς
3100 1868 3278 1920 πᾶσαν
3326 1867 3427 1936 τὴν
3456 1868 3755 1937 οἰκουμένην

2116 1949 2586 2021 ἀνακηρύττεσθαι
2639 1954 2924 2022 πεποίηκε.
2960 1953 3070 2007 Kal
3116 1952 3170 2007 τί
3214 1954 3359 2023 λέγω
3390 1953 3483 2007 δύο
3522 1954 3752 2019 όϐολούςς

2115 2038 2237 2092 Κάν
2266 2039 2522 2110 ποτήριον
2552 2040 2760 2112 ψυχροῦ
2785 2058 2869 2106 τις
2902 2041 2997 2112 δῷ,
3026 2043 3119 2096 καὶ
3144 2042 3286 2113 ὑπὲρ
3310 2042 3501 2097 τούτου
3539 2043 3754 2113 pta-(ah;

2115 2128 2287 2199 ὁρίζει
2312 2127 2411 2191 τὰς
2442 2129 2695 2200 ἀμοιϐάς.
2728 2129 2839 2183 ἀπὸ
2870 2130 2967 2201 τῆς
2991 2130 3215 2201 γνώμης
3245 2131 3332 2183 ἀεὶ
3349 2132 3629 2208 στεφανῶν
3652 2133 3754 2194 τοὺς

2116 2215 2215 2284 τὴν
2242 2215 2446 2286 ἀρετὴν
2494 2216 2913 2288 κατορθοῦντας.
2955 2218 3066 2272 Kal
3113 2218 3207 2272 ἐπὶ
3238 2218 3339 2288 τῆς
3367 2219 3687 2292 προσεδρίας
3710 2220 3753 2272 δέ

2116 2304 2224 2357 τῶν
2252 2304 2427 2373 εὐχῶν
2454 2302 2612 2358 τοῦτο
2642 2305 2740 2359 ἴδοι
2762 2321 2845 2368 τις
2880 2305 2948 2359 ἂν
2980 2306 3108 2376 παρ’
3131 2305 3297 2360 αὐτοῦ
3333 2306 3637 2376 γινόμενον.
3654 2310 3751 2362 Ἐὰν

2116 2392 2225 2462 γὰρ
2259 2391 2344 2462 ίδη
2406 2392 2546 2460 μετά
2573 2390 2901 2463 θερμότητός
2938 2411 3059 2448 τινα
3092 2394 3403 2464 προσιόντα,
3432 2395 3637 2459 εὐθέως
3662 2398 3752 2467 ἐρεῖ

2116 2481 2252 2551 πρὸς
2303 2481 2483 2535 αὐτόν’
2513 2482 2635 2534 Ἔτι
2662 2482 3143 2548 λαλοῦντόςσου
3169 2483 3299 2538 ιδοὺ
3339 2485 3600 2556 πάρειμι.
3638 2489 3747 2541 Εἱδὲ

2116 2569 2336 2623 πλείονα
2368 2568 2466 2641 τὴν
2511 2570 2837 2640 προσεδρίαν
2885 2570 3233 2640 ἐπιδείξηται,
3281 2573 3374 2627 καὶ
3416 2576 3557 2644 μετά
3584 2576 3748 2629 πολλῶ

2114 2658 2209 2712 τοῦ
2241 2658 2410 2712 πόθου
2432 2659 2527 2713 καλ⁸
2558 2658 2789 2729 ζεούσης
2826 2659 2924 2729 τῆς
2951 2659 3259 2730 προθυμίας
3281 2661 3351 2716 τά
3376 2662 3477 2734 τῆς
3507 2665 3750 2734 αἰτήσεως

2115 2745 2500 2816 φιλοτιμεῖται,
2547 2746 2643 2800 καὶ
2688 2745 2794 2817 πρὸ
2840 2746 2939 2817 τῆς
2985 2747 3252 2817 αίτήσεως
3291 2748 3655 2821 ἀνακηρύττει
3678 2756 3750 2806 καὶ

2117 2836 2391 2904 στεφανοῖ·
2445 2835 2583 2905 ὅπερ
2636 2834 2731 2887 καὶ
2784 2834 2878 2888 ἐπὶ
2938 2833 3037 2905 τῆς
3092 2835 3403 2900 Χαναναίας
3452 2838 3749 2909 πεποίηκεν.

2128 2922 2344 2993 Ἐπειδὴ
2394 2921 2503 2993 γὰρ
2535 2917 2674 2977 εἶδεν
2705 2921 2874 2993 αὐτῆς
2910 2921 3001 2977 τδν
3028 2921 3180 2976 τόνον
3207 2924 3302 2978 καὶ
3323 2925 3421 2994 τὴν
3447 2925 3651 2999 πολλὴν
3688 2928 3750 2980 ιν

2115 3027 2325 3073 στασιν,
2365 3011 2627 3082 πρότερον
2678 3008 3023 3081 ἀνακηρύεας
3059 3011 3154 3065 καὶ
3193 3012 3565 3083 στεφανώσας,
3592 3014 3665 3079 ὡς
3695 3018 3750 3067 εί-

2115 3100 2236 3152 πεῖν
2266 3097 2354 3152 διά
2384 3098 2493 3151 τῶν
2523 3098 2834 3169 ἐγκωμίων.
2874 3099 2968 3153 καὶ
3010 3099 3158 3173 πάσῃ
3187 3103 3253 3172 τῇ
3286 3102 3586 3177 οἰκουμένῃ
3609 3106 3749 3157 κατά-

2113 3187 2269 3257 δηλον
2296 3186 2466 3258 αὐτὴν
2499 3186 2752 3256 ποιήσας,
2773 3186 2893 3241 τότε
2922 3188 3016 3241 καὶ
3038 3186 3106 3241 τὰ
3130 3188 3231 3258 τῆς
3258 3190 3525 3260 αἰτήσεως
3554 3192 3749 3259 ἐφιλοτι-

2117 3277 2328 3347 μήσατο
2353 3273 2491 3346 μετά
2515 3273 2711 3345 πολλῆς
2734 3274 2834 3343 τῆς
2861 3274 3157 3344 δαψιλείας.
3195 3275 3378 3330 Εἰπὼν
3414 3277 3547 3348 γάρ,
3575 3275 3639 3332 Ὦ
3667 3283 3745 3347 τύ-

2113 3381 2232 3429 ναι,
2268 3362 2503 3432 μεγάλη
2555 3377 2672 3418 σου
2692 3364 2729 3428 ἡ
2754 3363 2979 3428 πίστις,
3005 3362 3127 3416 τότε
3155 3363 3422 3433 ἐπήγαγε,
3457 3368 3747 3433 Γθνηθήτω

2114 3469 2213 3507 σοι
2239 3452 2321 3518 ὡς
2351 3450 2715 3521 θέλεις.,Κα“ι
2741 3452 2789 3503 εἰ
2831 3449 3149 3522 βουλοίμεθα
3179 3452 3407 3506 ἕκαστον
3432 3453 3541 3506 τῶν
3570 3457 3627 3509 ἐν
3656 3458 3744 3517 21E;

2112 3540 2287 3605 θείαις
2310 3540 2548 3612 Γραφαῖς
2576 3538 2839 3606 ἐκλέγειν,
2878 3538 3153 3610 πανταχοῦ
3184 3538 3384 3609 πολλὴν
3413 3540 3654 3613 ὀψόμεθα
3674 3542 3745 3612 τήν

2114 3630 2421 3701 φιλοτιμίαν
2458 3627 2551 3682 τοῦ
2575 3627 2864 3681 Δεσπότου.
2893 3628 3065 3698 Ὅπερ
3099 3626 3341 3699 ἀκριϐῶς
3381 3630 3409 3681 0
3436 3632 3745 3702 πατριάρχης

2112 3717 2492 3787 ἐπιστάμενος,
2522 3716 2616 3769 καὶ
2650 3714 2802 3777 εἰδὼς
2822 3716 2904 3768 ὅτι
2934 3715 2963 3768 0
2991 3714 3096 3768 τῶν
3124 3716 3419 3786 ἐλαττόνων
3443 3719 3745 3788 παραχωρήο

2112 3823 2214 3870 σας
2269 3805 2531 3876 μειζόνων
2594 3802 2953 3867 ἐπιτεύξεται,
3010 3802 3261 3873 καθάπερ
3310 3803 3439 3872 χθὲς
3472 3806 3742 3874 ἠκούσατε.

2114 3892 2476 3965 παρεχώρησε
2496 3890 2576 3962 τῷ
2624 3890 2768 3956 Λὼτ,
2789 3893 2884 3944 καὶ
2913 3890 3088 3944 εἵλετο
3127 3889 3226 3961 τὴν
3257 3890 3640 3961 εὐτελεστέραν
3660 3894 3741 3961 χώ-

2114 3996 2234 4051 ραν,
2258 3979 2345 4033 ’ίνα
2376 3978 2587 4047 καὶτῆς
2617 3977 2949 4045 φιλονεικίας
2975 3976 3073 4041 τὰς
3108 3978 3361 4049 ἀφορμὰς
3395 3978 3649 4051 περιέλῃ.
3675 3979 3742 4030 καὶ

2111 4075 2208 4148 τὴν
2239 4075 2444 4129 οίκείαν
2476 4075 2674 4147 ἀρετὴν
2698 4072 3048 4144 ἐπιδείξηται,
3083 4074 3177 4128 καὶ
3197 4073 3256 4127 ἐν
3281 4075 3470 4146 είρήνῃ
3487 4077 3742 4143 κάτεισι-ἠ⁶

2114 4192 2182 4247 σῃ
2214 4175 2314 4244 τὴν
2351 4173 2527 4226 οἰκίαν
2560 4172 2793 4227 ἃπασαν.
2832 4171 2970 4225 Ἀλλ’
3004 4172 3202 4241 ἴδωμεν
3230 4172 3292 4224 ἐκ
3312 4171 3423 4224 τῶν
3449 4174 3740 4243 προσφάτως

2111 4270 2555 4341 ἀνεγνωσμένων,
2601 4269 2753 4333 τίνας
2798 4268 3061 4339 λαμϐάνει
3100 4267 3198 4331 τάς
3218 4268 3451 4338 ἀμοιϐάς
3492 4270 3643 4340 παρά
3674 4267 3738 4320 :03

2111 4369 2379 4423 Δεσπότου
2420 4367 2561 4439 ὑπὲρ
2585 4367 2683 4437 τῆς
2706 4364 2971 4435 τοσαύτης
3009 4364 3321 4428 ἐπιεικείας.
3347 4366 3452 4419 Kal
3480 4361 3634 4429 εἶπε,
3664 4384 3738 4434 φη·

2112 4465 2217 4529 σὶν,
2259 4468 2293 4519 ὀ
2327 4464 2470 4530 Θεὸς
2514 4461 2593 4529 τῷ
2625 4464 2851 4533 ’Λόραμ
2898 4460 3045 4530 μετὰ
3069 4460 3133 4513 τὸ
3181 4460 3641 4530 διαχωρισθῆναι
3666 4461 3747 4551 τίη

2111 4563 2241 4618 Λὼτ
2256 4564 2358 4618 ἀπ’
2378 4561 2586 4616 αὐτοῦ’
2627 4558 2988 4628 Ἀναϐλέψας
3013 4557 3133 4625 τοῖς
3166 4557 3492 4628 ὀφθαλμοῖς
3519 4576 3658 4621 σου,
3678 4559 3739 4610 γει

2108 4659 2226 4714 ἀπὸ
2245 4658 2349 4712 τοῦ
2374 4659 2583 4723 τόπου,
2610 4651 2685 4712 οὗ
2705 4654 2822 4709 νῦν
2841 4654 2922 4708 σὺ
2960 4648 3033 4717 εἴ,
3060 4652 3208 4721 πρὸς
3223 4652 3458 4722 ,βοῤῥᾶν
3483 4655 3583 4708 καί
3614 4654 3736 4707 lita.

2108 4756 2207 4810 καὶ
2240 4754 2545 4820 ἀνατολὰς
2587 4752 2685 4806 καί
2735 4750 3075 4805 θάλασσαν·
3111 4749 3198 4803 ὅτι
3251 4747 3456 4802 πᾶσαν
3497 4750 3615 4818 τὴν
3636 4749 3745 4835 τήθη

2107 4852 2190 4921 ἣν
2218 4852 2299 4908 σὺ
2330 4849 2497 4920 ὁρᾷς,
2521 4849 2621 4904 σοὶ
2642 4847 2813 4901 δώσω
2842 4844 3057 4913 αὐτὴν,
3089 4844 3187 4899 καὶ
3222 4841 3303 4908 τῷ
3332 4843 3629 4914 σπέρματι
3652 4854 3743 4899 σθω

2104 4952 2216 5017 ἕως
2236 4951 2344 5005 τοῦ
2393 4948 2627 5013 αἰῶνος.
2660 4947 2802 5018 Ὅρα
2832 4945 2895 4998 τὸ
2908 4944 3073 5014 τάχος
3095 4942 3195 5012 τῆς
3229 4940 3325 4995 τοῦ
3352 4942 3488 4995 Θεοῦ
3517 4942 3743 5017 προνοίας

2104 5049 2198 5101 καὶ
2225 5046 2326 5116 τῆς
2355 5041 2612 5114 ἀμοιϐῆς,
2642 5035 2711 5113 ἧς
2744 5038 2873 5108 περὶ
2887 5038 2978 5091 τὸν
3001 5037 3207 5090 δίκαιον
3235 5035 3620 5089 ἐπιδείκνυται.
3645 5036 3743 5117 Bari

2102 5143 2304 5214 λομένη
2345 5140 2456 5210 γὰρ
2478 5139 2628 5210 ἡμᾶς
2654 5136 2913 5205 διδάξαιή
2939 5133 3059 5187 θεία
3088 5131 3300 5203 Γραφὴ,
3336 5132 3471 5203 ὅσης
3500 5131 3741 5214 ἀποδοχῆιι

2102 5237 2307 5308 team
2340 5236 2494 5307 παρά
2518 5232 2615 5287 τοῦ
2664 5229 3047 5302 φιλανθρώπου
3067 5228 3203 5283 Θεοῦ
3252 5231 3283 5282 0
3310 5229 3649 5300 πατριάρχης
3669 5228 3733 5278 ἐπὶ

2102 5337 2167 5406 τῇ
2192 5332 2429 5405 τοσαύτῃ
2467 5325 2963 5400 ταπεινοφροσύνῃ,
3000 5322 3230 5377 εἰποῦσα
3257 5323 3339 5377 ὃτι
3381 5323 3687 5395 διεχωρίσθη
3713 5318 3729 5367 ί

2104 5432 2244 5492 Λὼτ,
2280 5431 2375 5483 καὶ
2429 5424 2670 5493 ἀπῆλθεν
2712 5426 2794 5487 εἰς
2847 5422 2947 5493 τὴν
2986 5421 3112 5492 γῆν,
3156 5421 3224 5491 ἦν
3262 5418 3433 5472 εἵλετο
3477 5420 3552 5483 ώς
3597 5417 3705 5471 mil

2103 5532 2420 5593 στεύουσαν,
2461 5524 2663 5587 εὐθέως
2694 5522 2963 5595 ἐπήγαγε·
3004 5518 3111 5572 Kal
3151 5513 3280 5571 εἷπε
3315 5518 3533 5585 Κύριος
3561 5521 3593 5570 ὁ
3623 5515 3699 5568 Θεέ

2103 5627 2183 5694 τῷ
2203 5628 2451 5694 Ἀϐραμ.
2480 5617 2614 5676 Εἶτα
2635 5621 2722 5675 ἴνα
2769 5619 3029 5691 μάθωμεν
3049 5615 3187 5687 μετά
3218 5614 3502 5686 ἀκριϐείας
3521 5617 3598 5668 ὅτι
3626 5615 3685 5664 ὑπ

2103 5724 2210 5779 τῶν
2244 5724 2323 5786 εἰς
2357 5720 2448 5774 τὸν
2473 5717 2595 5773 Λὼτ
2620 5715 3003 5787 γεγενημένων
3031 5711 3388 5782 ἀμειϐόμενος
3417 5709 3567 5783 [302]
3604 5709 3684 5760 αὐτ

2101 5820 2279 5875 ταῦτά
2307 5835 2461 5890 φησι,
2491 5814 2820 5887 προσέθηκε·
2854 5810 2965 5865 Kal
2994 5804 3166 5863 εἶπεν
3190 5810 3233 5863 ὁ
3255 5806 3402 5873 Θεὸς
3440 5805 3518 5871 τῷ
3552 5804 3639 5869 ἍΕ

2096 5916 2248 5990 μετὰ
2274 5916 2342 5972 τὸ
2366 5908 2829 5985 διαχαιρισθῆναι
2854 5906 2962 5962 τὸν
2980 5904 3113 5962 Λὼτ
3134 5904 3237 5960 ἀπ’
3261 5902 3467 5961 αῦτοῦ’
3487 5916 3682 5974 pawn:

3736 5154 3741 5255 Ι

3734 5255 3741 5348 1

3709 5348 3742 5531 ί

3653 5531 3699 5565 ἰει

3662 5644 3685 5661 ,ι

3653 5711 3684 5758 'a.

3684 5858 3738 6171 ⁸1
