3760 6252
46 264 151 318 513

46 385 324 438 intlitatem
346 423 364 450 ,
391 383 597 438 vidistis
645 384 915 439 lenitatem
956 383 1246 453 egregiam.
1275 381 1458 450 Neque
1493 383 1637 438 enim

46 486 162 528 erat
193 489 281 529 res
304 475 556 545 vulgaris,
586 475 727 546 quod
757 490 952 541 senex,
989 475 1078 545 qui
1107 483 1182 529 tot
1211 474 1468 530 beneﬁcia
1503 491 1602 530 con

44 568 271 632 tulerat,
299 584 456 637 quem
499 578 640 622 tanta
690 568 1056 624 benevolentia
1100 569 1357 624 Dominus
1397 569 1634 624 onmium

44 659 490 728 prosequebatur,
525 660 636 728 pari
683 659 885 713 honore
914 659 1223 728 dignaretur
1259 659 1508 728 juvenem
1534 700 1551 726 ,
1581 669 1636 714 et

44 747 229 801 fratris
272 748 471 809 ﬁlium.
499 758 555 804 et
585 751 810 817 primatu
864 749 936 802 illi
989 749 1240 814 cederet,
1281 750 1635 819 inferioraque

42 838 156 906 ipse
186 838 462 907 deligeret,
493 839 730 908 nihilque
757 855 862 893 non
893 842 1088 894 faceret
1116 857 1219 910 quo
1242 840 1438 894 bellum
1467 840 1633 910 impe-

42 930 205 994 diret,
263 941 316 983 et
373 931 732 984 contentionis
776 931 1053 985 malet-iam
1098 946 1130 985 e
1172 931 1349 985 medio
1400 931 1628 985 tolleret.

42 1021 196 1075 llnnc
237 1037 428 1075 omnes
469 1023 663 1078 imitari
706 1023 1035 1088 Studeamus,
1059 1033 1113 1078 et
1157 1039 1442 1092 numquam
1470 1039 1631 1093 super

42 1112 346 1179 proximum
397 1115 754 1180 extollamur,
786 1131 1070 1184 numquam
1096 1114 1162 1170 de
1193 1115 1342 1169 nobis
1385 1115 1628 1170 sublimia

40 1205 336 1260 sentiamus
359 1222 373 1258 ε
404 1206 497 1260 sed
523 1206 781 1260 modestia
812 1207 1082 1275 conspicui
1112 1206 1363 1261 cedamus
1391 1206 1510 1260 aliis
1533 1248 1548 1270 ,
1576 1213 1630 1260 et

40 1293 334 1350 inferiores
366 1296 548 1350 haberi
578 1312 855 1362 conemur,
885 1307 991 1352 tam
1025 1298 1199 1352 verbis
1241 1313 1400 1367 quam
1445 1297 1627 1366 operi-

40 1384 166 1450 bus,
204 1401 303 1440 nec
331 1403 578 1457 umquam
609 1389 685 1442 eis
713 1389 800 1458 qui
841 1390 996 1443 nobis
1036 1389 1278 1456 iniuriam
1312 1389 1623 1456 intulerunt,

38 1477 426 1545 adverscmur,
467 1481 676 1534 etiamsi
733 1481 914 1534 multis
967 1481 1162 1534 nostris
1199 1480 1372 1535 affecti
1430 1480 1626 1535 fuerint

38 1570 317 1624 beneficiis
351 1589 364 1624 :
398 1571 510 1626 haec
537 1572 680 1626 enim
708 1573 906 1640 optima
936 1582 1016 1626 est
1051 1571 1385 1642 philosophia
1412 1589 1425 1624 :
1453 1587 1624 1641 neque

38 1663 362 1716 contumelia
392 1662 566 1718 allecti
607 1661 812 1718 feroces
855 1661 1058 1727 simus,
1089 1666 1298 1718 etiamsi
1339 1663 1622 1719 inferiores

38 1753 190 1805 nobis
220 1755 329 1808 sint
359 1755 392 1809 ii
424 1755 511 1824 qtti
543 1755 820 1810 uobiscum
853 1755 1180 1809 contendunt
1207 1771 1220 1808 :
1249 1754 1343 1809 sed
1373 1770 1623 1808 mansue-

36 1842 216 1898 tudine
257 1853 312 1898 ct
355 1845 572 1900 leuitate
620 1845 948 1900 iracundiam
995 1847 1429 1916 comprimamus.
1477 1845 1620 1900 Nihil

36 1935 172 1988 enim
223 1936 315 1990 illa
346 1938 647 2006 potentius,
682 1938 811 1990 nihil
859 1938 948 1992 illa
1007 1939 1214 1992 fortius.
1244 1938 1334 1992 Illa
1387 1939 1616 1993 animant

36 2034 273 2079 nostram
307 2027 358 2079 in
390 2038 641 2096 perpetua
673 2029 1084 2097 tranquillitate,
1108 2038 1162 2084 et
1190 2031 1340 2099 quasi
1380 2031 1430 2084 in
1463 2041 1615 2099 portu

34 2119 421 2182 ronstituit,et
468 2121 642 2173 omnis
683 2121 1027 2174 recreationis
1069 2135 1132 2175 ac
1174 2121 1366 2190 quietis
1406 2123 1616 2178 occasio

34 2209 183 2262 nobis
213 2220 318 2262 est.
346 2210 642 2281 Eapropter
685 2221 738 2266 et
781 2212 1026 2268 Christus
1060 2213 1237 2267 divina
1289 2215 1375 2269 illa
1417 2216 1615 2270 docens

34 2299 236 2354 dicebat
261 2319 274 2352 :
303 2300 491 2356 Discite
515 2321 546 2356 a
569 2321 664 2366 me,
680 2304 799 2374 quia
825 2305 958 2358 mitis
974 2322 1086 2358 sum
1117 2316 1163 2360 et
1191 2307 1395 2361 humilis
1418 2309 1568 2362 corde
1595 2324 1614 2362 :

34 2401 71 2442 rt
103 2392 368 2447 invenietis
394 2396 608 2465 requiem
635 2395 897 2450 animabus
927 2397 1098 2450 vestris
1129 2397 1340 2466 (Matth.
1374 2399 1462 2454 11.
1494 2399 1610 2470 29).

32 2481 162 2535 Nihil
195 2484 340 2537 enim
365 2486 595 2538 animam
623 2487 690 2540 ita
722 2487 772 2541 in
801 2489 1176 2558 tranquillitate
1204 2497 1258 2544 et
1278 2491 1456 2559 quiete
1485 2507 1614 2545 eon-

33 2575 219 2642 stituit,
250 2585 310 2630 ut
337 2577 690 2632 mansuetudo
717 2589 771 2631 et
794 2579 1073 2634 modestia.
1103 2580 1224 2634 llaze
1252 2583 1397 2635 omni
1429 2581 1612 2638 diade-

32 2678 163 2721 ntatc
204 2684 265 2722 se
294 2671 585 2736 poSsidenti
614 2682 695 2724 est
723 2672 1062 2738 honoratior;
1089 2673 1203 2727 lucc
1231 2675 1376 2727 omni
1395 2674 1610 2728 claritu-

31 2757 146 2813 dine
172 2767 226 2812 et
244 2761 412 2827 gloria
435 2761 836 2816 conducibilior.
851 2762 988 2830 Quid
1019 2763 1158 2818 enim
1191 2763 1416 2830 beatius,
1449 2780 1606 2834 quam

32 2852 276 2906 intestino
308 2853 517 2907 liberari
544 2855 720 2910 bello?
741 2855 870 2910 Nam
895 2857 1136 2926 quamvis
1156 2857 1380 2926 plurima
1403 2872 1532 2926 pace
1555 2867 1607 2912 et

33 2943 281 2998 famulatu
310 2954 535 3000 externo
565 2945 824 3012 fruamur,
852 2948 896 3001 si
927 2949 1065 3002 intra
1095 2963 1190 3002 nos
1225 2948 1606 3017 cingitationum

31 3043 274 3088 nascatur
307 3043 617 3106 tempestas,
635 3038 892 3092 tumultus
912 3047 966 3093 et
992 3039 1205 3102 seditio,
1228 3038 1361 3093 nihil
1387 3048 1605 3094 externa

34 3142 122 3192 pax
175 3126 334 3180 nobis
387 3127 625 3198 proderit
659 3147 671 3181 ;
702 3130 839 3184 sicut
890 3145 1062 3197 neque
1122 3130 1476 3184 miserabilius
1523 3137 1607 3184 est

33 3217 158 3270 aliud
187 3219 407 3272 civitate
427 3260 442 3284 ,
473 3234 590 3288 quae
622 3220 742 3274 licet
767 3221 1046 3290 aggeribus
1075 3229 1128 3276 et
1167 3222 1333 3274 muris
1363 3221 1500 3276 bene
1537 3223 1607 3276 sit

34 3310 242 3373 munita,
269 3309 412 3364 intus
447 3319 625 3365 tamen
655 3313 802 3366 cives
825 3313 999 3366 foveat
1031 3314 1347 3383 proditores.
1373 3313 1486 3369 Hoc
1509 3315 1606 3384 igi-

35 3410 106 3452 tur
135 3403 366 3456 obsecro
387 3444 401 3465 ,
432 3412 488 3458 ut
507 3415 631 3459 ante
651 3406 831 3459 omnia
859 3405 1010 3460 nobis
1038 3406 1101 3459 sit
1131 3423 1273 3461 cura:
1294 3449 1309 3474 ,
1334 3410 1604 3478 quomodo

32 3496 250 3548 animam
284 3511 315 3548 a
345 3495 668 3552 turbulentia
697 3497 1061 3559 vindicemus.
1093 3509 1147 3553 et
1181 3500 1231 3553 in
1261 3501 1603 3570 tranquillum

32 3595 213 3640 statum
247 3587 540 3642 educamus
559 3628 574 3652 ,
600 3598 758 3658 atque
785 3589 851 3642 ab
871 3590 1015 3643 omni
1044 3590 1330 3644 liberemus
1354 3593 1605 3644 amaritu-

31 3674 164 3739 dine,
197 3691 308 3745 quo
335 3685 388 3730 ct
417 3677 514 3746 ipsi
547 3679 709 3732 multa
743 3678 979 3734 fruamur
1005 3681 1205 3749 quiete,
1236 3690 1288 3734 et
1318 3680 1382 3734 iis
1410 3682 1497 3750 qui
1528 3681 1604 3734 fa-

33 3767 384 3822 miliaritatem
445 3769 721 3824 nobiscum
761 3769 993 3835 habent,
1025 3771 1193 3825 simus
1246 3771 1444 3825 blandi.
1493 3772 1609 3843 Hoc

32 3857 159 3908 enim
205 3858 567 3913 certissimum
605 3861 836 3930 signum,
869 3876 974 3930 quo
1005 3863 1383 3917 interuoscitur
1410 3865 1490 3918 vir
1515 3881 1602 3917 ra-

35 3949 163 4001 tione
193 3950 451 4018 praeditus
474 3993 489 4018 ,
515 3954 557 4006 si
583 3963 894 4010 mansuetus
921 3955 1100 4019 fuerit,
1123 3957 1165 4009 si
1193 3956 1350 4019 lenis,
1370 3957 1413 4011 si
1439 3958 1596 4022 mitis,

34 4043 70 4092 si
100 4043 376 4099 modestus
414 4055 469 4099 et
491 4046 701 4115 quietus
733 4065 746 4100 :
778 4047 822 4101 si
850 4062 955 4102 non
981 4048 1132 4117 quasi
1161 4063 1348 4104 servus
1378 4049 1603 4103 ducatur

34 4144 78 4182 et
101 4133 337 4187 trahatur
365 4145 456 4188 aut
485 4137 552 4190 ab
579 4138 678 4199 ira,
707 4147 798 4191 aut
828 4139 895 4192 ab
923 4139 1041 4192 aliis
1067 4139 1471 4202 affectionibus;
1504 4139 1601 4195 sed

36 4223 226 4278 ratione
255 4226 437 4283 vincat
462 4226 697 4281 infernos
729 4227 846 4281 illos
876 4228 1254 4296 incompositos
1281 4239 1476 4294 motus,
1501 4246 1590 4284 nov

36 4312 390 4385 bililatemque
430 4331 578 4370 suam
616 4325 832 4384 servet,
857 4333 923 4371 nc
955 4319 1006 4371 in
1047 4318 1321 4372 brutorum
1351 4320 1600 4375 ferociam

35 4408 340 4476 negligentia
369 4408 676 4478 degeneret.
704 4410 769 4464 Et
790 4419 845 4463 ut
865 4409 1039 4464 discas
1064 4420 1320 4479 quantum
1348 4427 1600 4466 mansue-

36 4497 216 4553 tudinis
242 4508 299 4552 et
327 4499 564 4554 leuitatis
589 4500 658 4553 sit
687 4500 878 4565 robur,
901 4511 953 4555 et
987 4501 1128 4570 quod
1158 4502 1270 4556 sola
1297 4501 1410 4556 luce
1434 4502 1602 4558 virtus

35 4591 188 4655 possit
215 4607 276 4646 se
297 4593 566 4646 colentem
596 4593 882 4662 diligenter
909 4591 1262 4648 ineffabilibus
1291 4595 1396 4650 illis
1431 4595 1602 4649 laudi-

34 4679 123 4734 hns
149 4683 368 4752 dignum
396 4684 645 4748 reddere,
669 4685 792 4739 andi
821 4685 1035 4740 beatum
1059 4687 1258 4742 lllosem
1283 4686 1406 4741 hinc
1433 4689 1600 4756 potis-

31 4777 211 4830 simum
252 4777 532 4845 prtedicari
558 4820 572 4842 ,
604 4787 659 4832 et
701 4793 766 4833 ex
815 4780 913 4833 bac
954 4779 1002 4834 ei
1041 4794 1292 4834 coronam
1323 4779 1502 4849 plecti.
1537 4779 1601 4834 Et

37 4865 217 4929 Moses,
251 4868 458 4936 inquit,
489 4877 596 4920 erat
637 4869 926 4923 mitissimus
942 4870 1166 4922 omnium
1196 4869 1483 4933 hominum,
1514 4871 1602 4939 qui

33 4976 171 5023 super
198 4971 384 5014 terram
413 4960 602 5030 (Num.
627 4961 713 5015 l2.
735 4963 810 5032 5).
828 4961 1012 5017 Vidisti
1057 4963 1286 5018 encomii
1333 4965 1600 5034 magnitu-

37 5051 222 5118 dinem,
249 5053 392 5123 quod
426 5054 571 5108 omni
611 5069 731 5108 eum
775 5053 1006 5109 humano
1033 5057 1212 5125 generi
1250 5072 1431 5126 parem
1475 5073 1600 5127 pro-

35 5146 223 5199 tnrntiet
241 5187 258 5210 ,
289 5146 398 5199 imo
426 5149 568 5200 omni
602 5146 873 5200 hominum
898 5151 1077 5217 generi
1108 5149 1387 5216 praeferat?
1411 5149 1474 5202 Et
1499 5149 1598 5202 ite-

36 5250 136 5288 rum
160 5236 227 5290 de
255 5235 420 5290 David
445 5236 570 5292 dicit
595 5237 866 5305 Scriptura
893 5255 903 5288 :
931 5237 1204 5301 Memento,
1231 5237 1464 5304 Domine,
1495 5237 1600 5290 Da-

34 5327 124 5390 uid,
163 5337 208 5380 et
238 5329 402 5383 omnis
430 5329 828 5383 mansuetudinis
857 5331 966 5398 ejus
996 5327 1164 5398 (Psal.
1197 5331 1318 5386 151.
1356 5331 1432 5399 1).
1466 5331 1598 5384 llinc

38 5418 320 5480 patriarcha
364 5419 464 5474 sibi
495 5421 749 5488 majorem
792 5422 994 5474 caelitus
1031 5422 1333 5476 conciliavit
1368 5422 1597 5478 benevo-

40 5508 268 5573 leutiam,
295 5518 350 5564 et
394 5511 624 5566 atterens
663 5527 781 5582 quae
827 5527 920 5566 sua
973 5523 1153 5576 erant,
1182 5528 1212 5567 a
1251 5514 1596 5570 misericorde

42 5599 135 5654 Deo
171 5604 374 5672 majora
421 5615 742 5674 assequutus
765 5615 866 5660 est.
903 5604 1016 5663 Hoc
1043 5606 1224 5661 scietis
1249 5616 1305 5661 et
1339 5622 1434 5662 vos
1458 5648 1473 5672 ,
1503 5608 1593 5662 ubi

39 5695 352 5752 attulerimus
397 5697 452 5754 in
502 5698 735 5754 medium
782 5713 844 5754 ea
891 5714 1010 5768 qua:
1046 5698 1293 5755 hesterna
1325 5699 1462 5757 dicta
1506 5715 1595 5756 se-

1087 264 1154 320 IN
1190 263 1344 320 CAP.
1386 265 1525 321 Xlll.
1563 263 1811 323 GENES.
1852 263 2078 321 HOMIL.
2121 265 2360 322 XXXIV.

3218 269 3312 326 5U-

1743 391 2004 452 quuntur,
2033 392 2086 437 et
2111 398 2233 454 quae
2259 384 2408 454 prius
2436 391 2562 438 sunt
2589 383 2725 440 lecta
2765 384 2973 439 caritati
3002 396 3192 440 vestrm
3217 387 3309 438 de-

1743 472 2143 530 claraverimus.
2165 473 2294 528 Nam
2319 476 2437 544 quia
2461 476 2656 530 Abram
2683 476 2901 530 multam
2931 492 3042 547 prae
3060 491 3120 532 se
3139 477 3308 533 ferent

1741 563 2206 618 mansuetudinem
2233 564 2366 619 Loto
2397 566 2657 634 potiorem
2686 575 2889 636 partem
2910 568 3093 633 cessit,
3116 581 3168 622 et
3194 582 3313 621 om-

1741 669 1864 708 nem
1889 655 1938 708 ei
1977 655 2203 724 eligendi
2250 656 2555 712 facultatem
2593 659 3070 726 permittens,cum
3120 659 3316 729 gaudio

1739 744 1898 814 elegit
1926 746 2190 801 minorem
2218 748 2556 815 portionem,
2588 748 2746 802 modo
2785 748 3087 803 auferretur
3137 752 3312 804 omnis

1738 839 2053 891 contentio:
2085 837 2204 892 vide
2249 848 2499 907 quantam
2552 840 2728 893 statim
2777 841 3075 896 mercedem
3130 856 3160 894 a
3205 842 3313 896 Deo

1737 928 2100 996 c0usequitur,
2133 937 2189 982 et
2225 929 2493 997 quomodo
2515 929 2689 984 adhuc
2718 931 2904 998 majori
2936 932 3307 996 retributione,

1737 1019 1832 1070 etsi
1865 1019 2089 1072 multum
2130 1019 2328 1073 divitiis
2353 1022 2617 1085 abundet,
2651 1022 3008 1091 patriarcbam
3061 1021 3312 1091 dignatur

1736 1109 1896 1164 Deus.
1929 1111 2073 1165 Talis
2096 1113 2238 1166 enim
2268 1121 2349 1166 est
2375 1113 2628 1167 Dominus
2651 1125 2833 1169 noster
2856 1124 2909 1167 ut
2926 1116 2968 1168 si
3000 1115 3210 1184 quando
3227 1117 3308 1169 vel

1735 1218 1954 1272 parvmn
1996 1204 2121 1272 quid
2153 1207 2393 1260 attulisse
2435 1221 2532 1260 nos
2567 1207 2787 1270 viderit,
2823 1207 3149 1274 largissimas
3185 1223 3307 1261 suas

1732 1295 1885 1349 nobis
1917 1297 2372 1350 remunerationes
2400 1298 2738 1366 suppeditet,
2772 1307 3078 1368 tantumque
3102 1315 3209 1367 pra:
3248 1315 3306 1352 se

1730 1384 1865 1439 ferat
1906 1389 2293 1454 liberalitatem,
2321 1401 2376 1442 ut
2417 1405 2476 1444 ea
2528 1407 2645 1460 quzc
2685 1406 2712 1442 a
2763 1392 2911 1446 nobis
2962 1400 3086 1446 sunt
3129 1392 3261 1446 facta
3287 1434 3303 1457 ,

1729 1479 1912 1532 multis
1939 1481 2174 1533 numeris
2196 1494 2224 1532 a
2257 1481 2408 1534 novis
2434 1481 2550 1547 ejus
2576 1481 2849 1536 beneficiis
2880 1483 3175 1537 vincantur.

1797 1569 1853 1623 2.
1887 1569 2007 1624 Non
2031 1572 2150 1625 doni
2171 1574 2482 1642 magnitudo,
2507 1574 2594 1627 sed
2619 1575 2784 1629 dantis
2813 1577 3011 1628 animus
3031 1585 3304 1644 spectatur.

1723 1654 1876 1713 —Et
1901 1659 2001 1714 hoc
2031 1661 2082 1714 in
2110 1664 2357 1717 omnibus
2402 1665 2599 1717 nostris
2627 1665 2776 1719 factis
2805 1665 3039 1720 inveniet
3080 1667 3198 1736 quis
3235 1667 3303 1720 ab

1725 1763 1790 1803 eo
1816 1750 1954 1806 ﬁeri.
1981 1751 2116 1817 Quid
2151 1754 2292 1807 enim
2315 1794 2330 1818 ,
2360 1754 2444 1808 die
2471 1755 2597 1808 mihi
2616 1797 2629 1819 ,
2663 1756 2816 1809 vilius
2843 1756 3047 1810 duobus
3089 1757 3302 1811 obolis?

1725 1841 1971 1896 Attamen
2001 1844 2121 1910 quia
2150 1844 2306 1899 vidua
2333 1845 2416 1898 illa
2438 1845 2572 1900 duos
2592 1846 2778 1900 obolos
2805 1848 2857 1900 in
2887 1849 3170 1902 cor-bonam
3201 1849 3301 1903 mi-

1722 1933 1792 1985 sit
1811 1931 2141 2004 (Luc.2l.5),
2175 1935 2297 1990 inde
2317 1936 2542 1991 celebris
2562 1939 2807 1992 universo
2829 1938 3024 1992 mundo
3063 1939 3194 1993 facta
3218 1949 3300 1994 est

1721 2025 1789 2078 ab
1817 2041 1882 2080 eo
1908 2035 2146 2095 tempore
2185 2043 2350 2098 usque
2381 2031 2432 2083 in
2475 2045 2728 2099 prasens.
2760 2031 2823 2084 Et
2852 2031 2976 2099 quid
3005 2031 3126 2085 dico
3161 2032 3298 2087 duos

1720 2118 1950 2171 obolos?
1982 2120 2198 2174 Etiamsi
2229 2122 2347 2190 quis
2373 2123 2593 2176 calicem
2639 2138 2790 2192 aqutc
2819 2122 3021 2191 frigidae
3065 2124 3298 2192 prmbcat

1723 2206 1935 2276 (Matth.
1962 2209 2044 2263 10.
2077 2210 2189 2279 t2),
2223 2227 2320 2280 pro
2365 2226 2432 2265 eo
2477 2213 2636 2265 etiam
2691 2228 2894 2282 magna:
2941 2212 3298 2268 decernuntur

1717 2299 2130 2355 retributiones:
2160 2316 2371 2372 semper
2397 2302 2540 2357 enim
2571 2311 2790 2356 coronat
2817 2316 2910 2356 eos
2931 2303 3019 2372 qui
3047 2305 3292 2358 virtutem

1715 2401 2022 2460 operantur,
2054 2393 2344 2448 secundum
2375 2396 2706 2462 operantium
2752 2395 3101 2448 voluntatem.
3135 2395 3296 2450 Sinti-

1715 2481 1836 2536 liter
1863 2483 1914 2537 in
1949 2499 2161 2552 precum
2206 2487 2514 2542 assiduitate
2561 2487 2699 2541 istud
2740 2487 2910 2556 ipsum
2954 2489 3022 2543 ab
3065 2503 3132 2543 eo
3181 2489 3293 2543 fieri

1714 2573 1894 2628 videre
1923 2574 2068 2628 licet.
2097 2573 2227 2630 Nam
2258 2577 2303 2630 si
2336 2593 2493 2647 quem
2526 2578 2700 2631 videat
2742 2577 2986 2632 alacriter
3011 2593 3070 2633 se
3095 2579 3294 2634 adeun-

1711 2673 1819 2720 tem
1842 2708 1855 2730 ,
1894 2667 2072 2721 statim
2111 2669 2160 2721 ei
2187 2668 2314 2722 dicit
2346 2685 2360 2722 :
2393 2669 2574 2722 Adhuc
2610 2669 2840 2738 loquente
2878 2679 2926 2723 te
2957 2686 3070 2724 ecce
3111 2671 3292 2724 adsum

1712 2755 1860 2827 (lsai.
1888 2758 1976 2812 65.
2005 2756 2120 2828 2t).
2139 2758 2288 2824 Quod
2309 2760 2353 2813 si
2379 2761 2690 2828 ampliorem
2723 2760 3056 2816 sedulitatem
3091 2771 3287 2828 teneat,

1711 2857 1764 2901 et
1788 2863 1979 2917 magno
2009 2849 2301 2914 desiderio,
2333 2849 2661 2919 ferventique
2689 2852 2884 2905 mentis
2906 2853 3175 2906 alacritate
3201 2867 3292 2922 pc-

1713 2937 1928 2992 titiones
1972 2939 2215 2993 emittat:
2245 2941 2402 2994 etiam
2440 2949 2562 2996 ante
2604 2942 2912 3012 petitionem
2952 2944 3202 3013 prmdicat
3235 2953 3291 2998 et

1709 3040 1929 3085 coronat
1965 3048 1978 3083 :
2010 3031 2058 3084 id
2091 3033 2229 3100 quod
2259 3043 2312 3086 et
2335 3034 2384 3086 in
2406 3032 2704 3088 Cbauanaaa
2733 3036 2953 3090 muliere
2978 3036 3284 3090 declaravit.

1708 3121 1970 3189 Quoniam
1998 3124 2138 3178 enim
2166 3125 2297 3179 vidit
2325 3125 2766 3196 indefatigabilem
2797 3127 2913 3196 ejus
2935 3129 3286 3183 constantiam

1707 3225 1762 3268 ct
1789 3214 2258 3282 perseverantiam,
2287 3217 2373 3269 ubi
2407 3216 2636 3285 primum
2668 3233 2784 3271 eam
2812 3218 3134 3286 praedicavit,
3157 3228 3210 3272 et
3231 3229 3290 3274 ut

1709 3308 1778 3360 ita
1801 3307 1993 3370 dicam,
2016 3309 2309 3371 coronavit,
2328 3309 2529 3378 totique
2551 3310 2749 3364 mundo
2779 3312 3084 3376 celebravit,
3105 3321 3286 3381 postea

1707 3397 2025 3453 liberalitate
2057 3414 2242 3469 magna
2277 3415 2460 3470 preces
2488 3401 2603 3469 ejus
2627 3402 2786 3456 etiam
2817 3407 3107 3472 superavit.
3133 3404 3284 3471 Nam,

1707 3498 1764 3542 ut
1794 3490 1924 3544 dixit
1947 3508 1958 3543 :
1984 3490 2026 3542 υ
2048 3492 2246 3554 mulier,
2272 3509 2455 3562 magna
2477 3503 2547 3546 est
2573 3494 2697 3563 ﬁdes
2721 3504 2806 3547 tua
2828 3511 2847 3548 :
2876 3503 3000 3550 tunc
3025 3495 3282 3561 subdidit,

1708 3579 1827 3633 Fiat
1856 3581 1944 3633 tibi
1987 3582 2114 3634 sicut
2161 3583 2234 3635 vis
2265 3582 2476 3649 (Matth.
2511 3585 2598 3638 15.
2621 3583 2735 3654 28).
2771 3585 2835 3640 Et
2878 3585 2920 3638 si
2967 3588 3288 3641 voluerimus

1705 3673 1914 3741 singula
1961 3672 2250 3742 Scriptura:
2296 3674 2490 3728 divina:
2537 3677 2781 3744 exempla
2828 3677 3042 3740 ail'erre,
3091 3679 3287 3748 ubique

1707 3782 1950 3836 magnam
1977 3767 2182 3820 Domini
2207 3768 2622 3822 munificentiam
2646 3769 2957 3824 videbimus.
2985 3771 3096 3824 Hoc
3117 3771 3282 3840 probe

1705 3858 1908 3913 sciebat
1937 3858 2230 3925 patriarcha
2255 3859 2366 3924 ille,
2395 3859 2671 3913 cedentem
2705 3861 2996 3915 minoribus
3023 3877 3282 3930 assequu-

1707 3956 1881 4002 turum
1906 3950 2126 4019 majora,
2143 3951 2279 4004 sicut
2300 3949 2413 4004 heri
2434 3949 2708 4006 audivistis
2728 3969 2741 4006 :
2763 3953 2922 4006 cessit
2937 3953 3092 4010 Loto.
3115 3955 3284 4021 regio-

1705 4057 1934 4111 nemque
1961 4043 2280 4098 deteriorem
2311 4044 2468 4113 elegit
2493 4086 2507 4108 ,
2542 4052 2600 4098 ut
2626 4047 2984 4100 contentionis
3017 4056 3285 4100 resecaret

1702 4136 2127 4200 occasiones,et
2169 4146 2383 4191 ostensa
2433 4138 2627 4192 virtute
2668 4151 2760 4191 sua
2813 4138 3064 4207 peculiari
3118 4147 3282 4193 totam

1705 4226 1920 4281 domum
1969 4238 2208 4297 pacatam
2266 4229 2533 4284 redderet.
2585 4228 2847 4285 Caeterum
2903 4230 3177 4284 videamus
3216 4247 3282 4283 ex

1705 4335 1892 4375 recens
1920 4321 2088 4387 lectis,
2118 4337 2360 4391 qna-nam
2392 4337 2489 4390 pro
2511 4331 2652 4375 tanta
2699 4323 3103 4380 mansuetudine
3145 4323 3286 4378 acci-

1708 4415 1818 4485 piat
1843 4430 1870 4467 a
1899 4414 2008 4470 Deo
2037 4416 2277 4483 ιιτευιιιίο.
2309 4415 2393 4468 14.
2415 4412 2479 4466 Et
2503 4415 2666 4481 dixit,
2699 4415 2866 4483 inquit
2890 4457 2905 4478 ,
2939 4414 3073 4469 Deus
3097 4415 3242 4469 Abrae
3265 4458 3278 4479 ,

1705 4514 1966 4576 postquam
2001 4516 2262 4574 separatus
2281 4515 2353 4558 est
2381 4505 2444 4558 ab
2467 4521 2523 4557 eo
2555 4505 2648 4557 Lot
2673 4521 2692 4557 :
2719 4504 2936 4558 Elevatis
2980 4507 3139 4560 oculis
3178 4506 3277 4558 tuis

1705 4613 1849 4651 cerne
1867 4614 1899 4649 a
1916 4597 2026 4650 loco
2047 4597 2208 4666 inquo
2228 4605 2279 4648 tu
2303 4612 2435 4649 nunc
2455 4613 2525 4662 cs,
2545 4595 2612 4648 ad
2633 4597 2912 4664 aquilonem
2937 4606 2982 4648 et
3003 4597 3276 4659 meridiem,

1705 4699 1752 4742 et
1793 4689 2032 4742 orientem
2058 4696 2105 4740 et
2136 4703 2272 4740 mare
2298 4703 2316 4741 ε
2344 4688 2428 4743 13.
2459 4689 2577 4759 quia
2600 4704 2796 4741 omnem
2840 4696 3022 4741 terram
3048 4703 3196 4758 quam
3228 4699 3281 4739 tu

1705 4779 1872 4842 rides,
1901 4779 1989 4832 tibi
2013 4778 2142 4831 dabo
2173 4795 2314 4845 eam,
2343 4788 2390 4831 et
2425 4779 2602 4832 semini
2629 4788 2714 4832 tuo
2738 4793 2894 4848 usque
2926 4779 2978 4831 in
3020 4779 3279 4831 siccatum.

1708 4873 1840 4927 Vide
1864 4873 2130 4943 quomodo
2153 4873 2330 4927 divina
2352 4872 2623 4940 Scriptura
2655 4872 3000 4926 acceleratam
3033 4871 3125 4924 Dei
3155 4885 3280 4939 pro-

1705 4967 1990 5022 videntiam
2027 4975 2081 5020 et
2113 4965 2515 5020 retributionem
2541 4965 2686 5033 justo
2714 4964 2902 5018 factam
2931 4961 3276 5016 demonstrat.
3325 4974 3330 4978 '

1709 5057 1903 5111 \‘olens
1931 5059 2072 5112 enim
2101 5071 2196 5110 nos
2239 5056 2435 5110 docere
2455 5095 2468 5117 ,
2502 5065 2757 5124 quantum
2789 5053 3076 5123 approbata
3124 5054 3278 5108 fuerit

1704 5163 1732 5200 a
1779 5146 2122 5201 misericorde
2175 5146 2282 5200 Deo
2323 5145 2634 5214 patriarcha:
2679 5145 2974 5209 humilitas,
3005 5155 3277 5214 postquam

1704 5239 1855 5306 dixit,
1878 5246 2177 5307 separatum
2205 5237 2366 5292 fuisse
2389 5237 2506 5302 Lot,
2540 5246 2591 5291 et
2619 5236 2812 5291 abiisse
2835 5238 2882 5290 in
2909 5246 3097 5289 terram
3123 5253 3278 5305 quam

1703 5330 1864 5401 elegit
1912 5340 1968 5383 ut
2008 5331 2468 5398 praestantiorem;
2498 5331 2676 5383 statim
2729 5328 2962 5382 subdidit
2995 5346 3008 5382 :
3044 5327 3108 5381 Et
3153 5330 3279 5381 dixit

1706 5420 1841 5474 Deus
1871 5421 2032 5474 Abrtc.
2061 5420 2258 5474 Deinde
2283 5430 2339 5474 ut
2365 5420 2642 5489 diligenter
2671 5419 2934 5472 discamus
2957 5418 3067 5472 lucc
3083 5418 3280 5472 dixisse

1705 5512 1870 5566 Deum
1901 5512 1954 5566 in
1979 5510 2277 5566 mercedem
2307 5526 2490 5565 eorum
2521 5526 2639 5580 qua:
2669 5512 2806 5565 circa
2833 5509 3020 5564 Letum
3049 5509 3271 5572 fecerat,

1707 5606 1821 5660 haec
1843 5604 2046 5658 addidit
2077 5621 2092 5658 :
2126 5603 2192 5658 Et
2215 5605 2343 5658 dixit
2372 5602 2508 5658 Deus
2535 5603 2703 5670 Abrae,
2727 5615 2992 5675 postquam
3020 5616 3279 5674 separatus

1706 5708 1778 5755 est
1798 5697 1860 5752 ab
1883 5714 1941 5752 eo
1967 5695 2082 5766 Lat,
2113 5697 2262 5770 quasi
2305 5696 2586 5758 manifeste
2623 5695 2737 5753 haec
2769 5697 2819 5754 ei
2859 5697 3021 5754 verba
3053 5697 3274 5758 dicens:
