3750 6250
456 257 561 313 515
1198 253 1256 312 S.
1292 251 1569 311 JOANNIS
1602 248 2074 309 CllRYSOS'i’OMl
2114 248 2427 307 ARCHIEP.
2465 248 2991 307 CONSTANTINOP.
3621 198 3688 313 Eli

457 372 539 427 0b
566 380 711 425 tuam
746 369 1201 426 mansuetudinem
1242 369 1459 439 regione
1494 367 1713 425 meliore
1759 376 1815 421 et
1856 381 2023 425 ama:-

460 465 611 518 niorc
656 462 835 518 fratris
859 462 965 515 ﬁlio
988 460 1232 526 cessisti,
1258 469 1313 513 et
1355 459 1603 514 eximiam
1629 472 1740 529 pra)
1770 466 1824 513 te
1864 456 2029 511 tulisti

463 555 836 618 humilitatem,
864 561 1172 622 tantamque
1194 552 1338 621 pacis
1372 550 1601 605 habuisti
1630 563 1813 606 curam
1830 589 1846 615 ,
1868 557 1927 603 ut
1953 548 2033 602 ni-

466 650 538 702 hil
567 664 671 701 non
699 649 870 716 potius
896 645 1179 714 delegeris,
1210 658 1370 713 quam
1391 656 1510 697 esse
1534 644 1675 696 inter
1692 657 1787 696 vos
1811 651 2032 695 conten—

464 740 636 793 tiones
664 754 679 790 :
710 744 993 805 capropter
1029 734 1202 804 largas
1242 734 1360 787 illas
1395 747 1424 785 a
1460 748 1547 789 me
1576 730 2034 786 remunerationes

465 828 667 895 accipe.
696 825 915 879 Elerstis
935 865 950 889 ,
974 826 1165 895 inquit,
1186 825 1344 877 oculis
1369 824 1468 877 tuis
1488 865 1501 885 ,
1532 822 1644 876 side
1670 838 1701 875 a
1731 823 1838 875 loco
1858 823 1910 874 in
1937 835 2034 890 quo

460 930 513 972 tu
544 935 678 971 nunc
700 934 774 982 es,
802 916 870 969 ad
912 917 1195 985 aquilonem
1239 923 1285 967 et
1327 914 1600 977 meridiem,
1625 921 1671 966 et
1714 913 1949 965 orientem
1986 920 2037 963 et

461 1017 601 1055 mare
628 1017 648 1053 :
673 1002 791 1069 quia
828 1016 1026 1054 omnem
1064 1008 1248 1051 terram
1271 1040 1287 1061 ,
1313 1013 1464 1067 quam
1503 1006 1556 1049 tu
1580 996 1715 1049 vides
1734 1038 1747 1059 ,
1782 995 1868 1047 tibi
1907 991 2036 1046 dabo

460 1110 595 1157 eam,
616 1104 662 1147 et
684 1094 861 1147 semini
886 1103 971 1147 tuo
997 1108 1152 1160 usque
1171 1093 1223 1146 in
1248 1092 1505 1144 uinculum.
1525 1089 1710 1142 Vidisti
1738 1087 2039 1141 retributio-

2134 379 2238 435 gna
2268 360 2487 421 tenuitate
2505 379 2625 421 cum
2653 367 2733 421 eis
2756 366 3121 436 colloquentes
3145 410 3159 434 ,
3206 378 3260 423 et
3302 369 3529 423 multam
3574 334 3690 447 mare:

2135 458 2467 514 suetudinem
2495 458 2847 515 declaramus.
2880 459 3083 514 Inclina
3103 503 3119 525 ,
3148 461 3356 531 inquit,
3385 462 3606 530 pauperi
3630 460 3692 539 aq

2135 566 2239 603 rem
2268 560 2426 616 tatam,
2458 560 2504 604 et
2522 551 2771 620 responde
2794 552 2840 605 ei
2866 552 3075 622 paciﬁca
3100 552 3151 604 in
3184 552 3577 605 mansuetudine
3606 550 3694 627 (Eq

2136 642 2220 695 cli.
2246 643 2300 696 4.
2332 642 2425 713 8),
2456 652 2513 696 ut
2544 650 2599 696 et
2627 652 2908 712 antequam
2952 643 3080 706 des,
3111 644 3396 697 verborum
3434 643 3696 733 cletnem'q

2138 733 2305 787 multa
2349 734 2524 801 inopia
2551 732 2811 802 deiectum
2855 734 2969 802 ejus
3008 734 3243 787 animum
3268 733 3493 803 erigas;
3544 732 3661 784 Heli

2139 736 2305 787 multa
2349 736 2524 801 inopia
2551 736 2811 802 deiectum
2855 736 2969 802 ejus
3008 736 3243 787 animum
3268 736 3493 803 erigas;
3544 736 3661 784 ιε’

2139 824 2269 879 enim
2295 833 2388 889 est,
2421 825 2608 893 inquit,
2636 841 2819 886 sermo,
2846 841 2997 893 quam
3031 827 3237 879 donatio
3264 824 3456 893 (Eccls'.
3493 824 3580 878 18.
3615 736 3700 907 εἳ

2140 912 2289 968 Adeo
2323 914 2485 968 etiam
2528 915 2749 969 verbum
2788 916 3018 970 animam
3059 915 3348 982 roborare,
3392 914 3701 981 consolaqu

2141 1020 2372 1073 namque
2396 1006 2612 1059 multam
2644 1004 2833 1060 aﬁ‘errc
2853 1006 3009 1060 solet.
3700 990 3701 1029 ‘

2214 1097 2546 1168 Eleemosyna
2574 1098 2808 1151 alacriter
2844 1097 3119 1168 eroganda.
3164 1096 3381 1151 Serendi
3431 1105 3627 1166 tempus
3651 1072 3704 1153 ἀ

472 1200 596 1239 nem
638 1193 788 1254 gesta
830 1184 946 1251 ejus
979 1184 1159 1238 multis
1200 1183 1370 1237 modis
1411 1180 1792 1249 superantem?
1846 1179 2038 1233 Iisdem

468 1275 647 1329 verbis
673 1276 836 1328 utitur
862 1275 1170 1330 misericors
1194 1272 1448 1327 Dominus
1466 1310 1482 1334 ,
1518 1271 1707 1339 quibus
1732 1276 1787 1323 et
1819 1268 2041 1336 patriar-

466 1366 569 1420 cha
596 1366 895 1420 cessionem
923 1364 1139 1419 fecerat.
1164 1364 1294 1417 Nam
1324 1363 1458 1418 sicut
1482 1360 1774 1431 patriarcha
1794 1361 2038 1415 dicebat:

470 1454 622 1523 Ecce,
654 1472 824 1510 annon
862 1457 1021 1509 omnis
1063 1465 1197 1509 terra
1232 1470 1402 1508 coram
1452 1454 1540 1509 te?
1581 1452 1780 1506 discede
1802 1469 1833 1504 a
1860 1468 1937 1505 me
1958 1467 1976 1504 :
1996 1452 2040 1505 si

470 1558 529 1601 tu
551 1548 619 1601 ad
648 1547 924 1613 dexteram,
954 1563 1045 1617 ego
1068 1546 1135 1599 ad
1163 1545 1456 1607 sinistram;
1477 1544 1521 1597 si
1549 1553 1604 1596 tu
1635 1545 1704 1596 ad
1744 1543 1996 1596 sinistram
2023 1583 2039 1605 ,

471 1655 564 1708 ego
589 1638 655 1691 ad
684 1638 940 1692 dexteram
967 1653 986 1691 :
1017 1638 1085 1690 ita
1106 1644 1161 1691 ct
1201 1636 1453 1693 Dominus
1476 1635 1638 1690 dicit:
1668 1634 1887 1688 Eteoelis
1920 1648 2044 1685 ocit-

474 1730 536 1785 lis
560 1730 659 1783 tuis
689 1728 798 1781 vide
824 1744 857 1783 α
881 1728 989 1781 loco
1017 1728 1071 1781 in
1096 1742 1194 1795 quo
1220 1737 1273 1781 tu
1298 1743 1432 1785 nunc
1462 1740 1513 1782 es
1533 1744 1552 1781 ε
1577 1726 1697 1795 quia
1722 1740 1916 1778 omnem
1941 1734 2044 1777 ter-

472 1837 603 1884 ram,
632 1836 783 1887 quant
805 1828 856 1872 tu
887 1819 1042 1883 vides,
1061 1818 1147 1871 tibi
1170 1819 1300 1873 dabo
1328 1834 1440 1872 eam
1457 1859 1474 1881 .
1505 1828 1550 1872 et
1577 1818 1754 1871 sotnini
1774 1826 1864 1869 tuo
1892 1830 2047 1884 ustpte

473 1911 528 1963 in
552 1909 814 1964 siccatum.
845 1910 960 1975 llic,
992 1925 1174 1979 quaeso
1194 1953 1207 1975 ,
1234 1910 1597 1964 animadverte
1630 1908 1898 1975 ingentem
1930 1922 2047 1960 mu-

474 2001 817 2057 niﬁcentiam.
866 2001 942 2055 'I‘u
988 2002 1226 2070 quidem,
1253 2001 1455 2069 inqut,
1485 2002 1609 2055 dato
1658 2000 1731 2053 illi
1769 1996 2049 2053 electionis

474 2093 714 2159 arbitrio,
744 2107 828 2157 ea,
860 2106 1018 2161 quam
1043 2093 1131 2146 ille
1178 2092 1341 2147 voluit
1381 2092 1594 2159 eligere,
1628 2100 1768 2144 terra
1796 2088 2002 2144 cessisti
2031 2128 2046 2150 ,

477 2184 718 2239 relictam
738 2193 917 2238 autem
942 2184 1055 2252 ipse
1079 2183 1332 2252 accepisti
1356 2203 1371 2237 :
1399 2198 1499 2252 ego
1523 2197 1649 2237 vero
1673 2191 1819 2236 tanta
1846 2192 1897 2235 te
1921 2179 2051 2233 libe-

477 2275 685 2329 ralitate
713 2288 1023 2342 prosequar,
1048 2283 1105 2327 ut
1131 2289 1344 2331 ortinam
1365 2288 1523 2343 quam
1557 2282 1681 2331 ante
1718 2272 1900 2328 oculos
1932 2280 2050 2326 tuus

481 2373 681 2421 terram
711 2366 859 2420 vides
886 2366 1061 2431 sitam,
1083 2382 1148 2419 ex
1178 2376 1409 2435 utr-aque.
1435 2366 1600 2422 latere
1622 2364 1811 2423 dextro
1837 2372 1891 2419 et
1918 2363 2052 2417 sini—

482 2468 618 2518 stro.
643 2472 675 2511 a
712 2458 1075 2525 Septentrione
1114 2467 1169 2513 et
1198 2458 1438 2519 meridie.
1470 2459 1538 2512 ab
1562 2456 1765 2512 oricnte
1812 2465 1866 2511 et
1905 2456 2052 2510 oeci-

482 2548 659 2613 dente,
686 2556 740 2603 et
770 2549 822 2601 in
851 2563 1079 2612 summa,
1106 2563 1319 2603 omnem
1345 2557 1540 2603 terram
1566 2563 1723 2617 quam
1742 2547 1936 2611 cernis,
1959 2547 2054 2601 tibi

482 2655 603 2697 sum
622 2655 976 2696 concessurus
1003 2660 1016 2695 :
1049 2656 1221 2710 neque
1242 2642 1331 2696 tibi
1354 2642 1545 2705 solum,
1570 2641 1661 2697 sed
1686 2640 1751 2695 Et
1770 2641 1945 2695 semini
1970 2650 2055 2693 tuo

484 2747 639 2801 usque
664 2733 714 2785 in
731 2732 1184 2789 saculomA’idisti
1205 2733 1418 2809 dignam
1430 2732 1607 2787 divina
1630 2733 1863 2788 bonitate
1883 2733 2055 2786 muni-

485 2822 797 2879 ﬁcentiam?
822 2823 1007 2878 Vidisti
1032 2824 1245 2893 quantis
1272 2825 1452 2889 cessit,
1480 2834 1675 2893 quanta
1706 2833 1788 2879 est
1811 2840 2061 2893 assequu-

487 2913 616 2971 tus?
644 2913 778 2967 Hinc
818 2914 1158 2981 erudiamur,
1191 2925 1248 2969 ut
1276 2930 1466 2985 magna
1510 2916 1562 2970 in
1592 2917 1784 2971 dandis
1825 2918 2058 2971 eleemo-

485 3006 632 3077 synis
662 3006 903 3077 largitate
931 3016 1141 3065 utamur
1159 3047 1176 3072 ,
1204 3022 1312 3076 quo
1338 3008 1478 3065 datis
1500 3010 1675 3077 parvis
1702 3009 2062 3079 adipiscamur

487 3110 701 3166 magna.
730 3097 1005 3164 Quomodo
1026 3099 1171 3153 enim
1189 3101 1333 3169 paria
1356 3110 1497 3165 sunt,
1525 3100 1633 3168 dic,
1660 3102 1906 3167 obsecro,
1933 3102 2062 3157 dare

493 3182 682 3260 parum
710 3192 938 3263 argenti,
963 3204 1013 3250 et
1034 3195 1275 3251 obtinere
1304 3205 1647 3263 peccatorum
1667 3196 2062 3251 remissionem?

496 3299 715 3353 pascere
740 3288 1097 3354 esurientem,
1125 3289 1259 3344 et-in
1284 3289 1375 3346 die
1405 3289 1492 3343 illa
1530 3288 1773 3345 horribili
1816 3290 2061 3345 ﬁduciam

494 3378 739 3447 assequi.
769 3386 828 3432 et
870 3379 1056 3435 audire
1104 3380 1264 3434 verba
1315 3396 1439 3434 cum
1484 3396 1647 3450 regno
1698 3380 2062 3436 conferenda:

499 3466 723 3533 Esurivi,
752 3479 798 3523 et
829 3470 1035 3526 dedistis
1068 3473 1196 3525 milii
1240 3472 1543 3526 manducare
1571 3472 1782 3542 (Matth.
1812 3475 1903 3530 25.
1932 3475 2023 3544 35)
2042 3476 2067 3527 ‘l

497 3560 636 3616 Num
664 3563 754 3631 qui
784 3563 880 3619 tibi
913 3573 1113 3623 tantam
1145 3581 1323 3620 rerum
1352 3566 1498 3625 dedit
1528 3568 1827 3623 ubertatem
1847 3611 1861 3633 ,
1898 3570 2068 3638 potuit

502 3662 559 3706 et
587 3651 730 3706 illius
756 3654 991 3723 inopiam
1016 3655 1193 3711 levare
1216 3665 1274 3711 et
1297 3656 1629 3712 solari?Scd
1667 3657 1767 3713 hac
1803 3660 1871 3714 de
1907 3674 2067 3714 causa

499 3743 751 3813 relinquit
798 3745 946 3801 illum
994 3747 1174 3816 inopia
1213 3750 1428 3815 vexari,
1465 3760 1522 3803 ut
1557 3760 1612 3805 et
1660 3751 1775 3821 ipse
1816 3752 2068 3821 patientia

500 3834 725 3889 multum
753 3836 1012 3893 mercedis
1037 3838 1335 3907 acquireret
1353 3880 1368 3905 ,
1398 3849 1452 3895 et
1477 3851 1535 3895 tu
1554 3856 1650 3910 per
1677 3843 2071 3915 eleemcsynam

504 3924 600 3978 tibi
630 3924 836 3980 ﬁducia:
860 3928 1138 3983 materiam
1167 3929 1288 3984 illuc
1316 3931 1685 3998 pnemitteres.

572 4018 626 4072 3.
646 4017 832 4077 Vidisti
862 4019 1273 4075 misericordiam
1299 4022 1529 4085 Domini,
1558 4023 1827 4091 quomodo
1856 4033 2075 4093 propter

508 4118 745 4164 nostram
774 4110 995 4164 salutem
1023 4109 1295 4180 dispenset
1318 4113 1544 4167 omnia?
1574 4114 1752 4183 Itaque
1775 4114 1901 4168 dum
1927 4116 2071 4186 cogi-

509 4208 619 4259 tas,
652 4209 866 4268 propter
894 4209 945 4253 te
971 4209 1026 4254 et
1052 4212 1271 4270 propter
1294 4211 1437 4257 tuam
1458 4203 1735 4259 utilitatem
1770 4206 1915 4259 illum
1954 4222 2075 4261 cum

510 4289 684 4360 inopia
709 4290 1099 4346 conﬂictantem
1146 4291 1285 4347 fame
1314 4294 1516 4361 perire,
1558 4310 1626 4350 ne
1648 4296 1845 4365 absque
1874 4297 2080 4352 miseri-

513 4380 690 4435 cordia
728 4392 994 4448 transeas,
1034 4382 1127 4438 sed
1155 4394 1269 4438 esto
1299 4383 1470 4439 ﬁdelis
1509 4400 1727 4454 eorum,
1775 4402 1893 4457 qua:
1928 4388 2021 4443 tibi
2047 4404 2078 4442 a

516 4473 740 4528 Domino
761 4490 1010 4529 concessa
1041 4486 1184 4539 sunt,
1200 4476 1469 4533 abonorum
1486 4478 1837 4548 dispensator,
1863 4491 1921 4534 ut
1938 4482 2081 4536 illim

514 4565 838 4620 anblevando
858 4568 1153 4634 penuriam,
1182 4570 1402 4624 multam
1420 4571 1513 4625 tibi
1527 4587 1809 4641 supernam
1828 4574 2082 4629 concilies

513 4655 757 4724 gratiam.
806 4656 874 4711 Et
892 4657 1127 4727 gloriﬁca
1155 4660 1431 4717 Dominum
1454 4672 1609 4717 tuum
1631 4703 1646 4728 ,
1691 4664 1835 4733 quod
1860 4674 2081 4734 propter

516 4757 568 4800 tc
608 4758 665 4802 et
709 4750 929 4807 salutem
981 4759 1122 4807 tuam
1162 4753 1458 4820 pernitiem-it
1500 4755 1646 4811 illum
1682 4756 1738 4808 in
1777 4769 2085 4825 paupertate

517 4839 715 4893 versari
746 4879 761 4905 ,
810 4848 866 4894 ut
893 4840 984 4895 tibi
1010 4841 1091 4895 ria
1117 4851 1292 4911 pateat
1311 4884 1328 4909 ,
1368 4859 1464 4913 per
1490 4858 1647 4913 quam
1674 4856 1885 4914 peccata
1915 4850 2086 4917 possis

516 4930 731 4986 abluere
756 4972 770 4994 ,
811 4940 868 4991 et
890 4931 1211 5002 dispensatis
1240 4934 1374 4990 bene
1403 4935 1468 4989 iis
1487 4950 1605 5004 quin
1645 4952 1675 4989 a
1722 4938 1943 4993 Domino
1988 4939 2086 5003 tibi

515 5031 640 5076 sunt
660 5038 936 5091 concessa,
964 5025 1146 5079 laudes
1170 5026 1288 5080 illas
1315 5042 1573 5091 mereare,
1602 5044 1719 5098 qure
1738 5043 1949 5085 omnem
1976 5046 2090 5086 ser-

520 5130 729 5169 monem
778 5124 833 5170 et
886 5116 1144 5172 rationem
1203 5119 1602 5177 transcendunt.
1654 5122 1851 5178 Audies
1896 5125 2041 5178 enim
2071 5165 2087 5190 ,

527 5204 696 5276 Euge,
717 5225 858 5263 serve
892 5210 1019 5267 bone
1042 5222 1087 5266 et
1107 5210 1304 5279 ﬁdelis,
1343 5228 1493 5283 super
1518 5234 1680 5285 pauca
1719 5216 1857 5284 fuisti
1890 5217 2089 5286 ﬁdelis,

528 5313 673 5365 super
700 5299 859 5352 ntulta
886 5310 933 5355 te
955 5304 1254 5357 constituam
1281 5320 1300 5359 :
1324 5306 1457 5360 intra
1501 5309 1553 5360 in
1598 5310 1838 5377 gaudium
1891 5307 2093 5362 Domini

525 5387 594 5439 mi
620 5387 845 5457 (Matth.
868 5390 958 5447 25.
987 5391 1113 5463 23).
1140 5394 1264 5450 litae
1291 5396 1790 5461 animaduertentes,
1824 5400 1894 5452 ita
1926 5400 2093 5469 respi-

518 5496 723 5543 cmmus
771 5504 1066 5559 pauperes,
1109 5493 1259 5562 quasi
1304 5493 1601 5560 beneﬁcos,
1644 5495 1737 5563 qui
1786 5495 2094 5549 occasiones

523 5578 713 5632 salutis
736 5581 865 5635 dare
906 5582 1059 5638 nobis
1088 5594 1337 5653 possunt,
1386 5596 1443 5640 et
1478 5587 1558 5641 eis
1596 5586 1811 5655 largiter
1834 5584 2095 5655 hilarique

527 5668 706 5726 animo
734 5686 1032 5743 unguntis,
1058 5692 1345 5748 numquam
1372 5689 1660 5735 renuentes
1681 5679 1828 5747 dare,
1858 5677 1955 5735 sed
1983 5692 2094 5733 ma-

2144 1191 2250 1243 Inrc
2274 1191 2391 1243 vita.
2420 1216 2493 1229 -ο
2518 1188 2680 1258 Igitur
2722 1203 2827 1242 non
2876 1197 3079 1241 tantum
3106 1189 3452 1243 attendentes
3480 1203 3600 1241 cum
3636 1208 3660 1256 q

2144 1281 2354 1350 accipit,
2395 1282 2448 1335 In
2484 1278 2674 1334 dandis
2702 1280 3053 1351 eleetnesynis
3082 1280 3251 1335 simus
3281 1280 3542 1336 liberales
3582 1300 3597 1333 :
3633 1302 3653 1333 ς

2144 1374 2522 1428 ratiocinantes
2561 1374 2737 1442 potius
2762 1373 2881 1443 quis
2907 1373 3000 1428 ille
3021 1373 3091 1427 sit
3127 1374 3216 1444 qui
3258 1387 3322 1427 ea
3362 1388 3494 1442 qua:
3521 1374 3571 1425 in
3602 1378 3709 1453 ραι-ι

2147 1478 2325 1537 parem
2357 1468 2614 1522 collocata
2640 1476 2787 1533 sunt,
2817 1476 2873 1523 ut
2912 1468 3013 1523 sibi
3053 1466 3186 1523 facta
3215 1469 3457 1522 vindieat
3484 1510 3500 1531 ,
3544 1480 3595 1522 et
3634 1480 3711 1537 ττι

2147 1560 2283 1614 datis
2320 1560 2638 1614 solutionem
2690 1560 3010 1628 pollicetur:
3040 1569 3196 1630 atque
3236 1560 3307 1613 ita
3350 1561 3543 1613 animo
3586 1562 3713 1621 illum

2147 1650 2412 1706 intuentes
2436 1691 2452 1717 ,
2498 1666 2685 1720 magna
2711 1650 2979 1704 alacritate
3003 1650 3131 1704 dare
3158 1651 3481 1704 Studeamus
3501 1690 3518 1713 ,
3549 1662 3599 1703 et
3628 1652 3715 1717 int-it

2148 1755 2291 1810 gain,
2318 1740 2440 1795 dum
2465 1740 2635 1795 adhuc
2662 1751 2867 1808 tempus
2892 1750 2994 1802 est,
3027 1749 3319 1793 sementem
3342 1740 3641 1807 iaciamus,
3668 1740 3717 1810 id

2148 1840 2202 1884 et
2227 1831 2456 1885 ubertim
2488 1842 2765 1884 metamus.
2793 1830 2921 1884 Nam
2958 1829 3061 1896 Qui
3080 1845 3230 1899 parce
3250 1830 3474 1882 seminat
3494 1870 3509 1889 ,
3534 1830 3713 1897 inquit,

2152 1938 2301 1992 pot-ce
2314 1933 2358 1975 et
2375 1932 2519 1975 metet
2543 1920 2622 1991 (2.
2645 1921 2764 1975 Cor.
2786 1922 2837 1977 9.
2862 1922 2941 1990 6).
2972 1921 3125 1975 Manu
3150 1920 3309 1990 igitur
3329 1920 3557 1974 minime
3580 1911 3719 1988 tardi

2151 2015 2354 2069 semina
2380 2014 2465 2067 illa
2493 2015 2626 2068 bona
2656 2029 2984 2084 spargamus,
3017 2024 3074 2068 ut
3102 2029 3197 2068 suo
3226 2024 3477 2083 tempore
3504 2013 3715 2067 ubertim

2152 2113 2436 2161 metamus.
2467 2106 2617 2160 Nunc
2640 2107 2781 2161 enim
2808 2107 3102 2160 seminandi
3131 2116 3337 2175 tempus
3364 2115 3473 2170 est,
3501 2104 3636 2174 quod
3666 2104 3723 2161 te

2150 2206 2532 2269 praetereamus
2556 2198 2779 2253 obsecro
2800 2239 2814 2263 ,
2858 2208 2913 2252 ut
2954 2200 3007 2253 in
3036 2199 3122 2253 die
3149 2198 3521 2253 retributionis
3550 2214 3641 2266 pro
3668 2198 3717 2251 iis

2155 2306 2271 2361 qua;
2302 2291 2387 2346 hic
2414 2290 2794 2345 seminavimus
2817 2332 2831 2355 ,
2876 2288 3079 2344 fructus
3106 2291 3471 2359 percipiamus
3496 2332 3513 2355 ,
3549 2300 3599 2343 et
3630 2289 3717 2342 Do-

2157 2382 2284 2437 tnini
2331 2381 2751 2436 miscricordiam
2793 2395 3156 2451 assequamur.
3203 2380 3419 2435 Nullum
3448 2380 3592 2434 enim
3619 2394 3719 2431 ora.

2159 2475 2284 2529 nino
2312 2473 2453 2529 aliud
2478 2488 2611 2543 opus
2638 2475 2831 2528 bonum
2853 2474 2929 2528 sic
2958 2474 3151 2542 poterit
3177 2473 3517 2542 restinguere
3553 2485 3723 2540 pecca-

2156 2574 2334 2621 torum
2358 2575 2659 2621 nostrorum
2682 2566 3001 2627 incendium,
3029 2574 3087 2618 ut
3104 2564 3467 2634 elcemcsyna!
3487 2563 3733 2631 largitas:

2160 2659 2257 2711 ism
2285 2666 2339 2712 et
2370 2667 2701 2726 peccatorum
2732 2667 3031 2710 nostrorum
3072 2656 3416 2710 abolitionem
3464 2666 3719 2724 operatur,

2160 2757 2216 2802 et
2236 2748 2393 2803 nobis
2420 2748 2662 2801 ﬁduciam
2704 2747 2988 2810 conciliat,
3029 2756 3083 2801 et
3130 2745 3480 2801 incdabilium
3529 2745 3722 2797 illorum

2162 2840 2420 2895 bonorum
2453 2842 2677 2894 fructum
2717 2848 2996 2910 praeparat.
3026 2837 3221 2893 Verum
3273 2837 3343 2892 de
3391 2836 3484 2891 his
3528 2836 3725 2905 quidem

2164 2934 2294 2987 satis
2339 2933 2541 2987 dictum
2583 2940 2664 2985 est
2694 2932 2747 2985 in
2775 2929 3193 2985 cohortationern
3236 2936 3516 2990 vestram;
3563 2937 3618 2979 et
3652 2928 3725 2975 dr-

2165 3033 2514 3079 monstratum
2547 3037 2643 3077 nos
2671 3022 2717 3076 si
2747 3037 2904 3091 parva
2927 3020 3229 3075 dederimus
3248 3060 3262 3083 ,
3292 3032 3325 3071 a
3372 3018 3607 3070 Domino
3646 3031 3727 3067 nc-

2164 3127 2277 3171 sno
2306 3128 2491 3184 magna
2513 3121 2929 3183 consequuturos
2971 3125 3107 3165 esse.
3133 3110 3266 3164 Hinc
3289 3108 3437 3162 enim
3484 3123 3661 3161 sermo
3688 3108 3728 3157 is

2162 3208 2519 3277 elecmosynac
2545 3204 2959 3258 admonitionem
2989 3202 3269 3256 devolutus
3297 3210 3380 3253 est
3411 3216 3426 3252 :
3461 3199 3583 3268 quia
3606 3202 3729 3251 enim

2166 3297 2395 3352 diximus
2432 3296 2784 3367 patriai-chain
2810 3336 2825 3361 ,
2857 3296 2983 3348 dum
3017 3304 3217 3363 partem
3260 3301 3424 3346 terra:
3473 3292 3730 3345 meiiorrm

2169 3388 2268 3442 Lot
2296 3389 2579 3451 concessit,
2609 3395 2663 3440 et
2686 3387 2925 3442 viliorem
2954 3386 3067 3455 ipse
3089 3383 3326 3448 retinnit,
3360 3392 3568 3435 tantam
3595 3398 3623 3432 a
3652 3383 3733 3431 lie-

2170 3480 2317 3534 mino
2346 3487 2733 3548 consequutum
2759 3492 2879 3531 esse
2904 3476 3291 3539 liberalitatem,
3320 3481 3381 3527 ut
3402 3487 3625 3525 omnem
3656 3486 3735 3522 eo.

2171 3573 2477 3640 gitationent
2517 3570 2853 3625 transcendat
2895 3568 3175 3638 promissio
3200 3581 3356 3635 «rnatu
3394 3566 3448 3619 ei
3498 3568 3736 3617 Ιὶοιηὶηεις

2170 3665 2297 3721 fecit
2324 3681 2338 3719 :
2370 3664 2589 3718 Eleratis
2615 3666 2745 3716 enim
2774 3662 2932 3716 oculis
2976 3661 3094 3724 tuis,
3123 3659 3310 3729 inquit,
3354 3660 3519 3712 viden
3539 3661 3671 3719 loco,
3698 3659 3735 3707 in

2172 3773 2271 3826 quo
2296 3766 2347 3810 tu
2377 3773 2509 3810 nunc
2534 3772 2604 3819 es,
2635 3755 2702 3807 ad
2725 3754 3004 3824 aquilonem
3031 3762 3079 3805 et
3105 3751 3396 3813 meridiem,
3438 3760 3485 3801 et
3512 3751 3737 3800 Orientem

2174 3859 2221 3903 et
2249 3865 2386 3903 mare
2410 3863 2428 3902 :
2454 3849 2573 3918 quia
2594 3863 2791 3900 omnem
2816 3855 2997 3898 terram
3018 3886 3032 3908 ,
3061 3858 3209 3913 quam
3237 3853 3288 3894 tu
3312 3843 3452 3895 rides
3474 3882 3490 3905 ,
3526 3857 3640 3893 eam
3670 3840 3739 3889 est

2172 3939 2329 4005 dabo,
2366 3949 2411 3992 et
2437 3939 2611 3993 semini
2633 3948 2719 3990 tuo
2743 3952 2903 4004 usque
2928 3936 2980 3987 in
2999 3934 3254 3988 secutum.
3282 3933 3441 3987 Parte
3468 3942 3649 3991 terrm,
3678 3931 3743 3981 in.

2175 4029 2310 4098 quit,
2339 4027 2548 4083 cessisti
2578 4027 2757 4081 fratris
2786 4026 2895 4078 lilio
2920 4042 2933 4078 :
2961 4036 3088 4078 cccc
3115 4038 3217 4091 ego
3244 4031 3410 4075 totam
3437 4022 3529 4075 tibi
3560 4030 3741 4074 terram

2179 4122 2437 4192 polliceor
2462 4136 2477 4185 ;
2507 4133 2679 4188 neque
2710 4119 2812 4171 hoc
2837 4118 3027 4179 solum,
3056 4115 3149 4170 sed
3172 4122 3230 4169 et
3256 4114 3448 4167 semini
3479 4124 3575 4165 tuo
3603 4112 3742 4181 polli-

2178 4227 2306 4267 ceor
2330 4225 2447 4264 eam
2472 4223 2638 4277 usque
2675 4209 2726 4262 in
2767 4207 3018 4261 steculum
3054 4222 3066 4258 :
3097 4205 3196 4258 hoc
3224 4214 3327 4269 est,
3351 4212 3639 4271 perpetuo.
3668 4201 3743 4249 Vi-

2181 4301 2303 4355 disti
2329 4299 2594 4370 quomodo
2624 4307 2802 4353 certat
2830 4295 3144 4352 beneﬁciis?
3189 4294 3380 4349 Sciens
3422 4293 3571 4347 enim
3626 4292 3743 4344 Deos

2186 4393 2287 4446 hoc
2314 4392 2543 4446 maxime
2567 4402 2763 4459 cupere
2786 4387 3162 4457 patriarcham,
3193 4393 3251 4440 et
3272 4385 3401 4438 nihil
3423 4385 3541 4452 ejus
3564 4382 3744 4436 alacri-

2186 4494 2345 4540 tatem
2375 4485 2445 4538 ita
2472 4482 2842 4537 rohoraturum
2866 4494 3003 4544 esse,
3036 4479 3203 4549 inquit
3234 4496 3246 4531 :
3276 4478 3346 4532 Et
3369 4477 3476 4531 hoc
3513 4478 3611 4531 tibi
3638 4492 3744 4530 con-

2184 4579 2394 4643 cedam,
2424 4586 2482 4631 ut
2503 4577 2592 4645 qui
2620 4590 2684 4629 ex
2707 4582 2760 4628 te
2784 4581 3085 4634 nascentur,
3114 4570 3418 4633 succedant,
3444 4579 3499 4623 et
3516 4570 3744 4623 similitet

2188 4679 2329 4723 terra
2377 4671 2651 4733 fruanttrr,
2707 4665 3036 4733 habeantque
3075 4670 3386 4731 perpetuum
3416 4662 3562 4713 illius
3589 4660 3743 4713 donn-

2190 4761 2355 4814 nium.
2389 4755 2606 4821 Deinde,
2645 4764 2704 4808 ut
2731 4770 2799 4809 ne
2825 4752 3196 4820 respiciensad
3220 4759 3465 4804 naturam
3504 4760 3561 4803 et
3610 4764 3744 4802 sene

2188 4858 2388 4906 ctutem
2418 4862 2567 4901 suam
2593 4888 2608 4912 ,
2636 4846 2886 4914 Sat-aeque
2924 4844 3253 4898 sterilitatem
3280 4882 3293 4903 ,
3355 4841 3743 4910 promissione

2190 4945 2366 4997 minus
2393 4948 2622 5003 curaret,
2654 4938 2747 4991 sed
2770 4938 2903 4991 bene
2933 4935 3117 4990 ﬁderet
3140 4933 3438 5003 pollicentis
3458 4933 3663 4991 virtuti,
3690 4936 3735 4981 in

2192 5038 2308 5106 quit
2337 5034 2460 5089 :16.
2490 5032 2557 5086 Et
2600 5032 2784 5102 faciam
2820 5043 2985 5082 senuit
3024 5037 3164 5079 tuum
3191 5026 3318 5077 sicut
3352 5041 3563 5077 arenam
3600 5034 3743 5075 tam

2197 5128 2257 5182 Si
2284 5126 2395 5194 quis
2422 5132 2580 5194 potest
2608 5135 2871 5175 numertne
2895 5132 3099 5171 uenam
3139 5127 3301 5179 terra,
3343 5124 3392 5169 et
3418 5130 3590 5166 semen
3628 5124 3743 5163 me

2196 5218 2554 5273 nuuterabitur.
2587 5214 2721 5268 Vere
2750 5227 2908 5280 supra
2930 5219 3170 5265 naturam
3202 5208 3487 5261 humanam
3512 5216 3635 5258 erat
3658 5205 3743 5257 Im

2196 5310 2478 5382 promissio
2516 5327 2529 5362 :
2574 5322 2678 5361 non
2705 5306 2876 5359 solum
2921 5303 3062 5358 enim
3113 5301 3354 5371 promisit
3400 5315 3463 5354 se
3509 5298 3743 5352 iactuum

2197 5418 2319 5459 cum
2367 5410 2569 5470 patrem
2612 5401 2747 5451 inter
2792 5406 2881 5449 tot
2910 5389 3319 5464 impedimenta,
3344 5390 3439 5445 sed
3464 5392 3522 5444 in
3564 5400 3743 5442 unum

2200 5493 2664 5561 multiplicaturnm
2693 5487 2850 5548 ﬁlios,
2874 5494 2938 5540 ut
2954 5499 3129 5538 arena:
3151 5494 3307 5537 terra:
3329 5480 3628 5550 comparari
3650 5492 3740 5547 pus

2200 5596 2338 5642 sent.
2383 5587 2719 5641 Innumeram
2754 5592 2917 5649 porro
2966 5576 3359 5631 multitudinem
3389 5574 3505 5629 fore
3523 5583 3631 5626 tam
3672 5570 3743 5639 by

2207 5677 2466 5750 perbolica
2495 5671 2837 5729 similitudine
2865 5668 3136 5725 declarare
3160 5663 3345 5721 voluit.

3714 1724 3717 1861 ἓ

3714 1886 3719 1973 i

3720 1988 3721 2027 1

3714 2407 3719 2418 '
3727 2396 3729 2439 1
