3788 6248
344 231 445 291 3ἰῖ
496 230 499 235 ’

415 351 613 405 Σκόπει
660 351 776 415 πῶς
814 350 848 404 ό
890 348 1269 421 φιλάνθρωπος
1311 348 1586 419 Δεσπότης
1636 349 1778 402 κατά
1820 347 2014 419 μικρὸν

343 438 613 511 γυμνάζει
639 440 735 494 τοῦ
768 439 979 494 δικαίου
1005 438 1102 509 τὴν
1133 438 1354 509 ἀρετήν.
1381 438 1566 492 Εἰπὼν
1593 438 1703 509 7&9
1736 437 2015 508 ἀνωτέρω,

342 529 425 582 ὅτι
474 527 557 593 Τῷ
610 526 907 596 σπέρματί
952 541 1069 579 σου
1109 523 1285 579 δώσω
1324 526 1438 593 τὴν
1472 524 1587 594 γῆν
1634 526 1884 593 ταύτην·
1923 524 2019 578 νῦν

342 615 507 669 πάλιν
530 616 715 685 φησὶν,
743 612 855 667 Καὶ
877 612 955 678 τῷ
984 609 1279 680 σπέρματί
1311 630 1426 667 σου
1456 613 1627 668 δώσω
1646 613 1755 679 ἕως
1782 614 2016 679 αἰῶνος,

342 704 441 756 καί
478 702 711 768 ποιήσω
743 699 890 755 αὐτὸ
935 700 1016 766 ὡς
1054 699 1170 767 τὴν
1197 701 1394 769 ἄμμον
1422 700 1532 769 τῆς
1562 701 1695 771 γῆς.
1736 701 1846 754 Καὶ
1882 702 2018 764 τέως

346 789 507 861 μέχρι
557 787 731 858 λόγων
771 785 843 840 τά
878 786 981 857 τῆς
1024 787 1391 858 ὑποσχέσεως,
1437 790 1531 842 καὶ
1566 790 1729 851 πολὺς
1776 790 1834 843 ἐν
1868 787 2019 858 μέσῳ

344 876 709 947 παραγίνεται
736 876 951 947 χρόνος.
989 877 1080 931 ἵνα
1108 877 1202 929 καί⁹
1231 877 1331 945 τῆς
1364 876 1589 948 γνώμης
1625 874 1719 930 τοῦ
1750 875 2018 947 πατριάρ-

344 980 438 1036 χου
459 964 730 1035 ,μάθωμεν
757 964 818 1017 1b
846 963 1110 1033 φιλόθεον,
1134 963 1341 1018 καὶτοῦ
1368 965 1503 1018 Θεοῦ
1530 965 1627 1035 τὴν
1650 962 2018 1034 ὑπερϐάλλου-

343 1070 443 1107 σαν
464 1051 1018 1123 δύναμιν.Ἐπίτηδες
1049 1051 1157 1123 7&9
1188 1051 1372 1121 μέλλει
1395 1053 1488 1105 καὶ
1518 1051 1902 1113 ἀναϐάλλεται,
1931 1050 2018 1102 ῖνα

341 1144 423 1204 εἰς
464 1141 601 1213 βαθὺ
636 1142 814 1212 γῆρας
848 1140 1137 1203 ἐλάσαντες
1180 1140 1230 1192 οἰ
1270 1141 1368 1213 τήν
1397 1140 1685 1210 ὑπόσχεσιν
1712 1139 2015 1211 δεξάμενοι,

340 1233 433 1286 καὶ
469 1230 821 1301 ἀπογνόντες,
850 1231 925 1294 ὡς
955 1232 1150 1295 εἰπεῖν,
1180 1232 1317 1295 τέως
1360 1231 1496 1284 κατά
1525 1230 1870 1302 ἀνθρωπίνην
1891 1230 2019 1283 ἀκο-

338 1318 580 1383 λουθίαν,
610 1318 732 1372 τότε
763 1318 856 1373 καὶ
880 1318 980 1388 τῆς
1015 1318 1221 1383 οἰκείας
1250 1317 1533 1382 ἀσθενείας
1557 1320 1655 1390 τὴν
1682 1321 1897 1389 πεῖραν,
1924 1319 2019 1372 καὶ

339 1410 438 1480 τῆς
465 1408 675 1479 ἀφάτου
701 1406 985 1478 δυνάμεως
1009 1406 1101 1459 τοῦ
1130 1406 1263 1460 Θεοῦ
1294 1407 1391 1479 τὴν
1410 1407 1712 1479 ὑπερϐολὴν
1741 1394 1943 1461 ἴδωσιν.

409 1538 471 1591 δ’.
501 1534 768 1591 Ἐννόειδέ
792 1554 880 1608 μοι
899 1537 963 1590 ἐκ
982 1537 1080 1607 τῆς
1096 1536 1452 1609 παρατάσεως
1466 1537 1557 1590 τοῦ
1577 1538 1634 1591 ἐν
1657 1537 1805 1609 μέσῳ
1825 1536 2014 1609 χρόνου

339 1626 400 1677 1b
430 1625 654 1695 στερῤὸν
687 1624 788 1696 τῆς
816 1622 910 1678 τοῦ
948 1624 1283 1696 πατριάρχου
1318 1624 1563 1696 γνώμης,
1599 1623 1714 1688 πῶς
1742 1624 1918 1677 πάντα
1948 1627 2015 1679 τά

337 1710 656 1784 ἀνθρώπινα
687 1712 1067 1784 παρατρέχων,
1102 1710 1239 1784 πρὸς
1268 1711 1329 1765 1b
1355 1710 1577 1766 δυνατὸν
1597 1710 1691 1766 τοῦ
1713 1712 2014 1784 ὑποσχομέ-

338 1818 433 1854 νου
472 1800 653 1864 τείνας
685 1799 781 1872 τὴν
811 1800 1068 1865 διάνοιαν,
1100 1801 1201 1855 οὑκ
1246 1800 1576 1873 ἐθορυϐεῖτο,
1623 1802 1742 1855 οὑδὲ
1788 1801 2016 1873 ἐταράτ-

335 1903 476 1940 τετο.
499 1885 639 1941 ’Ἱστε
674 1887 782 1958 γὰρ
812 1886 1091 1953 πολλάκις,
1119 1889 1197 1942 ὃτι
1224 1887 1443 1942 ἐπειδάν
1479 1906 1562 1952 τις
1594 1888 1738 1954 ἆπαξ
1770 1889 1863 1942 καὶ
1889 1888 2013 1942 δεύ-

336 1990 493 2044 τερον
517 1973 888 2044 ὑποσχόμενος
913 1974 1137 2045 μηδέπω
1166 1976 1246 2037 εἰς
1271 1974 1429 2045 ἔργον
1458 1974 1640 2045 ἀγάγῃ
1660 1973 1729 2026 τὰ
1752 1974 2016 2043 ἐπαγγελ-

337 2060 517 2121 θέντα.
562 2061 679 2125 πῶς
712 2062 1061 2134 όκνηρότεροι
1101 2061 1364 2132 γινόμεθα
1406 2062 1541 2131 πρὸς
1582 2061 1643 2114 1b
1678 2060 1838 2114 πάλιν
1866 2061 2014 2133 αὑτῷ

335 2149 624 2203 πιστεῦσαι
651 2138 1086 2220 ὑπισχνουμένῳ.
1129 2149 1267 2202 Ἀλλ’
1303 2149 1396 2202 ἐπὶ
1434 2149 1531 2219 μὲν
1564 2149 1849 2219 ἀνθρώπου
1878 2149 2015 2202 εἰκό-

334 2256 446 2300 τως
476 2236 542 2291 ἀν
570 2234 733 2290 τοῦτο
760 2236 998 2305 γένοιτοο
1037 2236 1130 2289 ἐπὶ
1160 2236 1217 2289 δέ
1248 2234 1343 2289 τοῦ
1365 2234 1497 2288 Θεοῦ
1529 2236 1618 2289 τοῦ
1649 2237 1785 2305 μετά
1812 2237 2013 2306 πολλῆς

337 2322 529 2393 σοφίας
571 2322 642 2379 τὰ
675 2322 918 2394 ἡμέτερα
947 2322 1374 2393 οἰκονομοῦντος,
1407 2322 1624 2376 ἐπειδάν
1653 2322 1800 2387 ἅπαξ
1843 2327 2012 2392 ἐπαγ-

336 2410 607 2483 γείληται,
647 2410 753 2465 κᾶν
790 2410 957 2482 μυρία
987 2412 1045 2463 ἐν
1076 2409 1154 2481 τῷ
1202 2410 1350 2481 μέσῳ
1391 2409 1687 2480 κωλύματα
1728 2411 2009 2481 παρεμπί-

336 2514 484 2563 πτοι,
512 2498 650 2570 πρὸς
671 2497 733 2551 τὸ
765 2498 994 2569 μέγεθος
1024 2499 1121 2568 τῆς
1143 2495 1237 2551 τοῦ
1272 2496 1408 2550 Θεοῦ
1448 2497 1728 2567 δυνάμεως
1768 2496 2009 2569 ὁρῶντας

336 2572 558 2658 θαρρεῖν
584 2583 713 2658 χρὴ.
750 2584 848 2640 καί
877 2586 1271 2657 ἐστηριγμένον
1311 2584 1454 2655 ἔχειν
1480 2586 1571 2637 τὸν
1602 2584 1878 2655 λογισμὸν,
1916 2588 2010 2640 καὶ

334 2675 531 2729 εἰδέναι
560 2674 637 2738 ώς
672 2674 889 2738 πάντως
918 2674 998 2738 εἰς
1028 2674 1187 2744 ἔργον
1222 2674 1448 2745 ἐκϐῆναι
1473 2674 1553 2727 δεῖ
1586 2674 1655 2728 τά
1684 2675 1813 2745 παρ’
1843 2675 2009 2729 αὑτοῦ

332 2762 599 2836 εἰρημένα
620 2780 632 2791 ·
688 2762 855 2817 Οὑδὲν
899 2762 1009 2831 γάρ
1054 2765 1201 2815 ἐστιν
1230 2762 1257 2814 ὃ
1285 2762 1571 2834 δυνήσεταί
1602 2780 1729 2817 ποτε
1760 2762 2011 2833 διακόψαι

330 2852 403 2907 τὰ
430 2852 560 2923 παρ’
590 2850 755 2905 αὑτοῦ
782 2849 1168 2920 ἐπηγγελμένα
1188 2866 1201 2878 ’
1254 2850 1385 2914 Θεὸς
1420 2849 1529 2921 γάρ
1558 2852 1726 2913 ἐστιν,
1758 2844 1804 2919 ᾧ
1832 2854 2010 2907 πάντα

330 2939 561 2995 δυνατά·
604 2940 700 2993 καὶ
734 2937 823 2992 διά
859 2937 1019 2991 τοῦτο
1066 2937 1201 3009 πρὸς
1238 2937 1266 2990 ὃ
1311 2937 1578 3009 βούλεται,
1627 2938 2009 3012 μεθίστησιτά

330 3028 657 3101 πράγματα,
693 3027 787 3080 καὶ
814 3015 1017 3097 πόρους
1044 3024 1104 3090 ἐξ
1127 3026 1345 3097 ἀπόρων
1366 3027 1545 3097 εὑρεῖν
1566 3026 1883 3096 δυνάμενος,
1914 3029 2010 3082 καὶ

336 3119 478 3187 μετὰ
506 3116 605 3187 τὴν
632 3115 946 3182 ἀπόγνωσιν
980 3114 1079 3185 τὴν
1107 3114 1380 3186 ἡμετέραν
1410 3116 1489 3177 εἰς
1518 3115 1758 3185 χρηστάς
1788 3116 2008 3181 ἐλπίδας

329 3207 503 3273 ἄγων,
531 3204 597 3257 ἵν’
629 3200 772 3257 οὑτω
799 3202 1129 3272 σαφέστερον
1154 3202 1320 3255 αὑτοῦ
1354 3202 1712 3273 μανθάνωμεν
1736 3201 1885 3275 [545]
1910 3204 2009 3275 τῆς

330 3290 639 3361 εὐμηχάνου
672 3287 862 3355 σοφίας
888 3287 987 3356 τὴν
1014 3286 1341 3357 ὑπερϐολήν.
1379 3286 1665 3354 Ἀναστὰς
1693 3289 1821 3359 7&9,
1854 3290 2007 3359 φησί,

328 3377 651 3432 διόδευσον
682 3374 796 3442 τὴν
826 3373 966 3443 γῆν,
999 3374 1089 3439 εἷς
1132 3390 1196 3427 τε
1234 3374 1299 3427 τὸ
1344 3373 1538 3443 μῆκος
1572 3375 1763 3445 αὐτῆς
1798 3377 1895 3431 καί
1920 3380 2007 3444 εἰς

329 3466 397 3517 τὸ
429 3464 680 3529 πλάτος,
701 3462 794 3516 ὅτι
824 3478 919 3515 σοι
945 3459 1118 3515 δώσω
1135 3460 1349 3530 αὑτήν.
1366 3462 1506 3532 Ὅρα
1542 3461 1654 3525 πῶς
1681 3463 1771 3517 διὰ
1789 3465 2007 3520 πάντων

329 3553 439 3607 τῶν
462 3551 803 3623 πραγμάτων
834 3549 1034 3621 πολλὴν
1069 3548 1315 3619 βούλεται
1356 3549 1730 3623 πληροφορίαν
1776 3552 2007 3606 ἐνθεῖναι

328 3639 406 3710 τῷ
454 3639 667 3710 δικαίῳ.
708 3636 996 3699 Ἀναστάς,
1046 3637 1201 3708 φησί,
1259 3636 1534 3707 περίελθε,
1579 3640 1673 3693 καὶ
1721 3640 2004 3711 κατάμαθε

326 3728 423 3781 καὶ
464 3728 526 3781 1b
562 3726 737 3798 μῆκος
775 3726 867 3779 καὶ
903 3725 964 3779 1b
998 3724 1220 3790 πλάτος,
1268 3725 1355 3780 ἵνα
1388 3724 1582 3780 εἰδέναι
1615 3726 1745 3800 ἔχῃς
1796 3728 1890 3782 καὶ
1946 3729 2007 3781 τὸ

328 3813 559 3888 μέγεθος
590 3814 689 3886 τῆς
736 3813 858 3884 γῆς,
898 3807 967 3885 ἦς
1012 3813 1304 3867 ἀπολαύειν
1350 3813 1588 3884 μέλλεις,
1640 3817 1733 3869 καὶ
1770 3816 1876 3887 πρὸ
1907 3817 2006 3888 τῆς

326 3899 683 3964 ἀπολαύσεως
706 3901 774 3972 τῇ
810 3899 985 3953 ἐλπίδι
1014 3899 1365 3971 τρεφόμενος,
1396 3899 1594 3971 πολλὴν
1630 3901 1758 3971 ἔχῃς
1793 3900 1890 3971 τὴν
1916 3903 2004 3954 εύ-

324 3986 549 4060 θυμίαν.
576 3987 751 4058 Ὄσην
783 3987 891 4057 7&9
926 3985 991 4039 ἂν
1023 3985 1315 4057 περιέλθῃς
1345 3986 1471 4054 γῆν,
1510 3988 1593 4039 σοὶ
1623 3986 1778 4040 δώσω
1811 3987 2000 4059 αὑτὴν,

326 4077 417 4131 ἵνα
463 4074 641 4147 μάθῃς
674 4076 756 4128 ὃτι
785 4074 846 4127 οὑ
883 4073 1117 4127 τοσαῦτα
1161 4073 1583 4144 παρεχώρησας,
1617 4077 1716 4128 ὅσα
1741 4073 1835 4127 νῦν
1864 4075 2003 4145 λαμ-

325 4158 512 4211 ϐάνειν
540 4156 773 4228 μέλλεις,
799 4156 891 4226 Μὴ
920 4155 1097 4208 τοίνυν
1123 4155 1352 4227 νομίσῃς
1374 4156 1472 4224 τὴν
1506 4155 1763 4210 ἐλάττονα
1788 4157 2004 4228 εἰληφέ-

325 4263 434 4310 ναι,
459 4243 645 4315 ἐπειδὴ
673 4244 878 4305 ἐκεῖνος
900 4244 1013 4305 τοῖς
1048 4241 1335 4312 πρωτείοις
1363 4244 1707 4312 φαινομένοις
1730 4246 2003 4317 ἐπεπήδη-

330 4350 441 4386 σεν.
485 4332 623 4404 Εἴσῃ
650 4330 706 4384 δέ
737 4331 854 4399 μετ’
884 4330 944 4382 οὑ
992 4328 1126 4382 πολὺ
1157 4328 1223 4381 δι’
1258 4328 1436 4384 αὑτῶν
1470 4331 1579 4385 τῶν
1625 4335 1995 4404 πραγμάτων,

324 4422 408 4473 δτι
440 4418 501 4473 οὑ
533 4416 815 4488 λυσιτελής
850 4413 919 4488 ῆν
945 4416 1093 4486 αὑτῷ
1124 4416 1229 4470 τῶν
1257 4417 1539 4489 πρωτείων
1567 4422 1599 4491 ή
1634 4420 1832 4492 ἐκλογή
1864 4436 1875 4451 ·
1912 4426 2002 4477 καὶ

325 4508 490 4571 αὑτὸς
512 4508 569 4562 δέ
588 4508 792 4570 ἐκεῖνος
820 4505 1144 4576 μαθήσεται,
1167 4506 1291 4559 ὅσον
1320 4507 1435 4559 ἐστί¹
1458 4508 1626 4562 κακὸν
1643 4509 1702 4561 τὸ
1714 4510 1823 4562 τῶν
1848 4528 1999 4581 πρω-

324 4594 484 4649 τείων
512 4595 663 4666 ἐρᾷν.
692 4592 911 4657 Τέωςδέ
932 4592 1093 4657 αὑτὸς
1121 4592 1347 4662 κομίζου
1374 4594 1470 4665 τῆς
1503 4598 2001 4669 ταπεινοφροσύνης

326 4685 421 4740 καὶ
460 4682 563 4753 τῆς
616 4681 937 4746 ἐπιεικείας,
983 4682 1050 4752 ἦν
1096 4682 1225 4753 περὶ
1257 4682 1348 4735 τὸν
1379 4683 1691 4753 ἀδελφιδοῦν
1720 4685 1997 4753 ἐπεδείξω,

324 4771 426 4837 τὰς
461 4768 718 4842 ἀμοιϐὰς,
749 4768 842 4822 καὶ
869 4768 1024 4839 δέχου
1073 4769 1172 4840 τὴν
1202 4769 1517 4839 ὑπόσχεσιν,
1562 4772 1657 4824 καὶ
1693 4772 1795 4842 ήδη
1830 4791 2000 4831 κατα-

332 4858 569 4931 μάνθανε
595 4856 693 4928 τῆν
721 4856 826 4926 γῆν
853 4855 1090 4922 ἃπασαν,
1114 4850 1183 4927 ἦς
1202 4856 1389 4927 κύριος
1421 4852 1490 4922 εἷ,
1521 4859 1615 4910 καὶ
1645 4860 1762 4927 μετ’
1780 4861 1843 4913 οὑ
1866 4862 1999 4915 πολὺ

329 4947 424 4999 καὶ⁵
458 4944 619 5009 αὐτὸς
656 4945 751 4998 καὶ
779 4944 839 4998 τὸ
870 4942 1093 5013 σπέρμα
1132 4941 1193 4996 τὸ
1232 4942 1323 4997 σὺν
1357 4944 1437 5006 εἰς
1463 4943 1524 4997 τὸ
1556 4944 1801 5013 διηνεκὲς
1840 4949 2000 5003 καθέ.

330 5034 470 5098 ξετε.
493 5032 602 5088 Καὶ
635 5030 715 5098 τῷ
739 5030 1034 5100 σπέρματί
1070 5046 1186 5084 σου
1217 5029 1348 5102 γὰρ,
1373 5032 1557 5103 φησὶν,
1595 5032 1708 5099 ἕως
1736 5035 1843 5089 τοῦ
1868 5036 2001 5091 αἰῶ-

323 5139 451 5188 νος.
486 5120 627 5175 Πολὺ
666 5121 763 5189 τῆς
790 5117 1121 5186 ἐπαγγελίας
1150 5117 1242 5172 τοῦ
1278 5118 1415 5173 Θεοῦ
1454 5120 1514 5174 τὸ
1541 5121 1793 5191 μέγεθος,
1829 5126 1998 5198 πολλὴ

323 5210 421 5280 τῆς
455 5207 765 5277 φιλοτιμίας
796 5206 889 5260 τοῦ
923 5207 1141 5261 πάντων
1165 5206 1323 5277 ήμῶν
1354 5209 1628 5263 Δεσπότου
1662 5211 1695 5282 ή
1726 5210 1996 5281 δαψίλεια,

324 5296 495 5368 πολλή
524 5297 620 5368 τῆς
645 5295 879 5367 ἀμοιϐῆς
902 5295 994 5350 τοῦ
1018 5294 1400 5368 φιλανθρώπου
1421 5299 1515 5353 καὶ
1547 5300 1999 5372 πανοικτίρμονος

322 5387 360 5457 ή
398 5384 694 5455 ὑπερϐολή,
742 5384 810 5456 ἢν
849 5385 976 5456 περί
1012 5384 1103 5437 τὸν
1139 5384 1409 5456 μακάριον
1450 5384 1639 5441 τοῦτον
1682 5389 1995 5459 ἐποιήσατο,

324 5472 421 5527 καὶ
446 5471 525 5543 τῷ
562 5471 623 5538 ἐξ
664 5471 828 5528 αὑτοῦ
867 5472 1109 5544 μέλλοντι
1142 5473 1421 5528 τίκτεσθαι
1470 5474 1765 5547 σπέρματι.
1810 5476 1995 5531 Ταῦτα

326 5558 564 5622 ἀκούσας
594 5561 620 5613 ὁ
650 5562 1012 5633 πατριάρχης,
1055 5560 1149 5614 καὶ
1193 5560 1488 5629 ἐκπλαγεὶς
1521 5563 1618 5633 τὴν
1665 5563 1871 5633 ἀφατον
1900 5565 1993 5619 τοῦ

325 5645 459 5703 Θεοῦ
490 5647 820 5721 ἀγαθότητα,
854 5647 1338 5717 Ἀποσκηνώσας,
1368 5649 1555 5722 φησὶν,
1579 5650 1774 5709 ἐλθὼν
1803 5651 1989 5719 κατῴ-

1122 234 1189 290 S.
1230 230 1516 289 .IOANNIS
1550 226 2043 290 CIIRYSOSTONI
2082 226 2399 287 ARCHIE‘P.
2441 228 2987 291 CONSTANTINOP.
3679 230 3756 295 311

2126 362 2279 416 κησε
2314 349 2473 417 παρὰ
2501 348 2615 418 τὴν
2652 349 2803 419 δρῦν
2835 350 2951 417 τὴν
2974 348 3251 419 Μαμϐρὴ,
3278 350 3389 419 τὴν
3421 350 3491 405 ἐν
3530 352 3755 421 Χεϐρών

2120 434 2276 488 Μετά
2303 436 2363 488 τὸ
2393 436 2667 501 δέξασθαι,
2698 438 2850 508 φησί,
2885 437 2985 507 τὴν
3012 437 3362 506 ἐπαγγελίαν,
3388 439 3481 494 καὶ
3504 439 3593 493 τὸν
3621 458 3755 511 χωρι

2121 523 2258 593 σμὸν
2290 524 2544 592 γενέσθαι
2584 524 2680 579 τοῦ
2724 524 2869 589 Λὼτ,
2914 526 3014 597 τὴν
3064 527 3268 599 σκηνὴν
3301 526 3461 581 αὑτοῦ
3516 528 3755 599 μετῴκισ

2120 611 2271 681 παρὰ
2301 610 2399 681 τήν
2426 610 2559 684 δρῦν
2587 612 2685 683 τὴν
2727 612 2996 685 Μαμϐρή.
3024 612 3166 685 Ὀρα
3217 614 3503 683 φιλόσοφον
3545 615 3755 685 γνώμην

2120 698 2220 769 ὅρα
2253 701 2596 771 φρονήματος
2632 700 2784 770 ὕψος,
2818 701 2936 765 πῶς
2968 703 3083 772 μετ’
3104 702 3351 765 εὑκολίας
3383 704 3755 773 μετανίσταται

2121 786 2218 839 καὶ
2246 787 2308 839 οὑ
2336 786 2679 859 δυσχεραίνει
2710 788 2847 861 πρὸς
2888 789 2951 843 τὸ
2982 789 3179 853 τόπους
3208 791 3274 843 ἐκ
3302 791 3484 844 τόπων
3518 788 3756 860 ἀμείϐειν

2122 874 2232 927 Καὶ
2261 873 2370 946 γὰρ
2400 876 2652 947 εὑρήσεις
2682 877 2846 931 αὑτὸν
2870 877 2934 931 οὑ
2964 877 3225 949 συνηθείᾳ
3255 879 3360 931 τινὶ
3387 878 3755 949 προκατειλημ

2125 961 2285 1031 μένον
2312 964 2410 1016 καὶ
2438 965 2865 1036 προστετηκότα,
2889 965 2918 1018 δ
2954 964 3138 1018 πολλοὶ
3179 964 3436 1029 πολλάκις
3458 966 3756 1035 ὑπομένουσ

2121 1049 2343 1104 καὶτῶν
2362 1052 2661 1107 δοκούντων
2689 1053 3019 1124 φιλοσοφεῖν,
3041 1055 3265 1109 καὶτῶν
3290 1056 3349 1108 ἐν
3376 1053 3527 1126 μέσῳ
3548 1048 3755 1126 θορύϐω·

2119 1138 2494 1211 ἀπηλλάχθαι·
2548 1142 2644 1196 καὶ
2676 1144 2881 1197 εἴποτε
2910 1141 3102 1215 καιρὸς
3136 1142 3325 1211 καλοίη
3368 1143 3754 1214 μεταναστῆναι

2119 1226 2213 1279 καλ⁵
2243 1228 2319 1290 εἰς
2348 1229 2445 1300 τήν
2473 1228 2757 1302 ἀλλοτρίαν
2782 1230 3061 1295 ἀπελθεῖν,
3094 1230 3357 1294 πολλάκις
3386 1230 3482 1284 καὶ
3501 1246 3755 1299 πνευματι

2120 1314 2217 1367 κοῦ
2240 1317 2561 1388 πράγματος
2574 1317 2757 1383 ἕνεκα,
2776 1318 3245 1391 δυσχεραίνοντας,
3269 1318 3553 1382 ἀλύοντας,
3578 1317 3642 1386 βα
3649 1318 3756 1389 pium

2120 1402 2385 1475 φέροντας
2420 1406 2522 1477 τὴν
2560 1407 2890 1477 μετάστασιν
2923 1407 3103 1477 εὑροις
3138 1406 3205 1460 ἀν
3242 1407 3460 1471 αὑτοὺς,
3509 1406 3597 1459 διά
3626 1398 3687 1457 1b
3716 1408 3756 1471 τί

2120 1490 2375 1563 συνηθείᾳ
2408 1493 2790 1564 προειλῆφθαι.
2823 1494 2962 1547 Ἀλλ’
2987 1495 3086 1564 οὑχ
3115 1496 3144 1547 ό
3186 1494 3391 1557 δίκαιος
3438 1484 3630 1559 οὑτως,
3672 1492 3755 1544 ἀλλ

2118 1576 2325 1631 ἀνωθεν
2346 1581 2439 1633 καὶ
2476 1582 2540 1634 ἐκ
2562 1580 2864 1652 προοιμίων
2894 1580 3233 1651 ἐφιλοσόφει·
3275 1581 3368 1634 καὶ
3414 1580 3665 1647 καθάπερ
3702 1578 3756 1640 ξέ

2116 1681 2205 1728 νος
2224 1666 2318 1719 καὶ
2343 1668 2741 1739 παρεπίδημος,
2772 1668 2947 1733 οὕτως
2974 1668 3224 1722 ἐντεῦθεν
3251 1669 3389 1731 ἐκεῖ,
3417 1667 3665 1721 κάκεῖθεν
3681 1660 3756 1718 ὧδε

2119 1749 2603 1821 μετανιστάμενος,
2635 1751 2729 1804 καὶ⁵
2764 1752 3040 1824 πανταχοῦ
3072 1751 3169 1823 τὴν
3196 1751 3441 1820 φιλόθεον
3464 1748 3625 1804 αὑτοῦ

2119 1852 2226 1906 μην
2259 1836 2347 1891 διά
2388 1836 2495 1891 τῶν
2529 1837 2706 1911 ἔργων
2743 1838 3533 1903 ἐσπούδαζεν-ἐπιδείκνυσθαι.
3571 1837 3756 1890 Ἐπειδὶ

2116 1923 2226 1995 7&9
2254 1927 2637 1996 κατεσκήνωσε
2675 1927 2828 2000 παρά
2853 1929 2952 2000 τήν
2990 1926 3121 1999 δρῦν
3154 1926 3250 1999 τὴν
3286 1925 3555 1997 Μαμϐρῆ,
3587 1925 3756 1985 εὐθέως

2115 2012 2233 2066 ἐκεῖ
2261 2012 2645 2086 θυσιαστήριον
2673 2015 2990 2087 ᾠκοδόμησε
3030 2015 3105 2087 τῷ
3136 2016 3347 2087 Κυρίῳ.
3382 2010 3537 2077 Εἶδες
3567 2012 3755 2083 εύχάρι

2118 2115 2240 2153 στον
2267 2100 2521 2171 γνώμην;
2560 2104 2778 2175 Ἐπειδὴ
2808 2104 2916 2175 7&9
2948 2104 3046 2175 τὴν
3080 2104 3282 2175 σκηνὴν
3306 2102 3565 2174 ἐπήξατο,
3586 2102 3756 2162 εὐθέως

2115 2185 2253 2257 ὑπὲρ
2270 2187 2367 2257 τῆς
2392 2190 2762 2261 γεγενημένης
2784 2191 2932 2262 αὑτῷ
2960 2191 3291 2260 ἐπαγγελίας
3318 2191 3413 2255 τάς
3438 2190 3756 2261 εὐχαριστίας

2114 2274 2348 2347 ἀνέφερε
2373 2275 2451 2347 τῷ
2472 2278 2735 2353 Δεσπότῃ.
2764 2280 2873 2334 Καὶ
2900 2280 3019 2334 καθ’
3047 2281 3276 2334 ἕκαστον
3299 2280 3481 2341 τόπον,
3508 2278 3632 2332 ἔνθα
3654 2295 3756 2330 κστ-

2114 2362 2365 2433 εσκήνου,
2406 2365 2660 2437 εὑρήσεις
2700 2367 2863 2420 αὑτὸν
2890 2366 3080 2420 τούτου
3113 2368 3219 2438 πρὸ
3249 2367 3465 2422 πάντων
3493 2364 3756 2435 ἐπιμελού-

2117 2466 2297 2519 μενον,
2336 2453 2430 2505 καί
2481 2453 2863 2527 θυσιαστήριον
2906 2455 3307 2526 οἰκοδομοῦντα,
3344 2455 3439 2508 καὶ
3479 2453 3579 2519 τὰς
3622 2453 3756 2521 εὐχὰς

2114 2538 2475 2611 ἀναφέροντα,
2508 2542 2598 2595 καὶ
2630 2544 2985 2597 ἀποστολικδν
3014 2544 3176 2615 νόμον
3207 2544 3537 2617 πληροῦντα,
3564 2543 3652 2595 τὸν
3685 2558 3756 2593 κε·

2112 2626 2333 2681 λεύοντα
2367 2630 2424 2681 ἐν
2452 2630 2612 2683 παντὶ
2634 2632 2783 2703 τόπῳ
2804 2631 3055 2702 εὔχεσθαι
3087 2632 3411 2705 ἐπαίροντας
3432 2634 3609 2697 ὁσίους
3629 2628 3755 2707 [345]

2114 2719 2322 2787 χεῖρας.
2366 2714 2519 2782 Εἶδες
2564 2718 2741 2790 ψυχὴν
2786 2720 3174 2793 ἐπτερωμένην
3216 2722 3353 2795 πρὸς
3394 2722 3485 2775 τὸν
3526 2722 3617 2776 τοῦ
3646 2723 3755 2775 Θεοί

2112 2804 2296 2867 πόθον,
2338 2806 2430 2858 καὶ
2461 2805 2599 2879 ὑπὲρ
2629 2808 2880 2861 ἀπάντων
2908 2810 3229 2880 εὐχάριστον
3275 2811 3601 2882 γινομένην;
3647 2812 3756 2863 0&6!

2111 2888 2220 2960 7&9
2241 2889 2498 2961 ἀνέμενεν
2516 2895 2595 2956 εἰς
2620 2893 2778 2965 ἔργον
2800 2894 2974 2947 ἐλθεῖν
2997 2895 3065 2948 τά
3081 2895 3507 2964 ἐπαγγελθέντα,
3533 2897 3663 2949 ἀλλὰ
3687 2898 3755 2948 κεί

2115 2977 2255 3050 ὑπὲρ
2280 2978 2379 3049 τῆς
2421 2979 2768 3052 ὑποσχέσεως
2816 2982 3146 3054 εὐχαριστεῖ,
3188 2984 3281 3038 καὶ
3329 2984 3397 3037 τά
3432 2988 3563 3057 παρ’
3590 2985 3755 3039 ἐαυτσί

2111 3064 2497 3130 ἐπιδείκνυται,
2535 3069 2622 3122 ἵνα
2649 3070 2749 3141 τήν
2783 3072 2874 3125 ἐπὶ
2905 3074 3017 3136 τοῖς
3050 3072 3409 3142 προλαϐοῦσιν
3442 3073 3756 3143 εὐγνωμοσῷ

2112 3169 2209 3223 νην
2236 3155 2664 3227 ἐπιδειξάμενος,
2688 3160 2931 3231 καὶπερὶ
2963 3160 3061 3232 τὴν
3084 3161 3430 3233 ἐκπλήρωσιν
3456 3162 3569 3217 τῶν
3606 3166 3754 3229 ἐπαγε

2111 3241 2306 3310 γελιῶν
2336 3244 2697 3317 ἐκκαλέσηται
2718 3245 2808 3299 τὸν
2833 3246 3027 3301 ἐαυτοῦ
3059 3250 3355 3319 Δεσπότην.

2180 3387 2239 3441 ε’.
2289 3387 2489 3443 Τοῦτον
2513 3390 2576 3462 δὴ
2598 3391 2691 3445 καί
2709 3393 2869 3462 ήμεῖς
2892 3392 3208 3464 μιμώμεθα,
3232 3395 3325 3447 καὶ
3348 3390 3643 3466 θαρρῶμεν
3662 3396 3750 3456 ταῖς

2107 3472 2202 3526 τοῦ
2237 3474 2372 3528 Θεοῦ
2402 3476 2750 3547 ὑποσχέσεσι,
2791 3480 2881 3533 καί
2910 3480 3047 3552 μήτε
3066 3483 3094 3534 ό
3114 3481 3305 3553 χρόνος
3329 3480 3663 3552 ἀμαυρούτω

2108 3561 2441 3633 προθυμίαν,
2462 3564 2596 3634 μήτε
2614 3564 2682 3617 τά
2700 3567 2757 3619 ἐν
2780 3565 2929 3638 μέσῳ
2946 3566 3262 3639 κωλύματα,
3280 3570 3345 3623 ἂν
3358 3568 3623 3639 συμϐαίη,
3648 3588 3748 3639 χεν·

2107 3648 2278 3702 νούτω
2314 3650 2471 3720 ήμῶν
2497 3650 2586 3704 τὸν
2618 3652 2907 3725 λογισμόν
2958 3655 3094 3709 ἀλλά
3133 3658 3197 3727 τῇ
3242 3657 3335 3712 τοῦ
3372 3657 3510 3711 Θεοῦ
3555 3659 3745 3727 δυνάμε

2108 3735 2457 3809 θαρροῦντες.
2508 3740 2582 3802 ώς
2623 3739 2722 3809 ἤδη
2779 3742 2884 3811 πρὸ
2925 3742 3033 3795 τῶν
3070 3742 3364 3812 ὀφθαλμῶν
3400 3743 3638 3815 δρῶντες
3681 3744 3746 3801 τάξ

2108 3824 2427 3895 ὑποσχέσεις
2455 3825 2839 3897 ἐκϐεϐηκυίας,
2866 3828 3008 3883 οῦτω
3033 3829 3133 3900 τήν
3158 3830 3340 3884 πίστιν
3370 3830 3639 3902 εἰλικρινῆ
3661 3832 3744 3883 ἐπι

2107 3910 2427 3983 δειξώμεθα.
2443 3914 2554 3968 Καὶ
2576 3914 2683 3986 7&9
2700 3917 2792 3968 καὶ
2816 3917 2944 3987 ἡμῖν
2965 3917 3175 3987 μεγάλα
3193 3919 3286 3972 καὶ
3311 3917 3598 3988 ὑπέρογκα
3613 3922 3741 3987 ἐπητῖ

2108 3993 2326 4062 γείλατο
2372 3998 2399 4048 ὀ
2448 3997 2744 4068 Δεσπότης,
2785 4000 2881 4052 καὶ
2935 3999 3333 4070 ὑπερϐαίνοντα
3381 4001 3473 4054 τὸν
3516 3998 3742 4073 ἡμέτερα

2108 4076 2384 4185 λογισμὸν,
2414 4084 2510 4185 τῆς
2540 4080 2813 4185 βασιλείας
2849 4083 2991 4151 λέγω
3012 4085 3111 4155 τὴν
3140 4085 3458 4147 ἀπόλαυσιν,
3477 4086 3590 4138 τῶν
3608 4088 3740 4185 ἀκοὴ

2109 4167 2285 4236 ρήτων
2327 4167 2546 4234 ἀγαθῶν
2590 4168 2688 4240 τὴν
2724 4172 3032 4241 μετουσίαν,
3074 4173 3171 4244 τὴν
3208 4172 3345 4243 μετά
3372 4172 3626 4243 ἀγγέλων
3662 4174 3703 4223 δι

2109 4188 2285 4236 ρητων
2327 4188 2546 4234 αγαυων
2590 4188 2688 4240 την
2724 4188 3032 4241 μετουσίαν,
3074 4188 3171 4244 την
3208 4188 3345 4243 μετα
3372 4188 3626 4243 αγγελων
3662 4188 3703 4223 οι

2106 4254 2314 4326 γωγὴν.
2347 4255 2447 4327 τὴν
2479 4258 2574 4328 τῆς
2607 4258 2830 4329 γεέννης
2859 4260 3199 4332 ἀπαλλαγήν.
3235 4260 3397 4314 Ἀλλά
3432 4262 3590 4331 ὅμως
3620 4188 3738 4331 ιιηέ

2105 4340 2669 4414 ἀπιστῶμεν,’ἐπειδὴ
2701 4344 2775 4415 μὴ
2810 4347 3003 4415 ὁρᾶται
3040 4349 3152 4410 τοῖς
3196 4349 3537 4417 σωματικοῖς
3581 4348 3649 4414 ὀφ

2110 4431 2257 4497 μοῖς·
2297 4429 2432 4483 ἀλλά
2464 4430 2525 4483 1b
2555 4431 2786 4500 ἀψευδὲς
2816 4433 3118 4497 ἐννοοῦντες
3159 4434 3252 4487 τοῦ
3278 4434 3663 4504 ἐπαγγειλαμέ

3651 4338 3735 4541 ἒῖέί

2107 4515 2201 4568 καὶ
2236 4518 2335 4587 τῆς
2376 4517 2661 4590 δυνάμεως
2689 4520 2855 4573 αὑτοῦ
2894 4520 2955 4573 τὸ
3007 4521 3253 4591 μέγεθος,
3278 4522 3394 4585 τοῖς
3421 4524 3525 4591 τῆς
3552 4522 3613 4575 πί

2103 4601 2402 4675 ὀφθαλμοῖς
2432 4606 2574 4660 αὑτά
2610 4606 3053 4678 κατοπτεύωμεν,
3102 4610 3196 4663 καὶ
3228 4610 3293 4662 ἐκ
3329 4608 3440 4662 τῶν
3466 4610 3575 4680 ήδη
3606 4625 3679 4660 πα

2108 4692 2408 4762 σχεθέντων
2433 4696 2526 4748 καὶ
2557 4697 2684 4768 περὶ
2708 4697 2819 4749 τῶν
2846 4697 3147 4766 μελλόντων
3172 4698 3415 4769 χρηστὰς
3444 4699 3665 4769 ἔχωμεν

2106 4776 2325 4840 ἐλπίδας
2343 4794 2357 4809 ’
2391 4778 2479 4832 διά
2501 4780 2611 4849 7&9
2636 4780 2796 4835 τοῦτο
2827 4783 2921 4835 καί
2945 4781 3179 4836 ἐνταῦθα
3208 4780 3377 4835 πολλά
3401 4785 3544 4853 ἡμῖν
3581 4785 3607 4835 ἐ

2104 4881 2255 4931 σατο,
2290 4868 2378 4922 ἵνα
2408 4870 2473 4922 ἐκ
2504 4868 2710 4923 τούτων
2731 4870 3087 4941 ὁδηγούμενοι
3117 4871 3209 4924 καὶ
3242 4872 3369 4942 περὶ
3390 4871 3627 4925 ἐκείνων

2107 4954 2220 5025 ῥεῖν
2244 4955 2475 5026 ἔχωμεν.
2504 4956 2562 5010 Ὀ
2589 4956 2697 5028 7&9
2715 4958 2806 5012 1bv
2829 4959 3021 5012 ἑαυτοῦ
3052 4958 3165 5012 υἱὸν
3195 4958 3384 5022 ἐκδοὺς
3411 4958 3506 5012 διά
3528 4959 3631 5023 τὴν
3656 4974 3671 5007 τ

2102 5044 2250 5111 ἡμᾶς
2278 5044 2518 5116 ἀγάπην,
2542 5045 2660 5108 πῶς
2682 5045 2800 5115 οὑχὶ
2832 5046 3007 5100 πάντα
3035 5050 3165 5117 ήμῖν
3187 5046 3254 5099 τά
3278 5046 3446 5100 λοιπά
3471 5048 3660 5118 χαριεῖ

2102 5135 2369 5205 Καθάπερ
2395 5137 2488 5189 καὶ
2518 5136 2725 5199 Παῦλός
2751 5153 2942 5207 φησιν’
2971 5139 3068 5203 Ὄς
3086 5153 3152 5205 γε
3182 5136 3288 5190 τοῦ
3315 5136 3473 5191 ἰδίου
3508 5136 3651 5190 Tim}

2098 5223 2404 5289 ἐφείσατο,
2425 5224 2563 5278 ἀλλ’
2578 5222 2730 5291 ὑπὲρ
2750 5222 3177 5292 ἡμῶνστάντων
3195 5224 3553 5294 παρέδωκεν
3572 5225 3681 5277 air:

2100 5304 2225 5373 πῶς
2257 5308 2392 5376 οὐχὶ
2432 5307 2530 5361 καί
2564 5307 2687 5361 σὺν
2722 5307 2882 5375 αὐτῷ
2916 5309 2990 5363 τὰ
3017 5307 3211 5362 πάντα
3236 5307 3379 5377 ἡμῖν
3422 5307 3719 5383 χαρίσετᾴ

2098 5394 2161 5447 Εἰ
2190 5394 2280 5447 τὸν
2304 5394 2428 5447 Υἰὸν
2454 5394 2618 5448 αὑτοῦ
2649 5394 2909 5461 ἐξέδωκεν
2940 5397 3078 5468 ὑπὲρ
3098 5398 3129 5466 ή
3140 5395 3257 5467 μῶν
3278 5394 3384 5449 τῶν
3408 5397 3600 5465 ἀμαρτ

2098 5483 2147 5535 εἰ
2184 5482 2277 5536 τοῦ
2316 5482 2693 5553 βαπτίσματος
2724 5482 2820 5554 τὴν
2854 5482 3060 5555 δωρεὰν
3084 5482 3395 5554 ἐχαρίσατο,
3430 5483 3478 5536 εί
3508 5481 3623 5534 τῶν
3650 5494 3685 5530 π

2095 5567 2366 5621 λαϐόντων
2389 5569 2798 5640 ἁμαρτημάτων
2830 5568 2928 5640 τὴν
2954 5571 3144 5639 ἄφεσιν
3174 5570 3511 5641 ἐδωρήσατο,
3543 5568 3591 5621 εἰ
3622 5580 3682 5636 με

2098 5652 2248 5720 νοίας
2273 5654 2391 5711 ὁδὸν
2425 5656 2555 5728 ἡμῖν
2582 5655 2795 5729 ἔτεμεν,
2830 5658 2879 5712 εἰ
2923 5655 3089 5730 μυρία
3134 5657 3297 5729 ἔτερα
3337 5656 3478 5730 πρὸς
3516 5656 3621 5728 τήν
