3788 6262
120 284 224 343 5"

191 399 413 453 Mrabz
433 397 662 451 virtutem
697 393 943 453 paulatim
967 402 1157 447 exercet
1179 389 1336 446 Deus.
1368 390 1566 458 Quanta
1609 405 1699 464 pa-

119 490 360 545 triai-clue
384 488 563 543 mentis
588 487 824 556 ﬁrmitas.
852 514 925 526 -—
953 482 1181 539 Attende
1202 482 1471 554 quomodo
1498 481 1704 537 miseri-

115 596 240 638 cors
292 582 431 636 Deus
474 578 727 650 paulatim
769 579 1015 632 virtutem
1055 576 1183 647 justi
1229 575 1387 646 hujus
1432 583 1699 630 exerceat.

116 672 251 727 llam
291 686 417 727 cum
463 670 707 741 superius
742 668 936 723 dixerit
979 685 994 723 :
1038 666 1493 721 Semim'tuodabo
1519 675 1702 719 terram

117 773 249 819 hanc
266 780 289 820 .'
312 778 451 819 nunc
474 763 663 818 iterum
688 759 857 816 dicit:
882 757 950 813 Et
973 758 1149 814 sentini
1174 766 1259 811 tuo
1285 773 1440 828 usque
1458 757 1511 810 in
1538 772 1701 810 siccu-

117 856 225 909 lum
265 856 433 922 dabo,
462 863 511 908 et
540 854 727 926 faciam
751 850 882 906 illud
909 851 1052 922 quasi
1078 866 1285 904 arenam
1317 859 1481 903 terra.
1507 847 1700 903 Hacte-

118 963 221 1001 nus
245 946 587 1000 sermonibus
612 953 815 999 tantum
847 943 980 997 facta
1002 949 1087 997 est
1120 941 1400 1011 promissio
1424 982 1440 1005 ,
1469 941 1699 995 interce-

114 1038 304 1106 ditqu
343 1038 485 1090 inter
509 1050 625 1091 rem
647 1042 705 1090 et
729 1033 1135 1104 promissionem
1161 1032 1385 1087 multum
1408 1030 1661 1099 temporis
1679 1070 1697 1096 ,

116 1137 175 1180 ut
201 1127 509 1198 religiosam
534 1124 850 1196 patriarchae
884 1132 1116 1179 mentem
1136 1164 1152 1189 ,
1179 1131 1236 1177 et
1264 1122 1581 1177 ineffabilem
1608 1121 1700 1176 Dei

113 1223 366 1276 virtutem
390 1220 681 1276 discamus.
719 1219 849 1273 Data
876 1216 1021 1272 etum
1049 1230 1213 1286 opera
1238 1214 1413 1271 differt
1436 1229 1500 1270 ac
1524 1229 1699 1269 mora-

118 1323 224 1376 tur,
252 1320 316 1366 ut
341 1325 463 1367 eum
486 1310 546 1377 ii,
572 1309 766 1381 quibus
796 1308 1077 1379 promissio
1102 1306 1238 1362 facta
1262 1347 1280 1373 ,
1320 1306 1374 1362 in
1400 1316 1698 1362 extremam

114 1403 460 1472 pervenerint
502 1409 792 1466 senectam,
820 1409 875 1453 et
899 1398 1191 1454 secundum
1221 1397 1505 1452 humanam
1532 1397 1697 1452 ratio-

111 1509 261 1559 nem,
290 1500 349 1546 ut
375 1492 447 1546 ita
472 1490 670 1557 dicam,
691 1490 909 1544 omnino
930 1488 1360 1557 desperaverint,
1394 1496 1519 1543 tunc
1545 1502 1697 1542 suam

111 1585 474 1640 inﬁrmitatem
498 1624 515 1649 ,
558 1592 615 1639 et
634 1581 1003 1639 inenarrabilis
1031 1580 1283 1652 potentia:
1326 1580 1418 1636 Dei
1452 1580 1696 1635 eminen-

110 1679 242 1731 tiam
272 1684 584 1747 agnoscant.

177 1772 235 1823 4.
272 1769 383 1824 Hoc
402 1769 520 1824 loco
548 1767 840 1839 expendas,
867 1781 1070 1838 quaeso,
1102 1781 1132 1821 a
1163 1764 1420 1837 temporis
1440 1774 1585 1820 tanta
1615 1763 1696 1818 in-

113 1860 499 1931 tercapedine,
543 1876 703 1932 quam
746 1860 915 1915 solida
953 1859 1110 1915 fuerit
1151 1859 1465 1930 patriarcha:
1501 1872 1692 1923 meus,

106 1950 382 2022 quomodo
401 1951 649 2005 humanis
674 1950 923 2006 omnibus
954 1950 1266 2021 praeteritis,
1293 1949 1361 2004 ad
1402 1948 1693 2020 potentiam

103 2042 224 2111 ejus
251 2042 340 2111 qui
368 2042 633 2111 pollicitus
658 2050 774 2097 erat
798 2082 814 2107 ,
868 2042 1157 2112 respiciens
1181 2082 1197 2109 ,
1237 2056 1341 2097 non
1374 2041 1690 2112 impatiens,

105 2148 214 2186 mn
244 2132 489 2186 turbatus
513 2130 693 2187 fuerit.
719 2132 877 2187 Scitis
898 2133 1041 2187 enim
1063 2132 1331 2203 quomodo
1356 2133 1689 2203 plerumque,

100 2222 322 2291 quando
347 2223 468 2293 quis
491 2222 659 2278 semel
684 2232 843 2293 atque
884 2223 1078 2279 iterum
1118 2223 1433 2293 pollicetur,
1476 2231 1531 2278 et
1571 2236 1695 2293 pro-

100 2313 270 2367 missa
290 2312 516 2383 implere
543 2311 737 2379 tardat,
764 2313 1037 2383 segniores
1063 2326 1247 2368 sumus
1272 2312 1339 2367 ad
1362 2312 1690 2367 credendum

101 2405 166 2460 iis
190 2420 315 2475 qua:
343 2405 533 2461 iterum
563 2405 828 2476 promittit
858 2422 874 2459 :
905 2405 957 2461 id
986 2405 1127 2476 quod
1154 2406 1209 2461 in
1239 2405 1457 2461 homine
1470 2421 1589 2461 non
1610 2405 1692 2461 in-

93 2495 242 2565 juria
279 2495 459 2551 locum
497 2495 657 2552 habet
691 2514 706 2552 :
751 2498 806 2552 in
831 2498 942 2553 Deo
967 2506 1144 2553 autem
1168 2539 1184 2564 ,
1223 2498 1315 2571 qui
1354 2513 1440 2553 res
1479 2508 1688 2554 nostras

99 2587 339 2640 maxima
369 2587 644 2657 dispensat
681 2588 940 2659 sapientia
960 2626 976 2655 ,
1003 2587 1047 2642 si
1086 2603 1188 2659 qua
1231 2589 1397 2644 semel
1429 2590 1688 2659 promissa

98 2675 339 2742 fuerint,
392 2678 605 2734 etiamsi
657 2678 935 2733 innumera
988 2678 1321 2734 intercedant
1370 2678 1637 2735 obstacula
1665 2721 1684 2749 ,

94 2768 478 2824 confidendum
512 2779 593 2825 est
621 2769 688 2824 ad
732 2769 1148 2841 magnitudinem
1176 2771 1426 2838 potentias
1454 2771 1570 2840 ejus
1594 2784 1685 2826 re-

91 2863 467 2933 spicientibus,
495 2863 968 2934 confirmandaque
990 2872 1075 2919 est
1103 2862 1240 2917 ratio
1258 2903 1275 2929 ,
1300 2871 1356 2917 et
1379 2862 1680 2929 sciendum,

90 2955 276 3008 oionia
309 2970 437 3024 qua:
459 2955 528 3008 ab
552 2955 640 3009 illo
659 2964 788 3009 sunt
811 2955 952 3010 dicta
981 2954 1198 3010 evenire
1224 2953 1398 3010 modis
1434 2953 1683 3009 omnibus

91 3059 321 3101 necesse
346 3060 489 3101 esse.
516 3045 659 3101 Nihil
682 3046 824 3101 enim
851 3056 934 3101 est
959 3045 1100 3117 quod
1128 3046 1324 3100 morari
1364 3053 1524 3117 queat
1561 3046 1683 3115 ejus

91 3139 507 3207 promissiones,
526 3140 775 3209 quoniam
805 3139 943 3195 Deus
972 3148 1076 3204 est,
1103 3139 1187 3195 cui
1209 3139 1386 3194 omnia
1410 3147 1535 3194 sunt
1558 3154 1685 3209 pos-

88 3231 268 3286 sibilia
298 3248 315 3286 :
345 3240 401 3287 et
426 3231 624 3287 idcirco
649 3245 984 3302 quocumque
1009 3230 1143 3297 vult,
1174 3245 1261 3286 res
1298 3229 1586 3296 transfert,
1626 3240 1682 3285 et

88 3324 179 3377 ubi
208 3339 319 3379 non
351 3314 474 3379 sunt
494 3325 614 3388 viae,
648 3324 888 3379 invenire
912 3322 1013 3377 scit
1042 3323 1187 3388 vias,
1214 3337 1279 3378 ac
1301 3336 1401 3377 nos
1422 3321 1678 3392 despera-

85 3425 171 3470 tos
199 3417 254 3471 in
285 3416 482 3472 bonam
507 3430 657 3487 spem
687 3416 919 3482 adducit,
943 3430 1053 3487 quo
1078 3416 1395 3472 excellentia
1419 3416 1677 3486 potentis-

82 3510 240 3565 sima:
291 3524 407 3564 suae
460 3510 735 3579 sapientia:
780 3508 936 3565 nobis
984 3507 1320 3565 manifestior
1376 3508 1486 3563 fiat.
1541 3509 1680 3565 Dicit

80 3600 229 3655 enim
260 3616 277 3655 :
310 3601 400 3656 17.
426 3600 610 3672 Surge,
631 3609 682 3656 et
708 3600 1001 3671 perambula
1027 3610 1213 3655 terram
1232 3600 1286 3654 in
1312 3600 1678 3672 longitudinem

79 3694 194 3763 ejus
219 3702 271 3746 et
300 3693 636 3759 latitudinem,
667 3693 786 3763 quia
816 3692 904 3746 tibi
932 3691 1063 3746 aabo
1089 3708 1222 3747 eam.
1251 3690 1387 3747 Vide
1408 3693 1674 3763 quomodo

79 3785 132 3839 in
161 3783 336 3839 rebus
362 3784 611 3838 omnibus
637 3784 855 3838 multam
900 3782 1239 3839 securitatem
1276 3782 1422 3852 justo
1448 3783 1562 3836 viro
1588 3784 1671 3836 in-

76 3891 276 3948 gerere
296 3876 511 3947 satagit.
549 3876 683 3931 Dicit
710 3875 856 3931 enim
893 3893 907 3930 :
937 3875 1129 3946 Surge,
1160 3883 1215 3930 et
1238 3875 1478 3937 circumi,
1508 3884 1557 3929 et
1581 3874 1675 3928 ad-

73 3966 236 4024 disce
259 3978 367 4022 tam
394 3966 725 4023 latitudinem
748 4007 765 4033 ,
813 3983 969 4039 quam
1009 3967 1419 4039 longitudinem,
1451 3978 1513 4023 ut
1535 3968 1675 4023 scire

73 4056 263 4127 possis
286 4066 349 4111 et
373 4056 789 4127 magnitudinem
822 4066 977 4112 terrae
996 4073 1097 4127 qua
1124 4058 1376 4113 fruiturus
1392 4072 1474 4123 es,
1500 4066 1555 4113 et
1577 4072 1675 4111 an-

76 4160 305 4220 tequam
333 4148 526 4204 fruaris
545 4190 562 4215 ,
592 4163 689 4217 spe
713 4158 926 4219 pastus,
958 4164 1204 4220 magnam
1234 4149 1359 4205 inde
1381 4150 1543 4204 animi
1572 4165 1672 4205 vo-

71 4240 344 4311 luptatem
367 4239 600 4294 haurias.
612 4238 746 4294 Nam
766 4249 1250 4312 quantumcumque
1266 4249 1422 4296 teme
1437 4241 1669 4296 circum—

68 4333 248 4397 ieris,
296 4330 390 4385 tibi
418 4330 593 4400 dabo,
643 4339 703 4386 ut
726 4332 866 4388 scias
890 4340 943 4388 te
980 4346 1086 4388 non
1122 4341 1327 4388 tantum
1366 4332 1668 4400 dimisisse,

66 4434 344 4495 quantum
372 4433 687 4493 accepturus
729 4439 812 4481 es.
847 4423 927 4481 Ne
955 4425 1114 4495 igitur
1139 4434 1293 4496 putes
1332 4434 1383 4481 te
1407 4427 1667 4481 minorem

66 4526 287 4571 terram
313 4516 563 4568 sortitum
590 4529 730 4583 esse,
760 4517 1009 4585 quoniam
1034 4517 1125 4572 ille
1147 4517 1390 4586 arripuit,
1418 4532 1535 4588 qua:
1561 4518 1670 4587 pri-

63 4622 157 4661 ma
182 4604 295 4660 sibi
326 4605 440 4659 visa
467 4614 551 4661 est
578 4613 635 4660 et
657 4606 849 4675 potior.
876 4607 1024 4662 Scies
1053 4606 1195 4662 enim
1226 4621 1331 4661 non
1360 4608 1525 4661 multo
1551 4616 1672 4676 post

59 4715 135 4755 ex
164 4697 341 4753 rebus
368 4696 520 4769 ipsis,
548 4712 710 4768 quam
738 4698 870 4753 nihil
900 4697 1158 4768 profuerit
1185 4699 1232 4755 ei
1262 4698 1483 4769 potioris
1508 4706 1668 4755 terra

60 4791 313 4855 electio;
340 4799 398 4845 et
455 4790 569 4860 ipse
607 4791 816 4858 discet,
859 4801 1117 4861 quantum
1134 4791 1334 4847 malum
1362 4800 1444 4846 est
1470 4792 1666 4862 primas

56 4894 267 4937 amare
289 4891 491 4952 partes.
521 4882 599 4937 Tu
618 4893 796 4939 autem
819 4899 961 4939 nunc
982 4884 1166 4954 accipe
1189 4883 1462 4941 modestiae
1481 4893 1537 4939 et
1560 4886 1668 4940 cle-

57 4972 323 5035 mentius,
350 4987 511 5042 quam
537 4988 659 5043 erga
691 4975 870 5030 fratris
895 4976 1062 5031 filium
1097 4975 1374 5032 declarasti
1400 5016 1416 5041 ,
1461 4992 1667 5032 merce-

54 5065 198 5118 dem
230 5078 246 5125 ;
280 5064 540 5131 promissa
579 5078 735 5120 sume
756 5102 773 5133 ,
799 5074 854 5120 et
885 5066 997 5137 jam
1032 5081 1295 5137 cognosce
1324 5078 1521 5122 terram
1542 5083 1665 5123 om-

54 5171 201 5211 nem
229 5155 386 5223 cujus
406 5156 654 5211 dominus
680 5172 760 5225 es,
786 5166 843 5213 et
868 5173 1028 5228 quam
1055 5175 1160 5213 non
1190 5160 1357 5214 multo
1384 5170 1503 5229 post
1528 5170 1583 5215 et
1606 5172 1664 5215 tu

57 5248 218 5315 ipse,
246 5252 306 5299 et
332 5258 518 5300 semen
544 5254 691 5300 tuum
718 5249 769 5302 in
806 5258 1065 5304 aeternum
1093 5249 1453 5319 possidebitis.
1485 5249 1553 5304 Et
1580 5268 1664 5305 se-

56 5337 203 5390 mini
224 5346 339 5400 tuo.
364 5335 554 5406 inquit,
586 5354 743 5408 usque
762 5339 816 5393 in
837 5342 1096 5394 secutum.
1122 5340 1306 5410 Magna
1330 5340 1525 5395 divinae
1550 5356 1666 5411 pro-

54 5426 355 5486 missionis
383 5428 713 5498 magnitudo,
743 5445 932 5503 magna
962 5432 1132 5486 nostri
1161 5431 1399 5486 omnium
1431 5432 1660 5498 Domini,

51 5532 238 5592 atque
266 5519 524 5575 immensa
552 5521 857 5589 liberalitas,
889 5537 1077 5593 magna
1105 5521 1369 5578 mercedis
1400 5532 1661 5593 prtestan-

54 5610 164 5673 tia,
194 5622 366 5679 quam
394 5607 487 5662 dat
513 5610 814 5666 misericors
841 5623 896 5667 et
921 5612 1365 5668 clementissimus
1406 5611 1663 5668 Dominus

46 5703 233 5759 beato
259 5699 360 5768 illi,
384 5711 436 5755 et
460 5715 523 5757 ex
554 5702 646 5757 illo
670 5706 940 5762 nascituro
968 5706 1181 5763 semini.
1225 5704 1295 5764 Ut
1319 5704 1434 5762 hac
1458 5704 1662 5762 audivit

1208 276 1273 335 1N
1309 275 1632 334 CAPJUII.
1670 273 1913 334 GENES.
1958 275 2185 334 "05111..
2228 276 2465 337 XXXIV.

3285 282 3386 338 ωδ

1808 390 2143 459 patriarcha,
2169 390 2239 447 de
2264 392 2513 449 ineffabili
2552 391 2788 451 bonitate
2835 395 2927 451 Dei
2967 396 3383 465 obstupefactus,

1809 478 1896 535 18.
1928 479 2083 535 Motis
2102 482 2458 547 tabernaculis,
2499 484 2689 554 inquit,
2717 488 2867 553 venit,
2894 496 2939 541 et
2970 488 3210 541 habitavit
3227 487 3387 556 juxta

1804 588 2040 643 quercum
2066 572 2293 629 Humbre
2315 615 2331 640 ,
2368 591 2483 647 quia
2503 587 2575 632 est
2594 578 2648 632 in
2673 578 2923 636 Chebron.
2955 580 3241 652 Postquam
3259 622 3277 646 ,
3306 582 3388 636 iu-

1804 664 1939 734 quit,
1984 665 2191 736 accepit
2219 668 2646 735 promissionem,
2671 679 2726 725 et
2747 674 3012 742 separavit
3032 687 3090 728 se
3116 673 3236 738 [ιρι.
3261 682 3388 734 tunc

1810 755 2081 809 transtulit
2125 756 2522 814 tabernaculum
2544 774 2697 815 suum
2719 761 2786 816 ad
2824 778 3079 831 quercum
3125 764 3382 821 Mambre.

1814 843 1944 899 Vide
1969 844 2387 917 philosophicam
2422 860 2677 919 mentem,
2708 852 2831 908 vide
2844 854 3062 924 spiritus
3083 855 3381 912 sublimita-

1807 943 1932 999 tem,
1964 938 2232 1006 quomodo
2257 938 2410 995 facile
2434 940 2559 996 inde
2584 943 2797 1013 migrat,
2820 960 2922 1000 nec
2945 958 3197 1017 gravatur
3215 948 3285 1003 de
3313 948 3385 1003 loc

1801 1027 1881 1081 cis
1909 1027 1962 1081 in
2008 1028 2124 1083 loca
2166 1030 2412 1085 transire.
2453 1031 2697 1088 Invenies
2730 1035 2873 1089 enim
2913 1052 3036 1091 cum
3075 1039 3218 1093 nulla
3254 1054 3381 1093 con-

1802 1116 2083 1173 suetudine
2128 1128 2459 1190 przeventum
2485 1131 2537 1177 et
2559 1123 2878 1193 alligatum:
2922 1125 2975 1181 id
3014 1129 3155 1199 quod
3198 1131 3384 1185 multis

1801 1207 1999 1271 evenit,
2029 1209 2191 1264 etiam
2220 1209 2285 1265 iis
2309 1212 2398 1282 qui
2429 1227 2489 1268 se
2509 1212 2875 1285 philosopbos,
2904 1224 3007 1272 ete
3032 1218 3223 1275 mediis
3246 1221 3383 1278 libe-

1800 1309 1945 1352 ratos
1965 1301 2275 1356 tumultibus
2292 1302 2493 1373 jactant
2519 1320 2534 1359 :
2574 1313 2630 1359 et
2652 1306 2697 1359 si
2726 1306 2939 1376 quando
2966 1316 3175 1378 tempus
3202 1324 3379 1383 vocet,

1799 1390 2088 1458 spiritualis
2112 1407 2254 1464 saepe
2273 1395 2469 1467 negotii
2490 1397 2679 1467 gratia,
2714 1408 2771 1453 ut
2791 1399 2843 1453 in
2863 1400 3029 1455 alium
3055 1401 3229 1459 locum
3250 1419 3383 1460 con-

1799 1482 2029 1548 cedant,
2059 1499 2429 1554 saepenumero
2458 1488 2656 1544 morosi
2684 1500 2828 1555 sunt,
2867 1491 3076 1559 tristes,
3102 1504 3156 1548 et
3182 1496 3381 1566 migra-

1799 1574 1998 1630 tionem
2034 1591 2177 1648 aegre
2218 1577 2483 1646 ferentes,
2528 1596 2594 1637 eo
2633 1581 2774 1651 quod
2815 1585 3202 1641 consuetudine
3242 1603 3382 1657 pra:-

1796 1666 2040 1735 occupati
2068 1669 2199 1723 sint.
2245 1669 2441 1726 Verum
2473 1686 2580 1727 non
2618 1673 2688 1726 ita
2730 1673 2905 1742 justus
2929 1713 2945 1740 ,
2988 1676 3082 1730 sed
3120 1677 3231 1747 jam
3268 1688 3379 1735 tum

1798 1754 2174 1828 philosophum
2212 1759 2402 1830 agebat
2428 1778 2444 1816 :
2470 1770 2529 1817 et
2562 1762 2710 1832 quasi
2738 1764 3048 1834 peregrinus
3067 1776 3120 1821 et
3144 1767 3337 1838 hospes
3356 1810 3377 1834 ,

1798 1847 1867 1901 ita
1894 1865 2035 1905 nunc
2060 1850 2184 1907 hinc
2213 1852 2359 1919 illuc,
2387 1868 2529 1910 nunc
2552 1854 2697 1911 illinc
2725 1855 2827 1912 huc
2857 1859 3262 1931 transmigrabat
3280 1902 3297 1927 ,
3323 1866 3381 1918 et

1799 1955 1893 2008 per
1920 1942 2101 1996 omnia
2137 1943 2444 2013 religiosam
2480 1960 2633 2001 suam
2679 1957 2910 2003 mentem
2949 1951 3200 2019 operibus
3250 1953 3379 2022 ipsis

1796 2029 2070 2087 declarare
2093 2033 2358 2088 studebat.
2377 2034 2509 2090 Nam
2532 2045 2810 2106 postquam
2836 2039 3234 2097 tabernaculum
3262 2042 3379 2099 ﬁxit

1795 2121 1935 2190 apud
1977 2138 2235 2193 quercum
2270 2125 2539 2193 Mambre,
2582 2130 2761 2183 statim
2791 2130 2862 2185 ibi
2910 2135 3171 2189 exstruxit
3210 2135 3378 2193 altare

1795 2211 2041 2269 Domino.
2066 2214 2255 2271 Vidisti
2284 2226 2517 2273 mentem
2537 2222 2782 2289 gratam?
2806 2221 2937 2289 Quia
2966 2240 3089 2279 mox
3122 2236 3179 2280 ut
3202 2228 3379 2283 taber-

1794 2303 2044 2359 naculum
2072 2304 2205 2371 fixit,
2241 2306 2420 2361 statim
2451 2322 2547 2378 pro
2574 2307 2712 2365 facta
2746 2312 2847 2367 sibi
2876 2315 3226 2382 promissione
3250 2334 3378 2388 gra-

1797 2396 1988 2452 tiarum
2017 2399 2260 2456 acﬁoues
2278 2400 2473 2456 obtulit
2503 2400 2752 2459 Domino.
2794 2403 2861 2460 Et
2899 2406 2953 2461 in
2996 2407 3217 2479 singulis
3241 2410 3375 2466 locis

1794 2488 1881 2543 ubi
1911 2489 2313 2549 tabernaculum
2338 2491 2477 2557 fixit,
2509 2493 2749 2550 invenies
2780 2495 2882 2555 hoc
2913 2512 3021 2566 prae
3048 2498 3295 2555 omnibus
3322 2502 3374 2556 ei

1791 2581 1955 2637 fuisse
1980 2596 2122 2639 cura:
2146 2622 2163 2649 ,
2209 2592 2269 2640 ut
2298 2594 2573 2642 exstructo
2608 2588 2765 2643 altari
2804 2602 2992 2659 preces
3027 2591 3246 2648 offerret
3267 2635 3282 2657 ,
3306 2606 3376 2651 -et

1783 2673 2037 2745 Apostoli,
2064 2683 2391 2744 praeceptum
2434 2676 2711 2746 impleret,
2753 2678 2987 2749 jubentis
3032 2691 3087 2736 ut
3132 2683 3201 2739 in.
3225 2688 3372 2743 omni

1790 2763 1907 2817 loco
1930 2774 2133 2830 oretur,
2154 2776 2208 2821 et
2235 2767 2513 2824 elevantur
2530 2780 2728 2826 sanctae
2752 2787 2942 2827 manus
2957 2774 3032 2843 (i.
3052 2774 3185 2830 Tim.
3211 2777 3266 2831 2.
3286 2779 3370 2849 8).

1789 2853 1974 2910 Vidisti
1995 2856 2228 2912 animam
2256 2858 2437 2914 divino
2460 2874 2644 2917 artiore
2670 2876 3004 2932 succensam,
3031 2874 3084 2921 et
3106 2867 3174 2923 ad
3201 2868 3367 2929 Deum

1785 2947 2052 3004 Volantem
2076 2990 2092 3015 ,
2140 2966 2343 3021 proque
2378 2953 2629 3009 omnibus
2672 2955 2870 3026 gratias
2911 2960 3202 3029 agentem?
3249 2962 3367 3020 Non

1784 3043 1928 3096 enim
1946 3044 2277 3112 exspectavit
2318 3043 2490 3100 donec
2529 3047 2790 3115 promissa
2813 3051 3240 3119 complerentur;
3270 3057 3365 3110 sed

1782 3141 1839 3188 et
1860 3132 1928 3189 de
1953 3134 2305 3204 promissione
2335 3138 2535 3207 gratias
2559 3138 2698 3210 agit,
2733 3139 2972 3213 nihilque
3003 3158 3108 3200 non
3136 3144 3281 3215 facit,
3310 3156 3370 3204 ut

1782 3225 1850 3280 de
1874 3226 2087 3296 praeviis
2123 3225 2312 3297 dignas
2348 3230 2545 3298 gratias
2590 3245 2700 3300 pra:
2736 3245 2796 3288 se
2842 3234 3048 3301 ferens,
3082 3236 3364 3293 Dominum

1782 3332 1937 3379 suum
1963 3327 2217 3388 provocet
2239 3318 2305 3374 ad
2333 3320 2715 3389 promissiones
2735 3338 2861 3380 suas
2886 3325 3200 3396 implendas.

1851 3410 1906 3464 5.
1940 3408 2156 3465 Muralis
2173 3411 2451 3467 exhortatio
2476 3413 2545 3467 ad
2570 3416 2904 3471 constantiam
2932 3418 2985 3472 in
3009 3419 3363 3487 ﬁda—Illum

1781 3516 1911 3557 sane
1937 3512 1992 3558 et
2012 3518 2108 3558 nos
2132 3503 2422 3572 imitemur,
2454 3514 2508 3561 ct
2532 3508 2970 3576 promissiouibus
3005 3509 3199 3568 divinis
3233 3513 3361 3568 fida.

1782 3610 1931 3660 mus;
1961 3610 2130 3665 neque
2154 3595 2401 3651 alacritas
2421 3605 2663 3668 tempore
2682 3599 3000 3667 obsoleseat,
3022 3617 3195 3673 neque
3212 3620 3363 3661 tuens

1781 3686 2054 3740 remissior
2079 3686 2173 3740 fiat
2195 3703 2261 3741 ex
2300 3688 2542 3743 obicibus
2570 3691 2657 3760 qui
2688 3692 3047 3747 interveniunt
3073 3710 3087 3746 :
3117 3695 3210 3749 sed
3250 3698 3358 3750 vir.

1781 3777 1876 3830 tuti
1906 3776 2100 3832 divina:
2120 3778 2364 3846 fidentes,
2392 3780 2541 3848 quasi
2562 3783 2674 3849 jam
2702 3790 2827 3835 aute
2851 3783 3035 3837 oculos
3059 3784 3362 3842 videremus

1782 3870 2160 3939 promissiones
2209 3871 2432 3940 impleri,
2485 3872 2556 3926 ita
2604 3888 2786 3942 puram
2831 3883 2884 3929 et
2910 3875 3173 3932 sinceram
3202 3879 3358 3934 fidem

1779 3961 2142 4018 exhibeatnns.
2170 3964 2355 4035 Magna
2382 3966 2524 4021 enim
2554 3974 2609 4021 et
2647 3966 2905 4022 immensa
2935 3972 3174 4039 promisit
3204 3972 3359 4029 nobis

1782 4055 2076 4121 Dominus,
2117 4066 2172 4111 et
2214 4073 2335 4127 qua:
2382 4068 2614 4113 nostram
2656 4060 3038 4115 transcendunt
3073 4064 3355 4131 rationem,

1780 4164 1969 4217 nempe
1999 4165 2096 4203 nos
2126 4150 2410 4220 participes
2436 4151 2585 4221 regni
2613 4152 2757 4219 fore,
2802 4160 2859 4208 et
2885 4153 3227 4209 ineﬂ'abilium
3262 4156 3358 4212 bo-

1778 4257 1965 4297 norum
1986 4253 2282 4306 consortes,
2309 4259 2431 4299 cum
2460 4245 2662 4314 angelis
2687 4255 3010 4309 versaturos,
3038 4256 3093 4302 et
3126 4248 3355 4304 liberau-

1774 4332 1875 4388 dos
1893 4349 1925 4388 a
1946 4335 2207 4405 gebenna.
2256 4335 2520 4391 Caeterum
2547 4351 2720 4407 neque
2740 4336 3043 4392 diffldamus
3068 4337 3187 4393 ideo
3211 4341 3353 4409 quod

1774 4439 1845 4480 ea
1868 4440 1974 4480 non
1996 4425 2242 4481 videntur
2273 4426 2643 4496 corporalibus
2678 4427 2880 4495 oculis;
2928 4428 3024 4484 sed
3061 4431 3356 4501 cogitantes

1776 4516 1991 4572 mentiri
2020 4532 2125 4570 non
2152 4530 2309 4587 posse
2333 4533 2452 4572 eum
2483 4517 2574 4588 qui
2604 4519 2865 4588 promisit,
2889 4528 2944 4575 et
2969 4520 3132 4591 ipsius
3166 4532 3357 4593 poten-

1774 4609 1861 4662 tiae
1904 4608 2319 4677 magnitudinem
2370 4609 2802 4677 considerantes,
2850 4610 2967 4668 haec
3018 4614 3186 4669 oculis
3227 4614 3350 4671 fidei

1774 4708 2144 4765 contueantur,
2173 4708 2227 4755 et
2254 4714 2320 4755 ex
2352 4700 2415 4754 iis
2441 4715 2560 4770 quae
2576 4701 2684 4771 jam
2711 4717 2962 4759 concessa
2993 4713 3151 4769 sunt,
3188 4708 3349 4762 etiam

1773 4788 1841 4844 de
1870 4787 2059 4845 futuris
2088 4790 2279 4845 bonam
2302 4806 2450 4861 spem
2481 4791 2771 4849 habeamus
2800 4811 2816 4850 :
2845 4809 2908 4850 ea
2935 4797 3075 4849 enim
3105 4797 3172 4852 de
3191 4813 3349 4853 musa

1772 4889 1828 4935 et
1849 4880 1933 4935 hic
1950 4882 2113 4936 multa
2144 4881 2297 4937 nobis
2321 4883 2514 4937 donata
2540 4893 2700 4951 sunt,
2739 4895 2794 4938 ut
2821 4901 2887 4939 ex
2916 4886 2978 4939 iis
3001 4886 3315 4956 adjuvctnur
3334 4931 3350 4955 ,

1774 4986 2040 5043 manuque
2068 4972 2344 5041 ducamur,
2360 4983 2417 5029 ut
2436 4974 2503 5031 de
2531 4975 2634 5030 illis
2658 4990 2868 5047 quoque
2888 4976 3024 5033 bene
3050 4993 3348 5048 speremus.

1772 5063 1903 5120 Nam
1938 5069 2028 5136 qui
2060 5066 2248 5122 Filium
2276 5081 2430 5122 suum
2463 5066 2677 5122 tradidit
2709 5077 2924 5138 propter
2965 5083 3117 5124 suam
3161 5070 3218 5126 in
3253 5088 3355 5129 nos

1773 5157 2068 5222 caritatem,
2092 5159 2358 5227 quomodo
2386 5174 2494 5213 non
2521 5158 2698 5213 omnia
2724 5160 2878 5214 nobis
2898 5160 3098 5230 reliqua
3132 5161 3352 5233 largita.

1772 5265 1864 5304 rus
1892 5250 2011 5305 est?
2049 5250 2196 5305 Sicut
2240 5260 2296 5305 et
2340 5250 2529 5306 Paulus
2560 5250 2728 5320 inquit
2769 5265 2782 5302 :
2834 5250 2935 5316 Qui
2974 5253 3261 5322 proprioF
3263 5255 3352 5309 ilio

1770 5356 1863 5393 suo
1883 5356 1982 5393 non
2013 5342 2230 5410 pepercit
2255 5382 2269 5407 ,
2292 5342 2381 5395 sed
2404 5357 2495 5412 pro
2524 5341 2665 5396 nobis
2689 5343 2915 5398 omnibus
2939 5344 3150 5399 tradidit
3179 5346 3346 5409 illum,

1770 5432 2018 5498 quomodo
2044 5447 2145 5485 non
2168 5441 2215 5486 et
2238 5433 2408 5486 omnia
2433 5434 2575 5488 nobis
2598 5450 2713 5488 cum
2737 5435 2826 5490 illo
2852 5436 3057 5492 donabit
3086 5439 3260 5511 (Rom.
3291 5440 3347 5496 8.

1771 5520 1902 5590 3'2)?
1929 5520 1984 5577 Si
2014 5521 2203 5583 Filium
2227 5537 2379 5578 suum
2407 5523 2624 5580 tradidit
2649 5542 2744 5599 pro
2775 5529 2929 5584 nobis
2957 5531 3345 5601 peccatoribus,

1771 5613 1816 5668 si
1842 5612 2171 5683 baptismatis
2193 5613 2388 5673 donum
2414 5617 2629 5687 largitus
2663 5627 2764 5685 est,
2793 5620 2835 5674 si
2878 5623 3109 5689 priorum
3156 5636 3345 5692 pecca-

1775 5717 1947 5765 tortun
1975 5706 2340 5765 remissionem
2360 5707 2560 5778 tribuit,
2587 5710 2629 5764 si
2662 5712 2988 5781 poenitentiae
3028 5713 3164 5769 viam
3192 5711 3345 5767 uolut
