3788 6262
384 293 490 349 319

381 407 610 479 aperuit,
635 405 679 460 si
699 404 974 459 innumera
993 400 1095 456 alia
1123 396 1187 454 ad
1209 399 1434 453 salutem
1456 406 1689 452 nostram
1716 403 1969 465 operatus

383 508 487 565 est,
517 497 853 552 manifestum
877 500 958 547 est
982 506 1103 546 eum
1128 500 1182 545 et
1212 489 1384 543 futura
1414 487 1548 543 bona
1566 486 1722 542 nobis
1735 486 1968 555 reposita

387 588 751 657 pra-biturum.
785 581 916 637 Nam
941 580 1031 651 qui
1058 588 1275 649 propter
1294 592 1443 632 suam
1474 577 1783 643 bonitatem,
1814 583 1967 628 ante-

386 694 545 749 quam
591 691 712 731 esse
753 675 1131 741 inciperemus,
1177 669 1291 724 haec
1321 667 1657 738 praeparavit,
1702 664 1970 736 quomodo

383 785 489 823 non
538 775 593 821 et
637 764 736 820 frui
766 762 1065 818 concedet?
1094 761 1245 827 Quod
1286 769 1463 812 autem
1511 758 1660 827 prius
1688 756 1803 811 lucc
1830 756 1967 810 bona

385 859 538 912 nobis
567 854 950 925 prwparaverit
973 893 988 918 ,
1023 850 1144 905 audi
1171 848 1297 920 quid
1323 848 1466 903 dicat
1489 846 1750 901 stantibus
1775 854 1807 899 a
1835 844 1968 899 dex-

384 952 480 1005 tris
512 968 524 1004 :
553 949 748 1014 Venite,
771 944 1014 1000 benedicti
1065 942 1237 996 Patris
1272 940 1409 1005 mei,
1452 937 1725 992 hereditate
1759 936 1972 1007 accipite

383 1058 594 1113 regnum
618 1048 851 1111 paratum
868 1036 1004 1090 vobis
1015 1044 1131 1088 ante
1146 1033 1547 1087 constitutionem
1566 1028 1741 1082 mandi
1754 1026 1968 1097 (Matth.

382 1134 621 1201 2551).
670 1130 858 1184 Vidisti
912 1127 1162 1182 bonitatis
1204 1122 1596 1187 excellentiam,
1616 1129 1813 1190 quanta
1841 1133 1969 1189 erga

384 1235 623 1278 nostrum
654 1234 820 1292 genus
851 1218 1175 1288 benignitate
1199 1229 1325 1269 usus
1352 1212 1528 1276 sit,ut
1572 1217 1629 1266 et
1667 1220 1792 1264 ante
1826 1208 1969 1279 jacta

388 1315 725 1369 fundamenta
768 1309 953 1365 mundi
999 1308 1151 1367 nobis
1194 1306 1345 1376 regni
1385 1304 1635 1363 calorum
1664 1300 1969 1356 iruitionem

385 1418 686 1475 praeparare
718 1402 963 1471 dignatus
991 1398 1099 1454 sit?
1128 1398 1287 1468 Igitur
1313 1411 1381 1451 ne
1422 1395 1590 1453 simus
1621 1392 1845 1463 ingrati,
1875 1391 1973 1446 ob-

389 1511 567 1561 secro,
584 1507 758 1562 neque
773 1491 1017 1561 indignos
1038 1489 1229 1543 talibus
1244 1502 1343 1542 nos
1372 1486 1527 1541 donis
1550 1485 1968 1540 constituamus:

386 1587 481 1643 sed
500 1586 803 1656 diligamus,
832 1594 893 1638 ut
915 1583 1090 1648 decet,
1121 1581 1405 1635 Dominum
1430 1586 1669 1631 nostrum
1686 1618 1702 1640 ,
1734 1575 1977 1644 nihilque

388 1678 643 1733 faciamus
668 1675 806 1746 quod
832 1676 951 1744 ejus
975 1687 1099 1742 erga
1122 1687 1218 1726 nos
1240 1669 1665 1726 benevolentiam
1696 1665 1972 1735 impediat.

391 1770 528 1825 Num
558 1768 699 1825 enim
729 1781 825 1821 nos
856 1765 1061 1835 priores
1092 1778 1203 1817 rem
1233 1762 1372 1816 illam
1401 1759 1699 1829 coepimus?
1729 1758 1839 1812 lmo
1861 1758 1977 1826 ipse

391 1864 538 1934 prior
579 1873 823 1931 magnam
852 1868 908 1913 et
952 1854 1358 1912 inenarrabilem
1387 1853 1661 1907 caritatem
1708 1864 1833 1920 erga
1875 1861 1980 1902 nos

390 1952 700 2008 declaravit.
746 1948 1026 2018 Quomodo
1052 1948 1210 2018 igitur
1236 1960 1342 2000 non
1387 1943 1675 1998 absurdum
1707 1941 1883 2004 fuerit,
1928 1939 1976 1995 si

398 2059 523 2100 eum
563 2043 653 2112 qui
699 2057 797 2097 nos
823 2043 900 2096 sic
924 2040 1109 2095 dilexit
1154 2053 1259 2092 non
1303 2036 1583 2105 diligamus
1623 2033 1747 2087 totis
1774 2030 1976 2086 viribus

397 2133 636 2189 nostris?
665 2131 782 2202 Ipse
808 2141 1026 2202 propter
1050 2144 1198 2184 suam
1224 2143 1348 2199 erga
1378 2141 1478 2181 nos
1503 2126 1778 2180 caritatem
1798 2124 1976 2179 omnia

393 2239 515 2278 cum
541 2223 813 2291 voluptate
849 2220 1137 2277 sustinuit:
1174 2228 1231 2273 et
1256 2234 1323 2273 ex
1350 2217 1466 2286 ipso
1489 2226 1711 2286 paterno
1734 2216 1855 2269 sinu
1882 2228 1979 2268 ex-

393 2315 598 2380 siliens,
628 2324 685 2368 ut
714 2315 784 2368 ita
810 2313 1005 2379 dicam,
1051 2312 1190 2367 servi
1230 2312 1453 2366 formam
1493 2322 1767 2364 assumere
1789 2308 1974 2375 voluit,

396 2420 493 2476 per
520 2406 748 2460 humana
769 2404 945 2459 omnia
973 2403 1201 2459 transire
1223 2446 1238 2470 ,
1269 2412 1323 2459 et
1349 2401 1492 2458 ferre
1513 2417 1544 2455 a
1568 2400 1765 2457 Judtnis
1786 2410 1977 2457 contu-

394 2499 581 2555 melias
610 2507 663 2554 et
683 2496 990 2568 opprobria,
1019 2496 1251 2567 denique
1284 2502 1341 2551 et
1377 2509 1613 2560 crucem,
1647 2508 1711 2548 ac
1743 2504 1973 2548 mortem

401 2588 983 2662 ignominiosissimam,
1016 2597 1075 2643 ut
1098 2602 1196 2643 nos
1224 2588 1314 2658 qui
1353 2585 1501 2641 humi
1528 2586 1898 2651 trahebamur,
1923 2594 1981 2641 et

394 2683 616 2740 infinitis
636 2689 976 2753 peccatorum
1001 2680 1224 2735 sarcinis
1249 2679 1489 2749 oppressi
1516 2691 1751 2744 eramus,
1794 2686 1975 2732 nostra

393 2777 448 2831 in
471 2791 534 2832 se
558 2774 663 2831 (ide
682 2773 880 2829 liberos
903 2773 1122 2828 faceret.
1155 2771 1280 2826 Haec
1307 2770 1449 2824 enim
1474 2769 1654 2824 omnia
1681 2776 1862 2824 mente
1888 2783 1979 2822 re-

392 2864 632 2936 cogitans
657 2863 843 2919 beauts
882 2861 1077 2917 Paulus
1099 2902 1115 2927 ,
1146 2860 1381 2916 fervidus
1404 2859 1603 2915 Christi
1636 2866 1844 2914 amator
1865 2899 1883 2925 ,
1924 2868 1981 2914 et

393 2955 545 3027 quasi
558 2956 728 3011 alatus
743 2956 1049 3010 universum
1070 2954 1252 3009 orbem
1266 2951 1668 3023 peragrans,qui
1686 2952 1737 3006 iu
1755 2965 1982 3022 corpore

392 3065 513 3120 quin
530 3049 959 3118 incorporearum
978 3056 1282 3102 naturarum
1307 3045 1516 3115 prepria
1536 3053 1661 3100 sunt
1677 3044 1848 3099 facere
1863 3052 1982 3099 stu-

394 3139 576 3205 debat,
597 3138 861 3193 clamabat
879 3137 1090 3192 dicens:
1108 3135 1310 3193 Caritas
1333 3137 1465 3191 enim
1486 3135 1672 3190 Christi
1686 3135 1873 3193 detinet
1889 3151 1981 3189 nos

398 3230 476 3304 (3.
502 3230 620 3285 Cor.
639 3230 692 3285 5.
716 3229 828 3300 14).
852 3228 985 3284 Vide
998 3227 1337 3299 probitatem,
1359 3227 1699 3282 videvirtutis
1711 3227 1981 3282 excellen-

399 3322 674 3390 tiam,vide
686 3322 976 3377 ferventem
990 3336 1249 3376 antorem.
1263 3319 1461 3375 Caritas
1475 3317 1659 3375 Christi
1672 3318 1856 3373 detinet
1868 3333 1982 3373 nos:

398 3414 616 3479 hocest,
636 3410 927 3483 compellit,
948 3412 1109 3482 cogit,
1131 3412 1381 3467 concitat.
1402 3411 1601 3467 Deinde
1615 3411 1800 3466 volens
1816 3411 1983 3465 inter-

405 3505 601 3576 pretari
627 3504 767 3575 quod
790 3519 819 3558 a
840 3519 901 3559 se
923 3503 1122 3558 dictum
1153 3512 1289 3570 erat,
1314 3503 1523 3573 inquit:
1544 3501 1843 3557 Judieantes
1865 3504 1979 3570 hoc,

400 3597 638 3665 quoniam
658 3595 716 3663 (si
745 3611 877 3649 unus
903 3609 996 3666 pro
1024 3593 1255 3648 omnibus
1279 3603 1506 3649 mortuus
1521 3602 1589 3649 est
1608 3633 1625 3659 ,
1661 3610 1777 3667 ergo
1811 3609 1983 3648 omnes

398 3687 580 3741 mortui
604 3696 741 3741 sunt.
777 3685 846 3740 Et
880 3701 972 3757 pro
998 3686 1225 3740 omnibus
1254 3695 1478 3740 mortuus
1507 3695 1600 3751 est,
1620 3694 1676 3739 ut
1694 3696 1743 3740 et
1769 3687 1984 3740 virentes

398 3780 607 3849 post/iac
622 3795 721 3833 non
738 3778 957 3844 sibiipsis
976 3778 1140 3832 uiuant
1156 3816 1172 3842 ,
1193 3778 1283 3831 sed
1296 3777 1375 3831 illi
1383 3777 1469 3847 qui
1484 3793 1576 3848 pro
1589 3778 1661 3832 eis
1674 3788 1898 3832 mortuas
1909 3785 1989 3831 est

397 3881 442 3926 et
479 3872 750 3928 resurrexit
772 3870 933 3942 (Ibid.
954 3886 1003 3925 .
1027 3870 1136 3941 15).
1190 3869 1378 3926 Vidisti
1398 3869 1663 3940 quomodo
1682 3871 1803 3940 jure
1826 3869 1979 3934 dixit,

396 3963 594 4018 Detinet
616 3980 707 4017 nos
732 3963 919 4029 caritas
944 3961 1166 4016 Christi?
1193 3962 1250 4016 Si
1281 3963 1423 4017 enim
1458 3977 1554 4031 pro
1587 3960 1762 4023 nobis,
1788 3961 1979 4031 inquit,

395 4057 641 4111 omnibus
666 4064 907 4109 mortuus
927 4064 1029 4121 est,
1058 4062 1274 4124 propter
1293 4053 1393 4108 hoc
1409 4064 1651 4108 mortuus
1664 4062 1770 4119 est,
1795 4061 1853 4107 nt
1883 4067 1983 4108 nos

400 4147 639 4201 viventes
666 4144 887 4215 posthac
912 4160 1017 4200 non
1043 4145 1197 4199 nobis
1222 4145 1352 4213 ipsis
1378 4146 1618 4199 vivamus
1636 4185 1652 4210 ,
1681 4146 1775 4199 sed
1813 4146 1861 4200 ei
1891 4145 1982 4215 qui

401 4253 500 4306 pro
524 4237 679 4293 nobis
705 4246 946 4292 mortuus
987 4246 1071 4292 est
1095 4244 1151 4291 et
1174 4236 1481 4291 resurrexit.
1532 4236 1869 4306 Accipiamus
1894 4237 1985 4307 igi-

406 4337 492 4382 tur
535 4327 881 4396 apostolicam
924 4326 1339 4382 admonitionem
1362 4366 1380 4394 ,
1411 4334 1466 4381 et
1512 4342 1617 4381 non
1657 4328 1815 4383 nobis
1852 4330 1983 4398 ipsis

400 4420 660 4486 vivamus,
691 4419 784 4474 sed
809 4420 856 4475 ei
885 4418 977 4490 qui
1003 4434 1099 4489 pro
1122 4419 1276 4475 nobis
1294 4428 1533 4474 mortuus
1556 4428 1639 4474 est
1657 4430 1711 4475 et
1735 4435 1980 4476 resurre-

404 4511 502 4566 xit.
524 4512 590 4567 Et
612 4510 899 4581 quomodo,
921 4509 1062 4566 dicet
1081 4510 1363 4581 quispiam,
1396 4510 1682 4580 poterimus
1701 4526 1807 4567 non
1826 4511 1983 4568 nobis

403 4606 533 4675 ipsis
555 4604 772 4659 vivere?
799 4604 932 4659 Audi
960 4605 1175 4659 beatum
1222 4606 1395 4659 virum
1437 4605 1628 4660 iterum
1665 4604 1929 4661 dicentem
1962 4623 1977 4659 :

411 4696 534 4752 Viuo
560 4706 725 4750 autem
763 4712 861 4750 non
897 4697 1011 4765 jam
1039 4711 1131 4767 ego
1156 4712 1175 4751 :
1212 4696 1328 4749 vivit
1352 4705 1520 4749 autem
1548 4696 1602 4750 in
1630 4712 1708 4750 nte
1748 4696 1980 4752 Christus

401 4789 599 4858 (Colat.
625 4788 681 4842 2.
710 4788 828 4861 30).
856 4788 986 4844 Vide
1010 4788 1277 4859 quomodo
1302 4803 1464 4858 super
1492 4797 1687 4844 terram
1704 4791 1979 4847 ambulans

405 4890 460 4937 et
477 4896 638 4936 carne
659 4879 1036 4948 circumdatus,
1054 4881 1203 4949 quasi
1222 4881 1411 4935 caelum
1434 4880 1734 4936 inhabitans
1759 4890 1817 4937 et
1841 4882 1981 4936 inter

402 4975 742 5044 incorporeas
765 4976 986 5029 virtutes
1018 4987 1237 5028 versans
1270 4972 1548 5028 afficiatur.
1592 4974 1819 5035 Proinde
1855 4974 1979 5030 alibi

402 5067 593 5122 iterum
627 5066 873 5123 dicebat:
909 5066 1189 5132 Quiautem
1212 5063 1407 5120 Christi
1437 5076 1584 5131 sunt,
1609 5081 1811 5121 carnem
1833 5082 1991 5121 nam.

404 5161 761 5229 cruci/inerunt
794 5175 908 5213 cunt
929 5158 1277 5224 affectionibus
1304 5158 1804 5227 et-concttpiscentiis
1829 5156 1991 5230 (Gal.

399 5251 455 5304 5.
483 5251 600 5320 24).
634 5249 744 5306 lloc
770 5250 927 5320 igitur
953 5258 1033 5303 est
1053 5264 1159 5303 non
1193 5248 1427 5319 sibiipsis
1471 5251 1665 5315 vivere,
1689 5249 1782 5305 sed
1812 5251 1861 5306 ei
1888 5251 1977 5321 qni

404 5355 501 5412 pro
545 5340 698 5394 nobis
727 5350 970 5394 mortuus
1003 5348 1085 5395 cst
1111 5347 1169 5394 et
1190 5342 1482 5395 resurrexit
1526 5357 1539 5393 :
1587 5340 1798 5410 quando
1827 5342 1993 5411 quasi.

403 5431 596 5486 mortui
620 5444 807 5485 sumus
836 5431 1084 5500 praesenti
1111 5431 1253 5495 vitae.
1284 5439 1339 5486 et
1365 5430 1493 5486 nihil
1521 5446 1707 5486 eorum
1734 5448 1853 5501 qua:
1897 5432 1978 5485 vi-

401 5525 596 5580 dentur
624 5563 639 5587 ,
691 5522 1028 5595 suspicimus.
1081 5522 1214 5577 Nam
1252 5522 1449 5578 idcirco
1497 5522 1751 5577 Dominus
1796 5532 1989 5579 noster

399 5618 683 5673 crucifixus
709 5626 812 5682 est,
845 5626 903 5671 ut
943 5615 1079 5670 hanc
1109 5617 1269 5669 vitam
1295 5629 1391 5684 pro
1417 5614 1504 5668 illa
1550 5623 1975 5681 commutemus;

406 5710 511 5763 imo
530 5726 631 5780 per
650 5708 787 5766 hanc
817 5709 961 5767 illam
994 5708 1145 5771 nobis
1182 5706 1532 5779 negotientus.
1564 5706 1806 5763 Pmsens
1832 5708 1975 5764 enim

1087 286 1143 343 S.
1186 282 1461 351 JOANMS
1496 278 1973 339 CHRYSOSTOMI

2092 279 2323 339 lCIEP.
2363 280 2899 341 CONSTANTINOP.

2076 394 2200 461 vita,
2235 396 2281 450 si
2313 395 2559 452 volumus
2585 410 2705 451 esse
2729 396 2893 452 sobrii
2921 402 2978 453 et
3001 394 3186 467 vigiles
3206 435 3224 463 ,
3268 395 3413 453 ducit
3456 414 3551 455 nos
3574 403 3636 455 ad

2074 486 2376 540 finitionem
2404 487 2525 541 vita:
2554 497 2769 541 atteram
2800 502 2816 541 :
2847 496 3010 557 atque
3035 488 3346 557 poterimus,
3361 505 3409 546 st
3438 505 3641 559 parum.

2075 591 2173 645 per
2200 575 2527 632 voluerimus
2569 576 2788 647 vigilare
2833 586 2889 632 et
2923 578 3134 647 aperire
3171 580 3365 635 mentis
3397 581 3641 648 oculum,

2072 665 2267 736 quietis
2308 664 2450 721 illius
2497 681 2712 734 semper
2759 666 2899 737 apud
2951 682 3050 722 nos
3092 669 3437 735 meminisse;
3482 681 3537 727 et
3578 674 3647 728 ita

2075 758 2357 826 presentia
2383 758 2659 826 praeterire
2687 772 2752 813 ac
2767 759 3168 827 prtetervolare,
3195 759 3263 814 ad
3280 759 3459 817 futura
3477 774 3649 820 autent

2074 855 2131 903 et
2158 862 2370 918 semper
2393 849 2638 904 durantia
2676 859 2909 905 mentem
2942 851 3255 918 intendere;
3296 855 3436 910 sicut
3471 855 3651 913 beatus

2058 938 2168 994 ille
2208 954 2308 994 nos
2354 940 2584 996 erudivit
2625 940 2847 997 dicens:
2883 942 3034 1010 Quod
3075 954 3242 999 autem
3283 963 3419 1001 nunc
3454 949 3561 1003 uiuo
3596 952 3652 1005 in

2075 1045 2246 1096 carne,
2277 1030 2332 1085 in
2357 1031 2460 1097 fide
2483 1032 2592 1087 sivo
2621 1031 2749 1087 Filii
2770 1031 2887 1098 Dei,
2918 1035 3005 1103 qui
3032 1036 3209 1090 dileaat
3234 1052 3331 1104 nte,
3358 1047 3409 1093 et
3446 1040 3650 1093 tradidit

2076 1120 2395 1189 semetipsum
2421 1137 2515 1190 pro
2539 1137 2618 1175 me
2642 1121 2838 1191 (Galat.
2867 1123 2923 1177 2.
2954 1123 3071 1192 9.0).

2145 1207 2201 1263 6.
2244 1209 2376 1265 Vide
2422 1211 2659 1267 animant
2705 1212 2828 1283 igne
2871 1228 3204 1284 succensam,
3251 1218 3373 1275 vide
3418 1231 3651 1276 mentem

2076 1301 2290 1370 alatam,
2316 1303 2438 1359 vide
2466 1304 2727 1360 rationem
2770 1306 3043 1363 incensam
3083 1308 3176 1364 Dei
3213 1324 3416 1367 amore.
3461 1312 3649 1381 Quod,

2076 1392 2266 1463 inquit,
2293 1410 2428 1449 nunc
2450 1398 2581 1463 sieo,
2603 1396 2657 1450 in
2684 1396 2787 1465 [ide
2810 1397 2940 1451 viso.
2981 1397 3061 1454 Ne
3084 1400 3251 1467 enim,
3279 1401 3473 1473 inquit,
3500 1415 3653 1473 pute-

2078 1484 2149 1539 tis
2172 1500 2260 1540 me
2288 1484 2464 1541 facere
2499 1487 2699 1557 aliquid
2728 1504 2908 1544 rerum
2936 1489 3095 1559 hujus
3122 1492 3246 1546 vita
3286 1508 3468 1550 causa.
3524 1495 3654 1551 Nam

2080 1575 2204 1631 licet
2221 1591 2381 1632 carne
2400 1578 2756 1635 circumdatus
2776 1581 2900 1646 sim,
2922 1583 3434 1656 necessitatibuqu
3457 1598 3655 1645 natura

2078 1665 2323 1736 alligatus
2351 1684 2365 1721 :
2393 1668 2446 1723 in
2480 1669 2584 1724 fide
2626 1678 2802 1725 tamen
2833 1671 2973 1738 vivo,
3002 1688 3121 1742 quas
3145 1684 3231 1729 est
3265 1675 3321 1730 in
3346 1675 3612 1732 Christum
3633 1719 3651 1745 ,

2078 1758 2379 1830 despiciens
2403 1762 2582 1817 omnia
2606 1764 2906 1831 prmsentia,
2931 1773 2988 1820 et
3014 1778 3111 1835 spe
3155 1780 3275 1836 qua:
3305 1767 3358 1823 in
3405 1769 3551 1824 illum
3576 1782 3656 1826 est

2079 1849 2258 1906 omnia
2288 1859 2736 1920 pratercurrens,
2760 1853 3016 1909 intentam
3046 1855 3101 1910 in
3132 1855 3276 1925 illum
3305 1869 3537 1915 mentem
3565 1861 3658 1915 ha-

2080 1939 2201 1995 beo.
2259 1941 2496 2011 Denique
2544 1952 2602 1997 ut
2640 1943 2816 2001 discas
2853 1946 3225 2003 excellentiam
3270 1952 3471 2007 amoris
3508 1952 3656 2022 ejus,

2079 2030 2212 2091 dicit
2240 2051 2255 2087 :
2285 2031 2353 2087 In
2377 2034 2481 2102 de
2499 2034 2607 2090 rivo
2638 2033 2765 2090 Filii
2790 2034 2910 2103 Dei,
2937 2038 3024 2109 qui
3047 2055 3127 2094 me
3151 2040 3351 2108 dilexit,
3373 2052 3423 2097 et
3450 2045 3659 2099 tradidit

2081 2122 2404 2190 semetipsum
2452 2139 2544 2192 pro
2587 2141 2691 2180 me.
2737 2125 3028 2184 Considera
3073 2143 3239 2198 quam
3263 2130 3488 2201 insignis
3524 2136 3657 2204 grati

2080 2215 2244 2269 animi
2271 2214 2605 2285 significatio.
2653 2216 2791 2284 Quid
2818 2216 2972 2282 dicis,
3003 2234 3037 2275 o
3073 2218 3229 2278 beate
3271 2223 3472 2279 Paule?
3500 2224 3663 2281 Paulo

2083 2313 2209 2361 ante
2233 2304 2450 2363 dicebas
2469 2326 2487 2360 ;
2520 2304 2619 2370 Qui
2638 2307 2846 2377 proprio
2875 2306 3016 2363 Filio
3055 2325 3149 2365 suo
3189 2327 3292 2365 non
3311 2315 3553 2382 pepercit.
3573 2317 3662 2369 sed

2083 2413 2175 2466 pro
2200 2395 2343 2453 nobis
2366 2397 2596 2455 omnibus
2622 2397 2833 2452 tradidit
2856 2415 2969 2454 eum
2989 2398 3165 2471 (Rom.
3196 2400 3252 2456 8.
3278 2402 3370 2475 39.)
3399 2420 3414 2459 :
3442 2415 3497 2459 et
3525 2421 3663 2461 nunc

2082 2489 2236 2556 dicis,
2285 2490 2386 2555 Qui
2414 2490 2590 2545 dilexit
2633 2507 2711 2544 me
2742 2507 2763 2546 :
2816 2501 2975 2563 atque
3003 2502 3060 2549 ut
3107 2495 3376 2564 proprium
3428 2499 3666 2567 appellas

2081 2596 2362 2639 commune
2397 2581 2755 2639 beneficium?
2794 2583 2994 2651 Etiam,
3022 2584 3232 2654 inquit:
3261 2603 3384 2643 nam
3412 2588 3538 2644 licet
3568 2605 3667 2659 pro

2084 2674 2230 2735 omni
2259 2674 2534 2730 hominum
2564 2690 2763 2747 genere
2785 2676 3105 2733 sacricium
3126 2678 3195 2735 ab
3221 2694 3287 2735 eo
3312 2681 3383 2735 sit
3403 2682 3665 2748 oblatum,

2085 2775 2259 2822 tamen
2284 2776 2500 2838 propter
2526 2782 2763 2823 amorem
2794 2769 2849 2824 in
2872 2784 2992 2826 eum
3018 2811 3035 2836 ,
3081 2768 3134 2826 id
3177 2771 3315 2842 quod
3357 2771 3557 2829 factum
3584 2786 3668 2830 est

2087 2859 2356 2929 proprium
2384 2859 2515 2915 ntihi
2541 2859 2694 2915 facio.
2721 2860 2795 2916 Ita
2825 2872 2879 2917 et
2908 2863 3187 2934 prephetis
3224 2879 3342 2920 mos
3363 2875 3448 2921 est
3490 2867 3670 2923 facere

2085 2959 2140 3005 et
2165 2949 2346 3006 dicere
2374 2968 2387 3005 :
2416 2949 2558 3007 Deus
2587 2951 2726 3008 Deus
2748 2970 2886 3009 meus
2914 2952 3084 3027 (Psal.
3103 2956 3255 3010 Si.
3284 2957 3406 3011 117.
3430 2966 3487 3023 et
3520 2960 3671 3026 ibi):

2084 3043 2335 3112 quamvis
2355 3043 2516 3098 totius
2552 3042 2703 3099 orbis
2725 3044 2797 3101 sit
2832 3044 2976 3100 Deus
3008 3064 3024 3100 :
3059 3045 3153 3101 sed
3174 3047 3436 3116 peculiare
3457 3048 3563 3103 hoc
3588 3063 3673 3105 est

2085 3133 2256 3188 amori
2284 3173 2301 3200 ,
2328 3142 2388 3188 ut
2410 3149 2476 3190 ex
2512 3135 2885 3190 communibus
2911 3137 3123 3206 propria
3149 3135 3327 3205 faciat.
3374 3138 3508 3193 Filii
3556 3140 3671 3204 Dei.

2086 3226 2275 3296 inquit,
2305 3227 2392 3296 qui
2420 3225 2597 3281 dilexit
2623 3243 2724 3281 me.
2769 3226 2904 3295 Quid
2944 3227 3117 3282 dicis?
3156 3229 3234 3283 Te
3254 3229 3427 3285 solum
3448 3231 3676 3286 dilexit?

2084 3316 2310 3373 Omnem
2330 3358 2345 3382 ,
2376 3317 2578 3387 inquit,
2615 3317 2887 3375 hominum
2920 3327 3160 3374 naturam
3197 3318 3418 3388 dilexit,
3446 3321 3547 3376 sed
3574 3337 3677 3393 ego

2085 3410 2134 3464 ei
2158 3410 2354 3480 gratias
2381 3409 2572 3478 debeo,
2603 3410 2753 3480 quasi
2779 3425 2865 3465 me
2884 3411 3057 3465 solum
3102 3410 3396 3467 dilexisset.
3442 3411 3516 3467 Et
3561 3425 3674 3468 tra-

2087 3504 2215 3558 didit
2236 3502 2552 3573 semetipsum
2581 3519 2671 3574 pro
2693 3520 2790 3557 me.
2819 3501 2953 3571 Quid
2982 3503 3161 3572 igitur,
3190 3518 3286 3573 pro
3314 3512 3367 3559 te
3391 3505 3511 3560 solo
3544 3520 3677 3561 crn-

2087 3596 2276 3650 cilixus
2298 3596 2422 3651 est?
2469 3597 2659 3651 Annon
2690 3595 2804 3665 ipse
2828 3595 3010 3650 dicit":
3043 3595 3169 3651 Cum
3212 3597 3462 3651 exaltatus
3502 3602 3676 3668 fuero,

2087 3704 2257 3742 omnes
2299 3688 2503 3741 traham
2533 3688 2600 3742 ad
2637 3688 2886 3758 meipsum
2911 3686 3088 3757 (Joan.
3141 3688 3225 3742 12.
3411 3704 3597 3745 nonne
3619 3700 3681 3744 tu

2086 3779 2199 3849 ipse
2226 3778 2425 3845 dixisti,
2460 3777 2565 3832 Pro
2611 3778 2751 3833 nobis
2779 3780 3009 3833 omnibus
3051 3779 3259 3833 tradidit
3302 3780 3679 3851 semetipsum?

2090 3870 2281 3936 Etiam,
2312 3870 2519 3940 inquit:
2552 3885 2654 3924 non
2689 3869 2879 3941 loquor
2925 3870 3243 3940 pugnantia,
3292 3872 3385 3928 sed
3428 3887 3681 3929 amorem

2088 3978 2266 4018 meum
2296 3966 2369 4019 ita
2396 3963 2670 4017 consolor.
2694 3962 2810 4017 Jatu
2858 3963 2976 4017 vide
3019 3964 3211 4019 iterum
3239 3972 3294 4018 et
3341 3964 3486 4019 aliud
3531 3966 3683 4035 quod

2090 4055 2247 4110 dictis
2277 4054 2383 4110 illis
2429 4070 2528 4110 nos
2556 4055 2732 4109 docet.
2762 4054 2895 4109 Cum
2924 4055 3084 4111 enim.
3108 4056 3355 4125 superius
3376 4057 3586 4112 dixerit
3608 4060 3682 4113 de

2088 4149 2283 4215 Patre,
2324 4147 2431 4203 Pro
2454 4148 2602 4203 unobis
2644 4149 2874 4205 omnibus
2911 4148 3122 4203 tradidit
3159 4150 3344 4212 illum.
3384 4149 3475 4205 hic
3500 4151 3634 4205 dicit
3658 4192 3678 4216 ,

2089 4239 2426 4308 Semetipsum
2465 4240 2676 4293 tradidit
2708 4255 2729 4294 :
2756 4248 2811 4296 et
2842 4239 2948 4293 illic
2971 4239 3208 4309 quidem,
3235 4250 3291 4294 ut
3326 4242 3685 4311 concordiam

2086 4331 2333 4388 ostendat
2357 4346 2421 4386 ac
2448 4330 2911 4400 parenthonorem
2939 4330 3114 4387 Patris
3136 4342 3193 4388 et
3216 4332 3355 4398 Filii,
3384 4336 3687 4404 etpassio-

2089 4438 2213 4479 nem
2234 4422 2534 4479 subindicet
2563 4440 2576 4476 :
2603 4424 2855 4493 quoniam
2876 4425 3035 4480 etiam
3073 4424 3183 4479 alio
3204 4426 3319 4480 loco
3344 4426 3476 4481 dicit
3508 4444 3526 4480 :
3562 4428 3683 4480 Fa-

2084 4526 2195 4571 ctus
2214 4515 2448 4570 obediens
2465 4532 2622 4585 usque
2648 4515 2716 4570 ad
2736 4526 2945 4570 mortem
2965 4516 3221 4588 (Philipp.
3250 4519 3305 4573 9..
3342 4518 3403 4590 8)
3430 4537 3442 4572 :
3473 4521 3688 4590 ultique

2086 4606 2321 4676 passioni
2367 4605 2772 4663 iidemfaciens.
2819 4606 2917 4662 Hic
2964 4616 3142 4665 autem
3180 4611 3388 4677 posuit,
3434 4610 3689 4665 Tradidit

2084 4698 2407 4768 semetipsum
2428 4738 2446 4765 ,
2494 4705 2553 4753 ut
2605 4696 2805 4753 indicet
2857 4714 2979 4754 eum
3021 4700 3317 4755 voluntarie
3361 4701 3687 4770 passionem

2084 4788 2405 4857 suscepisse.
2426 4798 2483 4843 et
2502 4804 2610 4843 non
2634 4790 2973 4855 necessitate,
3006 4804 3178 4860 neque
3206 4790 3258 4845 vi
3276 4831 3293 4857 ,
3343 4792 3437 4847 sed
3477 4794 3685 4849 volen-

2085 4888 2191 4935 tem
2236 4880 2649 4951 cupientemque
2694 4881 2855 4935 totius
2915 4880 3134 4936 humani
3187 4884 3399 4953 generis
3438 4886 3689 4945 satiatem

2084 4973 2317 5043 Operari,
2345 4987 2558 5028 crucem
2584 4973 2917 5029 sustinuisse.
2965 4974 3192 5042 Qualem
3231 4976 3390 5046 igitur
3425 4978 3687 5033 vicissim

2084 5082 2322 5123 amorem
2364 5067 2621 5122 exhibere
2665 5068 2959 5137 poterimus
2999 5077 3106 5122 tam
3143 5067 3361 5123 divitem
3393 5084 3527 5139 erga
3577 5087 3685 5126 nos

2084 5160 2361 5215 caritatem
2376 5160 2665 5215 declaranti
2725 5160 2942 5225 Etiamsi
2958 5161 3190 5217 animam
3207 5161 3374 5231 ipsam
3391 5148 3687 5233 impenda-

2086 5265 2204 5305 mus
2232 5266 2329 5321 pro
2361 5250 2478 5320 ejus
2510 5250 2734 5319 legibus,
2762 5258 2817 5304 et
2857 5265 2959 5320 pro
2982 5251 3355 5308 observatione
3381 5253 3685 5309 mandato-

2085 5357 2225 5406 rum,
2253 5356 2370 5412 qute
2389 5341 2457 5394 ab
2483 5341 2601 5410 ipso
2619 5348 2744 5394 sunt
2769 5340 2933 5407 data,
2984 5356 3156 5412 neque
3200 5341 3278 5397 sic
3320 5342 3389 5397 ad
3426 5345 3675 5401 caritati:

2085 5431 2301 5499 modum
2351 5432 2653 5503 pertingere
2690 5434 3024 5504 poterimus,
3071 5448 3227 5503 quam
3257 5449 3380 5506 erga
3420 5444 3685 5491 nostr-mn

2085 5522 2373 5592 declaravit
2420 5537 2618 5593 genus.
2649 5523 2769 5595 ipse
2816 5525 2957 5593 enim
3003 5525 3143 5580 Deus
3188 5539 3309 5579 cum
3354 5536 3497 5581 esset
3526 5568 3544 5593 ,
3580 5543 3689 5595 pro

2087 5615 2388 5671 hominibus
2410 5615 2513 5671 hoc
2540 5618 2724 5681 subiit,
2747 5626 2804 5672 et
2832 5617 3092 5673 Dominus
3114 5632 3211 5687 pro
3232 5618 3436 5684 servis;
3466 5631 3545 5673 ac.
3565 5635 3683 5672 non

2086 5722 2183 5779 pro
2204 5708 2371 5764 servis
2400 5710 2745 5781 simpliciter,
2785 5709 2882 5766 sed
2926 5708 3269 5781 proingratis
3294 5719 3349 5764 et
3393 5712 3695 5780 perpetuis-
