3750 6276
60 296 180 354 519

65 412 269 481 τηρίαν
297 405 569 479 ἡμετέραν
586 407 1098 482 ἐπραγματεύσατο,
1117 410 1359 481 δηλονότι
1376 409 1468 463 καὶ
1494 408 1563 462 τὰ
1586 408 1646 460 ἐν

66 495 151 564 τῷ
176 492 420 565 μέλλοντι
441 493 572 563 ἡμῖν
589 510 841 563 τεταμιευ
848 494 986 565 μένα
1006 493 1183 561 ἀγαθά
1199 494 1442 565 παρέξει.
1458 493 1516 545 '0
1540 490 1649 561 γάρ

68 577 180 648 πρὸ
206 576 307 647 τῆς
330 577 410 641 εἰς
439 575 499 628 τὸ
538 572 676 629 εἶναι
705 577 851 647 ἡμᾶς
885 577 1121 646 παρόδου
1152 577 1322 631 ταῦτα
1357 591 1649 646 προευτρε-

65 660 239 723 πίσας
269 658 356 712 διὰ
394 656 493 729 τὴν
523 659 731 712 οἰκείαν
755 660 1085 732 ἀγαθότητα,
1123 660 1238 725 πῶς
1266 660 1386 731 οὐχὶ
1420 659 1514 714 καὶ
1548 659 1648 731 τὴν

66 743 372 798 ἀπόλαυσιν
401 746 708 815 χαριεῖται;
738 744 855 799 ’Ότι
880 744 988 816 γὰρ
1016 743 1297 816 προλαϐὼν
1320 744 1491 800 ταῦτα
1515 745 1647 815 ἡμῖν

68 827 337 897 ἡτοίμασε
363 827 430 881 τά
461 826 664 895 ἀγαθὰ,
698 828 862 883 άκουε
894 829 1058 883 αὑτοῦ
1081 829 1330 899 λέγοντος
1356 828 1490 901 πρὸς
1519 828 1648 891 τοὺς

68 914 137 963 ἐκ
168 910 356 977 δεξιῶν
388 910 649 974 ἑστῶτας·
679 912 876 976 Δεῦτε,
906 915 961 967 ot
987 912 1375 983 εὐλογημένοι
1403 912 1508 966 τοῦ
1531 915 1648 965 Ha-

67 997 213 1060 τρός
224 1011 365 1061 μου,
387 994 884 1062 κληρονομήσατε
906 994 1021 1063 τὴν
1045 994 1493 1064 ἡτοιμασμένην
1507 994 1648 1063 ὑμῖν

58 1076 397 1141 ,βασιλείαν
429 1074 544 1142 πρὸ
572 1077 911 1145 καταϐολῆς
928 1089 954 1118 ιι
975 1079 1227 1146 κόσμου.
1257 1072 1413 1142 Εἶδες
1444 1077 1646 1144 ἀγαθό-

64 1176 233 1228 τητος
258 1158 588 1230 ὑπερϐολὴν,
613 1158 755 1235 πόσῃ
775 1162 903 1232 περὶ
919 1163 980 1216 τὸ
999 1162 1266 1234 ἡμέτερον
1279 1160 1435 1230 γένος
1456 1160 1651 1232 κέχρη·

63 1259 162 1295 ται
193 1244 260 1312 τῇ
294 1239 693 1313 φιλανθρωπίᾳ,
723 1242 797 1304 ὡς
824 1243 919 1297 καὶ
946 1244 1055 1315 πρὸ
1082 1244 1180 1315 τῆς
1203 1244 1297 1298 τοῦ
1324 1244 1530 1313 κόσμου
1550 1261 1648 1298 κα-

64 1323 302 1394 ταϐολῆς
333 1326 464 1395 ἡμῖν
500 1324 598 1393 τῆς
630 1324 903 1395 βασιλείας
933 1328 1357 1400 προευτρεπίσαι
1386 1326 1484 1401 τὴν
1516 1327 1650 1381 ἀπό-

64 1410 292 1473 λαυσινς
317 1407 409 1479 Μὴ
436 1408 615 1462 τοίνυν
643 1409 958 1481 ἀγνώμονες
983 1411 1291 1482 γενώμεθα,
1322 1411 1646 1483 παρακαλῶ,

64 1494 210 1565 μηδὲ
239 1494 488 1559 ἀναξίους
521 1495 748 1559 ἑαυτοὺς
783 1498 1216 1567 καταστήσωμεν
1244 1496 1355 1550 τῶν
1382 1495 1649 1550 τοσούτων

62 1578 313 1649 δωρεῶν,
360 1576 496 1631 ἀλλά
542 1579 939 1649 ἀγαπήσωμεν,
985 1580 1060 1644 ὡς
1105 1579 1203 1644 δεῖ,
1248 1580 1340 1633 τὸν
1382 1580 1647 1651 ἡμέτερον

65 1662 371 1730 Δεσπότην,
394 1661 489 1715 καὶ
507 1661 670 1732 μηδὲν
698 1661 1156 1734 διαπραττώμεθα
1181 1663 1291 1716 τῶν
1333 1662 1648 1717 διακοπτόνο

62 1761 181 1797 των
231 1744 331 1815 τὴν
370 1744 507 1815 πρὸς
539 1745 685 1815 ἡμᾶς
736 1745 900 1801 αὐτοῦ
929 1745 1160 1800 εὔνοιαν.
1220 1746 1312 1818 Μὴ
1355 1746 1463 1818 γὰρ
1495 1746 1649 1799 αὐτοὶ

65 1828 531 1898 προκατάρχομεν
573 1827 667 1883 τοῦ
732 1828 1096 1901 πράγματος;
1138 1830 1311 1895 Αὐτὸς
1360 1829 1649 1902 προλαϐὼν

64 1911 276 1979 πολλὴν
297 1911 389 1964 καὶ
414 1908 619 1978 ἄφατον
645 1911 743 1984 τὴν
769 1914 897 1985 7:591
912 1915 1062 1983 ἡμᾶς
1076 1913 1295 1985 ἀγάπην
1318 1912 1645 1977 ἐπεδείξατο.

64 1987 354 2062 ι54Ἱ1Πῶς
380 1989 473 2048 οὖν
501 1994 602 2050 οὐκ
624 1995 825 2050 ἄτοπον
852 1996 944 2051 τὸν
970 1996 1144 2061 οὕτως
1176 1998 1539 2067 ἀγαπήσαντα
1574 1998 1648 2069 μὴ

64 2076 168 2128 καὶ
191 2078 358 2147 ἡμᾶς,
377 2078 501 2131 ὅσον
515 2078 712 2150 ἔχομεν
736 2078 1037 2150 δυνάμεως,
1062 2081 1315 2151 ἀγαπᾷν;
1350 2081 1519 2144 Αὐτὸς
1542 2079 1651 2151 γάρ

59 2156 163 2211 διά
192 2158 293 2228 τὴν
326 2160 457 2230 7:591
498 2162 644 2231 ἡμᾶς
676 2162 897 2233 ἀγάπην
929 2164 1109 2218 πάντα
1147 2164 1263 2233 μεθ’
1297 2162 1491 2233 ἡδονῆς
1515 2164 1649 2217 ὑπέ-

63 2257 250 2309 μεινε,
279 2244 374 2296 καὶ
397 2243 455 2309 ἐξ
483 2244 663 2297 αὐτῶν
689 2244 798 2299 τῶν
822 2244 1036 2300 κόλπων
1058 2246 1168 2299 τῶν
1197 2247 1479 2318 πατρικῶν
1504 2247 1652 2300 ἀλλό-

62 2340 257 2391 μενος,
294 2324 372 2388 ώς
418 2326 616 2393 εἰπεῖν,
660 2326 848 2382 δούλου
880 2327 1093 2400 μορφὴν
1122 2327 1410 2383 ἀναλαϐεῖν
1434 2330 1651 2384 κατεδέ-

61 2406 225 2472 ξατο,
245 2409 340 2462 καὶ
354 2409 440 2463 διὰ
469 2411 684 2467 πάντων
703 2412 811 2466 τῶν
831 2412 1185 2485 ἀνθρωπίνων
1211 2413 1406 2481 ἐλθεῖν,
1433 2415 1529 2469 καὶ
1552 2416 1652 2479 τὰς

60 2491 226 2560 παρά
253 2492 520 2549 Ἰουδαίων
549 2494 736 2566 ὕϐρεις
765 2498 860 2549 καὶ
888 2496 1111 2567 ἀτιμίας
1142 2497 1449 2568 ὑπομεῖναι,
1474 2499 1652 2552 καὶτὸ

60 2576 377 2630 τελευταῖον
400 2578 633 2649 σταυρὸν
657 2579 1001 2646 κατεδέξατο,
1030 2581 1124 2635 καὶ
1155 2581 1384 2636 θάνατον
1411 2582 1502 2637 τὸν
1526 2583 1652 2637 ἐπο-

60 2658 352 2723 νείδιστον,
366 2659 452 2712 ἵνα
468 2661 612 2731 ἡμᾶς
626 2664 751 2727 τοὺς
769 2664 944 2734 χαμαὶ
962 2664 1308 2736 συρομένους,
1328 2666 1421 2718 καὶ
1439 2668 1651 2736 μυρίοις

62 2742 314 2811 φορτίοις
338 2744 747 2816 ἁμαρτημάτων
764 2747 830 2817 βα
838 2747 1151 2819 ρουμένους,
1167 2747 1257 2803 διὰ
1270 2750 1369 2820 τῆς
1384 2751 1464 2812 εἰς
1489 2749 1651 2804 αὑτὸν

63 2826 312 2891 πίστεως
353 2828 717 2902 ἐλευθερώσῃ.
766 2831 951 2885 Ταῦτα
1000 2833 1108 2905 γὰρ
1149 2834 1365 2888 ἅπαντα
1394 2833 1591 2888 ἐννοῶν
1624 2837 1653 2889 0

65 2911 346 2981 μακάριος
393 2912 624 2980 Παῦλος,
648 2915 678 2967 ό
708 2914 909 2987 θερμὸς
951 2917 1186 2989 ἐραστὴς
1213 2917 1308 2972 τοῦ
1339 2917 1598 2989 Χριστοῦ,
1623 2920 1653 2972 0

60 2994 328 3066 καθάπερ
353 2995 659 3067 ὑπόπτερος
687 2998 786 3069 τὴν
800 2999 1124 3070 οἰκουμένην
1148 3000 1487 3071 περιτρέχων
1510 3002 1653 3056 άπα-

63 3096 190 3143 σαν,
216 3079 249 3131 ό
292 3080 353 3131 ἐν
383 3076 596 3150 σώματι
641 3079 713 3135 τὰ
758 3080 869 3135 τῶν
903 3082 1211 3153 ἀσωμάτων
1246 3084 1652 3139 ἐπιδείκνυσθαι

63 3161 416 3226 σπουδάζων,
433 3162 563 3216 ἐϐόα
589 3162 784 3232 λέγων·
818 3164 879 3221 Ἡ
906 3165 1017 3235 γὰρ
1043 3164 1243 3236 ἀγάπη
1262 3168 1371 3221 τοῦ
1392 3168 1652 3237 Χριστοῦ

62 3245 321 3313 συνέχει
341 3243 667 3317 ἡμᾶς.Ὅρα
691 3245 1133 3319 εὐγνωμοσύνην,
1150 3250 1252 3322 ὅρα
1268 3251 1472 3322 ἀρετῆς
1484 3252 1653 3324 07:59-

62 3327 253 3399 ϐολὴν,
298 3328 402 3399 ὅρα
422 3326 585 3382 πόθον
616 3328 826 3393 ζέοντα.
859 3328 920 3387 Ἠ
946 3330 1171 3401 ἀγάπη,
1199 3334 1356 3404 φησί,
1392 3335 1499 3390 τοῦ
1518 3338 1654 3406 Χριο

60 3410 220 3466 στοῦ
252 3410 508 3481 συνέχει
532 3410 722 3482 ἡμᾶς·
756 3413 901 3469 τοῦτ’
933 3413 1102 3478 ἔστιν,
1129 3415 1278 3478 ὠθεῖ,
1303 3418 1651 3486 καταναγκά-

62 3493 170 3559 ζει,
199 3496 545 3563 κατεπείγει.
566 3492 698 3550 Εἶτα
719 3496 1055 3568 ἑρμηνεῦσαι
1083 3498 1402 3569 βουλόμενος
1430 3501 1493 3554 τὸ
1523 3504 1651 3572 παρ’

61 3578 267 3633 ἑαυτοῦ
320 3579 506 3651 ῥηθὲν,
544 3581 704 3652 φησί·
736 3582 1069 3650 Δζρίναντας
1112 3584 1307 3648 τοῦτο,
1339 3584 1431 3640 ὅτι
1471 3587 1527 3639 εί
1564 3580 1653 3652 εἷς

59 3663 219 3731 ὑπὲρ
252 3662 543 3717 ἁπάντων
578 3663 899 3732 ἀπέθανεν,
930 3665 1045 3735 ἄρα
1081 3669 1137 3721 οἰ
1176 3667 1400 3733 πάντες
1430 3668 1652 3724 ἀπέϐαι-

58 3764 197 3800 νον.
222 3746 338 3806 Καὶ
356 3745 509 3814 ὑπὲρ
528 3746 770 3802 πάντων
788 3750 1108 3810 ἀπέθανεν,
1132 3750 1232 3803 ἵνα
1248 3754 1300 3805 οἱ
1322 3750 1533 3818 ζῶντες
1541 3771 1654 3822 μη-

60 3832 189 3885 κέτι
216 3830 460 3899 ἑαυτοῖς
482 3830 682 3897 ζῶσιν,
716 3834 877 3890 ἀλλὰ
907 3833 989 3900 τῷ
1015 3834 1168 3904 ὑπὲρ
1199 3835 1399 3890 αὐτῶν
1424 3837 1650 3892 ἀποθα-

59 3918 237 3970 νόντι
266 3916 369 3969 καὶ
401 3916 720 3986 ἐγερθέντι.
749 3914 905 3981 Εἶδες
934 3919 1051 3983 πῶς
1076 3920 1302 3983 εἰκότως
1333 3920 1537 3990 ἔλεγεν,
1572 3924 1652 3977 ὅτι

61 3999 326 4068 Συνέχει
348 3999 508 4069 ἡμᾶς
534 4001 572 4070 ἠ
601 4000 803 4071 ἀγάπη
822 4002 932 4056 τοῦ
959 4002 1252 4071 Χριστοῦ;
1288 4002 1349 4057 Εἰ
1379 4005 1490 4076 γάρ
1511 4005 1654 4079 ὑπὲρ

60 4084 425 4154 ὴμῶν,φησὶ,
446 4085 671 4140 πάντων
693 4085 950 4149 ἀπέθανε,
972 4087 1064 4141 διὰ
1075 4087 1236 4142 τοῦτο
1258 4088 1549 4154 ἀπέθανεν,
1569 4090 1655 4144 ἵνα

60 4170 230 4237 ἡμεῖς
256 4169 314 4221 οι
342 4168 548 4234 ζῶντες
584 4170 782 4240 μηκέτι
820 4172 1033 4236 ἑαυτοῖς
1063 4172 1270 4243 ζῶμεν,
1302 4174 1420 4228 ἀλλ’
1460 4176 1655 4247 ἐκείνῳ

57 4253 138 4322 τῷ
170 4252 323 4324 ὑπὲρ
352 4252 511 4324 ἡμῶν
542 4254 868 4309 ἀποθανόντι
902 4257 996 4310 καὶ
1030 4256 1333 4328 ἐγερθέντι.
1360 4258 1655 4329 Δεχώμεθα

58 4336 250 4390 τοίνυν
276 4335 379 4407 τὴν
410 4336 735 4408 παραίνεσιν
763 4338 863 4409 τὴν
887 4330 1270 4412 ἀποστολικὴν,
1298 4343 1394 4396 καὶ
1429 4343 1501 4415 μὴ
1531 4345 1657 4397 ἐαυο

58 4424 175 4484 τοῖς
207 4419 420 4489 ζῶμεν,
447 4422 584 4476 ἀλλά
607 4421 685 4492 τῷ
708 4423 892 4495 ύπέρή
901 4423 1017 4495 μῶν
1039 4425 1359 4481 ἀποθανόντι
1381 4430 1475 4481 καὶ
1499 4431 1657 4500 ἐγερ-

58 4504 233 4558 θέντι.
270 4504 383 4558 Καὶ
416 4504 556 4568 πῶς,
587 4506 743 4576 φησὶ,
777 4506 1123 4578 δυνησόμεθα
1171 4510 1246 4579 μὴ
1279 4511 1492 4575 ἑαυτοῖς
1521 4512 1651 4582 ζῇν;

62 4590 274 4641 Ἀκουε
304 4588 399 4640 τοῦ
433 4590 698 4660 μακαρίου
728 4589 916 4644 τούτου
952 4592 1114 4645 πάλιν
1148 4592 1397 4661 λέγοντος
1416 4614 1428 4626 ·
1466 4595 1557 4649 Ζῶ
1587 4595 1655 4651 δὲ

57 4674 175 4726 οὐκ
212 4672 312 4724 ἔτι
339 4671 473 4740 ἐγὼ,
502 4671 570 4740 ζῇ
595 4673 662 4727 δὲ
697 4675 767 4728 ἐν
787 4675 915 4744 ἐμοὶ
949 4678 1227 4745 Χριστός.
1246 4677 1387 4750 Ὅρα
1418 4679 1535 4744 πῶς
1562 4681 1655 4736 ἐπὶ

58 4756 165 4825 γῆς
203 4754 446 4824 βαδίζων
467 4758 562 4811 καὶ
581 4759 742 4829 σαρκί
759 4776 822 4812 συ
831 4759 1271 4831 μπεπλεγμένος,
1291 4764 1540 4836 καθάπερ
1562 4766 1653 4820 τὸν

56 4839 302 4908 οὐρανὸν
330 4840 517 4905 οἰκῶν,
548 4842 642 4895 καὶ
664 4846 784 4907 ταῖς
811 4845 1126 4915 ἀσωμάτοις
1152 4850 1656 4919 συναναστρεφόμε-

57 4936 148 4983 νος
172 4920 502 4991 δυνάμεσιν,
526 4923 667 4979 οὕτω
681 4926 929 4980 διέκειτο.
950 4929 1047 4982 Διά
1065 4928 1223 4983 τοῦτο
1238 4930 1472 5001 ἀλλαχοῦ
1493 4933 1655 4989 πάλιν

58 5004 257 5071 ἔλεγεν
272 5020 293 5037 ’
322 5008 387 5059 Ol
406 5005 477 5060 δὲ
494 5007 602 5062 τοῦ
617 5010 895 5077 Χριστοῦ,
916 5011 1033 5080 τὴν
1044 5012 1243 5081 σάρκα
1261 5014 1657 5083 ἐσταύρωσαν

57 5088 188 5141 σὺν
207 5086 346 5154 τοῖς
369 5089 680 5158 παθήμασι
706 5094 809 5147 καὶ
829 5094 959 5161 ταῖς
971 5096 1332 5166 ἐπιθυμίαις.
1350 5098 1521 5153 Τοῦτο
1546 5100 1658 5154 τοί-

59 5187 157 5222 νυν
172 5172 304 5224 ἐστὶ
324 5172 383 5225 τὸ
414 5173 488 5244 μὴ
512 5175 725 5240 ἑαυτοῖς
753 5177 872 5248 ζῇν,
889 5178 1029 5233 ἀλλά
1055 5166 1306 5252 τῶ-ΰπὲρ
1336 5181 1495 5252 ἡμῶν
1516 5184 1654 5238 ἀπο-

60 5253 289 5310 θανόντι
318 5257 412 5309 καὶ
437 5258 734 5329 ἐγερθέντι,
760 5260 888 5316 ὅταν
906 5261 1156 5334 καθάπερ
1184 5265 1369 5334 νεκροί
1387 5259 1538 5335 ὦμεν
1558 5265 1655 5320 τοῦ

61 5339 347 5409 παρόντος
377 5341 517 5412 βίου,
552 5344 646 5396 καὶ
681 5344 817 5416 πρὸς
853 5345 1021 5416 μηδὲν
1049 5345 1158 5400 τῶν
1184 5348 1478 5419 ὁρωμένων
1502 5343 1655 5421 ὦμεν

60 5424 426 5495 ἐπτοημένοι.
468 5425 570 5479 Διά
596 5428 702 5498 γάρ
729 5427 887 5481 τοῦτο
913 5431 941 5481 0
965 5429 1244 5500 Δεσπότης
1272 5432 1429 5503 ἡμῶν
1461 5435 1655 5488 ἐσταυά

64 5507 245 5578 ρώθη,
276 5509 368 5561 ἴνα
401 5509 524 5562 ἀντὶ
548 5510 751 5581 ταύτης
776 5512 874 5583 τῆς
899 5512 1044 5583 ζωῆς
1072 5514 1285 5587 ἐκείνην
1316 5516 1656 5584 ἀνταλλαξώ-

66 5592 243 5659 μεθα·
273 5592 479 5663 μᾶλλον
501 5592 579 5655 δὲ,
598 5594 686 5647 ίνα
717 5593 807 5647 διά
828 5595 1031 5666 ταύτης
1056 5599 1269 5667 ἐκείνην
1287 5602 1497 5665 ἑαυτοῖς
1519 5619 1659 5673 πρα-

62 5673 538 5746 γματευσώμεθα.
570 5676 633 5730 Ἢ
659 5677 768 5748 γάρ
799 5679 1047 5749 παροῦσα
1067 5681 1200 5753 ζωὴ,
1227 5684 1320 5736 ἐὰν
1343 5685 1657 5757 βουλώμεθα

62 5761 267 5829 νήφειν
285 5760 380 5813 καὶ
399 5760 779 5832 ἐγρηγορέναι,
799 5763 935 5833 πρὸς
962 5763 1058 5836 τὴν
1080 5766 1375 5822 ἀπόλαυσιν
1397 5770 1493 5841 τῆς
1524 5771 1651 5826 αἰω-

127 5948 150 5972 ⁸
182 5946 422 6007 Quinque
442 5959 557 5998 mss.
586 5946 679 6000 ἀπὸ
702 5947 983 6007 καταϐολῆς.

1098 294 1167 351 IN
1199 294 1352 351 CAP.
1385 293 1506 350 XIII
1539 291 1784 355 GENES.
1824 294 2058 354 ιιοωι..
2090 296 2331 354 XXXIV.

1750 408 1863 464 νίου
1894 411 2042 482 ζωῆς
2070 414 2216 484 ἡμᾶς
2256 411 2467 481 ὁδηγεῖ·
2508 409 2601 463 καί¹
2641 407 3001 482 δυνησόμεθα,
3041 410 3089 463 εἰ
3125 408 3319 481 βουλη-

1750 495 1972 565 θείημεν
2000 497 2191 568 μικρὸν
2214 494 2551 567 διεγερθῆναι
2582 495 2678 548 καὶ
2705 492 2960 558 διανοῖξαι
2988 494 3050 547 τὸ
3073 495 3171 566 τῆς
3205 497 3320 551 δια-

1748 578 1897 643 νοίας
1920 578 2093 648 ὄμμα,
2126 579 2221 646 τῆς
2255 579 2373 631 ἐκεῖ
2406 577 2614 648 λήξεως
2638 577 2736 648 τὴν
2772 577 2979 632 ἔννοιαν
3002 578 3087 631 διὰ
3125 580 3323 644 παντὸς

1745 660 1968 730 τρέφειν
1990 662 2119 731 παρ’
2144 663 2376 727 ἑαυτοῖς,
2402 662 2497 715 καὶ
2511 660 2654 715 οὓτω
2670 660 2739 714 τά
2761 661 2858 730 μὲν
2881 660 3134 731 ὁρώμενα
3152 680 3321 734 παρα-

1748 752 1963 823 τρέχειν
2001 753 2098 807 καὶ
2131 751 2553 823 ὑπερίπτασθαι,
2583 752 2716 823 πρὸς
2748 751 2806 804 δὲ
2840 750 2910 804 τὰ
2939 752 3198 821 μέλλοντα
3232 754 3325 808 καὶ

1748 834 2123 900 διαιωνίζοντα
2146 830 2342 889 τείνειν
2366 834 2458 889 τὸν
2479 834 2757 905 λογισμόνο
2785 834 3036 905 καθάπερ
3061 834 3156 888 καὶ
3180 837 3211 889 0
3231 852 3323 905 μα-

1750 918 1940 988 κάριος
1966 910 2121 982 οὗτος
2148 917 2415 972 παιδεύων
2441 919 2586 989 ἡμᾶς
2607 916 2811 984 ἔλεγεν
2850 919 2909 969 Ὃ
2935 916 3002 969 δὲ
3023 918 3139 973 νῦν
3158 916 3231 979 ζῶ
3257 920 3327 971 ἐν

1749 1000 1953 1070 σαρκί,
1971 1001 2253 1056 ἐνπίστει
2275 1000 2347 1061 ζῶ
2369 997 2444 1070 τῇ
2464 1000 2568 1054 τοῦ
2597 998 2733 1053 Υίοῦ
2758 999 2861 1052 τοῦ
2888 999 3034 1054 Θεοῦ
3064 999 3171 1054 τοῦ
3187 1001 3327 1069 ἀγα-

1750 1084 2064 1154 πήσαντός
2090 1102 2187 1153 με,
2215 1084 2315 1139 καὶ
2346 1083 2717 1152 παραδόντος
2736 1082 2951 1135 ἑαυτὸν
2976 1081 3130 1149 ὑπὲρ
3157 1082 3323 1151 ἐμοῦ.

1829 1167 2061 1240 ς’.”ορα
2083 1167 2258 1238 ψυχὴν
2289 1165 2709 1238 πεπυρωμένην,
2744 1165 2845 1236 ὅρα
2877 1164 3133 1235 λογισμὸν
3166 1168 3327 1217 ἐπτε-

1752 1250 2016 1322 ρωμένον,
2042 1252 2144 1321 ὅρα
2177 1250 2416 1304 διάνοιαν
2445 1248 2802 1319 ἐκκαιομένην
2826 1247 2901 1317 τῷ
2923 1248 3059 1318 πρὸς
3078 1248 3167 1300 τὸν
3198 1248 3332 1303 Θεὸν

1751 1333 1921 1403 πόθῳ.
1947 1336 2009 1386 Ὃ
2038 1334 2157 1388 νῦν
2190 1332 2283 1396 ζῶ,
2322 1332 2507 1404 φησὶν,
2535 1332 2605 1385 ἐν
2641 1331 2839 1385 πίστει
2875 1328 2965 1391 ζῶ.
3000 1331 3089 1401 Μὴ
3111 1332 3218 1402 γὰρ
3245 1348 3332 1384 νο-

1752 1417 1953 1487 μίσητέ
1972 1435 2061 1488 με,
2083 1417 2240 1488 φησί,
2261 1416 2535 1470 συντελεῖν
2556 1434 2607 1468 τι
2624 1417 2704 1479 εἰς
2720 1416 2788 1468 τὰ
2811 1414 2904 1468 τοῦ
2931 1417 3195 1485 παρόντος
3212 1417 3328 1487 βίου

1752 1500 1904 1572 [548]
1937 1502 2260 1572 πράγματα.
2295 1502 2357 1554 El
2390 1500 2499 1572 γάρ
2537 1501 2629 1553 καὶ
2657 1499 2836 1570 σάρκα
2867 1500 3211 1570 περίκειμαι,
3236 1503 3330 1554 καὶ

1750 1585 1872 1646 ταῖς
1893 1585 2163 1652 ἀνάγκαις
2185 1583 2283 1654 τῆς
2305 1584 2519 1653 φύσεως
2539 1583 2797 1654 προσδέδε
2805 1600 2923 1653 μαι,
2944 1582 3058 1635 ἀλλ’
3076 1585 3133 1636 ἐν
3152 1584 3329 1637 πίστει

1753 1666 1851 1730 ζῶ,
1886 1670 1951 1737 τῇ
1979 1670 2058 1731 εἰς
2090 1669 2343 1738 Χριστὸν,
2374 1667 2590 1720 πάντων
2620 1666 2901 1737 ὑπερορῶν
2930 1668 2957 1708 ι)
2984 1667 3093 1721 τῶν
3125 1669 3328 1739 παρόν-

1753 1766 1881 1818 των,
1908 1754 1975 1821 τῇ
1997 1750 2168 1803 ἐλπίδι
2191 1754 2255 1821 τῇ
2278 1753 2356 1814 εἰς
2381 1750 2539 1803 αὐτὸν
2563 1752 2739 1804 πάντα
2763 1751 3142 1821 παρατρέχων,
3178 1754 3330 1805 ἐκτε-

1752 1833 1994 1904 ταμένην
2018 1832 2128 1903 ἔχω
2147 1835 2244 1904 τὴν
2268 1834 2505 1907 διάνοιαν
2522 1834 2658 1905 πρὸς
2688 1833 2869 1886 αὐτόν.
2889 1829 3019 1886 Εἶτα
3044 1835 3131 1887 ἵνα
3152 1835 3330 1907 μάθῃς

1754 1915 1916 1969 αὑτοῦ
1934 1914 2028 1969 τοῦ
2061 1916 2282 1987 φίλτρου
2305 1904 2401 1987 τὴν
2423 1915 2748 1987 ὑπερϐολὴν,
2785 1917 2949 1987 φησίν
2965 1956 2978 1969 .
2997 1917 3100 1971 Ἐν
3129 1904 3331 1971 πίστει

1754 1999 1826 2059 ζῶ
1852 1997 1927 2067 τῇ
1954 1999 2058 2053 τοῦ
2108 1999 2245 2053 Υίοῦ
2277 1999 2384 2053 τοῦ
2424 1998 2572 2054 Θεοῦ
2605 1998 2712 2054 τοῦ
2754 1999 3188 2069 ἀγαπήσαντός
3230 2020 3327 2070 με,

1754 2082 1852 2135 καὶ
1878 2082 2255 2150 παραδόντος
2283 2081 2504 2137 ἑαυτὸν
2537 2082 2690 2150 ὑπὲρ
2720 2082 2888 2151 ἐμοῦ.
2922 2082 3121 2136 Σκόπει
3158 2084 3330 2155 πόσης

1751 2165 1852 2233 τῆς
1875 2166 2290 2237 εὐγνωμοσύνης
2319 2167 2351 2236 ἡ
2379 2165 2676 2235 ὑπερϐολή.
2694 2166 2758 2219 Τί
2786 2165 2984 2234 λέγεις,
3015 2159 3061 2219 ὦ
3092 2166 3330 2237 μακάριε

1753 2250 1966 2314 Παῦλε;
1999 2250 2113 2320 Πρὸ
2157 2249 2355 2321 μικροῦ
2398 2249 2601 2317 ἔλεγες,
2625 2250 2733 2315 Ὃς
2761 2266 2827 2320 γε
2856 2250 2962 2304 τοῦ
3000 2249 3153 2304 ἰδίου
3192 2251 3330 2305 Υίοῦ

1751 2334 1865 2386 οὐκ
1892 2333 2196 2401 ἐφείσατο,
2231 2333 2369 2388 ἀλλ’
2404 2331 2556 2401 ὑπὲρ
2586 2330 2756 2402 ἡμῶν
2796 2333 3039 2387 πάντων
3068 2333 3332 2401 παρέδω-

1753 2428 1860 2469 κεν
1881 2418 2096 2470 αὐτόν·
2138 2417 2232 2469 καὶ
2273 2417 2368 2469 νῦν
2403 2417 2599 2485 λέγεις,
2646 2417 2756 2470 Τοῦ
2784 2415 3212 2485 ἀγαπήσαντός
3238 2434 3330 2486 με,

1754 2499 1848 2551 καὶ
1875 2499 2102 2570 ἰδιοποιῇ
2139 2498 2237 2570 τὴν
2265 2499 2453 2573 κοινὴν
2487 2499 2841 2569 εύεργεσίαν;
2873 2501 3003 2563 Ναὶ,
3049 2499 3245 2571 φησίν·
3283 2502 3333 2552 εἰ

1752 2582 1859 2653 γάρ
1877 2583 1971 2636 καὶ
1987 2583 2127 2653 ὑπὲρ
2144 2583 2347 2647 παντὸς
2366 2583 2462 2636 τοῦ
2477 2584 2586 2637 τῶν
2601 2582 2903 2655 ἀνθρώπων
2919 2584 3107 2651 γένους
3126 2584 3158 2654 ἡ
3174 2581 3333 2635 θυσία

1755 2666 2180 2737 προσενήνεκται
2222 2668 2353 2736 παρ’
2390 2665 2580 2728 αὑτοῦ,
2625 2666 2761 2719 ἀλλά
2800 2665 2888 2720 διά
2916 2665 2977 2719 τὸ
3015 2666 3143 2737 7:591
3171 2666 3334 2719 αὑτὸν

1755 2748 1975 2819 φίλτρον
2007 2766 2108 2820 μου
2148 2749 2257 2820 ἐγὼ
2297 2748 2657 2820 ἰδιοποιοῦμαι
2686 2748 2747 2802 τὸ
2785 2750 3027 2818 γεγονός.
3056 2749 3213 2804 Οῦτω
3239 2751 3334 2804 καὶ

1754 2833 1869 2895 τοῖς
1890 2833 2198 2902 προφήταις
2220 2831 2339 2896 ἐθος
2362 2834 2556 2897 ποιεῖν,
2582 2832 2676 2887 καὶ
2700 2832 2898 2900 λέγειν’
2919 2832 2975 2886 '0
2998 2832 3129 2896 Θεὸς
3150 2833 3178 2886 0
3203 2832 3335 2896 Θείς

1759 2930 1859 2983 μου
1880 2931 1892 2943 ·
1923 2914 2100 2967 καίτοι
2130 2914 2232 2984 τῆς
2259 2916 2585 2985 οίκουμένης
2612 2916 2730 2968 ἐστὶ
2749 2916 2881 2980 Θεός
2901 2929 2916 2945 ⁸
2946 2915 3061 2969 ἀλλ’
3089 2916 3218 2970 ἴδιον
3239 2914 3333 2969 τοῦ

1757 2997 1943 3060 πόθου,
1969 2996 2037 3050 τὰ
2057 2998 2211 3051 κοινὰ
2236 2997 2626 3050 ἰδιοποιεῖσθαι.
2650 2997 2728 3066 Τῇ
2747 2998 2855 3052 τοῦ
2886 2998 3023 3052 Υίοῦ
3040 2998 3145 3053 τοῦ
3164 2998 3334 3064 Θεοῦ,

1757 3079 1908 3150 φησὶ,
1928 3080 2035 3134 τοῦ
2051 3078 2481 3150 ἀγαπήσαντός
2501 3081 2669 3150 με.Τί
2682 3080 2861 3149 λέγεις
2880 3097 2893 3147 ;
2927 3081 2992 3134 Σὲ
3017 3083 3175 3154 μόνον
3194 3082 3335 3153 ἠγά-

1759 3174 1933 3229 πησες
1971 3163 2158 3215 Πᾶσαν
2201 3162 2322 3233 μὲν,
2350 3164 2505 3231 φησὶ,
2536 3163 2634 3234 τὴν
2660 3165 2767 3217 τῶν
2808 3164 3114 3237 ἀνθρώπων
3149 3163 3333 3233 φύσιν,

1760 3244 1877 3297 ἀλλ’
1901 3243 2011 3315 ἐγὼ
2043 3245 2120 3310 ῶς
2162 3245 2321 3317 μόνος
2361 3246 2689 3316 ἀγαπηθεὶς,
2715 3245 2890 3309 οὕτως
2928 3246 3077 3319 αύτῷ
3105 3248 3336 3320 χάριτας

1758 3328 1976 3397 ὀφείλω.
2001 3327 2111 3383 Καὶ
2134 3328 2507 3397 παραδόντος
2525 3328 2746 3384 ἑαυτὸν
2770 3330 2922 3398 ὑπὲρ
2949 3330 3115 3399 ἐμοῦ.
3133 3331 3198 3384 Τί
3223 3328 3337 3398 οὖν,

1757 3412 1896 3483 ὑπὲρ
1922 3412 2014 3466 σοῦ
2047 3413 2207 3483 μόνον
2228 3411 2580 3484 ὲσταυρώθη;
2613 3412 2726 3468 Ούκ
2755 3414 2921 3479 αὐτὸς
2964 3412 3133 3484 λέγει,
3153 3416 3340 3470 Ὅταν

1756 3494 2241 3565 ὑψωθῶβάντας
2262 3495 2505 3550 ἑλκύσω
2530 3495 2678 3564 πρὸς
2691 3497 2973 3567 ἐμαυτόν;
3010 3500 3069 3552 00
3092 3500 3157 3552 σὺ
3178 3500 3338 3564 αὐτὸς

1758 3575 1936 3643 εἶπας,
1963 3580 2129 3633 ὅτι⁹Υ
2126 3575 2234 3652 πὲρ
2256 3578 2426 3650 ἡμῶν
2455 3578 2698 3635 πάντων
2723 3581 3064 3650 παρέδωκεν
3089 3583 3336 3646 ἐαυτόν;

1756 3662 1884 3727 Ναὶ,
1915 3662 2110 3733 φησίψ
2168 3663 2266 3716 ούκ
2320 3662 2729 3734 ἐναντιούμενος
2758 3664 2935 3735 ἐαυτῷ
2960 3665 3132 3720 ταῦτά
3173 3684 3335 3737 φημι,

1756 3745 1893 3801 ἀλλά
1919 3745 2010 3800 τόν
2046 3746 2283 3817 ἐμαυτοῦ
2318 3747 2482 3800 πόθον
2528 3747 3040 3819 παραμυθούμενος.
3081 3752 3191 3803 Καὶ
3236 3753 3337 3820 ὅρα

1759 3829 1917 3882 πάλιν
1953 3831 2049 3883 καὶ
2089 3828 2274 3901 ἔτερόν
2296 3847 2346 3883 τι
2376 3829 2463 3884 διά
2508 3830 2616 3885 τῶν
2647 3832 2955 3904 εἰρημένων
2992 3835 3140 3903 ἡμᾶς
3187 3834 3334 3887 διδά-

1759 3929 1975 3969 σκοντα.
2001 3912 2286 3986 Ἀνωτέρω
2330 3912 2440 3984 γάρ
2486 3913 2656 3967 εἰπὼν
2702 3916 2829 3986 περὶ
2854 3914 2948 3969 τοῦ
2987 3918 3217 3988 Πατρὸς,
3254 3918 3336 3971 ὃτι

1770 3998 1949 4068 ’Υπὲρ
1982 3995 2154 4067 ἡμῶν
2191 3996 2435 4052 πάντων
2473 3998 2819 4067 παρέδωκεν
2848 4000 3056 4065 αὐτὸν,
3104 4000 3337 4055 ἐνταῦθα

1756 4083 1923 4154 λέγει,
1948 4081 2203 4137 Ἑαυτὸν
2234 4082 2579 4152 παρέδωκεν
2603 4098 2617 4113 ο
2668 4083 2786 4136 ἐκεῖ
2818 4084 2934 4154 μὲν,
2965 4084 3055 4138 ἴνα
3084 4084 3181 4156 τὴν
3205 4085 3337 4155 ὁμό-

1758 4185 1906 4222 νοιαν
1926 4166 2076 4240 δείξῃ
2110 4166 2205 4219 καὶ
2234 4167 2335 4238 τὴν
2363 4166 2652 4241 όμοτιμίαν
2681 4167 2893 4239 Πατρὸς
2929 4170 3020 4221 καὶ
3056 4167 3206 4233 Υίοῦ,
3242 4170 3337 4223 καὶ

1757 4254 1856 4327 τὴν
1888 4252 2198 4322 οἰκονομίαν
2230 4262 2252 4291 ο
2289 4251 2590 4321 αίνίξηται·
2626 4253 2746 4305 ἐπεὶ
2784 4254 2877 4306 καὶ
2912 4253 3145 4324 ἀλλαχοῦ
3180 4271 3333 4323 φησι,

1757 4337 2094 4411 Γενόμενος
2121 4335 2390 4403 ὑπήκοος
2411 4334 2591 4405 μέχρι
2620 4335 2898 4400 θανάτου,
2939 4339 3211 4409 πανταχοῦ
3243 4339 3340 4410 τὴν

1756 4420 2064 4490 οἰκονομίαν
2098 4418 2472 4491 πιστούμενος.
2506 4419 2775 4473 Ἐνταῦθα
2803 4420 2860 4473 δὲ
2888 4420 2970 4483 τὸ,
2992 4421 3353 4489 Παρέδωκενί

1757 4505 1996 4565 ἑαυτὸν,
2029 4502 2295 4565 τέθεικεν,
2328 4503 2416 4556 ἵνα
2444 4504 2592 4575 δείξῃ
2616 4505 2697 4557 ὅτι
2728 4505 2868 4557 ἑκὼν
2891 4506 2953 4558 τὸ
2978 4505 3149 4568 πάθος
3174 4523 3338 4560 κατε-

1757 4588 1968 4655 δέξατο,
1986 4588 2079 4641 καὶ
2097 4588 2197 4641 οὐκ
2221 4587 2437 4660 ἀνάγκῃ
2458 4587 2580 4641 ούδέ
2605 4586 2715 4659 βίᾳ,
2740 4586 2875 4641 ἀλλά
2902 4588 3222 4659 βουλόμενος
3246 4592 3349 4644 καὶ·

1760 4671 1929 4725 θέλων
1969 4672 2134 4726 παντὶ
2164 4669 2243 4742 τῷ
2268 4671 2376 4724 τῶν
2408 4669 2710 4743 ἀνθρώπων
2747 4672 2893 4740 γένει
2935 4672 3032 4744 τὴν
3063 4675 3339 4746 σωτηρίαν

1759 4754 2313 4825 πραγματεύσασθαι,
2344 4754 2436 4807 τὸν
2474 4754 2704 4827 σταυρὸν
2739 4756 3020 4826 ὑπέμεινε.
3052 4757 3215 4810 Ποίαν
3245 4753 3337 4811 οὖν

1759 4840 1877 4893 κατ’
1903 4838 2058 4904 ἀξίαν
2081 4837 2301 4909 ἀγάπην
2319 4837 2689 4905 ἐπιδείξασθαι
2712 4839 3069 4910 δυνησόμεθα,
3092 4840 3226 4912 πρὸς
3248 4841 3337 4894 τὸν

1758 4921 1899 4975 οὕτω
1930 4922 2188 4975 πλουσίαν
2214 4923 2310 4994 τὴν
2334 4923 2459 4993 περί
2483 4924 2628 4993 ἡμᾶς
2656 4923 2881 4994 ἀγάπην
2898 4925 3334 4993 ἐπιδειξάμενον;

1758 5006 1879 5060 Κᾶν
1927 5006 2037 5078 γάρ
2079 5006 2249 5077 αὐτὴν
2283 5005 2382 5077 τὴν
2416 5005 2595 5076 ψυχὴν
2621 5005 2882 5077 προέσθαι
2917 5005 3335 5077 καταδεξώμεθα

1759 5090 1898 5161 ὑπέρ
1927 5107 1986 5143 τε
2014 5091 2123 5143 τῶν
2158 5089 2323 5142 αὐτοῦ
2350 5089 2550 5159 νόμων,
2586 5088 2677 5141 καὶ
2708 5089 2808 5159 τῆς
2837 5088 3083 5158 φυλακῆς
3112 5088 3219 5142 τῶν
3254 5091 3338 5141 ἐν-

1757 5172 1928 5227 τολῶν
1956 5171 2065 5227 τῶν
2097 5173 2227 5243 παρ’
2248 5172 2413 5225 αὐτοῦ
2447 5171 2725 5236 δοθεισῶν,
2767 5173 2886 5225 οὐδὲ
2920 5172 3064 5225 οὕτω
3103 5172 3239 5244 πρὸς
3276 5175 3337 5226 τὸ

1763 5255 1961 5327 μέτρον
1992 5255 2194 5325 φθάσαι
2215 5254 2558 5324 δυνησόμεθα
2592 5254 2691 5324 τῆς
2720 5255 2960 5325 ἀγάπης,
2989 5256 3055 5327 ἢν
3088 5258 3216 5325 7:591
3239 5257 3340 5328 τὴν

1761 5338 2037 5409 ἡμετέραν
2066 5338 2378 5403 ἐπεδείξατο
2422 5337 2603 5407 φύσιν.
2630 5338 2801 5403 Αὐτὸς
2839 5339 2937 5409 μὲν
2969 5340 3077 5410 γάρ
3102 5340 3234 5402 Θεὸς
3263 5342 3338 5394 ῶν

1760 5421 1900 5492 ὑπὲρ
1947 5420 2250 5493 ἀνθρώπων
2301 5420 2457 5474 τοῦτο
2499 5421 2857 5487 κατεδέξατο,
2903 5425 2996 5476 καί
3058 5427 3332 5495 Δεσπότης

1757 5504 2041 5575 τυγχάνων
2065 5506 2203 5576 ὑπὲρ
2226 5504 2448 5570 δούλων,
2486 5506 2579 5560 καὶ
2609 5505 2706 5576 οὐχ
2735 5506 2877 5579 ὑπὲρ
2901 5506 3102 5560 δούλων
3126 5508 3336 5572 ἁπλῶς,

1760 5587 1895 5642 ἀλλά
1932 5589 2027 5642 καὶ
2069 5588 2400 5660 ἀγνωμόνων
2432 5587 2524 5642 καὶ
2571 5589 2772 5658 πολλὴν
2815 5591 2907 5643 καὶ
2947 5592 3211 5645 ἄσπονδον
3242 5591 3339 5661 τὴν

1761 5672 1956 5745 ἐχθραν
1974 5672 2454 5745 ἐπιδεικνυμένων.
2488 5674 2598 5727 Καὶ
2629 5674 2790 5739 αὐτὸς
2818 5676 2916 5746 μὲν
2948 5674 3236 5746 προλαϐὼν
3260 5676 3336 5738 είς

1826 5833 1855 5873 b
1880 5832 1961 5904 Sjc
1981 5832 2130 5904 ξρνίι.
2154 5841 2205 5885 el
2226 5840 2418 5900 seplcm
2440 5850 2550 5904 mss.
2567 5837 2745 5904 Morel.
2767 5842 2963 5904 ὓφορῶν.
3037 5845 3059 5872 ε
3082 5842 3341 5904 Οἰκονομία

1764 5909 1877 5945 cum
1894 5896 1955 5966 dp
1977 5897 2167 5966 (ξίιι-ῖειο
2185 5906 2265 5947 est
2281 5896 2462 5958 iet-mo,
2475 5902 2537 5950 de
2567 5896 2899 5953 lucamatibde
2923 5901 3237 5966 intelligitur,
3260 5896 3341 5952 Inc

1768 5971 1884 6008 vero
1908 5959 1969 6010 de
1994 5959 2247 6025 Passioue,
2274 5970 2328 6013 ut
2350 5976 2408 6013 ex
2431 5969 2564 6013 serio
2603 5966 2759 6027 lnquel
3087 5959 3114 5966 ⁷
3226 5959 3253 6003 ἰ

3200 296 3322 353 εἴ)Ξο
3422 286 3425 287 ν
