3750 6242
94 285 185 343 δὶΙ
1044 283 1110 340 IN
1146 281 1295 340 CAP.
1335 271 1470 336 XIV.
1513 273 1756 335 GENES.
1799 272 2027 333 HOMIL.
2066 275 2279 333 XXXV.

92 400 344 458 inimicis.
388 400 452 455 Et
483 398 596 470 ipse
623 398 769 470 prior
797 397 850 453 in
893 394 1138 468 indignos
1183 405 1239 453 et
1279 394 1471 452 millies
1494 393 1669 463 lapsos

96 502 301 547 tantam
324 490 548 546 contulit
592 488 994 545 beneficentiam
1035 508 1048 544 :
1098 502 1197 542 nos
1242 494 1417 542 autem
1461 482 1668 538 etiamsi

93 586 353 639 faciamus
392 596 740 653 quaecumque
783 580 1109 650 poterimus,
1139 578 1269 633 nihil
1298 591 1544 648 magnum
1588 573 1668 627 fa-

90 679 300 731 ciemus
319 719 335 743 ,
363 686 421 731 ut
445 676 493 731 ei
523 675 611 745 qui
653 690 751 728 nos
777 675 935 729 tantis
966 671 1237 728 beneflciis
1266 669 1539 741 przevenit,
1570 668 1670 723 ali-

90 767 217 838 quid
265 768 639 838 rependamus.
671 765 861 821 Nostra
910 765 1052 820 enim
1082 806 1098 828 ,
1143 763 1187 818 si
1212 776 1314 833 qua
1341 768 1662 830 sequuntur,

91 860 372 914 retributio
399 858 613 929 quidem
640 868 763 912 sunt
788 866 844 912 et
870 855 1143 919 debitum;
1174 853 1315 908 illius
1339 861 1514 905 autem
1543 859 1668 904 sunt

88 950 257 1019 gratia
303 959 360 1005 et
402 948 697 1015 beneficia,
725 948 1127 1021 largitionisque
1167 942 1493 1016 magnitudo.
1541 942 1667 997 flare

86 1041 251 1110 igitur
280 1041 456 1096 omnia
505 1041 836 1110 cogitantes,
886 1039 1167 1110 diligamus
1211 1036 1480 1093 Christum
1528 1035 1667 1091 sicut

87 1130 289 1186 Paulus
336 1132 507 1202 ipsum
554 1131 781 1198 dilexit,
809 1130 1113 1199 nullamque
1142 1128 1481 1200 praesentium
1512 1127 1667 1181 ratio-

84 1238 207 1277 nem
238 1221 547 1287 habeamus,
567 1222 662 1276 sed
685 1230 995 1291 perpetuum
1012 1219 1126 1290 ejus
1146 1232 1382 1274 amorem
1413 1218 1463 1271 in
1490 1216 1664 1271 anima

86 1321 275 1367 nostra
324 1312 532 1366 firmum
577 1319 631 1366 et
676 1310 917 1366 stabilem
956 1324 1249 1366 servemus.
1292 1307 1369 1363 Ita
1415 1308 1557 1364 enim
1613 1315 1667 1362 et

80 1403 265 1456 omnia
295 1418 414 1471 qua:
454 1403 507 1456 in
544 1401 643 1457 hac
667 1402 773 1456 vita
802 1411 944 1468 sunt,
975 1400 1355 1463 deridebimus.
1386 1409 1440 1456 et
1468 1407 1662 1454 terram

80 1495 234 1561 quasi
262 1495 448 1548 caelum
472 1494 903 1560 inhabitabimus,
931 1508 1103 1563 neque
1128 1508 1193 1548 ex
1213 1492 1481 1565 prosperis
1505 1491 1664 1546 rebus

83 1582 426 1638 remissiores
441 1584 660 1647 erimus,
678 1597 851 1653 neque
865 1598 928 1638 ex
946 1582 1183 1638 adversis
1197 1581 1627 1639 contristabimur
1646 1598 1660 1635 :

80 1676 178 1729 sed
207 1674 460 1730 omnibus
500 1673 781 1744 prateritis
810 1674 876 1730 ad
922 1674 1203 1729 amabilem
1250 1672 1530 1728 Dominum
1563 1686 1662 1725 no-

81 1778 257 1821 strum
288 1766 411 1823 hinc
436 1766 824 1831 festinabimus,
871 1781 1044 1835 neque
1069 1764 1374 1820 dilationem
1398 1764 1662 1834 gravatim

79 1859 344 1923 feremus,
373 1857 467 1913 sed
496 1873 636 1914 nunc
662 1866 717 1914 et
744 1873 841 1913 nos
864 1858 1004 1913 sicut
1034 1857 1218 1912 beatus
1262 1856 1353 1911 ille
1381 1856 1620 1911 dicemus
1642 1896 1659 1922 ,

81 1953 237 2018 Quod
258 1966 390 2005 nunc
416 1951 624 2005 uiuimus
651 1952 704 2006 in
731 1966 902 2016 carne,
934 1950 987 2004 in
1014 1949 1117 2018 ﬁde
1152 1949 1360 2003 vivimus
1382 1946 1509 2002 Filii
1544 1947 1658 2012 Dei,

75 2045 161 2112 qui
189 2044 372 2098 dilexit
415 2060 527 2112 nos,
557 2053 602 2098 et
628 2045 947 2113 semetipsum
975 2041 1183 2097 tradidit
1212 2057 1304 2112 pro
1338 2040 1480 2094 nobis
1516 2038 1658 2114 (Gal.

74 2136 129 2188 2.
173 2135 313 2208 20):
345 2146 401 2190 ut
427 2145 483 2191 et
508 2147 823 2206 praesentem
852 2136 1013 2189 vitam
1042 2135 1242 2204 absque
1278 2147 1508 2189 mterore
1537 2147 1659 2202 per-

76 2228 347 2293 ﬁciamus,
396 2236 451 2282 et
496 2226 685 2282 futuris
715 2227 869 2282 bonis
909 2226 1009 2280 frui
1039 2238 1372 2290 mereamur,
1414 2222 1580 2294 gratia
1608 2230 1662 2277 et

75 2318 451 2373 misericordia
493 2319 698 2373 Domini
739 2318 906 2372 nostri
946 2318 1073 2373 Jesu
1115 2315 1349 2383 Christi,
1392 2330 1512 2370 cum
1554 2329 1661 2385 quo

76 2413 225 2466 Patri
261 2420 317 2465 et
346 2410 565 2481 Spiritui
594 2420 780 2467 sancto
808 2411 878 2465 sit
897 2410 1080 2481 gloria,
1114 2408 1417 2478 imperium,
1466 2407 1654 2474 honor,

77 2519 225 2558 nunc
247 2512 301 2558 et
330 2518 560 2573 semper,
594 2504 717 2559 etin
743 2504 935 2558 smcula
956 2502 1297 2558 saeculorum.
1326 2502 1514 2554 Amen.

605 2634 883 2691 HOMILIA
919 2633 1138 2695 XXXV.

74 2745 299 2799 Factum
327 2755 399 2800 est
438 2756 604 2802 autem
634 2748 686 2801 in
714 2763 868 2817 regno
892 2745 1208 2815 Amarpltath
1246 2745 1376 2814 regis
1403 2743 1655 2809 Sennaar,

146 2838 343 2893 Axioch
385 2854 477 2892 rea:
502 2839 715 2905 Alasar,
758 2847 805 2892 et
829 2836 1234 2908 Chodologomor
1270 2852 1361 2890 rea:
1400 2834 1580 2899 Elam,
1612 2843 1660 2888 et

149 2929 413 2985 Thartltac
439 2945 530 2983 rea:
551 2930 771 3000 gentium
795 2937 1051 3000 gesserunt
1076 2928 1400 2983 bellumeum
1426 2942 1539 2997 rege
1560 2926 1660 2981 So—

140 3020 418 3075 domorum
448 3019 608 3091 (Gen.
638 3021 723 3074 14.
751 3021 802 3074 1.
833 3018 922 3091 2).

144 3131 200 3185 ι.
235 3127 408 3183 Lectio
434 3128 716 3199 Scriptura
740 3128 1136 3183 commendatur.
1162 3127 1433 3198 --lngens
1459 3128 1656 3182 bonum

69 3232 177 3285 est,
210 3221 566 3286 dilectissimi,
593 3220 891 3276 divinarum
913 3222 1305 3290 Scripturarum
1331 3221 1510 3276 lectio.
1534 3221 1667 3276 Haec

67 3315 221 3369 enim
268 3314 502 3367 animam
552 3328 677 3368 vera
722 3312 1059 3383 philosophia
1106 3314 1417 3369 instructam
1458 3314 1653 3381 reddit,

69 3408 191 3462 haec
219 3408 272 3461 in
305 3406 494 3461 czclum
527 3414 758 3461 mentem
786 3405 1066 3472 transfert,
1100 3405 1215 3461 lucc
1242 3420 1533 3461 memorem
1561 3406 1656 3462 be-

67 3500 249 3554 neficii
303 3498 479 3554 reddit
507 3497 775 3552 hominem
802 3539 818 3564 ,
851 3497 966 3553 hate
1008 3496 1133 3552 facit
1174 3513 1241 3554 ne
1279 3497 1564 3569 quidquam
1590 3514 1657 3553 ex

66 3593 235 3647 rebus
270 3591 625 3661 praesentibus
670 3589 1027 3656 admiremur,
1070 3589 1165 3645 sed
1210 3599 1268 3645 ut
1307 3601 1562 3661 perpetuo
1602 3590 1655 3645 in

63 3685 172 3738 alia
206 3684 318 3738 vita
349 3692 527 3737 mente
557 3690 735 3737 nostra
765 3698 1041 3738 versemur
1059 3724 1074 3747 ,
1102 3690 1157 3737 et
1181 3682 1248 3737 ad
1275 3682 1480 3737 Domini
1510 3698 1654 3738 mer-

62 3776 259 3832 cedem
303 3776 652 3846 respicientes
692 3776 868 3832 omnia
909 3791 1231 3845 operemur,
1278 3776 1656 3848 alacritateque

64 3883 265 3936 magna
293 3866 546 3922 virtutum
575 3866 783 3923 labores
807 3868 1196 3938 aggrediamur.
1224 3868 1300 3923 Ex
1332 3869 1459 3939 ipsis
1487 3869 1656 3925 disce-

62 3976 124 4014 re
153 3960 286 4014 licet
318 3958 409 4014 Dei
438 3959 685 4015 celeriter
723 3959 1081 4016 succurrentis
1117 3959 1528 4029 providentiam,
1563 3961 1653 4031 ju-

59 4061 276 4106 storum
310 4049 697 4116 fortitudinem,
730 4050 940 4105 Domini
970 4050 1280 4117 bonitatem,
1314 4051 1653 4121 praemiorum

58 4144 517 4215 magnitudinem.
558 4142 694 4198 llinc
735 4157 1019 4211 possumus
1060 4142 1129 4198 ad
1170 4143 1563 4198 aemulationem
1600 4153 1655 4200 et

58 4236 429 4291 imitationem
475 4235 822 4304 philosophize
868 4249 1248 4305 generosarum
1278 4234 1511 4289 virorum
1556 4250 1654 4290 ex-

56 4328 260 4391 citari,
292 4335 352 4380 ut
383 4340 489 4381 non
522 4334 887 4394 torpescamus
916 4327 968 4380 in
998 4324 1207 4388 virtutis
1233 4326 1650 4391 certaminibus;

52 4420 155 4474 sed
186 4416 526 4473 confidamus
556 4416 750 4470 divinis
779 4416 1218 4487 promissionibus
1237 4457 1252 4480 ,
1300 4417 1458 4471 etiam
1498 4426 1645 4471 ante-

50 4524 226 4577 quam
273 4509 542 4562 eveniant.
592 4505 818 4561 Proinde
860 4520 1047 4574 magna
1092 4504 1363 4574 diligentia
1389 4546 1403 4570 ,
1449 4520 1649 4575 qumso,

50 4598 373 4652 divinarum
415 4596 808 4667 Scripturarum
849 4596 1061 4651 lectioni
1089 4610 1355 4652 vacemus.
1396 4596 1470 4652 lta
1509 4598 1650 4652 enim

47 4701 109 4747 et
135 4690 428 4745 scientiam
466 4705 834 4758 assequemur,
880 4688 923 4744 si
970 4687 1034 4742 ad
1077 4703 1161 4751 ea,
1208 4704 1326 4756 quae
1368 4689 1439 4743 ibi
1481 4691 1651 4760 posita

49 4791 211 4847 sunt,
240 4780 555 4849 frequenter
582 4779 915 4835 accedamus.
945 4778 1125 4849 Neque
1146 4779 1289 4834 enim
1316 4779 1429 4834 fieri
1458 4790 1646 4849 potest,

48 4885 109 4929 ut
139 4875 192 4928 is
224 4872 320 4942 qui
350 4871 545 4927 divinis
573 4871 861 4941 Scripturis
897 4885 1089 4941 magno
1115 4870 1291 4927 studio
1321 4870 1652 4941 ferventique

44 4962 339 5021 desiderio
364 4971 547 5026 vacat,
578 4974 827 5031 umquam
858 4962 1187 5031 negligatur;
1232 4961 1326 5018 sed
1357 4962 1481 5019 licet
1508 4962 1644 5019 desit

45 5056 221 5113 nobis
269 5052 501 5109 hominis
530 5051 927 5123 magisterium,
978 5052 1093 5123 ipse
1129 5052 1385 5109 Dominus
1420 5069 1649 5124 superne

44 5155 251 5203 nostra
281 5145 334 5198 in
361 5143 522 5199 corda
549 5145 755 5199 intrans
789 5144 1017 5200 illustrat
1044 5154 1276 5201 mentem
1297 5186 1313 5210 ,
1341 5146 1533 5201 rationi
1556 5146 1646 5216 ju-

42 5238 155 5293 δεῖ
206 5249 369 5290 suum
416 5233 677 5301 infundit,
722 5235 924 5305 detegit
969 5236 1208 5302 occulta,
1254 5236 1545 5308 doctorque
1592 5240 1649 5295 fit

38 5342 255 5383 eorum
284 5341 405 5395 quae
447 5325 786 5396 ignoramus;
833 5336 1034 5383 tantum
1080 5329 1123 5383 si
1165 5345 1263 5385 nos
1304 5347 1423 5401 quae
1467 5343 1646 5388 nostra

42 5427 186 5473 sunt
226 5415 423 5471 afferre
452 5418 698 5473 velimus.
731 5417 814 5473 Ne
840 5421 1022 5474 vocetis
1050 5421 1192 5475 enim
1212 5462 1228 5487 ,
1258 5423 1457 5493 inquit,
1487 5426 1647 5496 magi-

37 5524 224 5567 stram
253 5525 409 5579 super
437 5518 621 5564 terram
650 5508 869 5582 (Matth.
903 5510 993 5568 25.
1022 5511 1117 5582 8).
1150 5512 1378 5583 Quando
1404 5515 1561 5586 igitur
1589 5523 1645 5573 tn

41 5617 257 5659 manus
294 5600 622 5671 Spiritualem
666 5603 857 5659 librum
896 5606 1155 5676 capimus,
1202 5607 1405 5663 intenta
1445 5618 1642 5675 mente,

36 5691 305 5759 collectis
336 5687 674 5763 reductisque
712 5694 1153 5767 cogitationibus,
1187 5698 1433 5769 omnique
1458 5714 1639 5759 saecu-

3236 280 3343 338 32!

1776 387 1872 442 lari
1902 403 2027 444 cura
2054 388 2309 460 depulsa,
2351 390 2563 449 lectioni
2606 392 2973 453 incumbamus
2997 410 3115 453 cum
3153 415 3343 471 magna

1773 476 1967 548 pietate
1994 490 2052 535 et
2079 482 2404 549 attentione,
2449 492 2507 539 ut
2550 485 2817 556 possimus
2860 502 2890 543 a
2930 500 3115 545 saneto
3144 489 3346 560 Spiritu

1770 568 1837 623 ad
1867 570 2183 641 scriptorum
2228 574 2627 647 intelligentiam
2673 577 2832 646 duci,
2872 589 2926 636 et
2969 582 3191 637 multum
3222 584 3346 640 inde

1770 658 2002 716 fructum
2033 666 2325 736 percipere.
2357 668 2486 723 Nam
2519 670 2775 727 barbarus
2801 673 2889 729 ille
2916 675 3113 743 regina:
3133 674 3344 732 Ethio-

1770 767 1896 822 pum
1950 756 2260 825 eunuchus,
2293 761 2381 830 qui
2426 761 2480 816 in
2512 769 2654 818 tanta
2698 774 2814 821 erat
2857 766 3045 835 gloria,
3088 777 3144 824 et
3184 784 3343 826 curru

1768 843 2059 901 vehebatur
2082 847 2216 919 (Act.
2245 849 2322 921 8),
2347 866 2414 907 nc
2437 852 2531 908 illo
2551 855 2763 925 quidem
2794 866 3035 928 tempore
3061 860 3343 918 lectionem

1770 937 2109 1008 negligebat;
2139 943 2232 998 sed
2264 943 2578 1014 pmphetam
2607 947 2661 1002 in
2689 950 2933 1007 manibus
2962 952 3159 1009 habens
3180 996 3197 1021 ,
3232 970 3346 1009 ma-

1767 1043 1928 1098 gnum
1961 1029 2175 1087 lectioni
2200 1034 2485 1090 adhibebat
2511 1037 2767 1107 studium,
2801 1040 2957 1113 idque
2984 1045 3195 1099 nescius
3217 1044 3343 1115 quid

1770 1118 1821 1171 in
1853 1117 2002 1175 libris
2039 1122 2442 1180 contineretur:
2473 1135 2705 1184 attamen
2746 1130 2868 1200 quia
2909 1130 3164 1188 afferebat
3191 1135 3346 1205 quid-

1768 1207 1893 1277 quid
1925 1210 1977 1264 in
2008 1224 2070 1267 se
2095 1221 2232 1281 erat,
2268 1230 2460 1286 nempe
2483 1218 2715 1273 studium
2735 1260 2749 1285 ,
2778 1220 3133 1289 alacritatem,
3163 1234 3341 1281 atten-

1769 1299 1964 1354 tionem
1984 1343 1999 1368 ,
2032 1301 2305 1360 doctorem
2331 1318 2518 1365 nactus
2546 1318 2644 1364 est.
2673 1311 2857 1381 Cogita
2886 1314 3030 1369 enim
3052 1357 3067 1381 ,
3096 1316 3351 1384 obsecro,

1767 1399 2022 1458 quantum
2047 1404 2161 1448 erat
2190 1410 2362 1466 neque
2395 1398 2457 1451 in
2498 1398 2685 1456 itinere
2727 1401 3010 1459 lectionem
3052 1390 3354 1478 negligere,

1765 1487 1829 1533 et
1847 1484 2141 1549 praesertim
2177 1485 2451 1542 sedentem
2481 1490 2534 1543 in
2561 1505 2739 1546 curru.
2781 1492 3012 1549 Audiant
3041 1499 3355 1568 exemplum

1767 1568 1803 1623 ii
1832 1571 1920 1641 qui
1947 1587 2118 1643 neque
2141 1573 2283 1631 domi
2310 1586 2367 1631 ut
2391 1577 2491 1634 hoc
2517 1578 2729 1646 faciant,
2760 1586 3064 1653 persuaderi
3097 1599 3353 1657 possunt,

1765 1661 1860 1717 sed
1910 1672 2154 1733 putantes
2200 1683 2581 1737 supervacuam
2627 1687 2746 1729 esse
2791 1674 2982 1730 horum
3035 1678 3337 1745 lectionem.

1766 1754 1888 1825 quia
1914 1756 1997 1812 vel
2022 1773 2140 1812 cum
2180 1761 2402 1817 muliere
2432 1762 2704 1831 habitant,
2736 1767 2819 1821 vel
2861 1769 3061 1824 militia:
3087 1772 3341 1844 adscripti

1765 1857 1887 1900 sunt
1911 1888 1927 1913 ,
1972 1847 2057 1902 vel
2087 1863 2374 1919 puerorum
2405 1862 2461 1908 et
2499 1869 2773 1909 servorum
2812 1858 3144 1930 aliorumque
3173 1878 3337 1933 nego-

1765 1936 1958 1992 tiorum
1985 1948 2145 2009 agunt
2170 1954 2351 1996 curam
2373 1982 2388 2008 ,
2432 1958 2539 1999 non
2576 1948 2863 2003 convenire
2902 1948 3002 2004 sibi
3033 1952 3335 2021 opinantur,

1766 2034 1822 2082 ut
1845 2026 2038 2083 divina:
2066 2030 2354 2101 Scriptura:
2393 2034 2609 2091 lectioni
2650 2037 2976 2097 incumbant.
3022 2042 3162 2100 Ecce
3195 2045 3337 2100 enim

1763 2118 1851 2175 hic
1869 2121 2145 2178 eunuchus
2169 2134 2223 2179 et
2242 2124 2518 2193 barbarus,
2542 2144 2660 2199 qua:
2679 2140 2904 2203 utraque
2922 2134 2987 2188 ad
3010 2135 3338 2195 reddendum

1764 2211 2204 2283 negligentiorem
2241 2215 2593 2283 sufﬁciebant.
2619 2229 2674 2277 et
2701 2221 2766 2277 ad
2794 2222 2907 2280 haec
2928 2224 3196 2296 dignitatis
3221 2243 3337 2285 am-

1764 2302 1966 2372 plitudo
1990 2314 2045 2359 et
2068 2320 2228 2375 epum
2253 2307 2574 2365 abundantia
2603 2328 2617 2365 :
2650 2312 2785 2368 adde
2809 2314 2950 2384 quod
2978 2326 3033 2371 et
3060 2316 3112 2371 in
3145 2317 3339 2376 itinere

1762 2403 1878 2450 erat
1899 2405 1952 2451 et
1981 2411 2139 2451 curru
2170 2396 2440 2454 ferebatur
2466 2418 2478 2455 :
2512 2400 2615 2455 hoc
2641 2404 2783 2457 enim
2814 2405 2973 2459 modo
2998 2406 3100 2463 iter
3125 2408 3341 2467 facienti

1764 2500 1870 2541 non
1895 2495 1978 2542 est
2002 2485 2157 2543 facile
2188 2488 2404 2545 lectioni
2434 2505 2553 2547 esse
2578 2501 2838 2548 attentum
2858 2536 2874 2562 ,
2902 2496 3011 2552 imo
3036 2498 3190 2554 valde
3220 2516 3339 2556 mo-

1763 2576 1953 2631 lestum
1984 2595 1998 2630 :
2031 2587 2265 2635 attamen
2292 2579 2613 2636 desiderium
2643 2592 2699 2639 et
2740 2585 2973 2640 studium
3014 2590 3191 2645 omnia
3232 2590 3337 2647 im-

1765 2667 2069 2737 pedimenta
2097 2686 2129 2725 e
2157 2670 2335 2727 medio
2364 2672 2667 2743 auferebat,
2698 2684 2751 2730 et
2780 2676 2993 2734 lectioni
3019 2680 3108 2735 ille
3136 2681 3341 2738 incum-

1765 2760 1954 2828 bebat,
2001 2777 2102 2818 nec
2131 2763 2340 2819 dicebat
2387 2781 2449 2822 ea
2479 2782 2598 2837 quae
2639 2783 2780 2825 nunc
2826 2764 3068 2842 plerique
3108 2773 3288 2831 dicunt
3320 2794 3334 2831 :

1761 2850 1877 2906 Non
1904 2852 2142 2921 intelligo
2170 2868 2233 2909 ea
2262 2870 2381 2925 quae
2406 2857 2603 2927 scripta
2633 2868 2778 2926 sunt,
2808 2875 2913 2916 non
2944 2876 3157 2931 possum
3185 2866 3339 2922 intel-

1763 2942 1927 3012 ligere
1953 2943 2365 3013 profunditatem
2396 2946 2790 3018 Scripturarum
2818 2968 2831 3004 :
2861 2967 3025 3022 quare
3064 2953 3256 3012 frustra
3285 2967 3342 3015 et

1762 3032 2027 3090 incassum
2054 3034 2291 3092 laborem
2320 3038 2640 3094 sustinerem
2681 3041 2926 3113 legendo,
2952 3044 3078 3100 dum
3106 3061 3211 3102 non
3239 3047 3339 3105 ha-

1762 3124 1864 3180 beo
1902 3126 1992 3197 qui
2040 3126 2455 3197 interpretetur?
2498 3129 2638 3185 Nihil
2689 3132 2878 3189 borum
2921 3136 3185 3207 cogitabat
3228 3139 3336 3208 ille,

1762 3215 1938 3288 lingua
1967 3217 2181 3287 quidem
2220 3219 2478 3276 barbarus
2497 3263 2511 3287 ,
2545 3231 2725 3279 mente
2751 3233 2928 3281 autem
2955 3226 3336 3300 philosophus;

1761 3306 1855 3361 sed
1881 3307 2121 3377 cogitans
2152 3310 2327 3379 potius
2354 3325 2415 3366 se
2455 3326 2558 3367 non
2587 3323 2947 3386 contemptum
2991 3318 3090 3387 iri,
3123 3322 3215 3378 sed
3242 3338 3337 3379 su-

1761 3413 1923 3469 perna
1950 3402 2119 3470 gratia
2146 3402 2533 3473 adjuvandum,
2566 3406 2724 3461 modo
2749 3409 2888 3478 quod
2917 3426 3069 3467 suum
3097 3423 3213 3469 erat
3243 3431 3339 3485 pro

1760 3491 1960 3546 viribus
1985 3492 2253 3559 adferret,
2285 3495 2501 3549 lectioni
2533 3497 2891 3555 incumbebat.
2925 3502 3209 3574 Propterea
3240 3505 3338 3564 be-

1761 3583 1957 3653 nignus
1984 3585 2240 3641 Dominus
2269 3588 2435 3658 ipsius
2458 3589 2643 3645 videns
2667 3590 3010 3663 desiderium,
3037 3613 3158 3654 eum
3181 3600 3338 3657 mini-

1763 3690 1849 3730 me
1873 3676 2137 3746 neglexit,
2169 3692 2341 3748 neque
2369 3694 2461 3733 sua
2500 3696 2628 3736 cura
2672 3681 2943 3750 destituit,
2972 3686 3066 3741 sed
3098 3691 3352 3757 protinus

1760 3767 1860 3836 ipsi
1885 3768 2159 3823 doctorem
2187 3770 2350 3825 misit.
2380 3771 2458 3826 Tu
2484 3782 2660 3828 autem
2689 3777 2929 3844 expende
2951 3781 3218 3848 quomodo
3243 3799 3338 3840 ex-

1759 3861 2108 3929 spectaverit,
2141 3871 2197 3917 ut
2225 3862 2339 3933 ipse
2366 3879 2484 3935 quae
2524 3865 2692 3934 ipsius
2730 3877 2883 3923 erant
2910 3870 3054 3939 prius
3078 3871 3332 3943 adferret,

1757 3961 1813 4007 et
1845 3962 1969 4007 tunc
1999 3967 2151 4011 suum
2198 3952 2445 4023 patefecit
2473 3956 2745 4011 auxilium.
2788 3957 2921 4013 Cum
2962 3959 3121 4031 igitur
3156 3965 3336 4023 omnia

1761 4042 1992 4113 perfecta
2022 4052 2079 4098 et
2107 4043 2347 4100 absoluta
2377 4054 2557 4100 essent
2580 4062 2698 4117 quae
2724 4048 2792 4102 ab
2822 4050 2914 4106 illo
2954 4051 3158 4109 fuerant
3180 4054 3334 4112 exhi-

1758 4134 1929 4190 benda
1954 4176 1967 4200 ,
2000 4134 2254 4205 deinceps
2283 4137 2502 4207 angelus
2539 4138 2748 4194 Domini
2792 4139 3033 4212 Philippo
3071 4149 3357 4216 apparuit,-

1757 4228 1943 4283 dicens
1972 4244 1985 4281 :
2015 4226 2181 4299 Surge
2208 4238 2255 4282 et
2277 4229 2402 4283 vade
2426 4230 2495 4283 ad
2522 4231 2653 4284 viam
2680 4248 2793 4300 qua:
2817 4233 3069 4288 descendit
3093 4236 3154 4290 ab
3176 4236 3361 4292 Jeru-r-

1756 4321 1913 4372 salem
1940 4319 1994 4373 in
2022 4318 2253 4387 Gazam;
2284 4321 2390 4376 hare
2416 4330 2488 4376 est
2516 4323 2728 4377 deserta.
2765 4324 2831 4378 Et
2860 4342 3000 4393 ecce,
3031 4327 3200 4399 inquit
3219 4372 3232 4393 ,
3263 4333 3337 4385 uir

1750 4410 2022 4483 .Etltiups,
2053 4417 2323 4485 praefectus
2348 4416 2603 4470 eunuchus
2632 4415 2889 4474 Candaces
2918 4422 3105 4491 regina:
3124 4422 3336 4476 ΛΕιΙιὶο.

1758 4521 1913 4576 pum,
1943 4507 2030 4576 qui
2057 4517 2255 4560 venerat
2280 4507 2585 4563 adoraturus
2611 4509 2663 4563 in
2685 4509 3009 4578 Jerusalem;
3048 4524 3093 4569 et
3116 4516 3223 4585 ipse
3250 4535 3334 4570 reo

1756 4598 2037 4651 vertebatur
2090 4598 2269 4651 sedens
2325 4614 2476 4667 super
2533 4616 2736 4654 currum
2798 4618 2980 4670 suum,
3049 4605 3336 4681 legebamus

1755 4688 1950 4744 Isaiam
1973 4689 2266 4761 praphetam
2289 4689 2420 4762 (Act.
2446 4691 2498 4747 8.
2527 4690 2882 4761 26-28).Vide
2907 4709 3339 4765 quamaccurate

1756 4780 1909 4835 nobis
1934 4781 2165 4835 narrarit
2191 4782 2278 4852 qui
2310 4781 2500 4837 librum
2540 4784 2785 4854 scripsit,
2817 4785 3001 4842 dicens
3020 4827 3036 4852 ,
3066 4787 3332 4859 Ethiops,

1754 4881 1814 4926 ut
1841 4872 1987 4926 illum
2019 4872 2301 4928 barbarum
2344 4887 2466 4929 esse
2493 4889 2933 4945 cognosceremus
2961 4895 2974 4932 :
3006 4877 3199 4934 deinde
3235 4882 3329 4947 ait,-

1757 4963 2069 5033 Prwfectus,
2100 4980 2206 5036 quo
2233 4966 2449 5021 nomine
2479 4969 2740 5023 maximus
2767 4968 3035 5039 dignitatis
3062 4970 3232 5027 honor
3259 4977 3335 5030 si—

1753 5054 2070 5123 gnificatur;
2104 5055 2205 5123 Qui
2228 5065 2450 5123 venerat,
2480 5056 2681 5126 inquit,
2713 5058 3017 5114 adoratum
3043 5061 3096 5115 iu
3120 5060 3331 5117 Jerusa.

1752 5148 1868 5201 lem.
1918 5145 2052 5202 Vide
2094 5148 2254 5203 etiam
2300 5148 2738 5218 peregrinationis
2784 5164 3038 5218 causam,
3084 5151 3327 5210 idoneam

1754 5255 1872 5309 quis
1903 5239 2063 5293 animi
2108 5238 2273 5308 ipsius
2302 5240 2551 5309 pietatem
2589 5239 2825 5297 declaret
2856 5260 2869 5295 :
2901 5243 3145 5312 expende
3185 5246 3328 5301 enim

1751 5339 2005 5399 quantum
2050 5328 2259 5384 itineris
2298 5330 2595 5400 susceperit
2636 5340 2697 5386 ut
2737 5331 3016 5387 Dominum
3058 5334 3326 5392 adoraret.

1749 5423 1901 5479 Tunc
1927 5423 2067 5477 enim
2102 5422 2276 5477 adhuc
2300 5421 2534 5476 divinum
2566 5424 2762 5478 cultum
2803 5424 3199 5482 arbitrabantur
3223 5442 3330 5484 uno

1751 5515 1871 5571 loco
1910 5512 2189 5582 concludi,
2236 5512 2464 5585 ideoque
2506 5512 2664 5584 longo
2700 5523 2916 5584 peracto
2961 5514 3189 5585 itinere,
3222 5517 3331 5574 illic

1749 5621 1873 5662 snas
1900 5622 2085 5679 preces
2111 5605 2402 5685 fundebant
2430 5623 2443 5661 :
2472 5616 2754 5679 propterea
2784 5617 2839 5665 et
2869 5609 2967 5665 iste
2996 5624 3060 5665 eo
3089 5621 3325 5675 venerat.

1757 5700 1845 5755 ubi
1878 5701 2128 5771 templum
2157 5709 2275 5759 erat
2298 5708 2353 5756 et
2380 5698 2550 5756 cultus
2577 5698 2845 5771 iudaicus,
2877 5711 2935 5759 ut
2962 5700 3331 5760 adorationum
