3750 6250
424 242 539 298 533

426 358 663 425 Domino
707 358 1050 428 persolveret.
1092 357 1156 412 Et
1196 367 1537 431 posteaquam
1577 361 1719 431 quod
1761 363 2007 433 cupiebat

439 448 767 518 implevissct
790 490 803 515 ,
832 448 1096 503 Revertens
1116 489 1131 515 ,
1162 449 1352 519 inquit,
1379 459 1426 504 et
1455 451 1507 504 in
1538 467 1689 505 curru
1717 469 1809 506 suo
1836 453 2011 508 sedens

435 540 648 610 legebat.

503 631 557 684 9..
602 631 804 686 Deinde
833 646 951 689 cum
982 632 1295 689 accessisset
1332 635 1610 707 Philippus
1637 636 1750 709 (α),
1783 638 1916 692 dixit
1942 639 2011 694 ad

434 722 579 775 illum
611 738 625 775 :
652 721 880 776 Putasne
908 724 1146 795 intelligis
1176 741 1290 793 quia
1316 725 1438 796 legis
1466 726 1599 795 (Act.
1624 727 1678 783 8.
1702 730 1831 799 50)?
1856 729 2013 784 Vides

432 814 667 867 animant
699 814 1010 884 diligentem
1038 831 1099 869 ac
1126 817 1409 872 sollicitum
1429 858 1444 884 ,
1481 818 1691 873 lectioni
1721 820 1882 875 etiam
1912 820 2009 884 illi,

432 919 590 973 quam
633 918 738 958 non
784 905 1132 975 intelligeret,
1168 907 1593 977 incumbentem,
1642 920 1696 965 et
1737 910 2011 965 doctorem

433 997 519 1065 qui
555 996 724 1066 ipsum
758 997 1044 1053 instrueret
1071 999 1473 1069 requirentem?
1505 1000 1713 1055 Etenim
1740 1001 2013 1069 apostolus

431 1091 609 1144 statim
652 1105 746 1160 per
789 1090 1256 1161 interrogationem
1308 1093 1448 1147 illius
1489 1093 1684 1149 excitat
1725 1093 2008 1159 aﬂ'ectunt;

428 1181 568 1252 quod
592 1182 735 1236 enim
758 1170 947 1253 dignus
975 1195 1138 1247 esset,
1162 1185 1250 1254 qui
1273 1184 1505 1239 doctoris
1525 1201 1685 1254 opera
1709 1187 1761 1241 in
1782 1187 2011 1242 lectione

430 1272 829 1327 reconditorum
863 1274 1267 1342 intelligentiam
1295 1286 1709 1347 consequeretur
1732 1319 1745 1340 ,
1775 1277 1886 1345 ipsa
1912 1278 2012 1332 viri

432 1365 711 1433 responsio
738 1364 993 1420 declarat.
1024 1365 1157 1420 Cum
1179 1368 1321 1421 enim
1345 1370 1615 1436 apostolus
1636 1370 1875 1435 dixisset,
1900 1370 2012 1425 Pu-

430 1464 572 1508 tasne
591 1455 829 1524 intelligis
850 1456 876 1509 ?
900 1466 1153 1526 vesteque
1173 1457 1262 1513 vili
1294 1458 1506 1514 indutus
1530 1461 1879 1517 accessisset:
1904 1478 2011 1517 non

432 1563 573 1617 agre
599 1550 716 1602 tulit
746 1564 842 1604 nec
889 1548 1193 1618 indignatus
1215 1560 1335 1618 est,
1376 1566 1549 1621 neque
1591 1567 1648 1607 se
1692 1553 2011 1609 contumelia

430 1636 569 1692 afﬁci
599 1639 940 1706 existimavit,
971 1640 1111 1708 quod
1143 1640 1409 1711 plerisque
1438 1642 1654 1698 insulsis
1682 1644 1896 1711 accidit,
1922 1645 2011 1714 qni

430 1745 575 1799 Stepe
603 1731 804 1786 malunt
833 1733 884 1786 in
912 1743 1167 1802 perpetua
1189 1735 1390 1789 versari
1419 1736 1736 1805 ignorantia,
1765 1737 1887 1807 quia
1919 1752 2013 1806 pu-

425 1818 518 1891 det
536 1820 659 1877 illos
688 1822 1039 1891 ignorantiam
1072 1838 1222 1877 suam
1252 1824 1518 1891 conﬁteri,
1544 1835 1599 1881 et
1622 1824 1690 1879 ab
1712 1827 1776 1881 iis
1804 1826 2013 1882 discere

428 1910 517 1979 qui
547 1911 741 1966 docere
774 1914 1007 1967 Valeant.
1054 1917 1125 1968 At
1166 1914 1289 1970 huic
1332 1915 1465 1969 nihil
1514 1915 1617 1970 tale
1658 1917 1866 1980 evenit;
1916 1916 2011 1979 sed

428 2017 551 2056 eum
582 2004 991 2060 mansuetudine
1033 2014 1090 2061 et
1133 2008 1330 2075 pietate
1373 2006 1691 2076 respondet,
1737 2007 1897 2062 animi
1928 2006 2010 2063 sui

428 2102 625 2149 statum
654 2095 953 2159 declarans,
979 2098 1156 2167 aitque
1188 2116 1203 2151 :
1234 2100 1496 2164 Quomodo
1526 2101 1742 2170 possim,
1779 2100 1877 2155 nisi
1899 2101 2012 2170 quis

428 2186 552 2239 mihi
588 2187 856 2241 ostenderit
885 2187 1060 2257 (Ibid.
1087 2205 1136 2244 v.
1163 2191 1221 2244 5t
1251 2190 1270 2261 )
1295 2192 1318 2243 ‘i
1364 2206 1464 2246 nec
1505 2200 1708 2247 tantum
1736 2202 2012 2248 mansuete

424 2277 729 2347 respondit,
758 2294 823 2333 ac
852 2289 1035 2349 postea
1066 2282 1292 2349 transiit,
1323 2283 1415 2338 sed
1446 2284 1629 2339 rursus
1658 2299 1862 2340 morum
1887 2299 2013 2340 suo-

428 2381 546 2421 rum
575 2368 825 2423 virtutem
855 2370 1010 2425 nobis
1036 2370 1428 2436 demonStrans,
1464 2374 1566 2430 ista
1594 2374 1843 2445 loquutus
1871 2390 2011 2445 prai-

429 2454 599 2529 l'ectus
630 2457 755 2524 ille,
802 2458 1092 2528 barbarus,
1137 2475 1299 2517 curru
1341 2471 1562 2530 vectus,
1594 2479 1715 2519 eum
1761 2465 1849 2535 qui
1892 2465 2012 2521 vilis

426 2546 739 2625 videbatur,
786 2558 841 2604 et
884 2564 949 2605 ex
996 2551 1188 2619 vestitu
1215 2554 1678 2622 contemnendus,
1722 2556 1925 2625 rogavit
1952 2564 2011 2611 ut

360 2706 367 2709 1
427 2640 772 2707 ascenderet,
817 2657 880 2697 ac
916 2656 1097 2699 secum
1142 2645 1373 2700 sederet.
1415 2645 1577 2702 Vides
1604 2648 1767 2702 animi
1796 2647 2009 2704 fervens

428 2729 709 2786 studium?
752 2731 900 2787 vides
960 2734 1105 2803 pium
1161 2734 1373 2791 barbari
1423 2737 1701 2804 animum,
1743 2740 2011 2808 quomodo

427 2823 684 2891 sapientis
711 2824 985 2903 cujusdam
1017 2826 1217 2882 dictum
1252 2827 1381 2882 illud
1413 2829 1713 2899 impleverit
1744 2848 1758 2886 :
1785 2830 1849 2893 Si
1876 2832 2013 2895 vide-

424 2915 497 2971 ris
536 2915 699 2973 virum
736 2918 1030 2986 prudentem
1051 2960 1066 2986 ,
1098 2936 1247 2975 mane
1278 2937 1432 2992 surge
1470 2922 1540 2976 ad
1566 2940 1680 2977 eum
1703 2961 1718 2989 ,
1748 2932 1794 2977 et
1822 2925 2012 2995 gradus

429 3016 671 3061 ostiorum
698 3010 833 3063 illius
861 3010 1054 3066 deterat
1084 3028 1170 3082 pes
1201 3022 1319 3067 tuus
1353 3011 1551 3084 (Eccli.
1579 3014 1633 3069 6.
1661 3013 1766 3085 36)
1790 3017 1813 3069 ?
1854 3014 2012 3071 Vides

432 3089 522 3168 qui
551 3100 740 3165 merito
766 3115 871 3154 non
899 3101 967 3156 sit
987 3103 1299 3173 neglectus?
1328 3102 1475 3159 vides
1498 3104 1588 3174 qui
1612 3110 1805 3160 merito
1827 3120 2013 3175 super-

427 3204 550 3245 nam
593 3191 662 3245 sit
708 3201 1069 3261 consequutus
1114 3193 1546 3263 providentiam?
1589 3195 1738 3251 vides
1780 3204 1838 3253 ut
1881 3195 2012 3257 nihil

426 3282 671 3337 omiserit
717 3298 905 3339 eorum
953 3300 1072 3357 qua;
1117 3285 1185 3341 ab
1234 3286 1349 3355 ipso
1395 3286 1573 3341 ail‘erri
1621 3288 2012 3344 conveniebat?

422 3373 718 3444 Propterea
740 3375 995 3446 deinceps
1016 3376 1291 3432 doctorem
1315 3386 1523 3447 nactus,
1546 3393 1732 3434 eorum
1759 3380 1866 3434 vim
1894 3395 2013 3450 quae

426 3467 702 3535 preposita
730 3477 883 3524 erant
909 3478 1157 3525 accurate
1182 3469 1465 3538 discebat,
1513 3480 1566 3527 et
1594 3473 1773 3529 animo
1812 3475 2012 3531 illumi-

425 3558 672 3611 nabatur.

503 3648 670 3715 Quam
711 3636 834 3703 utile
861 3649 1187 3721 Scripturam
1232 3652 1434 3723 legere;
1481 3655 1678 3709 nullum
1716 3666 1908 3725 tempus
1945 3657 2015 3713 ad

426 3735 711 3809 Scripturw
732 3740 993 3796 lectionem
1017 3743 1414 3799 incommodum.
1436 3775 1507 3785 —
1528 3745 1731 3803 Videtis
1756 3760 2012 3818 quantum

424 3831 497 3884 sit
541 3832 807 3887 commodi
850 3842 1053 3890 attente
1093 3844 1150 3891 et
1178 3837 1416 3892 studiose
1458 3837 1665 3893 divinas
1707 3840 2013 3911 Scripturas

425 3921 641 3994 legere?
672 3924 961 3994 Propterea
989 3927 1131 3982 enim
1155 3937 1208 3983 et
1230 3928 1367 3984 hanc
1388 3929 1455 3985 de
1475 3930 1703 3987 barbaro
1733 3918 2011 3989 historiam

425 4014 480 4067 in
511 4013 745 4069 medium
774 4015 925 4070 vobis
952 4016 1207 4085 produxi,
1236 4027 1293 4073 ut
1321 4035 1388 4074 ne
1415 4036 1739 4090 quemquam
1769 4031 2010 4077 nostrum

426 4104 621 4174 pudeat
658 4105 979 4161 imitatorem
1009 4108 1125 4165 ﬁeri
1150 4107 1418 4179 Ethiopis
1437 4152 1453 4177 ,
1485 4112 1749 4179 eunuchi,
1779 4113 1894 4183 ejus
1921 4115 2011 4184 qui

426 4209 495 4247 ne
526 4193 576 4246 in
622 4194 813 4248 itinere
841 4194 1053 4266 quidem
1100 4198 1381 4252 lectionem
1428 4200 1739 4270 neglexerit.
1786 4203 2011 4261 ldoneus

430 4285 571 4339 enim
599 4295 681 4340 est
709 4286 969 4341 barbarus
993 4288 1092 4343 iste
1120 4290 1209 4359 qui
1237 4291 1391 4347 nobis
1413 4294 1660 4350 omnibus
1686 4296 1873 4353 doctor
1897 4299 2008 4366 fiat,

428 4384 541 4429 tum
570 4377 827 4446 privatam
855 4380 1018 4434 vitam
1045 4383 1401 4451 sectantibus,
1430 4394 1538 4441 tum
1574 4387 1777 4444 militia:
1804 4389 2009 4446 adscri-

429 4471 555 4547 ptis,
588 4479 697 4526 tum
724 4471 980 4542 dignitate
1004 4482 1058 4529 et
1083 4474 1288 4532 honore
1318 4477 1555 4547 praeditis
1573 4520 1589 4547 ,
1618 4489 1673 4536 et
1703 4490 1758 4537 ut
1780 4482 1833 4537 in
1859 4497 2010 4539 sum-
2094 4506 2099 4511 ·

423 4579 517 4627 ,ῐηα
544 4565 714 4620 dicam
734 4607 750 4633 ,
783 4567 1030 4623 omnibus
1067 4585 1173 4624 non
1199 4571 1325 4625 viris
1350 4572 1545 4640 solum,
1574 4573 1669 4628 sed
1694 4582 1747 4629 et
1769 4576 2010 4631 mulieri-

429 4653 560 4721 bus,
590 4664 647 4708 ut
675 4672 793 4726 qua:
833 4656 1047 4715 assidue
1072 4658 1218 4714 domi
1246 4672 1530 4717 versentur
1558 4680 1570 4718 :
1603 4665 1730 4734 quin
1756 4666 1915 4721 etiam
1945 4666 2011 4722 iis

428 4746 616 4802 doctor
656 4747 816 4804 fuerit
856 4750 945 4819 qui
972 4750 1133 4805 vitam
1177 4753 1523 4809 monasticam
1562 4754 1910 4825 delegerunt,
1953 4767 2011 4813 ut

425 4838 635 4895 discant
657 4855 843 4897 omnes
869 4842 1072 4899 nullum
1102 4859 1221 4899 esse
1250 4855 1459 4916 tempus
1488 4848 1553 4903 ad
1579 4849 1879 4905 divinorum
1907 4851 2011 4907 elo-

426 4932 673 5005 quiorum
699 4934 984 4990 lectionem
1015 4935 1409 4993 incommodum
1434 4979 1451 5006 ,
1479 4939 1573 4994 sed
1600 4940 1713 4995 ﬁeri
1744 4956 1921 5011 posse,
1953 4952 2012 4997 ut

426 5040 533 5080 non
564 5026 739 5081 solum
764 5025 909 5083 domi
928 5067 948 5097 ,
980 5029 1329 5084 verumetiam
1366 5031 1419 5084 in
1465 5030 1583 5086 foro
1610 5043 1917 5101 versantes,
1954 5044 2010 5090 et

427 5120 527 5173 iter
556 5115 831 5184 facientes,
859 5126 913 5174 et
938 5119 992 5173 in
1018 5119 1313 5175 multorum
1336 5131 1476 5176 cuitu
1497 5132 1736 5193 agentes,
1765 5139 1827 5180 ac
1851 5126 2009 5182 variis

426 5208 657 5275 negotiis
684 5208 921 5277 impliciti
967 5208 1159 5265 horum
1188 5211 1363 5266 studio
1409 5222 1718 5281 teneamur,
1750 5224 1806 5268 ut
1830 5231 1949 5284 qua:
1976 5230 2008 5270 a

427 5299 583 5353 nobis
624 5302 928 5368 prastanda
971 5312 1097 5357 sunt
1134 5303 1506 5375 conferentes,
1549 5307 1655 5361 cito
1697 5308 2008 5379 magistrum

424 5387 800 5457 adipiscamur.
849 5391 1104 5447 Dominus
1132 5396 1276 5451 enim
1313 5395 1500 5451 videns
1538 5408 1779 5453 nostrum
1820 5397 1887 5454 ad
1918 5413 2007 5454 res

422 5480 727 5551 spirituales
751 5481 1022 5552 aﬂ‘ectum,
1048 5501 1151 5545 non
1178 5486 1426 5559 negligat,
1457 5488 1552 5545 sed
1573 5504 1857 5559 supernam
1886 5490 2007 5546 illu-
2044 5487 2059 5494 “

466 5635 811 5713 ἱςςχξρῃηυῃὶ
844 5646 1013 5713 putant
1050 5642 1478 5713 hunc_Philippum
1512 5647 1780 5707 apostoltun
1817 5649 2001 5713 fuisse;

408 5698 494 5746 alii
521 5709 723 5748 numero
740 5698 907 5762 plures
921 5702 1170 5753 diaconum
1194 5698 1346 5757 fuisse
1359 5698 1656 5759 asseverant.

1159 242 1215 299 s.
1254 241 1530 299 JOANNIS
1564 241 2034 302 cunvsosront
2072 246 2390 307 ARClllEP.
2428 252 2964 316 CONSTANTINOP.
3578 273 3689 332 tm

2120 370 2432 429 strationem
2454 376 2731 446 praebebit,
2754 395 2817 436 ac
2839 392 3079 441 nostrum
3100 385 3418 445 illuminabit
3437 391 3686 449 aniunmi.

2120 457 2197 514 Ne
2226 460 2415 529 igitur,
2442 466 2700 535 obsecro,
2731 468 3123 542 Scripturarum
3150 476 3433 533 lectionem
3457 479 3688 549 negliga-

2120 564 2239 605 mus
2266 568 2279 605 :
2312 568 2497 610 verum
2522 557 2635 612 sive
2672 574 2861 616 eorum
2879 605 2894 627 ,
2926 579 3046 633 qua:
3077 566 3160 620 his
3186 569 3530 623 continentur
3549 608 3570 635 ,
3594 585 3691 621 νιιιι

2120 639 2496 713 intelligamus,
2536 648 2650 704 sive
2688 650 3021 721 ignoremus,
3064 656 3149 709 illa
3188 656 3502 727 frequenter
3536 660 3691 712 adet-

2120 745 2259 785 mus.
2287 734 2511 791 Assidua
2541 739 2683 794 enim
2709 742 2984 799 meditatio
3024 749 3335 802 memoriam
3360 749 3530 803 eﬂicit
3556 750 3693 802 iudc-

2121 823 2331 880 lebilem
2361 845 2375 880 τ
2405 837 2461 883 et
2487 844 2592 884 non
2624 847 2745 887 raro
2774 836 2980 901 evenit,
3009 840 3067 890 tit
3094 838 3235 907 quod
3263 839 3421 894 hodie
3467 840 3695 894 invenire

2118 930 2227 969 non
2250 918 2515 985 potuimus
2536 922 2793 991 legentes,
2818 925 2919 981 hoc
2940 943 3153 982 rursum
3176 940 3391 998 postero
3414 931 3508 983 die
3530 945 3693 999 aggre

2119 1006 2358 1075 dientes,
2406 1024 2626 1081 repente
2663 1015 3033 1085 inveniamus,
3068 1021 3174 1075 Deo
3200 1021 3449 1077 videlicet
3491 1038 3589 1090 pro
3610 1040 3690 1076 sua

2119 1099 2402 1156 clementia
2433 1106 2640 1161 occulte
2663 1118 2898 1164 mentem
2924 1124 3161 1166 nosrram
3188 1113 3509 1168 illustrante.
3530 1112 3696 1170 Caete-

2118 1204 2239 1243 rum
2262 1191 2361 1245 ista
2389 1193 2455 1247 ad
2486 1196 2754 1252 assiduam
2779 1198 3078 1256 divinarum
3103 1203 3505 1272 Scripturarum
3530 1206 3695 1258 lectio-

2116 1294 2242 1334 nem
2268 1284 2661 1353 suscipiendam
2686 1289 2917 1345 diximus
2944 1309 2957 1344 :
2986 1301 3043 1346 ut
3063 1304 3239 1348 autem
3258 1294 3486 1349 discetis
3513 1296 3565 1349 in
3590 1298 3695 1351 aliis

2117 1378 2281 1431 etiam
2308 1380 2555 1436 omnibus
2582 1382 2682 1438 hoc
2713 1385 2996 1441 Dominum
3030 1387 3201 1443 facere
3238 1390 3620 1451 consuevisse,
3650 1404 3695 1442 ut

2118 1483 2239 1523 cum
2264 1485 2381 1538 quae
2410 1488 2439 1525 a
2470 1473 2624 1528 nobis
2649 1485 2773 1528 sunt
2799 1477 3203 1544 contulerimus,
3234 1480 3350 1549 ipse
3374 1494 3477 1534 sua
3501 1481 3695 1535 abunde

2117 1561 2454 1630 suppeditet,
2497 1576 2553 1620 et
2580 1568 2719 1635 quod
2764 1569 2816 1623 in
2845 1568 3239 1639 Scripturarum
3283 1572 3527 1627 lectione
3566 1573 3692 1637 fecit,

2116 1653 2280 1707 multa
2323 1668 2448 1709 cum
2490 1656 2764 1715 celeritate
2807 1660 2974 1714 misso
3015 1660 3082 1715 ad
3129 1660 3420 1719 barbarum
3468 1662 3694 1725 doctore,

2117 1740 2219 1797 hoc
2256 1753 2312 1798 et
2350 1744 2403 1798 in
2448 1744 2515 1799 iis
2551 1747 2641 1815 qui
2687 1748 2939 1803 virtutem
2976 1765 3229 1805 exercere
3256 1752 3454 1807 volunt
3498 1753 3695 1815 ciliciat,

2117 1833 2239 1888 audi
2268 1850 2386 1904 quae
2413 1835 2685 1892 dicuntur.
2717 1839 2915 1895 Verum
2942 1850 2998 1896 ut
3038 1842 3377 1899 manifestior
3418 1843 3583 1899 nobis
3618 1846 3697 1899 iste

2118 1941 2296 1982 sermo
2317 1928 2591 1993 reddatur,
2618 1943 3037 1988 consentaneum
3067 1935 3225 1989 fuerit
3251 1951 3478 1991 rursum
3507 1952 3624 2000 qua:
3642 1940 3695 1989 ad

2116 2019 2475 2086 patriarcham
2512 2022 2738 2076 attinent
2782 2024 2835 2077 in
2879 2026 3118 2080 medium
3159 2025 3477 2089 adducere,
3519 2038 3575 2080 et
3600 2046 3696 2095 qut

2117 2107 2231 2162 heri
2260 2109 2405 2164 dicta
2436 2110 2832 2182 subsequuntur
2861 2114 3001 2168 nunc
3041 2130 3341 2171 assumere.
3372 2116 3698 2187 Cognovisus

2116 2202 2260 2257 enim
2286 2217 2350 2256 ex
2376 2202 2490 2273 jam
2515 2202 2673 2259 dictis
2691 2246 2707 2269 ,
2748 2206 3017 2275 quomodo
3043 2209 3287 2264 maxima:
3321 2209 3476 2262 illius
3504 2209 3700 2263 humili-

2115 2292 2240 2347 tatis
2269 2307 2395 2362 erga
2432 2293 2533 2349 Lot
2561 2294 2850 2362 exhibita},
2882 2312 2985 2367 qua
3024 2298 3099 2351 illi
3133 2298 3441 2368 potioribus
3482 2302 3699 2369 partibus

2116 2383 2311 2450 cessit,
2339 2399 2589 2455 magnam
2614 2401 2644 2440 a
2676 2387 2785 2441 Deo
2811 2388 3115 2443 mercedem
3140 2391 3211 2444 sit
3237 2401 3634 2460 consequutus,
3659 2407 3701 2446 et

2118 2478 2531 2547 promissionem
2570 2483 2839 2551 acceperit
2882 2482 3039 2553 longe
3071 2483 3236 2550 ipsius
3276 2483 3422 2539 facta
3457 2500 3699 2554 superau-

2117 2580 2247 2624 tem.
2272 2569 2559 2627 Videamus
2582 2583 2760 2627 autem
2795 2574 3048 2646 deinceps
3075 2576 3235 2630 etiam
3273 2592 3343 2631 ex
3376 2577 3550 2632 hodie
3576 2581 3700 2633 lectis

2115 2677 2330 2719 rursum
2355 2663 2524 2735 ipsius
2543 2664 2671 2735 justi
2698 2667 2969 2733 virtutem,
2994 2676 3053 2720 ut
3074 2667 3142 2721 ita
3165 2667 3539 2736 procedentes
3561 2670 3699 2723 disca-

2114 2767 2237 2809 mus
2276 2753 2600 2809 inetl’ahilem
2648 2754 2741 2810 Dei
2786 2771 2912 2826 erga
2960 2757 3104 2811 illum
3148 2758 3575 2827 providentiam.
3615 2760 3701 2814 lies

2116 2845 2259 2899 enim
2307 2859 2495 2900 omnes
2542 2860 2639 2916 per
2679 2847 2998 2917 patriarcha:
3047 2847 3452 2919 philomphiam
3500 2849 3698 2915 δίκαις,

2116 2935 2246 2991 sinit
2289 2936 2462 3005 ipsum
2491 2953 2584 3007 per
2615 2937 2821 3009 singula
2869 2948 3109 3009 tempora
3148 2940 3295 3008 prius
3338 2939 3701 2995 demonstrare

2116 3030 2279 3083 animi
2311 3030 2585 3098 pietatem,
2610 3041 2665 3085 et
2688 3040 2815 3086 tunc
2836 3046 2988 3088 suam
3017 3031 3171 3086 affert.
3196 3034 3701 3097 remunerationem,

2116 3131 2175 3177 ut
2202 3133 2257 3178 et
2299 3138 2400 3178 nos
2442 3123 2798 3194 patriarcham
2838 3125 3107 3180 imitantes
3137 3124 3382 3180 studiose
3413 3124 3703 3180 adnitamur

2088 3213 2265 3284 prius
2303 3215 2515 3270 virtutis
2555 3216 2767 3272 labores
2807 3231 3122 3287 capessere,
3164 3226 3328 3289 atque
3371 3218 3456 3273 ita
3499 3219 3569 3273 ab
3610 3219 3705 3288 ipso

2118 3308 2569 3363 remunerationis
2598 3310 2768 3364 vicem
2800 3318 3134 3378 exspectare.

2167 3404 2223 3459 3.
2240 3401 2421 3458 Clades
2434 3402 2567 3473 regis
2584 3402 2942 3469 Sodomorum,
2961 3418 2993 3454 a
3012 3401 3238 3472 pluribus
3252 3403 3465 3473 regibus
3482 3404 3704 3473 impetiti,

2115 3495 2382 3565 captivitas
2405 3504 2451 3548 et
2476 3496 2713 3564 spoliatio
2736 3492 2872 3560 Lot;
2900 3495 3167 3549 concordia
3184 3494 3461 3564 laudatur,
3487 3513 3591 3566 qua
3615 3514 3706 3551 sa-

2115 3599 2230 3642 vata
2256 3588 2387 3641 nihil
2413 3587 2507 3642 Lot
2532 3588 2705 3658 fuisset
2725 3604 2999 3657 passus.-—
3017 3587 3121 3643 Sed
3144 3599 3359 3658 tempus
3384 3596 3499 3656 est,
3527 3602 3583 3643 ut
3606 3606 3705 3659 qna

2118 3678 2279 3733 hodie
2309 3677 2443 3732 lecta
2481 3687 2623 3743 sunt,
2658 3678 2811 3732 vobis
2859 3693 3150 3748 proponam
3183 3695 3197 3731 :
3226 3694 3291 3733 ea
3324 3680 3479 3733 enim
3509 3682 3599 3735 vix
3637 3683 3703 3733 in-

2118 3758 2498 3842 terpretatione
2518 3787 2654 3842 opus
2680 3771 2893 3827 habent.
2922 3771 3054 3827 Nam
3081 3771 3161 3826 vel
3190 3772 3304 3842 ipsa
3334 3772 3508 3828 lectio
3537 3775 3702 3827 excel-

2117 3866 2311 3921 lentem
2327 3866 2454 3935 justi
2475 3865 2722 3921 virtutem
2739 3866 2867 3920 satis
2883 3866 3249 3920 demonstrare
3264 3876 3472 3937 potest.
3496 3870 3549 3922 i.
3568 3868 3690 3933 (Cap

2118 3958 2210 4026 14)
2227 3956 2443 4011 Factum
2459 3967 2531 4011 est
2546 3968 2733 4023 autem,
2767 3957 2955 4027 inquit,
2989 3958 3039 4011 in
3065 3973 3217 4027 regno
3240 3958 3575 4024 Amurphath
3596 3960 3708 4028 regis

2118 4048 2354 4103 Sennaar
2373 4090 2389 4114 ,
2423 4048 2609 4102 Arioch
2651 4064 2743 4102 rea:
2800 4047 2988 4102 Elasar
3007 4090 3023 4116 ,
3066 4058 3115 4102 et
3162 4048 3588 4119 Ckodologomor
3634 4068 3709 4101 res

2116 4138 2291 4208 Elam,
2324 4149 2371 4194 et
2399 4138 2653 4193 Thartltac
2677 4155 2766 4194 re:-
2791 4140 3033 4210 gentium,
3055 4137 3110 4192 2.
3138 4141 3361 4209 fecerunt
3390 4138 3588 4192 bellum
3609 4157 3709 4191 cui

2115 4230 2276 4286 Baiae
2316 4248 2432 4303 rege
2478 4231 2845 4299 Sodomorum,
2895 4242 2940 4285 et
2983 4248 3096 4285 cum
3121 4230 3316 4284 Barsac
3344 4248 3467 4301 rege
3498 4232 3709 4284 Gomor-

2115 4327 2242 4391 rltaz,
2283 4336 2331 4381 et
2374 4342 2490 4379 cum
2536 4326 2770 4383 Sennaar
2816 4341 2933 4396 rege
2963 4324 3178 4390 Adama,
3231 4332 3277 4377 ct
3306 4339 3429 4376 cum
3460 4323 3712 4394 Symobor

2113 4432 2231 4485 rege
2268 4415 2491 4480 Seboim,
2535 4424 2581 4470 et
2628 4433 2743 4487 rege
2766 4414 2958 4480 Bolae;
2984 4416 3095 4486 ipsa
3115 4415 3394 4486 estSegor.
3434 4416 3470 4470 3
3534 4414 3713 4468 Omnes

2116 4510 2153 4562 ii
2202 4510 2289 4577 qui
2330 4510 2740 4578 conspirauerunt
2792 4510 2846 4562 in
2899 4507 3042 4562 Valle
3093 4510 3248 4576 salsa,
3293 4524 3412 4577 quia
3462 4526 3609 4561 nunc
3650 4520 3714 4560 est

2115 4616 2255 4654 mare
2308 4602 2450 4654 satis.
2499 4601 2630 4655 Vide
2682 4600 2971 4671 Scriptura:
3024 4600 3391 4673 diligentiam,
3439 4602 3712 4670 quomoda

2114 4693 2332 4748 nomina
2380 4694 2539 4748 etiam
2586 4708 2769 4764 regum
2823 4702 2878 4747 et
2912 4694 3181 4747 nationum
3230 4709 3707 4752 commemorave-

2119 4783 2210 4848 rit;
2247 4801 2355 4840 non
2398 4786 2513 4840 sine
2554 4801 2735 4853 causa,
2781 4785 2876 4840 sed
2916 4794 2975 4840 ut
3012 4801 3077 4840 ex
3123 4787 3311 4839 horum
3351 4787 3717 4855 appellatione

2113 4878 2290 4932 discas
2318 4877 2602 4933 barbarum
2630 4876 2852 4931 istorum
2893 4877 3150 4932 animum.
3184 4877 3272 4931 Isti
3312 4880 3485 4943 enim,
3524 4878 3705 4948 inquit

2114 4971 2313 5027 bellum
2343 4980 2625 5041 gesserunt
2666 4970 2920 5025 adversus
2946 4970 3299 5025 Sodomorum
3330 4985 3526 5040 regem
3560 4982 3618 5027 et
3642 4989 3709 5025 re-

2114 5064 2310 5134 liquos.
2340 5064 2541 5118 Deinde
2581 5062 2706 5117 belli
2744 5077 2959 5118 causam
2985 5062 3146 5118 ctiam
3174 5062 3349 5126 docet,
3384 5062 3544 5118 unde
3574 5066 3715 5132 priu-

2113 5157 2309 5225 cipium
2339 5155 2602 5222 habuerit,
2628 5155 2810 5209 dicens
2836 5173 2852 5209 :
2874 5155 2929 5209 4.
2956 5154 3238 5209 Duodecim
3262 5155 3413 5208 annis
3434 5156 3714 5208 servierant

2112 5246 2537 5319 C/todologomor,
2590 5248 2734 5300 tertio
2779 5257 2950 5300 autem
2996 5246 3188 5300 decimo
3215 5262 3349 5299 anno
3371 5244 3714 5303 desciverunt,

2114 5340 2168 5396 5.
2199 5339 2393 5407 Quarto
2418 5350 2588 5393 autem
2633 5349 2677 5392 et
2726 5339 2917 5393 decimo
2946 5355 3080 5393 anno
3123 5339 3252 5391 venit
3277 5336 3715 5408 Chodologoma'.

2114 5442 2162 5484 et
2192 5448 2333 5501 reges
2374 5432 2461 5501 qui
2502 5447 2618 5484 cum
2660 5448 2717 5485 eo
2760 5440 2920 5497 erant,
2952 5441 2999 5485 et
3026 5430 3343 5485 trucidarunt
3389 5430 3633 5501 gigantes
3672 5432 3715 5479 in

2114 5521 2351 5575 Astorotlt
2395 5531 2441 5575 et
2468 5520 2727 5585 Carnaim,
2759 5531 2806 5577 et
2831 5532 3006 5593 gentes
3034 5522 3189 5591 fortes
3214 5539 3315 5576 una
3342 5539 3460 5575 cum
3492 5524 3649 5592 ipsis,
3678 5534 3715 5574 α

2118 5613 2392 5678 Umnttzos,
2437 5614 2521 5680 qui
2547 5623 2691 5665 erant
2736 5614 2787 5667 in
2833 5613 2965 5667 Save
3006 5613 3227 5677 civitate,
3261 5613 3314 5668 6.
3344 5624 3392 5667 et
3417 5612 3715 5675 Chor-ratos.

2116 5704 2199 5759 atii
2224 5713 2366 5758 erant
2390 5705 2440 5759 in
2472 5706 2719 5762 montibus
2752 5704 2889 5776 Seir,
2919 5720 3073 5777 usque
3094 5706 3162 5760 ad
3185 5704 3556 5762 Tcrebtntltum
3577 5705 3709 5761 Pha-
