3788 6264
114 321 243 377 3⁸25

107 454 249 500 rma.
278 455 396 510 quia
420 448 495 493 est
528 438 579 493 in
604 454 789 495 eremo.
819 440 869 497 7.
903 439 967 495 Et
1005 444 1187 498 reversi
1214 456 1451 500 uenerunt
1483 444 1553 499 ad
1576 442 1722 499 Fon-

107 540 230 581 trm
261 530 455 601 judicit
472 546 492 595 ;
513 533 623 604 ipsa
650 542 723 586 est
766 532 962 597 Cades;
990 544 1034 589 et
1062 537 1347 592 occiderunt
1376 555 1548 593 omnes
1578 539 1722 609 prin-

103 622 267 687 cipes
309 622 537 690 Amalec,
593 632 640 676 et
690 625 1010 681 Amorrha’os
1039 638 1087 683 et
1113 629 1392 687 habitantes
1420 634 1471 687 in
1501 636 1724 691 Asason—

104 710 355 767 Utamur.
405 710 483 767 Ne
523 718 904 784 praetereamus
951 718 1142 785 obiter,
1193 721 1392 788 dilecti,
1440 741 1557 795 qua:
1582 726 1722 783 dicta

104 814 289 868 sunt,
339 819 512 874 neque
574 815 820 876 putemus
885 809 1123 866 inutilem
1171 828 1290 869 esse
1339 817 1718 872 narrationem.

104 891 319 947 Dedita
367 897 510 950 enim
555 910 716 967 opera
742 898 919 954 divina
947 901 1216 972 Scriptura
1241 904 1520 976 diligenter
1543 911 1720 965 omnia

99 985 284 1040 nobis
308 989 563 1054 narravit,
593 1000 648 1044 ut
673 990 939 1047 dist‘amus
967 1003 1217 1063 quantum
1249 998 1405 1053 fuerit
1446 999 1626 1066 robur,
1666 1011 1721 1058 et

99 1089 326 1144 quanta
375 1083 607 1150 potentia
659 1083 1027 1154 barbarorum,
1074 1097 1128 1145 et
1168 1099 1366 1160 quanto
1414 1092 1613 1163 impetu
1665 1097 1716 1151 in

100 1163 329 1226 nellnm
352 1174 615 1236 venerint,
644 1185 700 1228 ut
724 1176 883 1230 etiam
911 1179 1171 1247 gigantes,
1210 1181 1311 1235 hoc
1340 1191 1440 1248 est,
1471 1200 1718 1254 proceros

96 1266 162 1312 et
220 1263 393 1316 tor-tes
440 1278 684 1334 corpore,
736 1266 1087 1334 debellarint,
1143 1286 1435 1344 omnesque
1487 1275 1718 1346 regionis

94 1359 315 1417 gentes
373 1352 426 1405 in
472 1353 648 1424 fugam
699 1358 971 1412 verterint.
1018 1359 1149 1416 Nam
1176 1362 1314 1419 sicut
1365 1373 1594 1432 torrens,
1625 1369 1715 1438 qui

96 1440 279 1497 valde
306 1444 540 1499 excurrit
567 1457 619 1501 et
646 1448 887 1515 inundat,
917 1453 1095 1508 omnia
1124 1468 1307 1509 secum
1351 1457 1490 1526 rapit
1513 1467 1567 1514 et
1593 1475 1715 1531 per-

92 1532 239 1589 dit:
292 1537 363 1591 ita
407 1546 464 1592 et
511 1538 722 1594 barbari
769 1541 841 1596 illi
880 1542 1186 1601 invaserunt
1210 1562 1397 1604 omnes
1425 1560 1627 1620 gentes,
1661 1563 1715 1607 et

92 1638 311 1682 omnes
340 1643 562 1697 prorsus
591 1631 953 1700 perdiderunt,
981 1635 1049 1690 ita
1084 1647 1138 1691 nt
1164 1646 1218 1692 et
1248 1638 1511 1711 principes
1548 1644 1711 1696 Ama-

91 1716 419 1784 lecitarum,
468 1732 521 1777 ct
566 1725 700 1779 alios
746 1741 934 1783 omnes
982 1729 1034 1782 in
1082 1728 1260 1800 fugam
1288 1734 1561 1789 verterint.
1606 1735 1711 1790 Sed

92 1808 255 1865 forte
291 1811 489 1868 dixerit
534 1815 794 1898 quispiam
830 1834 844 1871 :
887 1818 954 1873 Et
982 1835 1101 1889 qua:
1144 1821 1275 1875 mihi
1304 1824 1522 1890 utilitas,
1572 1827 1711 1882 scire

88 1902 467 1960 barbarorum
495 1909 697 1963 robur?
747 1909 859 1966 Non
888 1922 1087 1968 temere
1140 1930 1312 1986 neque
1363 1915 1556 1972 frustra
1587 1934 1708 1973 nar-

87 1996 310 2050 rationi
364 1996 487 2053 talia
536 1999 824 2057 immiscuit
872 2001 1145 2075 Scriptura
1188 2006 1400 2075 divina,
1447 2024 1547 2065 nec
1593 2011 1710 2067 sine

86 2101 272 2141 causa
301 2104 402 2145 nos
422 2105 451 2145 a
483 2092 744 2164 principio
769 2105 1012 2152 auctores
1042 2099 1193 2155 vobis
1231 2116 1416 2157 sumus
1442 2114 1497 2157 ut
1522 2118 1706 2159 eorum

85 2178 485 2239 fortitudinem
545 2188 803 2244 memoria
849 2194 1115 2247 teneatis:
1147 2194 1241 2250 sed
1282 2205 1338 2252 ut
1387 2200 1708 2267 procedente

86 2270 358 2327 doctrina
392 2275 609 2333 discatis
652 2290 705 2335 et
745 2280 1014 2351 ingentem
1048 2284 1142 2340 Dei
1188 2290 1498 2357 potentiam,
1528 2300 1583 2346 et
1612 2307 1707 2362 pa-

86 2364 367 2419 triarcha:
410 2367 681 2424 virtutem.
731 2371 929 2428 Contra
979 2374 1099 2431 illos
1129 2377 1286 2447 igitur
1330 2381 1416 2450 qui
1446 2391 1593 2437 tanto
1621 2400 1708 2439 ro—

84 2452 236 2507 bore
267 2456 477 2523 praaditi
509 2469 680 2528 erant,
708 2470 762 2516 et
784 2470 861 2516 tot
887 2474 1076 2534 gentes
1121 2468 1171 2522 in
1201 2468 1375 2539 fugam
1413 2460 1703 2543 verterant,

84 2546 146 2599 8.
188 2544 456 2616 Egressus
482 2559 575 2616 est,
605 2549 794 2621 inquit,
818 2554 871 2607 in
898 2556 1130 2625 puellum
1156 2575 1247 2612 rea:
1267 2558 1627 2630 Sodomorum,
1658 2575 1706 2619 et

82 2635 435 2705 Gomorrlue,
468 2650 514 2694 et
542 2659 632 2696 rea:
655 2643 874 2713 Adama,
903 2657 951 2701 et
975 2665 1065 2703 rea:
1090 2649 1315 2719 Seboim,
1338 2663 1385 2707 et
1407 2671 1495 2708 rea:
1520 2654 1704 2735 Baiae,

78 2728 209 2798 ipsa
235 2740 319 2784 est
340 2728 507 2813 Segor
527 2750 547 2787 :
569 2743 617 2788 et
641 2736 928 2793 direxerant
955 2740 1111 2796 aciem
1136 2742 1189 2797 in
1216 2746 1446 2813 prwlium
1475 2749 1525 2801 in
1562 2728 1706 2805 Valle

79 2821 264 2884 salsa,
312 2822 371 2877 9.
407 2811 582 2878 contra
621 2825 1028 2902 Cltodologomor
1069 2843 1114 2888 et
1148 2811 1421 2906 Thartltac,
1444 2850 1494 2896 et
1522 2842 1702 2896 Amar-

77 2912 288 2981 phath,
339 2923 389 2968 et
426 2916 633 2972 Arioch.
688 2919 919 2985 Quatuor
958 2941 1097 2997 reges
1124 2941 1300 2982 contra
1342 2933 1577 3004 quinque.
1612 2935 1697 2991 l0.

88 3002 277 3059 Vallis
324 3015 493 3061 autem
536 3010 693 3076 salsa,
741 3015 879 3082 putei
901 3014 1177 3072 bituminis.
1210 3019 1409 3077 Deinde
1436 3002 1492 3077 ut
1523 3022 1702 3081 disca-

77 3113 218 3151 mus
264 3101 539 3167 quomodo
580 3118 766 3159 eorum
808 3106 991 3174 robur,
1038 3119 1093 3164 et
1128 3113 1418 3181 potentiam
1444 3116 1699 3188 obstupe-

76 3195 348 3274 scentes,
374 3189 425 3242 iu
450 3188 628 3261 fugam
652 3195 788 3248 versi
805 3203 950 3264 sunt,
977 3198 1144 3269 inquit
1164 3198 1251 3262 ,Et
1269 3205 1399 3274 fugit
1422 3222 1512 3259 rea:
1531 3207 1702 3262 Sodo-

75 3258 327 3346 mor.um,
376 3289 423 3333 et
467 3258 783 3353 Gomorrltte,
831 3296 879 3341 et
916 3290 1203 3346 ceciderunt
1251 3293 1356 3349 illic
1400 3295 1486 3350 ubi
1532 3303 1698 3368 fontes

73 3380 243 3423 erant
272 3386 296 3424 :
323 3373 414 3444 qui
432 3383 600 3428 autem
636 3378 834 3449 reliqui,
868 3386 1107 3454 fugerunt
1143 3386 1195 3439 in
1225 3398 1484 3444 montana.
1506 3388 1697 3447 Vidisti

71 3469 305 3530 quanto
354 3463 547 3521 robore
588 3466 859 3526 bellabant
900 3472 986 3527 isti
1032 3475 1170 3529 viri?
1215 3481 1483 3548 quomodo
1514 3482 1696 3540 hostes

71 3566 221 3607 suos
253 3553 426 3608 etiam
452 3566 669 3626 aspectu
695 3573 792 3614 suo
822 3571 1145 3634 terruerunt,
1166 3577 1219 3622 et
1243 3569 1294 3622 in
1322 3569 1497 3640 fugam
1522 3584 1697 3631 verte-

72 3657 217 3701 runt
235 3647 265 3700 ?
294 3646 431 3702 Vide
457 3648 708 3722 deinceps
733 3656 1001 3725 quomodo
1027 3657 1131 3714 illis
1156 3659 1331 3730 fugam
1369 3664 1690 3735 ineuntibus,

75 3739 176 3793 isti
214 3738 425 3795 ablatis
450 3743 695 3798 omnibus
716 3761 834 3816 qua:
854 3747 1062 3805 illorum
1089 3762 1260 3816 erant,
1286 3755 1577 3812 redierunt.
1604 3761 1690 3814 ll.

71 3832 419 3899 Acceperunt
456 3844 640 3902 autem,
686 3835 873 3905 inquit,
908 3851 1167 3907 montana,
1199 3854 1245 3898 et
1270 3861 1467 3901 onmem
1497 3852 1691 3919 equita-

71 3933 194 3974 tum
254 3920 603 3978 Sodomorum
647 3936 693 3980 et
742 3927 1057 4000 Gomorrlue,
1089 3943 1135 3988 et
1188 3952 1358 3992 omnes
1386 3955 1693 3999 commeatus

68 4031 293 4078 eorum,
328 4023 379 4066 et
403 4016 647 4070 abierunt.
676 4019 758 4072 12.
788 4021 1101 4093 Acceperunt
1120 4043 1313 4098 quoque
1332 4042 1378 4084 et
1406 4031 1503 4086 Lot
1526 4035 1688 4103 ﬁlium

66 4107 273 4176 fratris
295 4105 467 4169 Abrae,
496 4119 541 4162 et
561 4111 921 4180 supellectilem
943 4119 1069 4188 ejus,
1088 4130 1138 4174 et
1148 4122 1394 4178 abierunt.
1419 4122 1692 4183 Habitabat

64 4385 165 4447 rit,
218 4382 329 4437 sed
378 4399 436 4438 re
484 4385 594 4454 ipsa
640 4387 824 4444 didicit
850 4393 1055 4460 priores
1075 4407 1253 4467 partes
1279 4416 1382 4456 non
1413 4416 1682 4474 appetere.

62 4475 219 4529 Nam
269 4489 340 4528 ex
384 4474 482 4530 hoc
527 4495 631 4532 non
673 4481 846 4537 solum
892 4485 1024 4541 nihil
1076 4489 1314 4547 utilitatis
1355 4494 1403 4549 ei
1432 4499 1685 4564 accrevit,

60 4568 167 4621 sed
231 4581 372 4620 ecce
415 4570 656 4638 captivus
702 4572 860 4628 etiam
901 4575 1161 4634 abductus
1200 4591 1299 4649 est,
1332 4593 1386 4640 et
1418 4585 1603 4642 didicit
1628 4606 1688 4646 re

58 4660 221 4731 ipsa,
276 4659 452 4714 multo
502 4663 670 4718 satius
709 4666 757 4720 ei
798 4668 961 4725 fuisse
1004 4671 1077 4725 uti
1119 4678 1504 4734 consuetudine
1531 4682 1683 4750 justi,

59 4767 252 4822 quam
304 4760 637 4822 separatum,
687 4766 742 4811 et
794 4759 847 4814 in
896 4761 1141 4821 libertate
1187 4767 1459 4825 viventem
1494 4772 1545 4827 in
1578 4783 1684 4830 tam

57 4846 289 4901 multas
321 4844 653 4903 calamitates
683 4849 935 4907 incidere.
966 4854 1104 4911 Ecce
1132 4858 1273 4914 enim
1302 4870 1358 4915 ut
1382 4862 1583 4919 divisus
1604 4877 1686 4922 est

55 4956 86 4993 a
119 4937 477 5009 patriarcha,
508 4955 629 4996 cum
659 4952 863 5010 putaret
888 4964 945 5002 se
972 4949 1024 5004 in
1050 4953 1236 5023 majori
1263 4972 1383 5013 esse
1416 4959 1680 5030 libertate,

54 5044 110 5088 et
147 5032 383 5101 potiora
416 5046 474 5086 se
494 5047 857 5105 assequutum,
880 5049 932 5094 et
956 5040 1247 5113 abundare,
1269 5059 1490 5119 repente
1513 5052 1683 5112 factus

53 5135 144 5181 est.
197 5137 431 5188 servus,
483 5139 673 5181 carens
721 5127 901 5194 domo,
934 5146 1122 5189 carens
1149 5146 1202 5192 et
1230 5137 1350 5194 foco
1379 5159 1391 5195 :
1427 5152 1483 5197 ut
1508 5144 1684 5201 discas

50 5224 353 5285 quantum
395 5214 594 5269 malum
641 5216 924 5287 dissensio,
969 5233 1023 5279 et
1048 5237 1301 5297 quantum
1330 5232 1525 5289 bonum
1555 5252 1684 5292 con-

55 5307 264 5363 cordia
299 5320 317 5361 :
364 5313 417 5358 et
453 5306 592 5363 scias
636 5322 1054 5372 consentaneum
1094 5333 1214 5376 esse
1242 5340 1347 5379 non
1377 5327 1575 5397 majora
1605 5341 1683 5387 te-

52 5417 232 5456 mere
287 5414 604 5470 capessere,
654 5402 748 5459 sed
792 5407 968 5476 potius
1024 5411 1321 5471 minoribus
1372 5428 1681 5478 contentum

52 5510 219 5549 esse.
274 5493 616 5560 Acceperunt,
664 5494 854 5565 inquit,
900 5496 997 5553 Lot
1044 5511 1092 5555 et
1136 5507 1494 5575 supellectilem
1544 5514 1675 5583 ejus.

53 5595 297 5656 Quanto
350 5585 539 5641 melius
579 5596 695 5642 erat
732 5605 853 5645 eum
897 5606 1019 5648 cum
1068 5599 1363 5666 patriarcha
1391 5604 1592 5671 vivere,
1626 5616 1681 5662 et

54 5697 262 5738 omnm
291 5677 457 5745 ferre,
492 5688 548 5735 ut
577 5696 643 5735 ne
666 5685 949 5741 concordia
976 5687 1292 5754 solveretur.
1322 5709 1480 5763 quam
1521 5711 1677 5767 sepa-

56 5788 271 5843 ratum,
312 5779 368 5828 et
398 5772 579 5829 electis
610 5775 922 5845 potioribus,
947 5778 998 5833 in
1031 5789 1173 5838 tanta
1196 5798 1413 5855 repente
1444 5788 1672 5865 pericula

1108 323 1170 377 ΙΝ
1209 323 1361 383 CAP.
1403 324 1540 383 XIV.
1585 326 1833 384 GENES.
1880 327 2104 385 ΙΙΟΜῙΙ..
2148 331 2365 390 XXXV.

3309 350 3416 410 396

1834 443 2090 514 incidere,
2138 459 2193 504 et
2239 451 2291 505 in
2341 451 2690 511 barbarorum
2718 457 2906 516 venire
2942 467 3299 531 potestatem?
3326 472 3417 527 13.

1831 535 2111 591 Adveniens
2163 550 2329 595 autem
2384 544 2613 614 quidam,
2666 546 2862 619 inquit,
2894 568 2959 607 ex
2994 554 3055 609 iis
3104 558 3193 623 qui
3238 563 3418 618 seruati

1828 637 1994 694 erant,
2036 631 2280 685 nuntiavit
2318 634 2467 689 Abrw
2492 639 2767 695 transitori.
2804 641 2928 713 Ipse
2961 656 3128 702 mitem
3160 649 3416 711 habitabat

1825 716 1973 785 juxta
2016 735 2250 791 quercum
2282 721 2512 782 Mambre
2540 729 2733 797 Omori,
2765 737 2941 802 fratris
2982 736 3192 808 Escltol,
3231 755 3275 798 et
3299 749 3415 818 fra-

1828 808 1919 863 tris
1960 810 2171 877 Aunan,
2214 816 2300 884 qui
2346 830 2491 874 erant
2539 825 2868 895 confoederati
2915 830 3084 888 Abra'.
3133 808 3414 903 Quomodo

1829 909 2034 957 tantum
2078 904 2276 962 bellum
2319 909 2602 967 conﬂatum
2633 914 2891 985 ignoravit
2919 924 3254 991 patriarcha?
3282 927 3412 986 For-

1827 993 1985 1048 tassis
2013 1011 2201 1067 magna
2232 999 2481 1056 distantia
2507 1004 2709 1073 aberat,
2743 1018 2798 1063 et
2824 1008 2956 1067 ideo
2992 1013 3268 1084 ignoravit.
3297 1022 3409 1075 Ad-

1824 1086 2025 1140 veniens
2048 1099 2215 1142 autem
2251 1091 2458 1160 quidam
2493 1100 2809 1153 annuntiauit
2835 1102 2984 1157 Abra:
3025 1109 3284 1162 transituri
3306 1126 3325 1165 :
3352 1124 3408 1168 ut

1823 1176 1979 1231 nobis
1999 1194 2380 1239 commemoret
2404 1186 2453 1240 ei
2481 1192 2849 1248 annuntiatum
2877 1210 3015 1264 esse,
3044 1199 3132 1267 qui
3156 1215 3220 1255 ex
3245 1200 3408 1256 Chal—

1822 1265 1936 1321 dtca
1967 1270 2216 1326 redierat.
2254 1273 2384 1329 Nam
2413 1279 2535 1348 quia
2560 1287 2707 1335 trans
2744 1282 2849 1357 (α)
2881 1265 3206 1356 Euphratem
3235 1292 3411 1351 dontis-

1821 1356 1999 1413 cilium
2038 1359 2317 1431 habuerat,
2343 1363 2512 1424 dictus
2560 1380 2643 1426 est
2689 1373 3078 1445 transﬂuvialis,
3113 1380 3197 1436 vel
3226 1392 3404 1440 trans-

1821 1448 1942 1502 itor.
1988 1451 2051 1505 Et
2086 1462 2240 1510 antea
2270 1458 2428 1513 etiam
2453 1460 2520 1514 ab
2540 1460 2690 1517 initio
2722 1476 2968 1534 parentes
2996 1469 3043 1524 ei
3072 1469 3173 1527 hoc
3208 1489 3408 1532 nomen

1820 1538 2138 1608 indiderant,
2177 1544 2288 1614 jam
2333 1557 2490 1604 antea
2520 1551 2878 1621 significantes
2906 1572 3028 1613 eum
3059 1560 3183 1617 inde
3212 1564 3406 1635 migra-

1821 1637 2016 1684 turum.
2065 1632 2294 1691 Vocatus
2346 1639 2487 1694 enint
2537 1650 2620 1696 est
2663 1643 2895 1713 Abram,
2932 1649 3055 1718 quia
3080 1632 3403 1723 migraturus

1816 1730 1931 1776 erat
1957 1732 2105 1781 trans
2134 1728 2482 1799 Euphratem,
2515 1744 2568 1788 et
2593 1734 2646 1790 in
2677 1736 3011 1797 Palaestinam
3041 1755 3312 1804 venturus.

1886 1816 1941 1870 4.
1970 1818 2198 1876 Attende
2223 1824 2490 1891 quomodo
2511 1837 2565 1882 et
2592 1839 2838 1898 parentes
2862 1833 2978 1903 ejus
3004 1836 3128 1892 licet
3157 1839 3400 1899 infideles

1814 1915 2015 1975 essent,
2034 1909 2194 1966 ductu
2217 1915 2597 1983 potentissimae
2617 1921 2890 1990 sapientia:
2907 1925 2999 1981 Dei
3019 1944 3210 1986 nomen
3233 1947 3398 2001 puero

1815 1997 2215 2070 imposuerunt,
2252 2006 2388 2061 sicut
2412 2016 2467 2062 et
2497 2008 2726 2067 Lamecb
2761 2028 2860 2068 suo
2898 2014 3024 2073 Noe.
3057 2019 3150 2075 Est
3177 1997 3318 2077 enim
3344 2034 3399 2079 et

1813 2087 1916 2142 hoc
1951 2090 2144 2147 divinae
2182 2094 2555 2165 benignitatis,
2587 2111 2704 2169 post
2741 2104 2963 2160 multum
3003 2117 3209 2180 tempus
3236 2129 3398 2168 even-

1814 2185 1929 2233 tura
1960 2196 2057 2250 per
2080 2182 2323 2240 infideles
2346 2191 2729 2256 praenuntiam.
2758 2194 3058 2251 Adveniens
3085 2199 3260 2270 itaque
3282 2207 3396 2273 qui-

1812 2268 1957 2340 dam,
1986 2272 2174 2344 inquit,
2203 2279 2461 2335 nuntiavit
2495 2283 2765 2339 transituri
2801 2302 2920 2358 quae
2959 2291 3278 2360 acciderant,
3307 2314 3396 2352 ca-

1813 2361 2108 2430 ptivitatem
2155 2366 2400 2425 videlicet
2446 2371 2539 2427 filii
2584 2374 2799 2442 fratris,
2847 2388 2902 2435 et
2948 2397 3133 2453 regum
3182 2386 3393 2445 illorum

1813 2466 2059 2522 magnam
2099 2460 2387 2527 potentiam
2415 2504 2428 2529 ,
2460 2463 2920 2540 Sodomorumque
2958 2474 3392 2548 populationem,

1809 2552 1863 2599 et
1891 2544 2083 2600 laedam
2113 2546 2308 2618 fugam.
2340 2550 2461 2622 Ipse
2492 2566 2660 2611 autem
2679 2601 2693 2619 ,
2723 2559 2926 2630 inquit,
2965 2563 3223 2621 habitabat
3237 2544 3391 2640 juxta

1808 2649 2044 2703 quercum
2074 2636 2305 2694 blambre
2333 2640 2510 2696 Omori
2526 2687 2541 2710 ,
2568 2649 2743 2717 fratris
2769 2648 2978 2717 Escltol,
3006 2664 3054 2707 et
3076 2636 3281 2726 Aunan,
3304 2662 3392 2731 qui

1808 2738 1951 2781 erant
1976 2730 2303 2799 confoederati
2331 2735 2499 2792 Alme.
2530 2737 2646 2793 Jam
2674 2739 2809 2797 forte
2840 2743 2923 2799 hic
2947 2746 3138 2816 aliquis
3164 2730 3393 2808 interro-

1806 2819 2009 2887 gaverit
2043 2821 2257 2889 :Quare
2295 2840 2479 2881 eorum
2518 2829 2607 2899 qui
2648 2831 2699 2886 in
2740 2831 2988 2890 Sodomis
3025 2849 3213 2907 erant,
3241 2844 3390 2900 solus

1799 2905 1975 2978 justus
2000 2910 2101 2966 Lot
2127 2913 2182 2967 in
2210 2916 2566 2985 captivitatem
2594 2921 2916 2981 abducitur?
2938 2926 3053 2983 Non
3088 2905 3203 2986 sine
3227 2948 3386 2991 causa

1806 3001 1940 3069 hoc,
1970 3018 2143 3075 neque
2170 3005 2364 3063 frustra
2397 3027 2411 3064 :
2441 3010 2535 3067 sed
2565 3022 2621 3069 ut
2648 3016 2815 3073 discat
2857 3018 2941 3075 his
2974 3024 3252 3082 eventibus
3290 3026 3389 3085 Lot

1804 3095 2118 3164 patriarcha:
2158 3098 2401 3157 virtutem
2425 3143 2440 3168 ,
2472 3114 2530 3159 et
2566 3113 2623 3160 ut
2660 3118 2876 3179 propter
2912 3110 3082 3181 ipsum
3112 3129 3389 3176 serventur

1802 3195 1857 3242 et
1881 3188 2004 3253 alii,
2033 3199 2192 3261 utque
2218 3191 2473 3249 doceatur
2515 3198 2795 3267 primatum
2832 3218 2937 3261 non
2976 3218 3259 3281 appetere,
3291 3224 3387 3271 sed

1802 3279 2093 3349 majoribus
2121 3283 2331 3339 cedere.
2366 3287 2658 3347 Audiamus
2685 3304 2863 3351 autem
2898 3298 3148 3372 deinceps
3175 3319 3237 3359 ea
3269 3322 3388 3376 qua:

1801 3379 2113 3440 sequuntur,
2148 3383 2205 3429 ut
2232 3376 2498 3435 discamus
2527 3390 2581 3437 et
2610 3383 2741 3452 justi
2772 3389 3048 3458 virtutem,
3078 3403 3131 3449 et
3160 3394 3387 3453 immen-

1800 3478 1917 3519 sum
1953 3467 2045 3523 Dei
2088 3469 2401 3527 subsidium.
2444 3473 2637 3530 Verum
2677 3478 2960 3550 diligenter
2984 3484 3138 3543 dictis
3171 3494 3386 3548 auscul-

1801 3562 1928 3622 tate,
1952 3567 2290 3629 mentemque
2317 3564 2629 3636 recolligite.
2652 3568 2871 3625 Multum
2894 3574 3032 3628 enim
3056 3576 3186 3633 lucri
3212 3578 3387 3641 facere

1800 3644 1888 3699 hic
1924 3648 2247 3716 poterimus,
2280 3660 2334 3707 et
2359 3667 2424 3709 ex
2455 3654 2518 3709 iis
2544 3672 2660 3726 qua:
2699 3660 2799 3715 Lot
2826 3677 3116 3721 evenerunt
3141 3669 3384 3730 discere.

1799 3750 2087 3806 numquam
2119 3755 2260 3810 aegre
2289 3742 2584 3811 ferendum,
2616 3748 2660 3802 si
2684 3752 2896 3820 quando
2916 3754 3043 3822 justi
3074 3757 3305 3816 incidant
3330 3780 3383 3819 tn

1800 3829 2136 3895 tentationes,
2162 3832 2385 3902 improbi
2411 3852 2537 3891 vero
2559 3848 2613 3893 et
2638 3841 2758 3895 mali
2786 3845 3013 3901 evadant
3038 3865 3052 3903 :
3083 3865 3252 3920 neque
3274 3855 3384 3910 ullo

1797 3918 1958 3973 modo
1986 3920 2155 3989 prima
2188 3925 2473 3993 qumrenda
2503 3943 2657 3996 csse,
2689 3947 2860 4003 neque
2886 3936 3081 4008 aliquid
3115 3918 3381 4010 justorum

1797 4008 2137 4067 familiaritati
2175 4025 2228 4069 et
2256 4017 2523 4073 convictui
2567 4024 2984 4093 prteferendum;
3013 4032 3105 4085 sed
3136 4035 3233 4088 etsi
3271 4051 3385 4090 ser-

1794 4102 2047 4160 viendum
2076 4106 2145 4160 sit
2179 4105 2463 4164 habitando
2488 4126 2608 4168 cum
2642 4115 2771 4170 viris
2798 4118 2991 4176 virtute
3032 4125 3297 4195 przeditis,
3328 4129 3381 4184 id

1793 4192 1907 4263 ipsa
1942 4194 2184 4252 libertate
2222 4199 2404 4256 utilius
2442 4218 2581 4259 esse.
2626 4204 2693 4260 Et
2736 4207 2954 4278 insuper
2991 4192 3256 4271 discamus
3284 4192 3384 4290 ipa-

1796 4285 2042 4342 triarcha:
2087 4288 2347 4360 insignem
2393 4294 2727 4351 tolerantiam
2757 4340 2771 4362 ,
2822 4316 3139 4371 propensum
3182 4308 3233 4362 in
3282 4285 3384 4366 Lot

1793 4392 2031 4433 amorem
2056 4388 2107 4434 ct
2129 4380 2574 4451 benevolentiam,
2601 4386 2923 4445 fortitudinis
2945 4396 3380 4468 magnitudinem,

1792 4483 1952 4537 epum
1980 4479 2376 4543 contemptum,
2408 4475 2724 4533 ineffabilem
2752 4480 2920 4544 divini
2952 4500 3074 4556 erga
3111 4487 3256 4543 illum
3288 4492 3384 4547 ad.

1788 4557 1974 4628 jutorii
2001 4561 2269 4617 virtutem.
2304 4566 2391 4620 N.
2430 4565 2498 4621 Ut
2527 4575 2693 4623 autem
2718 4571 2934 4638 audivit,
2967 4575 3167 4646 inquit,
3194 4580 3385 4638 Abram

1791 4651 1925 4720 quod
1950 4662 2128 4721 captus
2154 4664 2278 4709 esset
2307 4655 2403 4710 Lot
2430 4657 2606 4727 fratris
2643 4662 2719 4714 sui
2756 4663 2894 4731 ﬁlius
2911 4707 2925 4728 ,
2953 4672 3233 4725 numeravit
3262 4691 3353 4742 pro

1792 4742 1930 4811 prios
1960 4744 2253 4798 vernaculos
2281 4762 2398 4800 suos
2425 4757 2668 4805 trecentos
2693 4752 2859 4808 decem
2885 4765 2933 4809 et
2958 4768 3069 4812 octo
3089 4801 3105 4826 ,
3135 4772 3181 4815 et
3212 4779 3355 4832 ρει-δι

1790 4840 1977 4901 quutus
2003 4842 2074 4887 est
2100 4834 2216 4889 illos
2240 4854 2397 4908 usque
2423 4838 2558 4907 Dan,
2588 4842 2675 4897 15.
2703 4852 2752 4897 et
2776 4844 2926 4898 irruit
2954 4864 3106 4918 super
3130 4867 3214 4907 eos
3242 4870 3385 4910 nocte

1791 4925 1898 4992 ipse
1922 4934 1967 4978 et
1994 4926 2136 4994 pueri
2159 4928 2289 4998 ejus,
2314 4939 2359 4983 et
2384 4935 2623 5001 percussit
2646 4950 2749 4999 eos,
2778 4945 2824 4989 et
2855 4928 3178 5008 persequutus
3205 4955 3276 4999 est
3300 4964 3384 5001 eos

1792 5030 1949 5087 usque
1968 5015 2179 5082 Chobal,
2196 5036 2314 5089 qua
2340 5032 2410 5075 est
2432 5022 2485 5075 in
2510 5024 2712 5079 sinistra
2738 5025 2994 5083 Damasci.
3025 5032 3111 5087 16.
3140 5032 3209 5089 Et
3231 5039 3384 5091 redu-

1788 5108 1867 5161 xit
1890 5123 2087 5164 omnem
2115 5112 2387 5182 equitatum
2416 5113 2774 5171 Sodomorum.
2798 5117 2867 5172 Et
2893 5118 2991 5175 Lot
3018 5123 3181 5194 [ilium
3208 5131 3382 5201 fratris

1790 5199 1870 5255 sui
1893 5199 2127 5270 reduxit,
2153 5213 2199 5256 et
2222 5205 2550 5259 substantiam
2578 5209 2716 5279 ejus,
2748 5218 2795 5263 et
2818 5213 3094 5286 populant,
3121 5230 3167 5273 et
3197 5199 3380 5278 mulie-

1853 5358 2055 5450 (a)nvox
2075 5361 2313 5450 lttebraica
2338 5374 2431 5429 est,
2455 5368 2583 5424 TD?
2607 5389 2621 5425 :
2645 5388 2789 5450 quam
2833 5378 2913 5430 alii
2944 5384 3272 5450 transitorem,
3297 5400 3378 5445 vet

1789 5429 2586 5522 iﬁﬂi'i’ftﬁ'ﬁffi’,‘aiﬂ‘fillttii'l’f‘ﬁ
2616 5429 2758 5522 εῖτ-ν
2782 5429 2911 5500 enim
2950 5429 3085 5522 iram
3121 5429 3375 5522 είέὶίὲιαιῖ

1788 5491 1872 5578 Allii
1897 5491 2255 5578 tlebﬁeupntkbic
2276 5491 2523 5578 appellant
2536 5491 2910 5578 emathiam-1.1.:
2913 5491 3375 5578 ei'ﬁ'it'iatii”333$ii

1787 5553 1975 5641 ςςειέερ
1998 5556 2061 5604 ab
2080 5558 2284 5641 ἔρῳ-ε.
2304 5553 2442 5641 pane
2476 5553 2876 5641 ρωῐὲζὲξῖιῶ
2904 5553 3376 5641 mammam:
3408 5629 3421 5638 .

1789 5616 2055 5704 Abt-agatur
2080 5621 2227 5704 circa.
2249 5616 3375 5704 Πέὴνφοιύω.έρβῇἑῆεῖῷἶιεᾙιίἶῖἶέὲῶζιπίξί

1786 5691 1900 5767 Eum.
1907 5679 2173 5767 discrimen
2184 5685 2468 5767 observatur
2492 5705 2511 5767 ε.
2520 5679 2636 5764 aliis.
2645 5679 3083 5767 é'ﬁfiiéiizifiiqiii

1788 5740 2020 5822 ﬂuvialch
2041 5744 2242 5822 origine
2265 5758 2432 5813 erant,
2468 5740 3204 5817 ειιίέὶιῖιὶἆὲὲόᾘῗὲιὲἃὲ

1790 5814 1969 5852 nomen
1991 5804 2338 5861 derivantibus.
