3788 6268
389 295 496 355 327

389 430 491 468 res.
527 409 823 467 Considera
852 408 969 473 hic,
998 406 1341 464 dilectissime
1359 445 1376 472 ,
1404 403 1887 474 magnanimitatem
1917 410 1973 457 et

393 504 754 559 fortitudinem
778 501 940 571 justi,
966 497 1234 570 quomodo
1262 498 1398 554 bene
1436 494 1566 553 ﬁsus
1599 493 1976 551 misericordia:

395 595 523 660 Dei,
555 609 659 648 non
686 590 959 663 perculsus
982 597 1067 644 est
1091 586 1272 642 animo
1290 628 1305 651 ,
1332 602 1453 642 cum
1480 584 1718 641 audisset
1743 586 1975 640 virorum

392 682 753 739 fortitudinem
775 722 790 745 ,
821 690 873 735 et
901 689 1131 749 stragem
1167 693 1327 750 quam
1365 678 1596 733 fecerant
1618 718 1632 739 ,
1663 674 1890 746 primum
1921 674 1976 730 in

390 789 579 829 omnes
602 785 789 845 gentes
823 771 1114 841 irruptione
1141 770 1277 825 facta
1303 810 1320 835 ,
1349 767 1730 837 debellatisque
1761 766 1978 821 Amale-

390 866 511 920 citis
547 876 600 921 et
637 866 844 920 caeteris
882 862 1127 918 omnibus
1158 880 1173 917 :
1200 860 1495 931 deindeque
1532 875 1652 915 cum
1688 857 1977 915 Sodomitis

392 970 582 1011 manus
608 961 951 1010 eonserentes
973 992 989 1017 ,
1015 961 1070 1007 et
1094 954 1145 1007 in
1172 950 1348 1022 fugam
1379 951 1520 1019 ipsos
1550 949 1837 1016 verterint,
1861 964 1978 1002 om-

393 1061 622 1118 nemque
647 1061 829 1100 eorum
854 1044 1169 1114 diripuerint
1204 1042 1572 1098 substantiam.
1604 1039 1805 1096 Idcirco
1833 1039 1975 1096 enim

391 1140 634 1210 superius
654 1136 768 1193 hac
786 1135 962 1191 omnia
985 1134 1213 1191 narravit
1233 1134 1386 1189 nobis
1402 1131 1692 1201 Scriptura,
1711 1136 1767 1186 et
1781 1140 1974 1200 quanta

391 1246 487 1287 sua
515 1231 707 1285 virtute
736 1238 952 1284 strenue
976 1233 1293 1296 gesserunt,
1326 1234 1383 1278 ut
1408 1223 1549 1278 scias
1577 1238 1683 1277 non
1711 1220 1976 1290 corporali

390 1324 583 1379 robore
621 1338 715 1377 eos
751 1321 1012 1377 devicisse
1057 1318 1408 1390 patriarcham
1431 1358 1447 1382 ,
1478 1316 1570 1372 sed
1599 1330 1695 1370 sua
1724 1315 1777 1370 in
1811 1315 1975 1370 Deum

394 1415 517 1480 ﬁde,
547 1424 602 1468 ct
624 1429 856 1483 superno
884 1412 1130 1483 przcsidio
1150 1410 1385 1478 adjutum
1408 1409 1581 1463 omnia
1604 1408 1690 1462 illa
1712 1406 1974 1476 gessisse;

391 1524 498 1562 non
528 1522 674 1561 arma
705 1506 887 1571 movit,
917 1519 1017 1559 nec
1044 1505 1166 1570 tela,
1201 1517 1299 1556 nec
1327 1502 1555 1564 lanceas,
1587 1514 1687 1554 nec
1714 1508 1869 1553 arcus
1898 1496 1979 1551 in-

392 1596 583 1662 tendit,
616 1612 713 1651 nec
738 1604 884 1650 scuta
912 1594 1125 1664 objecit,
1156 1593 1248 1647 sed
1275 1592 1446 1647 solum
1472 1607 1591 1646 cum
1620 1587 1938 1644 vernaculis.

463 1688 567 1743 Cur
592 1698 832 1742 trecentos
861 1684 1152 1740 vernaculos
1192 1683 1458 1754 sumpserit
1487 1681 1761 1735 Abraham.
1788 1709 1860 1720 —
1890 1678 1978 1733 Di-

390 1783 529 1837 xerit
552 1780 742 1850 aliquis
770 1799 784 1835 :
814 1781 877 1834 Et
905 1795 1067 1847 quare
1094 1777 1391 1833 numeravit
1419 1785 1684 1831 trecentos
1709 1774 1893 1829 decem
1923 1781 1979 1828 et

391 1886 513 1929 octo
540 1871 888 1927 vernaculus?
910 1870 980 1927 Ut
1005 1870 1140 1924 scias
1169 1883 1292 1924 eum
1331 1882 1437 1923 non
1469 1866 1746 1922 universos
1772 1880 1978 1920 assum-

390 1965 581 2034 psisse,
612 1962 705 2019 scd
736 1962 1071 2028 vernaculos,
1096 1969 1155 2017 et
1179 1961 1265 2031 qui
1292 1976 1411 2014 cum
1443 1959 1541 2014 Lot
1569 1958 1775 2014 educati
1803 1966 1975 2021 erant,

388 2067 447 2113 ut
478 2058 730 2111 ultionem
758 2064 950 2125 sponte
972 2064 1027 2111 et
1050 2052 1307 2109 benevole
1337 2054 1602 2110 facerent.
1632 2059 1814 2121 utpote
1839 2050 1978 2106 servi

389 2164 489 2217 pro
524 2164 623 2203 suo
659 2146 879 2202 domino
904 2154 1193 2201 certantes.
1223 2145 1291 2199 Et
1313 2144 1433 2200 vide
1456 2185 1471 2209 ,
1503 2144 1761 2208 obsecro,
1791 2145 1978 2198 miram

396 2239 490 2293 Dei
523 2239 833 2307 potentiam,
860 2246 1057 2307 quanta
1082 2236 1362 2290 velocitate
1385 2234 1606 2303 contigit
1630 2234 1868 2289 victoria.
1894 2233 1980 2289 Ir-

386 2330 490 2383 rnit
520 2328 683 2391 enim,
717 2328 906 2397 inquit,
936 2343 1089 2396 super
1116 2328 1231 2381 illos
1257 2335 1417 2394 nocte,
1446 2326 1571 2396 ipse,
1601 2333 1653 2379 et
1685 2325 1814 2380 serui
1839 2328 1974 2396 ejus,

388 2428 436 2473 et
461 2421 703 2491 percussit
731 2436 844 2485 eos,
876 2428 922 2472 et
953 2428 1277 2489 persequutus
1304 2426 1375 2470 est
1398 2433 1505 2470 eos.
1539 2415 1667 2471 Erat
1689 2418 1831 2472 enim
1868 2433 1980 2472 ma-

390 2526 491 2564 nus
517 2525 763 2581 Superua,
793 2526 909 2581 qua:
939 2509 1224 2579 adjuvabat
1248 2520 1300 2565 et
1327 2508 1731 2565 Cummilitabat.
1764 2508 1831 2564 Et
1856 2509 1978 2566 ideo

390 2618 562 2673 neque
605 2603 804 2669 armis,
846 2618 1017 2673 neque
1060 2602 1321 2657 machinis
1364 2618 1498 2673 opus
1541 2601 1853 2657 habebant:
1884 2601 1981 2657 sed

391 2706 593 2750 tantum
625 2706 679 2750 ut
710 2695 1009 2768 comparuit
1035 2710 1156 2750 cum
1197 2693 1428 2761 famulis,
1454 2693 1590 2750 alios
1617 2695 1829 2765 quidem
1862 2709 1980 2765 per-

387 2788 554 2845 cussit
572 2828 588 2852 ,
614 2786 748 2843 alios
776 2793 953 2842 autem
984 2786 1039 2841 in
1064 2785 1239 2858 fugam
1268 2787 1458 2850 vertit,
1482 2793 1539 2840 et
1564 2795 1848 2855 utrumque
1877 2785 1979 2840 im-

389 2880 600 2950 pavide,
622 2894 743 2936 cum
770 2879 946 2935 nullus
969 2888 1113 2935 esset
1135 2880 1225 2949 qui
1250 2877 1577 2943 obturbaret,
1606 2886 1661 2933 et
1680 2887 1788 2932 tam
1812 2892 1983 2948 equos

388 2970 531 3041 regis
551 2969 909 3026 Sodomorum
931 2969 1161 3034 reduxit,
1184 2984 1344 3039 quam
1365 2969 1466 3025 Lot
1483 2967 1662 3025 fratris
1682 2968 1764 3025 sui
1789 2968 1980 3037 ﬁlium,

389 3070 444 3115 et
472 3075 688 3115 omnem
711 3061 827 3131 ejus
851 3060 1203 3116 substantiam
1230 3068 1284 3115 et
1322 3060 1593 3116 mulieres.
1630 3060 1787 3115 Vides
1815 3075 1982 3131 quare

389 3152 509 3207 aliis
539 3152 657 3221 fuga
688 3152 1039 3218 elabentibus,
1068 3152 1359 3221 permissus
1389 3152 1458 3206 sit
1485 3150 1585 3205 Lot
1614 3152 1666 3206 in
1695 3152 1981 3221 captivita-

394 3253 501 3298 tem
528 3242 752 3298 venire?
776 3241 979 3312 Nempe
1004 3251 1062 3297 ut
1085 3250 1138 3298 et
1175 3240 1487 3311 patriarcha!
1520 3241 1690 3296 virtus
1723 3242 1983 3299 claresce-

390 3345 507 3403 ret,
539 3343 591 3389 ct
618 3343 834 3405 propter
871 3335 1044 3404 ipsum
1076 3334 1167 3388 alii
1197 3333 1347 3388 multi
1378 3333 1605 3389 salutem
1633 3347 1981 3403 assequeren-

391 3436 495 3483 tur.
524 3428 701 3483 Rediit
724 3438 900 3483 autem
924 3441 1116 3497 magno
1144 3430 1198 3482 et
1226 3426 1484 3495 praeclaro
1510 3435 1712 3495 tropaeo
1736 3425 1978 3496 insignis,

388 3535 513 3574 cum
542 3518 644 3575 Lot
670 3534 871 3591 equos,
899 3528 953 3574 et
993 3517 1283 3583 mulieres,
1311 3525 1367 3574 et
1401 3527 1622 3573 czeteras
1658 3516 1982 3574 substantias

391 3613 652 3669 reducens
670 3654 687 3680 ,
717 3622 774 3667 et
798 3612 942 3668 clara
967 3626 1030 3667 ac
1057 3611 1211 3680 plena
1240 3625 1371 3667 voce
1400 3610 1722 3681 praedicans,
1752 3611 1981 3681 tubaque

390 3704 628 3771 vocalius
652 3705 909 3770 clamans,
942 3718 1001 3759 se
1028 3718 1133 3759 nou
1161 3701 1392 3759 humana
1416 3703 1636 3773 virtute,
1663 3718 1833 3774 neque
1861 3717 1982 3758 cor-

388 3796 559 3869 porali
586 3798 781 3853 robore
799 3806 853 3852 et
873 3796 993 3852 illos
1014 3795 1344 3868 proﬁigasse,
1365 3804 1421 3851 et
1445 3797 1702 3852 victorem
1720 3797 1978 3862 evasisse,

387 3887 484 3944 sed
512 3904 741 3959 superna
768 3903 932 3943 manu
958 3886 1186 3944 faciente
1211 3887 1412 3943 omnia.
1451 3886 1640 3942 Vidisti
1681 3903 1776 3958 per
1801 3888 1977 3942 omnia

389 3982 586 4050 justum
605 3982 890 4037 clariorem
912 3980 1047 4047 ﬁeri,
1073 3991 1128 4037 et
1151 3980 1391 4051 quotidie
1412 3980 1584 4051 magis
1602 3979 1861 4034 declarari
1885 3978 1977 4034 Dei

388 4090 512 4144 erga
557 4089 681 4129 eum
728 4074 1153 4144 providentiam?
1190 4072 1325 4128 Vide
1365 4082 1483 4142 post
1522 4072 1671 4139 hanc,
1712 4072 1980 4142 quomodo

389 4167 566 4222 studet
590 4177 645 4221 ut
668 4151 961 4221 Sodomitis
985 4164 1149 4221 divini
1175 4164 1352 4219 cultus
1371 4162 1561 4219 doctor
1587 4162 1697 4217 ﬁat.
1724 4163 1813 4218 Ait
1831 4164 1978 4220 enim

391 4259 665 4327 Scriptura
695 4274 709 4312 :
735 4256 821 4311 17.
852 4254 1101 4327 Egressus
1134 4264 1207 4310 est
1234 4271 1327 4310 rex
1353 4255 1691 4309 Sodomorum
1713 4255 1766 4309 in
1794 4272 1973 4311 occur-

387 4364 501 4403 sum
527 4348 605 4412 ei,
634 4357 900 4419 postquam
936 4362 1163 4403 reversus
1197 4356 1269 4401 est
1294 4363 1327 4400 a
1352 4356 1520 4419 strage
1548 4345 1972 4420 Chodologomor,

387 4449 434 4495 et
468 4456 643 4511 regum
675 4440 761 4511 qui
790 4456 907 4493 cum
940 4440 1053 4494 illo.
1094 4438 1326 4495 Attende
1360 4438 1543 4509 quanti
1585 4439 1657 4494 sit
1694 4437 1894 4504 virtus,
1920 4450 1976 4496 et

388 4532 553 4588 divini
596 4533 774 4589 auxilii
809 4532 1200 4589 commilitium.
1230 4532 1345 4589 Rex
1380 4533 1662 4604 peregrino
1688 4543 1743 4588 et
1773 4534 1888 4588 seni
1918 4534 1973 4589 in

386 4638 673 4679 occursum
708 4624 978 4694 egreditur
999 4663 1015 4691 ,
1045 4633 1101 4679 et
1135 4639 1350 4681 omnem
1393 4622 1653 4680 honorem
1695 4624 1969 4695 impendit.

387 4713 508 4770 Jam
533 4717 676 4772 enim
705 4714 982 4779 didicerat,
1008 4714 1139 4769 nihil
1169 4714 1423 4785 prodesse
1448 4730 1670 4787 regnum
1691 4716 1740 4771 ei
1765 4716 1857 4787 qui
1878 4731 1972 4772 su-

390 4823 560 4879 perno
580 4807 782 4863 auxilio
805 4816 889 4862 est
913 4807 1217 4872 destitutus,
1242 4816 1297 4863 et
1324 4805 1454 4861 nihil
1481 4807 1745 4876 potentius
1768 4822 1889 4863 esse
1906 4822 1975 4864 eo

386 4899 478 4972 qtti
508 4900 790 4973 πωπω,ῡυὶ
819 4899 1123 4970 adiuvatur.
1152 4899 1240 4955 18.
1271 4897 1340 4952 Et
1376 4895 1737 4964 Helehisedec,
1766 4899 1971 4969 inquit,

387 5007 478 5047 res:
529 4990 705 5047 Solem
733 4991 947 5061 protulit
974 5008 1131 5062 panes
1158 5001 1208 5046 et
1233 4992 1423 5046 viuum.
1457 4989 1584 5045 Erat
1607 5000 1772 5048 autem
1799 5008 1973 5049 sacer—

385 5086 481 5139 dos
509 5082 606 5139 Dei
632 5084 886 5140 altissimi.

458 5175 513 5231 5.
542 5174 679 5243 Quid
719 5175 818 5230 sibi
852 5175 964 5230 vult
1002 5175 1118 5233 haec
1144 5176 1478 5242 observatio,
1510 5174 1620 5231 Rea:
1669 5176 1873 5241 Solem.
1917 5189 1972 5235 et

388 5266 641 5321 Sacerdos
668 5266 764 5320 Dei
787 5268 1064 5323 altissimi?
1086 5269 1197 5324 Rex
1222 5269 1436 5339 quidem
1460 5280 1573 5325 erat
1597 5271 1792 5327 Salem.
1822 5270 1971 5326 Illum

386 5362 532 5419 enim
558 5362 711 5417 nobis
745 5372 799 5417 et
836 5363 1023 5419 beatus
1056 5365 1250 5421 Paulus
1294 5364 1531 5420 scribens
1562 5365 1627 5419 ad
1669 5381 1762 5421 eos
1788 5366 1877 5437 qui
1905 5382 1971 5423 ex

388 5452 629 5510 Hebraeis
656 5455 1025 5524 crediderant,
1053 5473 1173 5513 cum
1200 5457 1253 5513 in
1282 5458 1514 5513 medium
1543 5459 1847 5514 adduxisset
1870 5499 1886 5523 ,
1917 5471 1972 5516 et

387 5561 582 5603 nomen
608 5548 729 5619 ejus
756 5559 1008 5605 tractaret
1033 5558 1193 5621 atque
1214 5551 1501 5616 civitatem,
1530 5552 1683 5605 simul
1709 5553 1974 5624 signiﬁca-

386 5639 588 5694 tionem
610 5642 840 5698 nominis
860 5642 978 5712 ejus
1000 5642 1402 5713 interpretatur,
1430 5652 1485 5698 et
1505 5657 1630 5697 usus
1651 5645 1967 5715 etymologia

382 5732 614 5803 quadam
645 5733 723 5792 ait
753 5752 767 5793 :
797 5733 1166 5803 lctchisedec,
1193 5750 1283 5790 res
1314 5734 1530 5804 justitite
1555 5731 1577 5810 (
1603 5734 1756 5791 Hebr.
1786 5734 1839 5791 1.
1869 5735 1963 5809 3).

1098 291 1158 348 S.
1196 287 1475 349 JOANNIS
1507 285 1985 347 CHRYSOSTOMI
2020 286 2342 345 ARCHIEP.
2378 286 2910 347 CONSTANTINOP.

3555 295 3661 353 εὖ

2082 399 2216 456 Nam
2254 400 2547 457 secundum
2584 400 2899 456 Hebraicam
2938 401 3170 471 linguam
3212 402 3402 459 Μαιεὴὶ
3443 421 3663 476 regnum

2081 490 2341 562 signiﬁcat
2369 508 2383 544 :
2410 500 2465 547 et
2491 490 2661 547 Sedec
2678 534 2693 557 ,
2720 492 3003 561 justitiam.
3036 492 3099 546 Et
3123 507 3244 547 cum
3268 492 3335 548 ad
3361 510 3557 549 nomen
3583 497 3661 551 ci-

2079 582 2257 637 vitatis
2277 584 2438 647 venit,
2465 581 2577 637 Πρω
2598 584 2756 654 pacis,
2775 583 2947 654 inquit
2969 602 2982 637 :
3004 584 3179 638 Salem
3200 587 3341 639 enim
3363 586 3503 643 idem
3525 589 3665 657 qunti

2080 689 2183 747 pax
2206 683 2306 729 est.
2332 675 2594 731 Sacerdos
2619 684 2797 731 autem
2826 685 2961 743 erat,
2990 678 3127 733 forte
3154 693 3183 733 a
3211 681 3501 748 semetipso
3524 682 3668 735 ordi.

2082 776 2241 822 natus
2270 786 2283 821 :
2312 768 2389 821 sic
2410 767 2551 822 enim
2579 777 2703 822 tunc
2728 778 2879 824 erant
2901 770 3203 825 sacerdotes
3225 787 3239 823 :
3262 771 3343 827 vel
3364 773 3488 840 quia
3512 782 3669 829 aetate

2083 860 2382 930 provectior
2405 869 2542 927 erat,
2563 876 2593 915 a
2615 861 2724 917 suis
2750 859 2890 916 hunc
2910 861 3167 918 honorem
3191 864 3424 932 accepit;
3453 865 3536 919 vel
3558 865 3670 934 ipse

2080 949 2386 1007 sacriﬁcare
2420 951 2641 1017 studuit,
2669 952 2807 1006 sicut
2832 961 2887 1007 et
2911 951 3044 1018 Noe,
3072 952 3225 1019 Abel,
3252 955 3472 1019 Abram,
3496 972 3665 1027 quan-

2079 1040 2150 1096 do
2174 1041 2431 1096 sacriiicia
2462 1042 2789 1098 obtulerunt.
2819 1043 3066 1114 Alioquin
3092 1055 3146 1100 et
3170 1056 3325 1116 typus
3353 1048 3552 1102 Christi
3588 1048 3660 1102 fu.

2082 1141 2233 1188 turus
2270 1145 2405 1189 erat.
2439 1134 2591 1190 Unde
2618 1144 2675 1190 et
2708 1135 2902 1191 Paulus
2943 1137 3021 1193 sic
3058 1152 3179 1193 eum
3217 1139 3410 1209 accipit
3438 1140 3623 1197 dicens
3649 1187 3667 1201 .

2086 1225 2211 1281 Sine
2237 1236 2381 1296 patre
2398 1267 2412 1291 ,
2438 1228 2546 1281 sine
2570 1235 2762 1294 matre,
2789 1228 2897 1281 sine
2932 1228 3224 1300 genealoqia
3241 1271 3255 1294 ,
3285 1248 3448 1301 neque
3472 1233 3671 1286 initium

2080 1319 2299 1384 dierum,
2331 1335 2488 1391 neque
2509 1321 2621 1373 vita:
2643 1320 2795 1389 ﬁnem
2820 1321 3025 1388 habens,
3054 1323 3360 1378 assimilatas
3382 1335 3557 1380 autem
3584 1325 3647 1379 Ft

2081 1410 2149 1465 lio
2178 1409 2295 1478 Dei,
2321 1422 2488 1465 manet
2516 1413 2750 1467 sacerdos
2779 1414 2831 1467 in
2874 1424 3165 1485 perpetuum
3194 1416 3373 1487 (Hebr.
3407 1421 3463 1473 7.
3499 1421 3581 1488 3).
3612 1422 3672 1476 Et

2080 1501 2369 1572 quomodo,
2398 1500 2561 1568 dices,
2593 1503 2843 1572 possibile
2868 1514 2950 1559 est
2976 1505 3245 1561 hominem
3271 1508 3474 1578 absque
3501 1521 3671 1580 patre,

2080 1601 2133 1647 et
2163 1602 2331 1647 matre
2350 1632 2363 1656 ,
2390 1602 2445 1648 et
2474 1593 2589 1647 siue
2618 1595 2923 1665 genealogia
2964 1611 3082 1650 esse
3105 1638 3119 1660 ,
3145 1605 3198 1652 et
3226 1613 3328 1652 non
3360 1599 3567 1657 habere
3594 1602 3671 1655 vel

2081 1684 2311 1749 initium,
2339 1685 2419 1740 vel
2449 1685 2608 1742 ﬁnem
2634 1686 2797 1742 vitae?
2826 1688 3027 1743 Audisti
3055 1705 3176 1744 eum
3208 1691 3428 1761 ﬁguram
3461 1693 3629 1750 fuisse
3656 1712 3671 1726 ο

2080 1790 2148 1829 ne
2173 1790 2299 1846 ergo
2327 1775 2594 1833 admirare
2612 1818 2629 1841 ,
2658 1793 2830 1848 neque
2859 1780 3035 1834 omnia
3077 1783 3285 1851 require
3312 1785 3363 1838 in
3392 1795 3544 1855 typo.
3577 1786 3673 1842 Ne-

2082 1882 2185 1937 que
2215 1867 2357 1922 enim
2389 1878 2543 1939 typus
2568 1879 2744 1935 esset,
2774 1870 2816 1924 si
2844 1872 3021 1925 omnia
3049 1888 3167 1942 quae
3198 1874 3248 1926 in
3278 1876 3505 1931 veritate
3543 1893 3673 1931 con-

2082 1959 2290 2030 tingunt
2315 1999 2328 2024 ,
2365 1960 2608 2017 haberet.
2648 1961 2785 2029 Quid
2829 1963 2988 2032 igitur
3023 1973 3106 2019 est
3142 1965 3282 2034 quod
3325 1967 3395 2020 ibi
3438 1969 3673 2023 dicitur!

2080 2049 2229 2106 Sicut
2266 2051 2354 2106 ille
2375 2093 2392 2118 ,
2424 2052 2629 2123 inquit,
2659 2068 2725 2109 eo
2754 2054 2894 2123 quod
2926 2054 3069 2108 nulla
3098 2056 3170 2109 sit
3197 2059 3457 2112 memoria
3486 2076 3672 2115 eorum

2083 2144 2172 2214 qui
2202 2154 2540 2215 genuerunt,
2571 2146 2765 2200 dicitur
2799 2148 2915 2201 siue
2958 2156 3103 2216 patre
3135 2156 3189 2203 et
3227 2150 3342 2203 sine
3382 2162 3557 2206 matre
3578 2194 3594 2214 ,
3623 2163 3678 2208 et

2080 2235 2202 2305 quia
2231 2251 2336 2290 non
2370 2245 2678 2291 recensetur
2706 2236 2820 2308 ejus
2845 2239 3149 2308 genealogia
3169 2281 3185 2304 ,
3216 2239 3412 2295 dicitur
3439 2244 3559 2298 sine
3582 2259 3678 2314 ge.

2083 2325 2319 2395 nealogia
2350 2343 2363 2378 :
2394 2326 2463 2380 ita
2491 2335 2545 2381 et
2569 2324 2811 2382 Christus
2831 2368 2845 2392 ,
2878 2329 2997 2398 quia
3029 2345 3132 2383 non
3161 2328 3318 2385 habet
3346 2333 3428 2384 vel
3462 2334 3512 2386 in
3541 2335 3675 2388 caelo

2084 2427 2330 2480 matrem,
2360 2418 2441 2471 vel
2469 2418 2520 2471 in
2550 2426 2687 2473 terra
2717 2428 2939 2488 patrem,
2960 2419 3169 2490 absque
3201 2424 3512 2493 genealogia
3540 2424 3679 2479 dici-

2084 2518 2169 2564 tur
2194 2521 2245 2565 et
2270 2521 2368 2565 est.
2394 2510 2525 2566 Vide
2551 2512 2816 2582 quomodo
2840 2528 2932 2582 per
2961 2515 3214 2568 honorem
3239 2515 3290 2569 in
3320 2516 3678 2582 patriarcbam

2083 2601 2333 2675 collatum
2359 2644 2373 2667 ,
2416 2603 2727 2674 mysterium
2770 2603 2985 2674 aliquod
3016 2605 3168 2659 nobis
3195 2604 3515 2661 insinuatur.
3550 2606 3681 2662 Pro.

2092 2696 2210 2750 tulit
2237 2695 2377 2751 enim
2410 2712 2599 2767 panem
2627 2707 2681 2753 et
2712 2697 2915 2753 vinum.
2948 2697 3148 2753 Videns
3173 2708 3353 2770 typum
3373 2743 3390 2767 ,
3421 2704 3604 2774 cogita
3630 2714 3683 2759 et

2084 2786 2362 2842 veritatem
2382 2828 2398 2852 ,
2434 2798 2487 2841 et
2528 2786 2791 2843 admirare
2817 2787 3015 2844 divina:
3049 2788 3337 2859 Scriptum
3363 2790 3477 2846 vim
3502 2835 3517 2855 ,
3549 2809 3683 2863 quo-

2085 2875 2246 2930 modo
2283 2877 2648 2946 superioribus
2686 2877 2894 2933 saeculis
2918 2887 2971 2934 et
2996 2878 3063 2933 ab
3089 2879 3239 2935 initio
3273 2879 3454 2935 futura
3494 2885 3685 2952 prasi-

2083 2966 2370 3037 gnificavit.
2399 2966 2488 3022 19.
2516 2967 2580 3020 Et
2605 2968 2875 3034 benedixit,
2905 2970 3092 3039 inquit,
3116 2970 3409 3036 Abramum,
3434 2982 3483 3026 et
3507 2974 3645 3028 dixit
3665 2992 3685 3029 :

2086 3056 2383 3113 Benedictus
2422 3059 2609 3114 Abram
2651 3058 2756 3115 Deo
2792 3061 3039 3115 altissimo
3063 3101 3080 3129 ,
3106 3063 3189 3131 qui
3212 3063 3396 3118 creavit
3421 3067 3611 3120 cretum
3638 3078 3686 3121 et

2086 3158 2289 3203 terram.
2317 3148 2408 3205 20.
2443 3149 2508 3205 Et
2535 3149 2821 3205 benedictus
2846 3151 2983 3207 Deus
3009 3152 3281 3208 altissimus
3305 3197 3319 3220 ,
3347 3156 3439 3225 qui
3470 3158 3687 3213 tradidit

2083 3239 2311 3295 inimicos
2335 3249 2447 3295 tuos
2484 3241 2536 3295 in
2565 3258 2744 3296 manus
2773 3252 2907 3297 tuas.
2942 3242 3057 3297 Non
3084 3243 3256 3298 solum
3297 3244 3475 3315 ipsum
3518 3247 3689 3306 bene-

2082 3328 2260 3399 dixit,
2291 3330 2385 3388 sed
2412 3340 2466 3386 et
2496 3332 2663 3389 Deum
2693 3333 3022 3404 gloriﬁcavit.
3054 3334 3121 3392 Ut
3146 3335 3277 3392 dixit
3302 3335 3449 3392 enim
3472 3380 3489 3405 ,
3523 3338 3689 3393 Bene-

2083 3421 2247 3475 dictus
2284 3422 2469 3476 Abram
2508 3422 2617 3478 Deo
2653 3424 2898 3480 altissimo
2919 3468 2937 3495 ,
2967 3418 3054 3496 qui
3083 3428 3263 3481 creavit
3291 3429 3477 3482 caelum
3505 3441 3554 3484 et
3584 3441 3686 3484 ter-

2083 3530 2214 3579 ram,
2236 3530 2267 3569 a
2287 3516 2545 3571 creaturis
2565 3517 2809 3574 virtutem
2833 3517 2925 3573 Dei
2951 3517 3103 3573 nobis
3124 3517 3433 3575 declaravit.
3461 3520 3519 3576 Si
3540 3524 3686 3576 enim

2085 3605 2228 3661 Deus
2253 3614 2335 3662 est
2359 3606 2448 3661 ille
2472 3608 2560 3677 qui
2591 3608 2838 3678 produxit
2866 3609 3052 3664 caelum
3079 3618 3134 3664 et
3159 3618 3377 3676 terram,
3411 3627 3527 3667 non
3558 3624 3687 3671 sunt

2080 3699 2189 3769 jam
2220 3698 2293 3755 dii
2319 3699 2410 3771 qui
2436 3700 2501 3754 ab
2529 3701 2830 3755 hominibus
2857 3702 3142 3757 coluntur:
3172 3701 3260 3757 Dii
3284 3703 3457 3767 enim,
3487 3705 3686 3775 inquit,

2082 3790 2169 3860 qui
2190 3783 2369 3845 aetum
2389 3801 2437 3845 et
2457 3801 2639 3845 terram
2660 3809 2759 3845 non
2785 3795 3028 3865 fecerunt,
3054 3804 3256 3865 pereant
3275 3792 3412 3864 (λετ.
3449 3796 3542 3851 10.
3572 3799 3685 3866 Ii).

2085 3879 2384 3935 Benedictus
2401 3923 2417 3948 ,
2446 3881 2650 3952 inquit,
2678 3882 2812 3938 Deus
2831 3925 2845 3951 ,
2877 3883 2963 3953 qui
2989 3884 3195 3938 tradidit
3220 3885 3459 3941 inimicos
3493 3898 3609 3942 tuos
3635 3890 3687 3943 in

2084 3980 2267 4025 manus
2301 3981 2434 4026 tuas.
2464 3972 2595 4028 Vide
2617 4014 2633 4040 ,
2662 3988 2757 4028 oro
2780 4014 2796 4039 ,
2820 3974 3086 4045 quomodo
3127 3991 3231 4030 non
3270 3976 3452 4030 solum
3478 3980 3686 4048 justum

2083 4062 2354 4132 praedicat,
2386 4064 2481 4120 sed
2508 4073 2563 4120 et
2589 4065 2682 4119 Dei
2709 4065 3003 4121 subsidium
3030 4067 3289 4137 agnoscit.
3317 4066 3515 4140 Neque
3541 4074 3687 4126 enim

2080 4155 2283 4226 absque
2323 4157 2466 4211 illius
2494 4157 2658 4229 gratia
2706 4159 2964 4229 potuisset
3000 4167 3143 4213 tanta
3174 4161 3411 4229 potentia
3446 4167 3691 4219 munitos

2077 4247 2317 4315 evincere.
2353 4248 2454 4316 Qui
2491 4249 2735 4316 tradidit,
2767 4250 2970 4322 inquit,
2998 4249 3369 4305 inimicos-tuos
3401 4268 3425 4306 :
3457 4255 3581 4322 ipse
3609 4264 3693 4309 est

2080 4339 2167 4408 qui
2197 4348 2362 4394 totum
2391 4352 2641 4409 Operatus
2666 4348 2748 4396 est
2771 4381 2786 4407 ,
2816 4340 2927 4409 ipse
2954 4349 3038 4396 est
3060 4339 3150 4410 qui
3179 4340 3346 4395 fortes
3373 4340 3511 4397 fecit
3537 4344 3693 4398 inﬁr-

2079 4444 2217 4497 mos,
2250 4432 2362 4502 ipse
2387 4443 2468 4487 est
2496 4432 2583 4504 qui
2611 4448 2705 4504 per
2732 4433 2965 4489 inermes
2992 4441 3225 4487 armatos
3248 4431 3449 4503 dejecit
3479 4450 3496 4488 :
3524 4437 3600 4491 ab
3628 4453 3695 4491 eo

2078 4535 2161 4581 est
2203 4525 2493 4594 auxilium,
2528 4525 2673 4598 quod
2716 4534 2915 4581 tantam
2962 4526 3033 4581 ibi
3080 4524 3327 4580 virtutem
3376 4531 3691 4584 concessit.

2081 4618 2183 4683 Qui
2205 4618 2432 4685 tradidit,
2460 4619 2646 4688 inquit,
2674 4619 2902 4673 inimicos
2924 4627 3035 4672 tuos
3060 4618 3112 4671 in
3138 4634 3316 4671 manus
3342 4628 3483 4674 tuas.
3520 4620 3694 4676 Vides

2076 4712 2345 4785 quomodo
2373 4713 2606 4767 ostendit
2649 4712 2812 4783 ipsius
2846 4710 3224 4785 concordiam,
3257 4722 3309 4765 et
3340 4728 3692 4784 propensum

2076 4784 2315 4863 antorem
2345 4808 2398 4864 in
2436 4806 2538 4863 Lot
2568 4824 2583 4862 :
2611 4806 2948 4877 declaratque
2986 4821 3107 4861 eum
3277 4805 3522 4864 inimicis
3553 4811 3694 4865 ἱειοε

2077 4898 2327 4955 habuisse
2352 4941 2368 4966 ,
2408 4907 2626 4971 propter
2662 4912 2723 4953 ea
2759 4913 2877 4969 quas
2909 4898 2959 4951 in
2990 4895 3166 4952 fratris
3192 4897 3353 4951 ﬁlium
3382 4894 3692 4954 fecerant?

2080 4997 2145 5053 Et
2170 4998 2307 5052 dedit
2330 4999 2396 5064 ei,
2427 4997 2612 5067 inquit,
2641 4994 2861 5050 decimas
2886 4994 2948 5049 de
2972 4992 3220 5047 omnibus.
3248 4992 3359 5047 Hoc
3382 5001 3446 5048 et
3475 4992 3693 5051 Paulus

2075 5090 2204 5145 dicit
2225 5107 2239 5145 :
2257 5087 2583 5144 Considerate
2602 5098 2768 5142 autem
2782 5097 2997 5157 quantus
3016 5085 3122 5151 ille,
3138 5084 3219 5138 cui
3238 5083 3463 5139 decimas
3485 5086 3695 5141 Abram

2078 5182 2365 5254 patriarcha
2389 5180 2524 5234 dedit
2549 5179 2611 5234 de
2636 5179 2869 5251 primitiis
2896 5176 3090 5250 (Hebr.
3118 5178 3169 5231 7.
3198 5176 3296 5243 4);
3325 5176 3600 5233 videlicet
3627 5196 3693 5234 ex

2075 5274 2260 5349 spoliis
2287 5289 2405 5344 quze
2430 5271 2649 5327 adduxit
2684 5279 3056 5327 remuneratus
3083 5278 3166 5324 est
3192 5267 3658 5327 Melchisedecexn
3678 5314 3694 5333 ,

2074 5381 2129 5425 et
2153 5368 2388 5424 decimas
2413 5367 2461 5422 ei
2491 5367 2787 5438 segregavit
2815 5365 2881 5419 de
2906 5364 3156 5419 omnibus
3182 5376 3297 5431 qute
3322 5361 3505 5415 attulit
3541 5382 3557 5417 :
3592 5380 3696 5434 per
3756 5420 3757 5423 η

2075 5461 2176 5517 hoc
2218 5461 2405 5531 doctor
2448 5461 2615 5514 factus
2661 5457 2947 5523 omnibus,
2989 5465 3047 5510 ut
3084 5465 3288 5525 gratum
3329 5454 3694 5512 declarantes

2072 5553 2307 5607 animum
2332 5593 2347 5616 ,
2377 5551 2636 5621 primitias
2675 5566 2859 5607 eorum
2886 5564 3005 5623 quae
3032 5547 3130 5603 sibi
3160 5562 3190 5602 a
3222 5545 3333 5603 Deo
3360 5549 3694 5615 concedm-
3756 5604 3757 5611 η

2075 5656 2181 5712 tur,
2209 5643 2454 5701 oﬁ‘erant.
2487 5644 2615 5698 Post
2657 5641 2774 5698 hate
2818 5640 3169 5697 Sodomorum
3212 5655 3305 5696 rex
3346 5640 3692 5710 patriarchx

2073 5733 2561 5804 magnanimitatem
2592 5733 2976 5804 obstupesccus
3001 5731 3127 5788 dicit
3166 5732 3216 5789 ei
3245 5750 3257 5786 :
3287 5729 3380 5785 2|.
3430 5730 3521 5785 Da
3556 5734 3692 5785 mihi
3756 5752 3757 5757 π
