3788 6280
388 310 395 317 ο
414 280 531 338 3‘19

419 396 578 465 ἀγειν
605 393 714 448 τῶν
743 394 893 466 παρά
918 392 1011 447 τοῦ
1045 394 1177 447 Θεοῦ
1210 397 1340 464 ήμῖν
1366 393 1832 466 παρασχεθέντων.
1871 389 2001 450 Εἶτα

423 479 719 547 ἐκπλαγεὶς
745 478 838 534 τοῦ
867 478 1205 550 πατριάρχου
1238 478 1388 551 [558]
1420 480 1519 549 τὴν
1551 480 1952 552 μεγαλοψυχίαν
1976 483 2004 535 ό

423 563 676 633 βασιλεὺς
727 560 978 632 Σοδόμων
1025 564 1157 632 φησὶ
1206 563 1339 633 πρὸς
1370 564 1553 616 αὐτόν·
1592 566 1705 626 Δός
1734 582 1834 633 μοι
1864 566 2004 632 τοὺς

421 646 665 714 ἄνδρας,
691 646 804 714 τὴν
835 644 903 699 δὲ
935 646 1123 699 ἵππον
1149 644 1295 699 λάϐε
1322 644 1578 710 σεαυτῷ.
1606 647 1758 719 Καλὴ
1784 647 1878 702 τοῦ
1908 649 2005 719 βα-

423 730 667 800 σιλέωςή
696 727 1102 800 εὐγνωμοσύνη·
1127 728 1239 782 ἀλλ’
1264 730 1366 801 ὅρα
1383 728 1477 783 τοῦ
1499 729 1706 782 δικαίου
1729 730 1825 801 τὴν
1855 732 2003 800 φιλο-

422 812 633 880 σοφίαν.
657 808 802 866 Εἷπε
814 811 882 866 δὲ
904 814 1127 881 Ἀϐραμ
1147 813 1297 881 πρὸς
1314 812 1690 877 τὸνβασιλέα
1704 813 1998 884 Σοδόμων·

431 893 679 948 Ἐκτενῶ
709 895 825 962 τὴν
857 892 1026 964 χεῖρὰ
1053 911 1173 963 μου
1216 894 1365 961 πρὸς
1395 895 1503 949 τὸν
1541 896 1689 949 Θεὸν
1724 896 1833 950 τὸν
1864 898 2002 965 ὕψι-

418 992 590 1041 στον,
617 976 687 1044 ὃς
706 977 957 1044 ἐποίησε
979 976 1085 1029 τὸν
1106 978 1364 1045 οὐρανὸν
1390 978 1488 1031 καί
1517 978 1632 1047 τὴν
1652 976 1786 1048 γῆν,
1808 982 1859 1032 ει
1881 980 2001 1034 ἀπὸ

416 1066 715 1134 σπαρτίου
739 1065 851 1131 ἕως
870 1065 1286 1134 σφαιρωτῆρος
1311 1066 1692 1135 ὑποδήματος
1730 1066 2000 1136 λήψομαι

414 1148 538 1202 ἀπὸ
575 1147 822 1201 πάντων
864 1146 985 1201 τῶν
1020 1147 1169 1214 σῶν,
1210 1150 1312 1202 ἵνα
1339 1149 1426 1218 μὴ
1464 1151 1660 1218 slum,
1708 1149 1797 1202 ὅτι
1854 1150 2000 1221 Ἐγὼ

418 1232 790 1285 αεπλούτικα
820 1229 929 1285 τὸν
965 1231 1199 1300 Ἅϐραμ.
1236 1231 1409 1301 Πολλὴ
1448 1232 1542 1286 τοῦ
1586 1234 1922 1304 πατριάρχου
1964 1235 1997 1303 ή

418 1314 549 1386 περὶ
589 1313 658 1367 τά
690 1315 945 1385 χρήματα
984 1312 1271 1384 ὑπεροψία.
1310 1314 1419 1368 Καὶ
1466 1314 1610 1378 τίνος
1657 1315 1840 1369 ἕνεκεν
1880 1315 1997 1386 μεθ’

417 1396 581 1466 ὅρκου
606 1395 704 1466 τὴν
733 1396 1103 1468 ἀπαγόρευσιν
1128 1399 1380 1459 ποιεῖται,
1406 1397 1499 1450 καί
1524 1415 1708 1469 φησιν,
1750 1398 1999 1452 Ἑκτενῶ

417 1478 532 1545 τὴν
574 1478 743 1547 χεᾶιά
779 1496 901 1548 μου
941 1479 1093 1547 πρὸς
1136 1478 1244 1533 τὸν
1293 1479 1443 1534 Θεὸν
1476 1481 1581 1533 τὸν
1620 1480 1904 1548 ὕψιστον,
1930 1481 1999 1547 ὃς

415 1562 619 1615 ἔκτισε
653 1563 760 1616 τόν
778 1560 1042 1629 οὐρανὸν
1074 1562 1174 1615 καί
1212 1560 1327 1630 τὴν
1348 1560 1465 1631 γῆν
1484 1577 1503 1626 ;

488 1643 566 1708 ς’.
586 1644 893 1715 Ἀμφότερα
929 1643 1174 1714 βούλεται
1191 1644 1477 1698 παιδεῦσαι
1499 1644 1589 1699 τὸν
1602 1644 1710 1697 τῶν
1746 1644 1997 1716 Σοδόμων

420 1726 665 1797 βασιλέα,
700 1728 797 1781 καὶ
832 1729 915 1780 δτι
947 1728 1212 1798 κρείττων
1245 1727 1361 1781 ἐστὶ
1393 1728 1501 1781 τῶν
1546 1731 1680 1799 παρ’
1711 1728 1879 1782 αὐτοῦ
1908 1728 1999 1782 δε·-

415 1812 677 1883 δομένων,
702 1814 794 1866 καὶ
817 1811 1015 1882 πολλὴν
1038 1811 1398 1865 ἐπιδείκνυται
1419 1812 1517 1883 τὴν
1542 1812 1880 1881 φιλοσοφίαν,
1904 1813 1996 1867 καὶ

416 1895 725 1959 θεοσεϐείας
750 1895 898 1967 αὑτῷ
920 1895 1237 1960 διδάσκαλος
1269 1896 1522 1964 γενέσθαι
1562 1898 1871 1963 σπουδάζει,
1908 1915 1999 1969 μο-

415 1979 626 2049 νονουχὶ
651 1978 915 2032 διδάσκων
938 1979 1119 2042 αὑτὸν,
1149 1980 1232 2033 ὅτι
1259 1980 1466 2034 ἐκεῖνόν
1492 1997 1573 2032 σοι
1602 1980 1828 2051 παρέχω
1855 1980 1996 2050 μάρ-

414 2079 574 2135 τυρα,
602 2064 683 2116 ὅτι
711 2062 861 2116 οὐδὲν
887 2062 995 2115 τῶν
1025 2061 1177 2133 παρά
1207 2061 1299 2115 σοῦ
1334 2062 1595 2133 λήψομαι,
1625 2063 1715 2115 τὸν
1740 2063 1995 2117 ἀπάντων

413 2147 762 2219 δημιουργὸν,
795 2147 880 2200 ῖνα
917 2145 1115 2199 εἰδέναι
1145 2146 1289 2217 ἔχοις
1328 2147 1418 2199 τὸν
1452 2148 1545 2199 ἐπὶ
1577 2148 1794 2201 πάντων
1838 2146 1992 2211 Θεὸν,

412 2231 510 2285 καὶ
540 2230 615 2301 μὴ
637 2229 863 2302 νομίσῃς
884 2224 1024 2283 εἶναι
1060 2228 1213 2292 θεοὺς
1240 2228 1309 2282 τὰ
1337 2229 1442 2282 ὑπὸ
1467 2229 1665 2299 χειρῶν
1693 2227 1995 2299 ἀνθρώπιον

414 2315 944 2385 κατασκευαζόμενα.
973 2309 1142 2377 Οὗτος
1164 2312 1273 2383 γὰρ
1296 2312 1569 2384 όοὺρανοῦ
1599 2314 1692 2366 καὶ
1718 2313 1818 2383 γῆς
1841 2329 1997 2385 ποιη-

414 2398 532 2469 τής,
566 2397 727 2461 αὐτὸς
762 2398 855 2451 καὶ
891 2396 981 2450 τὸν
1008 2395 1244 2465 πόλεμον
1277 2396 1465 2448 τοῦτον
1499 2396 1870 2468 ἐτροπώσπιτο,
1900 2396 1995 2450 καὶ

411 2481 512 2553 τῆς
556 2479 712 2551 νίκης
751 2479 920 2541 αἴτιος
962 2478 1220 2548 κατέστη.
1268 2479 1358 2551 Μὴ
1392 2479 1571 2534 τοίνυν
1616 2479 1990 2551 προσδοκήσῃς

412 2566 437 2618 ἐ
445 2565 512 2635 μὲ
536 2562 817 2630 ἀνέξεσθαί
847 2580 899 2616 τι
925 2560 1107 2615 λαϐεῖν
1127 2561 1237 2616 τῶν
1260 2562 1410 2633 παρὰ
1432 2563 1525 2617 σοῦ
1549 2562 1860 2634 διδομένων.
1891 2564 1995 2616 Οὑ-

410 2648 468 2701 δέ
514 2647 622 2718 γὰρ
667 2646 759 2700 ἐπὶ
806 2644 982 2715 μισθῷ
1027 2643 1125 2715 τῆν
1166 2644 1407 2699 ἐκδικίαν
1449 2647 1811 2718 ἐποιησάμην,
1858 2646 1993 2701 ἀλλὰ

412 2731 677 2803 πρότερον
718 2730 818 2801 μὲν
846 2728 933 2783 διὰ
959 2729 1057 2799 τὴν
1082 2730 1211 2800 περὶ
1242 2730 1335 2783 τὸν
1369 2730 1679 2799 ἀδελφιδοῦν
1707 2733 1991 2805 φιλοστορ-

411 2815 559 2884 γίαν,
597 2814 788 2867 ἔπειτα
811 2812 866 2866 δὲ
890 2812 985 2866 καὶ
1015 2813 1083 2865 δι’
1110 2813 1282 2885 αὐτὴν
1309 2813 1404 2867 τοῦ
1436 2813 1645 2868 δικαίου
1679 2816 1778 2887 τὴν
1809 2815 1989 2885 φύσιν,

411 2899 553 2953 ὥστε
576 2898 702 2963 τούς
721 2896 917 2959 ἀδίκως
941 2896 1294 2969 ἀπηγμένους
1321 2897 1625 2970 ἐξαρπάσαι
1650 2898 1759 2953 τῶν
1783 2898 1993 2972 βαρϐαν

413 2981 583 3054 ρικῶν
604 2979 821 3052 χειρῶν.
855 2982 923 3034 Ei
950 2980 1070 3036 ἀπὸ
1098 2982 1418 3050 σπαρτίου,
1453 2982 1639 3053 φησὶν,
1671 2982 1785 3049 ἕως
1814 2996 1995 3052 σφαι-

408 3063 674 3133 ρωτλῆρος
716 3062 990 3133 λήψομαι
1037 3063 1158 3118 ἀπὸ
1198 3063 1441 3119 πάντων
1488 3064 1608 3119 τῶν
1646 3064 1795 3119 σῶν·
1849 3064 1991 3119 τοῦτ’

411 3148 581 3211 ἐστιν,
607 3146 726 3200 οὐδέ
751 3145 814 3199 τὸ
840 3145 1025 3218 τυχὸν,
1050 3146 1172 3201 οὐδέ
1197 3148 1256 3202 τὸ
1284 3148 1519 3215 εὐτελὲς,
1538 3150 1660 3204 οὐδὲ
1685 3148 1749 3203 τὸ
1769 3149 1994 3204 εὐκατα-

409 3230 678 3303 φρόνητον
715 3230 1089 3301 νομιζόμενον.
1116 3231 1228 3303 _Kal
1245 3233 1353 3304 γὰρ
1389 3234 1747 3306 σφαιρωτῆρα
1769 3234 1991 3289 εἰώθασι

409 3316 590 3384 λέγειν
633 3316 693 3369 τὸ
725 3314 894 3386 ἀκρον
936 3314 1031 3369 τοῦ
1077 3315 1423 3388 ὑποδήματος
1462 3318 1524 3389 τὸ
1551 3319 1631 3382 είς
1664 3319 1758 3384 ὀξὺ
1805 3319 1988 3389 λῆγον·

409 3399 668 3463 τοιούτοις
687 3398 797 3471 γάρ
818 3398 938 3461 ἔθος
956 3397 1140 3469 ἔχουσι
1165 3399 1460 3470 κεχρῆσθαι
1480 3403 1529 3454 οἱ
1552 3401 1835 3474 βάρϐαροι.
1860 3399 1993 3457 Εἶτα

410 3484 508 3537 καὶ
538 3483 636 3552 τὴν
661 3482 841 3536 αἰτίαν
867 3482 965 3552 τῆς
993 3482 1376 3553 παραιτήσεώς
1407 3501 1593 3555 φησιν,
1627 3486 1763 3541 Ἵνα
1796 3485 1884 3556 μὴ
1911 3488 1993 3541 ει-

409 3583 555 3637 πῃς,
598 3566 750 3636 Ἐγὼ
776 3567 1149 3621 πεπλούτικα
1189 3566 1297 3621 τὸν
1327 3570 1570 3638 Ἀϐραμ.
1610 3570 1758 3642 Ἔχω
1783 3571 1872 3624 τὸν
1899 3589 1989 3642 χο·-

412 3652 580 3723 ρηγδν
608 3649 714 3703 τῶν
736 3649 943 3721 μυρίων
969 3649 1210 3718 ἀγαθῶν,
1239 3650 1438 3722 πολλῆς
1456 3652 1716 3707 ἀπολαύω
1735 3654 1832 3722 τῆς
1849 3654 1993 3708 ἀνω-

406 3738 499 3791 θεν
530 3734 724 3807 ῥοπῆς,
749 3734 810 3787 οὐ
829 3734 1019 3804 δέομαι
1041 3736 1135 3788 τοῦ
1162 3734 1314 3807 παρὰ
1335 3736 1427 3789 σοῦ
1451 3737 1701 3801 πλούτου,
1724 3739 1784 3791 οὐ
1806 3739 1992 3811 χρῄζω

406 3818 757 3891 ἀνθρωπίνης
785 3817 1070 3889 εὐπορίας,
1113 3817 1391 3889 ἀρκοῦμαι
1419 3822 1484 3890 τῇ
1526 3821 1678 3893 παρά
1728 3821 1820 3875 τοῦ
1856 3824 1991 3878 Θεοῦ

407 3905 487 3965 είς
512 3902 612 3973 ἐμὲ
637 3899 937 3972 φιλοτιμίᾳ,
962 3895 1081 3955 οἶδα
1106 3900 1270 3955 αὑτοῦ
1295 3902 1356 3956 τὸ
1382 3902 1600 3972 δαψιλὲς
1625 3904 1735 3958 τῶν
1751 3906 1989 3979 δωρεῶν.

409 3987 531 4040 Τῶν
565 3984 775 4057 μικρῶν
805 3985 899 4037 καὶ
928 3982 1161 4037 εὐτελῶν
1183 3988 1594 4057 παραχωρήσας
1618 3986 1696 4058 τῷ
1724 3987 1868 4050 Λὼτ,
1904 4006 1995 4060 με.

404 4069 591 4138 ,γάλων
623 4068 718 4121 καὶ
755 4067 1082 4137 ἀπορρήτων
1111 4064 1350 4139 ἠξιώθην
1378 4070 1741 4139 ὑποσχέσεων·
1779 4072 1871 4125 καὶ
1896 4073 1992 4129 νῦν

412 4150 636 4222 μείζονα
659 4147 884 4202 πλοῦτον
901 4147 1078 4219 ἐαυτῷ
1099 4151 1637 4221 πραγματευόμενος,
1661 4153 1754 4207 καὶ
1773 4154 1991 4211 πλείονα

409 4234 541 4303 παρ’
590 4231 756 4287 αὑτοῦ
808 4230 1020 4284 εὔνοιαν
1081 4233 1481 4303 ἐπισπώμενος,
1543 4236 1633 4289 τὸν
1694 4240 1845 4309 παρὰ
1894 4242 1989 4296 σοῦ

410 4316 642 4371 πλοῦτον
665 4315 726 4368 οὐ
751 4314 1063 4386 προσίεμαι.
1091 4315 1189 4369 Διά
1207 4314 1365 4369 τοῦτο
1385 4316 1464 4382 δὲ,
1488 4318 1564 4381 ὡς
1588 4315 1760 4391 οἶμαι,
1786 4323 1990 4379 καὶτὸν

409 4402 572 4471 ὅρκον
629 4397 958 4471 προσέθηκε,
1006 4397 1102 4451 καὶ
1147 4394 1318 4465 εἶπεν,
1382 4401 1634 4457 Ἕκτενῶ
1675 4406 1792 4474 τὴν
1823 4410 1991 4480 χεῖρά

408 4480 862 4568 μομΑπρὸλς-,τόν
903 4480 1200 4568 Θεὸνῌτὸν
1240 4483 1523 4568 ὕψιστον,
1561 4487 1645 4541 ῖνα
1687 4491 1762 4563 μὴ
1794 4495 1989 4568 νομίσῃ

410 4565 598 4629 ἁπλῶς
629 4565 791 4621 αὐτὸν
824 4565 1273 4636 σχηματίζεσθαι,
1317 4563 1408 4624 οἷα
1449 4572 1767 4642 συμϐαίνειν
1822 4563 1988 4642 εἰκός·

411 4649 529 4703 ἀλλ’
558 4649 646 4703 ἴνα
690 4648 837 4721 μάθῃ
868 4649 949 4702 ὅτι
981 4648 1137 4703 τοῦτο
1168 4650 1317 4722 αὐτῷ
1354 4652 1620 4720 δέδοκται,
1662 4657 1723 4711 τὸ
1759 4660 1893 4731 μηδὲ
1932 4661 1993 4714 τὸ

409 4732 575 4804 τυχὸν
607 4732 816 4787 ἐκεῖθεν
841 4732 1215 4815 νοσφίσασθαι.
1249 4736 1358 4789 Kal
1398 4737 1636 4810 ἐπλήρου
1682 4742 1743 4795 τὸ
1773 4745 1992 4815 παράγ-

412 4816 592 4889 γελμα
620 4818 797 4870 ἐκεῖνο
824 4815 885 4869 τὸ
905 4814 1053 4887 παρὰ
1075 4815 1170 4870 τοῦ
1208 4818 1446 4887 Χριστοῦ
1477 4823 1590 4885 τοῖς
1629 4814 1895 4896 μαθηταῖς
1923 4830 1994 4881 εί.

412 4901 670 4973 ρημένον·
728 4898 961 4967 Δωρεὰν
988 4899 1252 4965 ἐλάϐετε,
1286 4900 1512 4971 δωρεὰν
1553 4904 1709 4962 δότε.
1750 4910 1843 4980 Μή
1885 4911 1991 4983 γὰρ

411 4983 525 5054 ἐγώ
551 5001 604 5037 τι
629 4984 833 5047 πλεῖον,
858 4983 1045 5055 φησὶν,
1070 4985 1364 5055 εἰσήνεγκα
1389 4987 1469 5051 είς
1499 4987 1597 5059 τὴν
1626 4990 1720 5044 τοῦ
1755 4993 1990 5065 πολέμου

414 5067 749 5138 ὐπόθεσιν,ἦ
790 5065 951 5138 μόνον
986 5066 1085 5139 τὴν
1122 5067 1347 5139 γνώμην
1378 5070 1473 5124 καὶ
1512 5072 1613 5143 τὴν
1651 5074 1989 5147 προθυμίαν;

413 5150 528 5221 Τὴν
578 5149 635 5205 δέ
693 5150 853 5222 νίκην
910 5151 1005 5206 καὶ
1040 5151 1102 5204 τὸ
1138 5151 1420 5223 τρόπαιον,
1452 5155 1547 5209 καὶ
1589 5156 1658 5210 τά
1686 5157 1819 5212 ἀλλα
1841 5157 1989 5233 [559]

412 5234 592 5289 πάντα
629 5235 793 5300 αὐτὸς
823 5235 1120 5308 εἰργάσατο
1138 5240 1205 5309 τῇ
1238 5239 1454 5312 ἀοράτῳ
1476 5241 1722 5314 δυνάμει.
1746 5240 1879 5299 Εἶτα
1905 5247 1990 5301 ἵνα

414 5319 492 5391 μὴ
514 5318 712 5392 νομίσῃ
736 5320 766 5372 ό
788 5317 1059 5390 βασιλεὺς,
1084 5321 1167 5375 ὅτι
1184 5321 1251 5375 δι’
1272 5323 1573 5395 ὑπεροψίαν
1598 5325 1692 5381 καὶ
1718 5329 1994 5401 καταφρό-

412 5419 568 5474 νησιν
605 5403 670 5457 οὑ
699 5404 984 5475 προσίεται
1012 5404 1082 5459 τά
1117 5407 1248 5479 παρ’
1275 5407 1441 5462 αὐτοῦ
1476 5410 1747 5482 διδόμενα,
1776 5413 1991 5480 δεικνὺς

410 5486 578 5543 αὐτοῦ
611 5488 705 5541 καὶ
733 5490 790 5542 ἐν
819 5488 995 5562 τούτῳ
1034 5490 1094 5544 τὸ
1133 5493 1361 5566 ἥμερον,
1397 5495 1493 5549 καὶ
1523 5497 1624 5566 τῆς
1664 5496 1890 5570 γνώμης
1930 5502 1991 5556 τὸ

413 5572 724 5643 φιλόσοφον,
755 5575 940 5645 φησίν·
968 5577 1029 5631 οὐ
1059 5577 1321 5651 λήψομαι,
1356 5582 1530 5651 Πλὴν
1555 5575 1642 5636 ὧν
1675 5585 1902 5655 ἔφαγον
1935 5591 1991 5642 οἱ

409 5658 743 5724 νεανίσκοι,
765 5658 993 5729 καὶτῆς
1013 5663 1256 5731 μερίδος
1287 5665 1407 5719 τῶν
1436 5665 1674 5733 ἀνδρῶν
1694 5666 1814 5721 τῶν
1838 5682 1992 5740 συμ-

410 5741 821 5823 πορευθέντων
838 5747 965 5814 μετ’
986 5746 1152 5815 ἐμοῦ,
1183 5748 1438 5816 Ἐσχὼλ,
1466 5749 1693 5815 Αὑνᾶν,
1714 5750 1983 5823 Μαμϐρῆ·

410 5818 578 5908 οὗτοι
600 5825 902 5896 λήψονται
923 5830 1157 5898 μερίδα.
1188 5830 1426 5892 Τουτοις.
1468 5834 1619 5901 φησὶ,
1654 5818 1991 5908 συγχωρήσω

402 5905 600 5965 ¹λαϐεῖν
625 5927 747 5967 τινα
782 5911 1000 5984 μερίδα,
1040 5912 1229 5982 ἐπειδὴ
1275 5912 1474 5986 πολλῆς
1507 5915 1687 5984 φιλίας
1716 5905 1990 5992 τεκμήρια

1121 282 1177 336 S.
1216 279 1503 337 JOANNIS
1538 222 2033 337 CHRYSOSTOMl
2068 280 2386 338 ARCHIEP.
2421 280 2972 339 CONSTANTINOP.

3578 280 3680 336 530

2108 396 2470 461 ἐπεδείξαντο.
2539 393 2713 453 Οὗτοι
2768 397 2912 469 γὰρ,
2985 401 3154 465 φησὶ,
3216 390 3560 462 συνωμόται
3610 394 3684 456 τῷ

2110 480 2344 548 Ἀϐραμ,
2376 480 2523 534 τοῦτ’
2561 481 2727 544 ἐστιν,
2759 482 2838 544 είς
2862 478 3039 548 φιλίαν
3067 477 3419 547 συνημμένου
3448 476 3544 528 καὶ
3566 474 3684 527 τοῦο

2104 579 2165 615 το
2192 562 2430 615 δείκνυσι
2470 563 2531 616 τὸ
2562 563 2779 618 ἑλέσθαι
2818 563 3015 622 αὐτοὺς
3047 559 3375 629 κοινωνῆσαι
3400 558 3553 627 αὐτῷ
3585 574 3686 610 των

2082 645 2387 707 κινδύνων.
2435 646 2533 699 Διά
2572 646 2732 701 τοῦτο
2769 646 2862 699 καὶ
2893 645 3056 707 αὐτὸς
3103 643 3463 713 ἀμειϐόμενος
3492 642 3686 701 αὐτοὺς

2104 729 2512 799 παρασκευάζει
2536 730 2728 801 μερίδα
2750 730 2873 783 τινὰ
2894 730 3098 795 λαϐεῖν,
3124 729 3219 782 καὶ
3243 731 3301 782 ἐν
3328 726 3505 796 τούτῳ
3528 724 3686 779 πάλιν

2102 811 2194 864 τὸν
2223 812 2577 868 άποστολικὸν
2598 814 2762 883 νόμον
2788 813 3008 885 πληρῶν
3029 813 3118 865 τὸν
3144 812 3393 880 λέγοντα,
3430 811 3630 874 Ἄξιος
3660 810 3688 860 ὁ

2102 894 2356 965 ἐργάτης
2399 895 2506 963 τῆς
2554 895 2779 965 τροφῆς
2832 898 3019 952 αὑτοῦ
3063 898 3251 951 ἐστιν.
3299 894 3436 948 Οὐδὲ
3490 894 3602 966 γάρ
3637 908 3686 946 τι

2102 978 2264 1033 πλέον
2293 980 2390 1050 τῆς
2418 980 2608 1050 χρείας
2650 981 2847 1044 αὐτοὺς
2872 981 3059 1033 λαϐεῖν
3090 979 3305 1051 ἀφίησι·
3353 976 3530 1045 Πλὴν
3559 976 3683 1046 γὰρ,

2102 1063 2287 1132 φησὶν,
2319 1058 2407 1116 ὧν
2441 1064 2670 1132 ἔφαγον
2712 1067 2765 1118 οί
2804 1066 3134 1126 νεακίσκοι,
3173 1061 3408 1129 καὶτῆς
3443 1060 3683 1129 μερίδος

2084 1145 2221 1199 τῶν
2249 1146 2790 1214 συμπορευθέντων
2817 1149 2943 1215 μετ’
2962 1146 3132 1215 ἐμοῦ,
3170 1146 3425 1215 Ἐσχὼλ,
3454 1142 3682 1206 Δῠνᾶνν

2084 1227 2370 1297 ηΜαμόρῆ·
2395 1224 2560 1284 οὗτοι
2587 1229 2870 1296 λήψονεα
2909 1229 3138 1299 μερίδα.
3170 1229 3335 1283 Ἴδετε
3354 1228 3458 1299 τῆς
3484 1227 3681 1298 ἀρετῆς

2099 1310 2194 1365 τοῦ
2229 1310 2564 1381 πατριάρχου
2596 1310 2695 1381 τὴν
2728 1311 3034 1381 ἀκρίϐειαν,
3068 1311 3184 1376 πῶς
3207 1313 3302 1366 καὶ
3340 1313 3442 1382 τὴν
3469 1312 3681 1381 901000-

2102 1394 2231 1463 φίαν
2258 1392 2568 1458 ἐπεδείξατο
2598 1393 2697 1465 τὴν
2716 1395 2845 1465 περὶ
2870 1395 2970 1466 τὴν
3000 1395 3299 1467 ὑπεροψίαν
3327 1395 3438 1449 τῶν
3469 1395 3683 1466 χρημάο

2098 1495 2228 1542 των,
2250 1477 2344 1531 καὶ
2363 1476 2461 1547 τὴν
2479 1478 3003 1551 ταπεινοφροσύνην,
3035 1481 3128 1533 καὶ
3155 1479 3330 1534 πάντα
3352 1482 3518 1544 ποιεῖ,
3545 1479 3681 1532 ῶστε

2103 1561 2177 1632 μὴ
2210 1560 2358 1625 δόξαι
2392 1562 2678 1631 ἀλαζονείᾳ
2702 1563 2809 1615 τινὶ
2842 1564 2934 1615 καὶ
2957 1565 3359 1634 καταφρονήσει
3385 1563 3552 1617 τοῦτο
3585 1581 3680 1616 1:-

2100 1643 2404 1713 ποιηκέναι,
2438 1644 2532 1698 καὶ
2554 1644 2641 1699 διά
2663 1645 2819 1698 τοῦτο
2844 1648 2987 1717 μέγα
3018 1649 3232 1718 φρονεῖν
3256 1647 3349 1699 ἐπὶ
3372 1649 3441 1719 τῇ
3464 1647 3593 1718 νίκῃ
3617 1650 3678 1718 τῇ

2098 1728 2445 1801 γεγενημένη
2467 1745 2481 1791 ς

2170 1809 2235 1874 ζ’.
2262 1810 2465 1863 Τοῦτον
2497 1810 2560 1881 δὴ
2583 1811 2679 1866 καὶ
2694 1812 2858 1881 ήμεῖς
2888 1811 3203 1884 μιμώμεθα,
3225 1812 3559 1884 παρακαλῶ,
3587 1813 3678 1865 κιὶ

2100 1893 2490 1963 σπουδάζωμεν
2512 1896 2790 1966 ἀλήπτους
2816 1892 3043 1961 ἑαυτοὺς
3072 1898 3385 1966 φυλάττειν,
3410 1898 3512 1951 καὶ
3548 1899 3679 1967 μήτε

2098 1978 2370 2048 προφάσει
2413 1976 2515 2047 τῆς
2558 1978 2759 2049 ἀρετῆς
2794 1980 3055 2044 ἀπονοίας
3095 1983 3309 2044 ἑαυτοῖς
3341 1981 3680 2053 περιτιθέναι

2097 2060 2273 2127 δόξαν,
2310 2060 2445 2130 μηδὲ
2494 2061 2767 2131 προφάσει
2804 2064 3305 2134 ταπεινοφροσύνης
3339 2065 3446 2135 τῆς
3487 2065 3681 2135 ἀρετῆς

2096 2161 2235 2197 κατα
2244 2144 2448 2215 μελεῖν·
2475 2143 2614 2197 ἀλλά
2642 2144 2919 2216 πανταχοῦ
2951 2146 3013 2199 τὸ
3035 2147 3231 2219 μέτρον
3255 2147 3570 2213 διασώζειν,
3593 2146 3681 2199 καὶ

2093 2229 2206 2289 τοῖς
2227 2226 2615 2299 κατορθώμασι
2632 2230 2745 2290 τοῖς
2762 2228 2853 2296 ὑφ’
2871 2228 3025 2300 ὑμῶν
3056 2239 3075 2260 ⁸
3096 2231 3405 2299 γινομένοις
3429 2231 3681 2298 καθάπερ

2095 2310 2344 2381 θεμέλιόν
2381 2327 2505 2363 τινα
2545 2310 2639 2365 καὶ
2672 2310 3009 2384 ὑποϐάθραν,
3047 2312 3144 2384 τὴν
3175 2312 3681 2384 ταπεινοφροσύνην

2098 2389 2433 2454 ὑποτιθέναι,
2465 2390 2551 2443 ἵνα
2586 2390 2724 2459 μετά
2751 2390 3050 2459 ἀσφαλείας
3073 2393 3203 2462 ἡμῖν
3231 2391 3593 2462 οίκοδομῆται
3617 2391 3681 2443 τὰ

2093 2474 2192 2543 τῆς
2224 2473 2445 2543 ἀρετῆς.
2477 2473 2647 2527 Τοῦτο
2684 2473 2793 2546 γάρ
2815 2474 3004 2546 ἀρετὴ,
3039 2476 3167 2529 ὅταν
3196 2475 3296 2548 ἔχῃ
3323 2475 3540 2546 ταύτην
3565 2491 3682 2526 συν-

2094 2557 2451 2627 εζευγμένην.
2496 2558 2555 2611 ’0
2583 2557 2691 2629 γάρ
2726 2557 2915 2612 τοῦτον
2956 2559 3095 2630 μετά
3120 2559 3427 2628 ἀσφαλείας
3478 2560 3573 2613 τὸν
3602 2560 3683 2611 θε-

2097 2641 2280 2712 μέλιον
2304 2640 2625 2695 καταϐαλὼν
2653 2642 2941 2712 δυνήσεται
2971 2642 3107 2715 πρὸς
3128 2645 3251 2698 ὅσον
3274 2642 3530 2714 βούλεται
3556 2642 3683 2712 ὕψος

2093 2726 2310 2796 ἐγεῖραι,
2336 2722 2435 2792 τὴν
2449 2724 2761 2796 οἰκοδομήν.
2789 2725 2938 2798 Αὕτη
2968 2728 3197 2799 μεγίστη
3223 2727 3524 2795 ἀσφάλεια,
3546 2728 3682 2797 αὐτη

2094 2810 2267 2875 τεῖχος
2307 2807 2569 2878 ἀρῤαγὲς,
2614 2807 2751 2879 αὐτη
2794 2808 3002 2880 πύργος
3045 2810 3499 2881 ἀκαταμάχητος,
3548 2810 3683 2880 αὕτη

2094 2891 2275 2942 πᾶσαν
2294 2890 2582 2958 συσφίγγει
2611 2891 2708 2962 τὴν
2736 2892 3048 2962 οἰκοδομὴν,
3070 2894 3167 2947 οὐκ
3186 2894 3411 2961 ἀφιεῖσα
3437 2895 3565 2947 οὔτε
3587 2895 3685 2947 ὑπὸ

2094 2971 2312 3041 ἀνέμων
2341 2974 2722 3045 σφοδρότητος,
2755 2974 2879 3028 οὐτε
2910 2976 3018 3028 ὑπὸ
3044 2976 3143 3047 τῆς
3180 2976 3289 3029 τῶν
3315 2976 3553 3050 ὄμϐρων
3592 2994 3684 3048 φο-

2088 3058 2217 3129 ράς,
2252 3055 2376 3111 οὔτε
2410 3058 2516 3112 ὑπὸ
2537 3059 2639 3130 τῆς
2667 3060 2777 3113 τῶν
2810 3059 3134 3130 πνευμάτων
3162 3060 3281 3130 βίας
3309 3062 3491 3133 αὐτὴν
3520 3079 3685 3116 κατα-

2095 3144 2300 3203 πεσεῖν,
2338 3142 2455 3195 ἀλλ’
2485 3142 2763 3214 ἀνωτέραν
2800 3143 3090 3215 καθίστησι
3141 3144 3323 3214 πάσης
3364 3145 3684 3216 ἐπιϐουλῆς,

2095 3226 2189 3279 καὶ
2231 3224 2482 3296 καθάπερ
2518 3226 2578 3291 ἐξ
2614 3226 2920 3297 ἀδάμαντός
2960 3244 3103 3291 τινος
3137 3228 3686 3300 κατεσκευασμένην,

2094 3308 2267 3370 οὑτως
2300 3308 2470 3379 αὐτὴν
2494 3307 2792 3380 ἀχείρωτον
2818 3309 3131 3380 ἐργάζεται,
3158 3309 3251 3364 καὶ
3277 3311 3530 3380 μεγάλας
3557 3314 3688 3383 ἡμῖν

2093 3391 2328 3462 ἀμοιϐάς
2357 3391 2509 3462 παρά
2542 3391 2639 3461 τῆς
2661 3392 2756 3446 τοῦ
2788 3392 3166 3465 φιλανθρώπου
3193 3394 3328 3447 Θεοῦ
3349 3395 3573 3466 δωρεᾶς
3595 3398 3690 3465 ἐφ-

2094 3475 2328 3528 έλκεται·
2350 3474 2415 3527 δι’
2436 3471 2507 3547 ἦς
2536 3476 2881 3548 πατριάρχης
2905 3478 3173 3531 τοσούτων
3199 3478 3310 3531 τῶν
3334 3479 3691 3549 ἐπαγγελιῶν

2093 3557 2187 3611 τοῦ
2216 3557 2350 3611 Θεοῦ
2378 3558 2438 3612 τὸ
2463 3558 2692 3629 μέγεθος
2724 3560 2961 3627 ἐδέξατο.
2990 3562 3217 3616 Είσεσθε
3242 3562 3373 3634 γάρ,
3405 3564 3510 3618 τοῦ
3550 3564 3689 3618 Θεοῦ

2094 3640 2479 3713 ἐπιτρέποντος
2504 3682 2519 3707 ,
2570 3642 2663 3699 καὶ
2716 3644 2781 3697 ἐκ
2827 3645 2929 3715 τῆς
2983 3644 3301 3709 ἀκολουθίας
3370 3646 3487 3700 τῶν
3562 3647 3690 3718 ἐξῆς

2097 3724 2401 3797 μελλόντων
2455 3725 2809 3797 ῥηθήσεσθαι,
2852 3727 2971 3792 πῶς
3015 3729 3110 3782 καὶ
3146 3727 3240 3782 νῦν
3274 3729 3556 3801 ὑπεριδὼν
3580 3730 3690 3783 τῶν

2094 3808 2247 3881 παρά
2271 3808 2364 3863 τοῦ
2401 3809 2663 3881 βασιλέως
2700 3811 2948 3883 Σοδόμων
2988 3811 3138 3883 αὐτῷ
3169 3813 3465 3884 διδομένων
3498 3815 3550 3879 δ,
3594 3833 3693 3886 με·

2090 3894 2276 3965 ηγάλων
2318 3894 2412 3948 καὶ
2455 3896 2678 3963 ἀφάτων
2720 3894 2925 3965 ἠξιώθη
2970 3898 3081 3950 τῶν
3133 3896 3228 3950 τοῦ
3265 3896 3400 3951 Θεοῦ
3437 3898 3688 3969 δωρεῶν.

2093 3980 2193 4033 Διά
2245 3977 2449 4049 ταύτης
2498 3979 2600 4032 οὐκ
2633 3977 2798 4041 αὐτὸς
2846 3978 3025 4048 μόνος,
3057 3978 3193 4033 ἀλλά
3225 3980 3318 4033 καὶ
3351 3980 3468 4033 τῶν
3506 3982 3693 4036 ἄλλων

2091 4062 2316 4116 δικαίων
2367 4062 2597 4124 ἕκαστος
2648 4060 2994 4132 εὐδοκίμησε.
3045 4063 3157 4116 Kal
3204 4062 3384 4123 τοῦτο.
3440 4064 3563 4117 ὅσοι
3604 4084 3693 4134 φι-

2093 4147 2307 4201 λόπονοι
2356 4148 2484 4218 περὶ
2522 4145 2620 4217 τὴν
2650 4145 2954 4214 ἀνάγνωσιν
2987 4146 3097 4199 τῶν
3131 4145 3289 4200 θείων
3336 4147 3493 4220 [560]
3541 4150 3690 4222 Γρα-

2095 4230 2212 4299 φῶν
2258 4232 2404 4294 ἐστε,
2448 4227 2744 4299 δυνήσεσθε
2792 4228 3131 4301 καταμαθεῖν
3192 4231 3474 4301 πανταχοῦ
3535 4235 3693 4302 γινό-

2098 4330 2277 4384 μενον.
2322 4314 2380 4366 ὐ
2401 4313 2508 4385 γάρ
2538 4312 2919 4385 φιλάνθρωπος
2944 4312 3101 4384 ήμῶν
3124 4313 3420 4385 Δεσπότης,
3445 4316 3585 4370 ὅταν
3608 4318 3693 4389 ίδῃ

2094 4396 2478 4469 ὑπερορῶντας
2504 4398 2652 4468 ήμᾶς
2672 4396 2779 4451 τῶν
2796 4396 3096 4467 παρόντων,
3123 4398 3260 4468 μετά
3281 4396 3578 4466 δαψιλείας
3596 4403 3695 4454 καὶ

2092 4478 2263 4533 ταῦτα
2294 4478 2546 4550 παρέχει,
2564 4481 2663 4533 καὶ
2690 4479 2798 4533 τῶν
2831 4480 3132 4551 μελλόντων
3162 4482 3290 4552 ἡμῖν
3323 4480 3557 4547 ἀγαθῶν
3591 4484 3695 4555 τὴν

2092 4563 2394 4617 ἀπόλαυσιν
2417 4560 2759 4633 ταμιεύεται.
2806 4563 2917 4617 Kal
2936 4563 3095 4618 τοῦτο
3118 4564 3213 4619 καὶ
3229 4566 3320 4619 ἐπὶ
3347 4568 3693 4638 χρημάτων,

2093 4647 2187 4699 καὶ
2216 4647 2309 4700 ἐπὶ
2346 4648 2445 4717 τῆς
2463 4645 2619 4717 δόξης
2639 4644 2734 4700 τοῦ
2777 4648 3043 4719 παρόντος
3068 4647 3204 4717 βίου,
3232 4648 3327 4702 xal
3341 4649 3436 4702 ἐπὶ
3459 4652 3695 4707 πάντων

2089 4729 2200 4782 τῶν
2230 4729 2512 4799 ἐπικήρων
2535 4729 2875 4802 πραγμάτων
2901 4731 3048 4783 ἐστὶν
3082 4732 3209 4784 ἰδεῖν
3231 4732 3549 4801 γινόμενον.
3574 4738 3696 4793 Κα-

2092 4812 2448 4882 ταφρονῶμεν
2492 4813 2671 4865 τοίνυν
2704 4813 2798 4866 τοῦ
2853 4814 3116 4885 παρόντος
3172 4814 3425 4879 πλούτου,
3471 4818 3570 4872 ἵνα
3601 4821 3696 4873 τὶν
3754 4874 3755 4885 η

2092 4896 2266 4966 ἀληθῆ
2322 4895 2546 4949 πλοῦτον
2600 4895 2780 4967 εὑρεῖν
2827 4895 3166 4967 δυνηθῶμεν·
3198 4898 3554 4970 ὑπερίδωμεν
3588 4904 3696 4972 τῆς
3754 4898 3755 4933 λ

2092 4978 2256 5049 κενῆς
2280 4978 2482 5047 ταύτης
2502 4977 2680 5047 δόξης,
2711 4978 2797 5032 ἵνα
2820 4978 2920 5049 τῆς
2948 4979 3180 5050 ἀληθοῦς
3216 4981 3433 5051 ἐκείνης
3459 4984 3567 5037 καὶ
3601 4986 3698 5055 βε-

2094 5059 2253 5124 ϐαίας
2296 5060 2717 5131 ἀπολαύσωμεν·
2757 5061 3219 5133 καταγελάσωμεν
3264 5063 3364 5133 τῆς
3386 5067 3699 5137 παρούσης

2092 5143 2413 5215 εὐημερίας,
2437 5144 2527 5196 ἵνα
2561 5144 2669 5197 τῶν
2695 5144 3022 5217 ἀπορρήτων
3050 5144 3271 5198 ἐκείνων
3300 5146 3528 5215 ἀγαθῶν
3564 5152 3700 5204 ἐπι-

2090 5227 2364 5298 τύχωμεν·
2401 5226 2565 5299 μηδὲν
2594 5226 2953 5299 ἡγώμεθατά
3006 5228 3268 5300 παρόντα,
3304 5231 3388 5282 ἵνα
3418 5230 3566 5302 πρὸς
3597 5237 3699 5287 τὸν

2078 5310 2198 5365 τῶν
2231 5309 2531 5382 μελλόντων
2576 5311 2738 5366 πόθον
2777 5310 3121 5382 διεγερθῆναι
3162 5311 3502 5383 δυνηθῶμεν.
3541 5318 3696 5372 Οὐδὲ
3754 5304 3755 5347 Ῡ

2092 5395 2201 5468 γάρ
2225 5390 2418 5448 οἷόντε
2451 5394 2541 5447 τὸν
2574 5396 2687 5457 τοῖς
2734 5394 2970 5464 παροῦσι
2997 5395 3418 5466 προσηλωμένον
3450 5400 3697 5455 ἐκείνων

2090 5480 2200 5534 τῶν
2255 5479 2585 5550 ἀπορρήτων
2640 5478 2859 5547 ἀγαθῶν
2908 5478 2997 5531 τὸν
3028 5478 3214 5532 πόθον
3272 5480 3699 5546 καταδέξασθαί
3754 5494 3755 5503 ‘

2092 5581 2240 5627 ποτε,
2262 5563 2513 5635 καθάπερ
2535 5562 2714 5633 λήμης
2734 5562 2878 5624 τινὸς
2901 5565 3014 5625 τοῖς
3033 5561 3335 5633 ὀφθαλμοῖς
3356 5564 3457 5618 τοῦ
3491 5566 3701 5637 σὼμι-

2094 5696 2105 5755 '_
2152 5684 2323 5755 {Reg
2352 5691 2405 5735 et
2427 5685 2845 5755 Saﬁl._0?_’_6p:§w.
2871 5684 3088 5755 Οιιξςυοι·
3105 5697 3221 5755 πιδε-
3245 5684 3323 5749 ὐφ’
3342 5689 3503 5755 ῆμῆν.
3529 5699 3699 5755 atque

2090 5745 2311 5812 ξιιΑιεεῑι
2335 5758 2519 5812 ιοιεη).
2588 5748 2615 5788 b
2636 5745 2858 5799 εὔοδον.
2883 5746 3082 5812 εικοτ.
3106 5745 3206 5812 Sex
3240 5745 3353 5797 m'ss.
3379 5745 3696 5812 δεδομένέη-

2090 5809 2215 5860 Infra
2239 5808 2387 5879 εαξη.
2418 5808 2693 5879 gt'seplqm
2736 5823 2850 5879 ms_s.
2885 5808 2993 5879 δσοι
3022 5810 3282 5879 φιλότεχνοι
3311 5811 3421 5872 περί
3571 5815 3704 5863 ἀντὶ-

2087 5886 2276 5939 γνῶσιν.
2304 5870 2476 5980 ιρόοιὲο
2498 5870 2608 5933 quae
2637 5872 2684 5921 in
2708 5876 2945 5922 contexui
2972 5870 3173 5934 legitur,
3198 5870 3387 5934 nempe‘
3405 5870 3691 5935 φιλόπονοι,

2087 5945 2240 5980 magis
2262 5944 2341 5980 τιτι·
2394 5945 2421 5979 e
2449 5968 2461 5980 .

2087 5937 2240 5995 magis
2262 5937 2461 5981 arridet.

3753 90 3756 267 ι
