3750 6284
123 298 216 356 39,9
1118 289 1184 349 IN
1211 293 1361 349 CAP.
1403 291 1541 347 XIV.
1575 289 1822 347 GENES.
1865 291 2096 348 llOMlL.
2136 293 2351 350 XXXV.

122 415 256 474 viros.
288 412 556 483 equitatum
584 419 747 467 autem
777 405 892 467 tolle
920 409 1025 466 tibi.
1068 413 1295 467 Honesta
1324 411 1462 480 regis
1486 410 1671 480 gratia,

119 501 202 556 sed
244 503 362 556 vide
396 504 524 571 justi
569 503 974 572 philosophiam.
1005 502 1092 556 22.
1130 502 1270 556 Dixit
1309 511 1472 554 autem
1497 503 1681 555 Abram

119 591 212 660 regi
249 590 584 646 Sodomorum
612 608 631 646 .'
663 592 944 647 Extendam
983 609 1184 646 manum
1226 609 1386 646 meam
1413 591 1481 644 ad
1517 591 1680 644 Deum

117 683 420 747 altissimum,
447 684 535 752 qui
559 685 676 753 fecit
701 685 880 738 caelum
906 693 954 739 et
981 693 1184 750 terram,
1211 683 1301 738 25.
1332 683 1374 737 si
1397 699 1428 735 a
1455 683 1679 752 funiculo

117 789 262 844 usque
283 774 350 826 ad
377 775 734 844 sphcroterem
757 775 1076 828 calceamenti
1095 774 1340 842 accipiant
1366 777 1427 826 de
1451 775 1678 827 omnibus

116 864 208 919 tuis
231 879 250 916 :
273 873 328 917 ut
351 881 412 918 ne
430 865 588 929 dicas,
612 863 724 935 Ego
745 865 900 918 ditari
925 865 1129 918 Abram.
1157 865 1338 933 Magna
1365 864 1676 932 patriarchae

116 953 161 1006 in
189 955 588 1009 contemnendis
610 955 804 1009 divitiis
841 955 1027 1009 virtus.
1071 955 1136 1008 Et
1170 956 1320 1023 cujus
1348 956 1514 1024 gratia
1552 969 1674 1009 cum

113 1045 406 1099 iuramento
434 1055 638 1100 recusat
679 1053 733 1099 et
767 1045 897 1099 dicit
926 1063 940 1098 :
966 1044 1252 1098 Extendam
1281 1061 1485 1098 manum
1513 1061 1676 1098 meam

118 1136 174 1190 lli
204 1133 361 1189 Deum
383 1138 722 1200 altissimum,
749 1138 832 1203 qui
859 1137 1045 1190 creavit
1069 1137 1247 1190 caelum
1270 1143 1315 1190 et
1341 1135 1572 1189 terram?

175 1227 228 1281 6.
259 1227 370 1283 Duo
414 1228 570 1281 simul
611 1226 802 1281 docere
842 1226 950 1281 vult
989 1226 1340 1281 Sodomorum
1385 1241 1584 1295 regem,
1615 1240 1675 1280 se

112 1317 322 1372 minime
358 1318 474 1386 capi
500 1317 654 1371 donis
680 1331 798 1386 qua:
824 1316 890 1370 ab
917 1317 1032 1385 ipso
1054 1316 1410 1371 offerebantur
1431 1357 1448 1383 ,
1474 1325 1527 1371 et
1556 1330 1672 1368 ma-

108 1423 262 1477 gnam
295 1409 640 1479 philosophiae
675 1409 902 1463 formam
943 1409 1176 1463 indicare
1199 1408 1359 1473 velle,
1381 1423 1444 1462 ac
1466 1407 1674 1477 pietatis

109 1502 372 1557 doctorem
391 1503 439 1556 ei
468 1503 579 1556 fieri
609 1502 840 1565 studere,
858 1515 920 1558 ac
948 1502 990 1554 si
1021 1501 1260 1555 instituat
1280 1501 1428 1554 illum
1456 1500 1536 1554 his
1550 1515 1671 1555 ver-

109 1592 228 1647 bis:
260 1592 406 1647 Illum
451 1592 544 1647 tibi
583 1596 770 1649 testem
807 1591 1054 1657 adhibet),
1083 1607 1168 1646 me
1195 1591 1328 1645 nihil
1354 1599 1560 1645 tuarum
1588 1607 1674 1646 re-

107 1700 220 1738 rum
243 1695 596 1755 accepturum,
619 1684 789 1750 illum,
809 1687 1044 1754 inquam,
1059 1685 1291 1738 omnium
1307 1682 1670 1750 Conditorem,

107 1785 160 1828 ut
208 1789 369 1829 nosse
406 1776 577 1845 possis
619 1775 785 1830 Deum
832 1775 1091 1837 omnium,
1119 1784 1172 1830 et
1215 1791 1281 1828 ne
1321 1773 1509 1830 credas
1554 1790 1672 1830 esse

101 1866 230 1921 deos
260 1882 319 1920 ea
345 1884 462 1935 quze
489 1867 556 1920 ab
587 1866 856 1920 hominum
898 1866 1142 1920 manibus
1187 1865 1530 1920 fabricantur.
1579 1866 1671 1922 Ille

103 1957 245 2011 enirn
273 1958 386 2011 cteli
407 1968 458 2011 et
485 1964 640 2010 terra:
669 1957 942 2021 Conditor,
970 1956 1058 2010 ille
1076 1965 1130 2010 et
1156 1955 1306 2011 nobis
1327 1955 1378 2008 in
1403 1956 1504 2010 hoc
1533 1957 1670 2011 bello

102 2047 335 2101 victoria:
363 2056 415 2101 et
455 2047 702 2117 triumphi
745 2057 948 2101 auctor.
993 2046 1068 2101 Ne
1095 2047 1254 2115 igitur
1278 2054 1555 2115 exspectes
1583 2061 1671 2102 me

100 2137 365 2207 quidpiam
386 2153 449 2192 ex
471 2138 622 2192 donis
646 2138 747 2192 tuis
769 2146 1127 2207 accepturum.
1153 2138 1334 2208 Neque
1361 2140 1500 2192 enim
1529 2154 1669 2193 mer-

98 2228 244 2282 cedis
279 2231 443 2299 gratia
473 2229 754 2283 vindictam
800 2229 920 2293 feci,
960 2229 1052 2284 sed
1098 2229 1322 2298 primum
1365 2229 1434 2284 ob
1474 2230 1671 2284 amoris

97 2320 364 2388 allectum,
395 2336 549 2391 quem
580 2336 703 2391 erga
741 2321 913 2376 fratris
947 2322 1047 2376 mei
1076 2321 1241 2375 lilium
1261 2337 1392 2391 gero
1431 2337 1446 2376 :
1479 2322 1670 2378 deinde

91 2419 146 2464 et
183 2420 405 2480 propter
433 2413 596 2479 ipsius
629 2411 846 2480 justitite
881 2411 1132 2477 ofﬁcium,
1161 2420 1219 2466 ut
1254 2427 1285 2467 e
1322 2413 1668 2467 barbarorum

94 2501 344 2555 manibus
369 2504 625 2571 eriperem
649 2502 840 2571 injuste
867 2502 1142 2557 abductos.
1171 2503 1229 2557 Si
1259 2519 1291 2556 a
1315 2504 1558 2573 funiculo,
1585 2504 1668 2558 in-

86 2591 227 2662 quit,
251 2609 413 2663 usque
438 2593 505 2646 ad
529 2595 880 2663 sphwroterem
900 2594 1053 2648 calcei
1079 2595 1321 2664 accipiam
1345 2595 1409 2649 de
1430 2596 1526 2648 tuis
1555 2612 1666 2648 om-

90 2683 240 2736 nibus
263 2681 401 2737 :hoc
425 2691 525 2747 est,
550 2683 678 2736 nihil
712 2693 816 2737 tam
840 2684 963 2748 vile,
992 2699 1090 2740 nec
1119 2694 1223 2739 tam
1251 2684 1397 2738 nihili
1430 2685 1666 2739 habitum

86 2781 174 2827 est
193 2773 338 2842 quod
359 2781 672 2841 accepturus
687 2774 809 2828 sim.
833 2773 960 2827 Nam
983 2774 1360 2843 sphaeroterem
1390 2774 1464 2846 (a)
1496 2775 1668 2830 solent

87 2877 286 2918 vocare
328 2863 530 2932 apicem
574 2863 768 2930 calcei,
811 2864 900 2935 qui
944 2865 996 2918 in
1031 2879 1251 2920 acumen
1296 2864 1490 2921 desinit
1517 2885 1529 2921 ε
1561 2881 1668 2937 quo

83 2954 392 3008 calceorum
428 2969 628 3023 genere
672 2955 880 3010 barbari
919 2965 1240 3011 consuerunt
1284 2958 1378 3012 uti.
1437 2958 1571 3013 Exin
1613 2970 1669 3016 et

83 3057 331 3108 causam,
352 3060 517 3114 quare
555 3045 796 3114 accipere
849 3045 1122 3112 detrectet,
1153 3047 1322 3103 dicit:
1357 3048 1427 3104 Ut
1473 3066 1537 3104 ne
1583 3051 1666 3104 di—

81 3151 168 3189 cas
196 3151 218 3189 :
242 3133 356 3205 Ego
379 3135 671 3206 locupletavi
696 3137 901 3190 Abram.
946 3137 1124 3193 Habeo
1163 3140 1348 3204 Deum,
1379 3141 1468 3211 qui
1512 3143 1668 3197 innu-

79 3243 232 3283 mera
257 3228 390 3283 mihi
416 3229 713 3299 suppeditet
739 3229 874 3283 bona
901 3272 916 3296 ,
944 3245 1174 3299 superno
1201 3233 1398 3287 innitor
1423 3234 1620 3290 auxilio
1648 3253 1662 3292 :

81 3331 191 3372 non
235 3333 375 3388 opus
411 3319 538 3373 mihi
569 3319 764 3373 divitiis
791 3320 912 3385 tuis,
942 3336 1044 3375 non
1073 3321 1283 3392 indigeo
1308 3322 1551 3378 humanis
1581 3325 1661 3379 fa-

72 3408 396 3476 cultatibus,
415 3417 693 3465 contentus
710 3425 827 3465 sum
850 3410 937 3466 Dei
961 3412 1012 3464 in
1036 3427 1120 3468 me
1141 3411 1485 3468 beneficentia
1511 3431 1526 3468 :
1554 3415 1665 3469 scio

75 3499 226 3553 illius
257 3499 576 3568 largitatem.
603 3500 789 3555 Paucis
813 3509 867 3554 et
888 3501 1075 3557 vilibus
1104 3503 1239 3556 cessi
1265 3517 1384 3557 meo
1405 3503 1523 3569 Lot,
1552 3519 1665 3560 ma-

68 3604 213 3659 gnas
252 3597 315 3644 et
350 3588 640 3646 inell‘abiles
665 3591 1046 3660 promissiones
1081 3603 1396 3663 assequutus
1433 3610 1580 3659 sunt,
1609 3603 1664 3650 et

71 3698 223 3738 nunc
253 3683 519 3751 majorum
545 3683 842 3738 divitiarum
871 3685 1158 3754 negotiatio
1183 3685 1310 3739 mihi
1339 3695 1441 3751 est,
1471 3694 1526 3742 et
1554 3701 1666 3740 ma-

66 3789 252 3830 iorem
283 3774 404 3843 ejus
425 3774 646 3845 gratiam
666 3774 793 3829 mihi
813 3775 1058 3841 concilio,
1078 3791 1244 3846 quare
1263 3792 1394 3846 opes
1416 3787 1531 3831 tuas
1558 3792 1660 3831 non

65 3868 315 3937 accipio.
346 3865 468 3920 Ideo
490 3874 687 3931 autem,
713 3868 921 3937 opinor,
947 3876 1000 3922 et
1015 3866 1370 3937 juramentum
1401 3868 1659 3937 adhibuit,

60 3969 121 4013 et
146 3959 302 4013 dixit
325 3957 639 4012 :Extendam
665 3976 868 4012 manum
888 3976 1047 4014 meam
1068 3961 1134 4013 ad
1154 3961 1316 4014 Deum
1343 3963 1658 4027 altissimum,

61 4061 124 4106 ut
165 4067 245 4106 ne
297 4059 446 4120 putet
471 4066 591 4105 eum
619 4051 686 4105 ita
716 4051 986 4117 simulare,
1013 4061 1070 4106 ut
1106 4053 1377 4123 probabile
1403 4062 1486 4108 est
1518 4068 1662 4124 saepe

54 4143 403 4213 contingere
433 4159 447 4196 :
473 4142 565 4197 sed
585 4152 642 4197 ut
667 4143 799 4198 sciat
824 4143 924 4198 hoc
954 4144 1021 4197 ita
1046 4144 1203 4214 plane
1229 4145 1497 4200 decretum
1523 4148 1660 4216 apud

58 4235 286 4288 Abram
307 4273 321 4297 ,
352 4241 416 4288 ut
450 4249 519 4288 ne
546 4236 628 4290 vel
670 4235 942 4290 minimum
968 4235 1091 4306 quid
1119 4236 1240 4291 inde
1268 4237 1366 4292 sibi
1393 4239 1658 4307 seligeret.

53 4327 255 4394 Atque
308 4324 380 4379 ita
427 4323 677 4395 implebat
713 4326 1015 4381 mandatum
1054 4327 1181 4381 illud
1226 4327 1364 4397 quod
1390 4343 1418 4381 a
1451 4330 1662 4384 Christo

50 4416 357 4486 discipulis
405 4425 488 4472 est
537 4417 715 4472 datum
750 4436 766 4474 :
797 4417 966 4473 Gratis
1005 4421 1296 4489 accepistis,
1346 4424 1503 4492 gratis
1547 4425 1663 4479 date

49 4507 300 4576 (Matth.
340 4506 429 4562 10.
459 4507 538 4577 8).
561 4508 694 4563 Num
725 4523 843 4579 ego,
875 4510 1064 4579 inquit,
1096 4510 1236 4564 aliud
1265 4511 1389 4581 quid
1427 4513 1492 4566 ad
1539 4514 1660 4569 belli

47 4614 176 4651 rem
227 4596 420 4661 attuli,
461 4607 808 4667 praeterquam
839 4600 1164 4654 voluntatem
1209 4609 1264 4655 et
1298 4603 1660 4658 alacritatem?

47 4689 379 4745 Victoriam
404 4699 580 4743 autem
600 4730 617 4755 ,
647 4699 701 4744 et
727 4690 1072 4758 triumphum,
1096 4705 1158 4746 ac
1190 4699 1381 4746 caetera
1413 4703 1659 4762 Operatus

40 4794 133 4838 est
167 4782 280 4840 ille
318 4782 563 4837 invisibili
588 4784 799 4838 virtute.
848 4782 1049 4838 Deinde
1089 4792 1148 4838 ut
1190 4799 1260 4838 ne
1299 4793 1506 4853 putaret
1542 4800 1660 4852 rex,

39 4876 242 4944 ipsum
279 4886 356 4928 ex
383 4872 631 4942 superbia
653 4882 708 4928 et
730 4881 1035 4943 contemptu
1074 4888 1193 4944 quae
1221 4874 1288 4927 ab
1311 4888 1376 4928 eo
1401 4873 1660 4929 dabantur

36 4982 157 5020 non
185 4962 478 5032 accipere,
499 4961 777 5019 declarans
802 4978 951 5018 suam
977 4973 1031 5018 et
1055 4963 1106 5017 in
1135 4962 1236 5018 hec
1257 4963 1655 5032 humanitatem,

28 5067 88 5110 ct
122 5052 583 5125 philosophicam
609 5062 861 5118 mentem,
890 5053 1060 5123 inquit
1085 5071 1100 5108 :
1128 5053 1215 5109 24.
1239 5053 1353 5108 Non
1376 5054 1654 5122 accipiam,

28 5144 297 5217 exceptis
342 5143 406 5196 iis
443 5157 555 5212 qua:
593 5143 909 5197 comederunt
933 5145 1164 5213 juvenes,
1193 5153 1240 5198 et
1269 5145 1495 5212 portione
1521 5145 1656 5196 viro-

32 5253 160 5290 rum
194 5233 311 5305 qui
344 5248 536 5286 mecum
563 5241 820 5295 venerunt,
851 5232 1058 5299 Escltol,
1086 5233 1290 5298 Aunan,
1317 5232 1577 5297 Mambre;
1619 5233 1659 5286 ii

28 5325 332 5397 accipient
375 5323 670 5391 portionem.
714 5321 842 5386 Hos,
880 5323 1063 5392 inquit,
1095 5324 1391 5392 permittam
1418 5324 1658 5392 accipere

95 5456 186 5520 (α)
226 5459 293 5504 In
323 5457 508 5524 pasco,
533 5468 773 5516 «pws...
816 5460 955 5503 Porro
987 5467 1185 5519 σφαιρπιςρ
1206 5452 1335 5524 globi
1353 5455 1556 5524 formam
1575 5467 1658 5516 po-

28 5523 134 5569 tius
162 5521 526 5580 exprimeret,
543 5527 686 5580 quam
706 5526 924 5564 acumen.
945 5523 1118 5580 Verum
1141 5523 1265 5577 apud
1289 5522 1400 5564 Lxx
1418 5523 1659 5580 Interpre-

28 5590 130 5636 ιρε,
161 5573 429 5641 ,νέοι-ἧφι,
455 5573 652 5637 legitur,
691 5588 833 5638 quam
857 5589 1025 5626 vocem
1068 5573 1460 5639 interpretantur,
1501 5573 1656 5626 corri-

28 5662 192 5715 7111113.
226 5653 355 5694 Vox
375 5646 603 5694 Hebr-alca
621 5651 714 5707 est,
730 5643 891 5717 ΤΠΨ,
913 5647 1135 5713 corrigia.
1148 5657 1325 5699 omnes
1339 5647 1455 5698 Editi
1474 5653 1525 5697 et
1546 5651 1653 5696 Mss.

28 5728 418 5797 :hrysostomi,
441 5747 680 5793 σφων,
706 5731 905 5781 habent.

3255 304 3360 359 330

1793 409 2088 477 portionem
2115 411 2363 480 aliquam,
2395 410 2643 481 quoniam
2672 411 2898 482 ingentis
2921 413 3168 470 amicitiae
3190 422 3362 486 speci-

1787 513 1908 552 men
1949 499 2300 554 declararunt.
2350 499 2422 554 Hi
2457 502 2596 556 enim
2626 512 2787 569 erant,
2820 504 3006 574 inquit,
3039 507 3363 577 confaderati

1786 588 1935 641 Abraz
1956 604 1976 643 :
2003 590 2102 643 hoc
2127 600 2229 656 est,
2258 591 2486 646 amicitia
2514 593 2778 662 conjuncti
2811 611 2824 646 :
2856 593 2996 664 quod
3025 594 3149 650 hinc
3176 605 3360 651 osten-

1785 677 1930 732 ditur
1956 680 2076 748 quia
2120 681 2172 734 in
2209 692 2414 749 partem
2455 685 2804 752 periculorum
2831 699 2952 740 cum
2981 701 3046 739 eo
3073 698 3354 741 venerunt.

1783 766 1933 822 Unde
1960 785 2300 824 remunerare
2330 773 2514 828 volens
2533 789 2646 838 eos,
2677 773 2798 828 facit
2823 786 2878 829 ut
2905 785 3103 845 partem
3126 778 3354 847 aliquam

1782 858 2076 926 accipiant,
2108 862 2449 928 apostolicam
2478 863 2647 932 legem
2677 865 2836 918 etiam
2875 866 2928 920 in
2960 867 3062 922 hoc
3091 867 3314 937 implens
3336 911 3351 932 ,

1780 962 1900 1017 quae
1922 949 2051 1004 dicit
2079 968 2092 1003 :
2124 950 2315 1020 Dignus
2340 963 2414 1005 est
2437 955 2696 1022 aperarius
2720 954 2958 1010 alimento
2992 974 3084 1011 suo
3125 957 3145 1030 (
3169 959 3350 1012 Matth.

1782 1037 1867 1092 10.
1899 1039 1997 1101 1ος
2025 1038 2150 1093 Luc.
2182 1041 2267 1096 10.
2293 1043 2368 1110 7).
2397 1042 2534 1096 Nihil
2561 1044 2701 1098 enim
2731 1059 2824 1098 eos
2850 1047 2984 1100 ultra
3017 1063 3166 1101 usum
3197 1065 3352 1103 suum

1780 1129 2020 1198 accipere
2042 1132 2329 1199 permittit;
2363 1133 2493 1188 dicit
2517 1133 2657 1187 enim
2690 1151 2704 1186 :
2736 1135 2972 1203 Exceptis
2994 1137 3055 1192 iis
3078 1155 3192 1208 qua:
3218 1156 3356 1193 rom-

1778 1219 1987 1275 ederunt
1998 1225 2226 1294 juvenes,
2253 1235 2298 1278 et
2329 1225 2554 1294 portione
2578 1243 2749 1280 eorum
2772 1228 2857 1297 qui
2883 1245 3072 1282 mecum
3093 1243 3351 1297 venerunt,

1779 1307 1987 1377 Escltol,
2019 1314 2222 1381 Aunan,
2255 1315 2516 1379 Humbre;
2547 1316 2583 1369 ii
2601 1317 2845 1385 accipient
2873 1321 3171 1387 porticum.
3204 1322 3349 1376 Vidi-

1777 1402 1872 1454 stis
1914 1404 2228 1472 exquisitam
2281 1406 2596 1475 patriarchm
2637 1408 2907 1475 virtutem,
2939 1411 3204 1479 quomodo
3231 1429 3349 1468 eam

1776 1492 2166 1564 philosophiam
2206 1499 2487 1564 exhibeat,
2535 1515 2652 1570 qua:
2692 1517 2850 1571 opum
2895 1512 3252 1572 contemptum
3297 1515 3354 1560 et

1777 1583 2091 1640 modestiam
2122 1589 2357 1658 respicit,
2387 1589 2620 1658 nihilque
2649 1606 2752 1645 non
2778 1601 2931 1661 agat,
2961 1601 3018 1646 ut
3043 1610 3108 1649 ne
3141 1609 3233 1664 per
3259 1611 3349 1647 ar-

1778 1675 2074 1742 rogantiam
2099 1686 2152 1732 et
2181 1690 2541 1750 contemptum
2574 1681 2624 1735 id
2647 1681 2820 1737 facere
2843 1684 3099 1752 videatur,
3124 1701 3296 1756 neque
3317 1701 3349 1742 e

1775 1763 1993 1820 victoria
2021 1769 2324 1837 superbiat?

1847 1857 1896 1910 7.
1931 1855 2145 1914 Moralis
2173 1862 2472 1917 exhortatio.
2491 1890 2562 1904 —-
2590 1863 2773 1921 Talem
2801 1868 2972 1922 virum
3005 1869 3268 1926 imitemur
3297 1880 3347 1926 et

1775 1961 1893 2011 nos,
1921 1949 2163 2015 obsecro,
2183 1962 2236 2008 ct
2256 1968 2471 2022 Operam
2495 1954 2702 2021 demus,
2729 1966 2786 2012 ut
2810 1959 3032 2014 invictos
3054 1976 3150 2016 nos
3169 1972 3349 2017 CUSlO-

1775 2035 2000 2103 diamus,
2039 2049 2094 2094 et
2136 2056 2308 2111 neque
2348 2043 2559 2098 virtutis
2596 2046 2816 2101 obtentu
2852 2049 3114 2116 superbiai
3153 2050 3343 2105 faniam

1773 2129 2138 2198 acquiramns,
2165 2149 2333 2204 neque
2363 2136 2634 2191 modestia:
2661 2138 2878 2192 obtentu
2903 2141 3148 2196 virtutem
3176 2145 3343 2214 negli-

1771 2233 1958 2287 gamus
1993 2239 2005 2275 :
2041 2223 2134 2278 sed
2167 2224 2359 2295 ubique
2387 2226 2600 2281 modum
2625 2242 2896 2282 servemus
2915 2271 2930 2295 ,
2960 2239 3014 2284 et
3041 2231 3192 2287 bonis
3215 2248 3345 2302 ope-

1773 2309 1922 2364 ribus
1952 2315 2146 2367 nostris
2176 2314 2548 2384 humilitatem,
2576 2320 2724 2388 quasi
2754 2319 3152 2378 fundamentum
3181 2333 3235 2379 et
3262 2325 3347 2379 ba-

1772 2400 1874 2456 sim
1899 2403 2272 2473 subjiciamus,
2313 2416 2370 2460 ut
2397 2423 2582 2463 secure
2606 2426 2722 2478 qua:
2751 2411 2816 2464 ad
2839 2413 3083 2466 virtutem
3105 2425 3347 2483 spectant

1771 2501 2080 2549 construere
2099 2497 2387 2552 valeamus.
2428 2498 2554 2555 Haec
2589 2501 2729 2555 enim
2753 2517 2875 2557 vere
2896 2504 3058 2560 virtus
3091 2511 3190 2569 est,
3225 2522 3344 2574 qua:

1770 2584 2104 2652 conjunctam
2135 2587 2294 2643 habet
2313 2588 2681 2646 humilitatem.
2706 2593 2804 2657 Qui
2827 2592 2926 2646 hoc
2945 2593 3342 2651 fundamentum

1773 2682 1885 2727 tuto
1906 2674 2114 2744 jecerit,
2145 2680 2336 2747 poterit
2375 2681 2428 2736 in
2470 2691 2718 2752 quantam
2746 2684 2972 2738 voluerit
3008 2685 3340 2742 altitudinem

1770 2775 2086 2826 structuram
2114 2772 2361 2826 excitare.
2411 2773 2534 2828 llaec
2573 2776 2799 2829 maxima
2837 2785 2918 2831 est
2959 2779 3199 2845 munitio,
3230 2779 3344 2835 hazc

1771 2871 1953 2912 murus
1988 2860 2352 2927 inconcussus,
2400 2863 2514 2920 haec
2553 2865 2971 2935 inexpugnabilis
3014 2869 3192 2934 turris,
3226 2869 3342 2924 hrcc

1770 2962 1929 3004 omne
1956 2952 2190 3007 continet
2208 2954 2511 3022 mdificium,
2541 2971 2646 3010 non
2666 2957 2846 3011 sinens
2873 2959 3042 3028 ipsum
3063 2960 3144 3013 vel
3167 2975 3195 3013 a
3215 2975 3342 3015 ven-

1771 3049 1940 3095 torum
1959 3041 2224 3108 violentia,
2244 3045 2324 3099 vel
2351 3045 2417 3100 ab
2439 3045 2688 3104 imbrium
2713 3046 2934 3118 impetu,
2955 3049 3036 3103 vel
3063 3065 3095 3104 a
3123 3049 3340 3105 ﬂatuum

1767 3135 1820 3188 vi
1848 3134 2000 3204 dejici
2035 3153 2047 3189 :
2076 3136 2170 3190 sed
2211 3137 2459 3192 omnibus
2497 3138 2701 3194 insidiis
2748 3141 3073 3195 inaccessum
3103 3139 3259 3206 facit,
3288 3152 3344 3198 et

1768 3224 2040 3292 invictum,
2072 3227 2220 3298 quasi
2247 3243 2310 3282 ex
2337 3228 2612 3283 adamante
2639 3238 3001 3285 constructum
3031 3240 3192 3296 esset,
3223 3248 3341 3286 ma-

1766 3330 2001 3386 gnasque
2038 3317 2191 3373 nobis
2219 3318 2410 3374 divinae
2449 3319 2702 3389 largitatis
2736 3321 3010 3376 mercedes
3036 3321 3207 3380 affert.
3240 3323 3341 3378 Per

1767 3405 1904 3462 hanc
1929 3416 1982 3462 et
2009 3409 2305 3478 patriarcha
2338 3417 2600 3465 tantarum
2629 3411 2718 3466 Dei
2746 3413 3154 3482 promissionum
3184 3428 3341 3468 acce-

1767 3497 1844 3566 pit
1877 3499 2312 3568 magnitudinem.
2356 3500 2514 3556 Scitis
2549 3501 2713 3566 enim,
2745 3504 3079 3570 permittente
3116 3504 3243 3569 Deo,
3271 3520 3335 3560 ex

1766 3588 1833 3642 iis
1859 3603 1976 3658 qua:
2015 3589 2068 3642 in
2110 3590 2452 3658 sequentibus
2494 3591 2767 3656 dicentur,
2801 3593 3066 3661 quomodo
3095 3609 3250 3660 nunc,
3282 3606 3341 3651 ut

1764 3680 2083 3748 contempsit
2118 3694 2178 3734 ea
2217 3695 2335 3748 quae
2375 3681 2598 3735 daturus
2640 3689 2754 3735 erat
2801 3681 3149 3738 Sodomorum
3197 3701 3291 3740 rex
3321 3727 3337 3750 ,

1765 3785 1953 3840 magna
1991 3780 2045 3826 et
2082 3771 2361 3826 ineffabilia
2401 3771 2494 3826 Dei
2531 3771 2668 3826 dona
2707 3784 3062 3843 consequutus
3097 3785 3198 3830 est.
3239 3777 3342 3834 Per

1765 3859 1904 3916 hanc
1928 3876 2033 3916 non
2064 3862 2153 3917 ille
2180 3863 2352 3916 solum
2378 3903 2394 3928 ,
2429 3862 2523 3918 sed
2562 3873 2614 3917 et
2648 3865 2774 3932 justi
2809 3880 2992 3921 omnes
3018 3869 3257 3923 celebres
3283 3882 3337 3925 et

1762 3950 1892 4005 clari
1916 3949 2147 4006 fuerunt.
2182 3951 2257 4016 Id,
2287 3960 2541 4021 quotquot
2566 3953 2692 4007 estis
2713 3953 3006 4009 divinarum
3038 3957 3334 4027 Scriptura-

1765 4059 1882 4097 rum
1926 4043 2167 4099 lectionis
2209 4044 2451 4110 studiosi,
2481 4044 2752 4100 addiscere
2782 4049 3038 4116 poteritis.
3068 4049 3335 4122 Benignus

1764 4134 1904 4190 enim
1934 4135 2185 4190 Dominus
2205 4135 2415 4205 quando
2440 4150 2537 4190 nos
2562 4137 2704 4190 videt
2731 4136 3004 4207 despicere
3032 4143 3332 4208 praesentia,

1764 4229 1921 4283 etiam
1969 4229 2080 4299 ipsa
2125 4229 2322 4299 largius
2365 4229 2700 4300 suppeditat,
2737 4230 2996 4301 nobisque
3038 4232 3333 4290 futurorum

1764 4320 2022 4375 bonorum
2053 4319 2279 4375 fructum
2311 4320 2568 4376 recondit.
2599 4320 2789 4376 Videre
2818 4322 2918 4375 hoc
2941 4331 3090 4391 potes
3117 4324 3168 4377 in
3196 4325 3334 4379 divi-

1766 4411 1882 4474 tiis,
1921 4411 1973 4464 in
2007 4411 2173 4480 gloria
2203 4411 2357 4481 hujus
2382 4411 2525 4475 vitae,
2557 4419 2611 4466 et
2639 4411 2692 4466 in
2717 4412 2963 4467 omnibus
2990 4413 3108 4470 aliis
3132 4422 3332 4486 tempo-

1763 4502 1962 4556 ralibus
1987 4501 2165 4556 rebus.

1835 4592 1915 4644 Ad
1931 4599 2266 4656 contemptum
2295 4592 2535 4646 bonorum
2561 4592 2714 4663 hujus
2735 4593 2847 4647 vitm
2866 4593 3113 4648 hortatur.
3131 4626 3202 4636 --
3231 4597 3336 4652 De.

1764 4681 2050 4749 spiciamus
2091 4681 2247 4751 igitur
2283 4691 2572 4751 praesentes
2597 4683 2828 4751 divitias,
2857 4694 2915 4738 ut
2945 4701 3095 4740 veras
3126 4687 3335 4742 divitias

1766 4771 2002 4825 invenire
2024 4771 2326 4837 valeamus;
2354 4771 2707 4841 despiciamus
2723 4788 2909 4827 vanam
2934 4773 3069 4829 hanc
3090 4776 3331 4846 gloriam,

1764 4871 1818 4915 ut
1843 4876 1965 4914 vera
1992 4861 2077 4915 illa
2108 4871 2161 4916 et
2180 4861 2345 4917 solida
2373 4862 2642 4925 fruamur;
2666 4862 2998 4918 derideamus
3019 4877 3332 4933 praesentem

1763 4952 2203 5022 prosperitatem,
2253 4962 2310 5008 ut
2358 4970 2550 5009 arcana
2606 4955 2694 5010 illa
2739 4953 2873 5007 bona
2911 4969 3330 5025 consequamur;

1764 5042 1912 5097 nihili
1945 5042 2196 5097 faciamus
2223 5045 2533 5112 praesentia,
2559 5052 2616 5098 ut
2643 5044 2710 5099 ad
2739 5043 2911 5098 futura
2935 5047 3150 5114 praemia
3183 5047 3328 5099 exci-

1763 5134 1860 5188 tari
1888 5133 2177 5188 valeamus.
2203 5133 2385 5204 Neque
2405 5137 2544 5189 enim
2577 5135 2827 5204 possibile
2855 5145 2969 5202 est,
2997 5145 3053 5190 ut
3082 5138 3169 5205 qui
3197 5152 3328 5206 prae-

1763 5226 1999 5280 sentibus
2032 5236 2113 5280 est
2148 5225 2419 5292 addictus,
2463 5226 2800 5281 inell‘abilium
2840 5228 3096 5282 bonorum
3125 5230 3307 5284 deside

1762 5319 1898 5372 rium
1924 5317 2187 5386 concipiat
2221 5332 2466 5386 umquam
2494 5319 2592 5388 (a),
2618 5320 2754 5372 sicut
2773 5319 3084 5389 lippitudine
3103 5321 3326 5390 quadam

1765 5406 1949 5462 oculos
1989 5405 2288 5475 obtegente,
2317 5407 2388 5461 ita
2430 5408 2768 5476 praesentium
2798 5409 3083 5482 cupiditate
3120 5411 3319 5465 intelle-

1825 5540 1900 5604 (a)
1934 5547 2063 5590 Mens
2082 5539 2400 5604 chrysostomi
2423 5544 2630 5604 est,uon
2642 5551 2791 5604 posse
2813 5552 2931 5604 eum
2948 5541 3031 5604 qui
3045 5539 3194 5604 rebus
3207 5553 3328 5601 pra?-

1761 5600 1982 5654 seutibus
2002 5605 2064 5671 sit
2094 5600 2328 5671 addictus,
2351 5600 2618 5671 ca:_lestium
2641 5601 2873 5671 bonorum
2894 5600 3035 5671 simul
3061 5600 3334 5671 eoden'lque

1763 5674 1982 5726 tempore
2008 5664 2251 5713 desiderio
2275 5664 2432 5712 teneri
2460 5676 2472 5712 :
2497 5675 2635 5726 posse
2672 5664 2801 5726 enim
2841 5665 2924 5713 Dei
2964 5675 3057 5726 Ope
3081 5663 3248 5712 fultum
3272 5665 3329 5711 τι)

1768 5741 1828 5779 eo
1851 5723 1975 5776 statu
1997 5737 2275 5789 emergere,
2299 5723 2578 5776 sexcenties
2594 5723 2706 5775 alibi
2724 5724 2856 5774 dicit.
