3750 6316
399 272 491 329 551
1101 268 1160 325 S.
1199 266 1472 323 JO.\NNlS
1509 268 1979 327 CIIRYSOSTOMI
2019 271 2338 329 AnClllEP.
2377 273 2912 336 CONSTANTINOP.

398 396 540 440 etum
569 386 886 439 obscurante
908 423 924 447 ,
965 396 1066 435 nec
1104 382 1440 450 permittente
1467 381 1646 437 videre
1681 384 1806 453 quid
1837 384 1979 438 facto

395 492 533 545 Opus
562 477 650 532 sit.
683 476 862 544 Neque
889 489 1095 529 rursum
1125 474 1237 528 fieri
1267 483 1471 542 potest,
1495 486 1553 530 ιιι
1578 477 1666 545 qui
1688 477 1978 531 solidorum

398 579 450 622 et
493 568 842 623 immobilium
892 568 1154 620 bonorum
1195 580 1377 620 amore
1421 573 1650 633 tenetur,
1682 567 1821 622 ﬂuxa
1859 568 1979 632 ista,

395 670 445 714 et
471 677 590 731 quae
609 669 890 729 antequam
937 667 1227 727 appareant
1268 659 1481 712 avolant
1518 669 1570 714 et
1610 671 1978 724 marcescunt,

393 752 753 820 concupiscat.
808 749 938 804 Nam
995 749 1082 819 qui
1141 749 1355 803 saucius
1405 759 1488 803 est
1538 765 1719 804 amore
1760 750 1976 815 divino,

392 853 449 897 et
473 843 564 912 qui
595 840 889 895 futurorum
925 839 1188 894 desiderio
1217 848 1456 902 tenetur,
1496 840 1614 893 aliis
1643 841 1810 894 oculis
1837 841 1981 896 videt

394 933 736 1001 prasentium
777 941 970 985 statum
992 969 1007 995 ,
1045 931 1249 999 scitque
1279 939 1440 984 totam
1472 944 1632 984 Vnam
1662 939 1976 999 praesentem

393 1031 611 1099 ﬁguram
635 1044 761 1084 esse
793 1038 953 1098 atque
985 1027 1241 1081 fallaciam
1266 1068 1280 1092 ,
1311 1034 1364 1080 et
1391 1041 1421 1079 a
1447 1026 1668 1080 somniis
1703 1025 1832 1079 nihil
1873 1025 1978 1080 dif-

392 1118 552 1174 ferre.
576 1119 776 1174 Idcirco
793 1119 976 1173 beatus
1006 1117 1200 1170 Paulus
1230 1117 1328 1171 hoc
1354 1116 1550 1185 scripto
1569 1116 1780 1170 tradidit
1801 1115 1980 1170 :Prre-

397 1211 511 1264 terit
558 1212 724 1281 figura
774 1211 948 1263 mundi
997 1209 1149 1275 huius
1188 1210 1265 1278 (ι.
1297 1208 1413 1262 Cor.
1445 1208 1496 1260 7.
1525 1209 1616 1276 51)
1648 1224 1661 1258 :
1690 1207 1981 1263 ostendens

393 1299 622 1356 humana
643 1290 818 1356 omnia
847 1302 898 1354 in
927 1301 1090 1370 figura
1120 1310 1319 1352 tantum
1343 1313 1492 1362 esse,
1521 1313 1586 1353 ac
1623 1299 1762 1353 sicut
1791 1303 1976 1353 umhra

391 1401 448 1446 et
475 1393 739 1447 somnium
762 1392 992 1447 transire
1011 1433 1025 1456 ,
1067 1391 1195 1446 nihil
1235 1391 1483 1455 solidum,
1515 1391 1644 1445 nihil
1669 1407 1852 1446 verum
1881 1394 1977 1445 ha-

393 1483 592 1538 bentia.
631 1486 824 1539 Annon
861 1484 1018 1553 igitur
1049 1482 1210 1537 animi
1241 1482 1462 1550 puerilis
1488 1481 1588 1536 hoc
1613 1491 1723 1548 est,
1761 1483 1979 1537 umbras

393 1578 683 1646 suspicere,
710 1578 774 1631 de
803 1577 1026 1630 somniis
1045 1575 1341 1645 superbire,
1365 1582 1420 1628 et
1444 1575 1510 1628 iis
1539 1589 1657 1644 qua:
1681 1576 1836 1644 paulo
1859 1583 1978 1643 post

393 1667 736 1736 praeteribunt
775 1665 1088 1720 adbmrere!
1130 1663 1368 1717 Praeterit
1394 1664 1558 1727 enim,
1592 1664 1781 1734 inquit,
1810 1665 1976 1734 ﬁgura

393 1758 543 1828 hujus
568 1756 758 1809 mundi.
784 1755 963 1825 Itaque
989 1770 1108 1808 cum
1134 1753 1386 1817 audieris,
1405 1750 1657 1819 Prteterit,
1677 1754 1801 1824 quid
1828 1765 1975 1823 post-

390 1848 488 1902 hac
511 1848 737 1918 amplius
757 1847 983 1916 quaeris?
1011 1846 1222 1916 quando
1241 1845 1394 1901 audis
1414 1845 1632 1917 ﬁgurant
1653 1845 1824 1901 solum
1858 1862 1977 1902 esse

392 1940 622 1993 humana
650 1937 828 1993 omnia
854 1939 1181 2007 veritateque
1205 1937 1478 2005 destituta,
1510 1953 1677 2008 quare
1717 1947 1770 1992 te
1802 1938 1974 2009 decipi

388 2037 578 2098 sponte
608 2027 840 2098 pateris?
877 2043 974 2083 cur
1011 2027 1250 2097 cogitans
1289 2041 1447 2095 quam
1487 2028 1594 2081 sint
1625 2027 1894 2082 mutabilia
1921 2039 1974 2083 et

388 2120 551 2184 ﬂuxa,
581 2134 687 2173 non
711 2135 774 2173 ea
800 2118 1060 2188 prmteris,
1094 2126 1151 2171 ut
1179 2118 1245 2173 ad
1271 2119 1356 2173 illa
1377 2133 1496 2188 qua:
1520 2133 1735 2187 semper
1757 2118 1971 2184 durant,

387 2227 452 2266 ac
491 2226 703 2281 semper
739 2211 946 2266 stabilia
970 2251 986 2278 ,
1029 2211 1330 2280 nulliusque
1353 2211 1736 2267 vicissitudinis
1760 2212 1974 2282 capacia

388 2309 532 2364 sunt,
562 2299 882 2356 desiderium
911 2299 1235 2354 transferas?

457 2395 511 2449 8.
559 2392 690 2448 Nam
734 2400 792 2447 ιιι
835 2393 974 2448 scias
1013 2392 1345 2462 prudentiam
1372 2391 1608 2447 doctoris
1633 2392 1778 2447 orbis
1799 2433 1814 2459 ,
1847 2393 1968 2449 vide

387 2485 532 2540 illum
554 2485 658 2540 alio
679 2486 795 2540 loco
815 2485 992 2539 omnia
1016 2483 1272 2554 praeclara
1294 2483 1451 2553 hujus
1477 2486 1599 2539 vita:
1625 2485 1822 2539 nullius
1848 2499 1968 2540 esse

387 2579 641 2631 momenti
666 2576 1032 2631 demonstrare
1053 2576 1343 2642 volentem,
1366 2575 1507 2646 quali
1526 2585 1701 2631 utatur
1717 2576 1965 2646 loquendi

385 2669 546 2723 modo
572 2685 586 2720 :
613 2667 739 2733 Qun:
757 2668 887 2721 enim
909 2667 1138 2722 videntur
1156 2676 1504 2721 momentanea
1521 2676 1638 2722 sunt
1667 2667 1742 2739 (2.
1770 2665 1888 2723 Cor.
1912 2669 1966 2722 4.

384 2760 500 2829 18),
542 2759 752 2814 etiamsi
791 2759 1095 2814 divitiarum
1140 2757 1517 2812 abundantiam
1561 2757 1726 2821 dicas,
1765 2758 1971 2813 etiamsi

383 2851 606 2922 gloriam
632 2892 646 2917 ,
688 2850 897 2906 etiamsi
939 2851 1268 2918 claritatem,
1316 2851 1529 2905 etiamsi
1579 2851 1967 2920 principatum,

381 2943 588 2997 etiamsi
612 2943 924 3012 potentiam,
946 2941 1152 2996 etiamsi
1174 2956 1417 3010 regnum,
1439 2942 1644 2996 etiamsi
1672 2941 1969 2997 diademate

383 3035 684 3089 redimitum
743 3033 890 3089 illum
915 3073 932 3100 ,
979 3033 1187 3088 etiamsi
1229 3031 1420 3087 solium
1466 3047 1773 3102 supremum
1809 3050 1823 3087 :
1856 3033 1970 3087 haec

381 3125 561 3178 omnia
591 3138 710 3193 quae
736 3123 982 3179 videntur
1004 3122 1150 3178 brevi
1181 3131 1421 3193 tempore
1441 3124 1727 3188 manentia,
1757 3138 1864 3179 non
1885 3124 1968 3179 ad-

382 3217 597 3270 modum
623 3215 930 3270 diuturuutu
969 3215 1048 3268 sui
1086 3213 1313 3268 fructum
1351 3213 1506 3269 nobis
1541 3213 1796 3283 praebent.
1837 3214 1967 3281 Quae

381 3309 542 3378 igitur
580 3323 677 3361 nos
716 3308 982 3377 inquirere
1021 3307 1121 3371 vis,
1151 3305 1198 3360 si
1236 3306 1412 3359 omnia
1443 3316 1780 3375 tetuporauea
1801 3307 1969 3361 sunt?

381 3398 496 3460 illa,
525 3397 715 3466 inquit,
745 3412 864 3467 qua:
893 3412 999 3450 non
1026 3395 1290 3461 videntur,
1311 3395 1543 3450 nonhmc
1566 3411 1686 3466 quae
1703 3396 1965 3463 videntur,

380 3487 473 3543 sed
503 3488 586 3541 illa
619 3489 729 3557 ipsa
765 3503 885 3557 quae
916 3488 1059 3540 hisce
1089 3487 1259 3541 oculis
1298 3487 1664 3555 corporalibus
1704 3502 1808 3542 non
1846 3503 1964 3558 spe-

379 3588 607 3633 ctautur.
638 3579 702 3633 Et
723 3580 839 3648 quis
862 3578 962 3632 hoc
981 3578 1302 3642 consuleret,
1336 3586 1392 3630 ut
1419 3592 1540 3646 qua:
1559 3576 1806 3632 videntur
1831 3592 1968 3648 pim-

381 3681 671 3737 tereantur,
701 3680 754 3724 et
778 3685 897 3740 qna:
927 3685 1030 3723 non
1059 3669 1325 3732 silentur,
1352 3668 1714 3737 inquirantur‘!
1742 3667 1856 3738 Ipsa
1882 3683 1966 3724 rch

379 3779 520 3830 rum,
544 3763 730 3833 inquit,
756 3772 941 3816 natura
959 3762 1147 3815 doceat
1165 3775 1280 3814 vos.
1312 3759 1441 3814 Nam
1473 3759 1584 3814 haec
1604 3759 1818 3830 quidem
1843 3760 1966 3814 licet

377 3857 676 3921 videantur,
700 3856 876 3910 statim
901 3865 1074 3908 tamen
1105 3854 1468 3922 praeterﬂuunt
1491 3869 1506 3906 :
1531 3853 1620 3907 illa
1644 3864 1819 3908 autem
1843 3853 1966 3908 licet

379 3963 521 4002 nunc
548 3963 610 4002 ea
637 3947 818 4002 videre
843 3961 949 4000 non
980 3947 1244 4016 possimus
1264 3985 1278 4010 ,
1308 3955 1430 3999 sunt
1459 3954 1634 4000 tamen
1667 3955 1920 4015 perpetua
1942 3989 1958 4010 ,

378 4054 591 4108 semper
615 4037 827 4103 durant,
864 4037 1147 4090 terminum
1177 4037 1440 4098 nesciunt,
1474 4038 1633 4090 linem
1675 4049 1782 4090 non
1824 4036 1964 4092 acci-

379 4133 559 4202 piunt,
593 4130 1008 4185 vicissitudinem
1049 4129 1323 4197 ignorant,
1355 4127 1561 4182 stabilia
1591 4135 1643 4181 et
1674 4129 1959 4182 immobilia

378 4230 522 4277 sunt.
568 4221 832 4276 Fortassis
873 4219 1082 4273 tandem
1124 4221 1380 4272 molestus
1408 4232 1527 4272 esse
1550 4217 1754 4282 videar,
1783 4218 1960 4287 quoti-

378 4313 465 4369 die
495 4313 688 4366 frustra
712 4311 996 4366 consulens
1022 4327 1035 4363 :
1064 4309 1158 4364 sed
1179 4309 1303 4380 quid
1334 4309 1558 4364 faciam?
1583 4309 1823 4380 Magnum
1853 4325 1964 4363 ma-

379 4404 506 4458 litiae
531 4405 783 4456 damnum
813 4411 892 4458 est
913 4443 925 4466 ,
955 4416 1144 4469 magna
1172 4401 1510 4469 pecuniarum
1542 4402 1777 4471 tyrannis
1798 4442 1812 4465 ,
1845 4417 1959 4455 ma-

378 4511 480 4566 gna
521 4497 770 4550 virtutum
823 4497 1034 4548 raritas.
1090 4493 1213 4548 ldeo
1259 4495 1415 4563 cupio
1455 4495 1538 4548 vel
1582 4493 1960 4549 admonitionis

381 4588 690 4643 assiduitate
717 4586 960 4641 morbum
987 4587 1200 4642 vincere
1224 4628 1238 4650 ,
1272 4596 1329 4641 et
1367 4586 1713 4641 incolumitati
1742 4587 1960 4658 integra:

379 4679 483 4733 huc
512 4678 890 4734 convenientes
914 4677 1216 4733 restituere.
1247 4679 1375 4732 Eam
1403 4679 1545 4734 enim
1573 4678 1642 4732 ob
1668 4694 1781 4733 rem
1813 4679 1958 4733 Scri-

373 4779 561 4842 pturas
587 4768 870 4824 enarrandi
907 4777 1107 4822 tantum
1139 4767 1294 4823 nobis
1319 4777 1401 4823 est
1426 4769 1659 4824 studium
1703 4778 1757 4824 et
1790 4769 1959 4839 justo-

376 4877 492 4916 rum
527 4861 752 4916 virtutes
781 4860 833 4915 in
863 4859 1096 4915 medium
1124 4859 1392 4915 aﬂ'erimus
1422 4877 1436 4914 :
1474 4874 1572 4914 nec
1602 4860 1744 4930 piget
1771 4859 1958 4915 eadem

373 4954 570 5023 smpius
599 4961 863 5023 repetere,
890 4961 949 5006 ut
984 4966 1079 5022 per
1103 4951 1282 5006 omnia
1305 4967 1399 5007 vos
1427 4950 1678 5007 inducere
1702 4952 1768 5007 ad
1795 4967 1963 5007 temu-

374 5046 626 5102 lationem
653 5044 919 5114 iustorum
947 5043 1236 5097 valeamus.

445 5137 779 5206 Elecmosyna
805 5135 1128 5206 praedicatur.
1160 5164 1231 5174 —
1256 5133 1350 5190 Vel
1381 5149 1505 5189 sero
1534 5133 1746 5190 tandem
1775 5135 1958 5190 salutis

375 5241 575 5283 nostra:
611 5243 793 5284 curam
840 5227 1115 5292 faciamus,
1147 5237 1200 5282 et
1230 5227 1366 5283 bene
1390 5235 1602 5282 utamur
1629 5228 1694 5283 ad
1721 5227 1958 5285 inducias

376 5321 529 5373 nobis
558 5318 682 5374 dato
711 5319 868 5389 hujus
893 5321 1015 5374 vitze
1041 5318 1289 5385 decursu,
1310 5327 1367 5374 et
1392 5318 1517 5373 dum
1548 5318 1721 5374 adhuc
1749 5329 1958 5389 tempus

374 5422 478 5478 est,
509 5411 576 5468 ad
608 5412 971 5481 paenitentiam
995 5420 1050 5466 et
1074 5411 1316 5481 lapsuum
1337 5411 1720 5466 correctionem
1743 5411 1959 5468 festine-

375 5521 497 5560 mus
519 5545 535 5572 ,
567 5503 1019 5574 pecuniarumque
1045 5503 1424 5559 abundantiam
1456 5503 1508 5557 iu
1532 5504 1828 5557 animarum
1855 5518 1955 5559 no-

373 5610 605 5653 strarum
641 5597 865 5652 salutem
890 5596 1250 5667 expendamus
1268 5636 1284 5660 ,
1312 5593 1685 5665 superﬂuaque
1715 5595 1956 5668 indigen-

376 5694 517 5747 tibus
543 5691 888 5744 insumamus.
935 5688 1108 5754 Quare
1146 5688 1311 5756 enim,
1335 5687 1420 5744 die
1454 5686 1604 5754 mihi,
1639 5688 1898 5758 permittis
1921 5705 1950 5744 a

3575 291 3674 349 33‘:

2092 385 2333 456 rubigine
2356 401 2542 442 aurum
2563 397 2617 444 et
2634 403 2912 459 argentum
2934 398 3200 462 consumi,
3243 413 3363 467 qum
3399 405 3676 471 oportebat

2093 476 2142 528 in
2173 491 2461 546 pauperum
2489 489 2701 534 ventres
2724 481 3032 548 eﬂ'undere,
3064 494 3123 540 ut
3150 488 3200 540 in
3234 497 3345 546 tuto
3372 505 3668 561 promptuao

2092 565 2171 618 rio
2200 565 2441 635 deposita
2463 608 2480 633 ,
2515 577 2753 637 tempore
2777 587 2881 641 quo
2910 574 3136 628 maxime
3158 591 3291 645 opus
3310 595 3501 634 eorum
3529 584 3677 650 adju-

2092 655 2227 710 torio
2253 655 2492 723 habebis,
2527 656 2649 712 hinc
2675 663 3098 718 consolationem
3129 664 3409 734 invenias;
3438 681 3497 724 et
3533 673 3622 739 qui
3654 690 3677 724 ι

2092 754 2143 799 te
2170 747 2253 800 hic
2279 749 2413 816 pasti
2445 759 2603 812 sunt,
2637 751 2728 805 illo
2753 752 2840 807 die
2876 754 3085 810 fiduciae
3111 756 3254 812 fores
3280 760 3376 813 tibi
3401 764 3681 830 aperiant,

2089 845 2143 890 et
2168 839 2428 906 accipiant
2449 847 2501 894 te
2523 842 2573 894 iu
2595 850 2793 896 mterua
2815 859 2910 898 sua
2935 844 3272 902 tabernacula
3299 850 3452 920 (Luc.
3477 855 3567 906 lfi.
3593 856 3647 921 9)
3667 853 3682 905 ξ

2095 927 2275 985 Vestes
2293 945 2502 1000 quoque
2518 948 2623 986 non
2645 934 2881 989 sinamus
2903 952 2934 990 a
2957 939 3225 994 vermibus
3246 943 3385 1006 rodi,
3404 952 3463 997 et
3483 945 3679 1013 absque

2090 1035 2186 1074 usu
2211 1022 2260 1075 in
2285 1024 2478 1078 arculis
2509 1035 2834 1093 putrescere,
2863 1044 2983 1084 cum
3013 1039 3090 1085 tot
3113 1034 3220 1087 sint
3247 1036 3338 1104 qui
3369 1038 3674 1106 indigeant,

2088 1123 2140 1167 et
2195 1115 2537 1172 obambulent
2589 1119 2715 1173 nudi
2756 1122 2896 1176 :sed
2942 1124 3108 1191 pluris
3158 1124 3420 1183 faciamus
3481 1131 3673 1184 nudum

2086 1205 2380 1272 Christum,
2409 1223 2567 1278 quam
2600 1211 2789 1277 tineas,
2817 1224 2870 1268 et
2897 1215 3178 1270 induamus
3198 1233 3322 1272 eum
3344 1222 3439 1289 qui
3467 1232 3678 1290 propter

2087 1307 2323 1352 nostram
2353 1300 2576 1354 salutem
2606 1303 2777 1358 nudus
2797 1305 3120 1372 obambulat,
3147 1319 3203 1362 ut
3229 1325 3352 1365 cum
3393 1313 3577 1380 ipsum
3607 1315 3678 1367 in-

2085 1388 2382 1456 ducrimus,
2403 1391 2680 1448 audiamus
2703 1395 2754 1447 in
2779 1396 2864 1449 die
2893 1397 2981 1451 illo
3008 1415 3021 1451 τ
3053 1399 3239 1455 Nudus
3258 1418 3402 1455 eram
3430 1413 3485 1456 et
3509 1421 3590 1457 me
3611 1408 3678 1456 in-

2085 1480 2263 1534 duistis
2293 1481 2502 1551 (Matth.
2530 1484 2618 1538 25.
2648 1485 2762 1554 56).
2801 1487 2936 1542 Num
2962 1505 3184 1546 onerosa
3211 1506 3340 1547 sunt
3369 1499 3679 1564 prmocpta?

2086 1587 2210 1625 num
2240 1575 2502 1629 molesta?
2532 1576 2608 1630 Ea
2629 1593 2748 1646 qua:
2770 1590 3020 1648 pereunt,
3053 1582 3241 1651 inquit,
3269 1601 3396 1655 qua:
3429 1602 3463 1640 a
3494 1590 3676 1641 vermi-

2084 1661 2180 1716 bus
2206 1663 2547 1732 arroduntur,
2570 1683 2687 1737 quin
2714 1668 2914 1738 absque
2943 1687 3039 1724 usu
3060 1682 3112 1726 et
3135 1672 3330 1728 frustra
3352 1691 3672 1730 consumun-

2085 1762 2188 1815 tur,
2225 1753 2338 1809 haec
2367 1757 2568 1812 utiliter
2596 1759 2902 1829 dispensare
2927 1772 3106 1832 satage
3125 1805 3140 1826 ,
3170 1773 3227 1818 ut
3261 1774 3324 1820 et
3365 1766 3674 1822 detrimenti

2081 1841 2336 1898 damnum
2364 1843 2613 1916 eﬂ'ugias,
2659 1857 2713 1903 et
2749 1865 2814 1905 ex
2853 1851 2982 1921 ipsis
3021 1854 3225 1908 lucrum
3257 1859 3565 1912 maximum
3595 1860 3673 1914 tibi

2085 1947 2260 2001 pares.
2295 1934 2526 2002 Ingentis
2546 1939 2686 1992 enim
2713 1949 2765 1994 et
2793 1957 2996 2012 magna:
3027 1943 3441 2002 inhumanitatis
3464 1959 3546 2002 est
3571 1962 3674 2015 post

2085 2031 2161 2076 tot
2187 2023 2447 2080 bonorum
2476 2035 2529 2081 et
2552 2027 2856 2084 facultatum
2885 2047 3058 2095 usum,
3082 2035 3277 2090 arculis
3307 2046 3366 2090 et
3391 2041 3572 2092 muris
3603 2057 3672 2092 ιιι-

2082 2113 2303 2170 cludere
2331 2117 2594 2186 superﬂua
2615 2161 2631 2182 ,
2660 2130 2713 2174 et
2736 2135 2841 2175 nou
2869 2122 2973 2175 illis
2997 2124 3280 2180 sublevare
3307 2131 3673 2196 proximorum

2079 2202 2344 2274 inopiam,
2386 2207 2478 2262 sed
2524 2210 2700 2264 sinere
2743 2226 2770 2262 a
2811 2212 3050 2282 rubigine
3090 2223 3144 2268 et
3179 2216 3323 2271 tinea
3355 2222 3547 2287 petitis
3569 2238 3675 2276 cor-

2079 2295 2251 2364 rumpi
2289 2310 2352 2350 ac
2396 2297 2702 2366 pradonum
2729 2302 2969 2357 manibus
2990 2305 3229 2372 exposita
3258 2307 3598 2377 relinquere,
3627 2320 3672 2364 et

2079 2395 2296 2453 promer
2338 2385 2426 2440 illa
2471 2389 2744 2458 suppliciis
2784 2391 2958 2460 potius
2997 2393 3176 2461 plecti,
3208 2411 3370 2463 quam
3409 2399 3502 2451 ubi
3537 2411 3669 2456 recte

2078 2476 2491 2549 dispensaveris,
2524 2497 2623 2552 pro
2659 2484 2738 2539 eis
2780 2487 3056 2554 premium
3101 2490 3368 2558 accipere.
3412 2493 3666 2557 Obsecrn,

2077 2584 2146 2624 ne
2173 2587 2339 2641 usque
2361 2573 2497 2629 adeo
2525 2574 2748 2631 salutem
2779 2588 3014 2632 nostram
3046 2581 3380 2652 negligamus
3405 2624 3424 2650 ,
3458 2585 3556 2639 sed
3583 2601 3669 2639 ex-

2078 2663 2258 2729 pensis
2281 2663 2335 2716 in
2359 2679 2620 2735 pauperes
2641 2667 2942 2736 superﬂuis.
2967 2686 3211 2740 magnam
3234 2673 3396 2728 nobis
3426 2675 3669 2730 fiduciam

2039 2744 2043 2748 ⁴
2074 2761 2231 2807 antea
2250 2769 2586 2825 reponamus,
2606 2767 2664 2812 ut
2684 2759 3035 2817 ineﬂabilibus
3052 2765 3201 2818 bonis
3219 2765 3321 2820 frui
3344 2783 3671 2835 mereamur,

2075 2845 2243 2914 gratia
2289 2855 2344 2900 et
2390 2847 2755 2904 misericordia
2799 2852 3007 2907 Domini
3052 2857 3220 2910 nostri
3257 2856 3390 2913 Jesu
3436 2858 3670 2927 Christi,

2073 2950 2196 2988 cum
2224 2951 2329 3006 quo
2357 2937 2501 2993 Patri
2541 2947 2599 2994 et
2633 2950 2820 2997 sancto
2855 2942 3072 3014 Spiritui
3101 2947 3268 3017 gloria
3288 2989 3304 3015 ,
3343 2950 3670 3020 imperium,

2077 3023 2283 3094 honor,
2325 3041 2468 3085 nunc
2507 3038 2565 3086 et
2604 3045 2852 3103 semper,
2894 3044 2950 3090 et
2987 3036 3042 3092 iu
3083 3039 3281 3094 smcula
3319 3042 3670 3098 saeculorum.

2065 3115 2268 3173 Amen.

2582 3254 2858 3312 llOMlLIA
2898 3258 3138 3318 XXXVI.

2071 3361 2198 3418 Post
2219 3364 2324 3418 quc
2351 3374 2516 3421 autem
2533 3368 2677 3423 verba
2697 3374 2861 3440 factus
2885 3380 2955 3426 est
2979 3389 3140 3428 sermo
3157 3373 3369 3431 Domini
3389 3381 3462 3433 ad
3484 3383 3672 3436 Abram

2143 3473 2232 3525 per
2259 3458 2496 3512 visionem
2525 3460 2705 3528 noctis,
2731 3463 2943 3518 dicem:
2978 3463 3061 3518 Ne
3104 3466 3278 3521 timeas
3319 3469 3549 3538 Abram,
3591 3492 3672 3544 ego

2143 3556 2391 3616 protector
2419 3559 2532 3604 tuus
2552 3567 2664 3604 sum
2688 3568 2707 3606 :
2739 3569 2923 3610 merces
2950 3565 3035 3608 tua
3049 3557 3209 3611 multa
3228 3561 3319 3612 erit
3339 3564 3500 3615 valde
3522 3565 3671 3635 ((ἱειι.

2145 3638 2227 3693 l5.
2264 3640 2342 3709 ι).

2144 3752 2196 3806 1.
2228 3751 2504 3809 Thesauro
2526 3756 2754 3827 cuipiam
2783 3759 2972 3813 similis
2997 3761 3360 3830 estjustorum
3382 3767 3587 3831 virtus,
3625 3771 3670 3822 in

2069 3861 2176 3916 quo
2206 3848 2446 3916 plurimae
2474 3859 2528 3904 et
2557 3851 2851 3907 ineﬂ'abiles
2878 3853 3076 3909 divitia:
3104 3857 3504 3916 reconduntur.
3542 3863 3671 3916 Nam

2069 3939 2204 3993 sicut
2229 3941 2316 4009 qui
2340 3957 2403 3995 ex
2432 3941 2522 3995 illo
2547 3944 2629 3997 vel
2655 3959 2868 4012 parvam
2909 3947 3191 4013 quamdam
3225 3962 3435 4018 partem
3477 3969 3672 4024 Caper»:

2070 4037 2262 4097 potest,
2287 4032 2478 4087 multas
2531 4035 2630 4088 sibi
2683 4036 2805 4091 inde
2851 4045 2998 4105 parat
3034 4054 3164 4109 opes
3195 4058 3208 4094 :
3239 4042 3308 4095 ita
3343 4049 3574 4102 evenire
3622 4051 3670 4100 in

2067 4120 2350 4178 virtutibus
2371 4125 2685 4192 patriarcha:
2704 4127 3105 4196 deprehendere
3127 4133 3246 4200 quis
3272 4144 3477 4202 potest.
3531 4139 3670 4194 Ecce

2070 4211 2182 4266 fere
2211 4215 2445 4282 quotidie
2474 4232 2535 4270 ex
2565 4217 2784 4272 historia
2811 4220 2926 4289 ejus
2957 4222 3105 4276 vobis
3125 4223 3421 4280 doctrinam
3469 4245 3670 4301 propa-

2070 4313 2275 4370 nentes,
2313 4321 2498 4375 magna
2524 4307 2765 4377 largitate
2783 4311 3080 4365 convivium
3099 4315 3419 4384 praebemus,
3455 4333 3516 4375 et
3543 4324 3674 4376 buc-

2069 4411 2235 4465 usque
2265 4398 2497 4453 nondum
2526 4412 2742 4468 parvam
2787 4403 3048 4459 bonorum
3077 4406 3216 4460 illius
3247 4423 3480 4477 operum
3542 4431 3668 4482 paro

2070 4496 2174 4541 tem
2198 4503 2448 4544 enarrare
2478 4492 2748 4560 potuimus
2776 4511 2788 4544 :
2817 4495 2976 4549 tantis
3002 4496 3203 4551 scilicet
3230 4500 3474 4555 abundat
3496 4504 3672 4557 virtu—

2069 4579 2224 4635 tibus.
2272 4581 2339 4635 Et
2365 4582 2502 4637 sicut
2538 4599 2569 4637 a
2598 4584 2743 4640 fonte
2772 4586 2933 4655 largis
2961 4587 3154 4643 ﬂuente
3201 4593 3348 4654 rivis,
3397 4597 3570 4649 etiam
3627 4601 3670 4650 si

2066 4685 2250 4727 omnes
2279 4672 2544 4741 hauriant,
2578 4690 2682 4730 non
2711 4677 2879 4731 solum
2905 4693 3011 4733 non
3035 4681 3422 4738 imminuuntur
3459 4685 3672 4742 ﬂuenta

2068 4778 2099 4816 e
2128 4762 2270 4818 fonte
2298 4768 2589 4833 manantia,
2618 4767 2713 4822 sed
2749 4777 2949 4838 quanto
2998 4771 3177 4840 plures
3223 4784 3348 4828 sunt
3388 4779 3488 4844 qui
3540 4782 3670 4833 inde

2067 4852 2329 4921 hauriant,
2360 4865 2506 4912 tanto
2532 4859 2701 4927 major
2729 4873 2982 4929 aquarum
3005 4862 3083 4916 vis
3111 4864 3370 4919 scaturit:
3393 4866 3474 4921 ita
3497 4871 3670 4925 etiam

2067 4948 2120 4999 in
2140 4946 2450 5004 admirando
2476 4950 2771 5019 patriarcha
2797 4953 2912 5007 fieri
2937 4952 3194 5010 videmus.
3220 4955 3361 5021 Quot
3411 4962 3564 5014 enim
3597 4979 3672 5016 ex

2064 5036 2208 5093 illius
2242 5055 2356 5093 aevo
2394 5039 2462 5094 ad
2488 5041 2590 5095 hoc
2632 5057 2798 5113 usque
2835 5052 3043 5113 tempus
3083 5061 3152 5101 ex
3202 5047 3350 5104 fonte
3387 5049 3664 5106 bonorum

2065 5130 2205 5185 illius
2227 5147 2447 5201 operum
2466 5132 2735 5202 hauriunt,
2764 5145 2818 5191 et
2838 5151 2953 5191 non
2975 5138 3146 5192 solum
3175 5139 3373 5194 ﬂuenta
3404 5157 3516 5197 non
3533 5160 3648 5199 era

2061 5232 2306 5288 enarunt,
2339 5223 2431 5277 sed
2458 5223 2626 5280 multo
2650 5223 3002 5282 abundantior
3025 5235 3284 5284 bonorum
3314 5246 3544 5302 operum
3563 5251 3662 5288 cu-

2062 5314 2147 5383 pia
2177 5324 2353 5368 manat
2372 5314 2396 5367 ?
2419 5314 2566 5371 Sicut
2586 5317 2728 5371 enim
2748 5327 2988 5374 catenam
3003 5320 3284 5389 quamdam
3309 5337 3555 5388 auream,
3582 5327 3668 5379 sic:

2062 5404 2177 5472 ejus
2204 5403 2474 5459 historiam
2497 5406 2550 5460 in
2584 5405 2855 5478 Scriptura
2877 5409 3048 5465 divina
3069 5413 3385 5467 recensitam
3415 5415 3664 5470 invenit»

2062 5512 2215 5561 mus;
2243 5511 2305 5553 ac
2332 5497 2552 5569 singulis
2580 5502 2905 5571 temporibus
2930 5501 3102 5573 primo
3129 5503 3274 5558 illum
3302 5507 3666 5562 observamus

2062 5604 2202 5645 verae
2227 5589 2578 5664 philosophia:
2606 5594 2906 5665 specimiua.
2941 5595 3306 5666 exhibentem,
3359 5601 3660 5670 statimque

2062 5692 2373 5756 sequentem
2402 5684 2494 5743 Dei
2523 5689 3026 5747 remunerationem.
3057 5687 3125 5745 Et
3154 5699 3212 5746 ut
3232 5690 3454 5749 discatis
3493 5695 3563 5750 ita
3587 5711 3652 5751 se
