3788 6260
109 346 227 387 rem
262 332 481 403 habere,
504 351 681 407 opera:
711 343 939 411 pretium
978 343 1136 401 fuerit
1162 348 1316 417 paulo
1345 352 1503 408 altius
1529 354 1704 411 brevi-

33 480 40 494 _
111 433 196 474 ter
226 423 378 478 vobis
403 440 493 480 res
528 427 647 497 ejus
671 446 975 501 recensere,
1010 443 1067 489 ut
1091 438 1271 494 sciatis
1304 444 1556 498 eximiam
1584 445 1710 514 justi

107 511 294 577 tidem,
327 530 486 587 quam
522 520 660 574 circa
695 525 1074 588 promissiones
1112 527 1318 585 divinas
1355 535 1605 601 ostendit,
1657 547 1710 593 et

106 600 332 676 benigni
414 608 506 663 Dei
555 612 932 670 retributiones
983 616 1202 689 largiter
1252 623 1351 692 ipsi
1404 640 1706 683 concessas.

101 693 317 751 Sufﬁcit
365 701 506 754 enim
554 719 691 759 unus
738 705 825 761 ille
868 709 1064 778 justus,
1112 722 1169 768 ut
1205 729 1392 773 onmes
1423 734 1518 773 nos
1579 737 1706 776 eru-

104 786 243 851 diat,
276 804 384 858 quo
434 792 682 848 alacriter
731 800 1106 867 aggrediamur
1134 804 1342 859 virtutis
1389 811 1700 878 certamina,

99 880 438 938 conﬁdentes
488 888 738 955 supernis
779 896 1317 959 remunerationihus,
1376 910 1429 953 et
1477 903 1704 959 scientes

101 969 471 1027 misericordis
514 976 720 1031 Domini
753 983 918 1036 nostri
947 983 1340 1053 liberalitatem,
1381 994 1557 1045 omnia
1585 1010 1704 1062 qua:

96 1058 234 1115 dura
268 1072 322 1117 et
366 1066 529 1120 ardua
563 1070 612 1122 in
645 1069 744 1126 hac
774 1074 880 1127 vita
926 1077 1194 1146 videntur,
1250 1094 1345 1150 spe
1394 1098 1703 1141 remunera-

101 1158 309 1209 tioiium
337 1159 565 1217 libenter
590 1166 960 1236 suscipiamus.
994 1174 1266 1231 Attendite
1295 1177 1492 1248 itaque,
1545 1182 1701 1238 obse-

94 1260 213 1310 cro,
250 1252 519 1318 quomodo
544 1255 613 1309 ab
640 1258 809 1324 initio,
842 1272 1121 1335 postquam
1144 1268 1324 1325 indole
1351 1289 1442 1326 sua
1470 1284 1524 1329 et
1545 1276 1697 1330 insita

97 1351 309 1395 natura:
340 1358 539 1399 nostm
566 1350 786 1406 scientia
818 1353 952 1410 bene
981 1373 1110 1413 usus
1136 1372 1238 1429 est,
1272 1366 1473 1420 nullmu
1517 1378 1696 1424 exter-

94 1447 223 1485 num
257 1437 477 1491 sortitus
508 1438 804 1511 deelorem,
832 1449 925 1502 sed
949 1459 1005 1504 et
1033 1451 1101 1505 ab
1125 1453 1430 1511 inlidelibns
1462 1464 1695 1528 parenti-

96 1525 196 1577 bus
247 1526 522 1593 educatus,
555 1533 731 1589 divina
764 1542 1097 1608 apparitione
1149 1548 1348 1615 potitus
1400 1525 1502 1606 est.
1560 1553 1692 1609 Nam

91 1615 217 1683 quia
243 1619 413 1687 prima
439 1632 596 1679 aetate
615 1641 722 1682 non
742 1641 995 1700 sequutus
1020 1646 1102 1689 est
1128 1651 1365 1693 errorem
1387 1652 1688 1713 paternum,

91 1705 188 1760 sed
217 1708 473 1776 pietatem
522 1729 645 1784 erga
699 1733 895 1775 numen
947 1723 1205 1794 exhibuit,
1240 1729 1359 1784 ideo
1403 1746 1689 1801 supernam

88 1796 454 1857 visitationem
484 1806 663 1862 statim
690 1808 938 1879 obtinuit,
982 1830 1105 1871 cum
1144 1819 1317 1876 adhuc
1353 1821 1406 1877 in
1442 1796 1690 1883 Cbaldaaa

85 1898 271 1946 esset:
303 1902 360 1948 et
388 1893 491 1950 hoc
515 1898 668 1955 nobis
690 1899 876 1960 beatus
900 1904 1202 1977 Stephanus
1227 1914 1461 1983 exponit
1507 1918 1684 1972 mani-

84 1982 277 2039 festius
319 1985 399 2042 sic
426 1988 651 2049 dicens:
682 1992 823 2049 Deus
860 1997 1038 2068 glon'te
1066 2001 1200 2057 visus
1226 1982 1317 2059 est,
1336 2008 1470 2077 patri
1514 2019 1686 2065 nostro

84 2075 370 2143 Abraham,
394 2097 508 2135 cum
533 2084 702 2138 adhuc
740 2099 865 2143 esset
893 2090 946 2145 in
967 2075 1357 2165 Mesopotamia,
1389 2102 1684 2174 priusquam

83 2169 337 2226 habitaret
355 2174 405 2227 in
438 2175 668 2232 Cbarran
699 2181 830 2250 (Act.
862 2184 912 2237 7.
938 2185 1016 2253 2).
1056 2187 1241 2245 Vidisti
1274 2169 1681 2261 quotnodo'eum

80 2259 208 2314 inde
235 2262 372 2319 visio
413 2271 710 2325 amoverit?
758 2274 1056 2333 Verisimile
1108 2283 1248 2335 enim
1285 2296 1367 2339 est
1390 2301 1511 2341 eum
1558 2304 1677 2344 cum

77 2353 266 2410 sedula
286 2357 341 2411 in
368 2358 536 2416 Deum
564 2364 780 2432 pietate,
814 2372 1122 2438 parentibus
1158 2392 1369 2447 quoque
1427 2397 1681 2439 reveren-

81 2445 207 2498 tiam
238 2449 545 2507 exhibuisse
574 2472 587 2508 :
619 2465 870 2527 tantoque
898 2478 1083 2519 amore
1110 2445 1320 2535 patrem
1365 2470 1463 2526 sibi
1492 2476 1677 2530 conci-

78 2535 316 2603 liavisse,
342 2550 397 2595 ut
424 2543 548 2599 inde
576 2546 642 2600 ad
674 2549 1077 2621 relinquendam
1099 2571 1281 2614 amore
1325 2561 1418 2615 ﬁlii
1452 2564 1672 2632 patriam

73 2642 254 2696 suam,
285 2642 339 2685 et
368 2635 432 2687 ad
466 2634 808 2696 habitandum
833 2644 1059 2700 alienam
1102 2660 1278 2705 motus
1302 2654 1389 2707 sit.
1439 2658 1507 2709 At
1556 2659 1674 2711 diii-

74 2732 268 2786 genter
301 2724 444 2789 vide.
468 2727 712 2799 obsecro,
735 2736 1001 2803 quomodo
1027 2747 1081 2793 et
1105 2739 1219 2795 hinc
1242 2758 1360 2811 qua:
1381 2760 1409 2798 a
1439 2745 1547 2801 Deo
1575 2748 1673 2804 fuit

74 2809 148 2861 ob
176 2812 411 2879 priorem
438 2818 685 2874 virtutem
714 2826 830 2890 ejus
874 2826 1124 2896 visitatio,
1159 2832 1347 2887 iterum
1388 2837 1669 2895 clariorem

68 2900 191 2969 ejus
217 2903 464 2961 virtutem
495 2910 802 2969 reddiderit.
834 2915 1168 2987 Elegitenim
1195 2934 1467 2992 paternam
1496 2930 1671 2999 regio-

69 3010 197 3046 nem
247 2998 551 3070 relinquere
597 3006 893 3062 etalienam
922 3010 1239 3081 inhabitare,
1266 2998 1666 3091 utprmceptum

72 3085 169 3139 Dei
194 3089 499 3157 perﬁceret,
530 3104 581 3149 et
618 3110 833 3167 paratus
861 3113 974 3157 erat
995 3106 1153 3160 etiam
1174 3107 1374 3179 absque
1404 3116 1660 3184 Cognatis,

66 3190 128 3231 ut
170 3183 302 3237 milii
352 3186 579 3256 videtur,
614 3195 1091 3264 peregrinationem
1122 3203 1564 3274 suscipere:sed,
1610 3219 1667 3265 ut

63 3272 199 3342 divi,
235 3277 333 3331 viri
366 3280 534 3335 virtus
560 3291 613 3337 et
635 3286 855 3357 insignis
878 3305 1001 3360 erga
1048 3306 1295 3362 parentes
1343 3299 1533 3370 pietas,
1580 3302 1662 3359 ef-

64 3364 95 3417 Ιῖ
120 3367 193 3420 cit
225 3379 284 3422 ut
316 3380 473 3440 pater
494 3387 673 3430 comes
705 3379 855 3436 ﬁeret
882 3384 1109 3442 itineris.

134 3458 338 3515 Iterum
384 3465 717 3524 obedientiam
782 3474 1059 3533 Abrahami
1102 3491 1360 3553 experitur
1402 3488 1557 3545 Deus.
1590 3522 1661 3532 —-

60 3554 419 3617 Deindecum
447 3565 816 3632 pervenissent
845 3571 896 3623 iu
927 3571 1188 3640 Cbarran,
1212 3577 1317 3633 illic
1342 3582 1660 3639 tabernacu-

57 3644 164 3698 lum
198 3645 455 3705 ﬁxerunt.
486 3652 552 3707 Et
580 3666 859 3727 postquam
888 3674 1059 3719 morte
1087 3665 1302 3725 functus
1333 3682 1416 3726 est
1449 3673 1653 3730 Tharra

54 3740 181 3807 (hoc
208 3744 356 3797 enim
387 3746 521 3813 patri
550 3751 664 3818 ejus
693 3768 885 3811 nomen
912 3761 1072 3825 erat),
1108 3762 1298 3817 iterum
1329 3778 1655 3838 praeceptum

52 3844 131 3886 est
162 3835 213 3889 ei
246 3850 276 3888 a
305 3837 417 3893 Deo
455 3849 510 3893 ut
538 3842 711 3898 exiret
757 3846 899 3903 inde.
936 3849 1191 3923 Egredere
1225 3858 1367 3911 enim
1396 3901 1408 3923 ,
1441 3859 1609 3931 inquit
1637 3902 1654 3929 ,

50 3926 113 3978 de
126 3935 266 3981 terra
285 3938 375 3982 tua
396 3941 442 3984 et
471 3933 533 3986 de
552 3938 847 4007 cognatione
869 3954 974 4009 tua,
1006 3953 1053 3996 et
1083 3948 1191 4000 veni
1217 3948 1267 4002 in
1296 3959 1480 4004 terram
1504 3970 1657 4021 quant

50 4030 402 4075 monstravcro
434 4023 521 4078 tibi
550 4025 570 4097 (
588 4025 715 4082 Cen.
743 4030 829 4085 12.
858 4033 882 4087 1
909 4030 950 4105 ).
983 4034 1111 4090 Nam
1145 4040 1265 4108 quia
1290 4055 1412 4097 cum
1442 4046 1655 4101 univer-

47 4128 102 4166 sa
135 4114 341 4170 familia
366 4129 420 4172 et
450 4116 610 4176 domo
639 4123 690 4177 in
711 4120 948 4183 Cbarran
967 4132 1342 4201 migraverant,
1374 4150 1650 4208 propterea

47 4204 195 4259 illinc
224 4208 500 4277 imperans
539 4214 587 4267 ei
621 4224 677 4270 ut
712 4217 1057 4287 egrederetur
1087 4265 1102 4290 ,
1134 4224 1336 4281 addidit
1412 4204 1487 4284 De
1516 4241 1651 4285 terra

49 4308 137 4349 tua
169 4311 217 4351 et
252 4300 319 4354 de
345 4306 646 4371 cognatione
677 4318 765 4363 tua
797 4350 813 4377 ,
855 4312 1138 4370 declarans
1158 4332 1215 4371 se
1240 4319 1376 4373 velle
1400 4362 1414 4384 ,
1471 4322 1643 4392 ipsum

42 4390 225 4444 soiutn
276 4398 762 4463 peregrinationem
812 4404 1086 4474 suscipere
1114 4450 1130 4469 ,
1175 4425 1348 4480 neque
1385 4414 1601 4469 fratrem
1628 4457 1642 4480 ,

37 4466 263 4537 NJCIIUI’
290 4485 413 4539 dico
431 4528 444 4550 ,
471 4504 645 4560 neque
670 4494 833 4549 alium
858 4513 1174 4569 quemquam
1200 4518 1382 4558 secum
1412 4508 1642 4566 trahere.

33 4573 117 4626 De
147 4586 292 4629 terra
314 4586 403 4629 tua
425 4580 636 4636 dicebat
658 4624 674 4647 ,
703 4588 823 4655 quia
855 4604 958 4643 non
983 4607 1146 4659 parvo
1178 4602 1417 4664 tempore
1444 4599 1512 4652 ibi
1546 4600 1640 4654 ha-

31 4670 279 4723 hitarant
307 4711 323 4734 ,
350 4683 404 4727 et
445 4677 594 4744 quasi
635 4677 687 4733 in
730 4683 939 4752 propria
1003 4689 1171 4755 patria
1215 4690 1323 4745 illic
1378 4692 1644 4751 habebant

28 4759 394 4819 domicilium.
422 4764 573 4822 Licet
599 4768 650 4824 in
680 4772 919 4843 lugendis
958 4781 1263 4847 parentibus
1293 4784 1468 4842 adhuc
1495 4798 1639 4844 esset

26 4866 336 4921 occupatus
358 4899 376 4924 ,
400 4872 686 4933 essentque
713 4866 1052 4927 difﬁcultates
1078 4873 1287 4931 itineris
1316 4881 1495 4934 multa:
1516 4924 1528 4945 ,
1555 4892 1636 4936 ta-

26 4960 157 5000 men
196 4960 529 5021 prazceptum
571 4954 779 5013 Domini
823 4976 1011 5032 magna
1052 4968 1274 5034 perfecit
1316 4970 1590 5028 alacritate
1616 5017 1631 5040 ,

24 5040 197 5109 idque
243 5041 500 5111 ignorans
552 5048 766 5105 ubinam
813 5054 1018 5110 futurus
1068 5060 1283 5115 errandi
1327 5062 1464 5118 linis.
1512 5065 1636 5121 Veni

21 5133 175 5185 enim
216 5176 231 5199 ,
266 5137 475 5206 inquit,
510 5156 613 5196 non
641 5142 693 5197 in
726 5142 861 5200 hanc
900 5148 983 5201 vel
1026 5150 1167 5206 illam
1198 5162 1391 5208 terram
1418 5199 1432 5222 ,
1459 5157 1552 5212 sed
1581 5160 1632 5213 in

17 5240 137 5277 eam
165 5244 322 5295 quam
345 5244 689 5288 monstravero
716 5237 821 5293 tibi.
857 5239 1213 5299 Nihilominus
1237 5288 1250 5309 ,
1284 5247 1409 5303 licet
1440 5250 1598 5305 indeii
1616 5283 1629 5290 -

17 5318 203 5372 nitutn
233 5330 377 5375 esset
399 5325 705 5383 mandatum
729 5332 925 5387 omissa
948 5337 1240 5393 curiosiorc
1272 5345 1629 5408 percontatio-

11 5430 77 5469 ne
108 5411 442 5480 imperatum
472 5414 738 5485 faciebat;
775 5423 952 5479 fratris
976 5439 1154 5482 autem
1188 5429 1298 5485 ﬁlio
1326 5444 1622 5503 assumpto,

12 5523 167 5560 suam
202 5506 332 5561 hinc
359 5506 745 5568 demonstravit
768 5516 1035 5573 virtutem.
1057 5522 1189 5587 Quia
1212 5525 1353 5579 enim
1371 5525 1621 5595 juvenem

12 5600 159 5653 .ilum
207 5613 535 5671 acceperat,
582 5608 938 5680 paulatimque
992 5629 1102 5668 suae
1139 5616 1345 5671 virtutis
1393 5619 1624 5674 imitato-

11 5710 123 5750 rem
161 5694 454 5765 eﬁ‘ecerat,
484 5714 605 5756 cun:
636 5702 938 5775 relinquere
965 5710 1152 5776 noluit,
1184 5711 1278 5766 sed
1310 5714 1617 5785 peregrina-

1149 230 1213 288 ΙΝ
1251 234 1403 292 CAP.
1439 233 1555 294 XV.
1585 240 1825 301 GENES.
1869 246 2095 305 llOMiL.
2132 250 2368 308 XXXVI.

1823 362 1980 417 tionis
2010 366 2211 421 sociant
2239 372 2462 441 accepit.
2497 373 2658 441 Quasi
2700 376 2941 435 diceret:
2983 380 3039 438 Si
3076 392 3227 452 pater
3256 427 3273 452 ,
3318 389 3407 457 qui

1821 453 2048 510 inﬁdelis
2079 457 2174 513 fuit
2194 502 2207 521 ,
2238 461 2307 515 ob
2331 479 2484 517 suum
2515 465 2567 519 in
2598 482 2684 521 me
2704 483 2941 526 amorem
2973 472 3190 528 domum
3226 488 3408 547 pater:

1819 561 1940 599 nam
1959 589 1973 613 ,
2001 548 2051 603 in
2082 566 2185 619 qua
2208 554 2313 607 nati
2342 568 2528 611 sumus
2550 568 2599 613 et
2623 557 2953 618 adolevimus
2979 604 2993 627 ,
3021 566 3323 636 relinquere
3352 581 3407 625 et

1816 653 1902 693 me
1918 640 2161 697 comitari
2184 645 2365 713 voluit,
2383 648 2593 719 vitaque
2622 652 2671 704 in
2702 650 2873 707 aliena
2899 663 3036 709 terra
3066 656 3277 715 functus
3300 669 3399 716 est:

1814 734 1982 786 multo
2033 736 2200 805 magis
2242 753 2340 807 ego
2378 740 2555 795 fratris
2591 743 2754 798 ﬁlium
2784 788 2799 811 ,
2825 743 3075 816 juvenem
3108 750 3284 806 indole
3307 768 3401 808 sua

1814 824 2151 892 pollicentem
2182 844 2240 883 se
2267 831 2518 899 paulatim
2552 834 2603 889 in
2638 834 2829 893 virtute
2856 840 3215 909 profecturum
3244 886 3259 910 ,
3294 860 3398 901 non

1816 917 2149 983 permiserim
2178 917 2264 974 hic
2292 922 2539 994 relinqui.

1732 1064 1746 1076 .
1773 1063 1779 1069 ,
1824 996 1827 999 ⁷
1879 1009 1935 1063 2.
1963 1009 2093 1076 Quia
2124 1012 2279 1081 igitur
2305 1015 2473 1071 modis
2498 1016 2745 1075 omnibus
2771 1039 2920 1079 suam
2948 1028 3235 1083 ostendens
3266 1028 3397 1084 reli-

1807 1103 2042 1170 giouem,
2074 1102 2232 1161 etiam
2265 1108 2418 1163 istam
2451 1115 2930 1183 peregrinationem
2955 1123 3225 1191 suscepit,
3252 1133 3399 1193 post-

1806 1210 1964 1265 quam
1996 1197 2048 1251 in
2074 1196 2409 1255 Palaestinam
2438 1202 2580 1258 venit
2605 1216 2657 1261 et
2695 1207 3117 1266 Cbanaumorum
3146 1213 3280 1270 ﬁnes
3310 1215 3393 1268 in-

1807 1289 1961 1342 travit
1998 1332 2011 1354 ,
2060 1294 2305 1361 apparuit
2347 1295 2394 1349 ei
2440 1295 2578 1350 Deus
2607 1338 2623 1365 ,
2669 1300 2852 1355 volens
2901 1302 3016 1370 ejus
3060 1304 3387 1362 alacritatem

1805 1378 2123 1435 conﬁrmare
2148 1390 2202 1436 et
2226 1383 2323 1454 ipsi
2354 1401 2567 1440 manum
2598 1391 2903 1461 porrigere,
2929 1392 3059 1447 dicit
3082 1395 3130 1449 ei
3157 1412 3169 1448 :
3195 1395 3391 1450 Semini

1803 1480 1889 1524 tuo
1912 1472 2041 1526 dabo
2072 1483 2257 1528 terram
2279 1477 2409 1531 lianc
2431 1473 2583 1547 (Gen.
2612 1481 2699 1535 12.
2729 1483 2806 1551 7).
2836 1483 2892 1538 Id
2920 1486 3060 1554 quod
3093 1487 3180 1543 ille
3205 1489 3391 1559 admo-

1801 1563 1929 1619 dum
1975 1566 2227 1637 optabat,
2269 1586 2333 1625 ac
2370 1571 2743 1641 desiderabat,
2786 1577 3014 1633 liliorum
3048 1596 3240 1653 nempe
3266 1597 3389 1638 suc-
3468 1590 3478 1603 '

1796 1656 2096 1715 cessionem
2122 1701 2137 1726 ,
2171 1660 2310 1717 istud
2340 1665 2497 1718 etiam
2530 1666 2629 1735 ipsi
2673 1670 2853 1724 statim
2885 1673 3148 1739 promittit
3177 1715 3194 1740 ,
3224 1677 3387 1729 retri-

1798 1747 1970 1805 buens
2000 1752 2161 1808 tantis
2202 1753 2475 1812 laboribus
2502 1759 2824 1816 mercedem.
2855 1762 3118 1829 Quoniam
3150 1766 3294 1822 enim
3319 1782 3387 1823 ex

1795 1851 1980 1897 natura
2013 1844 2177 1913 prolis
2205 1861 2398 1916 expers
2421 1859 2539 1903 erat
2563 1891 2578 1915 ,
2604 1860 2659 1905 et
2685 1859 2815 1907 aetas
2840 1868 3055 1926 quoque
3078 1859 3384 1926 provectior

1793 1947 1862 1988 ne
1906 1933 2007 1989 sibi
2050 1935 2178 2005 quid
2222 1937 2461 2007 polliceri
2518 1952 2697 2010 posset
2746 1946 2998 2009 vetabat,
3029 1948 3383 2015 promissione

1793 2023 1933 2080 Deus
1961 2028 2157 2083 excitat
2186 2039 2239 2084 et
2267 2030 2423 2101 erigit
2461 2033 2717 2088 athletam
2744 2076 2757 2100 ,
2786 2045 2947 2107 atque
2970 2037 3201 2094 alacrem
3223 2043 3381 2110 juve-

1789 2116 2061 2189 nilemque
2078 2129 2229 2189 parat
2246 2120 2504 2178 adversus
2518 2129 2793 2196 sequentia
2810 2131 3122 2185 certamina.
3144 2132 3377 2189 Proinde

1788 2208 1911 2264 vide
1953 2212 2222 2281 quomodo
2262 2224 2381 2284 post
2425 2213 2559 2271 hanc
2586 2218 2995 2287 promissionem
3034 2222 3209 2290 justus
3236 2224 3379 2278 aliud

1786 2316 2058 2360 cet-tamen
2103 2308 2429 2377 aggreditur.
2496 2307 2859 2367 lnvalescente
2918 2314 3061 2368 enim
3108 2314 3252 2370 fame
3283 2360 3298 2381 ,
3325 2328 3381 2371 ct

1785 2395 2086 2450 Chananma
2116 2399 2399 2454 sterilitate
2425 2410 2480 2455 et
2509 2403 2768 2471 angustiis
2793 2418 3045 2473 Oppressa
3069 2447 3085 2472 ,
3127 2407 3179 2461 in
3206 2407 3377 2480 Egy—

1786 2497 1930 2556 ptum
1968 2488 2281 2556 contendit;
2325 2491 2431 2546 illic
2465 2493 2619 2547 famis
2656 2495 3040 2567 mitigationem
3082 2515 3328 2568 quterens
3360 2543 3372 2567 ,

1782 2577 2075 2647 majoribus
2105 2595 2224 2634 sese
2251 2583 2500 2650 periculis
2541 2584 2782 2640 involvit.
2816 2586 3009 2643 Uxoris
3029 2593 3170 2645 enim
3201 2609 3370 2648 venu-

1779 2680 1890 2725 stas
1924 2681 1977 2725 et
2004 2672 2341 2739 pulchritudo
2365 2673 2510 2729 Sara:
2540 2687 2767 2731 mortem
2790 2680 2837 2733 ei
2861 2682 3010 2750 quasi
3038 2694 3162 2737 ante
3185 2686 3370 2740 oculos

1781 2764 1950 2832 ponit.
1998 2761 2123 2819 Ideo
2150 2778 2270 2818 cum
2295 2765 2405 2834 jam
2442 2767 2496 2821 in
2531 2768 2776 2822 conﬁniis
2807 2781 2949 2824 esset
2988 2771 3204 2845 Aigypti
3237 2818 3252 2841 ,
3282 2777 3369 2831 in-
3430 2770 3433 2773 ’

1776 2870 2059 2923 gressurus
2102 2856 2155 2910 in
2184 2871 2302 2911 eam
2340 2857 2472 2913 dixit
2499 2859 2651 2915 uxori
2686 2878 2698 2915 :
2734 2861 2855 2916 Scio
2882 2865 3015 2932 quod
3041 2869 3263 2935 formosa
3300 2872 3369 2922 sis

1776 2946 1929 3015 (Gen.
1960 2946 2047 3002 12.
2080 2947 2167 3001 11.
2190 2947 2321 3017 sqq.)
2345 2965 2358 3013 ;
2383 2948 2495 3003 scio
2525 2958 2628 3004 tuae
2658 2951 3070 3020 pulchritudinis
3092 2971 3324 3025 speetem
3349 3001 3364 3021 ,

1774 3049 1828 3093 et
1852 3040 2012 3094 timeo
2039 3038 2409 3110 [Egyptiorum
2445 3041 2932 3111 intemperantiam.
2963 3047 3015 3100 Si
3044 3062 3171 3118 ergo
3202 3059 3253 3104 te
3284 3052 3361 3104 vi-

1772 3131 1968 3197 derint,
1991 3140 2046 3188 et
2066 3134 2410 3202 cognoverint
2438 3134 2579 3204 quod
2606 3135 2679 3189 uti
2703 3152 2924 3192 uxorem
2956 3150 3006 3195 te
3036 3156 3244 3197 mecum
3269 3141 3367 3197 du-

1771 3238 1887 3277 cam
1924 3240 1936 3276 :
1970 3231 2022 3278 te
2064 3223 2279 3294 quidem
2321 3224 2375 3278 in
2419 3225 2523 3278 vita
2574 3228 2901 3295 servabunt,
2931 3238 2989 3283 ut
3035 3230 3118 3285 sui
3166 3231 3364 3288 furoris

1776 3315 2033 3384 impetum
2061 3330 2225 3385 opere.
2247 3316 2590 3386 compleant;
2617 3334 2701 3373 me
2731 3329 2913 3375 autem
2944 3323 3227 3392 occident,
3257 3343 3363 3395 quo

1771 3407 1929 3462 liceat
1957 3407 2036 3463 eis
2060 3409 2176 3464 sine
2205 3408 2355 3465 obice
2380 3425 2532 3466 suam
2553 3411 2827 3469 libidinem
2846 3415 3084 3485 explere,
3119 3428 3177 3472 ut
3204 3434 3362 3474 nemo

1770 3500 1837 3552 sit
1867 3499 1955 3569 qui
1982 3499 2302 3555 adulterium
2349 3517 2533 3557 eorum
2574 3504 2786 3575 prodat.
2836 3505 2933 3560 Dic
2961 3506 3115 3577 igitur
3141 3527 3217 3563 me
3244 3514 3360 3583 fra-

1768 3600 1892 3643 trem
1931 3600 2071 3644 tuum
2118 3609 2242 3646 esse.
2289 3592 2424 3648 Vide
2473 3595 2869 3651 adamantiuam
2918 3601 3150 3655 animam
3180 3642 3193 3667 ,
3238 3604 3359 3659 vide

1766 3690 2001 3736 mentem
2032 3680 2177 3737 ferro
2205 3684 2549 3739 solidiorem:
2580 3701 2684 3741 non
2726 3689 2955 3745 turbavit
2980 3691 3096 3761 ejus
3124 3704 3360 3750 mentem

1765 3771 2042 3828 calamitas
2070 3815 2085 3838 ,
2116 3788 2275 3845 quam
2325 3776 2705 3845 exspectabat;
2738 3795 2843 3833 non
2876 3782 3142 3851 cogitabat
3184 3800 3357 3855 neque

1763 3863 1975 3919 dicebat
1997 3865 2133 3920 intra
2160 3866 2507 3936 semetipsum
2535 3885 2548 3923 :
2579 3867 2775 3925 ldeonc
2802 3873 3012 3943 propria
3052 3874 3235 3930 relicta
3264 3892 3357 3945 pa-

1765 3955 1863 4008 tria
1890 3964 2085 4009 tantam
2110 3972 2217 4026 prce
2249 3974 2334 4013 me
2365 3957 2455 4012 tuli
2482 3958 2846 4016 obedientiam
2882 4005 2897 4027 ,
2930 3964 3091 4033 inque
3118 3967 3349 4023 alienam

1760 4049 1881 4104 veni
1904 4059 2097 4104 terram
2132 4093 2146 4118 ,
2179 4060 2233 4105 ut
2262 4050 2410 4107 hisce
2429 4052 2585 4107 malis
2620 4053 2922 4123 implicarcr
2950 4058 2972 4111 ?
2999 4057 3186 4114 Nonne
3219 4075 3350 4129 pau-

1761 4142 1814 4196 10
1839 4151 1992 4197 antea
2023 4143 2266 4213 promisit
2291 4144 2418 4198 mihi
2444 4162 2457 4199 :
2489 4144 2685 4199 Scantini
2715 4157 2800 4200 tuo
2829 4148 2959 4202 dabo
2976 4159 3161 4202 terram
3183 4152 3352 4206 hunc!

1761 4237 1839 4291 En
1868 4247 1922 4290 et
1952 4236 2195 4292 adulterii
2218 4248 2271 4291 et
2298 4239 2485 4294 mortis
2512 4239 2668 4294 timor
2697 4252 2932 4296 mentem
2964 4257 3200 4298 nostram
3220 4262 3350 4301 cou-

1756 4330 1908 4385 cutit.
1934 4329 2037 4385 Sed
2068 4329 2197 4386 nihil
2227 4330 2417 4386 horum
2449 4333 2532 4387 vel
2556 4334 2605 4387 in
2630 4346 2859 4390 mentem
2890 4336 3133 4407 accipere
3161 4338 3347 4409 digna~

1757 4431 1841 4475 tus
1883 4432 1964 4476 est
2000 4440 2012 4475 :
2048 4437 2207 4475 unum
2250 4423 2298 4476 ei
2342 4423 2620 4478 dumtaxat
2669 4440 2812 4479 curae
2870 4438 2983 4481 erat
3020 4469 3034 4492 ,
3075 4430 3345 4497 quomodo

1756 4513 2006 4566 miseram
2037 4511 2175 4567 hanc
2210 4513 2441 4569 fabulam
2481 4515 2551 4570 ita
2578 4526 2760 4586 ageret
2790 4560 2803 4582 ,
2836 4516 3044 4572 duobus
3071 4518 3194 4574 hinc
3224 4520 3343 4573 inde

1754 4606 2004 4675 periculis
2044 4605 2355 4677 urgentibus
2381 4648 2396 4674 ,
2430 4619 2485 4663 ut
2529 4609 2612 4663 vel
2661 4625 2824 4664 unum
2875 4610 3063 4666 saltem
3103 4612 3339 4685 ciiugerc

1749 4708 1951 4768 posset.

1822 4790 2075 4845 Mirabilis
2102 4790 2199 4846 Dei
2225 4794 2538 4862 providentia
2561 4796 2697 4849 circa
2730 4798 3093 4851 Abrahamum.
3124 4798 3201 4855 0b
3228 4815 3331 4853 mo-

1746 4882 1957 4938 destiam
1969 4885 2219 4953 beneﬁciis
2232 4886 2439 4956 afﬁcitur
2462 4886 3041 4959 Abrahamus.—lgitur
3056 4901 3333 4961 postquam

1746 4974 1860 5044 ipse
1905 4991 2024 5045 qua:
2048 4992 2145 5031 sua
2172 4989 2325 5033 erant
2350 4979 2526 5033 attulit
2565 5021 2580 5047 ,
2628 4982 2851 5035 consilio
2890 4982 3136 5038 videlicet
3175 4996 3332 5037 utens

1742 5077 1795 5122 et
1822 5068 1984 5124 animi
2016 5069 2325 5126 fortitudine
2351 5089 2364 5126 :
2395 5072 2585 5147 mulier
2612 5088 2823 5143 quoque
2852 5075 3174 5145 singularem
3202 5092 3330 5147 erga

1742 5161 1914 5215 virum
1945 5161 2280 5223 aﬁ'ectionem
2317 5172 2370 5218 ct
2413 5163 2772 5219 obedientiam
2803 5164 3081 5220 declarans
3122 5183 3322 5239 coope-

1740 5264 1851 5307 rata
1883 5263 1963 5309 est
1986 5295 2000 5319 ,
2041 5264 2096 5309 et
2124 5256 2186 5311 iis
2210 5272 2329 5326 qum
2362 5255 2576 5310 decreta
2617 5256 2826 5312 fuerant
2854 5258 3205 5316 ministravit:
3238 5265 3323 5319 ubi

1736 5347 1895 5416 igitur
1920 5346 2061 5416 quod
2087 5363 2241 5402 suum
2269 5356 2386 5403 erat
2414 5348 2750 5417 perfecerunt
2783 5392 2798 5415 ,
2828 5366 3057 5422 etnuque
3097 5355 3206 5423 jam
3238 5373 3325 5409 se-

1734 5437 1965 5491 cundum
2030 5437 2316 5494 humanum
2373 5456 2576 5495 morem
2641 5442 3016 5511 desperaretur
3064 5488 3078 5511 ,
3117 5456 3170 5502 et
3208 5448 3320 5503 fere

1731 5546 1895 5600 Opere
1938 5533 2198 5602 completa
2258 5532 2445 5587 fuisset
2492 5532 2863 5605 Aﬂgj'ptiorum
2909 5537 3142 5601 malitia,
3193 5548 3316 5592 tunc

1730 5639 1919 5694 magna
1950 5624 2042 5678 Dei
2070 5623 2120 5679 in
2146 5640 2267 5679 eum
2317 5626 2647 5696 providentia
2697 5627 2966 5701 declarata
2998 5638 3097 5683 est.
3132 5628 3315 5682 Mulie-

1729 5731 1841 5771 rem
1870 5717 2011 5771 cnim
2042 5717 2181 5773 Deus
2222 5735 2327 5773 non
2373 5720 2545 5774 solmn
2574 5737 2601 5774 a
2631 5722 2952 5776 contumelia
2978 5723 3192 5791 eripuit,
3222 5736 3272 5776 tu
3293 5749 3307 5765 -
