3750 6244
384 259 490 322 558

384 376 693 448 dignatione
716 390 809 434 sua
842 378 895 433 in
928 394 1105 450 regem
1132 389 1184 434 et
1214 380 1268 435 in
1294 381 1508 436 domum
1534 382 1648 453 ejus
1680 382 1915 438 immissa
1948 424 1963 446 ,

384 475 477 531 sed
502 485 555 530 et
580 476 932 546 patriarcham
974 493 1094 533 cum
1136 492 1324 549 magna
1355 478 1519 548 gloria
1546 479 1598 533 in
1629 478 1967 534 Palaestinam

383 583 448 622 ex
471 566 701 639 Egypto
729 568 905 623 redire
930 570 1153 623 curavit.
1181 567 1472 624 Considera
1518 568 1788 641 quomodo
1820 568 1969 623 beni-

384 676 521 731 gnus
545 661 800 716 Dominus
824 661 873 715 in
907 660 1098 716 mediis
1125 662 1377 716 auxilium
1409 660 1639 717 aiferens
1662 660 1972 717 tentationi-

387 753 485 807 bus
506 794 521 816 ,
549 752 802 808 athletam
832 768 985 807 suum
1013 753 1078 808 ad
1110 754 1327 809 ferenda
1359 756 1638 825 sequentia
1679 755 1971 811 certamina

388 842 663 897 fortiorem
691 843 895 899 reddit:
929 858 1027 900 nec
1048 861 1297 915 umquam
1330 860 1451 900 eum
1474 861 1571 901 suo
1608 845 1848 901 deStituit
1876 844 1972 899 ad-

383 934 628 1004 jumento
648 977 662 1001 ,
692 936 789 992 sed
821 938 871 991 in
904 937 1151 992 omnibus
1178 954 1288 992 rem
1317 940 1386 993 ita
1412 947 1709 1009 temperat,
1740 946 1799 994 ut
1820 937 1977 1009 plane

387 1027 567 1083 videat
595 1027 708 1097 ille,
740 1045 798 1083 se
824 1045 983 1099 parva
1016 1029 1332 1100 proferendo
1354 1072 1367 1096 ,
1397 1031 1601 1101 magnis
1621 1040 1675 1086 et
1704 1031 1896 1085 mirum
1924 1031 1976 1085 in

389 1118 606 1174 modum
637 1120 861 1190 magnis,
892 1121 1287 1192 humanamque
1320 1130 1560 1176 naturam
1596 1122 1979 1176 transcenden-

394 1212 532 1266 tibus
555 1214 906 1266 remunerari.
944 1212 1134 1267 V’idisti
1161 1214 1289 1281 justi
1317 1213 1665 1283 patientiam?
1694 1212 1824 1267 Vide
1852 1212 1978 1266 item

394 1313 513 1372 post
539 1303 767 1357 reditum
800 1319 864 1358 ex
895 1303 1129 1375 Egypto
1157 1305 1468 1359 humilitatis
1490 1305 1905 1375 magnitudinem
1927 1315 1982 1359 ct

395 1394 661 1464 insignem
710 1397 1195 1451 mansuetudinem.
1250 1396 1381 1451 Nam
1444 1411 1566 1451 eum
1624 1396 1872 1451 rediisset
1916 1398 1983 1453 ab

397 1481 632 1554 Egypto
663 1526 677 1545 ,
726 1485 1055 1556 multamque
1094 1488 1394 1557 possideret
1433 1487 1783 1543 substantiam
1831 1490 1851 1557 (
1885 1503 1985 1543 nec

398 1574 513 1644 ipse
541 1574 687 1630 solus
712 1617 726 1641 ,
772 1577 867 1632 sed
896 1578 1069 1634 fratris
1101 1580 1240 1634 lilius
1266 1580 1647 1651 sequebatur),
1677 1579 1798 1635 Non
1819 1582 1987 1651 capie-

396 1666 499 1730 bat,
524 1666 711 1737 inquit,
741 1685 825 1722 eos
852 1678 985 1722 terra
1010 1680 1063 1723 ut
1092 1668 1374 1724 habitarent
1396 1671 1547 1725 simul
1575 1670 1728 1742 (Gen.
1758 1672 1848 1726 15.
1877 1671 1934 1742 ϐ)
1969 1713 1983 1737 ,

395 1758 517 1826 quia
557 1759 750 1813 multas
796 1759 1071 1814 facultates
1113 1760 1379 1815 habebant
1411 1779 1423 1814 :
1452 1761 1597 1829 unde
1640 1772 1691 1816 et
1721 1762 1833 1817 rixa
1870 1772 1986 1817 orta

399 1860 483 1906 est
511 1851 648 1907 inter
670 1860 913 1920 pastores
943 1852 1041 1907 Lot
1083 1862 1137 1908 et
1167 1854 1386 1908 Abram.
1416 1853 1565 1909 Tunc
1588 1854 1765 1924 justus
1794 1855 1987 1910 animae

397 1959 509 1997 sum
542 1945 1004 1999 mansuetudinem
1045 1955 1099 2000 et
1144 1946 1455 2015 przeclaram
1489 1946 1795 2015 patientiam
1828 1962 1986 2001 mon-

398 2043 593 2098 strans,
624 2044 811 2089 vocato
838 2034 939 2089 Lot
961 2035 1094 2089 dixit
1132 2054 1145 2091 :
1198 2034 1281 2090 Ne
1306 2037 1368 2091 sit
1394 2037 1507 2090 rixa
1533 2038 1664 2091 inter
1690 2054 1769 2091 me
1805 2048 1854 2091 et
1893 2046 1941 2091 te
1972 2078 1987 2102 ,

398 2136 443 2178 et
472 2126 600 2179 inter
630 2137 855 2195 pastores
886 2144 1022 2182 meos
1065 2139 1112 2182 et
1159 2139 1385 2198 pastores
1424 2139 1534 2183 tuos
1567 2171 1582 2197 ,
1613 2131 1731 2200 quia
1763 2129 1991 2184 homines

400 2220 586 2286 fratres
621 2233 795 2270 suums
825 2234 917 2271 nos
954 2218 971 2290 (
999 2217 1134 2271 Ibid.
1166 2236 1212 2273 v.
1238 2219 1269 2273 8
1301 2219 1358 2284 );
1387 2223 1542 2289 quasi
1568 2219 1771 2275 diceret
1804 2239 1816 2274 :
1849 2219 1991 2274 Nihil

404 2324 535 2379 pace
587 2311 970 2379 praestantius;
1006 2311 1135 2366 nihil
1186 2313 1528 2367 contentione
1578 2314 1888 2370 damnosius
1939 2325 1994 2371 et

402 2400 636 2470 gravius.
689 2401 753 2457 Ut
796 2402 956 2473 igitur
999 2418 1029 2458 e
1060 2403 1237 2458 medio
1260 2404 1514 2459 tollamus
1545 2421 1757 2461 omnem
1784 2406 1991 2462 rixandi

404 2496 704 2561 materiam,
726 2496 862 2566 elige
889 2512 1045 2565 quam
1078 2497 1310 2552 volucris
1340 2498 1634 2567 regionem,
1655 2510 1706 2553 et
1733 2499 1993 2570 reliquam

403 2586 530 2640 mihi
562 2586 833 2657 relinque,
886 2596 944 2642 ut
972 2604 1000 2641 a
1031 2588 1197 2642 litium
1226 2596 1280 2644 et
1306 2590 1708 2644 contentionum
1752 2591 1994 2645 molestia

406 2678 572 2732 simus
601 2680 782 2733 alieni.
820 2678 1001 2734 Vidisti
1030 2680 1126 2734 viri
1165 2680 1453 2737 virtutem?
1480 2682 1652 2737 Cessit
1674 2682 1875 2754 juniori
1898 2698 1996 2755 po-

402 2769 598 2823 tiorum
632 2769 933 2836 electione,
963 2770 1078 2840 ipse
1122 2780 1408 2826 cententus
1451 2772 1637 2827 viliore
1687 2781 1850 2828 terra.
1889 2772 1994 2829 Sed

402 2861 522 2916 vide
555 2860 640 2916 hic
667 2863 826 2917 etiam
854 2871 1107 2933 quantam
1137 2864 1439 2920 mercedem
1468 2874 1654 2920 nactus
1684 2867 1753 2921 sit
1794 2881 1893 2937 pro
1931 2867 1996 2923 iis

403 2953 516 3007 suis
542 2953 751 3008 ofﬁciis.
787 2954 975 3010 Statim
1007 2957 1149 3010 enim
1175 2958 1512 3025 separatione
1538 2973 1567 3010 a
1598 2957 1699 3013 Lot
1724 2958 1857 3013 facta
1878 3001 1894 3026 ,
1921 2961 1997 3017 ait

404 3045 480 3100 illi
529 3046 700 3102 Deus:
736 3046 960 3102 Elevatis
1007 3050 1169 3103 oculis
1196 3051 1295 3103 tuis
1333 3051 1446 3104 vide
1484 3065 1680 3104 omnem
1722 3060 1908 3105 terram
1934 3051 1999 3107 ab

407 3140 545 3193 omni
568 3150 750 3210 parte:
774 3141 893 3210 quia
933 3158 1131 3195 omnem
1160 3148 1345 3197 terram
1371 3184 1387 3210 ,
1418 3161 1573 3212 quam
1603 3156 1655 3198 tu
1684 3145 1822 3200 vides
1854 3187 1870 3214 ,
1911 3145 2000 3201 tibi

407 3227 541 3283 dabo
570 3240 615 3283 et
641 3230 823 3284 semini
862 3241 947 3285 tuo
994 3249 1154 3301 usque
1189 3232 1242 3287 in
1280 3234 1518 3287 arculum
1563 3233 1583 3306 (
1612 3232 1752 3289 Ibid.
1784 3252 1834 3292 υ.
1867 3236 1934 3291 14
1957 3236 1997 3307 ).

407 3320 699 3377 Considera
738 3325 951 3393 quantis
982 3322 1257 3379 beneﬁciis
1288 3324 1482 3379 merito
1514 3323 1748 3381 aflicitur
1780 3326 1850 3382 ob
1878 3342 1999 3382 mo-

406 3409 632 3467 destiam
663 3454 678 3478 ,
705 3429 868 3482 quam
892 3429 1016 3485 erga
1044 3413 1222 3469 fratris
1247 3414 1412 3469 illium
1434 3415 1730 3472 declaravit
1758 3434 1772 3470 :
1801 3428 1857 3473 et
1886 3418 2000 3489 ipse

408 3501 624 3572 quidem
654 3513 711 3557 ut
736 3504 910 3574 parvis
950 3506 1111 3560 cessit
1140 3545 1155 3571 ,
1184 3504 1353 3559 multo
1395 3506 1596 3577 majora
1637 3518 2001 3579 consequutus

410 3605 495 3650 est
528 3612 541 3648 :
577 3595 665 3650 ille
690 3604 865 3650 autem
899 3598 987 3668 qui
1018 3597 1278 3667 potiorem
1313 3608 1515 3669 partem
1543 3599 1816 3671 delegerat
1843 3642 1858 3667 ,
1893 3615 1999 3657 non

412 3689 583 3744 multo
628 3700 748 3761 post
786 3691 836 3745 in
884 3691 1119 3762 pericula
1164 3692 1383 3747 incidit:
1412 3703 1461 3748 et
1510 3709 1614 3749 non
1662 3694 1837 3750 solum
1866 3694 1999 3752 nihil

410 3784 676 3839 cmnmodi
708 3784 775 3838 ab
803 3786 1068 3841 electione
1088 3787 1324 3856 accepit,
1357 3786 1451 3843 sed
1473 3798 1526 3844 et
1555 3789 1797 3859 captivus
1819 3799 1874 3845 et
1899 3790 1999 3846 do-

411 3891 501 3929 mo
530 3885 689 3946 atque
716 3876 833 3931 foco
864 3886 1085 3947 repente
1111 3879 1269 3933 simul
1316 3879 1555 3950 privatus
1577 3889 1658 3936 est
1690 3899 1703 3947 ;
1733 3882 2001 3953 rebusque

413 3968 540 4037 ipsis
570 3967 754 4023 didicit
785 3982 942 4041 quam
973 3970 1163 4026 eximia
1187 3972 1355 4026 virtus
1382 3972 1531 4041 justi,
1563 3982 1617 4028 et
1649 3973 1761 4042 ipse
1781 3974 2003 4030 edoctus

411 4069 495 4114 est
538 4077 605 4114 ne
652 4070 832 4130 postea
878 4062 1005 4131 quid
1051 4078 1301 4133 umquam
1347 4065 1451 4120 tale
1508 4074 1815 4121 attentaret.
1868 4064 2000 4121 Nam

417 4160 694 4221 postquam
720 4153 965 4209 Sodomis
1006 4154 1248 4212 habitare
1277 4158 1438 4226 erepit
1468 4200 1482 4223 ,
1507 4158 1685 4216 statim
1713 4160 2003 4216 excitatum

413 4250 497 4298 est
520 4259 683 4314 grave
713 4246 910 4301 bellum
940 4287 955 4311 ,
980 4256 1035 4302 et
1058 4248 1355 4303 vicinarum
1376 4252 1613 4320 gentium
1644 4267 1799 4322 reges
1830 4254 2003 4309 insur-

415 4344 669 4391 rexerunt
692 4345 747 4392 et
767 4353 981 4393 onmem
1010 4339 1285 4411 regionem
1314 4341 1470 4395 simul
1501 4342 1808 4413 depopulati
1840 4354 1997 4410 sunt;

414 4428 816 4499 gigantihusque
844 4430 1034 4485 occisis
1068 4472 1083 4498 ,
1111 4439 1163 4486 et
1202 4432 1510 4489 Amalecitis
1534 4433 1770 4505 expulsis
1789 4477 1804 4503 ,
1840 4435 2002 4491 etiam

414 4519 772 4575 Sodomorum
800 4537 977 4591 regem
1000 4533 1054 4577 et
1074 4522 1387 4580 Gomorrhte
1411 4525 1463 4580 in
1487 4525 1664 4598 fugam
1695 4536 2004 4595 verterunt,

421 4610 690 4666 montanis
716 4612 965 4667 omnibus
990 4616 1285 4683 occupatis,
1316 4625 1371 4671 et
1397 4618 1634 4687 equitatu
1660 4619 1801 4690 regis
1826 4617 2005 4675 Sodo-

416 4714 625 4755 morum
656 4711 842 4756 avecto
867 4718 970 4757 una
1002 4718 1120 4758 cum
1152 4704 1250 4759 [.ot
1269 4706 1499 4778 captivo,
1523 4709 1858 4775 mulieribus,
1892 4724 2008 4767 om-

418 4792 681 4862 nibusque
709 4790 953 4856 sarcinis,
978 4796 1244 4852 abierunt.

488 4886 541 4941 5.
574 4884 679 4942 Sed
730 4888 850 4943 vide
899 4889 1091 4945 iterum
1145 4891 1414 4962 ingentem
1459 4893 1549 4948 Dei
1594 4895 2005 4964 providentiam.

418 4978 617 5036 Volens
644 4980 783 5034 enim
811 4981 969 5036 simul
996 4992 1050 5037 et
1080 4982 1180 5037 Lot
1215 4998 1245 5037 a
1276 4983 1583 5053 captivitate
1623 4985 1847 5041 liberum
1881 4987 2007 5042 red-

415 5078 545 5134 dere
571 5120 587 5143 ,
615 5086 668 5133 et
696 5078 1012 5147 patriarchae
1035 5078 1256 5150 gloriam
1286 5080 1453 5151 magis
1479 5079 1767 5148 illustrare,
1810 5079 2010 5137 excitat

414 5171 614 5239 justum
644 5180 701 5225 ut
732 5170 907 5225 fratris
934 5171 1044 5225 filio
1073 5180 1370 5226 succurrat.
1417 5166 1547 5226 Nam
1582 5181 1640 5227 ut
1676 5171 1860 5227 didicit
1890 5188 2009 5243 quae

420 5262 556 5316 facta
576 5270 751 5327 erant,
773 5278 891 5318 cum
922 5264 1222 5319 vernaculis
1246 5264 1360 5318 suis
1392 5264 1591 5334 impetu
1614 5263 1756 5319 facto
1782 5264 1833 5321 in
1856 5278 2010 5335 reges

420 5352 544 5408 illos
566 5394 582 5421 ,
612 5353 730 5409 illos
759 5352 912 5410 facile
940 5355 1234 5426 proﬂigavit
1257 5398 1273 5423 ,
1305 5363 1359 5411 et
1398 5354 1500 5410 Lot
1532 5364 1693 5427 atque
1735 5357 2006 5421 mulieres,

422 5453 476 5499 et
502 5458 717 5500 omnem
755 5445 1047 5516 equitatum
1080 5450 1220 5519 regis
1250 5449 1460 5504 reduxit
1490 5466 1503 5504 :
1544 5448 1733 5519 quibus
1765 5457 1868 5503 tam
1900 5448 2011 5504 cla-

423 5538 500 5593 ris
523 5537 829 5607 triumphis,
860 5540 1106 5595 omnibus
1136 5540 1395 5611 patefacta
1427 5552 1509 5598 est
1538 5540 1727 5612 ingens
1758 5541 1851 5597 Dei
1883 5554 2009 5610 erga

426 5628 576 5683 illum
601 5627 971 5684 benevolentia
991 5671 1008 5697 ,
1034 5641 1087 5685 et
1114 5630 1286 5700 ipsum
1316 5648 1421 5687 non
1466 5648 1560 5687 sua
1587 5632 1784 5687 virtute
1811 5639 2009 5686 tantam

422 5729 657 5791 stragem
698 5717 925 5788 fecisse,
977 5720 1072 5777 sed
1116 5736 1345 5791 superna
1374 5724 1566 5788 virtute
1608 5725 1890 5779 munitum.
1948 5723 2013 5777 Et

1105 268 1161 323 S.
1202 266 1479 326 JOANNIS
1518 267 1995 326 CIIRYSOSTOMI
2033 268 2351 326 ARCIIIEP.
2390 265 2925 325 CONSTANTINOP.

2079 382 2192 452 ipse
2220 396 2429 451 quoque
2456 379 2752 449 patriarcha
2777 379 2906 447 ipsis
2932 375 3087 431 rebus
3113 373 3414 430 cnitehatur
3440 414 3455 436 ,
3491 384 3550 427 ut
3580 377 3675 426 So-

2076 474 2291 528 domitis
2319 474 2567 527 omnibus
2594 472 2783 526 doctor
2818 469 2982 524 divini
3011 468 3187 522 cultus
3221 469 3375 521 lieret
3396 505 3411 529 ,
3460 479 3677 518 necubi:

2080 564 2263 619 verbis
2288 564 2393 620 illis
2412 564 2563 634 queis
2589 578 2767 634 regem
2792 560 3184 630 alloquebatur.
3236 557 3370 612 Nam
3396 571 3528 626 quia
3551 570 3677 608 cunt

2078 657 2401 711 occurrisset
2444 670 2541 710 rex
2561 696 2577 721 ,
2618 664 2673 710 et
2711 668 2808 723 pro
2835 652 2995 707 rebus
3020 651 3187 723 gestis
3219 650 3421 719 gratias
3452 647 3678 718 egisset,

2079 762 2143 803 ac
2167 763 2381 803 omnem
2403 746 2697 818 equitatum
2722 746 2771 800 ei
2799 759 2857 800 se
2881 744 3200 800 donaturum
3226 742 3435 797 diceret
3456 781 3476 806 ,
3507 738 3680 793 horni-

2081 853 2282 907 neSque
2308 837 2580 892 dumtaxat
2605 846 2946 907 accepturum
2976 854 2990 890 :
3022 836 3143 890 vide
3172 836 3367 890 iterum
3388 833 3531 902 justi
3557 846 3677 884 ma-

2080 929 2481 1000 gnanimitatem
2505 969 2522 996 ,
2558 927 2827 998 quomodo
2869 914 3223 996 philosOpltiae
3259 940 3373 979 sure
3397 921 3679 993 specimen

2083 1024 2301 1079 exhibet
2323 1064 2338 1086 .
2382 1021 2672 1077 ostendens
2710 1035 2771 1076 se
2807 1019 2969 1075 donis
2996 1018 3300 1089 huiusmodi
3337 1016 3679 1088 superiorem

2085 1132 2241 1182 esse,
2290 1130 2519 1185 eumque
2558 1114 2625 1169 ad
2656 1129 2797 1168 veras
2844 1112 3117 1181 religionis
3162 1112 3409 1165 notitiam
3456 1107 3675 1163 inducit.

2088 1209 2202 1265 Non
2254 1209 2397 1263 enim
2443 1206 2754 1277 simpliciter
2796 1204 2926 1261 dicit
2957 1222 2971 1258 :
3001 1204 3115 1259 Non
3155 1204 3330 1274 patiar
3372 1210 3437 1256 ut
3490 1200 3680 1269 aliquid

2088 1311 2297 1356 tuorum
2325 1313 2603 1354 munerum
2624 1297 2690 1352 ad
2709 1311 2795 1352 me
2814 1295 3014 1361 redeat,
3044 1312 3149 1350 non
3177 1292 3416 1347 mihitali
3436 1292 3683 1345 mercede

2088 1410 2222 1464 opus
2241 1403 2323 1448 est
2351 1410 2365 1447 :
2393 1390 2488 1448 sed
2508 1390 2633 1461 quid
2654 1391 2677 1445 ?
2705 1388 2989 1444 Extendam
3012 1403 3218 1440 manum
3242 1401 3413 1440 meam
3434 1385 3509 1436 ad
3527 1381 3683 1436 Deum

2090 1486 2428 1550 altissimum,
2459 1482 2609 1554 quasi
2640 1482 2839 1537 docens
2864 1494 2985 1536 eum
3016 1497 3029 1533 :
3056 1478 3170 1533 Non
3200 1485 3329 1532 sunt
3354 1476 3437 1531 dii
3464 1476 3560 1545 qui
3588 1490 3615 1527 a
3644 1484 3683 1528 te

2090 1577 2376 1641 eoluntur,
2425 1574 2519 1629 sed
2571 1574 2709 1644 ligna
2749 1581 2802 1627 et
2845 1570 3049 1640 lapides
3081 1585 3095 1622 :
3126 1567 3221 1623 sed
3260 1581 3403 1621 unus
3435 1575 3525 1620 est
3560 1565 3683 1618 Deus

2091 1681 2252 1737 super
2284 1667 2492 1731 omnia,
2534 1662 2631 1730 Qui
2664 1663 2847 1717 creavit
2873 1660 3049 1715 etclam
3081 1668 3127 1714 et
3165 1670 3353 1713 terram
3380 1672 3402 1709 :
3430 1655 3577 1725 quod
3598 1672 3683 1706 nos

2093 1758 2339 1829 accipiant
2362 1773 2394 1810 a
2426 1765 2472 1810 te
2513 1755 2575 1809 de
2616 1753 2844 1824 funiculo
2882 1768 3039 1822 usque
3080 1751 3148 1804 ad
3189 1751 3565 1819 sphwroterem
3593 1762 3611 1799 :
3640 1756 3684 1799 ut

2095 1868 2162 1907 ne
2192 1850 2465 1907 existimes
2509 1864 2595 1903 me
2641 1848 2853 1901 illorum
2891 1845 3056 1916 gratia
3084 1845 3343 1897 ultionem
3368 1841 3681 1909 sumpsisse,

2094 1955 2149 2001 et
2175 1960 2242 2000 ne
2268 1945 2445 1999 dicere
2473 1942 2643 2014 possis
2672 1951 2723 1995 tc
2750 1940 2879 1995 mihi
2922 1936 3259 1991 abundantize
3289 1934 3470 1989 fuisse
3510 1943 3682 1987 auctu-

2097 2056 2231 2095 rem.
2259 2038 2389 2094 Nam
2412 2038 2499 2108 qui
2525 2052 2607 2089 me
2627 2033 2951 2104 triumphare
2978 2041 3032 2087 et
3052 2032 3265 2085 vincere
3288 2027 3526 2090 curavit,
3560 2026 3681 2079 idem

2097 2142 2151 2188 et
2179 2130 2390 2186 divitias
2437 2127 2646 2183 abunde
2691 2125 2819 2179 mihi
2869 2122 3191 2194 suppeditat.
3231 2119 3364 2175 Vide
3396 2117 3682 2189 quomodo,

2097 2226 2142 2277 si
2193 2221 2404 2294 quidem
2460 2219 2664 2274 lucrum
2712 2217 2888 2272 facere
2930 2215 3186 2269 voluisset
3229 2227 3364 2276 rex,
3418 2220 3681 2263 auctorem

2099 2329 2388 2385 agnoscere
2426 2313 2663 2368 victoriae
2708 2326 2775 2366 ex
2817 2308 3134 2380 patriarchm
3182 2306 3361 2360 verbis
3413 2304 3681 2374 potuiSset.

2102 2406 2400 2461 Ducebatur
2444 2405 2587 2460 enim
2638 2404 2859 2474 posthac
2887 2415 2990 2454 non
3021 2398 3291 2454 ﬁdendum
3320 2400 3565 2467 propria:
3592 2410 3685 2447 sua:

2102 2497 2406 2564 virtuti,sed
2424 2494 2815 2567 agnoscendum
2837 2500 3110 2546 auctorem
3134 2487 3400 2554 omnium,
3424 2484 3685 2541 rideud05-

2100 2605 2203 2661 que
2232 2587 2563 2651 manufaetos
2589 2586 2751 2649 deos,
2783 2593 2837 2639 et
2862 2581 3145 2638 colendum
3176 2581 3342 2634 Deum
3370 2578 3467 2649 qui
3496 2587 3583 2631 est
3608 2592 3685 2629 su-

2103 2690 2198 2744 per
2242 2672 2462 2738 omnia,
2515 2672 2604 2742 qui
2651 2669 2828 2724 omnia
2873 2666 3147 2731 condidit,
3204 2664 3294 2735 qui
3332 2673 3393 2718 et
3439 2664 3687 2717 bonorum

2101 2766 2337 2821 omnium
2371 2762 2491 2818 forts
2520 2773 2622 2818 est.
2673 2760 2741 2816 Et
2776 2762 2828 2815 in
2859 2774 3067 2814 summa
3091 2757 3329 2812 discebat
3356 2770 3430 2810 ex
3451 2754 3688 2808 omnibus

2103 2856 2419 2928 patriarchae
2444 2854 2717 2910 virtutem.
2767 2850 2900 2906 Nam
2936 2866 3004 2905 ne
3038 2849 3373 2904 existimaret
3402 2860 3580 2915 Ipsum
3612 2859 3688 2912 per

2102 2948 2461 3017 arrogantiam
2491 2955 2545 3002 et
2584 2946 2773 3001 fastum
2802 2944 2924 2999 data
2955 2950 3299 2997 contemnere
3320 2980 3335 3006 ,
3386 2939 3595 2992 idcirco
3618 2938 3689 2991 di-

2104 3041 2219 3095 cit:
2254 3040 2366 3111 Ego
2410 3037 2622 3108 quidem
2671 3035 2804 3091 nihil
2848 3049 3056 3089 sumam
3094 3050 3109 3088 :
3142 3046 3315 3101 neque
3363 3030 3518 3085 enim
3568 3042 3688 3097 Opus

2105 3130 2311 3198 habeo,
2354 3144 2527 3200 neque
2572 3128 2784 3198 indigeo
2829 3135 2885 3179 ut
2915 3140 3049 3178 mea:
3078 3122 3359 3178 facultates
3406 3129 3691 3190 augeantur

2105 3224 2171 3279 ah
2196 3222 2311 3278 aliis
2341 3240 2355 3275 :
2387 3222 2467 3278 eis
2506 3230 2682 3276 autem
2709 3218 2796 3289 qui
2824 3216 3184 3288 periculorum
3211 3228 3454 3268 meorum
3486 3209 3692 3265 fuerunt

2104 3317 2256 3381 socii,
2288 3316 2589 3386 permittam
2618 3321 2675 3367 ut
2703 3327 2827 3366 suas
2851 3309 3121 3381 portiones
3139 3305 3426 3375 accipiant,
3448 3319 3566 3374 quo
3586 3318 3693 3373 par-

2108 3425 2224 3463 vam
2278 3408 2509 3478 aliquam
2553 3405 2798 3460 laborum
2844 3400 3266 3457 consolationem
3309 3395 3571 3451 habeant.
3629 3394 3689 3448 lla

2106 3502 2459 3557 Sodomorum
2492 3498 2602 3568 regi
2634 3494 2912 3566 respondit
2930 3493 3125 3564 justus.

2179 3592 2503 3662 Sacri/icium
2543 3588 2874 3646 Melcltisedec
2903 3589 3076 3659 refert,
3110 3595 3156 3640 et
3186 3593 3238 3638 ut
3264 3594 3443 3655 typum
3490 3580 3690 3637 Eucha-

2107 3686 2262 3740 ristite
2291 3684 2549 3756 proponit.
2576 3712 2645 3722 —
2694 3681 2981 3750 Postquam
3010 3689 3190 3732 autem
3230 3685 3286 3731 et
3320 3672 3691 3733 Melchisedec,

2109 3794 2202 3834 rex
2228 3777 2404 3834 Salem
2430 3818 2446 3843 ,
2495 3788 2658 3846 panes
2686 3782 2741 3829 et
2768 3772 2951 3827 vinum
2991 3769 3259 3832 adferens,
3289 3782 3351 3822 ea
3384 3767 3486 3836 ipsi
3518 3767 3694 3820 obtulit

2110 3868 2276 3942 (Erat
2315 3868 2446 3923 enim
2474 3865 2740 3929 sacerdos,
2788 3863 2957 3933 inquit
2984 3903 2998 3928 ,
3030 3860 3124 3914 Dei
3158 3858 3396 3913 altissimi
3421 3854 3581 3929 [Gem
3616 3856 3690 3907 it.

2111 3960 2279 4035 18]),
2327 3960 2394 4015 ab
2430 3961 2519 4015 illo
2565 3959 2771 4029 accepit
2815 3955 3011 4011 oblata.
3060 3952 3259 4008 Deinde
3290 3960 3347 4005 ut
3388 3949 3696 4021 rependeret

2111 4051 2540 4109 benedictionem
2565 4092 2581 4118 ,
2621 4066 2778 4119 quam
2805 4048 2872 4103 ab
2897 4063 2962 4102 eo
3001 4053 3318 4117 acceperat,
3351 4051 3405 4097 et
3432 4041 3696 4111 gloriﬁczv

2112 4144 2310 4199 tionem
2334 4143 2386 4198 in
2415 4143 2580 4197 Deum
2611 4141 2849 4210 (dixerat
2876 4137 3039 4203 enim,
3060 4134 3359 4189 Benedictus
3387 4131 3580 4185 Abram
3602 4129 3694 4182 Diu

2111 4238 2359 4293 altissimo
2379 4279 2394 4305 ,
2437 4245 2483 4291 et
2512 4234 2797 4290 benedictus
2826 4230 2961 4287 Deus
2989 4226 3308 4300 quidradidit
3336 4225 3573 4278 inimicos
3596 4232 3695 4274 tuo:

2112 4335 2164 4388 in
2190 4347 2371 4386 manus
2401 4326 2536 4399 tuas)
2558 4369 2572 4393 ,
2617 4326 2853 4382 decimas
2878 4324 2924 4378 ei
2956 4321 3103 4377 dedit
3129 4319 3197 4375 de
3236 4316 3495 4374 omnibus
3522 4314 3696 4384 spoliis

2112 4434 2232 4498 quae
2254 4422 2522 4478 attulerat.
2545 4418 2735 4475 Vidisti
2761 4424 3011 4489 quantam
3034 4414 3283 4484 pietatem
3311 4418 3366 4464 et
3393 4407 3697 4477 religionem

2115 4520 2167 4574 in
2200 4516 2447 4573 omnibus
2492 4528 2603 4585 pra:
2633 4526 2692 4567 se
2722 4510 2853 4566 ferat
2884 4508 3092 4579 justus,
3141 4514 3198 4560 et
3224 4500 3500 4575 quomodo
3529 4516 3557 4553 a
3584 4514 3697 4567 rege

2113 4610 2469 4668 Sodomorum
2497 4621 2528 4661 a
2570 4603 2806 4661 funiculo
2837 4615 3006 4671 usque
3046 4599 3111 4652 ad
3152 4596 3539 4667 sphaeroterem
3565 4593 3698 4643 neci-

2118 4719 2245 4774 pere
2275 4701 2403 4756 nihil
2424 4698 2608 4765 voluit,
2631 4695 2836 4765 accepit
2864 4703 3038 4748 autem
3068 4704 3131 4745 ea
3152 4704 3271 4759 qum
3300 4701 3329 4740 a
3354 4682 3698 4739 Μριὸὴίεεώ-ίι

2116 4807 2239 4852 sunt
2277 4795 2452 4850 oblata
2472 4836 2488 4861 ,
2517 4791 2819 4847 retribuens
2845 4796 2897 4843 et
2924 4801 3017 4841 sua
3039 4785 3065 4839 ?
3111 4783 3305 4853 quibus
3329 4779 3581 4834 nimirum
3612 4790 3700 4829 nos

2117 4889 2295 4944 docuit
2319 4928 2335 4954 ,
2365 4883 2664 4941 habendum
2691 4883 2920 4952 aliquem
2952 4878 3215 4934 delectum
3244 4916 3260 4941 ,
3291 4882 3347 4928 ct
3376 4879 3485 4927 n'on
3511 4872 3696 4942 passim

2118 4977 2186 5031 ab
2210 4975 2459 5031 omnibus
2479 4972 2617 5028 dona
2645 4968 2973 5040 accipienda.
3006 4963 3136 5021 Nam
3166 4961 3409 5033 quamvis
3432 4959 3696 5014 Sodomita

2120 5069 2210 5123 ille
2239 5068 2417 5122 oblato
2452 5066 2594 5121 dono
2630 5062 2764 5134 grati
2790 5060 2951 5116 animi
2994 5058 3141 5128 signa
3168 5055 3357 5120 daret,
3387 5063 3504 5108 erat
3532 5063 3698 5105 tamen

2118 5162 2352 5233 alioquin
2389 5158 2692 5214 incredulus
2718 5198 2732 5219 ,
2764 5163 2819 5211 et
2848 5153 3179 5209 institutione
3200 5147 3364 5204 multa
3394 5145 3660 5215 indigebat
3688 5161 3695 5193 :

2122 5253 2342 5327 proinde
2391 5251 2690 5323 patriarcha
2734 5249 2871 5303 dona
2917 5244 3129 5316 quidem
3171 5240 3451 5309 deSpexit,
3492 5252 3696 5291 omnem

2119 5358 2295 5404 autem
2327 5360 2509 5401 curam
2539 5342 2811 5407 adhibuit,
2841 5350 2895 5395 et
2922 5352 3015 5409 per
3044 5352 3105 5390 ea
3134 5349 3253 5405 quae
3281 5332 3525 5401 accipere
3550 5342 3697 5381 recu-

2119 5441 2274 5507 Savit,
2317 5446 2373 5495 et
2421 5451 2514 5509 per
2556 5452 2617 5491 ea
2649 5450 2766 5505 quae
2801 5430 2962 5496 dixit,
2996 5437 3053 5483 ut
3076 5428 3217 5482 illum
3248 5425 3313 5479 ad
3349 5426 3587 5494 pietatem
3622 5419 3699 5472 ina

2119 5534 2358 5587 duceret.
2409 5534 2450 5585 A
2504 5525 2857 5584 Melchisedec
2900 5534 3076 5578 autem
3113 5520 3233 5591 jure
3276 5534 3341 5572 ac
3387 5517 3569 5571 merito
3616 5526 3699 5565 δ(-

2120 5626 2260 5695 cepit
2294 5624 2438 5681 :rit'iri
2479 5623 2621 5678 cnim
2649 5621 2898 5675 virtutem
2931 5616 3106 5670 divina
3134 5613 3402 5682 Scriptura
3435 5604 3695 5666 indicavit,

2123 5721 2343 5787 dicens;
2390 5718 2518 5775 Erat
2579 5725 2744 5769 autem
2809 5711 3039 5767 sacerdos
3102 5708 3191 5762 Dei
3253 5703 3502 5758 altissimi.
3554 5698 3699 5754 Abas
