3788 6258
35 268 135 323 535

37 385 252 451 ποίηκε.
290 385 489 442 Σκόπει
543 388 659 452 πῶς
700 389 901 458 μεταξὺ
945 393 1053 447 τῶν
1097 397 1418 467 πειρασμῶν
1440 397 1539 470 τὴν
1578 400 1706 470 παρ’

35 471 199 525 αὐτοῦ
231 473 406 545 ῥοπὴν
437 475 707 548 είσφέ-ρων
731 480 758 531 ό
790 480 1169 552 φιλάνθρωπος
1211 486 1489 556 Δεσπότης
1523 486 1706 558 ἀκμά-
1755 531 1793 560 η

32 560 193 623 ζοντα
213 561 306 613 τὸν
327 562 566 634 ἀθλητὴν
593 563 727 635 πρὸς
739 567 865 630 τούς
882 567 1005 639 ἑξῆς
1031 571 1187 624 πάλιν
1220 572 1436 641 ἀγῶνας
1458 574 1561 626 ἀπε
1569 576 1704 644 ργά-

34 649 205 713 ζεται,
223 651 326 702 οὐκ
348 651 527 718 ἀφιεὶς
561 652 887 725 ἐρημονοτῆς
916 657 1106 710 ἐαυτοῦ
1142 659 1418 729 βοηθείας,
1455 663 1592 715 ἀλλᾶ
1619 661 1707 716 διὰ

37 736 253 788 πάντων
282 738 533 808 φανερῶς
562 741 862 812 οἰκονομῶν
894 745 1040 815 αὐτῷ
1072 745 1402 804 δείκνυσθαι.
1428 750 1508 801 ὅτι
1537 750 1708 820 μικρά

34 823 304 894 εἰσφέρων
339 824 523 891 αὐτὸς,
583 829 834 898 μεγάλων
869 832 962 884 καί⁹
1009 833 1210 905 σφόδρα
1252 835 1500 904 μεγάλων
1525 837 1706 903 ἀξιοῦ-

34 930 118 963 ται
139 914 234 965 καὶ
265 913 537 968 νικώντων
564 916 663 988 τὴν
713 918 1058 991 ἀνθρωπίνην
1111 921 1290 990 φύσιν.
1344 922 1497 987 Εἶδες
1531 925 1708 979 τοίνυν

31 1000 122 1052 τοῦ
157 999 368 1054 δικαίου
388 1001 486 1074 τὴν
510 1003 817 1076 ὐπομονήνς
844 1007 988 1080 Ὅρα
1012 1009 1175 1064 πάλιν
1201 1011 1338 1081 μετὰ
1375 1012 1474 1084 τὴν
1499 1011 1707 1066 ἐκεῖθεν

30 1089 290 1144 ἐπάνοδον
313 1091 408 1160 τῆς
437 1093 935 1165 ταπεινοφροσύνης
964 1095 1127 1150 αὐτοῦ
1147 1099 1206 1151 τὸ
1241 1098 1465 1169 μέγεθος
1489 1100 1581 1154 καὶ
1608 1099 1708 1170 τὴν

31 1176 325 1228 ἐπιείκειαν
389 1177 487 1248 τὴν
538 1179 755 1249 πολλήν.
823 1182 1038 1256 Ἐπειδὴ
1093 1185 1200 1258 γὰρ
1247 1188 1546 1257 ἐπανῆλθεν
1601 1187 1709 1241 ἀπὸ

31 1263 127 1331 τῆς
193 1263 474 1331 Αἰγύπτου
551 1267 814 1337 εὐπορίαν
881 1270 1081 1344 πολλὴν
1161 1276 1501 1345 κτησάμενος
1567 1275 1707 1342 (οὐκ

31 1349 190 1412 αὐτὸς
244 1350 301 1403 δὲ
358 1351 538 1420 μόνος,
589 1353 723 1406 ἀλλά
779 1355 871 1409 καὶ
932 1357 960 1410 6
1028 1359 1336 1428 ἀδελφιδοῦς
1382 1361 1704 1430 ἠκολούθει),

27 1439 148 1490 οὐκ
232 1438 437 1508 ἐχώρει
469 1481 483 1502 ,
564 1442 728 1510 φησὶν
761 1481 778 1504 ,
863 1444 1075 1512 αὐτοὺς
1159 1448 1194 1514 ἠ
1265 1445 1340 1518 γῆ
1409 1450 1708 1503 κατοικεῖν

32 1524 182 1588 ἅμα,
253 1525 344 1577 ὅτι
408 1521 490 1594 ἦν
554 1530 624 1580 τὰ
670 1528 1020 1598 ὑπάρχοντα
1077 1533 1271 1588 αὐτῶν
1315 1535 1536 1589 πολλὰο
1587 1537 1707 1590 ὅθεν

33 1613 122 1663 καὶ
177 1612 330 1683 μάχη
377 1614 574 1685 συνέϐη
611 1617 863 1684 γενέσθαι
911 1619 1114 1688 μεταξὺ
1154 1621 1262 1675 τῶν
1308 1624 1578 1692 ποιμένων
1611 1625 1705 1678 τοῦ

33 1699 154 1752 Λώτ
182 1703 280 1753 καὶ
311 1701 405 1754 τοῦ
439 1703 680 1775 Ἀϐραμο
732 1706 870 1760 Ἀλλ’
898 1711 925 1762 ό
954 1709 1162 1775 δίκαιος
1189 1705 1344 1776 οὗτος
1365 1714 1580 1778 δεικνὺς
1609 1718 1706 1770 αὐ-

29 1787 211 1876 τοῦᾼτὺ
240 1788 450 1876 ἥμερον
480 1791 581 1860 τῆς
602 1793 780 1864 ψυχῆς
809 1795 1023 1868 καὶτῆς
1050 1798 1366 1869 φιλοσοφίας
1407 1802 1506 1873 τὴν
1536 1805 1705 1876 ὑπερ-

30 1874 213 1946 ϐολὴν,
247 1875 483 1940 καλέσας
515 1878 605 1932 τὸν
632 1879 785 1945 Λὼτ,
837 1884 970 1952 φησί
1017 1885 1154 1956 πρὸς
1188 1887 1352 1940 αὐτόν
1377 1903 1391 1918 ·
1427 1889 1524 1958 Μὴ
1552 1874 1707 1944 ἔστω

27 1964 188 2031 μάχη
214 1963 336 2017 ἀνὰ
365 1964 562 2033 μέσον
589 1967 735 2036 ἐμοῦ
783 1971 882 2022 καὶ
938 1971 1076 2037 σοῦ,
1127 1973 1224 2027 καί
1259 1973 1380 2028 τῶν
1407 1976 1706 2046 ποιμένων

28 2065 140 2114 μου
167 2047 271 2110 καί
305 2047 426 2102 τῶν
470 2051 773 2120 ποιμένων
808 2067 948 2116 σου,
980 2053 1070 2108 ὅτι
1115 2055 1413 2124 ἄνθρωποι
1458 2060 1704 2130 ἀδελφοί

31 2134 200 2202 ἡμεῖς
228 2136 440 2204 ἐσμενο
479 2139 766 2209 μονονουχὶ
792 2139 964 2208 λέγων
995 2141 1130 2213 πρὸς
1165 2144 1345 2197 αὐτόν·
1381 2146 1530 2200 οὐδὲν
1555 2148 1705 2220 εἱρήο

28 2240 120 2292 γης
151 2224 290 2276 ἰίιόν⁸
340 2225 492 2278 οὐδὲν
527 2225 859 2294 φιλονεικίας
892 2228 1212 2301 βαρύτερον.
1271 2233 1368 2285 'Iv‘
1404 2229 1496 2288 οῦν
1526 2237 1706 2289 πᾶσαν

31 2311 208 2380 μάχης
228 2310 487 2364 ὑπόθεσιν
513 2311 756 2368 ἐκποδὼν
785 2314 1161 2386 ποιησώμεθα,
1187 2317 1308 2372 ἐλοῦ
1338 2320 1404 2391 ὴν
1431 2320 1496 2373 ἀν
1517 2321 1706 2392 βουλη-

29 2398 121 2470 θῇς
152 2399 365 2470 χώραν’
397 2398 662 2466 κατάλιπε
691 2400 747 2454 δέ
791 2419 880 2473 μοι
914 2401 1011 2475 τὴν
1050 2403 1398 2478 λειπομένην,
1445 2409 1584 2481 ὑπὲρ
1611 2409 1704 2463 τοῦ

29 2489 207 2562 πάσης
228 2491 377 2560 ήμᾶς
411 2489 585 2560 ἔριδος
609 2491 702 2544 καὶ
729 2491 1056 2561 φιλονεικίας
1088 2493 1244 2559 ἐκτὸς
1263 2496 1537 2564 γενέσθαι.
1557 2495 1706 2564 Εἶδες

25 2575 216 2647 ἀνδρὸς
244 2577 481 2648 ἀρετήν;
511 2579 882 2650 Παρεχώρησε
907 2578 986 2650 τῷ
1023 2580 1128 2652 νέῳ
1147 2581 1255 2637 τῶν
1285 2583 1564 2656 πρωτείων
1609 2587 1706 2658 τὴν

27 2663 277 2734 ὲκλστὴν,
312 2664 406 2717 καὶ
434 2663 654 2734 ἔστερξε
699 2664 799 2736 τὴν
837 2665 1177 2739 φαυλοτάτην
1195 2667 1400 2740 χώραν.
1433 2671 1572 2725 Ἀλλ’
1606 2673 1706 2744 δρα

25 2752 182 2808 πάλιν
203 2751 396 2824 ἐπειδὴ
426 2751 494 2806 τὰ
528 2753 655 2824 παρ’
677 2753 869 2808 ἑαυτοῦ
898 2755 1227 2823 ἐπεδείξατο,
1247 2759 1420 2831 πόσης
1447 2760 1706 2816 ἀπολαύει

26 2844 116 2912 τῆς
137 2841 401 2913 ἀμοιϐῆς.
437 2841 652 2905 Εὐθέως
683 2843 791 2914 γάρ
807 2843 900 2897 τοῦ
934 2845 1214 2916 χωρισμοῦ
1242 2848 1706 2920 γενομένου,φησὶ

25 2930 152 2999 πρὸς
172 2929 344 2983 αὐτὸν
363 2931 392 2981 6
409 2928 541 2993 Θεὸς
570 2927 709 2999 μετά
732 2930 792 2982 τὸ
811 2929 1232 3004 διαχωρισθῆναι
1252 2934 1343 2987 τὸν
1369 2934 1512 2988 Λώτο
1548 2936 1704 2991 Ἁνα-

23 3018 255 3086 ϐλέψας
305 3015 427 3082 τοῖς
458 3017 785 3087 ὀφθαλμοῖς
817 3033 934 3073 σου
977 3019 1067 3074 ἴδε
1104 3019 1311 3075 πᾶσαν
1353 3022 1467 3091 τὴν
1493 3023 1610 3093 γῆν
1636 3024 1706 3090 ἐξ

22 3103 310 3173 ἐκατέρου
338 3101 440 3157 τοῦ
460 3102 704 3172 μέρους,
740 3103 828 3158 ὅτι
879 3104 1104 3169 πᾶσαν,
1135 3105 1215 3176 ἢν
1243 3108 1326 3162 σὺ
1379 3107 1522 3180 ὁρᾷς
1546 3152 1560 3176 ,
1605 3113 1703 3167 σοι

21 3190 190 3244 δώσω
214 3190 418 3259 αὐτὴν
463 3191 562 3243 καὶ
592 3187 672 3255 τῷ
701 3191 998 3262 σπέρματί
1023 3210 1140 3249 σου
1171 3196 1274 3262 ἕως
1305 3195 1535 3265 αἰῶνος.
1574 3200 1706 3253 Σκό-

22 3295 107 3332 πει
140 3279 327 3349 πόσης
356 3277 602 3343 ἀξιοῦται
628 3279 730 3349 τῆς
756 3280 1068 3352 φιλοτιμίας
1107 3281 1195 3336 διὰ
1223 3284 1322 3356 τὴν
1349 3303 1706 3358 ταπεινοφρο⁶

21 3366 208 3437 σύνην,
237 3366 310 3439 ἢν
340 3365 646 3431 ἐπεδείξατο
672 3366 808 3438 πρὸς
826 3367 918 3420 τὸν
944 3368 1277 3438 ἀδελφιδοῦν·
1314 3371 1407 3426 καὶ
1431 3372 1590 3437 αὐτὸς
1609 3375 1706 3444 μὲν

23 3453 238 3525 μικρῶν
276 3455 708 3526 παραχωρήσας,
783 3453 918 3509 πολὺ
955 3455 1216 3522 μειζόνων
1252 3457 1478 3528 ἠξιώθη,
1503 3461 1707 3523 ἐκεῖνος

18 3543 69 3594 δὲ
98 3545 214 3606 τοῖς
233 3543 529 3612 πρωτείοις
561 3543 922 3613 ἐπιπηδήσας,
943 3544 1058 3613 μετ’
1077 3545 1138 3597 οὐ
1162 3545 1295 3599 πολὺ
1323 3549 1401 3610 εἰς
1430 3547 1705 3612 κινδύνους

20 3629 307 3683 ἐνέπιπτεο
343 3631 434 3684 καὶ
461 3629 522 3682 οὐ
555 3630 716 3700 μόνον
743 3631 894 3684 οὐδὲν
913 3630 1168 3686 ἀπώνατο
1183 3633 1275 3704 τῆς
1301 3634 1551 3704 ἐκλογῆς,
1570 3636 1705 3690 ἀλλά

19 3722 107 3773 καὶ
141 3719 501 3791 αἰχμάλωτος
535 3721 626 3773 καὶ
661 3720 846 3784 ἄοικος
877 3723 969 3775 καὶ
986 3722 1228 3786 ἀνέστιος
1249 3723 1444 3794 ἀθρόον
1473 3727 1700 3792 ἐγίνετο,

18 3811 107 3863 καὶ
138 3811 209 3864 δι’
243 3808 429 3862 αὐτῶν
455 3809 559 3862 τῶν
573 3811 914 3880 πραγμάτων
939 3811 1250 3864 ἐδιδάσκετο
1270 3813 1467 3865 καὶτοῦ
1496 3813 1704 3867 δικαίου

16 3898 109 3968 τὴν
141 3895 599 3969 ὑπερϐάλλουσαν
629 3897 850 3969 ἀρετὴν,
879 3897 975 3950 καὶ⁹
1006 3899 1166 3962 αὐτὸς
1190 3899 1504 3953 ἐπαιδεύετο
1521 3901 1706 3954 λοιπὸν

19 3986 182 4056 μηδὲν
223 3982 474 4037 τοιοῦτόν
505 4001 634 4036 ποτε
659 3985 1109 4056 διαπράττεσθαι.
1145 3987 1363 4057 Ἐπειδὴ
1388 3987 1497 4059 γὰρ
1525 3989 1624 4059 τὴν
1647 3990 1707 4042 ἐν

17 4076 283 4146 Σοδόμοις
316 4077 526 4144 οἴκησιν
559 4075 853 4146 ἐποιήσατο
873 4076 900 4127 6
915 4073 1056 4139 Λὼτ,
1081 4074 1283 4139 εὐθέως
1299 4076 1531 4146 πόλεμος
1547 4077 1706 4149 ἀνερ-

16 4163 248 4233 ριπίσθη
292 4161 547 4232 χαλεπὸς,
588 4162 682 4216 καὶ
714 4163 761 4214 οἰ
799 4161 908 4214 τῶν
943 4162 1376 4234 προσοικούντων
1408 4163 1577 4218 ἐθνῶν
1609 4164 1708 4234 βα-

16 4250 182 4313 σιλεῖς
213 4250 547 4311 ἐπιστάντες
581 4248 717 4318 μετὰ
759 4249 960 4319 πολλῆς
981 4249 1083 4318 τῆς
1105 4249 1385 4321 δυνάμεως
1409 4253 1589 4306 πᾶσαν
1611 4251 1709 4324 τὴν

12 4339 199 4410 χώραν
236 4337 417 4408 ἄρδην
446 4336 755 4398 ἀπώλεσαν,
802 4339 928 4402 τοὺς
973 4337 1237 4406 γίγαντας
1285 4340 1580 4405 ἀνελόντες,
1615 4343 1708 4394 καὶ

11 4429 134 4490 τοὺς
171 4423 564 4496 Ἀμαληκίτας
615 4423 990 4494 ἀπωσάμενοι,
1047 4425 1261 4479 καὶτὸν
1322 4426 1430 4480 τῶν
1461 4427 1708 4500 Σοδόμων

11 4514 246 4578 βασιλέα
265 4511 366 4565 καί¹
389 4513 668 4584 Γομόρρας
693 4513 769 4575 εἰς
787 4511 962 4583 φυγὴν
976 4513 1249 4584 τραπῆναι
1265 4515 1706 4586 παρεσκεύασαν,

11 4607 100 4658 καὶ
125 4605 326 4656 πᾶσαν
351 4600 609 4672 κατέσχον
638 4599 733 4670 τὴν
761 4598 994 4670 ὀρεινὴν,
1022 4600 1118 4653 καὶ
1158 4603 1256 4671 τὴν
1294 4602 1458 4655 ἵππον
1489 4602 1584 4655 τοῦ
1607 4601 1702 4674 βα-

12 4693 209 4758 σιλέως
255 4690 509 4760 Σοδόμων
533 4689 907 4752 ἀναλαϐόντες,
940 4689 1034 4742 καὶ
1061 4689 1151 4741 τὸν
1177 4685 1293 4742 Λὼτ
1334 4691 1708 4762 αίχμαλωτεύ-

11 4798 208 4845 σαντες
268 4779 366 4831 καὶ
398 4779 494 4841 τὰς
519 4779 779 4847 γυναῖκας
822 4779 959 4848 μετὰ
993 4778 1171 4847 πάσης
1216 4775 1317 4847 τῆς
1370 4779 1705 4852 ἀποσκευῆς,

11 4870 188 4932 οὕτως
233 4864 572 4936 ἐπανῄεσαν.

75 4967 149 5026 γ’.
160 4960 174 5030 ί
185 4955 332 5026 566]
369 4954 506 5008 Ἀλλ’
521 4954 624 5026 δρα
640 4953 801 5007 πάλιν
816 4952 950 5007 Θεοῦ
967 4953 1288 5026 κηδεμονίαν
1303 4954 1524 5028 πολλήν.
1539 4955 1706 5029 Ὁμοῦ

11 5049 100 5102 καὶ
129 5047 229 5100 τὸν
263 5041 392 5097 Λὼτ
420 5043 519 5114 τῆς
545 5041 924 5114 αἰχμαλωσίας
948 5042 1309 5115 ἐλευθερῶσαι
1362 5043 1704 5116 βουλόμενος,

11 5137 102 5190 καὶ
126 5135 227 5188 τὸν
255 5131 606 5204 πατριάρχην
641 5131 1094 5202 περιφανέστερον
1119 5131 1473 5201 ἐργάσασθαι,
1511 5134 1706 5202 διεγεί-

11 5241 86 5294 ρει
117 5223 218 5275 τὸν
249 5219 466 5272 δίκαιον
485 5219 621 5290 πρὸς
639 5218 925 5289 ἀντίληψιν
943 5217 1035 5272 τοῦ
1071 5213 1371 5290 ἀδελφιδοῦ.
1399 5221 1706 5292 Πυθόμενος

11 5314 112 5380 γὰρ
141 5311 209 5363 τὸ
266 5307 516 5376 γεγονὸς,
561 5306 699 5377 μετά
728 5305 835 5360 τῶν
863 5306 1154 5375 οἰκογενῶν
1180 5309 1427 5378 ὁρμήσας
1453 5309 1546 5362 ἐπὶ
1576 5310 1706 5374 τοὺς

11 5399 264 5469 βασιλεῖς
293 5395 556 5459 ἐκείνους,
590 5393 786 5456 αὐτούς
812 5412 870 5447 τε
898 5394 1033 5466 μετά
1061 5395 1258 5465 πολλῆς
1284 5396 1532 5459 εὐκολίας
1568 5398 1703 5450 ἐπά-

11 5490 157 5555 uas,
189 5485 296 5540 καὶ
315 5484 408 5537 τὸν
439 5483 584 5548 Λὼτ,
618 5485 710 5536 καὶ
741 5484 836 5548 τὰς
863 5487 1144 5554 γυναῖκας,
1175 5484 1270 5537 καὶ
1299 5485 1396 5556 τὴν
1422 5485 1584 5538 ἵππον
1601 5488 1678 5539 πᾶ

11 5598 105 5632 σαν
128 5577 230 5632 τοῦ
263 5575 534 5648 βασιλέως
555 5573 898 5645 ἐπανήγαγε,
925 5573 1154 5645 λαμπρὰ
1183 5574 1252 5627 τά
1266 5575 1502 5647 τρόπαια
1543 5578 1704 5647 ἐργα-

11 5670 279 5732 σάμενος,
318 5664 414 5718 καὶ
445 5663 576 5715 πᾶσι
614 5662 914 5733 κατάδηλον
945 5661 1112 5714 ποιῶν
1139 5663 1238 5733 τὴν
1259 5663 1386 5734 περὶ
1405 5662 1575 5716 εὐτδν
1609 5663 1701 5716 τοῦ

11 5756 142 5806 Θεοῦ
175 5754 415 5813 εὔνοιαν,
448 5750 541 5802 καὶ
575 5750 656 5803 ὅτι
695 5750 794 5802 οὐκ
847 5749 1022 5820 οἰκεία
1055 5749 1284 5821 δυνάμει
1310 5750 1406 5822 τὴν
1433 5751 1702 5822 τοσαύτην

11 5843 322 5916 εἰργάσατο
345 5839 584 5911 τροπὴν,
619 5838 752 5892 ἀλλά
779 5841 846 5910 τῇ
885 5838 1091 5894 ἀνωθεν
1126 5839 1344 5912 βοηθείᾳ
1389 5842 1695 5911 τειχιζόμε..

11 5948 115 5998 νος.
141 5926 267 5985 Καὶ
290 5924 474 5981 λοιπὸν
499 5925 724 5979 ἔσπευδε
752 5927 818 5979 δι’
842 5926 1021 5982 αὐτῶν
1060 5927 1164 5982 τῶν
1189 5927 1528 6000 πραγμάτων
1552 5928 1697 5988 διδά-

1187 278 1254 336 ΙΝ
1283 281 1435 337 CAP.
1477 281 1568 338 XV
1603 283 1850 346 GENES.
1883 284 2112 341 HOMIL.
2145 285 2383 344 XXXVI.

2089 199 2098 234 ί

3377 297 3484 353 556

1819 401 2015 465 σκαλος
2060 401 2369 468 θεοσεϐείας
2420 405 2672 473 γενέσθαι
2713 408 2845 461 πᾶσι
2879 409 2994 474 τοῖς
3015 409 3075 464 ἐν
3109 408 3364 480 Σοδόμοις
3400 412 3483 466 διὰ

1814 487 1912 556 τῆς
1950 488 2084 558 πρὸς
2116 489 2206 542 τὸν
2234 491 2455 558 βασιλέα
2483 492 2788 560 διαλέξεως.
2830 494 3047 567 Ἐπειδὴ
3079 495 3187 568 γὰρ
3227 499 3486 566 συναντή-

1817 591 1917 638 σας
1943 576 1988 640 ό,
2017 575 2267 644 βασιλεὺς
2292 619 2306 642 ,
2358 581 2451 632 καὶ
2514 580 2743 652 χάριτας
2779 583 2920 654 ὑπὲρ
2955 583 3065 638 τῶν
3107 583 3490 654 γεγενημένων

1815 661 2151 732 ὁμολογήσας
2185 664 2282 734 τὴν
2310 665 2408 736 μὲν
2437 667 2600 720 ἵππον
2640 673 3068 740 παραχωρήσειν
3107 672 3290 724 πᾶσαν
3313 671 3484 740 ἔλεγε,

1815 750 1940 814 τοὺς
1962 749 2019 803 δὲ
2051 751 2368 821 ἀνθρώπους
2405 754 2688 825 λήψεσθαι·
2713 757 2811 828 δρα
2832 758 2993 811 πάλιν
3015 759 3109 811 τοῦ
3143 758 3353 811 δικαίου
3391 757 3488 829 τὴν

1819 834 2240 906 μεγαλοψυχίαν,
2276 837 2392 902 πῶς
2429 838 2563 908 ὁμοῦ
2602 839 2697 894 καὶ
2720 839 2818 911 τὴν
2846 840 3051 894 οἰκείαν
3078 841 3394 911 φιλοσοφίαν
3413 839 3488 894 δι-

1815 920 2020 988 δάσκει,
2040 923 2116 988 ὡς
2135 925 2394 997 κρείττων
2420 927 2534 979 ἐστὶ
2567 927 2674 980 τῶν
2713 931 2843 1000 παρ’
2877 927 3042 982 αὐτοῦ
3066 928 3372 999 διδομένων,
3395 929 3489 982 καὶ

1814 1009 1894 1073 είς
1915 1010 2012 1082 τὴν
2032 1011 2131 1082 τῆς
2153 1011 2460 1074 θεοσεϐείας
2496 1013 2696 1083 γνῶσιν
2733 1017 2896 1070 αὐτὸν
2946 1016 3151 1084 ἐνάγει.
3201 1016 3335 1072 Οὐδέ
3381 1017 3488 1088 γάρ

1817 1097 2002 1162 ἁπλῶς
2026 1093 2179 1153 εἶπεν
2207 1099 2374 1172 αὐτῷ,
2393 1101 2474 1154 ὅτι
2507 1103 2606 1155 οὐκ
2626 1103 2881 1173 ἀνέξομαι
2906 1103 3090 1158 λαϐεῖν
3123 1121 3174 1157 τι
3197 1103 3347 1175 παρά
3371 1105 3487 1170 σοῦ,

1815 1183 1934 1239 οὐδὲ
1950 1187 2030 1240 ὅτι
2050 1187 2262 1252 οὐδενὸς
2281 1188 2469 1259 δέομαι
2487 1189 2727 1242 τοιούτου
2754 1189 2966 1261 μισθοῦ,
2981 1189 3116 1244 ἀλλά
3133 1191 3218 1259 τί;
3245 1192 3492 1246 Ἑκτενῶ

1816 1272 1934 1340 τὴν
1955 1273 2122 1343 χεζοά
2135 1291 2254 1344 μου
2283 1276 2431 1344 πρὸς
2459 1277 2728 1330 τὸνΘεδν
2755 1276 2860 1330 τὸν
2894 1275 3178 1348 ὕψιστον,
3209 1280 3490 1349 μονονουχὶ

1814 1360 2078 1414 διδάσκων
2114 1361 2297 1425 αὐτὸν,
2317 1363 2512 1416 ὅτιούκ
2537 1363 2642 1416 είσί
2673 1361 2784 1417 θεοὶ
2803 1364 2851 1417 οἱ
2875 1363 2978 1417 ὑπὸ
2995 1363 3088 1418 σοῦ
3115 1363 3488 1436 θεραπευόμε-

1815 1464 1917 1512 νοι,
1937 1447 2072 1502 άλλά
2105 1448 2242 1503 λίθοι
2263 1449 2354 1503 καὶ
2375 1449 2524 1515 ξύλα·
2548 1445 2631 1516 εἷς
2656 1451 2765 1522 γάρ
2781 1452 2928 1504 ἐστιν
2943 1453 2971 1504 6
2989 1451 3082 1506 ἐπὶ
3103 1451 3320 1506 πάντων
3335 1453 3484 1517 Θεδς.

1828 1537 1932 1602 ⁸ος
1965 1536 2167 1591 ἔκτισε
2198 1540 2303 1591 τὸν
2325 1539 2588 1606 οὐρανὸν
2627 1539 2725 1593 καί
2742 1537 2858 1608 τὴν
2871 1538 3006 1610 γῆν·
3028 1539 3118 1593 ὅτι
3132 1541 3204 1596 οὐ
3221 1539 3489 1610 λήψομαι

1815 1620 1975 1688 παρά
2004 1619 2120 1676 σοῦ
2153 1622 2270 1676 ἀπὸ
2293 1623 2590 1691 σπαρτίου
2612 1621 2725 1688 ἕως
2751 1621 3188 1692 σφαιρωτῆρος,
3227 1623 3315 1677 ἵνα
3335 1623 3490 1692 νομί-

1817 1724 1934 1778 σῃς,
1959 1710 2040 1762 ὅτι
2059 1709 2262 1764 τούτων
2292 1711 2476 1764 ἐνεκεν
2496 1711 2594 1783 τὴν
2622 1710 2900 1783 ἐκδίκησιν
2918 1711 3282 1782 ἐποιησάμην,
3307 1711 3395 1764 ῐνα
3417 1710 3492 1782 μὴ

1814 1795 1992 1864 λέγειν
2010 1797 2161 1869 ἔχῃς,
2189 1799 2270 1852 δτι
2289 1797 2450 1861 αὐτός
2474 1816 2564 1870 μοι
2583 1798 2682 1871 τῆς
2714 1799 3030 1870 περιουσίας
3048 1799 3219 1862 αἴτιος
3238 1798 3486 1867 γέγονας.

1827 1883 1885 1938 ’0
1903 1883 2012 1956 γὰρ
2042 1886 2141 1956 τὴν
2160 1883 2315 1955 νίκην
2348 1884 2644 1956 παρασχὼν
2693 1885 2788 1939 καὶ
2817 1885 2880 1938 τὸ
2926 1885 3186 1956 τρόπαιον
3211 1885 3330 1956 μετ’
3355 1884 3490 1956 ἐμοῦ

1816 1973 2038 2042 στήσας,
2069 1972 2232 2034 αὐτός
2250 1976 2397 2027 ἐστιν
2424 1972 2453 2026 6
2478 1974 2574 2026 καὶ
2595 1972 2824 2027 πλούτου
2847 1974 2946 2044 τὴν
2985 1974 3248 2044 χορηγίαν
3271 1990 3360 2043 μοι
3388 1988 3491 2027 πα·

1819 2061 2166 2132 ρασχόμενος.
2186 2062 2325 2134 Ὅρα
2344 2062 2481 2127 πῶς,
2509 2061 2623 2132 εῐγε
2654 2061 2927 2128 ἐϐούλετο,
2950 2062 3253 2134 κερδαίνειν
3268 2063 3492 2116 ἐδύνατο

1814 2151 1843 2201 6
1859 2148 2109 2218 βασιλεὺς
2129 2151 2194 2204 ἐκ
2213 2149 2321 2204 τῶν
2337 2150 2431 2205 τοῦ
2451 2151 2786 2222 πατριάρχου
2807 2151 3134 2220 λεγομένων.
3152 2149 3491 2204 Ἐδιδάσκετο

1813 2234 1922 2307 γὰρ
1949 2235 2023 2307 μὴ
2058 2239 2124 2307 τῇ
2147 2236 2323 2308 οἰκεία
2365 2235 2594 2307 δυνάμει
2621 2235 2806 2289 λοιπὸν
2837 2236 3086 2308 θαρρεῖν,
3131 2235 3244 2290 ἀλλ’
3290 2236 3490 2290 εἰδέναι

1813 2321 1904 2374 τὸν
1951 2323 2166 2376 πάντων
2221 2323 2415 2389 αἴτιον,
2464 2324 2560 2378 καὶ
2594 2323 2904 2395 καταγελᾷν
2940 2322 3051 2376 τῶν
3096 2325 3491 2396 χειροποιήτων

1816 2406 1953 2464 θεῶν
1985 2411 2076 2463 καὶ
2107 2409 2389 2481 λατρεύειν
2419 2410 2496 2481 τῷ
2522 2411 2618 2464 ἐπὶ
2657 2410 2876 2465 πάντων
2914 2409 3055 2480 Θεῷ,
3100 2411 3178 2482 τῷ
3218 2409 3325 2464 τῶν
3354 2411 3491 2464 ὃλων

1813 2493 2150 2568 δημιουργῷ,
2200 2500 2266 2569 τῇ
2305 2501 2457 2570 πηγῇ
2515 2498 2625 2551 τῶν
2649 2497 2894 2566 ἀγαθῶν.
2923 2499 3033 2551 Καὶ
3085 2499 3193 2569 γάρ
3221 2499 3492 2570 ἐμάνθανε

1812 2582 1902 2637 διά
1939 2584 2156 2638 πάντων
2186 2584 2282 2638 τοῦ
2340 2585 2680 2658 πατριάρχου
2707 2585 2806 2656 τὴν
2835 2586 3060 2657 ἀρετήν.
3093 2586 3212 2640 Ἵνα
3260 2586 3370 2658 γὰρ
3416 2587 3493 2658 μὴ

1814 2669 2010 2743 νομίσῃ
2046 2670 2112 2724 δι’
2143 2672 2404 2726 ἀπόνοιαν
2453 2672 2615 2726 αὐτὸν
2661 2671 2755 2726 καὶ
2802 2671 3280 2743 μεγαλοφροσύνην
3320 2673 3490 2745 ὐπερ-

1814 2760 2116 2830 εωρακέναι
2147 2759 2257 2812 τῶν
2294 2759 2424 2830 παρ’
2465 2759 2631 2814 αὐτοῦ
2671 2759 2986 2830 διδομένων,
3040 2759 3130 2813 διὰ
3163 2760 3320 2814 τοῦτό
3357 2776 3488 2832 φησι

1814 2845 1952 2916 πρὸς
1987 2847 2166 2901 αὐτόν·
2194 2845 2304 2916 ἐγὼ
2345 2848 2444 2919 μὲν
2480 2847 2632 2901 οὐδὲν
2663 2846 2927 2916 λήψομαιθ
2954 2847 3077 2900 οὐδὲ
3115 2847 3224 2920 γὰρ
3268 2848 3484 2918 δέομαι,

1813 2929 1933 2982 οὐδέ
1959 2931 2146 3004 χρῄζω
2183 2933 2316 3004 παρ’
2358 2933 2545 3006 ἐτέρου
2583 2949 2674 3004 μοι
2716 2931 2975 2997 αῦξεσθαι
3003 2932 3102 3004 τὴν
3150 2933 3485 3004 περιουσίαν·

1813 3018 1939 3081 τοὺς
1965 3017 2021 3072 δὲ
2055 3017 2164 3071 τῶν
2193 3018 2452 3074 κινδύνων
2510 3037 2600 3092 μοι
2660 3019 3100 3090 κοινωνήσαντας
3151 3023 3490 3092 συγχωρήσω

1811 3110 1996 3165 λαϐεῖν
2038 3111 2283 3184 μερίδας,
2324 3113 2412 3167 ίνα
2467 3112 2672 3184 μικράν
2721 3129 2843 3168 τινα
2899 3111 3014 3166 τῶν
3072 3113 3251 3166 πόνων
3304 3129 3486 3184 παρα-

1817 3197 2010 3269 μυθίαν
2031 3199 2172 3270 ἔχειν
2183 3199 2379 3253 δοκῶσι
2403 3212 2452 3254 ι.
2477 3201 2585 3252 Καὶ
2605 3200 2743 3272 πρὸς
2769 3201 2868 3270 μὲν
2886 3198 2979 3253 τὸν
3006 3198 3114 3254 τῶν
3130 3199 3376 3271 Σοδόμων
3393 3198 3488 3270 βα-

1815 3281 1967 3335 σιλέα
1995 3282 2168 3336 ταῦτα
2195 3283 2444 3346 όδίκαιος
2479 3284 2856 3356 ἀποκρίνεται.

1897 3366 2194 3438 Ἐπειδὴδέ
2233 3367 2327 3420 καὶ
2364 3367 2720 3439 Μελχισεδὲκ,
2761 3371 2792 3423 6
2829 3368 3085 3440 βασιλεὺς
3122 3368 3332 3440 Σαλήμ,
3388 3369 3487 3439 ἀρ-

1813 3472 1938 3518 τους
1975 3454 2070 3508 καὶ
2107 3451 2248 3508 οἶνον
2287 3454 2438 3526 αὐτῷ
2487 3455 2775 3525 ἐξενέγκας
2813 3457 3148 3530 προσέφερεν
3187 3452 3328 3528 (Ἦν
3376 3457 3486 3526 γὰρ

1813 3543 2026 3612 ἱερεὺς,
2066 3544 2222 3614 φησὶ,
2267 3543 2374 3598 τοῦ
2421 3545 2568 3598 Θεοῦ
2593 3545 2698 3600 τοῦ
2729 3547 3054 3618 ὑψίστου),
3110 3546 3240 3617 παρ’
3277 3545 3486 3599 ἐκείνου

1813 3631 2025 3702 δέχεται
2072 3631 2142 3683 τὰ
2179 3631 2627 3702 προσενεχθέντα,
2665 3633 2759 3686 καὶ
2796 3633 2896 3704 τὴν
2931 3633 3184 3702 εὐλογίαν
3219 3633 3319 3704 τὴν
3357 3633 3484 3702 παρ’

1814 3716 1980 3772 αὐτοῦ
2019 3717 2275 3781 είςαύτὺν
2313 3718 2691 3790 γεγενημένην
2727 3720 3111 3790 ἀμειϐόμενος,
3135 3721 3230 3773 καὶ
3264 3720 3364 3789 τὴν
3408 3722 3487 3782 είς

1813 3807 1904 3861 τὸν
1953 3805 2087 3860 Θεὸν
2123 3805 2430 3874 δοξολογίαν
2468 3803 2612 3878 (εἷπε
2651 3808 2780 3879 γὰρ,
2849 3809 3033 3880 φησὶν,
3070 3809 3487 3878 Εὐλογημένος

1815 3893 1965 3968 [367]
2010 3896 2234 3964 Ἀϐραμ
2282 3895 2364 3961 τῷ
2421 3893 2543 3962 Θεῷ
2585 3895 2666 3962 τῷ
2698 3897 2960 3966 ὑψίστῳ,
2999 3897 3098 3952 καὶ
3160 3899 3488 3966 εὐλογητὸς

1816 3987 1848 4038 ό
1879 3984 2045 4050 Θεὸς,
2079 3983 2147 4050 ὃς
2183 3983 2488 4052 παρέδωκε
2515 3983 2656 4050 τοὺς
2671 3983 2925 4053 ἐχθρούς
2953 3999 3070 4041 σου
3105 3985 3486 4055 ὑποχειρίους

1815 4074 2004 4142 σοι),
2039 4071 2270 4142 δεκάτην
2309 4071 2459 4142 αὐτῷ
2495 4071 2675 4124 δίδωσι
2721 4072 2830 4125 ἀπὸ
2892 4073 3110 4127 πάντων
3164 4068 3240 4127 ὧν
3290 4074 3486 4126 ἐπεκο-

1819 4159 2007 4230 μίζετο
2051 4158 2328 4230 λαφύρων.
2381 4153 2538 4223 Εἶδες
2581 4157 2678 4212 τοῦ
2730 4159 2940 4214 δικαίου
2991 4160 3053 4214 τὸ
3099 4159 3343 4229 φιλόθεον
3398 4158 3487 4212 διὰ

1819 4247 2035 4300 πάντων
2075 4245 2424 4317 δεικνύμενον
2454 4247 2548 4300 καὶ
2593 4245 2712 4312 πῶς
2767 4249 2920 4318 παρά
2965 4247 3064 4318 μὲν
3092 4247 3184 4301 τοῦ
3227 4246 3487 4317 βασιλέως

1815 4333 2068 4406 Σοδόμων
2115 4333 2223 4388 ἀπὸ
2271 4333 2536 4406 σπαρτίου
2573 4334 2680 4398 ἕως
2736 4336 3120 4407 σφαιρωτῆρος
3166 4334 3350 4389 λαϐεῖν
3387 4335 3488 4388 οὐκ

1815 4423 2092 4493 ἠνέσχετο,
2122 4422 2189 4475 τά
2223 4421 2280 4474 δὲ
2327 4421 2423 4475 τοῦ
2452 4422 2788 4493 Μελχισεδὲκ
2821 4422 3250 4494 προσενεχθέντα
3273 4422 3486 4488 ἐλαϐεν,

1815 4510 2112 4574 ἀντιδιδοὺς
2148 4510 2244 4564 καὶ
2271 4509 2341 4564 τά
2365 4511 2495 4581 παρ’
2525 4509 2745 4574 ἐαυτοῦ,
2785 4511 3050 4566 διδάσκων
3095 4512 3244 4582 ἡμᾶς
3288 4511 3492 4582 πολλὴν

1815 4599 1916 4669 τὴν
1947 4598 2218 4670 διάκρισιν
2249 4597 2693 4664 ἐπιδείκνυσθαι,
2729 4599 2823 4652 καὶ
2862 4599 2938 4672 μὴ
2964 4599 3153 4664 ἁπλῶς
3194 4599 3287 4654 καὶ
3317 4599 3488 4664 ἀδεῶς

1816 4685 1970 4759 παρά
1999 4686 2217 4740 πάντων
2253 4685 2542 4757 δέχεσθαι;
2580 4687 2800 4759 Ἐπειδὴ
2834 4687 2942 4758 γὰρ
2975 4687 3184 4751 ἐκεῖνος
3215 4687 3346 4758 περὶ
3387 4687 3486 4758 μὲν

1815 4772 1913 4844 τὴν
1945 4772 2091 4826 δόσιν
2123 4771 2422 4844 εὐγνώμων
2454 4773 2702 4842 γέγονεν,
2736 4775 2792 4828 ἐν
2819 4773 2877 4840 δέ
2913 4775 3027 4837 τοῖς
3053 4773 3232 4836 ἀλλοις
3261 4773 3487 4836 ἄπιστος

1816 4861 2100 4931 ἐτύγχανε,
2153 4861 2246 4914 καὶ
2287 4860 2490 4931 πολλῆς
2545 4861 2716 4914 ἐδεῖτο
2764 4861 3140 4926 διδασκαλίαςο
3188 4860 3277 4914 διὰ
3329 4860 3486 4913 τοῦτο

1817 4949 2039 5004 ἐκείνων
2061 4949 2160 5020 μὲν
2187 4949 2458 5021 ὑπερεῖδε,
2485 4951 2668 5002 πᾶσαν
2693 4949 2750 5004 δὲ
2779 4948 3016 5020 σπουδὴν
3045 4950 3357 5018 ἐποιήσατο,
3389 4949 3488 5001 καὶ⁸

1813 5035 1879 5090 δι’
1911 5029 1986 5090 ὧν
2012 5036 2196 5089 λαϐεῖν
2241 5037 2620 5108 παρῃτήσατο,
2665 5037 2760 5089 καὶ
2805 5036 2872 5088 δι’
2901 5030 2978 5088 ὦν
3015 5035 3293 5106 διελέχθη,
3349 5035 3485 5104 πρὸς

1815 5123 2124 5178 θεοσέϐειαν
2151 5124 2316 5178 αὐτὸν
2349 5123 2776 5195 χειραγωγῆσαι.
2812 5123 2973 5194 Παρά
2996 5123 3054 5177 δὲ
3089 5123 3186 5177 τοῦ
3213 5122 3483 5193 Μελχισε-

1813 5213 1907 5267 δὲκ
1947 5214 2171 5275 εἰκότως
2215 5212 2481 5283 λαμϐάνει
2503 5229 2518 5243 ’
2553 5211 2641 5266 διὰ
2676 5212 2785 5282 γάρ
2837 5211 2996 5266 τοῦτο
3027 5213 3411 5283 ἐπεσημήνατο
3446 5212 3480 5282 ὴ

1815 5301 1933 5354 θεία
1988 5302 2026 5353 Γ
2033 5301 2177 5372 ραφὴ
2227 5301 2321 5354 τοῦ
2367 5299 2561 5370 ἀνδρὸς
2587 5298 2686 5370 τὴν
2719 5299 2920 5369 ἀρετὴν
2964 5298 3226 5368 λέγουσα·
3262 5296 3372 5355 Ἦν
3415 5300 3484 5352 δὲ

1813 5388 2004 5457 ἱερεὺς
2035 5390 2141 5445 τοῦ
2170 5389 2318 5444 Θεοῦ
2348 5389 2457 5444 τοῦ
2481 5388 2988 5457 biﬁlum-va1)»;
3019 5389 3077 5444 δὲ
3103 5390 3200 5444 καί⁸
3219 5389 3388 5454 τύπος
3412 5385 3482 5462 ἦν

1873 5626 1900 5656 ⁸
1929 5626 2036 5674 Ἵνα
2063 5627 2232 5698 μικράν
2251 5643 2355 5698 τινα
2378 5627 2473 5674 τῶν
2495 5626 2652 5675 πόνων
2675 5627 2968 5698 παραμυθίαν
2985 5629 3114 5698 Δἔχειν
3139 5628 3336 5698 δοκῶσι.
3381 5627 3486 5698 Quo

1809 5701 2012 5752 parvam
2041 5685 2259 5752 dliqimm
2279 5685 2496 5752 ίιιὺονιιιιι
2525 5685 2890 5738 εοιιεοίιιιίοιὶιεηι
2916 5685 3131 5738 Ιιιιὺέἓιηι.
3165 5691 3306 5750 Sa-pc
3332 5685 3482 5739 anim-

1811 5749 2112 5802 advertimus
2126 5749 2264 5812 rapud
2289 5749 2603 5806 Athanasium
2637 5757 2941 5811 ueteresque
2955 5811 2962 5812 ί
2976 5749 3254 5812 δατήριοι-νει
3270 5755 3480 5811 (merus,

1809 5827 1979 5862 vocem
2001 5813 2154 5862 δοκεῖν
2174 5811 2272 5860 non
2291 5813 2516 5873 minuere
2541 5812 2926 5862 amrmationetn.
2952 5811 3013 5860 Ut
3037 5811 3182 5860 eumn
3209 5815 3334 5873 apud
3351 5814 3481 5860 lati-

1809 5889 1898 5925 nos
1930 5875 2080 5924 medii
2119 5889 2210 5924 ev:
2241 5888 2335 5922 vox
2368 5871 2556 5924 videtur
2598 5875 2964 5924 allirmalionem
3009 5889 3103 5922 non
3131 5871 3320 5921 minim.
3357 5874 3480 5922 Vnde

1813 5936 2154 5990 Onomasticon
2214 5942 2431 5989 nostrum
2477 5937 2536 5989 ad
2577 5935 2740 6000 Opera
2759 5937 3029 5999 Athanasii,
3067 5939 3118 5986 in
3146 5947 3265 5985 voce
3301 5936 3475 5986 δοκεῖν.
