3750 6288
105 327 202 386 357

109 445 258 498 etiam
304 453 422 511 qua:
467 440 662 495 ﬁebant
691 438 889 496 (ihristi
929 449 1082 509 typus
1124 446 1299 504 erant,
1329 446 1384 492 et
1427 438 1536 505 ipsa
1583 435 1678 490 ob-

106 537 201 590 lata
237 534 545 604 mysterium
580 532 844 601 quoddam
879 532 1264 601 prazsiguabant
1286 549 1298 582 τ
1321 531 1542 598 ideoque
1575 543 1681 582 non

105 626 293 684 renuit.
323 636 478 694 atque
497 624 796 693 utaccepit,
829 624 1061 678 vicissim
1090 623 1236 675 illum
1270 620 1680 686 remunerando,

105 717 324 770 docebat.
368 716 575 769 virtutis
612 732 724 770 suae
766 714 1198 784 magnitudinem.
1257 713 1498 766 Decimus
1537 712 1678 764 enim

103 808 148 860 ei
177 804 365 872 dedit,
408 807 570 862 etiam
616 805 715 860 hac
752 807 957 860 ratione
989 805 1128 874 piam
1157 818 1307 858 suam
1344 811 1573 857 mentem
1604 802 1678 856 si.

104 898 380 966 gnitieans.
426 897 676 953 Fortasse
719 898 924 967 longius
963 896 1201 952 excurrit
1239 881 1410 950 oratio
1454 901 1676 958 nostra;

105 988 246 1057 atqui
276 1004 381 1042 non
404 987 518 1043 sine
546 1002 705 1042 causa
732 1003 904 1058 neque
934 986 1149 1042 frustra.
1204 986 1391 1040 Paucis
1420 987 1561 1040 enim
1595 986 1678 1040 di-

104 1078 326 1132 dicimus
351 1079 419 1133 ab
446 1078 594 1132 initio
610 1093 778 1148 usque
805 1078 871 1132 ad
890 1077 1206 1132 hodiernam
1229 1077 1533 1141 lectionem,
1565 1092 1684 1143 qua:

104 1166 258 1223 fuerit
283 1168 412 1238 justi
441 1168 596 1238 hujus
626 1167 914 1233 fortitudo,
947 1168 1381 1238 magnanimitas,
1415 1168 1684 1222 excellens

107 1261 256 1328 ﬁdes,
294 1277 446 1318 mens
473 1261 688 1331 optimis
717 1261 952 1314 moribus
984 1259 1224 1329 pra-dita,
1258 1259 1476 1329 insignis
1497 1259 1685 1314 mode-

104 1353 222 1415 stia,
249 1351 576 1406 admirabilis
601 1351 908 1406 divitiarum
935 1360 1274 1419 contemptus
1298 1391 1312 1412 ,
1339 1349 1531 1403 divina:
1560 1365 1685 1419 erga

105 1459 227 1498 eum
246 1442 634 1498 benevolentia:
660 1451 914 1512 perpetua
941 1443 1303 1510 providentia;
1332 1451 1389 1496 et
1407 1456 1512 1510 quo
1535 1450 1688 1510 pacto

104 1522 340 1588 divinum
391 1533 488 1600 ipsi
537 1533 760 1603 singulis
813 1533 1142 1602 temporibus
1189 1533 1464 1600 praibitum
1505 1542 1686 1601 patro-

105 1625 333 1691 cinium,
379 1624 617 1694 quotidie
642 1625 921 1680 clariorem
956 1639 1078 1678 eum
1107 1634 1160 1678 et
1201 1625 1540 1679 illustriorem
1570 1624 1690 1679 red-

104 1719 254 1773 didit.
301 1717 454 1772 Nunc
480 1725 656 1772 autem
683 1718 728 1772 si
754 1717 1027 1771 volueritis
1046 1758 1060 1779 ,
1090 1725 1143 1771 et
1170 1732 1276 1770 non
1305 1716 1686 1786 del'utigemini,

104 1811 167 1865 ad
196 1827 257 1864 ea
288 1826 406 1881 quae
435 1825 622 1864 recens
659 1810 792 1866 lecta
831 1818 955 1864 sunt
995 1809 1312 1864 accedamus
1343 1849 1358 1874 ,
1410 1819 1464 1862 et
1507 1810 1690 1877 paucis

107 1903 421 1972 quibusdam
451 1903 763 1971 propositis.
790 1901 1132 1956 absolvamus
1159 1915 1495 1963 sermonem;
1527 1909 1584 1953 ut
1608 1899 1691 1954 di-

104 1994 264 2047 scalis
292 2001 488 2062 quanta
522 1992 698 2046 denuo
722 1992 770 2045 ei
798 1989 1120 2061 rependatur
1149 2006 1360 2046 merces
1383 2031 1397 2054 ,
1439 2007 1507 2046 eo
1549 1990 1691 2060 quod

105 2083 488 2151 contempserit
527 2082 666 2137 dona
717 2081 817 2136 sibi
861 2097 892 2136 a
928 2081 1283 2137 Sodomorum
1330 2097 1454 2151 rege
1493 2082 1690 2138 oblata.

105 2173 241 2241 Quid
289 2172 432 2228 enim
476 2171 692 2242 inquit?
748 2174 797 2226 l.
835 2171 956 2228 Post
994 2173 1101 2226 hazc
1129 2181 1300 2226 autem
1323 2172 1471 2225 verba
1500 2175 1693 2244 factum

104 2277 178 2320 est
203 2266 403 2322 verbum
431 2266 636 2319 Domini
661 2265 729 2319 ad
761 2266 949 2319 Abram
982 2265 1125 2336 (cap.
1153 2261 1263 2338 15).
1315 2264 1489 2332 Quare
1509 2264 1588 2319 sic
1613 2267 1695 2319 in—

104 2361 256 2430 cipit,
290 2357 412 2412 Post
443 2359 548 2412 haec
572 2367 740 2411 autem
768 2356 953 2411 verba?
973 2371 1091 2426 quae
1113 2355 1294 2424 verba,
1312 2355 1540 2426 quaeso?
1568 2371 1694 2410 num

107 2453 310 2506 iudicat
352 2450 511 2506 verba
556 2465 675 2521 qua:
724 2464 848 2504 cum
893 2447 1250 2521 Sodomorum
1291 2463 1416 2518 rege
1465 2447 1693 2502 habuit?

107 2546 235 2599 Post
283 2553 644 2613 contemptum
688 2542 870 2605 illum,
913 2541 1112 2611 inquit,
1155 2548 1434 2610 postquam
1470 2555 1533 2593 ea
1577 2555 1696 2609 quae

105 2636 175 2690 ab
207 2635 302 2689 illo
343 2635 515 2687 oblata
559 2642 681 2686 sunt
729 2633 958 2702 repulit,
1020 2639 1138 2700 post
1179 2631 1479 2684 doctrinam
1526 2630 1692 2696 illam,

106 2740 274 2795 quam
309 2725 520 2792 rejectis
549 2724 700 2777 donis
729 2723 1124 2793 pronuntiavit,
1160 2733 1214 2775 ut
1245 2721 1422 2790 pietati
1453 2732 1505 2776 et
1543 2723 1693 2792 agni—

108 2817 242 2871 tioni
287 2815 590 2870 Conditoris
631 2817 869 2870 omnium
911 2816 1060 2870 illum
1098 2817 1368 2882 initiaret,
1422 2815 1544 2870 Post
1589 2817 1698 2870 Itwc

105 2918 279 2961 autent
304 2906 452 2961 verba
472 2949 486 2973 ,
533 2918 812 2976 postquam
843 2906 1080 2962 decimas
1105 2906 1458 2962 Melchisedec
1486 2907 1696 2971 obtulit,

106 2998 323 3069 quando
349 3041 364 3064 ,
409 2999 616 3068 inquit,
658 2999 835 3052 omnia
882 3014 1000 3068 qua:
1043 3014 1108 3053 ex
1138 3013 1198 3054 se
1240 3007 1395 3052 erant
1438 2998 1695 3068 implevit,

110 3100 239 3144 tunc
287 3089 415 3142 Post
459 3088 566 3142 lucc
614 3091 759 3142 verba
787 3088 979 3157 factum
1022 3095 1095 3143 est
1139 3088 1339 3142 verbum
1381 3087 1590 3141 Domini
1632 3089 1700 3140 ad

106 3183 303 3235 Abram
329 3181 380 3233 iu
407 3180 592 3233 visione
619 3180 775 3233 noctis
804 3179 900 3252 (a),
927 3179 1096 3232 dicens
1125 3195 1144 3232 :
1173 3178 1254 3232 Ne
1275 3179 1468 3246 timeas,
1490 3178 1695 3246 Abram,

107 3293 201 3346 ego
231 3283 439 3344 protego
467 3283 553 3338 te;
590 3289 772 3326 merces
793 3283 881 3326 tua
911 3271 1067 3325 multa
1088 3272 1232 3325 valde
1260 3272 1374 3324 erit.

183 3367 238 3422 4.
275 3364 407 3420 Vide
449 3364 828 3434 benignitatem
858 3363 1105 3430 Domini,
1137 3363 1404 3432 quomodo
1432 3363 1611 3418 statim
1650 3374 1704 3418 et

107 3473 139 3512 e
169 3456 395 3526 vestigio
437 3470 668 3525 sequens
688 3495 703 3517 ,
752 3454 1025 3509 beneﬁciis
1053 3470 1209 3509 suum
1241 3453 1496 3509 athletam
1525 3471 1702 3510 rentu-

108 3557 336 3602 neratnr
361 3589 374 3612 ,
403 3557 457 3601 et
483 3547 549 3600 ad
582 3547 830 3601 ulteriora
865 3547 1159 3601 certamina
1187 3547 1382 3602 iterum
1408 3548 1699 3611 instruens,

113 3641 308 3711 vigore
351 3658 489 3694 novo
529 3639 764 3695 roborat.
817 3639 1035 3694 Factum
1067 3649 1137 3694 est
1175 3640 1378 3694 verbum
1404 3639 1611 3694 Domini
1652 3641 1704 3694 in

111 3734 309 3785 risione
339 3734 514 3786 noctis.
543 3731 717 3799 Quare
748 3731 798 3786 in
828 3732 1026 3786 nocte?
1056 3730 1124 3786 Ut
1145 3731 1198 3785 in
1226 3730 1438 3786 silentio
1457 3739 1512 3785 et
1531 3730 1707 3800 quiete

112 3825 312 3879 melius
337 3841 457 3894 qua?
485 3824 732 3878 dicuntur
755 3824 998 3892 accipiat.
1034 3823 1100 3877 Et
1125 3821 1253 3877 dicit
1274 3823 1322 3876 ei
1357 3840 1370 3874 :
1396 3820 1479 3876 Ne
1507 3824 1704 3890 timeas,

114 3918 332 3969 Abram.
377 3915 606 3968 Attende
649 3913 964 3969 immensam
995 3914 1087 3968 Dei
1116 3929 1319 3968 curam.
1349 3913 1524 3981 Quare
1550 3914 1706 3979 dixit,

115 4004 205 4058 Ne
235 4004 450 4058 timeas?
471 4004 603 4072 Quia
634 4014 808 4059 tantas
827 4019 957 4073 opes
977 4013 1392 4074 contempserat,
1427 4020 1529 4057 non
1557 4018 1712 4058 cura-

115 4100 186 4153 tis
211 4097 377 4168 regiis
401 4097 556 4151 donis
582 4113 598 4152 :
625 4096 725 4151 hoc
750 4105 852 4162 est,
883 4094 962 4151 Ne
991 4096 1199 4159 timeas,
1232 4094 1372 4164 quod
1401 4095 1711 4164 deSpexeris

115 4203 272 4248 tanta
298 4192 437 4245 dona
461 4230 478 4255 ,
523 4205 694 4260 neque
718 4190 907 4244 anxius
926 4190 1001 4244 sis
1027 4189 1176 4258 quasi
1206 4188 1442 4243 minores
1469 4187 1590 4242 inde
1620 4188 1710 4242 tibi

115 4286 232 4338 sint
271 4282 572 4337 facultates.
604 4259 685 4335 ille
711 4283 908 4335 timeas.
956 4279 1161 4334 Deinde
1187 4289 1245 4334 ut
1269 4259 1515 4333 animum
1543 4279 1713 4348 magis

115 4375 347 4438 excitet,
375 4371 569 4441 adjecit
590 4371 755 4426 verbo
778 4380 834 4426 ct
861 4371 1287 4442 appellationem,
1315 4381 1369 4424 et
1391 4369 1560 4440 inquit
1591 4388 1602 4422 :
1632 4367 1716 4423 Nc

115 4471 332 4533 timeas,
357 4463 566 4518 Abram.
595 4463 708 4517 Non
733 4463 875 4517 enim
899 4476 1081 4532 parum
1101 4461 1167 4515 ad
1186 4460 1715 4533 expergefacicndum

115 4557 255 4611 facit
279 4598 294 4620 ,
327 4570 449 4609 cum
474 4555 774 4625 quempiam
812 4554 1029 4622 preprio
1057 4554 1270 4605 nomine
1295 4550 1673 4620 compellamus
1700 4569 1712 4606 :

115 4648 326 4703 deinde
355 4648 469 4712 ait,
524 4645 631 4715 Ego
659 4655 914 4716 protegam
946 4654 1010 4697 te.
1066 4642 1281 4696 Multam
1329 4642 1494 4698 habet
1534 4653 1587 4697 et
1616 4645 1718 4697 hoc

115 4739 358 4794 verbum
396 4737 712 4806 emphasim.
767 4735 879 4804 Ego
919 4736 1006 4803 qui
1036 4750 1063 4787 a
1093 4733 1360 4788 Chaldaeis
1397 4745 1446 4787 te
1477 4734 1713 4796 ever-avi,

124 4848 237 4900 ego
265 4831 354 4900 qui
399 4838 448 4883 te
475 4829 578 4882 huc
606 4827 768 4889 duxi,
816 4843 914 4895 ego
945 4826 1034 4896 qui
1074 4837 1123 4879 le
1154 4841 1182 4877 3
1227 4825 1471 4894 ιιυνὶοιιιὶδ
1501 4825 1719 4896 Αῑεγνιί

117 4921 356 4978 liberavi
383 4963 398 4986 ,
425 4935 524 4990 ego
549 4919 640 4989 qui
667 4919 833 4972 semel
862 4931 1020 4987 atque
1053 4917 1245 4970 iterum
1275 4916 1490 4984 promisi
1526 4917 1614 4970 tibi
1642 4927 1720 4970 at-

116 5031 235 5084 que
257 5013 449 5067 semini
481 5019 572 5064 tuo
595 5009 844 5065 daturum
875 5026 958 5063 me
986 5020 1180 5062 terram
1212 5009 1366 5072 hanc,
1391 5024 1492 5078 ego
1519 5019 1568 5062 te
1596 5023 1719 5078 pro-

121 5119 256 5177 tego
298 5121 442 5175 :ego
480 5103 572 5175 qui
611 5104 662 5158 in
706 5103 818 5158 dies
866 5103 1032 5172 magis
1077 5111 1131 5155 et
1172 5106 1338 5170 magis
1383 5102 1628 5155 omnibus
1672 5113 1724 5157 te

116 5183 609 5259 elarumos’tendo,
653 5211 752 5265 ego
783 5206 1003 5264 protego
1035 5204 1083 5247 te
1118 5211 1130 5246 :
1162 5194 1260 5247 hoc
1299 5203 1418 5257 est,
1461 5209 1560 5261 ego
1587 5196 1722 5247 scuti

121 5296 251 5349 vice
275 5292 370 5345 tibi
401 5307 540 5356 srrrn,
571 5305 668 5361 ego
695 5303 789 5359 pro
811 5299 860 5342 te
886 5297 1054 5352 certo,
1078 5303 1177 5356 ego
1203 5295 1562 5356 propugnator
1581 5302 1722 5353 sum,

119 5406 236 5460 ego
260 5401 448 5444 curam
467 5400 616 5456 gero,
646 5399 746 5454 ego
769 5384 944 5437 omnia
967 5381 1204 5437 difﬁcilia
1223 5379 1390 5436 facilia
1417 5381 1505 5435 tibi
1535 5379 1721 5446 reddo,

207 5615 283 5676 (η)
321 5615 372 5662 In
395 5613 524 5662 Edit.
547 5611 864 5676 septuaginta
887 5605 1427 5676 lnterpretnmjlegitur
1457 5608 1724 5676 tantum_év

127 5669 382 5741 ὀρᾶμὲιτι,
429 5677 476 5741 in
514 5669 749 5741 visione:
765 5686 854 5741 vox
879 5669 1077 5741 _w)ttr3c,
1121 5669 1494 5741 ηοειζδηᾱρεξξἶ
1539 5670 1586 5741 In
1625 5670 1722 5716 lle-

127 5729 316 5791 b'raiCo
341 5729 527 5796 pariter
553 5729 773 5797 atque'in
798 5733 1006 5793 Vulgata
1050 5729 1146 5797 non
1179 5729 1401 5797 habetur.
1446 5731 1527 5781 Sic
1558 5738 1724 5780 tamen

130 5801 274 5865 legit
297 5792 691 5861 Cltrysostomus,
717 5804 772 5846 ut
796 5809 860 5845 ex
883 5792 936 5845 se
953 5792 1209 5859 pteuttbus
1233 5793 1408 5856 liquet.

1123 321 1188 378 m
1228 303 1379 377 CAP:
1415 319 1531 375 xv.
1573 317 1814 375 GENES.
1845 319 2073 376 HOMIL.
2111 320 2347 377 xxxvr.

3260 329 3365 386 358

1795 450 1896 504 ego
1927 447 2145 508 protego
2167 449 2237 494 te.
2291 438 2485 494 Merces
2513 448 2597 492 tua
2627 441 2784 495 inuita
2813 441 2905 495 erit
2931 443 3091 496 valde.
3150 443 3369 499 Noluisti

1795 531 2097 585 mercedem
2135 534 2379 601 accipere
2428 549 2522 602 pro
2567 534 2835 590 laboribus
2879 551 3009 604 quos
3053 537 3367 592 sustinuisti.

1794 621 1956 672 tantis
1987 621 2234 688 periculis
2262 624 2486 692 teipsum
2515 622 2815 692 objiciendo
2840 668 2853 690 ,
2883 627 2974 679 sed
3005 628 3368 696 contempsisti

1791 719 1845 764 et
1874 726 2052 780 regem
2083 721 2135 766 et
2165 729 2382 766 munera
2423 713 2559 783 ejus.
2611 714 2722 785 Ego
2759 715 2850 769 tibi
2881 717 3181 772 mercedem
3209 718 3366 781 dabo,

1792 817 1894 854 non
1921 810 2122 856 tantam
2152 813 2405 872 quantam
2432 815 2745 875 accepturus
2767 822 2882 861 eras
2905 849 2919 873 ,
2951 809 3044 862 sed
3069 808 3290 863 multam
3320 819 3370 863 et

1789 891 1943 947 valde
1967 893 2186 947 multam
2216 909 2231 947 :
2265 893 2457 949 Merces
2481 897 2622 950 enim
2656 909 2776 962 tua,
2829 898 2997 966 inquit
3020 939 3033 962 ,
3084 900 3243 952 multa
3278 901 3369 952 erit

1790 983 1955 1038 valde.
1987 984 2173 1038 Vidisti
2204 985 2571 1040 liberalitatem
2607 987 2856 1042 Domini?
2879 990 3057 1043 vidisti
3087 991 3370 1048 verborum

1791 1074 2040 1143 pondus?
2084 1075 2261 1130 vidisti
2303 1075 2570 1146 quomodo
2599 1076 2910 1132 excitaverit
2951 1079 3160 1148 pietatis
3201 1079 3370 1132 athle-

1793 1168 1940 1222 tam?
1987 1167 2165 1222 vidisti
2211 1169 2480 1238 quomodo
2509 1169 2741 1224 animam
2783 1170 2897 1241 ejus
2943 1171 3371 1227 confirmaverit?

1792 1260 1909 1330 lpse
1931 1263 2072 1316 enim
2099 1263 2186 1331 qui
2217 1277 2408 1317 arcana
2429 1262 2669 1317 eordium
2704 1264 2868 1330 novit,
2899 1264 3098 1318 sciebat
3123 1264 3268 1333 justo
3295 1263 3371 1318 illi

1793 1367 1926 1420 opus
1968 1367 2085 1407 esse
2132 1353 2431 1422 hujusmodi
2478 1353 2762 1409 verborum
2813 1355 3214 1411 consolatione:
3252 1372 3374 1409 nam

1794 1443 1913 1498 vide
1940 1444 2066 1514 quid
2094 1460 2157 1498 ex
2204 1445 2284 1498 his
2313 1445 2489 1500 verbis
2533 1455 2789 1514 concepta
2839 1446 3025 1500 fiducia
3078 1446 3370 1514 patriarcha

1793 1533 1938 1590 dicit.
1986 1534 2042 1590 2.
2071 1534 2214 1590 Dixit
2240 1547 2403 1590 autem
2430 1536 2615 1591 Abram
2645 1552 2664 1590 :
2697 1537 2911 1591 Domine
2930 1581 2942 1602 ,
2984 1539 3107 1607 quid
3135 1539 3255 1590 mihi
3279 1539 3377 1589 (la-

1796 1626 1906 1680 bis?
1930 1641 2020 1698 ego
2039 1637 2203 1680 autem
2241 1628 2348 1681 sine
2375 1628 2542 1682 liberis
2571 1628 2816 1682 dimittor.
2850 1628 3133 1698 Postquam
3167 1642 3373 1681 merces

1797 1717 1894 1784 ipsi
1921 1717 2071 1772 valde
2099 1717 2310 1787 copiosa
2341 1720 2598 1786 promissa
2629 1728 2756 1792 est,
2785 1721 3003 1790 exponit
3040 1720 3232 1772 animm
3270 1735 3377 1771 sue

1795 1809 2034 1864 dolorem
2073 1821 2126 1864 et
2171 1811 2436 1865 trisdtiam
2483 1821 2699 1882 propter
2737 1813 2904 1883 prolis
2953 1813 3219 1882 inopiam,
3273 1807 3373 1878 qua

1795 1901 2045 1954 diuturno
2099 1910 2335 1970 tempore
2387 1904 2714 1972 angebatur,
2774 1901 3005 1971 dicitque
3055 1920 3067 1955 :
3119 1901 3373 1962 Domine,

1795 1992 1920 2061 quid
1949 1993 2050 2047 tale
2075 1991 2200 2046 mihi
2227 1993 2420 2046 dabis?
2451 1993 2587 2047 Ecce
2617 1994 2756 2047 enim
2787 2007 2885 2061 ego
2911 2007 3078 2061 USque
3100 1992 3164 2045 ad
3196 1992 3374 2045 estre-

1799 2097 1938 2135 mam
1965 2091 2233 2136 senectam
2254 2083 2491 2153 perveni,
2522 2093 2574 2137 et
2597 2082 2744 2152 prole
2770 2097 2958 2136 carens
2986 2081 3242 2135 dimittor.

1876 2172 2006 2228 Vide
2028 2175 2295 2243 quomodo
2321 2175 2508 2243 priscis
2537 2173 2638 2227 illis
2659 2173 2868 2227 szeculis
2889 2173 3062 2242 justus
3091 2172 3176 2226 ille
3208 2170 3378 2240 philo-

1799 2267 2122 2336 sophabatur
2142 2309 2155 2330 ,
2186 2266 2550 2321 dimissionem
2577 2279 2773 2319 vocans
2801 2279 2866 2320 ex
2907 2264 3008 2318 hoc
3047 2263 3244 2317 nmndo
3267 2261 3376 2316 dis-

1800 2377 2032 2415 cessum.
2065 2361 2194 2414 Nam
2225 2361 2314 2429 qui
2349 2360 2509 2414 vitam
2543 2359 2766 2414 honeste
2795 2368 2848 2413 et
2879 2359 2931 2412 in
2957 2357 3238 2411 virtutibus
3260 2371 3382 2423 ege-

1803 2463 1946 2517 runt,
1977 2453 2187 2521 quando
2214 2468 2278 2505 ex
2310 2451 2408 2506 hac
2449 2452 2553 2505 vita
2585 2451 2867 2521 emigrant,
2901 2465 3024 2503 vere
3057 2449 3378 2511 liberantur,

1801 2556 1854 2598 et
1883 2545 2030 2613 quasi
2077 2544 2362 2598 solvuntur
2396 2559 2425 2596 a
2470 2543 2847 2598 certaminibus
2872 2550 2925 2596 et
2953 2557 2979 2592 a
3013 2541 3254 2593 vinculis.
3291 2538 3383 2593 Est

1802 2637 1942 2691 enim
1978 2651 2123 2690 mors
2151 2637 2214 2689 iis
2240 2636 2328 2706 qui
2362 2636 2495 2688 bene
2523 2635 2740 2697 vivunt,
2785 2633 3056 2686 translatio
3081 2631 3321 2700 quaedam
3352 2645 3381 2684 a

1805 2728 2072 2796 peioribus
2093 2726 2158 2779 ad
2183 2725 2424 2790 meliora,
2443 2739 2474 2778 a
2498 2734 2834 2793 temporanea
2861 2724 2967 2774 vita
2988 2722 3051 2774 ad
3079 2729 3382 2789 perpetuam

1803 2828 1856 2873 et
1884 2818 2235 2872 immortalem
2281 2818 2545 2885 linemque
2590 2831 2696 2870 non
2741 2814 3040 2868 habentem.
3075 2812 3187 2884 Ego
3216 2823 3385 2865 autent

1805 2910 2049 2976 dimittor,
2083 2910 2280 2980 inquit,
2313 2908 2420 2962 sine
2449 2907 2636 2961 liberis.
2669 2905 2736 2960 Et
2763 2915 2818 2959 ut
2847 2904 3245 2959 misericordem
3280 2905 3381 2956 Do-

1807 3005 2006 3057 minum
2033 3002 2132 3056 sibi
2158 3001 2488 3064 conciliaret,
2519 3015 2622 3053 non
2658 2999 2720 3053 iis
2746 3006 3026 3054 contentus
3055 2997 3148 3051 fuit
3176 2997 3383 3060 verbis;

1807 3095 1900 3151 sed
1942 3095 2065 3165 quid
2097 3094 2261 3148 dicit?
2301 3092 2468 3147 Filius
2497 3103 2663 3145 autem
2708 3090 2882 3144 Masec
2925 3107 3090 3144 verme
3130 3105 3279 3154 meaz,
3331 3088 3383 3142 5.

1806 3191 2040 3260 quoniam
2078 3204 2177 3240 non
2204 3185 2386 3239 dediin
2406 3185 2526 3238 mihi
2555 3200 2721 3238 semen
2747 3225 2762 3250 ,
2808 3184 2894 3236 ille
2924 3183 3065 3237 heres
3101 3198 3241 3235 meus
3275 3181 3386 3233 irit.

1810 3280 2077 3349 Ingentem
2107 3279 2347 3332 dolorem
2377 3277 2568 3330 animae
2593 3275 2707 3346 ejus
2743 3275 3019 3330 declarant
3047 3275 3162 3327 haec
3193 3273 3350 3326 verba
3374 3313 3386 3334 ,

1809 3370 1958 3439 quasi
2007 3369 2209 3424 diceret
2256 3370 2405 3421 Deo:
2436 3366 2617 3436 Neque
2657 3381 2720 3421 ea
2759 3380 2875 3419 sum
2921 3373 3235 3434 assequutus
3271 3377 3390 3431 quae

1809 3478 1996 3516 servus
2025 3477 2174 3516 meus
2202 3459 2519 3516 vernaculus
2540 3501 2554 3524 ,
2587 3457 2682 3514 sed
2719 3472 2820 3529 ego
2849 3457 3061 3528 quidem
3095 3455 3252 3510 abibo
3279 3455 3394 3509 sine

1812 3553 2064 3608 tiliozhic
2106 3562 2282 3608 autem
2326 3549 2647 3605 vernaculus
2689 3565 2837 3604 meus
2876 3547 3221 3603 hereditatem
3251 3546 3392 3600 acci-

1813 3648 1956 3716 piet,
1991 3661 2109 3716 quae
2147 3661 2176 3699 a
2221 3654 2273 3699 te
2321 3643 2451 3699 mihi
2486 3643 2627 3706 data,
2673 3642 2832 3712 idque
2873 3655 2994 3694 cum
3029 3640 3196 3694 semel
3238 3647 3395 3706 atque

1814 3739 2010 3792 iterum
2043 3736 2451 3808 promissionem
2476 3749 2504 3788 a
2533 3743 2584 3789 te
2607 3733 2905 3802 acceperim
2931 3730 3141 3786 dicente
3165 3747 3178 3783 :
3204 3727 3397 3784 Semini

1815 3839 1902 3883 tuo
1923 3828 2053 3882 dabo
2079 3837 2266 3882 terram
2291 3827 2440 3880 hanc.
2462 3824 2775 3888 Considera,
2802 3822 3044 3884 obsecro,
3072 3830 3126 3876 et
3154 3819 3254 3875 hoc
3279 3819 3398 3872 loco

1811 3922 1940 3991 justi
1970 3920 2250 3983 virtutem,
2297 3916 2565 3989 quomodo
2591 3915 2938 3986 cogitationes
2985 3913 3081 3968 bas
3121 3913 3172 3968 iu
3220 3913 3398 3966 animo

1817 4029 2056 4076 versans,
2099 4027 2387 4081 mnnquam
2437 4009 2759 4079 indignatus,
2809 4023 2982 4076 neque
3020 4002 3396 4060 aliud‘dnrum

1817 4093 2217 4179 loquutus'sit:
2241 4105 2332 4160 sed
2375 4114 2427 4159 et
2467 4117 2606 4158 nunc
2652 4101 2928 4170 instigatus
2957 4097 3132 4153 verbis
3168 4113 3284 4166 qua:
3323 4096 3399 4148 lo-

1819 4212 2015 4271 quutus
2059 4207 2142 4252 est
2189 4197 2237 4251 ei
2294 4195 2584 4256 Dominus,
2635 4205 2823 4260 magna
2876 4187 3066 4243 ﬁducia
3119 4185 3398 4241 Dominum

1819 4292 2123 4363 alloquitur,
2143 4288 2580 4357 manifestamque
2603 4284 2727 4339 facit
2744 4284 3005 4339 inteream
3025 4280 3400 4351 cogitationum

1825 4385 2275 4457 perturbationem
2296 4424 2311 4448 ,
2357 4379 2645 4436 ostendens
2677 4378 2868 4432 animae
2909 4389 3020 4430 sua:
3048 4372 3232 4437 ulcus;
3264 4371 3404 4426 unde

1823 4491 1878 4536 et
1921 4480 2272 4535 acreleratum
2317 4475 2521 4542 accepit
2561 4471 3024 4525 medicamentum.
3049 4467 3103 4521 4.
3139 4465 3202 4520 Et
3238 4466 3405 4518 statim

1824 4593 1920 4628 roa:
1949 4573 2054 4625 Dei
2079 4575 2216 4641 facta
2250 4577 2320 4622 est
2351 4567 2418 4619 ad
2457 4582 2588 4618 eum.
2622 4563 2751 4617 Vide
2785 4562 3073 4630 Scriptura:
3113 4557 3403 4611 accuratio-

1827 4685 1968 4722 nem.
2002 4664 2207 4727 Statim,
2238 4660 2422 4730 inquit.
2441 4657 2555 4712 Non
2583 4655 2820 4725 permisit
2845 4653 3042 4722 justum
3075 4649 3156 4704 vel
3190 4649 3404 4700 minimo

1827 4769 2065 4827 tempore
2092 4757 2230 4825 angi,
2262 4751 2356 4807 sed
2385 4751 2684 4806 festinatam
2715 4748 2761 4802 ei
2788 4743 3203 4800 consolationem
3231 4739 3407 4804 alfcrt,

1828 4861 1879 4906 et
1917 4849 2230 4920 gravitatem
2271 4842 2518 4898 tnmroris
2556 4837 2800 4894 emendat
2834 4836 3008 4890 verbis
3044 4849 3164 4902 qua:
3207 4840 3331 4884 tttuc
3360 4829 3409 4880 ei

1829 4943 2078 5011 loquutus
2106 4945 2206 4992 est.
2251 4934 2316 4988 Et
2343 4933 2542 4995 statim,
2584 4929 2784 4999 inquit,
2817 4942 2913 4980 vos:
2958 4923 3048 4977 Dei
3077 4927 3212 4992 facta
3245 4929 3314 4973 est
3345 4923 3410 4971 ad

1831 5051 1964 5100 eunt,
1995 5033 2163 5086 dicens
2186 5045 2203 5083 :
2228 5027 2346 5082 Non
2367 5027 2458 5080 erit
2483 5025 2563 5077 hic
2587 5023 2728 5076 heres
2755 5031 2887 5082 tuus,
2917 5017 3004 5070 sed
3026 5015 3112 5085 qui
3132 5012 3412 5085 egredietur

1831 5143 1892 5180 ei:
1919 5135 1982 5186 te,
2033 5123 2114 5176 hic
2154 5122 2292 5174 heres
2320 5127 2435 5170 tuus
2463 5115 2573 5168 erit.
2620 5111 2889 5174 lloccine,
2932 5105 3117 5176 inquit,
3161 5104 3412 5157 timuisti?

1834 5216 2055 5272 hoccine
2097 5220 2332 5268 mentem
2374 5216 2516 5260 tuam
2566 5199 2828 5257 turbavit?
2876 5196 3096 5252 hoccine
3145 5195 3411 5249 tristitiam

1835 5317 1978 5362 tuam
2001 5303 2188 5374 auget?
2209 5300 2356 5356 Scias
2374 5299 2533 5366 igitur
2549 5293 2692 5350 hunc
2714 5305 2818 5345 non
2842 5290 2952 5343 fore
2973 5286 3220 5342 heredem
3243 5294 3410 5348 trium,

1837 5401 1942 5458 Sed
1968 5400 2051 5470 qui
2085 5395 2365 5468 egredietur
2387 5406 2450 5445 ea:
2473 5399 2552 5454 te,
2595 5388 2676 5441 hic
2707 5386 2847 5439 heres
2880 5393 2994 5436 tuus
3017 5381 3128 5436 erit.
3155 5377 3233 5434 Ne
3259 5379 3414 5448 igitur
3458 5419 3460 5421 .

1835 5495 1900 5552 ad
1935 5494 2221 5548 humanam
2264 5494 2472 5556 spectes
2511 5490 2782 5545 naturam,
2827 5491 2895 5532 ne
2933 5485 3076 5530 tuam
3111 5482 3413 5536 senectam,

1837 5589 2050 5642 Sarmve
2089 5581 2421 5638 sterilitatem
2459 5574 2637 5629 animo
2674 5571 2856 5627 volvas
2880 5586 2893 5622 :
2917 5566 3012 5623 sed
3047 5567 3163 5636 ejus
3201 5564 3291 5634 qui
3323 5563 3416 5617 tibi

1841 5676 2080 5750 promisit
2122 5671 2368 5743 pulcttlitn
2411 5669 2546 5722 bene
2585 5664 2721 5729 ﬁde,
2772 5670 2826 5718 et
2871 5659 3136 5715 tristitiam
3174 5671 3415 5750 ponens,

1844 5745 2194 5828 sufﬁcientem
2222 5760 2636 5821 consolationem
2663 5755 2864 5826 accipe,
2888 5763 3300 5823 persuasumque
3327 5745 3419 5798 lia-
