3788 6258
341 408 469 474 beas
486 406 809 467 teheredem
832 410 1156 479 habiturum,
1172 409 1262 481 qui
1282 424 1349 466 ex
1368 418 1422 465 te
1441 419 1711 474 nascatur.
1730 408 1933 466 Deinde

340 499 462 571 quia
492 516 650 569 supra
683 510 929 561 naturam
957 510 1074 558 erat
1102 500 1384 573 promissio
1404 542 1420 569 ,
1461 510 1517 556 et
1553 501 1803 558 vincebat
1831 500 1934 557 btt-

345 609 561 649 tnanam
599 595 862 651 rationem
908 593 1175 667 (magnam
1204 593 1349 650 enim
1379 593 1432 649 in
1473 608 1540 650 eo
1578 592 1933 650 turbationem

344 684 649 749 excitabant
676 693 752 739 tot
779 694 984 741 natura:
1013 683 1410 757 impedimenta,
1443 697 1691 740 senectus
1720 685 1857 755 ejus,
1885 694 1938 739 et

347 773 490 843 quod
534 774 667 829 Sara
704 776 902 831 sterilis
943 790 1007 830 ac
1051 784 1203 830 utero
1242 785 1492 832 emortuo
1534 774 1700 846 esset)
1724 816 1739 840 ,
1783 785 1939 845 auget

352 864 610 925 Dominus
644 868 1026 936 promissorum
1074 868 1524 938 magnitudinem,
1571 876 1627 921 ut
1669 866 1847 937 justus
1872 866 1937 921 ad

353 958 714 1027 promittentis
754 958 1122 1014 liberalitatem
1170 959 1495 1028 respiciens,
1548 957 1683 1013 bene
1724 967 1938 1027 speret,

350 1047 690 1119 contidatque
750 1050 831 1106 sic
892 1060 1228 1115 eventurum.
1282 1050 1338 1115 5.
1379 1048 1574 1109 Edam?
1619 1056 1783 1105 autem
1829 1064 1942 1105 eum

351 1141 511 1210 foras,
544 1148 590 1193 et
619 1140 746 1193 dixit
771 1140 819 1194 ei
843 1155 861 1195 :
884 1139 1101 1210 Suspice
1125 1139 1178 1195 in
1207 1140 1410 1204 etclam,
1441 1149 1486 1194 et
1516 1154 1725 1193 numera
1748 1138 1939 1201 stellas,

351 1230 398 1284 si
417 1231 605 1301 poteris
625 1246 889 1287 numerare
909 1248 1015 1287 eas.
1044 1229 1109 1285 Et
1125 1230 1254 1286 dixit
1271 1231 1317 1286 ei
1336 1246 1355 1285 :
1372 1230 1462 1295 Sic
1482 1230 1576 1284 erit
1594 1245 1760 1285 senten
1782 1241 1940 1287 tuam.

352 1322 407 1377 ϐ.
442 1321 512 1376 Et
555 1323 765 1377 credidit
808 1322 996 1378 Abram
1041 1322 1187 1391 Deo,
1248 1332 1298 1377 et
1343 1330 1633 1391 reputatum
1665 1330 1738 1376 est
1775 1322 1852 1377 illi
1891 1325 1943 1375 in

351 1412 619 1484 iustitiam.
647 1414 827 1481 Quare
864 1412 1154 1481 indicavit,
1195 1412 1337 1483 quod
1377 1411 1591 1475 duxerit
1616 1426 1737 1467 eum
1767 1411 1945 1467 foras?

354 1503 489 1571 Quia
510 1503 652 1559 enim
682 1504 925 1573 superius
947 1504 1102 1571 dixit,
1126 1520 1247 1560 eum
1271 1504 1326 1559 in
1350 1502 1555 1560 visione
1578 1502 1753 1559 noctis
1778 1518 1945 1574 appa-

358 1597 533 1655 ruisse
562 1597 669 1661 illi,
699 1613 764 1653 ac
790 1598 950 1653 verba
975 1598 1061 1653 illa
1083 1599 1131 1653 ei
1159 1598 1432 1669 loquutum
1463 1596 1661 1653 fuisse:
1684 1611 1825 1652 nunc
1847 1610 1946 1651 au-

354 1695 463 1744 tem
491 1688 603 1742 vult
644 1688 692 1743 ei
738 1688 1044 1756 ostendere,
1080 1703 1239 1758 quam
1291 1686 1706 1743 innumerabiles
1748 1687 1857 1745 sint
1893 1686 1944 1741 in

354 1781 488 1836 caelo
513 1781 703 1846 stellm,
726 1780 901 1851 inquit
922 1796 936 1835 :
959 1778 1150 1836 Eduxit
1169 1798 1281 1836 eum
1302 1783 1464 1853 foras,
1482 1790 1530 1835 et
1550 1781 1683 1837 dixit
1700 1796 1718 1836 :
1735 1779 1951 1851 Suspire

357 1872 413 1925 in
438 1872 636 1936 mlunt,
668 1882 714 1927 et
740 1889 946 1926 numera
972 1872 1171 1940 stellas,
1199 1871 1245 1926 si
1275 1873 1465 1943 poteris
1491 1889 1577 1929 eas
1602 1872 1946 1927 dinumerare.

358 1961 428 2017 Et
454 1963 581 2017 dixit
601 1964 645 2017 ei
665 1979 685 2018 :
705 1963 795 2019 Sic
816 1965 914 2019 erit
938 1981 1108 2019 semen
1138 1974 1299 2019 tuum.
1331 1964 1578 2036 Magnum
1602 1966 1946 2037 promissum,

364 2053 553 2125 ingens
575 2054 944 2126 promissionis
964 2054 1271 2127 magnitudo
1295 2072 1310 2110 :
1332 2056 1427 2111 sed
1458 2056 1505 2111 si
1531 2055 1702 2126 ipsam
1728 2056 1952 2127 promit-

360 2147 522 2202 tentis
569 2148 820 2203 virtutem
861 2147 1250 2220 cogitabimus,
1299 2147 1430 2204 nihil
1475 2149 1631 2205 nobis
1676 2149 1953 2220 apparebit

366 2254 639 2310 magnum.
670 2240 768 2307 Qui
799 2240 941 2295 enim
970 2239 1039 2295 de
1066 2250 1208 2295 terra
1227 2254 1424 2309 corpus
1447 2239 1714 2306 formavit,
1738 2249 1792 2296 et
1811 2241 1951 2309 quod

363 2346 473 2389 non
490 2341 625 2395 erat,
646 2332 697 2386 id
715 2340 774 2387 ut
792 2340 937 2388 esset
955 2330 1103 2398 fecit,
1121 2340 1177 2387 et
1189 2330 1430 2386 condidit
1443 2331 1620 2386 omnia
1637 2347 1756 2401 qum
1772 2330 1955 2386 videup

366 2434 483 2494 tur,
509 2424 597 2481 ille
625 2425 787 2481 etiam
823 2424 953 2480 dare
980 2424 1177 2495 poterit
1204 2439 1325 2495 qua:
1350 2437 1509 2493 supra
1541 2434 1783 2479 naturam
1809 2434 1952 2479 sunt.

436 2517 493 2573 5.
532 2516 715 2571 Vidisti
758 2515 968 2570 Domini
1016 2514 1435 2579 liberalitatem?
1484 2513 1771 2585 Postquam
1811 2514 1955 2570 enim

366 2608 521 2673 dixit,
556 2608 753 2679 Absque
776 2607 919 2678 prole
948 2606 1198 2671 dimittor,
1226 2605 1379 2677 quasi
1404 2604 1543 2676 apud
1570 2614 1749 2676 portas
1769 2605 1958 2661 mortis

364 2703 653 2769 exsistens,
671 2711 724 2756 et
746 2700 876 2754 nihil
898 2699 1128 2769 amplius
1149 2699 1362 2769 cperari
1383 2698 1565 2753 valens
1586 2707 1647 2755 ut
1665 2712 1959 2768 procreen-

367 2803 457 2851 tur
484 2793 657 2856 liberi,
689 2792 766 2847 sic
792 2791 955 2846 verba
995 2790 1084 2845 illa
1113 2790 1353 2859 protulit,
1396 2790 1616 2846 dicens:
1641 2788 1807 2843 Filius
1837 2788 1957 2843 Ma-

367 2906 449 2944 sec
474 2888 554 2959 (α)
584 2885 866 2941 vernacula:
912 2900 1036 2939 mete
1080 2884 1222 2939 heres
1261 2900 1402 2938 meus
1444 2883 1558 2937 erit.
1607 2882 1733 2938 ideo
1777 2882 1962 2939 volens

370 2980 614 3051 spiritum
631 2993 748 3048 ejus
763 2978 990 3047 erigere,
1015 2984 1071 3032 et
1091 2992 1287 3032 novum
1308 2979 1543 3047 vigorem
1558 2975 1723 3031 menti
1742 2974 1958 3037 addere,

372 3074 441 3128 ab
468 3070 779 3126 imminente
809 3069 1000 3123 timore
1023 3083 1149 3124 eum
1175 3069 1385 3134 liberat,
1415 3067 1872 3137 promissioneque
1900 3078 1965 3120 ac

372 3164 501 3220 doni
549 3160 916 3232 magnitudine
957 3169 1193 3216 mentem
1238 3160 1355 3229 ejus
1397 3160 1588 3229 erigit,
1632 3155 1965 3213 ostendendo

375 3255 654 3313 Stellarum
683 3250 1099 3319 multitudinem,
1119 3259 1174 3305 et
1195 3248 1553 3321 promittendo
1581 3248 1879 3303 nascituros
1897 3262 1964 3303 ex

371 3361 441 3403 eo
469 3346 574 3400 illis
603 3358 758 3415 pares
783 3342 1010 3409 futuros,
1034 3343 1086 3397 in
1116 3342 1307 3397 bonam
1332 3357 1481 3411 spem
1506 3340 1741 3397 adducit.
1768 3339 1965 3397 Videtis

372 3439 517 3495 enim
563 3438 770 3493 Domini
815 3436 1262 3507 promissionem,
1309 3434 1507 3503 rejecta
1551 3434 1694 3487 omni
1736 3432 1966 3488 humana

374 3531 600 3595 ratione,
632 3539 687 3584 et
707 3544 880 3597 neque
905 3528 971 3585 ad
997 3543 1058 3584 se
1080 3528 1274 3598 ipsum,
1298 3543 1473 3597 neque
1493 3527 1559 3582 ad
1584 3528 1767 3583 Saram
1791 3526 1967 3582 minus

372 3620 732 3691 procreatioui
763 3631 940 3690 aptam
967 3618 1262 3687 respiciens
1289 3637 1302 3672 :
1325 3618 1418 3674 sed
1455 3618 1827 3689 praetermissis
1870 3615 1965 3673 hu-

375 3711 548 3767 manis
578 3711 825 3765 omnibus
850 3752 867 3779 ,
914 3712 1094 3765 sciens
1130 3710 1297 3765 Deum
1340 3724 1498 3780 posse
1526 3710 1688 3764 etiam
1720 3724 1781 3764 ea
1801 3750 1816 3771 .
1848 3724 1969 3779 quae

375 3818 536 3873 supra
564 3812 812 3859 naturam
838 3812 985 3870 sunt,
1011 3801 1213 3872 largiri,
1244 3800 1401 3857 ﬁdem
1426 3800 1611 3857 habuit
1630 3801 1815 3869 dictis,
1844 3802 1966 3859 nul-

374 3895 483 3950 lam
521 3895 907 3960 dubitationem
952 3894 1275 3961 admittens,
1322 3908 1495 3962 neque
1540 3908 1660 3948 cum
1688 3891 1970 3953 dicta,th

374 3990 611 4054 fuerunt,
640 3987 926 4045 btesitavit.
968 3986 1083 4059 Hoc
1111 3985 1252 4041 enim
1280 4000 1423 4040 verae
1462 3983 1584 4039 lidei
1625 3994 1730 4052 esr,
1756 3983 1970 4054 quando

378 4078 768 4150 promissiones
796 4092 901 4137 non
933 4075 1227 4131 secundum
1267 4075 1484 4129 solitum
1506 4114 1523 4139 ,
1570 4083 1626 4128 et
1666 4066 1971 4141 hominibus

378 4169 647 4239 cognitum
678 4183 887 4231 morem,
913 4175 1072 4233 sunt,
1100 4165 1147 4220 si
1175 4180 1272 4223 nos
1309 4164 1668 4233 promittentis
1694 4165 1875 4219 virtuti
1904 4165 1969 4220 ii-

380 4259 588 4321 damus.
616 4256 775 4323 Fides
794 4258 1057 4325 enimat,
1087 4255 1537 4328 quemadmodum
1560 4256 1748 4311 beatus
1773 4256 1970 4313 Paulus

378 4353 488 4418 ait,
518 4352 884 4423 sperandam»:
926 4351 1212 4419 substantia
1257 4366 1455 4416 rerum,
1493 4360 1841 4420 argumentum
1869 4367 1972 4406 non

380 4443 737 4514 apparentium
777 4441 965 4512 (Hebr.
1007 4444 1095 4499 Η.
1142 4442 1199 4511 1)
1233 4458 1247 4495 :
1277 4450 1333 4498 et
1380 4442 1571 4497 iterum
1603 4460 1616 4496 :
1649 4441 1798 4507 Quod
1837 4444 1972 4499 enim

380 4535 514 4589 ridet
545 4535 679 4605 quis,
718 4535 841 4604 quid
884 4543 1054 4606 sperat
1097 4534 1273 4606 (Rom.
1315 4533 1369 4588 8.
1402 4531 1535 4603 24)?
1564 4532 1677 4589 Hoc
1706 4533 1865 4605 igitur
1889 4542 1973 4590 est

382 4626 548 4693 fides,
598 4626 812 4696 quando
859 4626 963 4680 illis
1010 4626 1281 4683 credimus
1319 4641 1439 4695 qua:
1478 4639 1583 4680 non
1626 4624 1874 4679 videntur
1919 4633 1973 4680 et

382 4729 618 4775 mentem
648 4717 713 4772 ad
742 4717 1057 4789 dignitatem
1080 4716 1197 4789 ejus
1221 4717 1310 4788 qui
1341 4717 1583 4787 promisit
1610 4716 1969 4773 intendimus:

382 4812 435 4869 id
463 4809 603 4882 quod
634 4809 872 4880 profecto
897 4820 951 4863 et
971 4808 1149 4879 justus
1182 4808 1275 4864 ille
1308 4808 1452 4872 fecit,
1480 4808 1742 4862 sinceram
1773 4816 1828 4862 et
1855 4808 1971 4862 cxi-

381 4904 545 4963 tuiam
579 4903 853 4971 promissis
882 4901 1040 4957 fidem
1070 4900 1274 4958 habens
1300 4918 1313 4956 :
1339 4900 1537 4956 idcirco
1563 4912 1615 4956 et
1639 4916 1669 4954 a
1699 4900 1971 4970 Scriptura

382 4998 559 5056 divina
596 4997 883 5055 laudatur:
908 5010 1029 5055 mox
1063 4996 1206 5050 enim
1252 4993 1448 5050 addidit
1477 5011 1490 5047 :
1516 4992 1740 5049 Credidit
1786 4994 1971 5048 Abram

386 5089 516 5157 Deo,
538 5100 585 5145 et
607 5099 889 5161 reputatum
909 5098 982 5142 est
1004 5090 1051 5144 ei
1070 5087 1122 5143 in
1132 5088 1388 5159 justitiam
1408 5085 1584 5157 (Rom.
1609 5088 1661 5143 4.
1685 5088 1763 5159 5).
1784 5087 1971 5142 Vidis:i

382 5180 653 5249 quomodo
688 5191 744 5235 et
769 5189 895 5239 ante
920 5188 1173 5235 eventum
1197 5189 1252 5235 et
1285 5178 1649 5248 impletionem
1676 5178 1971 5249 promisso-

388 5289 529 5339 rum,
553 5288 620 5329 eo
649 5273 764 5340 ipso
789 5273 929 5343 quod
956 5272 1216 5339 credidit,
1259 5282 1638 5344 congruentem
1670 5270 1970 5328 mercedem

382 5367 607 5438 accipit?
632 5365 765 5424 Nam
794 5367 844 5421 in
866 5367 1127 5437 justitiam
1147 5367 1198 5422 ei
1223 5375 1525 5437 reputatum
1548 5373 1652 5432 est,
1679 5364 1820 5436 quod
1850 5379 1971 5420 cre-

388 5458 580 5512 diderit
607 5459 947 5526 promissioni
973 5459 1190 5524 divinat,
1213 5468 1266 5513 et
1296 5473 1401 5512 non
1430 5456 1660 5512 humana
1688 5456 1972 5512 ratiocina-

448 5551 522 5613 ςιι)
557 5551 667 5601 Mira
711 5550 791 5615 hic
830 5554 1284 5615 interpretationum
1324 5550 1585 5601 diversitas
1594 5566 1629 5615 ξ
1665 5550 1972 5613 septuaginta

386 5619 685 5676 Interpretes
710 5613 788 5662 hic
811 5612 988 5663 nomen
1034 5616 1302 5676 proprium,
1342 5622 1516 5670 Masec,
1552 5612 1765 5676 elferunt
1789 5625 1801 5660 :
1829 5625 1975 5676 secus

310 5718 321 5731 ,
383 5674 461 5729 alii
486 5688 679 5744 munes,
700 5672 1139 5744 quarunt-quidam;
1163 5674 1317 5744 ﬁlium
1335 5674 1677 5744 procuramris,
1697 5673 1793 5731 alii,
1819 5672 1973 5744 ﬁlium

390 5736 696 5807 pocillo-toris,
720 5736 820 5807 alii,
857 5736 1013 5807 [ilium
1058 5736 1277 5807 pii-refecti
1314 5736 1501 5800 domus,
1528 5743 1741 5788 vertunt.
1786 5736 1901 5787 vide
1924 5738 1970 5787 in

391 5797 615 5862 ttuaplis
640 5804 830 5860 nostris,
857 5797 909 5851 et
932 5802 981 5849 in
1004 5809 1115 5851 uota
1138 5800 1336 5851 ibidem.

1077 293 1134 351 S.
1176 292 1453 359 JOANMS
1484 290 1963 357 ςηιιῐεοετοω

2129 293 2319 352 iﬂlEP.
2357 294 2895 355 GONSTANTINOP.

2040 412 2192 469 tione
2243 409 2509 469 curiosius
2560 424 2627 465 ea
2677 422 2799 479 qua:
2851 404 2992 462 dicta
3047 411 3175 462 sunt
3227 404 3605 477 exploraverit.
3714 406 3715 419 ³

2116 502 2332 558 Horatia
2377 504 2688 560 exhortatio.
2743 503 2959 558 Virtutis
2996 500 3210 557 studiosi
3248 516 3351 554 non
3399 499 3615 562 labores,

2042 594 2132 649 sed
2157 595 2369 665 prmia
2394 594 2490 649 sibi
2516 603 2823 665 proponunt.
2842 623 2916 634 —
2942 593 3219 648 Diaconos
3236 590 3398 663 igitur
3417 600 3471 645 et
3496 606 3618 656 nos,

2042 686 2287 753 obsecro,
2318 702 2348 741 a
2368 686 2688 759 patriarcha,
2715 686 2810 743 Dei
2833 685 3054 743 credere
3080 684 3257 749 dictis,
3274 692 3330 739 et
3350 683 3465 754 ejus
3493 698 3623 754 pro-

2044 782 2386 840 missionibus
2439 781 2623 846 ﬁdere,
2676 796 2850 852 neque
2888 795 2953 836 ea
2981 779 3387 851 cogitationibus
3428 779 3626 833 nostris

2044 875 2319 947 indagare,
2370 875 2466 930 sed
2523 889 2766 946 magnam
2808 874 2971 928 animi
3014 872 3315 943 aequitatem
3348 870 3626 926 exhibere.

2051 968 2162 1023 Hoc
2188 967 2331 1023 enim
2352 982 2451 1022 nos
2473 976 2527 1022 et
2551 967 2724 1036 justus
2747 965 3020 1021 declamo
3040 963 3250 1034 poterit,
3279 972 3333 1018 et
3352 962 3405 1017 id
3426 961 3628 1017 efﬁciet

2052 1071 2109 1116 ut
2140 1061 2401 1132 promissa
2444 1059 2600 1116 citius
2645 1073 3012 1129 assequamur.
3064 1056 3168 1112 Sed
3209 1056 3364 1110 Abrae
3412 1054 3624 1126 quidem

2048 1153 2314 1223 promisit,
2356 1167 2424 1208 ex
2470 1152 2677 1207 semine
2723 1150 2841 1221 ejus
2887 1149 3170 1205 maximam
3227 1147 3457 1202 futuram
3510 1162 3630 1203 esse

2049 1246 2439 1301 multitudinem
2470 1263 2483 1300 :
2510 1253 2768 1314 erantque
2810 1251 3004 1314 praeter
3028 1242 3241 1297 solitum
3273 1253 3476 1297 natura:
3505 1256 3626 1295 mo-

2050 1338 2176 1393 dum
2199 1354 2319 1408 qua:
2349 1336 2606 1407 promissa
2636 1343 2808 1402 erant,
2849 1335 3074 1406 ideoque
3112 1334 3244 1389 fides
3271 1334 3326 1388 in
3354 1335 3524 1389 Deum
3545 1333 3634 1403 ju-

2050 1429 2252 1485 stitiam
2301 1429 2351 1486 ei
2392 1428 2604 1483 attulit:
2653 1427 2806 1483 nobis
2845 1437 3046 1489 autem,
3089 1424 3135 1480 si
3163 1426 3420 1496 sapimus,
3467 1426 3637 1478 multo

2053 1521 2253 1590 majora
2286 1519 2545 1590 promissa
2572 1526 2713 1583 sunt,
2739 1527 2794 1572 et
2820 1516 3002 1572 multis
3044 1515 3219 1570 modis
3264 1514 3523 1569 humanas
3547 1529 3639 1569 co-

2052 1612 2336 1683 gitationes
2357 1610 2734 1666 transcendere
2750 1623 3067 1680 possumus;
3094 1606 3255 1662 modo
3283 1605 3640 1676 promittentis

2054 1706 2307 1776 potentia
2327 1703 2628 1769 credamus,
2660 1709 2795 1758 utet
2821 1717 2940 1758 eam
2973 1716 3095 1772 qua:
3122 1716 3187 1755 ex
3218 1700 3322 1755 fide
3346 1710 3450 1765 est,
3479 1698 3641 1768 justi-

2055 1799 2183 1853 tiam
2209 1805 2546 1868 reportemus
2565 1835 2582 1862 ,
2612 1804 2667 1851 et
2692 1794 3051 1865 adipiscamur
3089 1792 3228 1849 bona
3254 1793 3538 1863 promissa.
3566 1791 3639 1845 Ea

2052 1891 2218 1959 enim,
2246 1906 2365 1961 qua:
2388 1888 2540 1945 nobis
2563 1889 2794 1943 maxime
2819 1886 3099 1958 promissa,
3121 1899 3336 1941 omnem
3359 1884 3642 1938 humanam

2050 1982 2439 2040 transcendunt
2462 1981 2747 2047 rationem,
2775 1990 2828 2036 et
2850 1993 3065 2035 omnem
3088 1978 3463 2049 cogitationem
3483 1991 3645 2031 exce-

2054 2076 2189 2132 dunt
2231 2093 2246 2130 :
2298 2084 2444 2130 tanta
2493 2073 2909 2143 promissionum
2962 2079 3045 2126 est
3083 2067 3411 2140 magnitudo.
3462 2066 3644 2137 Neque

2057 2168 2201 2224 enim
2222 2168 2274 2223 in
2302 2166 2549 2239 praesenti
2575 2166 2681 2219 vita
2707 2164 2880 2219 solum
2905 2162 3058 2219 nobis
3087 2160 3329 2232 promisit
3349 2159 3507 2227 hujus
3527 2160 3645 2212 vitae

2059 2269 2254 2314 statum
2299 2268 2354 2314 et
2392 2256 2681 2313 visibilium
2726 2255 3027 2311 fruitioncm
3078 2270 3092 2308 :
3130 2251 3226 2309 sed
3263 2262 3319 2307 et
3369 2262 3645 2322 postquam

2061 2351 2185 2406 hinc
2213 2347 2673 2421 emigraverimus,
2718 2354 2774 2402 et
2817 2355 2938 2416 post
2963 2343 3204 2415 corporis
3229 2344 3646 2413 corruptionem,

2060 2441 2275 2513 quando
2298 2442 2350 2497 in
2379 2441 2615 2497 cinerem
2645 2449 2700 2495 et
2726 2438 2997 2510 pulverem
3024 2446 3204 2492 nostra
3245 2435 3500 2491 dissoluta
3530 2436 3643 2489 fue-

2060 2534 2167 2588 rint
2207 2547 2453 2603 corpora,
2503 2540 2627 2586 tunc
2665 2538 3029 2585 resurrectura
3082 2542 3145 2583 ea
3192 2525 3470 2598 promisit,
3503 2536 3561 2581 et
3598 2526 3648 2580 in

2056 2623 2253 2694 majori
2273 2622 2438 2695 gloria
2460 2622 2654 2677 futura.
2700 2619 2909 2692 Oportet
2930 2620 3083 2688 enim,
3113 2618 3283 2688 inquit
3309 2619 3493 2672 beatus
3513 2618 3649 2672 Pau-

2067 2718 2169 2785 lus,
2200 2717 2525 2788 corruptibile
2570 2716 2665 2769 hoc
2704 2714 2915 2768 induere
2939 2712 3385 2781 incorruptionem,
3436 2720 3481 2764 et
3511 2727 3650 2763 mor-

2066 2812 2169 2866 tale
2190 2811 2285 2866 hoc
2316 2812 2532 2865 induere
2563 2808 2993 2864 immortalitatem
3022 2806 3041 2877 (
3072 2806 3123 2861 1.
3149 2805 3266 2861 Cor.
3291 2806 3375 2860 15.
3410 2806 3479 2861 53
3502 2806 3545 2873 ).
3592 2804 3652 2859 Et

2068 2915 2190 2976 post
2233 2920 2517 2975 corporum
2563 2902 3009 2959 resurrectionem
3056 2900 3204 2971 regni
3260 2897 3652 2969 possessionem

2066 2997 2316 3051 daturum
2361 3011 2420 3052 se
2463 2995 2618 3051 nobis
2662 2994 2930 3066 pollicitus
2972 3001 3074 3057 est,
3098 3002 3152 3047 et
3195 2991 3653 3045 conversationem

2067 3104 2189 3144 cum
2211 3088 2429 3152 sanctis,
2459 3096 2514 3142 et
2538 3087 2590 3140 in
2622 3096 2879 3157 perpetuo
2900 3083 3097 3139 smculo
3118 3084 3371 3153 quietem,
3396 3090 3453 3134 et
3474 3080 3654 3134 inclia-

2064 3182 2192 3236 bilia
2222 3180 2309 3235 illa
2339 3180 2497 3243 bona,
2532 3177 2658 3243 Qua:
2684 3177 2858 3231 oculus
2881 3192 2983 3230 non
3011 3174 3155 3241 vidit,
3183 3183 3228 3227 et
3256 3176 3395 3225 auris
3435 3189 3536 3225 non
3565 3188 3656 3223 au-

2069 3274 2214 3338 divit,
2252 3282 2300 3327 et
2347 3273 2400 3326 in
2439 3287 2526 3325 cor
2568 3270 2787 3325 hominis
2814 3284 2915 3323 non
2942 3267 3269 3323 ascenderunt
3299 3264 3461 3340 (Ibid.
3489 3264 3547 3320 2.
3576 3264 3654 3335 9).

2072 3364 2261 3419 Vidisti
2291 3372 2491 3434 quanta
2514 3362 2927 3432 promissionum
2955 3360 3266 3417 excellentia
3291 3376 3306 3427 ;
3343 3358 3521 3415 vidisti
3566 3362 3659 3413 do-

2073 3470 2263 3512 norum
2315 3454 2731 3527 magnitudinem
2750 3454 2774 3509 ?

2143 3550 2198 3607 6.
2214 3551 2336 3606 Haec
2360 3551 2671 3620 cogitantes,
2691 3557 2745 3605 et
2758 3549 2987 3603 scientes
3002 3546 3213 3603 mentiri
3229 3561 3335 3602 non
3354 3561 3511 3618 posse
3537 3562 3659 3602 eum

2072 3644 2163 3715 qui
2196 3643 2285 3697 illa
2312 3641 2572 3713 promisit,
2593 3654 2781 3713 magna
2798 3639 3071 3695 alacritate
3089 3654 3446 3709 prmparemus
3470 3653 3572 3692 nos
3597 3638 3658 3691 ad

2074 3736 2283 3791 virtutis
2301 3749 2518 3805 agones,
2539 3743 2594 3788 ut
2615 3742 2671 3789 et
2699 3731 2973 3803 promissis
2993 3731 3147 3786 bonis
3176 3730 3281 3785 frui
3299 3731 3591 3800 possimus,
3610 3738 3661 3784 et

2074 3844 2142 3884 ne
2154 3828 2309 3884 saluti
2322 3836 2519 3881 nostra:
2530 3837 2582 3881 et
2600 3823 2920 3881 tantisbonis
2940 3832 3278 3894 temporanea
3296 3822 3660 3892 prteferamus,

2076 3937 2247 3992 neque
2262 3920 2556 3991 cogitemus
2576 3918 2787 3973 labores
2810 3917 3040 3979 virtutis,
3068 3915 3161 3970 sed
3184 3914 3395 3985 pramia
3416 3915 3664 3969 intuente

2076 4030 2361 4086 ponamus:
2387 4028 2560 4083 neque
2588 4010 2927 4081 pecuniarum
2959 4018 3199 4078 sumptus
3228 4016 3432 4061 tantum
3452 4015 3665 4076 specte-

2076 4124 2215 4174 mus,
2244 4108 2289 4164 si
2314 4108 2527 4178 quando
2555 4120 2689 4177 opus
2714 4114 2798 4160 est
2818 4120 2911 4159 eas
2940 4102 3263 4173 pauperibus
3290 4116 3539 4172 erogare,
3572 4100 3662 4154 sed

2077 4202 2251 4273 potius
2300 4210 2525 4272 quantus
2564 4200 2687 4255 inde
2734 4198 2887 4253 nobis
2939 4207 3229 4269 proventus
3267 4203 3538 4250 nascatur.
3594 4194 3664 4248 Ea

2077 4294 2221 4350 enim
2261 4293 2329 4348 de
2368 4307 2526 4348 causa
2554 4291 2746 4347 semini
2793 4291 3187 4361 eleemosynam
3228 4287 3559 4357 comparavit
3589 4286 3667 4339 di-

2075 4386 2197 4442 vina
2221 4385 2513 4455 Scriptura,
2540 4394 2733 4438 utcum
2757 4382 2951 4454 gaudio
2974 4391 3030 4436 et
3053 4380 3216 4436 multa
3236 4379 3510 4433 alacritate
3540 4394 3660 4432 eam

2076 4493 2379 4548 operemur.
2407 4476 2538 4530 Nam
2561 4477 2605 4531 si
2637 4476 2671 4529 ii
2697 4476 2786 4546 qui
2818 4473 3021 4529 semina
3051 4482 3207 4527 terra:
3235 4468 3586 4533 concrcdunt,
3616 4482 3667 4524 et

2076 4572 2297 4625 collecta
2324 4577 2383 4625 et
2426 4569 2567 4623 intus
2608 4567 2840 4638 reposita
2875 4575 3210 4636 spargentes,
3240 4563 3292 4618 id
3319 4578 3442 4618 cum
3474 4564 3667 4633 gaudi..

2080 4670 2357 4732 prmstant,
2402 4668 2457 4714 et
2496 4660 2633 4713 bona
2660 4674 2756 4728 spe
2802 4656 3068 4722 foveatur,
3102 4665 3157 4711 et
3204 4655 3316 4724 jam
3364 4656 3668 4724 manipulos

2078 4753 2432 4822 imaginantur
2459 4766 2521 4805 ac
2540 4751 2725 4819 plenas
2747 4763 2897 4803 areas
2921 4767 2934 4803 :
2969 4747 3138 4802 multo
3158 4746 3325 4817 magis
3346 4745 3450 4800 illis
3476 4746 3670 4816 quibus

2078 4845 2262 4899 datum
2288 4853 2372 4899 est
2411 4858 2594 4897 semen
2635 4841 2739 4897 hoc
2763 4840 3040 4912 Spirituale
3067 4839 3336 4895 seminare
3358 4838 3597 4908 gaudere
3616 4846 3669 4891 ct

2078 4940 2345 4995 exsultare
2379 4938 2660 5003 convenit,
2704 4934 2844 5006 quod
2873 4936 2924 4988 in
2976 4944 3116 4988 terra
3147 4940 3387 4988 serentes
3436 4930 3665 4985 messuri

2078 5033 2458 5092 sintiucmlo:
2498 5041 2552 5087 et
2602 5044 2850 5084 nummos
2896 5026 3279 5098 expendentes,
3324 5033 3666 5094 peccatorum

2081 5127 2450 5183 remissionem
2477 5122 2741 5192 accipiant
2762 5129 2818 5175 et
2839 5118 3044 5175 fiducia:
3068 5117 3347 5173 materiam
3368 5117 3667 5177 inveniant,

2079 5221 2430 5277 coneiliantes
2457 5217 2556 5272 sibi
2588 5230 2682 5288 per
2716 5229 2780 5268 ea
2822 5228 2943 5284 qua:
2985 5208 3073 5265 hic
3107 5208 3423 5279 largiuntur,
3472 5221 3669 5277 perpe-

2080 5324 2224 5370 tuam
2273 5312 2506 5386 quietem
2533 5319 2588 5363 et
2615 5322 2739 5363 cum
2768 5304 2968 5360 sanctis
2996 5300 3481 5358 conversationem.
3528 5298 3599 5352 Et
3622 5296 3668 5350 si

2080 5407 2463 5461 continentiam
2516 5402 2716 5473 eligere
2754 5398 2982 5469 placeat,
3020 5410 3129 5450 non
3152 5401 3455 5463 spectemus
3484 5391 3668 5444 virtuti

2082 5500 2316 5556 laborem
2340 5498 2537 5560 inesse,
2569 5509 2634 5549 ac
2662 5491 3016 5563 virginitatem
3039 5500 3288 5556 magnum
3325 5484 3523 5539 habere
3552 5497 3668 5535 cer-

2083 5604 2310 5649 tamen:
2359 5589 2454 5645 sed
2494 5603 2613 5644 eam
2653 5594 2882 5649 sortem,
2907 5597 3026 5653 qua:
3075 5594 3173 5634 nos
3222 5576 3472 5647 excipiet,
3523 5589 3667 5643 cogi-

2083 5698 2257 5745 temus
2306 5703 2320 5740 :
2366 5683 2505 5737 hanc
2549 5694 2765 5750 semper
2798 5675 3074 5732 nobiscum
3135 5680 3465 5741 reputantes,
3514 5668 3667 5722 mala:

2086 5774 2529 5851 concupiscentia:
2556 5772 2885 5829 refrenemus
2921 5764 3122 5823 rabiem
3148 5807 3164 5835 ,
3189 5764 3464 5819 vincamus
3492 5758 3665 5816 canus

3758 3214 3759 3245 1

3757 3476 3759 3507 1

3758 3562 3759 3591 1

3758 3828 3759 3859 1

3757 3920 3759 3949 1

3758 3988 3759 4035 1

3758 4080 3759 4119 1

3757 4178 3759 4217 1

3757 4260 3759 4303 1

3757 4348 3759 4399 1

3757 4438 3759 4475 1

3756 4520 3759 4577 1

3757 4600 3759 4651 1

3757 5038 3759 5089 1

3756 5124 3759 5183 1

3757 5210 3759 5261 1

3757 5304 3759 5353 1

3756 5386 3759 5439 1

3757 5476 3759 5541 1

3757 5550 3759 5707 1
