3788 6244
364 285 458 341 Ml

365 404 471 455 τῶν
500 401 678 457 πόνων
728 404 1177 475 ὑποτεμνώμεθα.
1230 403 1409 475 Ἱκανὴ
1446 404 1555 476 γάρ
1580 406 1612 473 ή
1643 404 1752 457 τῶν
1778 406 2027 476 χρηστῶν

366 490 520 553 ἐλπὶς
547 492 639 544 καὶ
666 492 922 546 κινδύνων
967 494 1379 563 παρασκευάσαι
1413 493 1775 563 κατατολμᾷν,
1810 498 1937 563 μήτι
1968 511 2030 560 γε

364 578 427 648 δὴ
457 581 553 649 τῆς
575 581 772 651 ἀρετῆς
805 582 929 643 τοὺς
950 581 1143 641 πόνους
1164 581 1425 648 γενναίως
1453 582 1712 649 ἐνεγκεῖν.
1740 582 1908 634 Ὅταν
1924 581 2032 651 γὰρ

366 665 641 736 ἐννοήσῃς,
692 667 775 719 ὅτι
830 667 966 736 πρὸς
999 666 1205 738 βραχὺν
1241 668 1644 736 ἀγωνισάμενος
1680 668 1888 738 χρόνον,
1938 668 2032 720 καὶ

364 753 459 822 τῆς
484 752 778 823 παρθενίας
799 753 894 824 τήν
920 755 1178 824 λαμπάδα
1200 756 1429 825 φαιδρὰν
1445 756 1799 827 διατηρήσας,
1818 756 2031 825 ἐκείνης

362 837 642 909 ἀξιωθήσῃ
668 840 767 909 τῆς
794 842 1065 910 μακαρίας
1098 840 1396 911 διαγωγῆς,
1422 842 1515 894 καὶ
1537 840 1615 911 τῷ
1657 841 1873 911 νυμφίῳ
1913 858 2033 895 συν-

362 926 620 980 εισελθεῖν
645 927 866 999 δυνήσῃ,
899 930 946 980 εἰ
976 928 1073 991 τάς
1092 928 1380 999 λαμπάδας
1407 928 1549 999 ἔχοις
1578 930 1917 1000 ἀνημμένας,
1936 930 2031 984 καὶ

362 1014 564 1085 ἀρκοῦν
596 1015 826 1086 ἐχούσας
851 1015 1050 1081 ἔλαιον,
1071 1016 1214 1069 τοῦτ’
1243 1016 1381 1079 ἐστι,
1416 1018 1514 1088 τήν
1541 1017 1647 1070 ἀπὸ
1675 1018 1784 1070 τῶν
1812 1019 2031 1086 ἀγαθῶν

364 1102 614 1170 πράξεων
636 1102 916 1171 ἐργασίαν,
948 1103 1063 1165 πῶς
1086 1104 1208 1174 οὐχὶ
1230 1102 1379 1174 [572]
1416 1104 1552 1174 μετά
1572 1104 1752 1174 πάσης
1783 1105 2031 1170 εὐκολίας

362 1188 579 1241 ἅπαντα
608 1189 675 1242 τά
708 1190 945 1260 δυσχερῆ
983 1190 1296 1261 διαδραμεῖν
1344 1192 1571 1263 δυνήσῃ,
1620 1192 1815 1247 ἐννοῶν
1855 1196 2030 1248 ἐκεῖνο

361 1276 423 1328 τὸ
443 1276 590 1347 παρὰ
608 1277 702 1330 τοῦ
729 1278 1000 1349 μακαρίου
1029 1277 1241 1331 Παύλου
1271 1280 1587 1348 εἰρημένον
1608 1280 1871 1347 Εἰρήνην
1902 1280 2028 1333 διώ-

364 1381 496 1417 κετε
515 1365 667 1432 μετὰ
698 1364 957 1429 πάντων,
995 1366 1094 1420 καί
1122 1366 1228 1420 τὸν
1259 1366 1573 1435 ἁγιασμόν,
1610 1363 1683 1422 οὗ
1712 1368 1892 1437 χωρὶς
1926 1371 2029 1423 οὑ-

363 1450 489 1517 δείς
522 1451 733 1520 ὄψεται
764 1453 873 1506 τὸν
894 1454 1147 1521 Κύριον;
1181 1450 1335 1517 Εῐδες
1364 1454 1482 1533 πῶς
1524 1458 1590 1525 τῇ
1619 1456 1896 1529 ἁγιωσύνῃ
1930 1456 2029 1527 τήν

366 1542 588 1611 εἰρήνην
629 1542 975 1607 συνέζευξεν;
1030 1541 1144 1598 Ἵνα
1174 1542 1286 1615 γὰρ
1334 1544 1593 1615 μάθωμεν
1630 1545 1712 1597 ὃτι
1761 1546 1821 1597 ού
1872 1546 2031 1616 μόνον

363 1629 585 1695 ἁγνείαν
632 1629 880 1699 σώματος
914 1630 1175 1701 ἐπιζητεῖ,
1210 1632 1345 1687 ἀλλά
1372 1634 1466 1686 καὶ
1489 1634 1730 1704 εἰρήνην,
1761 1633 2031 1706 εὐκαίρως

361 1715 762 1784 ἐμνημόνευσεν
790 1755 806 1781 ,
873 1718 1211 1789 ἑκατέρωθεν
1256 1719 1648 1789 ἀσφαλίζεσθαι
1711 1720 2030 1792 βουλόμενος

360 1802 608 1864 ἕκαστον,
638 1803 731 1857 καὶ
757 1805 815 1856 ἐν
852 1806 1180 1860 καταστάσει
1215 1801 1354 1870 εῖναι
1391 1808 1500 1861 τῶν
1542 1808 1837 1877 λογισμῶν,
1888 1809 2028 1863 ὥστε

363 1889 632 1961 μηδεμίαν
659 1886 797 1945 εἶναι
830 1892 1071 1963 ταραχὴν
1099 1893 1131 1962 ἢ
1169 1893 1395 1963 θόρυϐον
1423 1897 1481 1948 ἐν
1508 1897 1637 1967 ήμῖν
1654 1936 1669 1959 ,
1704 1896 1816 1950 ἀλλ’
1846 1898 1903 1950 ἐν
1927 1915 2027 1966 γα-

360 1976 494 2049 λήνῃ
522 1977 616 2031 καὶ
649 1978 846 2049 ήσυχίᾳ
881 1979 1111 2048 διάγειν,
1153 1982 1247 2034 καὶ
1298 1982 1435 2052 μετὰ
1479 1984 1697 2038 πάντων
1743 1986 2030 2056 εἰρηνικῶς

358 2064 676 2131 διακεῖσθαι,
703 2067 797 2119 καὶ
820 2066 1058 2137 ἡμέρους
1092 2062 1231 2122 εἶναι
1264 2068 1358 2122 καὶ⁹
1385 2070 1591 2141 πράους
1616 2072 1709 2123 καί
1746 2072 2026 2136 ἐπιεικεῖς,

358 2150 500 2204 ἂστε
540 2152 714 2206 πάντα
732 2153 836 2222 τῆς
856 2154 1056 2224 ἀρετῆς
1085 2155 1152 2207 τά
1178 2155 1441 2227 χρώματα
1468 2157 1722 2211 ἐπανθεῖν
1754 2162 1786 2229 ἡ
1797 2160 1913 2229 μῶν
1952 2160 2029 2230 τῷ

359 2238 655 2309 προσώπῳ.
689 2238 846 2293 Οὕτω
865 2240 974 2312 γάρ
1011 2241 1194 2295 λοιπὸν
1224 2244 1433 2313 καὶτῆς
1460 2245 1620 2316 δόξης
1644 2247 1737 2300 τοῦ
1768 2247 2031 2317 παρόντος

360 2326 479 2396 βίου
513 2326 787 2397 ὑπερορᾷν
815 2328 1155 2398 δυνησόμεθα
1179 2330 1277 2401 τὴν
1310 2332 1483 2403 ἀληθῆ
1517 2332 1674 2398 δόξαν
1720 2335 2027 2405 προτιμῶν-

358 2430 468 2476 τες,
494 2413 712 2483 καὶτῆς
736 2416 1233 2488 ταπεινοφροσύνης
1262 2419 1459 2491 πολλὴν
1487 2422 1757 2475 ποιεῖσθαι
1790 2422 1888 2493 τήν
1916 2424 2031 2475 ἐπι-

362 2500 601 2569 μέλειαν,
638 2502 732 2553 καὶ
776 2501 955 2571 πάσης
981 2504 1080 2572 τῆς
1118 2504 1212 2556 τοῦ
1259 2508 1526 2577 παρόντος
1584 2507 1700 2577 βίου
1732 2510 2029 2581 εὐημερίας

360 2588 685 2659 καταγελᾷν,
712 2590 796 2641 ἵνα
826 2590 923 2658 τῆς
958 2590 1191 2660 ἀληθοῦς
1213 2594 1307 2645 καὶ
1334 2594 1556 2662 βεϐαίας
1579 2598 1879 2668 εὐημερίας
1903 2601 2031 2651 ἀπο-

358 2672 666 2745 λαύσωμεν,
702 2676 793 2729 καὶ
825 2677 916 2730 τὸν
942 2679 1177 2747 Χριστὸν
1203 2680 1329 2733 ἰδεῖν
1356 2682 1797 2754 καταξιωθῶμεν.
1821 2686 2026 2739 Μακά-

354 2776 470 2828 ριοι
490 2760 619 2831 γὰρ.
644 2762 830 2834 φησὶν,
870 2767 924 2819 οἰ
957 2768 1202 2835 καθαροὶ
1230 2766 1306 2835 τῇ
1339 2769 1573 2836 καρδίᾳ,
1613 2772 1703 2825 ὅτι
1723 2774 1891 2827 αὐτοί
1924 2775 2031 2827 τὸν

360 2845 510 2899 Θεὸν
527 2847 796 2916 ὄψονται.
827 2850 1226 2923 Καθαρίσωμεν
1256 2854 1434 2908 τοίνυν
1482 2858 1513 2925 ή
1524 2856 1642 2927 μῶν
1677 2857 1737 2910 τὸ
1771 2859 2025 2923 συνειδὸς,

359 2934 452 2988 καὶ
482 2935 621 3005 μετά
652 2936 935 3007 ἀκριϐείας
973 2939 1066 2992 τὸν
1100 2940 1306 2995 ἑαυτῶν
1362 2942 1473 3012 βίον
1518 2945 1911 3016 οἰκονομῶμεν,
1943 2947 2029 2999 ἵνα

356 3021 455 3093 τήν
488 3021 770 3094 παροῦσαν
791 3023 934 3095 ζωὴν
969 3027 1107 3097 μετὰ
1130 3028 1311 3098 πάσης
1334 3030 1536 3100 ἀρετῆς
1554 3031 1888 3099 ὁδεύσαντες,
1922 3034 2030 3087 τῶν

354 3108 594 3169 ἐνταῦθα
624 3111 926 3185 πόνωνκτάς
952 3114 1185 3184 ἀμοιϐὰς
1213 3116 1397 3170 λαϐεῖν
1420 3118 1844 3191 καταξιωθῶμεν
1872 3125 1929 3175 ἐν
1952 3122 2030 3192 τῷ

362 3197 609 3266 μέλλοντι
654 3198 847 3265 αἰῶνι,
905 3201 1088 3273 χάριτι
1118 3205 1211 3257 καὶ
1248 3205 1628 3277 φιλανθρωπίᾳ
1677 3208 1771 3260 τοῦ
1821 3209 2027 3280 Κυρίου

361 3284 518 3352 ήμῶν
560 3286 735 3357 Ἰησοῦ
766 3289 1025 3358 Χριστοῦ,
1060 3291 1179 3361 μεθ’
1208 3286 1269 3345 οῦ
1296 3292 1374 3362 τῷ
1402 3295 1597 3363 Πατρὶ,
1629 3296 1744 3366 ἅμα
1778 3296 1855 3367 τῷ
1891 3297 2030 3367 ἁγίῳ

363 3372 662 3443 ιινεύματι,
695 3374 841 3440 δόξα,
872 3379 1093 3445 κράτος,
1117 3381 1273 3452 τιμὴ,
1302 3382 1397 3438 νῦν
1423 3386 1516 3438 καὶ
1552 3386 1660 3451 ἀεὶ,
1688 3388 1781 3441 καὶ
1802 3391 1882 3452 εἰς
1906 3390 2030 3451 τοὺς

360 3459 562 3525 αἰῶνας
593 3462 703 3516 τῶν
722 3464 953 3519 αἰώνων.
996 3467 1188 3538 Ἀμήν.

1002 3617 1247 3672 OMIAIA
1291 3620 1410 3675 AZ'.

358 3712 509 3773 Εἷπε
528 3719 597 3801 δρ
623 3722 839 3801 Κύριος
864 3724 1014 3801 πρρς
1052 3728 1109 3782 Ἀ
1118 3729 1287 3801 ϐραμᾼ·
1310 3727 1451 3801 Ἐγώ
1471 3732 1591 3800 εἰμι
1618 3735 1653 3787 ὁ
1680 3734 1824 3800 Θεὸς
1847 3739 1880 3788 d
1898 3736 2031 3801 ἐξα-

431 3790 729 3871 γᾳνώνησε
767 3794 836 3871 ἐξ
1122 3790 1454 3871 Χαλδαιών,
1497 3790 1653 3857 ὥστε
1688 3790 1900 3859 δοῦναί
1929 3790 2027 3860 σοι

430 3860 547 3940 τήν
574 3860 695 3932 γῆν
720 3860 973 3940 ταύτὴὶιξ
987 3860 1450 3940 κληρονομῆσαί
1475 3874 1698 3940 αὑτήνο
1730 3872 1878 3930 Eius
1925 3877 1990 3929 δέ
2009 3894 2022 3907 ⁸

428 3929 703 3987 Δέσποτα
728 3929 925 4002 Κύριέ,
955 3929 1188 3992 κατᾶτί
1231 3929 1554 4011 πίνώσομαι,
1602 3929 1691 3998 ὅτι
1746 3949 2027 4015 κληρονο-

428 4003 602 4070 μήσω
627 4003 822 4070 αὐτήν

423 4018 602 4070 μησω
627 4018 822 4070 amur

430 4113 497 4159 α’.
516 4108 740 4178 Μεγάλη
759 4109 859 4181 τῆς
874 4111 1023 4176 θείας
1033 4113 1254 4185 Γραφῆς
1267 4116 1300 4187 ἡ
1315 4115 1560 4187 δύναμις,
1579 4120 1672 4173 καί
1688 4120 1851 4185 πολὺς
1871 4124 1899 4176 ὁ
1917 4126 2028 4187 τοῖς

363 4194 602 4265 ῥήμασιν
651 4197 1100 4270 ἐγκεκρυμμένος
1146 4202 1370 4267 πλοῦτος
1403 4205 1512 4258 τῶν
1538 4208 1841 4278 νοημάτων.
1899 4214 1976 4264 Δι’
2001 4212 2029 4267 δ

360 4284 629 4354 προσήκει
692 4286 829 4355 μετὰ
889 4288 1173 4359 ἀκριϐείας
1223 4292 1370 4361 ἡμᾶς
1412 4295 1775 4365 προσέχοντας
1828 4298 2028 4371 πολλὴν

360 4372 631 4425 ποιεῖσθαι
650 4373 749 4443 τὴν
775 4373 1019 4445 ἔρευναν,
1045 4377 1129 4431 ἴνα
1153 4378 1346 4451 δαψιλῆ
1366 4380 1465 4451 τὴν
1490 4381 1754 4451 ὠφέλειαν
1780 4387 2029 4445 ἐντεῦθεν

362 4459 807 4547 καρπωσώμεθα.
831 4463 928 4518 Διά
954 4465 1061 4537 γὰρ
1079 4466 1237 4520 τοῦτο
1260 4468 1350 4521 καὶ
1378 4470 1406 4522 ὁ
1431 4471 1665 4541 Χριστὸς
1692 4477 2027 4547 παρήγγειλε

360 4546 557 4616 λέγων,
608 4548 923 4619 Ἐρευνᾶτε
950 4554 1056 4620 τὰς
1100 4557 1378 4626 Γραφὰς’
1411 4559 1497 4611 ἴνα
1537 4562 1610 4632 μὴ
1662 4546 1846 4628 ἁπλῶς
1898 4567 2027 4639 ψιλῇ

361 4638 717 4723 προσέχωμεν
754 4644 819 4711 τῇ
855 4642 1177 4711 ἀναγνώσει,
1206 4646 1341 4699 ἀλλά
1367 4647 1425 4700 τὸ
1456 4648 1616 4717 βάθος
1656 4638 2029 4723 ἀνιχνεύοντες

358 4721 452 4811 τδν
480 4725 655 4795 ἀληθῆ
676 4727 775 4797 τῆς
799 4730 1018 4801 Γραφῆς
1039 4731 1163 4785 νοῦν
1191 4734 1514 4789 καταλαϐεῖν
1540 4721 1873 4811 δυνηθῶμεν.
1903 4744 2027 4798 Τοι-

360 4810 515 4865 οῦτον
546 4814 655 4885 γάρ
683 4817 781 4886 τῆς
800 4817 1022 4889 Γραφῆς
1046 4819 1107 4872 τὸ
1129 4820 1247 4885 ἔθος
1271 4837 1284 4850 ·
1313 4824 1370 4874 ἐν
1397 4823 1620 4895 βραχέσι
1649 4829 1885 4898 ῥήμασίν
1912 4833 2028 4886 ἐστι

364 4900 620 4965 πολλάκις
643 4904 822 4975 εὑρεῖν
846 4904 980 4957 πολὺ
1018 4906 1223 4977 πλῆθος
1255 4911 1560 4981 νοημάτων.
1587 4912 1718 4966 Θεία
1757 4915 1865 4987 γάρ
1912 4920 2027 4974 ἐστι

358 4989 427 5042 τά
448 4988 773 5061 διδάγματα,
791 4991 888 5045 καὶ
911 4992 1011 5046 οὐκ
1028 4994 1364 5065 ἀνθρώπινα,
1392 4999 1488 5051 καὶ
1509 4998 1596 5052 διὰ
1626 5001 1782 5055 τοῦτο
1802 5005 2029 5060 ἀπεναν-

358 5076 479 5141 τίας
507 5080 571 5149 τῇ
601 5079 762 5151 σοφίᾳ
791 5082 858 5150 τῇ
894 5081 1207 5155 ἀνθρωπίνῃ
1259 5087 1439 5139 πᾶσαν
1483 5087 1651 5161 αὐτήν
1701 5092 1848 5145 ἐστιν
1902 5095 2028 5149 ἰδεῖν

362 5166 744 5237 συγκειμένην.
779 5169 890 5222 Καὶ
911 5170 1049 5237 πῶς,
1076 5172 1189 5242 ἐγὼ
1221 5173 1382 5243 λέγω.
1431 5176 1577 5230 Ἐκεῖ
1634 5179 1731 5249 μὲν
1760 5180 1888 5254 γὰρ,
1934 5186 2028 5239 ἐπὶ

361 5254 477 5344 τῆςΔ
512 5254 855 5344 ἀνθρωπίνης
907 5260 1097 5328 σοφίας
1128 5262 1291 5331 λέγω,
1347 5266 1493 5318 πᾶσα
1538 5267 1721 5332 αὺτοῖς
1762 5272 2026 5344 ήσπουδή

364 5341 491 5412 περὶ
519 5342 616 5413 τὴν
642 5344 748 5397 τῶν
775 5344 974 5410 λέξεων
1004 5348 1277 5422 συνθήκην
1300 5352 1639 5424 ἐπινενόηται
1657 5372 1672 5386 '
1705 5357 1939 5413 ἐνταῦθα
1970 5341 2027 5412 δέ

364 5430 666 5516 τούναντίον
700 5432 864 5489 ἅπαν.
895 5437 1083 5500 Οὐδεὶς
1106 5442 1172 5510 τῇ
1200 5440 1384 5510 Γραφῇ
1430 5440 1585 5510 λόγος
1636 5445 1761 5516 περί
1796 5446 2024 5513 κάλλους

367 5514 623 5587 ῥημάτων
652 5520 683 5591 ἢ
712 5523 983 5594 συνθήκης
1005 5542 1017 5554 ·
1047 5526 1157 5596 ἔχει
1196 5528 1305 5599 γάρ
1331 5529 1538 5582 οἴκοθεν
1566 5531 1665 5601 τὴν
1698 5514 1845 5586 θείαν
1868 5536 2026 5607 χάριν

366 5608 701 5694 ἐπανθοῦσαν
733 5613 827 5666 καὶ
854 5615 914 5667 τὸ
944 5615 1135 5680 κάλλος
1156 5617 1224 5671 τά
1252 5615 1535 5689 λεγόμενα.
1565 5621 1739 5673 Κάκεῖ
1768 5623 1869 5692 μὲν
1891 5627 2028 5694 μετά

369 5692 561 5767 πολλὴν
598 5700 687 5754 καὶ
717 5702 919 5772 ἄφατον
957 5703 1223 5776 φλυαρίαν
1252 5706 1371 5760 τότε
1418 5707 1525 5763 τῶν
1554 5710 1837 5781 νοημάτων
1870 5692 2019 5788 [575]

1165 276 1221 330 s.
1264 273 1547 329 JOANNIS
1582 272 2061 332 ειιιιιεοετοιιι
2099 273 2418 331 meum.
2459 260 3013 336 CONSTANTINOP:
3690 288 3764 344 διε

2134 402 2248 453 ἐστί
2274 398 2697 471 περιδράξασθαι
2719 418 2732 431 ⁸
2784 402 3014 455 ἐνταῦθα
3060 401 3135 467 δέ,
3162 403 3236 466 ῶς
3268 405 3406 467 ἴστε,
3442 404 3535 458 καὶ
3568 406 3763 474 βραχεῖ]

2130 490 2272 552 λέξις
2305 488 2559 551 πολλάκις
2582 491 2815 559 ἦρκεσεν
2835 492 2965 558 ἡμῖν
2994 492 3171 544 πᾶσαν
3199 492 3397 560 ύφᾶναι
3425 494 3524 564 τὴν
3544 493 3764 546 διδάσκω

2072 601 2097 629 τ
2128 577 2267 629 λίαν.
2294 578 2392 630 Διά
2418 593 2497 629 τοι
2529 577 2686 631 τοῦτο
2716 578 2811 631 καὶ
2836 578 2962 647 χθὲς
2993 578 3281 649 προθέντες
3306 580 3433 649 ὑμῖν
3454 581 3522 633 τά
3557 582 3763 647 ἀνεγνω

2130 663 2319 732 σμένα,
2348 663 2571 716 καὶτῶν
2606 665 2907 734 προοιμίων
2929 665 3215 735 ἁψάμενοι.
3242 668 3426 738 ἐπειδὴ
3454 670 3619 723 πολὺν
3648 670 3763 737 εῦςο

2131 769 2230 820 μεν
2250 751 2359 803 τῶν
2396 752 2682 821 νοημάτων
2715 753 2805 805 τὸν
2838 754 3085 818 πλοῦτον,
3122 755 3221 807 οὐκ
3264 756 3567 824 ἰσχύσαμεν
3595 775 3763 826 περσι-

2126 836 2269 905 τέρω
2316 836 2632 906 προελθεῖν·
2678 836 2817 890 ὥστε
2861 838 2933 909 μὴ
2990 839 3065 909 τῷ
3105 839 3297 909 πλήθει
3344 840 3661 910 καταχῶσαι
3696 844 3763 909 τίτί

2131 926 2347 996 μνήμην
2376 926 2548 995 ὑμῶν,
2578 926 2672 979 καὶ
2698 926 3037 996 λυμήνασθαι
3067 930 3179 991 τοῖς
3204 929 3301 999 ήδη
3323 928 3554 999 ῥηθεῖσι.
3587 931 3678 981 Διὸ
3693 936 3764 1000 τῆς

2126 1011 2297 1080 αὐτῆς
2328 1011 2646 1075 ἀκολουθίας
2676 1011 2912 1081 ἅψασθαι
2941 1012 3219 1084 βούλομαι,
3269 1014 3362 1067 καὶ
3416 1016 3649 1084 συνάψαι
3681 1022 3766 1081 τοῖς

2126 1099 2253 1170 χθὲς
2281 1100 2591 1172 εἰρημένοις
2617 1101 2711 1154 καὶ
2739 1101 2807 1154 τά
2844 1101 3104 1171 μέλλοντα
3140 1103 3469 1173 ῥηθήσεσθαι
3495 1147 3510 1164 ,
3556 1106 3621 1157 ἵν’
3650 1106 3766 1158 οὓτω

2127 1190 2306 1241 πᾶσαν
2353 1188 2446 1241 τοῦ
2497 1188 2924 1258 ἀναγνώσματος
2982 1191 3334 1261 ποιησάμενοι
3370 1191 3467 1262 τὴν
3511 1192 3765 1261 ἐξήγησιν,

2126 1270 2298 1333 οὕτως
2326 1270 2472 1340 ὑμᾶς
2500 1270 2748 1323 ἐντεῦθεν
2776 1272 3209 1343 ἀποπέμψωμεν.
3279 1274 3437 1328 Ἀλλά
3471 1277 3766 1345 προσέχετε,

2127 1356 2447 1427 παρακαλῶ,
2476 1357 2718 1428 ἀκριϐῶς
2744 1361 2857 1422 τοῖς
2883 1357 3213 1430 λεγομένοις.
3248 1362 3309 1414 Εἰ
3335 1362 3441 1433 γὰρ
3464 1364 3556 1415 καὶ
3578 1365 3604 1416 ό
3635 1366 3765 1427 τώνος

2125 1440 2412 1511 ἡμέτερος,
2453 1439 2591 1494 ἀλλά
2615 1441 2676 1494 τὸ
2718 1442 2909 1513 κέρδος
2940 1443 3225 1514 ὑμέτερον,
3270 1445 3468 1515 μᾶλλον
3494 1446 3551 1497 δέ
3592 1449 3765 1499 κοινόν.

2126 1528 2191 1579 Τί
2226 1528 2281 1580 δέ
2307 1529 2447 1596 λέγω
2474 1528 2503 1581 ὀ
2527 1530 2686 1593 πόνος
2711 1530 2976 1601 ήμέτερος
2999 1547 3013 1595 ;
3044 1531 3178 1602 Οὐχί
3199 1548 3214 1562 ο
3244 1533 3376 1586 ἀλλὰ
3404 1534 3504 1601 τῆς
3540 1534 3632 1586 τοῦ
3657 1535 3765 1586 θεοῦ

2125 1611 2344 1680 χάριτός
2365 1613 2511 1663 ἐστιν
2542 1613 2576 1682 ή
2605 1611 2801 1684 δωρεά.
2830 1613 2983 1666 Μετά
3010 1614 3283 1684 προσοχῆς
3310 1616 3489 1668 τοίνυν
3515 1618 3765 1684 ύποδεχώε

2130 1701 2267 1768 μεθα
2298 1702 2391 1754 καὶ
2420 1702 2580 1771 ἡμεῖς
2609 1702 2679 1755 τά
2717 1701 2869 1773 παρά
2896 1702 2993 1756 τοῦ
3026 1702 3161 1757 Θεοῦ
3181 1704 3520 1775 δωρούμενα,
3553 1707 3635 1759 ἵνα
3661 1726 3766 1777 κερ-

2125 1785 2378 1850 δάναντές
2400 1805 2452 1841 τι
2474 1790 2554 1852 εἰς
2574 1789 2673 1859 τὴν
2691 1789 2833 1843 κατά
2850 1790 3030 1860 ψυχήν
3048 1792 3335 1861 σωτηρίαν,
3355 1793 3529 1855 οὔτως
3548 1795 3766 1847 ἐντεῦθεν

2127 1876 2398 1945 ἀπίωμεν.
2422 1876 2519 1928 Διὰ
2554 1876 2662 1948 γάρ
2688 1876 2847 1930 τοῦτο
2874 1877 2997 1930 καθ’
3020 1878 3258 1950 ἑκάστην
3282 1880 3380 1950 τήν
3414 1887 3765 1953 πνευματικὴ-λ

2126 1962 2330 2031 ταύτην
2351 1964 2721 2033 παρατίθεμεν
2743 1964 2871 2034 ὑμῖν
2892 1966 3191 2035 τράπεζαν.
3214 1967 3302 2021 ἵνα
3331 1970 3398 2039 τῇ
3425 1972 3673 2042 συνεχείᾳ
3692 1974 3765 2039 τῆς

2127 2051 2497 2119 παραινέσεως
2550 2054 2643 2105 καὶ
2674 2055 2742 2122 τῇ
2782 2053 2949 2124 πολλῇ
2983 2054 3093 2107 τῶν
3146 2054 3306 2109 θείων
3332 2057 3567 2127 Γραφῶν
3598 2061 3768 2133 μελέτη

2130 2137 2305 2188 πᾶσαν
2320 2138 2754 2208 ἀποτειχίσωμεν
2774 2138 2851 2208 τῷ
2874 2140 3093 2213 πονηρῷ
3113 2141 3327 2211 δαίμονι
3350 2144 3452 2216 τὴν
3475 2144 3725 2215 ἐπιϐουλὴ
3733 2168 3767 2200 ν.

2129 2221 2298 2275 Ὅταν
2329 2224 2436 2294 γὰρ
2471 2225 2553 2295 ἴδῃ
2587 2224 2785 2295 πολλὴν
2836 2228 2984 2297 ἡμᾶς
3033 2232 3160 2299 περὶ
3208 2230 3276 2282 τά
3315 2234 3660 2301 πνευματικά

2128 2309 2365 2383 σπουδήν
2385 2312 2722 2384 τιθεμένους,
2755 2316 2816 2367 οὐ
2850 2314 3009 2385 μόνον
3037 2316 3137 2369 οὐκ
3164 2318 3503 2388 ἐπιθήσεται,
3538 2320 3652 2373 ἀλλ’
3672 2323 3767 2374 ούᾶ

2127 2399 2441 2468 ἀντιϐλέψαι
2464 2400 2746 2471 τολμήσει,
2772 2402 2926 2466 εἰδὼς
2948 2405 3029 2457 ὅτι
3057 2406 3291 2475 ἀνόνητα
3313 2409 3672 2479 ἐπιχειρήσει,
3695 2411 3767 2461 καὶ

2126 2484 2265 2536 κατά
2291 2486 2387 2555 τῆς
2416 2486 2609 2539 ἐαυτοῦ
2639 2489 2879 2558 κεφαλῆς
2916 2489 3013 2560 τήν
3049 2492 3250 2561 τόλμαν
3277 2494 3624 2559 ἐπιδείξεται.
3654 2498 3767 2564 Φέρε

2124 2568 2216 2624 οὖν
2265 2573 2371 2624 τῶν
2401 2573 2525 2643 χθές
2570 2575 2875 2645 εἰρημένων
2901 2579 3001 2649 τήν
3039 2579 3361 2633 ἀκολουθίαν
3407 2583 3767 2645 ἀναλαϐόντες,

2124 2658 2233 2711 τῶν
2256 2658 2587 2729 λειπομένων
2606 2661 2704 2732 τὴν
2728 2662 2986 2733 ἐξήγησιν
3010 2664 3384 2737 ποιησώμεθα.
3411 2668 3476 2721 Τί
3494 2670 3557 2723 δὲ
3576 2668 3641 2741 ἦν
3662 2674 3768 2740 ἡμῖν

2125 2746 2251 2815 χθὲς
2281 2746 2343 2798 τὸ
2363 2746 2653 2819 λεγόμενον
2672 2768 2686 2816 ;
2711 2750 2822 2821 Τὴν
2844 2752 3173 2820 ἐπαγγελίαν
3198 2755 3294 2825 τήν
3314 2756 3448 2827 πρὸς
3463 2756 3556 2809 τὸν
3575 2759 3768 2829 ’Δδραμ

2127 2834 2589 2905 περιεγράφομεν,
2645 2837 2771 2889 ἔνθα
2805 2839 3167 2910 προσέταττεν
3201 2842 3350 2912 αὐτῷ
3382 2844 3678 2914 ἀναϐλέψαι
3710 2850 3768 2907 εἰς

2124 2919 2216 2972 τὸν
2246 2920 2492 2991 οὐρανὸν,
2520 2924 2615 2975 καὶ
2637 2923 2698 2977 τὺ
2732 2924 2934 2995 πλῆθος
2961 2925 3069 2980 τῶν
3090 2928 3331 3001 ἀστέρων
3361 2930 3506 2984 ἰδεῖν.
3528 2934 3768 3000 Ἀρίθμηε

2126 3028 2243 3065 σον
2265 3012 2394 3083 γάρ,
2427 3015 2579 3083 φησὶ,
2602 3014 2743 3082 τοὺς
2767 3017 3044 3087 ἀστέρας,
3070 3023 3118 3071 εἰ
3141 3020 3379 3089 δυνήσῃ
3398 3021 3768 3090 ἐξαριθμῆσαι

2125 3102 2365 3167 αὐτούς.
2404 3101 2514 3156 Καί
2552 3104 2756 3157 εἰπενο
2816 3105 3012 3172 Οὕτως
3064 3106 3235 3160 ἔσται
3280 3107 3346 3160 τό
3377 3109 3617 3177 σπέρμα
3652 3128 3769 3163 σοι’.

2129 3186 2258 3243 Εἶτα
2290 3190 2611 3245 δεικνύουσα
2662 3193 2792 3262 ἡμῖν
2826 3195 2859 3263 ή
2913 3193 3033 3246 θεία
3085 3195 3273 3265 Γραφὴ
3305 3196 3404 3265 τῆς
3438 3198 3665 3267 γνώμης
3697 3197 3769 3248 τοῦ

2129 3279 2467 3349 πατριάρχου
2501 3280 2561 3332 τὸ
2589 3280 2857 3349 φιλόθεον,
2881 3283 2973 3334 καὶ
2998 3283 3077 3335 ὅτι
3112 3282 3249 3353 πρὸς
3275 3282 3364 3335 τδν
3392 3284 3769 3354 ἐπαγγειλάμε⁴

2127 3384 2215 3419 νον
2235 3368 2395 3439 ὁρῶν,
2420 3370 2515 3421 καὶ
2542 3368 2642 3440 τήν
2659 3368 2889 3439 δύναμιν
2915 3369 3010 3422 τοῦ
3035 3370 3407 3440 ὑποσχομένου
3437 3373 3653 3428 ἐννοῶν.
3678 3376 3770 3423 Eri.

2129 3472 2281 3508 στευε
2329 3460 2443 3520 τοῖς
2471 3457 2801 3528 εἰρημένοις,
2837 3458 3002 3527 φησί’
3036 3459 3140 3512 Καὶ
3180 3459 3550 3515 ἐπίστευσεν
3584 3466 3689 3527 Ἀεὶ
3710 3479 3770 3528 ηρ

2126 3538 2207 3604 τῷ
2245 3540 2388 3605 Θεῷ,
2422 3542 2521 3594 καί
2546 3542 2832 3610 ἐλογίσθη
2855 3542 3016 3607 αὐτῷ
3040 3545 3127 3607 εἰς
3164 3543 3583 3613 δικαιοσύνην.
3621 3548 3770 3614 Μέχρι

2124 3627 2313 3682 τούτου
2336 3629 2460 3697 χθὲς
2487 3630 2750 3693 εἰπόντες,
2783 3631 2883 3682 οὐκ
2929 3630 3221 3701 ἰσχύσαμεν
3254 3635 3567 3705 περαιτέρω
3606 3638 3770 3703 προεάυ

2126 3715 2259 3778 θεῖν,
2293 3717 2362 3769 δι’
2383 3718 2411 3769 ὅ
2435 3720 2732 3785 ἀναγκαῖον
2756 3719 2825 3771 τά
2852 3718 3322 3789 ἑξῆς-ἐπαγαγεῖν.
3356 3722 3421 3773 Τί
3451 3724 3563 3793 γάρ
3596 3740 3769 3793 φησινξ

2121 3802 2267 3858 Ehe
2288 3805 2359 3859 δὲ
2380 3808 2592 3872 Κύριος
2610 3808 2755 3874 πρὸς
2783 3809 2997 3877 Ἀϐραμ
3016 3826 3030 3839 ·
3071 3807 3210 3876 Ἐγώ
3233 3811 3347 3877 εἰμι
3370 3812 3402 3863 ό
3433 3810 3582 3877 Θεὸς
3604 3816 3635 3864 ὀ
3655 3813 3769 3873 ἑξα-

2126 3892 2324 3961 rare-3r
2347 3909 2419 3947 σε
2449 3894 2517 3947 ἐκ
2545 3894 2656 3961 τῆς
2678 3894 2872 3963 χώρας
2892 3895 3223 3957 Χαλδαίων,
3258 3894 3415 3950 ὥστε
3443 3897 3661 3951 δοῦναί
3694 3916 3769 3951 cu

2125 3980 2242 4047 τὴν
2273 3980 2390 4049 γῆν
2417 3983 2662 4050 ταύτην,
2698 3982 3149 4052 κληρονομῆσαι
3202 3983 3415 4052 αὐτήν.
3468 3986 3614 4056 Ὅρα
3660 3986 3769 4039 Θειὲ

2128 4071 2557 4140 συγκατάϐασιν,
2592 4073 2705 4136 πῶς
2739 4072 2905 4125 αὑτοῦ
2930 4072 3175 4143 βούλεται
3207 4074 3305 4144 τὴν
3348 4074 3532 4128 πίστιν
3568 4075 3769 4145 βεϐαιῶ·

2129 4179 2240 4224 σαι,
2269 4163 2365 4216 καὶ
2394 4165 2598 4225 πεῖσαι,
2630 4162 2829 4234 πολλὴν
2857 4162 2997 4233 ἔχειν
3025 4162 3123 4233 τὴν
3148 4162 3517 4234 πληροφορίαν
3543 4166 3666 4235 περί
3686 4164 3770 4215 τῶι

2129 4245 2577 4317 ἐπηγγελμένων,
2608 4247 2891 4317 μονονουχί
2913 4246 3117 4314 λέγων·
3169 4247 3435 4317 μνήσθητι
3475 4250 3562 4301 ὅτι
3591 4249 3697 4316 ἐγώ
3728 4263 3769 4299 σε

2125 4334 2336 4387 οἴκοθεν
2357 4335 2651 4404 ἀνέστησα.
2691 4335 2822 4387 Ἰδοὺ
2853 4334 2920 4387 τὰ
2942 4333 3090 4406 παρά
3114 4334 3205 4388 τοῦ
3232 4334 3366 4389 Θεοῦ
3395 4336 3635 4405 ῥηθέντα
3659 4336 3769 4389 κατὰ

2126 4421 2217 4475 τὸν
2246 4420 2589 4491 πατριάρχην
2612 4422 2878 4492 σύμφωνα
2903 4421 3173 4476 δείκνυται
3195 4424 3306 4485 τοῖς
3322 4424 3475 4494 παρά
3500 4423 3598 4477 τοῦ
3622 4442 3769 4495 μαισ-

2128 4508 2246 4580 ρίου
2276 4508 2548 4576 Στεφάνου
2580 4510 2911 4581 εἰρημένοις,
2935 4510 3014 4563 ὅτι
3044 4510 3139 4565 καὶ
3157 4510 3385 4575 οἴκοθεν,
3411 4510 3505 4564 καὶ
3542 4513 3607 4577 ἐξ
3636 4512 3769 4577 αὐτῆς

2126 4600 2225 4669 τῆς
2258 4599 2530 4663 Χαλδαίας
2559 4599 2652 4652 τοῦ
2685 4600 2956 4653 Δεσπὸτου
2994 4600 3055 4653 τὸ
3101 4602 3426 4673 πρόσταγμα
3475 4602 3642 4653 αὑτὸν
3671 4603 3769 4653 ἀισ-

2129 4685 2317 4755 στῆναι
2350 4686 2748 4756 παρεσκεύασε.
2781 4688 2891 4741 Καὶ
2913 4690 2977 4759 τῇ
3013 4687 3201 4741 τούτου
3238 4688 3431 4760 γνώμῃ
3480 4688 3769 4758 ἐπόμενοςί

2128 4774 2331 4846 πατὴρ,
2363 4776 2612 4847 καθάπερ
2635 4776 2729 4830 καὶ
2762 4776 3064 4845 φθάσαντες
3090 4776 3335 4849 εἴπομεν,
3377 4779 3422 4829 εἰ
3453 4778 3550 4830 καί¹
3574 4779 3769 4833 ἄπιστος

2125 4858 2215 4935 ἦν,
2244 4864 2358 4916 ἀλλ’
2385 4860 2481 4918 οὖν
2515 4863 2756 4934 μεγάλην
2796 4863 3051 4917 ὑπόθεσιν
3087 4865 3284 4935 δεσμοῦ
3314 4866 3375 4918 τὸ
3408 4866 3637 4936 φίλτρον
3665 4867 3769 4933 ἔχθη

2124 4952 2186 5006 τὸ
2216 4953 2345 5024 περὶ
2372 4952 2551 5015 αὑτὸν,
2587 4951 2869 5021 ⁴ἰςκολούθει
2896 4954 2989 5006 καὶ
3014 4953 3178 5024 ἐξῄει.
3223 4954 3662 5024 ’Υπομιμνήσκει
3686 4954 3769 5006 τοί-

2128 5059 2225 5094 νυν
2256 5042 2421 5094 αὑτὸν
2453 5040 2545 5093 ἐπὶ
2576 5040 2671 5094 τοῦ
2716 5040 3006 5111 παρόντος,
3044 5043 3174 5113 ὅσην
3208 5042 3270 5093 ἐκ
3316 5045 3623 5113 προοιμίων
3653 5042 3769 5113 [574]

2127 5131 2421 5199 ἐποιήσατο
2457 5129 2585 5201 περὶ
2633 5129 2797 5183 αὑτὸν
2837 5129 2934 5200 τὴν
2972 5131 3247 5203 πρόνοιαν,
3291 5131 3469 5201 δηλῶν
3508 5134 3680 5202 αὐτῷ,
3712 5134 3769 5182 ὅτι

2129 5217 2341 5287 μεγάλα
2386 5216 2509 5269 τινὰ
2568 5218 2700 5287 περὶ
2746 5217 2909 5270 αὐτοῦ
2970 5217 3385 5287 βουλευόμενος,
3441 5220 3537 5271 καὶ
3595 5220 3769 5275 ταύτις

2127 5303 2294 5355 θέλων
2331 5302 2429 5365 τὰς
2460 5302 2779 5373 ὑποσχέσεις
2827 5304 2961 5374 πρὸς
2995 5306 3153 5357 αὑτὸν
3181 5306 3509 5373 ποιήσασθαι
3567 5308 3666 5359 καὶ
3714 5306 3769 5362 εἰς

2126 5387 2284 5458 ἔργον
2312 5389 2559 5453 ἀγαγεῖν,
2586 5386 2853 5456 τοσαύτην
2893 5389 3009 5441 ὁδὸν
3045 5388 3291 5441 διανύσαι
3318 5391 3597 5460 ἐποίησεν.
3662 5386 3769 5452 Ἐῖῖίι

2124 5474 2242 5539 εἰμι
2272 5474 2304 5525 ό
2326 5471 2637 5540 ἐξαγαγών
2662 5487 2737 5524 σε
2789 5473 2857 5525 ἐκ
2911 5472 3019 5539 τῆς
3072 5474 3264 5540 χώρας
3301 5472 3418 5525 τῶν
3456 5474 3769 5526 Χαλδαίων.

2124 5553 2338 5609 δοῦναί
2373 5571 2472 5608 σοι
2505 5555 2620 5621 τὴν
2646 5554 2763 5622 γῆν
2800 5556 3043 5623 ταύτην,
3090 5555 3541 5625 κληρονομῆσαι
3580 5554 3769 5641 (ἰατὴν.-

2124 5637 2217 5705 Μὴ
2264 5636 2373 5707 γὰρ
2400 5636 2583 5700 ἁπλῶς
2615 5654 2674 5689 σε
2714 5638 2924 5691 ἐκεῖθεν
2952 5639 3257 5709 ἀνέστησας
3317 5639 3393 5710 μὴ
3422 5641 3537 5711 γάρ
3559 5639 3677 5704 εἰκῆ
3698 5636 3769 5684 καὶ

2136 5720 2312 5787 μάτην
2333 5720 2579 5774 ἐνθεῦθέν
2627 5739 2687 5774 σε
2732 5722 2965 5792 ἤγαγον,
3012 5726 3111 5799 Διά
3158 5724 3312 5779 τοῦτό
3352 5741 3412 5778 σε
3471 5718 3769 5778 καταὶρϐέῖσ
