3788 6250
112 323 210 379 3M

113 450 294 493 motus
320 439 628 496 indecentes
644 450 696 496 et
722 456 816 511 spe
842 440 1103 497 mercedis
1130 442 1368 497 laborum
1398 443 1700 497 molestiam

111 533 476 587 snblevemus.
522 532 727 589 Sufficit
769 536 911 590 enim
940 535 1201 590 bonorum
1245 550 1389 604 Spes,
1447 547 1504 590 ut
1541 537 1700 590 etiam

112 621 351 689 pericula
373 622 626 678 audacter
649 624 1019 695 aggrediamur
1050 641 1061 677 :
1086 636 1285 694 quanto
1312 626 1477 693 magis
1508 635 1563 678 ut
1591 624 1702 679 vir-

112 715 242 765 tutis
269 713 480 768 labores
522 713 729 769 fortiter
768 715 1042 769 feramus?
1072 716 1291 783 Quando
1339 720 1479 769 cnim
1520 718 1701 769 animo

107 818 322 869 versas,
355 806 399 859 si
427 804 494 860 ad
544 806 704 861 breve
734 815 944 878 tempus
981 809 1288 871 certaveris,
1348 818 1400 863 et
1448 806 1701 877 fulgidam

108 900 415 953 servaveris
456 900 773 968 virginitatis
816 899 1152 969 lampadem,
1201 909 1251 955 te
1295 901 1498 955 beatam
1539 901 1700 954 vitam

107 998 570 1060 consequutnrum
599 1005 739 1055 esse,
783 1000 987 1045 etcum
1031 1007 1228 1060 Sponso
1283 993 1481 1046 intrare
1522 1008 1697 1062 posse.

107 1079 273 1134 modo
300 1094 553 1135 accensas
576 1080 770 1135 habeas
797 1081 1088 1151 lampades,
1118 1090 1170 1136 et
1194 1082 1465 1137 sufficiens
1485 1083 1697 1146 oleum;

107 1171 375 1227 bonorum
407 1189 630 1243 operum
680 1175 944 1228 actionem
965 1214 980 1238 ,
1016 1174 1229 1244 inquam
1259 1191 1272 1227 :
1302 1174 1567 1243 quomodo
1595 1189 1701 1227 non

106 1278 233 1318 cum
265 1266 407 1319 omni
443 1266 689 1320 facilitate
716 1265 947 1320 difﬁcilia
977 1266 1152 1319 omnia
1206 1274 1565 1320 transcurrere
1606 1280 1702 1333 po-

109 1356 264 1421 teris,
288 1356 529 1426 c0gitans
571 1357 698 1411 illud
727 1358 866 1426 quod
896 1373 924 1410 a
964 1356 1119 1412 beato
1149 1356 1309 1410 Paulo
1340 1356 1538 1410 dictum
1576 1366 1655 1410 est
1682 1372 1697 1409 :

108 1446 299 1501 Pacem
330 1448 585 1501 sectemini
606 1465 720 1501 cum
742 1450 993 1515 omnibus,
1023 1460 1072 1504 et
1094 1449 1563 1516 sancti/icationem,
1594 1450 1703 1503 sine

106 1556 210 1607 qua
239 1540 413 1592 nullus
440 1539 621 1593 videbit
671 1540 945 1594 Dominum
988 1539 1172 1607 (Hebr.
1203 1540 1292 1594 12.
1340 1539 1483 1612 i4)?
1513 1540 1701 1595 Vidisti

106 1632 379 1700 quomodo
435 1632 844 1687 sanctificationi
887 1647 1069 1702 pacem
1119 1632 1435 1701 conjunxit?
1481 1630 1614 1686 Nam
1644 1642 1701 1686 ut

106 1722 342 1775 sciamus
362 1737 486 1777 eum
507 1739 611 1776 non
638 1724 811 1778 solum
832 1725 1071 1793 corporis
1094 1723 1374 1793 puritatem
1405 1723 1697 1793 requirere,

106 1812 202 1867 sed
226 1821 281 1866 et
306 1827 515 1882 pacem,
547 1813 664 1868 haec
685 1823 982 1885 opportune
1003 1823 1409 1879 commemorat,
1452 1814 1701 1882 utrinque

110 1900 298 1956 volens
350 1902 580 1971 munire,
634 1913 689 1958 ut
727 1912 783 1960 et
832 1905 1180 1974 cogitationes
1217 1904 1484 1971 sedemus,
1527 1906 1596 1958 ita
1644 1913 1701 1958 ut

109 1993 251 2047 nulla
277 1994 352 2050 sit
382 1996 435 2049 in
480 1996 635 2050 nobis
689 1996 938 2060 turbatio,
969 1995 1249 2065 nullusque
1289 1995 1542 2049 tumultus
1570 2013 1582 2049 :
1606 1994 1700 2050 sed

106 2086 159 2139 in
191 2086 575 2156 tranquillitate
600 2097 653 2141 et
679 2087 857 2156 quiete
888 2101 1196 2151 versemur,
1226 2096 1280 2141 et
1312 2101 1433 2139 cum
1454 2084 1701 2139 omnibus

105 2180 328 2250 pacifice
349 2195 570 2250 agamus
594 2190 646 2234 et
669 2181 928 2235 mansueti
951 2181 1115 2234 simus
1138 2189 1191 2233 et
1207 2179 1362 2234 mites
1382 2187 1436 2232 et
1460 2177 1696 2243 humani,
1726 2220 1727 2223 η

104 2284 266 2344 atque
309 2274 445 2329 adeo
475 2284 533 2328 ut
559 2289 747 2329 omnes
774 2275 989 2329 virtutis
1017 2276 1231 2329 colores
1254 2275 1302 2328 in
1345 2272 1479 2328 facie
1516 2282 1699 2327 nostra

105 2369 398 2421 reluceant.
415 2367 488 2421 Ita
507 2368 645 2421 enim
670 2367 919 2437 deinceps
942 2367 1225 2436 etgloriam
1250 2366 1529 2436 praesentis
1550 2365 1694 2431 vitae,

105 2458 404 2525 poterimus
430 2457 709 2526 despicere
756 2473 939 2511 veram
968 2458 1192 2528 gloriam
1243 2456 1613 2527 praeferentes,
1645 2466 1700 2509 et

104 2548 422 2602 humilitatis
450 2547 703 2618 majorem
736 2548 928 2601 habere
956 2564 1157 2613 curam,
1184 2549 1461 2617 rldereqne
1483 2561 1697 2601 omnem

102 2641 386 2710 pneseutis
417 2642 534 2694 vitm
563 2641 986 2708 prosperitatetn,
1015 2650 1069 2694 ut
1101 2657 1217 2693 vera
1249 2650 1301 2694 et
1332 2639 1497 2693 so'ida
1527 2637 1696 2692 felici-

102 2742 211 2786 tate
260 2731 522 2797 fruamur,
565 2743 618 2784 et
641 2730 913 2785 Christum
954 2733 1137 2785 videre
1188 2744 1506 2785 mereamur.
1551 2727 1698 2781 Beati

97 2822 269 2888 enim,
303 2822 494 2891 inquit,
536 2822 651 2890 puri
673 2823 840 2890 corde,
868 2826 1104 2895 quoniam
1148 2822 1245 2890 ipsi
1270 2820 1434 2874 Deum
1463 2820 1698 2875 videbunt

97 2913 322 2983 (Matth.
352 2914 406 2968 5.
438 2913 517 2984 8).
548 2912 897 2967 Purificemns
944 2914 1119 2983 itaque
1149 2922 1382 2967 nostram
1416 2912 1694 2968 conscien-

96 3009 255 3073 tiam,
280 3015 336 3060 et
378 3020 568 3075 magna
615 3020 739 3059 cura
764 3006 927 3058 vitam
964 3014 1194 3059 nostram
1230 3005 1608 3075 guberuenius,
1639 3012 1698 3057 ut

94 3117 223 3155 cum
251 3111 571 3169 prmsentem
597 3099 755 3153 vitam
785 3100 835 3153 in
864 3101 1007 3153 omni
1028 3100 1277 3153 virtutum
1298 3114 1492 3168 genere
1520 3107 1695 3150 trans-

94 3192 347 3254 ierimus,
394 3190 580 3245 horum
610 3191 846 3245 laborum
875 3189 1091 3260 praemia
1118 3205 1420 3244 mereamur
1455 3190 1698 3258 accipere

94 3284 149 3335 in
188 3282 374 3336 futuro
396 3283 613 3345 swculo,
638 3282 803 3351 gratia
832 3292 885 3335 et
903 3281 1265 3335 misericordia
1295 3279 1504 3334 Domini
1530 3279 1696 3333 nostri

93 3374 231 3429 Jesu
255 3373 477 3438 Christi,
512 3374 595 3427 cui
621 3386 740 3427 cum
775 3373 931 3426 Patre
960 3381 1014 3426 et
1041 3381 1226 3425 sancto
1254 3370 1454 3440 Spiritu
1480 3370 1548 3424 sit
1576 3371 1693 3440 glo-

95 3466 205 3530 ria,
234 3464 541 3533 imperium,
585 3463 779 3529 honor,
809 3477 949 3517 nunc
996 3468 1052 3517 et
1077 3476 1314 3532 semper,
1344 3470 1399 3517 et
1424 3463 1475 3519 in
1502 3462 1697 3517 swcula

96 3558 449 3613 saeculorum.
485 3559 678 3611 Amen.

605 3647 880 3703 HOMILIA
934 3647 1198 3703 XXXVII.

100 3740 253 3799 Dixit
279 3751 447 3795 autem
475 3741 519 3794 ei
546 3756 565 3795 :
594 3739 704 3813 Ego
754 3758 867 3795 sum
893 3739 1061 3807 Deus,
1092 3740 1177 3811 qui
1220 3737 1369 3793 eduxi
1398 3748 1445 3792 te
1469 3738 1533 3791 de
1561 3746 1697 3792 terra

176 3834 559 3898 Chaldworum,
588 3842 643 3887 ut
688 3834 860 3887 darem
889 3834 977 3887 tibi
1006 3844 1190 3888 terram
1218 3834 1368 3898 hanc,
1397 3841 1452 3885 ut
1476 3832 1530 3886 in
1554 3832 1696 3886 here-

176 3925 392 3979 ditatem
417 3925 680 3996 possideas
708 3941 839 3979 eam.
868 3924 1009 3978 Dixit
1029 3933 1195 3977 autem
1234 3939 1253 3977 :
1300 3921 1535 3989 Domine,
1580 3920 1696 3977 Do-

176 4018 316 4072 mine
332 4058 348 4084 ,
373 4018 646 4071 secundum
664 4016 787 4087 quid
813 4031 1108 4088 cognoscam
1135 4014 1270 4085 quod
1293 4016 1345 4069 in
1371 4015 1698 4071 hereditatem

174 4111 426 4180 accipiam
451 4126 561 4162 eam
586 4106 735 4180 (Gen.
761 4110 848 4164 15.
880 4126 925 4162 υ.
962 4110 1012 4165 7.
1045 4110 1151 4180 δ)ἳ⁷

179 4204 235 4258 1.
265 4202 550 4272 Scriptum
574 4204 746 4257 virtus.
776 4203 961 4257 Divina
987 4204 1224 4274 dogmata
1243 4211 1483 4273 quantum
1516 4201 1699 4256 huma-

102 4298 187 4350 nis
243 4294 565 4350 antecellunt.
611 4325 681 4335 —
722 4296 906 4367 Magna
964 4297 1158 4351 divina:
1199 4296 1486 4365 Scripturte
1529 4297 1697 4351 virtus

101 4401 212 4457 est,
238 4398 293 4443 et
315 4390 493 4444 multa:
520 4388 572 4443 in
617 4390 799 4444 verbis
843 4390 1007 4444 latent
1052 4388 1433 4445 sententiarum
1472 4390 1693 4444 divitiae.

102 4482 235 4535 Ideo
282 4496 378 4549 par
409 4490 490 4535 est
534 4490 593 4535 ut
637 4481 917 4551 diligenter
971 4481 1325 4548 intendamus,
1368 4488 1423 4536 et
1472 4480 1697 4565 sollicite

101 4586 437 4642 scrutemur,
481 4591 587 4646 quo
615 4577 927 4645 ampliorem
961 4577 1243 4630 utilitatem
1275 4576 1400 4630 inde
1428 4578 1696 4646 percipia-

102 4683 253 4723 mus.
281 4667 414 4721 Nam
441 4679 659 4737 propter
681 4668 780 4722 hoc
806 4679 858 4721 et
884 4668 1129 4722 Christus
1174 4668 1444 4737 praecepit,
1468 4668 1648 4722 dicens
1679 4685 1693 4723 :

101 4762 425 4819 Scrutamini
463 4760 756 4830 Scripturas
800 4759 976 4832 (Joan.
1024 4760 1077 4815 5.
1104 4758 1206 4831 '59)
1239 4777 1249 4810 :
1277 4767 1461 4813 utnon
1492 4769 1695 4813 tantum

103 4852 269 4908 nuda:
304 4851 525 4905 lectioni
577 4866 845 4915 vacemus,
888 4851 981 4906 sed
1026 4850 1334 4920 profundius
1374 4859 1693 4916 scrutantes,

101 4962 301 5000 verum
334 4945 623 5013 Scriptura:
648 4960 863 5000 sensum
905 4948 1180 5014 percipere
1218 4944 1512 5000 valeamus.
1554 4944 1697 4999 Talis

99 5039 253 5093 euint
285 5036 574 5106 Scriptura:
618 5051 735 5090 mos
784 5045 886 5101 est,
912 5046 968 5089 ut
999 5037 1127 5090 etin
1175 5037 1349 5105 parvis
1377 5036 1553 5091 verbis
1585 5036 1700 5105 plu-

101 5130 247 5185 rima
302 5143 446 5197 saepe
496 5127 779 5181 multitudo
831 5142 1081 5181 sensuum
1127 5127 1444 5182 inveniatur.
1510 5128 1696 5182 Divina

98 5221 251 5276 enim
273 5229 401 5273 sunt
426 5217 694 5289 dogmata,
723 5234 828 5273 non
855 5217 1105 5286 humana,
1135 5230 1188 5273 et
1214 5228 1429 5290 propter
1456 5219 1557 5273 hoc
1582 5233 1699 5274 om-

100 5328 230 5367 nem
263 5310 409 5366 illam
438 5310 618 5365 videre
663 5310 787 5365 licet
824 5324 979 5365 secus
1008 5326 1066 5365 se
1106 5310 1299 5366 habere
1325 5324 1482 5380 quam
1511 5308 1699 5363 Imma-

101 5422 232 5461 nam
269 5404 607 5474 sapientiam.
649 5406 716 5459 Et
744 5405 1012 5475 quomodo
1044 5406 1165 5472 hoc,
1196 5420 1296 5475 ego
1344 5406 1538 5460 dicam.
1586 5404 1699 5461 Illic

98 5502 277 5565 enim,
304 5501 357 5554 in
385 5499 615 5554 humana
643 5500 899 5570 sapientia
944 5499 1083 5566 dico,
1115 5514 1278 5553 omne
1307 5499 1541 5553 studium
1567 5513 1696 5552 con-

100 5591 391 5649 cinnandis
410 5592 588 5648 verbis
616 5591 908 5646 adhibitum
931 5602 1013 5647 est
1047 5607 1062 5646 :
1090 5592 1175 5647 hic
1198 5606 1323 5646 vero
1351 5606 1571 5662 prorsus
1599 5591 1697 5647 ali-

104 5696 216 5742 ter.
245 5685 459 5741 Nullam
505 5686 796 5757 Scriptura:
827 5683 1024 5739 habent
1064 5683 1322 5739 rationem
1350 5683 1697 5753 pulchritudi-

103 5782 305 5843 uisvcl
337 5781 739 5851 compositionis
765 5780 1047 5842 verborum
1095 5794 1109 5831 :
1148 5777 1343 5835 habent
1382 5779 1524 5835 enim
1553 5779 1607 5837 iu
1634 5795 1694 5837 se

1150 326 1216 384 IN
1251 328 1405 386 CAP.
1448 328 1562 383 XV.
1596 329 1836 386 GENES.
1864 329 2092 385 IIOBIIL.
2133 330 2394 387 XXXVII.

3294 341 3398 396 353

1811 440 2042 496 divinam
2056 440 2649 516 gratiameffulgentem,
2675 458 2725 503 et
2742 449 3184 517 pulchritudinem
3207 452 3258 508 in
3284 455 3393 524 ipsa
3450 463 3455 468 '

1810 538 2091 591 verborum
2120 539 2323 593 ratione
2354 540 2532 593 sitam.
2558 540 2623 594 Et
2654 540 2759 595 illic
2794 543 3007 613 quidem
3040 553 3159 613 post
3183 548 3392 617 longam

1809 641 1862 685 et
1906 632 2169 701 ingentem
2236 636 2588 704 nugacitateni
2636 636 2829 705 aliquid
2872 652 3062 693 sensus
3110 640 3383 709 percipere

1808 731 1925 777 est:
1956 723 2041 777 hic
2061 733 2258 788 autem,
2281 736 2335 779 ut
2357 726 2521 789 scitis,
2553 727 2712 779 etiam
2742 742 2901 797 parva
2940 728 3106 781 dictio
3139 744 3282 799 saepe
3307 741 3391 783 to-

1810 821 1919 867 tum
1951 813 2102 868 nobis
2130 815 2386 869 doctrinae
2414 831 2720 871 sermonem
2760 818 3052 872 contexuit.
3102 818 3394 889 Propterea

1807 916 1862 961 et
1887 906 2023 971 heri,
2053 908 2321 979 proposita
2350 910 2499 964 vobis
2527 910 2814 981 Scriptura:
2836 913 3089 977 lectione,
3122 915 3223 969 sub
3272 915 3389 984 ipso

1807 998 2054 1065 exordio,
2083 1001 2204 1070 quia
2219 1001 2439 1055 multum
2460 1002 2760 1058 invenimus
2780 1019 3034 1059 sensuum
3061 1006 3393 1070 thesaurum,

1807 1105 1914 1144 non
1945 1092 2214 1160 potuimus
2241 1093 2379 1147 ultra
2407 1094 2676 1166 progredi,
2706 1106 2764 1149 ut
2796 1112 2863 1151 ne
2904 1097 3168 1151 dictorum
3212 1100 3395 1152 multi-

1807 1182 1994 1237 tudine
2025 1185 2337 1239 memoriam
2380 1195 2610 1240 vestram
2638 1188 3007 1252 obrueretnus,
3036 1198 3090 1242 et
3110 1188 3220 1258 jam
3252 1190 3393 1243 dicta

1805 1270 2229 1328 obliteraremns.
2287 1273 2408 1329 Ideo
2451 1275 2693 1331 eamdem
2745 1278 2941 1331 seriem
2972 1280 3267 1347 attingere,
3303 1280 3394 1333 lie.

1805 1364 2109 1433 sternisque
2135 1365 2291 1421 dictis
2317 1382 2379 1421 ea
2403 1384 2520 1437 quae
2563 1369 2721 1424 hodie
2763 1369 2985 1427 dicenda
3017 1382 3139 1426 sunt
3164 1373 3285 1425 volo
3305 1387 3394 1426 co-

1806 1454 1991 1524 pulare
2013 1496 2029 1520 ,
2063 1464 2121 1509 ut
2156 1455 2228 1510 ita
2274 1468 2515 1512 enarrata
2540 1459 2766 1515 lectione
2808 1468 2919 1515 tota
2947 1476 3042 1516 vos
3071 1461 3191 1516 hinc
3219 1463 3396 1517 dimit-

1807 1552 1934 1597 tam.
1963 1543 2090 1610 Sed,
2119 1561 2237 1613 oro,
2265 1543 2333 1601 iis
2347 1549 2734 1616 quaedicuntur
2753 1552 3059 1608 auscultate
3092 1552 3390 1622 diligenter.

1804 1637 1936 1692 Nam
1964 1640 2064 1693 etsi
2086 1640 2238 1694 labor
2277 1648 2481 1708 noster,
2510 1642 2706 1719 ytilitas
2745 1652 2916 1697 tamen
2948 1655 3122 1698 vestra
3151 1654 3252 1712 est,
3288 1646 3396 1700 imo

1804 1730 2121 1783 communis.
2153 1730 2217 1784 Et
2243 1731 2367 1802 quid
2390 1731 2508 1786 dico
2540 1732 2688 1785 labor
2707 1733 2929 1789 noster?
2958 1734 3173 1789 Minime
3202 1744 3384 1802 certe;

1804 1819 1897 1874 sed
1930 1820 2125 1875 donum
2148 1832 2227 1876 est
2252 1823 2434 1891 gratim
2465 1823 2579 1876 Dei.
2603 1822 2737 1877 Cum
2767 1826 3060 1879 attentione
3087 1824 3245 1897 igitur
3270 1843 3391 1882 sus-

1802 1914 2062 1984 cipiamus
2099 1930 2159 1969 ea
2186 1932 2304 1985 quae
2323 1931 2353 1969 a
2378 1915 2484 1969 Deo
2505 1916 2789 1983 donantur,
2811 1926 2867 1971 ut
2901 1917 3022 1973 hinc
3043 1918 3384 1975 lucrifaeicn-

1806 2013 1884 2060 tes
1926 2007 2122 2077 aliquid
2172 2009 2225 2062 in
2275 2007 2567 2062 animarum
2619 2008 2842 2063 salutem
2877 2051 2893 2075 ,
2948 2010 3071 2065 inde
3112 2013 3387 2067 abeamus.

1804 2096 1927 2151 Ideo
1950 2098 2090 2151 enini
2113 2099 2349 2167 quotidie
2370 2099 2698 2167 spiritualem
2730 2099 2868 2154 hanc
2897 2102 3047 2154 vobis
3074 2103 3390 2171 appouinms

1804 2203 2065 2255 mensam,
2092 2200 2148 2241 ut
2167 2189 2527 2244 admonitione
2554 2191 2805 2245 continua
2831 2200 2883 2244 et
2909 2194 3070 2245 multa
3088 2193 3386 2247 divinarum

1802 2278 2191 2349 Scripturarum
2232 2280 2574 2335 meditatione
2610 2297 2798 2336 omnes
2842 2284 3060 2352 maligni
3114 2282 3376 2337 dwmonis

1803 2372 2147 2426 excludanius
2192 2372 2433 2427 insidias.
2466 2372 2597 2428 Cum
2630 2376 2771 2428 enim
2818 2391 2914 2430 nos
2940 2377 3133 2431 viderit
3160 2379 3385 2431 multum

1803 2462 1853 2515 in
1888 2463 2249 2531 Spiritnalihus
2300 2466 2568 2534 occupari,
2612 2481 2717 2520 non
2771 2467 2943 2521 solum
2994 2484 3101 2521 non
3154 2468 3387 2534 invadet,

1802 2552 1894 2606 sed
1940 2568 2109 2622 neque
2139 2552 2347 2607 obtueri
2377 2554 2594 2609 audebit
2624 2573 2636 2607 :
2667 2556 2841 2611 sciens
2868 2570 2924 2610 se
2964 2556 3014 2609 in
3051 2572 3241 2611 vanum
3276 2575 3390 2612 mo-

1807 2642 1909 2707 Iiri,
1935 2652 1988 2696 et
2018 2643 2271 2697 adversus
2301 2654 2458 2714 caput
2498 2660 2651 2700 suum
2692 2661 2857 2701 ausus
2899 2662 3024 2701 suos
3053 2658 3389 2705 convertere.

1801 2735 1911 2804 Age
1934 2734 2088 2805 igitur
2109 2733 2175 2789 he
2191 2736 2343 2789 =terni
2366 2737 2630 2790 sermonis
2650 2740 2873 2806 repetita
2896 2738 3054 2802 serie,
3077 2737 3225 2807 quod
3253 2739 3384 2794 reli-

1800 2842 1961 2895 quum
1988 2825 2085 2879 fuit
2108 2841 2441 2881 enarretnus.
2471 2826 2607 2893 Quid
2647 2837 2825 2881 autem
2869 2827 2983 2881 heri
3012 2828 3212 2882 dictum
3252 2828 3389 2883 fuit?

1802 2918 2215 2972 Promissionem
2254 2934 2413 2987 quam
2452 2918 2591 2973 Deus
2632 2917 2754 2972 fecit
2792 2917 2950 2973 Abrae
2980 2916 3385 2987 descripsimus,

1802 3009 1890 3062 ubi
1921 3009 2199 3078 imperavit
2225 3009 2274 3064 ei
2296 3020 2355 3064 ut
2380 3010 2675 3080 suspiceret
2700 3010 2753 3063 in
2785 3008 3006 3074 caelum,
3035 3018 3089 3064 et
3115 3019 3384 3081 spectaret

1800 3100 2071 3155 stellarum
2118 3101 2529 3156 multitudinem.
2565 3100 2793 3155 Numera
2842 3101 3019 3168 enim,
3050 3102 3240 3172 inquit,
3270 3105 3392 3157 stel-

1801 3193 1897 3260 las,
1927 3194 1970 3248 si
1994 3193 2178 3265 poteris
2207 3209 2291 3248 eas
2316 3209 2600 3247 numerare.
2622 3191 2689 3245 Et
2711 3192 2839 3246 dixit
2863 3193 2909 3246 ei
2942 3208 2959 3246 :
2986 3190 3075 3247 Sic
3105 3192 3199 3246 erit
3221 3209 3388 3248 semen

1802 3296 1963 3340 tuum.
1984 3285 2185 3343 Deinde
2204 3301 2322 3341 cum
2340 3286 2701 3341 demontraret
2719 3285 2870 3340 nobis
2892 3284 3071 3340 divina
3116 3284 3391 3355 Scriptura

1799 3378 2102 3448 religiosam
2134 3378 2445 3449 patriarclue
2474 3385 2728 3441 mentem,
2776 3384 2831 3432 et
2855 3375 3126 3447 quomodo
3172 3375 3240 3433 ad
3265 3390 3392 3446 pro-

1801 3472 2097 3525 mittentem
2125 3470 2416 3541 respiciens
2443 3511 2459 3538 ,
2488 3479 2545 3524 et
2587 3468 2873 3540 potentiam
2918 3469 3276 3538 promittentis
3296 3483 3392 3524 co-

1799 3563 1973 3632 gitans
2000 3603 2016 3629 ,
2071 3560 2357 3616 crediderit
2406 3560 2579 3626 dictis,
2634 3559 2804 3613 dicit:
2833 3557 2901 3612 Et
2952 3559 3170 3612 credidit
3204 3556 3392 3611 Abram

1800 3654 1932 3723 Deo,
1961 3664 2008 3708 et
2049 3664 2346 3725 reputatum
2387 3664 2459 3708 est
2485 3654 2530 3707 ei
2555 3654 2606 3706 in
2615 3652 2895 3723 justitiam.
2945 3651 3230 3720 Hucusque
3277 3650 3391 3704 heri

1799 3761 2101 3805 sermonem
2130 3745 2493 3816 produximus,
2529 3759 2700 3813 neque
2729 3743 2950 3797 ulterius
2991 3741 3237 3812 progredi
3288 3755 3386 3811 po-

1802 3841 1999 3897 tuimus
2028 3857 2044 3895 :
2069 3840 2190 3895 ideo
2205 3853 2384 3909 operae
2413 3836 2640 3908 pretium
2663 3843 2747 3890 est
2775 3843 2831 3888 ut
2859 3834 3119 3887 addamus
3148 3847 3386 3902 sequen-

1800 3934 1893 3988 tia.
1916 3930 2053 3998 Quid
2080 3946 2208 4002 ergo
2224 3928 2386 3985 dicit?
2407 3930 2460 3982 7.
2476 3927 2617 3981 Dixit
2637 3938 2806 3980 autem
2821 3923 3073 3979 Dominus
3090 3923 3158 3977 ad
3178 3924 3389 3977 Abram:

1802 4027 1913 4098 Ego
1942 4044 2055 4082 sum
2079 4024 2238 4093 Deus,
2277 4026 2361 4096 qui
2386 4022 2538 4078 eduxi
2569 4031 2616 4076 te
2655 4022 2716 4075 de
2743 4032 2878 4076 terra
2907 4019 3280 4082 Chaldazorum,
3331 4026 3389 4071 ut

1801 4121 1976 4174 darem
2004 4118 2092 4172 tibi
2117 4127 2302 4172 terram
2353 4116 2501 4181 hanc,
2544 4123 2602 4169 ut
2645 4115 2701 4168 in
2745 4113 3072 4168 hereditatem
3108 4110 3392 4182 possideres

1800 4229 1931 4267 eam.
1966 4212 2100 4271 Vide
2128 4206 2395 4280 quomodo
2425 4207 2564 4262 Deus
2593 4221 2653 4261 se
2698 4205 2947 4259 humana:
2976 4202 3271 4257 infirmitati
3296 4210 3383 4257 at-

1800 4312 2077 4373 temperet,
2108 4299 2376 4371 quomodo
2404 4297 2560 4353 fidem
2586 4297 2727 4352 illius
2751 4296 3102 4351 corroborare
3132 4294 3278 4359 velit,
3307 4296 3392 4348 ei-

1800 4414 1903 4468 que
1928 4394 2249 4467 persuadere
2273 4402 2328 4446 ut
2344 4391 2411 4447 de
2428 4392 2490 4445 iis
2504 4406 2622 4460 qua:
2637 4389 2896 4461 promissa
2925 4385 3135 4441 fuerant
3162 4385 3382 4440 minime

1798 4488 2002 4543 dubitet
2024 4488 2203 4557 :quasi
2230 4485 2468 4539 diceret:
2498 4484 2698 4537 Memor
2717 4491 2851 4547 esto,
2876 4496 2960 4534 tne
2982 4496 3013 4534 a
3037 4479 3195 4534 domo
3225 4488 3311 4533 tua
3342 4487 3392 4533 te

1799 4580 2121 4637 evocavisse.
2145 4577 2301 4633 Certe
2322 4592 2439 4648 quae
2457 4592 2486 4630 a
2516 4577 2737 4631 Domino
2758 4575 2867 4630 Deo
2887 4575 3134 4629 dicuntur
3148 4586 3388 4628 consona

1800 4682 1923 4726 sunt
1947 4670 2086 4726 beati
2108 4669 2359 4739 Stephani
2380 4669 2554 4733 dictis,
2583 4668 2671 4738 qui
2689 4677 2744 4723 et
2763 4667 2830 4722 de
2857 4666 3097 4729 domo,et
3124 4664 3191 4719 de
3215 4662 3389 4718 Chal-

1800 4763 1913 4818 daea
1945 4761 2155 4816 Domini
2195 4768 2460 4832 praecepto
2488 4768 2765 4815 evocatqu
2792 4772 2914 4813 eum
2944 4756 3072 4811 dicit
3101 4754 3253 4827 (Act.
3284 4755 3315 4808 7
3343 4757 3384 4826 ).

1803 4857 1871 4912 Et
1896 4857 2011 4926 ejus
2036 4855 2314 4910 sententiae
2343 4853 2673 4924 obsequutus
2696 4863 2864 4922 pater.
2892 4861 2945 4904 et
2976 4858 3035 4903 ut
3059 4856 3214 4902 antea
3240 4847 3384 4901 dixi.

1802 4965 1941 5015 mus,
1967 4948 2209 5021 quamvis
2235 4947 2460 5001 infidelis
2489 4955 2654 5012 esset,
2683 4959 2924 5014 magnam
2950 4952 3126 4995 tamen
3153 4940 3384 4994 societa-

1803 5045 1875 5100 tis
1895 5058 2109 5098 causam
2152 5041 2374 5106 habens,
2404 5054 2597 5109 nempe
2640 5038 2731 5092 filii
2778 5050 3039 5102 amorem,
3064 5034 3165 5088 vite
3204 5048 3389 5089 comes

1800 5135 1907 5192 fuit
1948 5144 2002 5190 et
2030 5135 2183 5189 exiit.
2219 5133 2398 5202 Itaque
2427 5132 2477 5184 in
2509 5139 2739 5183 mentem
2766 5127 2815 5182 ei
2856 5134 3071 5180 revocat
3102 5123 3204 5178 hoc
3239 5124 3381 5190 loco,

1801 5236 2052 5299 quautam
2078 5227 2145 5282 ab
2173 5225 2325 5281 initio
2355 5222 2471 5293 ejus
2495 5236 2677 5277 curam
2728 5217 2986 5289 gesserit,
3028 5217 3307 5272 declarans
3333 5217 3383 5271 ei

1801 5334 1861 5375 se
1897 5327 1954 5372 ut
1974 5332 2094 5371 eum
2122 5316 2187 5370 ad
2212 5329 2399 5385 magna
2424 5312 2760 5383 provelieret,
2783 5320 2837 5365 et
2854 5320 2929 5364 tot
2959 5308 3032 5362 illi
3064 5308 3200 5363 bona
3228 5307 3385 5377 polli-

1801 5417 2012 5465 ceretur
2036 5417 2090 5462 et
2110 5406 2372 5476 impleret,
2399 5412 2600 5459 tantum
2628 5401 2832 5458 itineris
2848 5400 3115 5456 coniicere
3133 5400 3379 5470 jussisse.

1801 5500 1912 5570 Ego
1935 5515 2045 5553 sum
2070 5497 2230 5566 Deus,
2256 5498 2342 5568 qui
2368 5496 2519 5550 eduxi
2543 5504 2591 5549 te
2613 5495 2677 5549 de
2699 5494 2903 5564 regione
2919 5491 3295 5556 Chaldworum,
3327 5500 3383 5544 ut

1800 5592 1976 5645 darent
2026 5590 2113 5644 tibi
2158 5599 2345 5644 terram
2392 5588 2543 5653 hanc,
2574 5586 2709 5659 utin
2747 5584 3072 5639 hereditatem
3101 5582 3382 5655 possideres

1801 5701 1933 5740 eant.
1964 5683 2099 5739 Num
2128 5693 2179 5738 te
2220 5683 2420 5752 absque
2444 5694 2602 5736 causa
2647 5679 2790 5734 illinc
2817 5677 3073 5734 evocavi?
3115 5690 3242 5731 num
3273 5674 3383 5729 fru-

1802 5788 1909 5835 stra
1936 5788 1989 5834 et
2018 5778 2071 5835 in
2111 5792 2297 5834 vanum
2327 5786 2378 5832 te
2404 5774 2547 5832 illinc
2572 5771 2773 5830 eduxi?
2796 5770 3082 5845 Propterea
3108 5784 3206 5845 ego
3233 5783 3375 5842 pra:-
