3788 6252
1081 291 1142 345 8.
1181 285 1458 344 JOANNlS
1493 277 1966 340 CHRYSOSTOMI
2002 274 2324 334 ARCHIEP.
2363 270 2903 338 CONSTANTINOP.
3553 258 3659 318 3H

2080 395 2278 450 mentis
2318 391 2420 447 fide
2445 390 2620 462 dignis
2659 388 2940 444 certiorem
2967 379 3171 438 reddat.
3217 377 3348 444 Nam
3375 375 3501 447 quia
3532 374 3666 428 olim

2077 487 2156 541 eis
2182 484 2252 540 ita
2279 500 2395 539 mos
2419 493 2534 540 erat
2564 478 2882 554 paciscendi,
2910 487 2964 531 et
2991 485 3137 546 pacta
3170 468 3434 534 firmandi,
3469 466 3594 521 ideo
3613 474 3670 518 et

2081 580 2194 648 ipse
2221 580 2298 631 ria
2322 576 2421 631 h-tc
2444 573 2754 645 ingreditur.
2779 572 2865 626 10.
2892 569 2956 623 Et
2977 567 3189 636 accepit,
3220 564 3408 634 inquit,
3430 572 3477 614 et
3499 558 3673 612 divisit

2082 687 2144 725 ea
2159 670 2211 723 in
2241 669 2369 722 duas
2411 676 2596 736 partes.
2633 659 3036 718 Observandum
3076 674 3180 712 non
3212 657 3409 724 absque
3435 650 3673 713 ratione,

385 294 492 350 3ὶῦ

389 412 502 481 cepi
531 418 588 464 ut
618 417 668 465 te
692 409 744 463 in
767 406 1100 463 Palmstinam
1123 403 1420 467 conferres,
1450 410 1503 456 et
1530 400 1712 458 relicta
1737 406 1957 468 paterna

392 502 554 554 domo
583 501 794 558 venires
836 499 886 552 in
933 507 1126 558 terram
1185 494 1358 559 hanc,
1408 502 1467 547 ut
1517 491 1568 545 in
1626 489 1971 543 hereditatem

397 608 514 646 eam
545 591 863 659 possideres.
909 587 1163 657 Cogitaus
1210 585 1366 656 igitur
1395 594 1588 654 quanta
1618 580 1808 636 fruaris
1859 592 1974 631 mea

380 683 751 754 'provideutia,
782 698 845 736 ex
873 696 937 736 eo
978 689 1218 750 tempore
1245 693 1350 748 quo
1377 677 1680 730 Chaldaeum
1714 670 1975 740 reliquisti

399 791 567 844 usque
595 774 644 828 in
676 787 908 842 praesens
930 782 1156 840 tempus,
1190 781 1243 826 et
1285 768 1550 840 quomodo
1588 767 1763 822 clarus
1793 764 1887 828 sis,
1917 777 1979 815 ac

399 879 494 934 per
521 880 695 918 meum
723 863 1018 918 subsidium
1051 872 1105 916 et
1155 876 1338 915 curam
1382 857 1620 928 quotidie
1646 855 1841 910 clarior
1859 867 1982 909 eva-

399 953 516 1017 das,
543 954 698 1007 dictis
728 952 861 1007 meis
889 951 1117 1006 confide.
1155 950 1338 1004 Vidisti
1392 951 1656 1018 ingentem
1684 943 1983 1014 benignita-

405 1043 545 1098 tem?
575 1043 746 1096 vidisti
791 1055 1045 1112 quautum
1074 1056 1134 1095 se
1171 1049 1486 1108 attemperet
1515 1035 1695 1090 Deus?
1730 1041 1983 1104 quantum

406 1135 523 1201 ejus
551 1133 780 1200 animam
819 1133 1191 1194 corroborare,
1219 1139 1274 1185 et
1306 1129 1459 1183 fidem
1491 1127 1808 1181 confirmare
1837 1124 1982 1189 velit,

412 1238 468 1282 ut
519 1242 586 1280 ne
623 1225 839 1294 posthac
894 1224 959 1278 ad
1003 1234 1205 1278 natura:
1253 1220 1522 1275 obsmcula
1566 1227 1806 1288 spectare
1859 1230 1988 1286 pos-

409 1321 478 1374 sit
509 1336 522 1371 :
553 1319 643 1373 sed
673 1322 791 1389 ejus
825 1318 1061 1388 cogitare
1089 1315 1376 1386 potentiam
1406 1313 1492 1382 qui
1523 1309 1795 1380 promisit.
1839 1317 1892 1362 et
1920 1309 1989 1361 ita

412 1411 634 1468 credere
663 1420 716 1465 et
754 1409 1046 1476 conlidere,
1077 1408 1227 1479 quasi
1251 1407 1361 1477 jam
1401 1405 1616 1473 impleta
1657 1407 1839 1457 essent
1865 1413 1990 1469 pro-

420 1502 603 1556 missa.

487 1591 540 1647 2.
585 1591 780 1646 Verum
803 1590 992 1645 iterum
1014 1587 1227 1644 attende
1251 1593 1308 1642 et
1327 1584 1700 1657 patriarcham,
1729 1579 1995 1654 quomodo

423 1691 542 1753 post
571 1682 813 1735 fiduciam
834 1697 897 1736 ex
928 1680 1080 1734 dictis
1108 1688 1378 1747 acceptam
1409 1677 1633 1730 certiora
1663 1674 1891 1742 inquirat
1911 1687 2000 1725 ar-

418 1782 692 1848 gumenta.
734 1774 788 1828 8.
819 1771 960 1826 Dixit
983 1771 1112 1826 enim
1136 1787 1155 1825 :
1187 1769 1421 1831 Domine,
1456 1767 1688 1828 Domine,
1724 1764 1998 1820 secundum

419 1865 542 1934 quid
562 1880 859 1935 cognoscam
877 1863 1012 1933 quod
1027 1864 1077 1916 in
1100 1861 1418 1916 hereditatem
1440 1869 1734 1930 accepturus
1753 1859 1846 1911 sim
1866 1858 2002 1910 eam?

424 1953 656 2009 Tametsi
680 1953 951 2022 Scriptura
980 1954 1126 2023 prius
1147 1960 1335 2006 testata
1360 1950 1536 2012 fuerit,
1566 1964 1687 2003 eum
1711 1947 2002 2002 credidisse

423 2044 580 2100 dictis
603 2045 718 2109 Dei,
743 2053 798 2099 et
826 2043 944 2099 ideo
965 2051 1262 2114 reputatum
1290 2057 1408 2097 esse
1433 2041 1483 2096 ei
1515 2041 1565 2094 in
1591 2039 1872 2109 justitiam,
1908 2053 2004 2092 vc-

427 2146 724 2192 rumtamen
747 2136 867 2206 quia
896 2136 1096 2191 audivit
1119 2153 1133 2190 :
1164 2135 1384 2204 Propter
1407 2134 1508 2188 hoc
1527 2132 1600 2187 Te
1617 2133 1770 2187 eduxi
1795 2132 1856 2186 de
1873 2143 2006 2186 terra

427 2226 685 2290 Chafdete,
715 2238 766 2283 ut
798 2226 971 2282 darem
999 2227 1086 2280 tibi
1111 2239 1295 2280 terram
1336 2225 1488 2288 hanc,
1518 2233 1570 2276 ut
1598 2223 1650 2276 in
1684 2223 2005 2276 hereditatem

433 2319 711 2387 possideres
738 2334 846 2371 eam
869 2333 889 2381 ;
917 2317 1044 2370 dicit
1072 2333 1086 2369 :
1119 2315 1213 2370 llis
1245 2315 1456 2384 quidem
1486 2329 1603 2383 qua:
1629 2329 1658 2367 a
1691 2323 1740 2367 te
1762 2312 2009 2366 dicuntur

434 2409 760 2479 impossibile
787 2418 870 2462 est
895 2419 950 2462 ut
971 2407 1129 2461 fidem
1158 2423 1261 2460 non
1280 2405 1502 2460 habeam
1523 2421 1538 2469 ;
1559 2414 1788 2459 attamen
1814 2404 2006 2460 vellem

432 2508 488 2556 et
507 2499 719 2553 modum
746 2499 951 2556 discere
977 2514 1084 2569 quo
1113 2513 1228 2552 eam
1272 2498 1323 2551 in
1358 2497 1703 2554 hereditatem
1736 2511 1852 2550 sum
1887 2512 2012 2565 pos-

433 2607 698 2669 sessorus.
729 2591 892 2646 Video
916 2590 1056 2645 enim
1083 2605 1167 2644 me
1189 2605 1329 2643 nunc
1352 2587 1732 2660 propemodum
1753 2587 1816 2640 ad
1838 2598 2018 2640 exirm

436 2699 577 2748 tnam
608 2669 933 2738 senectutem
980 2681 1285 2752 pervenisse
1306 2721 1322 2741 .
1354 2690 1408 2734 et
1434 2695 1599 2750 usque
1627 2680 1676 2732 in
1704 2677 1845 2734 hunc
1872 2677 2012 2733 diem

435 2773 780 2830 obambulare
809 2773 954 2844 quasi
995 2787 1272 2844 erronem;
1303 2780 1356 2825 et
1385 2786 1490 2824 non
1530 2785 1743 2840 possum
1785 2769 2016 2824 humana

439 2859 642 2920 ratione
666 2863 1067 2935 deprehendere
1091 2861 1360 2934 quomodo
1382 2862 1483 2917 hoc
1502 2862 1822 2916 sitfuturum
1854 2878 1867 2913 :
1895 2861 2019 2914 licet

443 2957 588 3028 prius
629 2955 945 3029 crediderim
972 2955 1127 3010 dictis
1157 2953 1292 3017 tuis,
1340 2963 1605 3024 tamquam
1636 2951 1880 3005 videlicet
1905 2965 1935 3004 a
1968 2959 2019 3005 te

445 3049 681 3120 prolatis,
712 3050 804 3122 qui
835 3058 985 3117 potes
1010 3047 1059 3101 id
1089 3046 1230 3118 quod
1257 3062 1362 3100 non
1388 3052 1488 3112 est,
1520 3057 1573 3098 ut
1597 3044 1682 3108 sit,
1710 3041 1943 3109 efficere,
1967 3052 2021 3122 et

443 3139 619 3216 omnia
648 3139 821 3193 facere
851 3151 904 3193 et
933 3139 1328 3194 transformare.
1361 3137 1475 3192 Non
1509 3137 1663 3208 igitur
1698 3145 1754 3191 ut
1785 3119 2021 3194 incredu-

445 3230 528 3284 lus
552 3229 967 3306 hocinterrogo,
1013 3230 1104 3284 sed
1135 3230 1255 3302 quia
1285 3229 1472 3281 iterum
1504 3226 1630 3280 mihi
1670 3225 2019 3282 hereditatem

446 3322 721 3396 nominas,
769 3323 1010 3376 volebam
1041 3333 1094 3376 et
1120 3322 1349 3386 crassius
1387 3329 1547 3392 atque
1576 3319 1769 3373 Clarius
1813 3319 2020 3390 signum

445 3413 704 3490 accipere,
732 3413 869 3484 quod
896 3415 1059 3481 possit
1085 3413 1320 3466 inlirmas
1349 3428 1493 3466 meas
1519 3412 1865 3482 cogitationes
1897 3411 2023 3464 soli-

445 3505 596 3560 dare.
623 3506 756 3573 Quid
787 3507 942 3576 igitur
972 3505 1144 3575 bonus
1175 3506 1464 3560 Dominus?
1493 3505 1691 3559 Morem
1728 3521 1915 3575 gerens
1943 3502 2023 3557 fa-

449 3596 593 3649 mulo
619 3612 738 3662 suo,
783 3607 837 3650 et
867 3595 1050 3651 volens
1077 3597 1191 3665 ejus
1221 3597 1567 3650 corroborare
1613 3597 1862 3660 animam,
1894 3611 2022 3666 quo—

449 3689 588 3744 niam
642 3689 770 3742 vidit
817 3692 1156 3756 conliteutcm
1188 3706 1334 3744 suam
1366 3689 1801 3753 imbecillitatem,
1830 3699 1884 3744 et
1911 3705 2028 3744 ere-

445 3780 660 3863 dentem
687 3781 903 3854 quidem
931 3782 1285 3851 promissioni,
1309 3783 1611 3851 cupientem
1631 3791 1805 3836 autem
1830 3781 2028 3834 certio-

445 3887 502 3926 ra
555 3871 794 3940 quaedam
841 3882 1148 3946 argumenta
1196 3873 1457 3942 occipere,
1488 3874 1614 3927 dicit
1656 3874 1705 3926 ei
1735 3891 1749 3928 :
1782 3873 1834 3927 9.
1869 3873 2029 3927 Smne

447 3965 568 4017 mihi
595 3980 793 4017 vaccam
825 3966 1065 4019 triennem
1085 4008 1101 4032 ,
1133 3976 1176 4018 et
1206 3983 1413 4034 capram
1447 3967 1680 4029 trimam,
1713 3975 1760 4018 et
1799 3965 2023 4030 arietem,

445 4064 491 4108 et
522 4065 782 4118 turturem,
805 4066 848 4108 et
880 4057 1180 4108 columbum.
1212 4056 1342 4110 Vide
1369 4057 1636 4126 quomodo
1665 4072 1814 4115 more
1839 4055 2030 4108 huma-

449 4160 519 4201 no
549 4145 645 4198 init
672 4161 791 4215 cum
814 4162 878 4198 eo
906 4144 1128 4201 foedera.
1156 4148 1610 4213 Quemadmodum
1633 4147 1773 4208 enim
1807 4163 1904 4209 nos
1933 4147 2030 4202 ho—

451 4235 642 4302 mines,
669 4237 880 4308 quando
917 4237 1110 4307 aliquid
1140 4240 1529 4307 promittimus,
1561 4249 1613 4292 et
1640 4240 1883 4293 volumus
1921 4255 2028 4295 cer-

450 4334 560 4379 tum
589 4326 812 4382 reddere
836 4344 955 4383 eum
976 4330 1061 4383 cui
1089 4329 1369 4399 promissio
1391 4329 1469 4394 fit,
1496 4331 1564 4383 ita
1589 4339 1644 4384 ut
1663 4330 1729 4384 de
1756 4332 2029 4400 promissis

451 4416 580 4471 nihil
608 4419 859 4488 ambigat,
892 4422 1098 4491 signum
1141 4422 1350 4491 aliquod
1377 4423 1585 4490 damus,
1608 4433 1663 4479 et
1694 4425 1878 4496 pignus
1910 4424 1982 4495 (ιι)
2006 4465 2022 4489 ,

451 4517 507 4560 ut
548 4508 613 4562 ad
659 4508 783 4562 illud
829 4521 1110 4579 spectans,
1152 4513 1290 4568 scire
1318 4525 1476 4584 queat
1522 4499 1783 4586 promissa
1813 4517 2030 4571 omnino

448 4610 701 4654 eventura
733 4618 746 4654 :
777 4602 845 4655 ita
885 4611 939 4659 et
977 4605 1236 4675 benignus
1273 4606 1559 4672 Dominus,
1595 4618 1868 4678 postquam
1897 4607 2031 4662 dixit

448 4691 646 4754 Abram
678 4709 691 4744 :
726 4692 991 4760 Quomodo
1029 4697 1364 4767 cognoscam?
1403 4698 1602 4768 inquit,
1649 4698 1788 4752 Ecce
1831 4706 1884 4751 et
1929 4699 2031 4753 hoc

451 4782 544 4837 tibi
576 4783 818 4852 prmbeo;
861 4787 1016 4840 Sume
1043 4787 1165 4840 mihi
1189 4803 1388 4842 vaccam
1418 4791 1658 4843 triennem
1679 4831 1691 4852 ,
1731 4800 1777 4843 et
1818 4807 2026 4860 capram

450 4873 669 4940 trimam,
699 4885 747 4928 et
770 4881 996 4945 arietant,
1017 4888 1064 4932 et
1086 4888 1348 4945 turturem,
1379 4890 1425 4933 et
1448 4880 1750 4944 columbam.
1777 4881 2026 4947 Attende,

448 4965 694 5035 obsecro,
745 4967 796 5021 in
847 4979 1096 5038 quautam
1137 4971 1543 5026 crassitudinem
1599 4972 2028 5028 descendendum

447 5055 549 5111 sibi
577 5055 789 5112 duxerit
814 5058 987 5114 bonus
1017 5060 1270 5115 Dominus
1291 5101 1306 5127 ,
1338 5076 1443 5132 quo
1485 5062 1838 5132 patriarcham
1882 5046 2032 5135 argu-

447 5230 586 5342 sciin)
619 5231 702 5282 Illa
722 5233 860 5299 signa
893 5242 962 5310 et.
986 5236 1188 5300 pignora
1221 5239 1514 5289 vocabantur
1553 5241 1715 5300 etiam,
1761 5239 1983 5303 symbolo
2011 5254 2031 5292 :

537 5301 636 5342 lcet
657 5302 861 5342 tesserae
882 5299 1058 5342 mttbus
1095 5301 1214 5342 ﬁdus
1254 5301 1331 5342 vel
1362 5302 1653 5342 exhibenda-
1679 5303 1756 5342 vml
1781 5304 1872 5342 inm
1898 5304 2031 5342 nubi.

657 5302 861 5368 tessera:
882 5299 1058 5361 quibus
1095 5301 1214 5352 fides
1254 5301 1333 5368 vel
1362 5302 1654 5362 exhibenda,
1679 5303 1758 5354 vel
1775 5299 1873 5365 iam
1898 5304 2032 5360 exhi-

569 5351 924 5432 siglliﬁgiiauﬁ'
944 5375 957 5432 ἲ
986 5351 1221 5432 εετθιιὲαιιβ
1243 5365 1385 5432 signa!
1397 5351 2032 5432 CQIiEI‘Vactu's,‘iteibdueiiia-

446 5414 850 5495 viiii-fmtleris
890 5424 1016 5495 inter
1051 5414 1316 5488 pr'iticipes‘,’
1341 5414 1450 5495 _sive
1496 5427 1623 5495 inter
1657 5414 1884 5495 populos._
1904 5414 2032 5476 Inier

441 5479 661 5548 .§y,lﬂ)0in
677 5480 956 5548 huiusmodi
975 5479 1128 5548 ﬁgura
1145 5479 1318 5537 manus
1335 5487 1561 5538 humanae
1587 5479 1783 5538 lorinam
1806 5489 2034 5538 referens

449 5538 605 5614 iocum
625 5538 854 5614 habebat.
881 5538 1060 5614 Manu‘m
1086 5548 1353 5614 huiusmodi
1367 5549 1689 5614 exhibuimus
1705 5550 1828 5600 libro
1848 5550 2033 5614 de_An-

445 5606 672 5716 glriutc
695 5606 1036 5671 explanatione
1056 5616 1108 5661 et
1142 5606 1471 5663 schematibus
1487 5610 1724 5664 illustrata
1745 5619 1891 5662 't'omo
1906 5611 1955 5674 5,
1979 5625 2028 5677 p.

2086 775 2257 830 neque
2298 757 2349 812 in
2394 772 2585 811 vanum
2630 755 2789 808 etiam
2840 763 3045 820 tempus
3085 745 3370 818 designari.
3413 739 3677 796 Trienuia
3770 739 3771 794 1

2085 852 2226 906 enim
2255 849 2496 917 accipere
2519 847 2677 914 jussit
2705 867 2719 902 :
2753 844 2853 899 hoc
2891 851 3000 904 est,
3049 838 3280 910 perfecta
3323 843 3377 889 et
3402 830 3677 887 absoluta.

2091 941 2157 995 Et
2185 941 2349 995 divisit
2373 957 2430 995 ea
2456 940 2506 993 in
2528 939 2657 992 duas
2695 946 2863 1008 partes
2895 950 2914 988 :
2944 943 2990 988 et
3021 942 3256 997 utrasque
3279 938 3446 1000 partes
3471 927 3608 978 inter
3630 938 3680 974 se

2093 1037 2256 1108 posuit
2297 1035 2527 1088 obvcrsas
2550 1049 2567 1095 ;
2591 1047 2706 1085 aves
2732 1039 2898 1084 autem
2928 1043 3027 1079 non
3048 1010 3234 1077 divisit.
3262 1021 3326 1074 Et
3345 1019 3548 1074 sedens
3578 1016 3678 1067 oh-

2093 1128 2370 1190 servabat,
2400 1137 2458 1180 ut
2499 1139 2565 1179 ne
2592 1131 2808 1194 possent
2847 1120 3044 1174 divisas
3084 1125 3262 1186 partes
3292 1112 3489 1167 laedere
3517 1108 3680 1161 adi-o-
3770 1147 3771 1180 ι

2094 1221 2264 1276 lantes
2291 1232 2444 1280 aves,
2467 1227 2520 1272 et
2554 1231 2648 1284 per
2674 1222 2835 1267 totam
2857 1211 2997 1265 diem
3031 1209 3131 1262 hoc
3159 1205 3332 1260 facere
3359 1215 3679 1272 persevera-

2096 1313 2205 1366 bat.
2243 1311 2325 1364 H.
2356 1306 2728 1361 Descendertmt
2757 1313 2921 1354 autem
2960 1316 3074 1352 ares
3102 1296 3216 1349 alia:
3247 1298 3298 1346 in
3325 1308 3547 1360 carpam
3573 1306 3684 1352 qua!

2097 1403 2255 1456 divisa
2284 1409 2424 1454 erant
2449 1415 2466 1451 :
2487 1407 2532 1449 et
2571 1396 2696 1449 sedit
2725 1410 2838 1445 cum
2863 1392 2932 1444 eis
2971 1388 3173 1441 Abram.
3220 1385 3301 1438 12.
3351 1383 3582 1449 Cumque
3613 1381 3686 1431 sol

2089 1494 2202 1564 jam
2228 1489 2570 1551 occumberet,
2603 1485 2749 1539 irruit
2779 1482 2980 1536 ecstasis
3010 1481 3059 1531 in
3099 1478 3301 1539 Abram,
3327 1485 3369 1527 ct
3397 1489 3512 1524 cere
3541 1473 3688 1522 timor

2101 1600 2314 1654 magnus
2337 1592 2380 1636 et
2404 1578 2686 1634 tenebrosus
2708 1575 2886 1628 invasit
2908 1589 3038 1625 eum.
3068 1569 3240 1637 Quare
3269 1576 3512 1634 tempore
3536 1578 3685 1615 ocea-

2103 1652 2202 1738 sus
2235 1674 2397 1740 solis,
2438 1687 2557 1726 cum
2597 1668 2707 1739 jam
2745 1665 2810 1719 ad
2859 1677 3136 1732 vesperam
3166 1657 3512 1712 inclinaretur
3539 1652 3689 1706 dies?

2103 1766 2235 1835 Quia
2257 1762 2502 1818 omnibus
2529 1758 2699 1814 modis
2724 1756 3062 1811 attentiorem
3083 1767 3203 1807 eum
3227 1749 3401 1802 facere
3429 1743 3578 1809 vult;
3609 1742 3686 1796 id-

2104 1873 2171 1914 eo
2215 1855 2436 1914 ecstasis
2465 1862 2520 1909 et
2549 1853 2706 1906 timor
2742 1861 2966 1920 magnus
3015 1856 3071 1900 et
3124 1841 3437 1898 tenebrosus
3490 1835 3692 1892 invadit

2108 1967 2252 2018 cum,
2276 1958 2336 2005 ut
2358 1963 2456 2020 per
2480 1946 2656 2002 omnia
2681 1960 2800 2014 qua:
2823 1944 2971 2006 fiunt,
2991 1939 3185 2004 sentiat
3205 1952 3265 1994 se
3289 1935 3475 1990 videre
3501 1933 3691 1987 Deum:

2109 2056 2231 2107 eum
2253 2039 2394 2096 enim
2422 2053 2624 2093 morem
2657 2036 2795 2091 Deus
2823 2033 3018 2105 ubique
3043 2030 3224 2085 habet.
3249 2027 3383 2082 Nam
3415 2035 3469 2080 et
3510 2034 3694 2094 postea

2111 2132 2322 2202 quando
2354 2129 2489 2186 Mosi
2535 2129 2588 2184 iu
2625 2139 2807 2185 monte
2841 2127 2987 2182 Sinai
3026 2123 3248 2191 daturus
3287 2127 3404 2175 erat
3441 2117 3617 2187 legem
3645 2124 3697 2168 et

2113 2224 2381 2289 mandata,
2403 2221 2664 2288 Tenebris,
2691 2219 2881 2290 inquit,
2909 2228 2954 2272 et
2974 2216 3139 2288 caligo
3163 2224 3288 2278 erat,
3308 2220 3353 2266 et
3376 2227 3524 2265 mons
3547 2208 3697 2279 [umi—

2110 2319 2262 2392 gabat
2288 2316 2483 2387 (Exod.
2507 2315 2594 2371 19.
2620 2315 2731 2388 18).
2762 2314 2984 2383 Propter
3009 2312 3111 2366 hoc
3135 2319 3190 2364 et
3206 2307 3477 2377 Scriptura
3510 2303 3697 2372 inquit,

2119 2413 2215 2480 Qui
2241 2411 2400 2483 tangit
2423 2418 2636 2473 montes,
2665 2419 2712 2461 et
2733 2407 2983 2479 fumigant
3007 2401 3176 2474 (Psal.
3205 2401 3327 2455 103.
3358 2397 3479 2465 '52).
3511 2396 3699 2450 Enim-

2118 2522 2246 2560 vero
2273 2505 2394 2576 quia
2446 2503 2818 2571 incorporeum
2847 2498 3027 2562 videre
3072 2511 3167 2566 per
3213 2491 3495 2548 sensibiles
3544 2489 3703 2543 hosce

2117 2597 2300 2653 oculos
2345 2611 2452 2649 non
2487 2603 2569 2660 est
2592 2591 2878 2664 possibile,
2906 2589 3025 2646 ideo
3054 2601 3203 2641 suam
3229 2583 3384 2639 nobis
3431 2581 3700 2652 Operatio-

2119 2707 2244 2746 uem
2269 2687 2570 2760 signiﬁcare
2597 2686 2727 2741 vult.
2759 2685 2918 2754 Igitur
2944 2680 3194 2752 quoniam
3223 2676 3483 2732 attonitus
3508 2685 3568 2729 et
3590 2689 3702 2743 per-

2118 2781 2296 2837 culsus
2350 2789 2468 2836 erat
2511 2778 2690 2834 animo
2728 2776 2902 2847 justus
2948 2774 3059 2840 ille,
3085 2781 3140 2827 et
3189 2775 3538 2826 concusserat
3593 2765 3707 2836 ejus

2121 2885 2353 2932 mentem
2392 2873 2572 2939 timor,
2599 2881 2654 2926 et
2690 2885 2809 2942 quae
2850 2866 3143 2936 contigerat
3183 2862 3403 2918 ecstasis
3435 2879 3450 2914 :
3496 2859 3705 2913 Dictum

2122 2975 2227 3033 est,
2254 2965 2452 3036 inquit.
2474 2963 2540 3019 ad
2562 2979 2683 3019 eum
2713 2980 2727 3016 :
2765 2961 2970 3023 Dixisti,
2993 2955 3257 3027 quomodo
3283 2965 3634 3025 cognoscam,
3655 2959 3706 3004 et

2123 3060 2333 3130 signum
2365 3055 2576 3110 voluisti
2614 3054 2884 3123 accipere,
2917 3066 3024 3122 quo
3061 3056 3219 3121 pacto
3246 3056 3446 3102 terram
3472 3046 3616 3098 hanc
3657 3041 3705 3094 in

2121 3149 2476 3206 hereditatem
2506 3159 2848 3217 possessorus
2887 3142 2980 3196 sis.
3023 3141 3160 3196 Ecce
3199 3138 3270 3194 do
3314 3138 3406 3193 tibi
3445 3137 3704 3206 signum:

2126 3258 2314 3312 magna
2339 3243 2484 3296 enim
2512 3240 2603 3294 tibi
2634 3253 2767 3310 opus
2793 3245 2874 3292 est
2914 3235 3036 3303 fide,
3083 3242 3139 3288 ut
3166 3232 3304 3294 scias
3344 3245 3432 3285 me
3455 3242 3622 3300 posse
3646 3241 3708 3282 ex

2127 3336 2418 3406 desperatis
2443 3333 2603 3393 rebus
2625 3330 2890 3404 quoslibet
2929 3329 2981 3382 in
3021 3342 3171 3396 spem
3199 3326 3393 3381 bonam
3416 3322 3705 3376 adducere.

2130 3431 2217 3492 15.
2245 3427 2314 3482 Et
2341 3427 2530 3496 dictum
2568 3435 2639 3479 est
2683 3423 2750 3477 ad
2777 3423 2960 3476 Abram
2994 3434 3013 3474 :
3039 3418 3349 3490 Cognoscens
3374 3417 3503 3472 scies
3524 3456 3543 3480 ,
3581 3414 3710 3482 quod

2129 3522 2444 3594 peregrinum
2479 3521 2572 3574 erit
2609 3535 2776 3572 semen
2815 3526 2956 3568 tuum
2981 3515 3032 3566 in
3062 3523 3192 3566 terra
3227 3528 3325 3564 non
3352 3526 3476 3573 sua,
3523 3519 3574 3562 et
3601 3511 3712 3562 red-

2129 3616 2262 3686 igent
2291 3629 2373 3668 eos
2402 3613 2452 3665 in
2481 3611 2787 3672 servitutem,
2819 3619 2865 3661 et
2896 3607 3112 3677 afﬂigeut
3131 3647 3148 3669 ,
3179 3612 3222 3656 et
3249 3602 3590 3654 humiliabunt
3630 3618 3710 3654 eos

2125 3706 2277 3760 annis
2294 3702 2691 3776 quadringentis.
2717 3701 2799 3778 14.
2830 3697 3034 3753 Gentem
3066 3706 3231 3749 autem
3260 3694 3342 3748 cui
3366 3695 3607 3757 servient,
3628 3694 3710 3761 ju-

2131 3799 2310 3868 dicabo
2335 3815 2424 3869 ego
2443 3814 2462 3851 :
2493 3806 2662 3872 postea
2681 3805 2848 3848 autem
2869 3791 3180 3861 egrediantur
3203 3789 3300 3842 huc
3321 3804 3436 3840 cunt
3459 3796 3710 3858 apparats

2131 3894 2310 3964 multo.
2336 3891 2518 3961 Magna
2533 3899 2663 3957 sunt
2689 3887 2802 3946 hate
2831 3885 2993 3946 dicta,
3026 3893 3074 3936 ct
3103 3897 3219 3952 qum
3246 3880 3484 3933 animum
3509 3878 3711 3930 virilem

2131 3965 2458 4052 desiderent,
2483 3980 2576 4050 qui
2602 3976 2962 4040 transcendat,
2991 3985 3044 4030 et
3065 3975 3197 4027 infra
3228 3986 3286 4025 se
3318 3971 3590 4039 relinquat
3620 3970 3712 4020 hu-

2133 4089 2286 4129 mana
2314 4073 2514 4126 omnia.
2551 4071 2660 4124 Nisi
2681 4069 2824 4146 enim
2847 4080 3186 4144 generosum,
3216 4061 3431 4126 fortem,
3465 4070 3522 4115 et
3550 4061 3712 4130 philo-

2133 4165 2414 4236 sophicnm
2448 4163 2688 4217 animum
2724 4160 2997 4215 habuisset
3042 4157 3358 4226 patriarcha,
3388 4163 3540 4207 tanta
3574 4161 3714 4207 erant

2135 4258 2270 4323 hate,
2295 4266 2353 4314 ut
2372 4256 2685 4326 perturbare
2706 4253 3021 4322 potuissent.
3042 4249 3353 4319 Cognoscens
3373 4245 3710 4314 ‘scies,inqnit,

2133 4349 2266 4424 quod
2287 4347 2601 4420 peregrinum
2617 4345 2706 4399 erit
2726 4358 2890 4396 semen
2911 4352 3051 4394 tuum
3072 4341 3122 4400 in
3139 4349 3269 4396 terra
3288 4354 3390 4391 non
3409 4354 3526 4399 sua,
3548 4348 3593 4390 et
3609 4339 3716 4389 red.

2131 4442 2269 4512 igent
2301 4455 2384 4494 eos
2421 4439 2472 4492 in
2500 4437 2786 4493 servitutem
2805 4475 2820 4500 ,
2851 4444 2895 4486 et
2916 4433 3152 4502 afﬂigant,
3190 4438 3236 4484 et
3277 4429 3620 4482 lmmiliabunt
3645 4446 3718 4481 eos

2135 4536 2282 4590 annis
2303 4530 2700 4604 quadringentis.
2727 4526 2932 4582 Gentem
2948 4535 3113 4577 autem
3130 4523 3210 4574 cui
3231 4522 3468 4586 servient,
3478 4519 3718 4591 judicabo

2135 4643 2226 4700 ego
2249 4642 2267 4681 :
2297 4634 2408 4696 post
2433 4623 2540 4681 hac
2560 4622 2874 4692 egrediantur
2894 4619 2991 4672 huc
3013 4633 3126 4670 cum
3150 4624 3405 4693 apparatu
3432 4614 3620 4668 multo.

2206 4718 2259 4774 5.
2299 4716 2377 4772 Ne
2401 4714 2700 4778 admireris,
2735 4711 2924 4782 inquit,
2955 4709 3180 4782 teipsum
3211 4707 3531 4776 respiciens,
3561 4717 3616 4762 et
3636 4721 3717 4760 se-

2136 4812 2281 4866 nium
2303 4819 2474 4876 tuum,
2499 4817 2553 4862 et
2577 4806 2722 4862 Sara:
2739 4804 3068 4860 sterilitatem
3085 4812 3138 4858 et
3166 4811 3374 4856 uterum
3401 4801 3525 4869 ejus
3547 4817 3717 4855 entor-

2137 4913 2284 4958 tuum
2314 4918 2328 4956 :
2357 4910 2412 4955 et
2452 4914 2522 4955 ne
2563 4908 2716 4967 putes
2748 4910 2994 4965 magnum
3035 4891 3231 4964 aliquid
3258 4906 3379 4945 esse
3410 4892 3558 4961 quod
3586 4891 3714 4951 dixi,

2137 4993 2334 5050 Semini
2362 5001 2448 5046 tuo
2469 4990 2598 5048 dabo
2625 4999 2807 5041 terram
2832 4986 2981 5039 hanc.
3006 4984 3118 5039 Non
3141 4983 3310 5038 solum
3328 4983 3475 5036 enim
3508 4982 3611 5036 hoc
3633 4983 3714 5035 tibi

2137 5085 2386 5156 prtcdico,
2409 5080 2504 5136 sed
2523 5080 2660 5142 addo
2686 5077 2808 5133 illud
2837 5077 3006 5147 ipsmn
3036 5091 3215 5130 semen
3244 5083 3389 5142 tuum
3417 5075 3469 5126 in
3499 5073 3716 5127 alienam

2139 5189 2333 5234 terram
2374 5172 2742 5230 abducendum
2772 5185 2909 5225 esse.
2943 5168 3057 5222 Non
3088 5167 3255 5231 dixit,
3298 5166 3351 5221 in
3386 5163 3715 5237 Egyptum,

2138 5285 2310 5339 neque
2349 5266 2598 5324 indicavit
2645 5277 2797 5319 terra:
2839 5277 3030 5317 nomen
3058 5278 3073 5314 :
3101 5260 3192 5315 sed
3223 5258 3391 5324 dixit,
3431 5259 3485 5312 In
3530 5270 3715 5311 terram

2138 5377 2244 5416 non
2267 5375 2418 5416 suam
2449 5375 2462 5410 :
2493 5366 2548 5412 et
2580 5356 2886 5410 servitutem
2924 5353 3113 5416 ferent,
3136 5361 3187 5405 et
3209 5349 3486 5418 ,n'tisgeriam
3514 5365 3530 5403 :
3567 5350 3712 5416 idque

2140 5471 2244 5515 non
2272 5453 2336 5508 ad
2365 5453 2523 5507 breve
2552 5461 2759 5520 tempus
2779 5490 2792 5511 ,
2837 5462 3009 5524 neque
3045 5445 3108 5498 ad
3141 5459 3430 5513 paucorum
3463 5459 3712 5512 annorum

2139 5563 2438 5611 numerum,
2469 5545 2562 5600 sed
2595 5558 2763 5612 usque
2785 5542 2850 5595 ad
2892 5540 3304 5611 quadrigeutus
3328 5553 3520 5590 annos.
3555 5535 3712 5590 Ultio-

2120 5657 2263 5728 metu
2290 5655 2420 5696 sane
2445 5639 2513 5694 de
2537 5639 2602 5694 iis
2627 5651 2726 5708 ego
2757 5651 2984 5700 sumant,
3013 5645 3064 5689 et
3094 5642 3305 5704 gentem
3332 5630 3477 5697 illam
3504 5629 3712 5684 servitu
