3750 6242
77 253 184 313 545

76 371 174 441 τὴν
204 367 575 440 Παλαιστίνην
591 364 912 440 ἐϐουλόμην,
940 369 1034 423 καὶ
1056 371 1273 438 ἀφεῖναι
1288 369 1387 441 τὴν
1400 370 1661 442 πατρῴαν

73 459 270 522 οἰκίαν,
291 458 386 511 καὶ
397 457 571 511 ἐλθεῖν
588 459 667 520 είς
681 456 777 528 τὴν
790 457 895 527 γῆν
907 456 1133 527 ταύτην,
1150 458 1235 511 ἵνα
1249 458 1348 530 κλη
1359 460 1663 529 ρονομήσῃς

27 578 33 587 ι
72 549 265 618 αὑτήν.
286 545 651 616 Λογιζόμενος
675 546 858 599 τοίνυν
876 547 1007 618 ὅσης
1025 546 1349 619 ἀπήλαυσας
1380 564 1455 601 πα
1466 544 1660 617 ρῚιμοῦ

73 624 354 708 προνοίας,
385 634 444 701 ἐξ
464 637 588 690 ὅτου
621 632 719 707 τὴν
753 635 1027 691 Χαλδαίαν
1053 638 1346 700 κατέλιπες
1374 637 1536 706 μέχρι
1563 635 1657 689 τοῦ

71 725 362 794 παρόντος,
398 723 493 776 καὶ
521 724 670 787 ὅπως
687 725 994 797 περιφανὴς
1011 725 1245 794 γέγονας
1265 724 1388 778 καθ’
1419 724 1659 794 ἑκάστην

68 812 451 884 λαμπρότερος
496 809 847 883 δεικνύμενος
889 814 954 867 ἐκ
996 814 1095 882 τῆς
1140 815 1279 885 ἐμῆς
1316 813 1653 885 συμμαχίας,

68 901 163 955 καὶ
197 901 297 971 τῆς
329 901 456 973 περὶ
490 900 550 953 σὲ
581 900 934 970 κηδεμονίας,
973 902 1249 975 θάρσησον
1272 903 1362 955 καί⁵
1388 905 1500 963 τοῖς
1524 899 1654 972 παρ’

66 989 205 1059 ἐμοῦ
256 988 596 1059 λεγομένοις.
646 985 800 1053 Εἶδες
853 990 1267 1062 φιλανθρωπίας
1307 989 1651 1061 ὑπερϐολήνς

66 1074 210 1141 εἶδες
248 1078 710 1147 συγκαταϐάσεως
750 1078 1016 1149 μέγεθος;
1051 1078 1168 1143 πῶς
1196 1078 1361 1132 αὑτοῦ
1405 1078 1654 1151 στηρίξαι

67 1164 320 1235 βούλεται
350 1165 449 1237 τὴν
482 1165 683 1235 ψυχὴν.
722 1166 816 1218 καὶ
863 1164 1217 1238 βεϐαιοτέραν
1250 1166 1412 1220 αὑτοῦ
1440 1172 1534 1238 τὴν
1562 1166 1648 1220 πί-

66 1272 184 1306 στιν
214 1255 578 1327 ἐργάσασθαι,
605 1256 690 1308 ἵνα
731 1258 804 1325 μὴ
839 1256 936 1329 ἔχῃ
961 1256 1145 1309 λοιπὸν
1169 1258 1299 1328 ὁρᾷν
1318 1257 1454 1329 πρὸς
1473 1257 1541 1311 τὰ
1556 1257 1654 1327 τῆς

65 1344 284 1414 φύσεως
338 1345 655 1415 κωλύματα,
702 1346 838 1399 ἀλλὰ
895 1347 992 1418 τὴν
1021 1347 1251 1419 δύναμιν
1308 1349 1504 1402 ἐννοῶν
1558 1347 1652 1401 τοῦ

63 1433 560 1503 ἐπαγγειλαμένου,
613 1434 688 1497 ὡς
715 1435 816 1502 ἤδη
844 1435 952 1486 τῶν
991 1436 1338 1506 ὑποσχέσεων
1369 1437 1449 1499 εἰς
1493 1435 1653 1510 ἔργον

64 1521 462 1592 ἐκϐεϐηκυιῶν.
496 1522 640 1575 οὕτω
673 1521 895 1594 θαρρεῖν
929 1523 1063 1593 ἔχῃς

133 1646 354 1714 β’.“Αλλ’
369 1646 468 1715 ὅρα
483 1645 645 1698 πάλιν
655 1644 746 1698 τὸν
760 1645 1125 1717 πατριάρχην,
1145 1643 1327 1715 ἐπειδὴ
1341 1645 1451 1716 παῤ
1459 1646 1526 1715 ρη
1535 1643 1654 1696 σίαν

60 1733 259 1786 ἔλαϐεν
295 1736 359 1786 ἐκ
388 1735 496 1785 τῶν
526 1734 852 1804 εἰρημένων,
876 1733 993 1795 πῶς
1026 1733 1248 1785 πλείονα
1277 1732 1653 1803 πληροφορίαν

60 1820 333 1892 ἐπιζητεῖ.
359 1821 531 1888 Φησὶ.
555 1820 683 1892 γὰρ,
710 1821 983 1875 Δέσποτα
1014 1822 1211 1887 Κύριε,
1249 1819 1398 1873 κατὰ
1427 1820 1484 1873 τί
1511 1819 1656 1890 γνώ-

60 1925 241 1961 σοααι
268 1909 467 1971 τοῦτο,
497 1908 587 1961 ὅτι
610 1905 1047 1976 κληρονομήσω
1076 1906 1270 1972 αὑτήν
1291 1925 1309 1972 ;
1332 1907 1392 1960 Εἰ
1412 1907 1505 1960 καὶ
1523 1925 1656 1977 προ-

60 1996 305 2049 λαϐοῦσα
336 1999 369 2067 ἡ
405 1997 525 2050 θεία
568 1996 758 2066 Γραφὴ
792 1995 1175 2067 ἐμαρτύρησεν
1212 1995 1381 2064 αὐτῷ,
1416 1996 1497 2049 ὅτι
1531 1994 1654 2049 ἐπί-

60 2104 257 2139 στευσε
288 2090 401 2148 τοῖς
420 2086 569 2156 παρά
599 2084 693 2138 τοῦ
716 2084 850 2138 Θεοῦ
876 2085 1108 2155 ῥηθεῖσι,
1132 2084 1199 2137 δι’
1225 2086 1253 2137 ὃ
1280 2086 1374 2138 καὶ
1402 2083 1653 2155 ἐλογίσθη

59 2175 213 2245 αὐτῴ
254 2175 336 2238 εἰς
359 2173 727 2244 δικαιοσύνην,
763 2173 878 2227 ἀλλ’
910 2175 1058 2242 ὅμως
1078 2172 1264 2245 ἐπειδὴ
1297 2174 1545 2244 ἤκουσεν.
1573 2174 1653 2227 ὅτι

57 2264 145 2316 διὰ
165 2262 670 2332 τοῦτοῈξήγιιγόν
692 2278 764 2316 σε
789 2263 857 2316 ἐκ
877 2261 1321 2332 γῆςΧαλδαίας,
1343 2261 1499 2314 ὥστε
1518 2260 1656 2316 δοῦ-

56 2354 159 2405 ναί
189 2364 297 2407 σοι
336 2352 451 2417 τὴν
488 2350 596 2421 γῆν
645 2352 887 2418 ταύτην.
935 2349 1389 2419 κληρονομῆσαι
1434 2348 1653 2417 αὐτὴν,

57 2441 215 2510 φησί·
244 2443 362 2503 τοῖς
386 2441 482 2508 μὲν
501 2439 651 2509 παρά
668 2439 760 2492 σοῦ
782 2438 1094 2507 λεγομένοις
1128 2439 1225 2509 οὐχ
1245 2432 1356 2491 οἷόν
1378 2438 1438 2490 τέ
1462 2455 1529 2507 με
1544 2436 1657 2490 δια-

58 2528 354 2599 πιστῆσαιο
377 2527 490 2580 ἀλλ’
505 2528 653 2596 ὅμως
670 2525 971 2596 ἐϐουλόμην
1000 2525 1202 2579 καὶτὸν
1224 2525 1421 2596 τρόπον
1442 2524 1654 2596 μαθεῖν,

56 2614 177 2676 πῶς
200 2614 378 2686 αὐτὴν
411 2612 589 2684 μέλλω
626 2613 1005 2685 κληρονομεῖν.
1044 2614 1187 2685 Ὀρῶ
1216 2614 1323 2685 γὰρ
1350 2613 1447 2667 καὶ
1485 2615 1656 2684 ἐμαυ-

54 2702 146 2754 τὸν
188 2701 381 2755 λοιπὸν
435 2700 569 2771 πρὸς
611 2702 788 2771 γῆρας
835 2700 1154 2772 ἐληλακότα,
1205 2702 1299 2754 καὶ
1346 2701 1510 2772 μέχρι
1559 2699 1654 2753 τοῦ

52 2790 335 2861 παρόντος
365 2788 439 2852 ὡς
468 2787 673 2859 ἀλήτην
715 2787 947 2841 ἐνταῦθα
992 2790 1274 2858 περιιόντα
1292 2801 1317 2829 α
1346 2790 1440 2842 καὶ
1472 2788 1531 2841 οὐ
1561 2787 1654 2841 δύ-

52 2894 236 2947 ναμαι
267 2876 592 2947 ἀνθρωπίνῳ
619 2875 867 2947 λογισμῷ
903 2876 1229 2931 καταλαϐεῖν
1266 2876 1326 2929 τὺ
1355 2876 1614 2947 ἐσόμενον
1637 2892 1651 2906 ⁸

51 2968 101 3019 εί
133 2967 235 3019 καὶ
272 2965 354 3018 ὅτι
392 2963 703 3036 προλαϐὼν,
736 2964 923 3034 φησὶν.
950 2964 1250 3018 ἐπίστευσα
1278 2965 1391 3027 τοῖς
1424 2962 1653 3035 εἰρημέ-

51 3072 190 3120 νοις.
220 3053 323 3108 ἆτε
356 3052 420 3124 δὴ
447 3053 523 3117 ὡς
545 3052 697 3123 παρά
727 3051 819 3105 σοῦ
845 3052 1079 3122 λεχθεῖσι
1107 3052 1200 3106 τοῦ
1236 3051 1537 3123 δυναμένου
1560 3049 1652 3105 καὶ

51 3143 117 3195 ἐκ
144 3140 250 3195 τοῦ
280 3141 354 3211 μὴ
392 3141 544 3204 ὄντος
580 3140 660 3203 εἰς
686 3139 749 3192 τὸ
778 3134 918 3193 εἶναι
950 3138 1314 3211 παραγαγεῖν,
1344 3139 1438 3192 καὶ
1476 3138 1653 3192 πάντα

51 3228 344 3291 ποιοῦντος
382 3228 478 3282 καὶ
524 3226 1047 3298 μετασκευάζοντος.
1082 3228 1156 3280 οὐ
1178 3225 1369 3295 ,τοίνυν
1406 3225 1652 3281 ἀπιστῶν

48 3318 222 3371 τοῦτο
251 3316 481 3390 ἐρωτῶ’
534 3316 648 3369 ἀλλ’
701 3313 888 3387 ἐπειδὴ
942 3315 1104 3369 πάλιν
1152 3316 1251 3386 τῆς
1289 3314 1653 3387 κληρονομίας

50 3408 408 3477 ὑπέμνησας,
460 3405 651 3476 ἡθελον
689 3403 785 3458 καὶ
828 3403 1133 3474 παχύτερόν
1177 3421 1229 3456 τι
1280 3406 1501 3475 σημεῖον
1557 3402 1651 3458 καὶ

48 3494 295 3563 ἐναργὲς
324 3492 599 3559 δέξασθαι,
633 3492 695 3545 τὸ
745 3490 1042 3561 δυνάμενόν
1075 3509 1176 3561 μου
1224 3491 1332 3544 τῶν
1376 3490 1652 3562 λογισμῶν

48 3584 153 3655 τὴν
184 3582 477 3636 ἀσθένειαν
497 3579 827 3654 ἐπιρρῶσαι.
854 3578 918 3631 Τί
944 3574 1035 3632 οὖν
1057 3580 1085 3632 6
1112 3577 1314 3647 ἀγαθὸς
1342 3578 1648 3650 Δεσπότης;

49 3669 525 3739 Συγκαταϐαίνων
548 3667 626 3739 τῷ
652 3667 836 3738 οἰκείῳ
854 3668 1164 3739 θεράποντι.
1201 3666 1295 3719 καὶ
1330 3664 1652 3736 βουλόμενος

47 3758 229 3813 αὑτοῦ
256 3756 526 3829 νευρῶσαι
549 3755 647 3828 τὴν
672 3755 874 3826 ψυχὴν,
901 3753 1090 3825 ἐπειδὴ
1118 3749 1259 3807 εἶδεν
1284 3753 1651 3824 ὁμολογοῦντα

45 3866 154 3920 την
186 3845 402 3899 οἰκείαν
442 3844 747 3907 ἀσθένειαν,
787 3844 879 3896 καὶ
931 3842 1257 3895 πιστεύοντα
1290 3842 1389 3912 μὲν
1421 3844 1486 3911 τῇ
1517 3841 1651 3895 ὐπο-

46 3937 273 4006 σχέσει,
319 3932 642 4002 βουλόμενον
691 3929 747 3984 δὲ
788 3930 1161 4002 πληροφορίαν
1210 3930 1335 3983 τινὰ
1371 3927 1648 3994 δέξασθαι,

48 4044 127 4095 φη
137 4026 196 4076 σὶ
210 4029 348 4093 πρὸς
361 4021 543 4075 αὐτόν’
561 4019 719 4075 Λάϐε
728 4038 829 4089 μοι
839 4019 1097 4088 δάμαλιν
1112 4017 1534 4087 τριετίζὶιυσαν,
1551 4018 1649 4074 καὶ

45 4109 199 4180 αἶγα
216 4107 641 4176 τριετίζουσαν,
664 4107 762 4160 καὶ
786 4107 977 4177 κριόν,
993 4106 1091 4161 καὶ
1124 4108 1402 4175 τρυγόνα,
1422 4106 1517 4159 καὶ
1546 4123 1649 4159 πε.

41 4195 523 4268 ριστεράν.“ορα
551 4194 668 4258 πῶς
689 4193 1047 4265 ἀνθρωπίνως
1069 4196 1302 4245 ποιεῖται
1326 4195 1464 4265 πρὸς
1488 4192 1650 4246 αὐτὸν

48 4283 219 4356 1375]
248 4284 349 4348 τὰς
383 4282 676 4352 συνθήκας.
727 4282 991 4353 Καθάπερ
1031 4282 1141 4352 γὰρ
1181 4282 1275 4334 ἐπὶ
1303 4281 1413 4335 τῶν
1439 4280 1650 4353 ἀνθρώ-

47 4391 202 4435 πων,
250 4373 379 4424 ὅταν
413 4369 519 4423 τινί
554 4368 939 4440 ὑποσχώμεθα,
983 4367 1295 4447 βουλόμενοι
1346 4371 1526 4423 πεῖσαι
1559 4368 1650 4422 τὸν

46 4462 154 4531 τὴν
187 4459 486 4530 ὑπόσχεσιν
507 4456 813 4528 δεχόμενον,
853 4456 992 4509 ὥστε
1027 4455 1104 4527 μὴ
1135 4456 1498 4527 ἀμφιϐάλλειν
1522 4456 1650 4528 περὶ

44 4550 169 4603 τῶν
196 4548 647 4616 ἐπαγγελθέντων
672 4589 686 4613 ,
729 4545 953 4616 σημεῖόν
983 4562 1037 4597 τι
1079 4544 1391 4615 παρέχομεν
1414 4545 1507 4597 καὶ
1536 4545 1650 4598 ἐνέ-

43 4655 252 4708 χυρον,
296 4636 384 4690 ἵνα
416 4635 551 4705 πρὸς
578 4636 753 4687 ἐκεῖνο
783 4633 926 4704 ὁρῶν
954 4631 1147 4685 εἰδέναι
1178 4631 1295 4704 ἔχῃ,
1325 4630 1401 4695 ὡς
1432 4631 1647 4695 πάντως

43 4729 134 4789 εἰς
174 4724 340 4795 ἔργον
374 4723 667 4794 ἐκϐήσεται
714 4721 782 4775 τά
828 4718 1244 4791 ἐπηγγελμένα*
1278 4718 1420 4771 οὕτω
1478 4719 1573 4772 καὶ
1622 4720 1651 4771 ὁ

45 4812 454 4883 φιλάνθρωπος
491 4810 790 4879 Δεσπότης,
827 4806 1011 4878 ἐπειδὴ
1046 4802 1186 4871 εἷπε,
1227 4806 1386 4860 Κατὰ
1417 4806 1473 4859 τί
1505 4804 1652 4875 γνώ-

43 4914 283 4969 σομαι;
315 4898 468 4968 φησὶ,
506 4897 637 4949 Ἰδοὺ
667 4896 760 4948 καὶ
786 4894 942 4947 τοῦτό
975 4911 1058 4947 σοι
1085 4894 1343 4965 παρέχω·
1372 4892 1527 4948 Λάϐε
1549 4912 1651 4964 μοι

41 4988 331 5057 δάμαλιν
357 4982 781 5052 τριετίζουσαν,
815 4983 912 5036 καὶ
940 4978 1077 5053 αἶγα
1107 4982 1530 5051 τριετίζουσαν,
1552 4982 1649 5036 καὶ

43 5075 254 5145 κριὸν,
287 5074 389 5127 καὶ
422 5073 699 5142 τρυγόνα,
742 5071 839 5124 καὶ
898 5070 1273 5139 περιστεράν.
1313 5071 1421 5124 Θέα
1457 5088 1546 5141 μοι
1573 5071 1652 5135 είς

42 5165 243 5234 πόσην
299 5160 585 5231 παχύτητα
638 5159 916 5213 κατελθεῖν
965 5158 1319 5228 καταδέχεται
1368 5159 1396 5211 6
1447 5158 1652 5227 ἀγαθὸς

40 5249 349 5319 Δεσπότης
411 5245 500 5300 διὰ
551 5247 650 5318 τὴν
714 5245 1084 5319 πληροφορίαν
1128 5244 1222 5299 τοῦ
1289 5247 1649 5318 πατριάρχου.

56 5336 303 5407 Ἐπειδὴ
334 5336 442 5404 γὰρ
480 5335 540 5388 τὸ
573 5335 799 5389 παλαιὸν
841 5334 1013 5399 οὕτως
1058 5331 1125 5407 ἦν
1159 5336 1343 5399 αὐτοῖς
1377 5335 1497 5399 ἔθος
1529 5353 1653 5389 συν-

44 5428 241 5499 θήκας
273 5423 565 5487 ποιεῖσθαι,
585 5424 679 5477 καὶ
705 5422 791 5476 διὰ
813 5423 1017 5476 τούτων
1041 5423 1209 5486 αὺτάς
1236 5423 1508 5493 βεϐαιοῦν,
1530 5423 1655 5477 ταύ-

41 5536 159 5589 την
190 5516 290 5569 καὶ
316 5514 476 5577 αὐτὸς
499 5513 716 5589 ἔρχεται
738 5513 836 5585 τὴν
852 5513 993 5573 ὁδόν.
1022 5512 1133 5570 Καὶ
1160 5513 1362 5581 ἔλαϐε,
1381 5512 1535 5585 φησὶ,
1553 5512 1654 5567 καὶ

120 5692 149 5718 ⁸
177 5697 321 5748 Unus
344 5690 592 5757 παριόντα.

1061 252 1129 308 ΙΝ
1169 252 1322 311 CAP.
1362 254 1456 311 XV
1495 253 1741 312 GENES.
1780 253 2015 311 HOMIL.
2058 256 2317 317 XXXVII.

3231 262 3340 321 5η

1764 367 1986 424 διείιεν
2016 371 2166 425 αὐτὰ
2202 374 2385 443 μέσα.
2426 370 2852 444 Παρατηρητέον
2883 371 3001 438 πῶς
3050 374 3114 428 οὐ
3164 377 3341 447 μάτην

1759 456 1879 509 οὐδὲ
1916 459 2039 529 εἰκῆ
2077 460 2171 513 καὶ
2209 462 2301 515 τὸν
2340 462 2530 532 χρόνον
2558 462 2963 532 ἐπεσημήνατο.
2996 462 3342 535 Τριετίζοντα

1734 584 1737 585 ν
1759 543 1866 613 γὰρ
1899 543 2086 598 λαϐεῖν
2102 548 2420 617 προσέταξε,
2448 548 2592 602 τοῦτ’
2610 550 2747 611 ἔστι,
2773 550 2973 614 τέλεια,
2997 550 3344 622 ἀπηρτισμέ-

1758 646 1845 684 να.
1876 632 1985 685 Kal
2004 632 2227 688 διεῖλεν
2248 637 2399 691 αὐτὰ
2416 638 2598 706 μέσα,
2635 637 2733 690 καὶ
2756 638 2972 705 ἔθηκεν
2992 638 3149 692 αὐτὰ
3175 640 3343 693 ἀντι-

1758 719 2052 786 πρόσωπα
2081 722 2409 791 ἀλλήλοις·
2446 725 2519 778 τὰ
2558 725 2634 794 δὴ
2672 726 2849 794 ὄρνεα
2877 728 2950 780 οὐ
2990 725 3199 780 διεῖλε.
3233 727 3343 780 Καὶ

1759 806 2122 879 καθεζόμενος
2162 812 2439 883 ἐπετήρει,
2477 811 2616 867 ὥστε
2645 815 2718 884 μὴ
2752 814 3098 885 λυμήνασθαι
3120 817 3233 877 τοῖς
3264 814 3342 868 δι·-

1755 897 2098 968 χοτομήμασι
2120 899 2188 953 τὰ
2208 900 2553 970 ἐφιπτάμενα
2571 902 2757 973 ὄρνεα,
2780 903 2875 956 καὶ
2900 903 2989 955 διὰ
3012 903 3190 971 πάσης
3215 903 3343 974 ἡμέέ

1757 1000 1860 1054 ρας
1899 982 2061 1038 τοῦτο
2115 988 2286 1041 ποιῶν
2317 988 2560 1043 διετέλει.
2610 989 2837 1057 Κιιτέὅη
2867 991 2935 1043 δὲ
2966 990 3137 1058 ἕτερα
3166 991 3344 1058 ὄρνεα

1752 1070 1852 1125 ἐπὶ
1883 1074 1956 1128 τὰ
1980 1073 2228 1144 σώματα
2261 1077 2332 1130 τὰ
2352 1076 2819 1146 διχοτομηθέντα
2839 1079 2886 1141 ι’,
2908 1078 3006 1132 καί
3021 1079 3342 1133 συνεκάθι-

1752 1176 1867 1214 σεν
1888 1162 2095 1229 αὐτοῖς
2122 1166 2358 1235 Ἀϐραμ.
2383 1166 2521 1233 Περὶ
2556 1166 2624 1218 δὲ
2654 1167 2836 1231 ἡλίου
2864 1166 3102 1235 δυσμὰς
3125 1165 3343 1220 ἐκστα-

1752 1264 1853 1315 σις
1895 1250 2160 1306 ἐπέπεσε
2202 1253 2281 1319 τῷ
2326 1255 2563 1324 Ἅϐραμ,
2608 1254 2708 1307 καὶ
2750 1253 2878 1307 ἰδοὺ
2919 1255 3105 1324 φόϐος
3150 1258 3343 1325 μέγας

1752 1337 1853 1392 καὶ
1887 1340 2201 1407 σκοτεινὸς
2227 1341 2530 1396 ἐπιπίπτει
2563 1340 2743 1407 αὐτῷ.
2788 1341 2946 1403 Τίνος
2988 1342 3173 1396 ἕνεκεν
3213 1343 3341 1414 περὶ

1752 1426 1902 1495 ἡλίου
1956 1427 2186 1498 δυσμὰς,
2231 1429 2320 1482 ὅτε
2364 1428 2547 1483 λοιπὸν
2602 1429 2737 1504 πρὸς
2783 1430 3023 1498 ἑσπέραν
3058 1431 3090 1501 ή
3123 1420 3337 1502 ἡμέρας

1752 1515 1850 1568 Διά
1880 1517 2099 1571 πάντων
2144 1521 2648 1592 προσεκτικώτερον
2693 1521 2856 1574 αὐτον
2887 1521 3134 1589 βούλεται
3169 1520 3338 1590 ἐργά-

1754 1603 1983 1657 σασθαι·
2027 1605 2116 1660 δια
2168 1606 2327 1661 τοῦτο
2388 1607 2480 1660 καὶ
2521 1607 2779 1672 ἔκστασις
2818 1610 2913 1662 καὶ
2958 1602 3122 1678 φόϐος
3170 1611 3341 1679 μέγας

1751 1692 1847 1744 καὶ
1882 1694 2151 1758 σκοτεινὸς
2176 1695 2462 1750 ἐπιπίπτει
2493 1697 2658 1767 αὐτῷ,
2687 1697 2772 1749 ἵνα
2800 1696 2887 1751 διὰ
2909 1698 3018 1750 τῶν
3041 1700 3339 1768 γινομένων

1751 1778 1832 1843 είς
1865 1779 2116 1850 αἴσθησιν
2142 1780 2270 1854 ἕλοῃ
2300 1778 2400 1852 τῆς
2443 1781 2537 1835 τοῦ
2570 1782 2703 1836 Θεοῦ
2735 1784 3024 1848 ὀπτασίας·
3060 1784 3202 1838 οὕτω
3231 1783 3340 1855 γάρ

1752 1866 2009 1920 ἑκάστοτε
2048 1867 2126 1939 τῷ
2169 1869 2287 1940 Θεῷ
2318 1872 2490 1923 ποιεῖν
2524 1870 2663 1933 ἔθος.
2704 1872 2808 1924 Καλ
2854 1872 2963 1943 γὰρ
3003 1872 3163 1943 ἡνίκα
3202 1875 3340 1943 μετὰ

1749 1953 1921 2009 ταῦτα
1949 1956 2027 2026 τῷ
2060 1958 2266 2029 musca
2314 1959 2371 2011 ἐν
2410 1958 2487 2028 τῷ
2520 1958 2717 2028 Σιναίῳ
2757 1959 2871 2030 ὄρει
2907 1960 3095 2029 ἔμελλε
3142 1960 3338 2014 διδόναι

1749 2042 1841 2096 τὸν
1864 2044 2027 2113 νόμον
2048 2045 2143 2096 καὶ
2162 2044 2260 2107 τὰς
2287 2043 2525 2109 ἐντολὰς,
2553 2047 2793 2111 Σκότος.
2816 2047 2971 2117 φησὶ,
2999 2046 3095 2099 καὶ
3114 2049 3337 2101 θύελλα

1748 2124 1848 2199 ἦν,
1881 2134 1980 2185 καὶ
2015 2133 2076 2184 τι)
2105 2132 2242 2199 ὅρος
2276 2133 2577 2193 καπνίζον.
2609 2135 2708 2186 Διά
2746 2134 2905 2188 τοῦτο
2945 2136 3038 2189 καὶ
3073 2138 3105 2207 ἡ
3145 2136 3336 2208 Γρσφή

1752 2237 1940 2292 φησιν,
1970 2221 2033 2272 '0
2062 2223 2397 2289 ἁπτόμενος
2422 2220 2540 2274 τῶν
2571 2221 2774 2289 ὀρέων,
2805 2222 2905 2276 καὶ
2929 2221 3334 2283 καπνίζονται.

1763 2308 1980 2380 Ἐπειδὴ
2017 2307 2127 2379 γὰρ
2157 2308 2266 2361 τῶν
2303 2309 2611 2380 ἀσωμάτων
2654 2328 2704 2362 τι
2743 2310 2868 2365 ἰδεῖν
2905 2311 3002 2380 οὐχ
3028 2307 3215 2364 οἷόντε
3250 2312 3338 2373 διὰ

1748 2396 1858 2449 τῶν
1894 2396 2171 2466 αἰσθητῶν
2212 2397 2418 2450 τούτων
2465 2397 2783 2468 ὀφθαλμῶν,
2839 2399 2936 2470 τὴν
2969 2400 3176 2452 οἰκείαν
3203 2402 3337 2471 ἡμῖν

1750 2484 2031 2555 ἐνέργειαν
2074 2486 2316 2554 σημᾶναι
2379 2484 2648 2555 βούλεται.
2695 2487 2911 2557 Ἐπειδὴ
2947 2482 3126 2540 τοίνυν
3176 2502 3338 2541 κατερ-

1751 2573 1936 2646 πλάγη
1967 2576 1995 2628 ὁ
2026 2574 2235 2639 δίκαιος
2282 2577 2508 2639 ἐκεῖνος,
2548 2579 2641 2630 καὶ
2689 2577 3008 2630 κατέσεισεν
3039 2578 3208 2632 αὐτοῦ
3236 2579 3337 2649 τὴν

1747 2664 1991 2719 διάνοιαν
2014 2668 2043 2719 6
2061 2666 2243 2734 φόϐος,
2268 2668 2363 2719 καὶ
2388 2669 2785 2738 ἡγεγενημένη
2809 2668 3093 2731 ἔκστασις,
3108 2668 3336 2741 ἐρρέθη,

1749 2753 1904 2824 φησὶ,
1929 2752 2065 2823 πρὸς
2084 2748 2468 2818 αὐτόνοεῖπες,
2492 2755 2647 2825 φησι,
2671 2754 2826 2809 Κατά
2844 2756 2895 2807 τί
2911 2754 3189 2825 γνώσομαι
3206 2773 3221 2819 ;
3240 2757 3337 2813 καὶ

1751 2843 1974 2910 σημεῖον
2013 2837 2314 2912 ἐϐουλήθης
2348 2840 2555 2904 λαϐεῖν,
2588 2842 2703 2905 πῶς
2748 2842 2962 2911 μέλλεις
2980 2841 3339 2914 κληρονομεῖν

1748 2927 1846 2999 τὴν
1880 2927 2006 2998 γῆν.
2052 2929 2182 2983 Ἰδοὺ
2222 2928 2413 3000 δίδωμί
2454 2947 2535 2983 σοι
2570 2934 2796 3001 σημεῖον
2822 2947 2836 2960 ’
2888 2930 3089 3002 πολλῆς
3116 2930 3225 3003 γάρ
3256 2932 3341 2988 δεῖ

1750 3033 1810 3069 σε
1843 3017 1939 3086 τῆς
1967 3016 2224 3081 πίστεως,
2257 3017 2343 3070 ἵνα
2387 3018 2584 3091 μάθῃς,
2635 3018 2717 3071 ὅτι
2758 3018 2851 3072 καί
2888 3018 2946 3085 ἐξ
2975 3020 3337 3091 ἀπεγνωσμέ-

1748 3122 1853 3159 νων
1875 3104 2110 3175 δύναμαι
2133 3107 2201 3158 τὰ
2224 3104 2525 3175 πράγματα
2558 3106 2637 3169 εἰς
2663 3107 2908 3176 χρηστὰς
2935 3106 3161 3170 ἐλπίδας
3192 3107 3333 3175 ἀγα·-

1747 3195 1886 3260 γεῖν.
1916 3195 2027 3247 Καὶ
2064 3192 2272 3262 ἐρῤέθη
2300 3194 2450 3261 πρὸς
2482 3195 2725 3265 Ἀϐραμ’
2760 3197 2810 3248 Γ
2815 3193 3086 3248 ινώσκων
3104 3193 3332 3264 γνώσῃ.

1747 3280 1836 3334 ὅτι
1860 3280 2152 3349 πάροικον
2171 3282 2343 3337 ἔσται
2368 3284 2434 3337 τὸ
2450 3287 2692 3352 σπέρμα
2720 3299 2837 3336 σου
2857 3283 2927 3335 ἐν
2948 3281 3023 3353 τῇ
3053 3285 3166 3337 οὐκ
3190 3282 3331 3351 ἰδίᾳ,

1747 3370 1843 3423 καὶ
1868 3368 2294 3428 δουλώσουσιν
2316 3372 2560 3439 αὐτοὺς,
2584 3372 2681 3426 καὶ
2706 3372 3078 3441 κακώσουσι,
3231 3392 3333 3428 τα-

1746 3457 2159 3514 πεινώσουσιν
2186 3460 2290 3530 ἐτη
2315 3464 2693 3529 τετρακόσια.
2735 3462 2804 3515 Τὸ
2827 3458 2896 3514 δὲ
2926 3460 3122 3528 ἔθνος,
3156 3454 3205 3529 ᾧ
3225 3463 3336 3516 ἐὰν

1746 3547 2144 3615 δουλεύσωσι,
2180 3548 2363 3617 κρινῶ
2385 3548 2500 3620 ἐγώ
2530 3566 2545 3579 ⁸
2570 3549 2723 3620 μετὰ
2766 3548 2836 3603 δὲ
2870 3549 3059 3604 ταῦτα
3089 3551 3335 3616 ἐξελεύ-

1747 3648 1961 3690 σονται
1994 3633 2109 3691 ὦδε
2143 3638 2295 3706 μετὰ
2326 3636 2676 3706 ἀποσκευῆς
2721 3637 2979 3706 πολλῆς.
3006 3640 3235 3708 Μεγάλα
3266 3640 3334 3697 τὰ

1747 3723 2037 3796 εἰρημένα,
2092 3727 2187 3779 καὶ
2239 3726 2387 3799 [576]
2429 3727 2609 3797 ψυχῆς
2657 3726 2912 3798 νεανικῆς
2944 3727 3191 3799 δεόμενα,
3236 3730 3334 3782 καὶ

1748 3811 2288 3885 ὑπεραναϐαινούσης
2324 3816 2418 3869 καὶ
2449 3814 2703 3887 ἀφιείσης
2735 3814 2889 3869 κάτω
2922 3817 3099 3869 πάντα
3131 3816 3201 3869 τά
3230 3817 3330 3871 άν-

1748 3898 2017 3970 θρώπινα.
2045 3901 2109 3954 Εἰ
2142 3899 2215 3973 μὴ
2236 3902 2344 3974 γάρ
2370 3902 2624 3971 γενναίαν
2651 3904 2773 3960 τινά
2818 3902 2913 3957 καὶ
2933 3902 3207 3975 ἀνδρείαν,
3235 3905 3333 3957 καὶ

1746 3986 2033 4057 φιλόσοφον
2066 3982 2182 4059 εἷχε
2225 3987 2403 4061 ψυχὴν
2433 3989 2462 4042 6
2496 3989 2863 4062 πατριάρχης,
2896 3990 3070 4045 ταῦτα
3103 3991 3200 4046 κα)⁸
3242 3990 3332 4045 θο-

1747 4073 1982 4144 ρυϐῆσαι
2037 4075 2197 4131 αὐτὸν
2271 4075 2431 4130 ἱκανά
2478 4071 2567 4149 ἦν.
2611 4077 2938 4132 Γινώσκων
2972 4078 3103 4151 γάρ,
3158 4079 3330 4150 φησὶ,

1744 4161 1973 4233 γνώσῃ,
2005 4162 2093 4218 ὅτι
2126 4163 2417 4233 πάροικον
2446 4165 2619 4220 ἔσται
2642 4166 2707 4220 τὸ
2739 4166 2979 4236 σπέρμα
3006 4181 3122 4220 σου
3159 4165 3230 4219 ἐν
3252 4166 3331 4236 γᾶ

1745 4253 1858 4305 οὐκ
1889 4251 2031 4321 ἰδίᾳ,
2083 4253 2181 4306 καὶ
2216 4252 2625 4319 δουλώσουσι,
2669 4254 2767 4308 καὶ
2822 4256 3185 4319 κακώσουσι,
3229 4255 3331 4309 καὶ

1746 4338 2227 4395 ταπεινώσουσιν
2268 4341 2492 4407 αὑτοὺς
2539 4341 2646 4411 ἔτη
2700 4342 3073 4409 τετρακόσια.
3132 4345 3201 4396 Τὸ
3262 4342 3331 4397 δὲ

1745 4427 1939 4495 ἔθνος,
1974 4419 2022 4493 ᾧ
2059 4428 2167 4483 ἐὰν
2210 4424 2611 4493 δουλεύσωσι,
2653 4428 2832 4497 κρινῶ
2875 4428 3023 4500 ἐγώ’
3067 4431 3219 4499 μετὰ
3262 4430 3331 4484 δὲ

1744 4515 1931 4571 ταῦτα
1952 4515 2378 4582 ἐξελεύσονται
2393 4511 2511 4571 ὦδε
2518 4518 2670 4589 μετὰ
2687 4516 3041 4587 ἀποσκευῆς
3062 4518 3328 4588 πολλῆς.

1814 4641 1995 4712 γ’.ηΜὴ
2033 4634 2344 4712 θαυμάσῃς,
2377 4641 2541 4711 φησὶ,
2568 4642 2703 4712 πρὸς
2723 4642 2912 4695 ἑαυτὸν
2933 4642 3075 4714 ὁρῶν
3093 4682 3110 4709 ,
3130 4642 3226 4696 καὶ
3267 4643 3333 4696 τὸ

1745 4731 1924 4801 γῆρας
1957 4730 2017 4784 τὸ
2045 4731 2157 4793 σὺν,
2192 4732 2285 4785 καὶ
2305 4730 2402 4803 τὴν
2430 4732 2529 4802 τῆς
2560 4733 2742 4804 Σάρας
2773 4732 3075 4804 στείρωσιν,
3103 4733 3193 4785 καὶ
3222 4732 3329 4804 τὴν

1746 4819 1848 4889 τῆς
1887 4820 2099 4890 μήτρας
2120 4820 2410 4892 νέκρωσιν,
2438 4821 2531 4873 καὶ
2568 4819 2796 4891 νομίσῃς
2822 4837 2889 4889 με
2922 4819 3063 4889 μέγα
3097 4836 3149 4872 τι
3178 4820 3331 4890 εἰρηο

1747 4907 1921 4972 κέναι,
1955 4908 2037 4961 ὅτι
2062 4902 2214 4961 εἷπον
2237 4925 2251 4939 ο
2288 4906 2371 4972 Τῷ
2398 4907 2696 4976 σπέρματί
2721 4923 2837 4961 σου
2873 4905 3044 4961 δώσω
3074 4906 3186 4974 τὴν
3211 4908 3331 4974 γῆν

1747 4997 1994 5064 ταύτην.
2030 4995 2104 5048 Οὐ
2147 4996 2305 5066 μόνον
2340 4994 2449 5068 γὰρ
2480 4995 2640 5049 τοῦτό
2682 5012 2762 5048 σοι
2789 4995 3062 5065 προλέγω,
3096 4994 3211 5047 ἀλλ’
3243 4994 3330 5047 ὅτι

1746 5084 1841 5138 καὶ
1877 5083 2009 5138 αὐτὸ
2038 5082 2098 5135 τὸ
2143 5080 2364 5155 σπέρμα
2400 5100 2494 5136 σου
2536 5084 2616 5145 εἰς
2655 5082 2943 5153 ἀλλοτρίαν
2982 5083 3086 5151 γῆν
3132 5083 3329 5135 ἀπενε-

1746 5171 2029 5242 χθήσεται.
2061 5172 2172 5225 Καὶ
2194 5172 2294 5224 οὐκ
2317 5167 2488 5232 εἶπεν,
2521 5172 2600 5233 εἰς
2622 5158 2915 5239 Αίγυπτον,
2933 5169 3053 5223 οὐδὲ
3075 5169 3327 5239 ὠνόμασε

1746 5260 1847 5329 τῆς
1875 5261 1977 5330 γῆς
2009 5258 2104 5331 τὴν
2148 5259 2518 5332 προσηγορίαν
2537 5300 2550 5323 ,
2586 5259 2722 5313 ἀλλά
2754 5275 2938 5328 φησιν,
2964 5258 3068 5311 Ἐν
3109 5257 3187 5327 γῇ
3214 5260 3330 5312 οὐκ

1751 5350 1872 5418 ὶδιᾳ
1890 5369 1905 5381 ο
1938 5352 2032 5404 καὶ
2059 5351 2300 5405 δουλείαν
2328 5348 2656 5422 ὑπομενοῦσι
2680 5350 2775 5402 καὶ
2807 5348 3204 5420 ταλαιπωρίαν,
3233 5348 3328 5401 καὶ

1749 5440 2096 5512 ὀδυνήσονται
2132 5442 2193 5495 οὐ
2232 5440 2368 5512 πρὸς
2399 5439 2605 5511 βραχὺν
2635 5439 2847 5510 χρόνον,
2872 5439 2992 5492 οὐδὲ
3034 5438 3172 5510 πρὸς
3209 5437 3327 5492 ὀλί-

1814 5628 1844 5668 b
1864 5628 1917 5678 In
1941 5627 2115 5706 I’litlliis
2138 5630 2318 5682 Grecis
2339 5622 2516 5689 κατέϐη
2541 5629 2592 5679 δέ
2612 5626 2749 5693 ὄρνεα
2771 5629 2810 5681 ἐ.
2834 5645 2880 5679 τ.
2906 5627 3052 5689 σ.,τὰ
3066 5626 3329 5692 διχοτομῆο

1757 5706 1886 5757 ματα
1912 5708 2086 5743 αντων.
