3750 6236
11 266 84 321 ίιε
968 251 1035 310 ΙΝ
1070 250 1225 309 CAP.
1268 249 1382 306 XV.
1422 243 1670 305 GENES.
1710 242 1944 302 llOMlL.
1983 239 2249 302 XXXVII.

14 397 42 432 e
69 383 391 439 prementem
420 387 519 442 ego
544 370 795 441 judicabo
816 411 832 436 ,
872 380 927 426 et
965 372 1044 425 sic
1080 384 1176 425 eos
1227 381 1420 437 magno
1444 379 1568 420 cum

11 478 241 537 ipparatu
271 468 374 520 huc
398 467 571 520 redire
601 464 839 519 curabo:
872 463 1029 519 simul
1054 462 1348 532 praedicens
1371 460 1421 514 ei
1451 472 1569 528 quae

14 564 207 615 msthac
252 569 404 615 certo
434 568 685 613 eventura
727 565 925 622 essent,
958 556 1266 610 servitutem
1310 551 1565 615 declarat,

12 663 47 708 ξι
92 653 405 706 descensum
457 651 509 705 in
567 649 882 720 Egyptnm,
940 658 1099 718 atque
1151 645 1569 716 indignationem

12 760 144 816 piam
175 753 394 815 promer
421 758 515 798 eos
537 742 774 814 Egyptii
805 742 1074 811 experturi
1099 748 1269 802 erant,
1300 747 1354 794 et
1378 737 1573 807 glorio-

11 854 101 890 sum
126 851 310 891 eorum
340 834 588 890 reditum.
618 833 963 903 Ostenditque
987 834 1057 899 ei,
1076 848 1178 886 non
1210 832 1263 885 in
1295 831 1411 899 ipso
1429 830 1574 883 dum-

11 937 132 982 axat
155 927 245 981 illa
267 943 383 997 quae
410 942 571 995 super
596 936 833 980 naturam
867 933 1043 991 erunt,
1069 934 1326 980 eventura
1356 939 1494 981 esse.
1520 934 1573 979 et

11 1032 109 1091 post
141 1030 287 1075 tanta
317 1020 692 1090 impedimenta
720 1035 837 1089 qua:
863 1034 893 1073 a
926 1020 1033 1073 Deo
1075 1018 1333 1089 promissa
1365 1017 1571 1072 fuerant

18 1114 253 1183 inplenda
281 1113 411 1178 fore,
442 1113 533 1167 sed
560 1120 617 1168 et
650 1114 700 1166 in
728 1122 838 1167 toto
868 1112 1070 1167 semine
1090 1113 1206 1179 ejus
1229 1112 1328 1166 hoc
1349 1120 1574 1166 eventu—

11 1224 127 1261 rum.
160 1206 287 1260 llaec
310 1216 510 1269 autem,
542 1205 729 1275 inquit,
754 1204 861 1273 jam
886 1204 993 1257 dixi
1023 1203 1136 1267 tibi,
1181 1211 1237 1257 ut
1262 1205 1569 1273 priusquam

11 1300 149 1352 vitam
182 1298 355 1361 finias,
382 1297 519 1351 scire
549 1295 721 1364 possis
742 1311 859 1364 qtae
883 1304 937 1348 et
966 1295 1243 1365 nepotibus
1265 1303 1318 1348 et
1347 1293 1574 1363 posteris

11 1389 254 1444 evenient.
290 1390 374 1444 15.
402 1388 482 1442 Tu
516 1398 703 1454 autem,
733 1388 922 1456 inquit,
963 1388 1121 1440 abibis
1146 1386 1213 1439 ad
1249 1397 1414 1454 patres
1440 1394 1569 1448 tuos,

12 1482 211 1535 mtritus
238 1483 293 1534 in
333 1489 581 1534 senectute
620 1479 770 1534 bona.
796 1479 913 1534 Non
947 1479 1078 1533 dixit
1105 1521 1120 1544 ,
1155 1478 1401 1532 morieris
1432 1493 1447 1530 :
1479 1475 1572 1529 sed

11 1574 175 1637 Abibis,
207 1573 359 1643 quasi
384 1573 783 1641 peregrinaturo
824 1586 909 1629 eo.
954 1578 1007 1625 et
1037 1571 1325 1640 migraturo
1353 1583 1382 1622 a
1406 1567 1572 1636 patria

12 1683 47 1717 ill
76 1664 318 1734 patriam.
349 1661 538 1730 Abibis,
572 1664 757 1733 inquit,
781 1663 849 1716 ad
877 1672 1043 1732 patres
1066 1671 1177 1715 tuos
1206 1677 1225 1715 :
1251 1676 1354 1715 non
1383 1674 1573 1713 carna-

12 1759 71 1811 les
96 1756 244 1810 dicit.
276 1755 375 1821 Qui
396 1757 539 1809 enim
568 1755 810 1824 poterat?
838 1754 1148 1809 lncredulus
1178 1753 1318 1807 enim
1341 1759 1456 1807 erat
1480 1765 1573 1820 pa-

11 1858 76 1901 ter
102 1846 241 1915 ejus,
281 1854 333 1900 et
361 1861 466 1900 non
492 1854 607 1899 erat
644 1845 897 1914 possibile
925 1854 982 1898 ut
1005 1843 1254 1899 eumdem
1285 1844 1458 1898 locum
1489 1858 1578 1896 ca-

11 1946 161 2005 peret,
184 1951 346 2006 quem
373 1936 481 1990 ille.
511 1935 697 1990 Hiatus
720 1935 883 2001 enim,
916 1934 1103 2004 inquit,
1126 1950 1341 2004 magnus
1360 1933 1579 1988 estinter

12 2044 84 2081 to:
108 2037 151 2080 et
177 2042 268 2081 ros
299 2026 449 2097 (Luc.
484 2026 568 2081 16.
601 2026 716 2096 26).
744 2026 917 2095 Quare
942 2025 1096 2091 dixit,
1124 2025 1205 2078 Ad
1234 2034 1400 2095 patres
1425 2024 1577 2078 tuos?

11 2119 170 2174 lustos
198 2120 499 2185 insinuans,
525 2128 583 2173 ut
604 2118 753 2184 Abel,
774 2128 827 2174 et
854 2118 987 2183 Noe,
1012 2128 1065 2172 et
1088 2117 1292 2172 Enoch.
1315 2116 1572 2183 Nutritus,

17 2211 178 2279 nquit,
202 2211 262 2264 in
285 2221 537 2264 senectute
556 2210 706 2264 bona.
735 2210 803 2264 Et
822 2209 991 2279 qualis
1017 2208 1131 2263 bzec
1150 2216 1397 2263 senectus
1415 2207 1574 2274 bona,

11 2302 215 2357 ‘ortasse
268 2303 406 2358 dicet
448 2301 657 2372 aliquis,
690 2302 757 2357 ad
787 2316 945 2372 quam
975 2300 1135 2355 tantis
1176 2300 1436 2355 molestiis
1483 2313 1578 2368 per

12 2403 149 2447 .otatn
182 2392 349 2448 vitam
383 2392 632 2447 transiit?
654 2391 847 2447 Verum
877 2407 946 2447 ne
969 2392 1068 2446 hoc
1096 2390 1359 2456 attendas,
1390 2391 1572 2457 homo,

11 2485 78 2538 ;cd
120 2494 310 2554 specta
350 2500 469 2554 qua:
522 2484 595 2538 illi
636 2485 780 2538 omni
822 2494 1059 2552 tempore
1101 2481 1260 2537 fuerit
1286 2482 1449 2553 gloria
1476 2522 1491 2547 ,
1522 2492 1578 2537 et

14 2575 265 2644 μιοιηοόο
288 2576 546 2645 gloriosus
576 2575 769 2629 vixerit
796 2575 1106 2643 peregrinus
1131 2574 1219 2644 qui
1250 2574 1462 2628 civitate
1488 2575 1573 2627 fo-

12 2683 155 2735 :oque
184 2667 425 2729 carebat,
458 2676 511 2720 et
537 2676 733 2735 quanto
762 2665 861 2736 ipsi
887 2666 1067 2719 datum
1094 2674 1176 2720 est
1200 2667 1343 2719 omni
1374 2675 1579 2735 tempo-

12 2774 47 2809 -υ
93 2759 184 2812 Dci
231 2758 470 2812 subsidio
496 2756 618 2812 frui.

62 2851 313 2904 Senectus
351 2851 479 2904 bona
504 2867 637 2920 qua.
666 2850 1033 2922 Quadringenti
1077 2852 1198 2906 anni
1233 2853 1485 2907 servitutis
1523 2852 1577 2906 in

12 2940 224 3011 Egypto
255 2958 285 2993 a
310 2957 408 3009 quo
436 2943 683 3012 principia
713 2943 952 2995 ducendi.
975 2942 1170 2997 —Non
1203 2943 1361 3012 igitur
1386 2959 1580 2998 secun-

12 3032 113 3084 lum
145 3039 467 3101 praesentem
512 3032 816 3101 opinionem
846 3032 915 3087 de
943 3033 1101 3088 rebus
1124 3033 1379 3103 judicium
1412 3033 1575 3099 feras,

12 3140 163 3193 neque
212 3134 541 3179 senectutem
599 3139 718 3180 esse
767 3126 958 3179 bonam
1003 3140 1245 3190 censeas,
1276 3128 1477 3181 versari
1522 3128 1578 3182 in

14 3231 132 3280 uxu,
154 3213 397 3280 deliciis,
423 3226 472 3269 et
495 3215 732 3283 crapula,
751 3214 801 3268 in
822 3217 1155 3285 possessione
1179 3216 1501 3283 divitiarum,
1525 3225 1582 3273 et

14 3322 177 3378 nagna
221 3308 537 3362 famulorum
564 3308 915 3374 multitudine,
942 3308 1425 3380 mancipiorumque
1443 3325 1581 3380 gre-

13 3401 160 3467 gibus.
186 3400 315 3454 llaec
343 3401 482 3454 enim
512 3409 840 3455 senectutem
872 3401 1061 3454 bonam
1086 3416 1189 3456 non
1216 3401 1461 3470 reddunt,
1484 3402 1578 3457 sed

14 3500 42 3545 ξι
62 3491 286 3546 multam
318 3490 808 3545 condenmationem
831 3490 1061 3546 afferunt
1080 3494 1126 3548 ei
1150 3492 1237 3564 qui
1259 3509 1325 3548 ne
1348 3494 1401 3548 in
1421 3509 1581 3550 sene-

16 3592 135 3639 :tute
157 3583 375 3653 quidem
406 3584 784 3638 continentiam
816 3591 1063 3651 exercet,
1108 3599 1283 3655 neque
1309 3586 1373 3639 ad
1402 3595 1579 3640 extre-

17 3691 111 3729 uos
140 3674 396 3730 redactus
421 3676 655 3746 spiritus,
679 3675 743 3729 de
765 3675 827 3729 iis
844 3691 962 3745 qua:
992 3677 1278 3745 expediunt
1301 3677 1574 3743 deliberat,

16 3767 85 3822 ed
141 3767 384 3837 quotidie
437 3766 673 3835 indulget
724 3766 915 3831 ventri,
967 3777 1202 3821 sectatur
1242 3768 1479 3822 convivia
1528 3778 1581 3823 et

16 3858 284 3913 :brietates
303 3899 319 3920 ,
342 3857 409 3911 de
436 3857 625 3926 quibus
658 3858 907 3912 omnibus
937 3874 1040 3911 non
1078 3859 1245 3913 multo
1272 3868 1389 3928 post
1427 3861 1580 3914 ratio-

18 3964 115 4004 iem
143 3948 455 4004 redditurus
491 3958 592 4002 est.
622 3948 761 4003 Sane
788 3948 876 4018 qui
906 3948 960 4002 in
999 3948 1080 4003 via
1112 3950 1319 4003 virtutis
1344 3949 1583 4003 ambula-

18 4044 90 4110 rit,
114 4042 209 4097 hic
233 4056 361 4096 vere
382 4041 612 4095 nutritus
639 4042 689 4095 in
708 4050 981 4096 senectute
1008 4042 1165 4106 bona,
1186 4042 1293 4096 vita
1320 4040 1575 4111 fungitur,

17 4143 47 4187 et
84 4132 341 4188 laborum
369 4133 706 4202 praesentium
746 4132 947 4186 invenit
980 4132 1377 4188 retributiones.
1408 4133 1474 4186 Et
1503 4133 1582 4187 id-

18 4226 138 4279 ‘irco
164 4224 343 4293 inquit
373 4240 387 4275 ε
428 4223 555 4277 Tuis
591 4222 802 4293 quidem
832 4224 1112 4295 nepotibus
1148 4225 1269 4278 talia
1296 4225 1578 4294 evenient,

19 4332 44 4367 ιι
83 4324 268 4368 autem
291 4314 461 4368 abibis
487 4316 714 4368 nutritus
738 4314 790 4367 in
822 4323 1093 4369 senectute
1118 4315 1275 4369 bona.
1303 4315 1397 4369 Hic
1417 4318 1579 4370 anim-

22 4407 239 4471 dverte,
268 4406 536 4477 quomodo
583 4406 683 4460 nisi
731 4406 846 4475 ejus
892 4406 1076 4476 ingens
1104 4404 1291 4460 fuisset
1328 4405 1580 4460 fortitudo

23 4507 41 4551 t
67 4496 411 4566 philosophia
449 4496 647 4551 eximia
674 4536 688 4560 ,
732 4495 847 4551 hmc
892 4510 1099 4566 quoque
1124 4496 1441 4552 conturbare
1465 4497 1580 4566 ejus

20 4597 234 4642 tentem
262 4587 576 4657 potuissent.
610 4588 795 4641 Dicere
822 4588 963 4642 enim
993 4596 1220 4657 poterat.
1257 4588 1300 4643 si
1332 4588 1525 4658 aliquis
1549 4605 1581 4643 e

23 4680 155 4749 ulgo
177 4678 368 4733 fuisset
399 4696 412 4732 :
436 4694 601 4748 quare
628 4679 890 4748 promittis
920 4679 1047 4733 mihi
1076 4688 1281 4733 tantum
1303 4694 1483 4734 semen
1512 4695 1579 4734 ex

22 4786 72 4826 te
99 4772 345 4825 futurum
373 4778 429 4825 et
456 4770 876 4840 propagaudum,
914 4771 957 4824 si
986 4779 1206 4839 nepotes
1240 4772 1399 4825 tantis
1423 4779 1582 4824 erunt

22 4864 145 4918 talis
198 4871 255 4918 et
300 4864 694 4918 calamitatibus
736 4863 986 4930 obnoxii,
1015 4865 1429 4932 servitutemque
1458 4871 1582 4917 sunt

22 4963 58 5007 ll
90 4954 258 5008 annis
304 4953 624 5007 toleraturi?
649 4969 766 5024 qua:
802 4954 931 5008 mihi
967 4954 1089 5009 hinc
1119 4955 1350 5008 utilitas?
1383 4954 1577 5009 Verum

23 5044 114 5097 ibil
165 5043 361 5098 horum
383 5043 557 5112 justus
587 5045 853 5113 cogitavit,
883 5045 975 5098 sed
1006 5044 1158 5114 quasi
1197 5054 1376 5114 gratus
1402 5044 1578 5099 famn-

24 5147 80 5194 ις,
117 5132 304 5187 omnia
342 5148 463 5202 qua;
484 5149 512 5184 a
542 5133 651 5187 Deo
676 5134 870 5187 fiebant
913 5135 1033 5188 boni
1065 5136 1350 5201 consuluit,
1377 5146 1431 5189 et
1459 5152 1577 5205 qua:

24 5225 77 5276 δί
106 5224 428 5293 placebant,
468 5238 578 5278 sua:
604 5224 923 5293 praeferebat
950 5228 1247 5281 sementim.
1296 5227 1493 5282 Deinde
1522 5237 1577 5282 et

24 5329 200 5382 nipns
237 5315 285 5368 ei
326 5314 609 5384 signiﬁcat,
651 5330 755 5384 quo
793 5331 823 5371 a
862 5317 1116 5371 servitute
1165 5327 1288 5374 sunt
1332 5319 1573 5373 redituri.

26 5422 111 5457 :tlll
148 5413 433 5474 postquam
461 5407 615 5459 annis
644 5406 1044 5476 quadringentis
1088 5411 1379 5463 servituros
1404 5411 1572 5465 dixis-

26 5506 77 5557 :t,
115 5495 341 5551 subdit:
384 5496 469 5551 16.
502 5494 834 5552 Generatione
869 5510 1035 5551 autent
1063 5512 1242 5570 quarta
1269 5512 1574 5556 revertentur

25 5604 96 5638 tr.
144 5585 347 5642 Verum
390 5588 474 5641 hic
503 5590 695 5642 merito
730 5588 849 5658 quis
888 5589 1114 5657 dubitet,
1150 5594 1419 5660 quomodo
1444 5610 1575 5664 qua-

26 5680 282 5750 ingentis
308 5681 464 5736 annis
490 5680 615 5735 dicit
643 5682 935 5735 servituros
952 5721 968 5749 ,
1004 5684 1249 5752 quamvis
1285 5698 1457 5756 neque
1485 5683 1570 5741 di-

3153 245 3259 302 316

1676 363 1896 417 midium
1925 378 2111 419 eorum
2141 364 2334 419 fuerint
2363 362 2462 434 ipsi
2483 362 2535 419 in
2556 363 2810 436 Egypto.
2834 364 3121 435 Propterea
3149 380 3256 420 non

1675 456 1810 509 dixit
1830 470 1926 510 eos
1952 456 2002 509 in
2026 455 2260 526 IEgypto
2284 456 2487 510 futuros
2511 448 2632 511 esse
2656 456 2807 511 annis
2833 457 3256 527 quadringentis,

1676 546 1792 610 sed,
1824 546 1891 600 In
1917 557 2051 599 terra
2074 564 2175 600 non
2201 564 2312 611 sua,
2346 547 2416 601 ita
2460 556 2517 601 ut
2548 548 2715 618 possit
2738 550 3111 604 conuumerari
3136 564 3257 604 cum

1676 639 1830 694 annis
1867 641 1919 693 in
1956 638 2190 710 Egypto
2223 641 2423 693 exactis
2450 639 2622 709 ipsum
2668 640 2980 708 patriarcha:
3010 649 3217 708 tempus
3240 681 3257 704 ,

1676 750 1741 789 ex
1766 751 1872 806 quo
1898 736 1947 790 ei
1976 736 2293 805 imperatum
2336 746 2436 800 est,
2488 745 2549 790 ut
2593 750 2658 790 ex
2696 735 2936 790 Charran
2974 735 3261 804 egredere-

1678 836 1767 880 tur
1794 826 1893 896 (a).
1926 826 2006 879 Ab
2059 825 2149 879 illo
2200 825 2341 878 enim
2390 834 2629 899 tempore
2677 840 2956 879 numerum
2996 824 3261 879 annorum

1680 921 1833 974 nobis
1872 919 2045 988 palam
2078 917 2200 972 fecit
2242 916 2536 986 Scriptura,
2584 933 2704 986 qua:
2751 917 2885 971 dixit
2927 916 3259 987 septuaginta

1677 1014 1910 1082 quinque
1965 1026 2227 1065 annorum
2274 1009 2439 1064 fuisse
2487 1009 2716 1070 Abram.
2764 1008 2975 1078 quando
3017 1010 3146 1064 exiit
3194 1025 3260 1064 ex

1677 1102 1914 1156 Charran
1949 1100 2099 1173 (Gen.
2132 1100 2219 1154 12.
2248 1102 2305 1169 4)
2331 1119 2344 1155 :
2373 1116 2437 1153 ex
2467 1115 2533 1155 eo
2559 1100 2714 1169 igitur
2741 1108 2978 1169 tempore
3003 1115 3169 1170 usque
3193 1099 3260 1153 ad

1678 1196 1879 1248 exitum
1907 1194 1975 1248 de
2001 1192 2254 1263 Aﬁgypto,
2283 1193 2327 1246 si
2354 1192 2473 1262 quis
2501 1202 2787 1261 supputare
2810 1192 2953 1259 velit,
2981 1206 3259 1245 numerum

1681 1285 1940 1353 integrum
1970 1284 2222 1338 inveniet.
2258 1283 2370 1338 Dici
2420 1292 2598 1352 posset
2625 1284 2822 1347 etiam,
2869 1282 3150 1337 Dominum
3181 1291 3262 1335 ut-

1681 1384 1805 1444 pote
1853 1375 2159 1445 benignum,
2189 1385 2242 1429 et
2274 1374 2624 1429 imbecillitati
2669 1383 2866 1429 nostra:
2908 1384 3263 1443 congruentes

1682 1482 1867 1537 prenas
1887 1483 2100 1537 semper
2150 1468 2487 1532 inferentem,
2521 1473 2642 1538 quia
2686 1467 2816 1522 vidit
2843 1482 2937 1522 eos
2980 1469 3048 1520 ita
3081 1468 3263 1522 labore

1680 1573 1907 1627 pressos,
1955 1567 2009 1614 et
2050 1558 2328 1631 Egyptios
2374 1575 2617 1629 magnam
2669 1559 2720 1614 in
2769 1574 2862 1614 eos
2897 1559 3261 1614 crudelitatem

1677 1667 1951 1715 exercere,
1988 1663 2111 1708 ante
2134 1653 2409 1708 definitum
2439 1662 2645 1722 tempus
2671 1653 2925 1707 ultionem
2967 1652 3177 1717 fecisse,
3209 1663 3265 1707 et

1679 1744 1745 1813 ad
1776 1744 2077 1800 libertatem
2099 1759 2192 1800 eos
2218 1744 2513 1800 reduxisse.
2543 1744 2634 1799 Dei
2663 1745 2804 1799 enim
2832 1758 2949 1798 mos
2973 1752 3088 1810 est,
3130 1759 3264 1814 quo-

1681 1838 1823 1892 niam
1844 1838 1898 1891 in
1919 1839 2164 1892 omnibus
2180 1837 2405 1893 salutem
2429 1847 2662 1892 nostram
2685 1846 2956 1905 operatur,
2979 1846 3037 1890 ut
3054 1838 3265 1892 etiamsi

1681 1930 1913 1985 minetur
1946 1945 2005 1985 se
2031 1930 2337 2000 puniturnm
2358 1971 2373 1996 ,
2404 1930 2448 1983 si
2478 1944 2574 1983 nos
2602 1929 2928 1985 voluerimus
2953 1931 3261 1984 conversio-

1679 2021 1763 2077 nis
1792 2022 2063 2093 specimen
2094 2022 2346 2078 exbibere
2364 2064 2382 2091 ,
2412 2023 2676 2093 possimus
2704 2023 2819 2093 ejus
2846 2038 3099 2079 revocare
3141 2039 3264 2077 sen-

1680 2114 1919 2169 tentias:
1953 2123 2007 2168 et
2051 2128 2084 2168 e
2123 2113 2335 2168 diverso
2362 2114 2408 2168 si
2450 2114 2760 2183 polliceatur
2807 2114 3003 2183 aliquid
3052 2114 3175 2168 boni
3204 2130 3265 2169 se

1679 2206 1834 2263 nobis
1860 2207 2127 2274 daturum,
2161 2223 2260 2262 nos
2284 2216 2460 2262 autem
2511 2224 2616 2261 non
2666 2207 3001 2262 attulerimns
3030 2222 3092 2262 ea
3138 2222 3259 2276 quxe

1679 2298 1946 2354 facultatis
1966 2309 2162 2355 nostra:
2189 2308 2345 2363 sunt,
2376 2314 2551 2369 neque
2576 2300 2690 2369 ipse
2733 2299 3050 2368 promissum
3094 2298 3265 2353 adim~

1680 2391 1843 2461 pleat,
1873 2406 1941 2446 ne
1970 2406 2069 2447 nos
2097 2406 2158 2447 ea
2196 2392 2403 2446 ratione
2431 2391 2726 2447 deteriores
2748 2390 3057 2446 evadamus.
3089 2392 3265 2460 Atque

1680 2484 1797 2540 inec
1819 2484 2062 2539 invenire
2092 2484 2341 2554 poteritis
2354 2486 3157 2558 quotquotstudiosisaerarum
3176 2489 3264 2542 Li-

1683 2586 1920 2631 tcrarum
1966 2578 2118 2632 estis.
2153 2576 2350 2643 Quarta
2376 2585 2560 2645 .autem
2597 2576 2916 2647 generatione
2957 2584 3260 2628 revertentur

1680 2668 1780 2720 huc
1802 2683 1821 2721 :
1840 2666 2063 2721 nondum
2082 2669 2213 2721 enim
2234 2669 2493 2737 completa:
2506 2677 2622 2720 sunt
2642 2667 2926 2735 iniquitates
2944 2666 3264 2719 Amorrlueoo

1681 2776 1794 2814 rum
1819 2776 1977 2831 usque
2002 2776 2154 2814 nunc.
2185 2760 2355 2827 Tunc,
2405 2761 2606 2830 inquit,
2638 2760 2739 2814 erit
2786 2769 2991 2828 tempus
3020 2770 3077 2813 ut
3104 2769 3157 2813 et
3188 2758 3262 2813 illi

1682 2852 2003 2907 reducantur
2049 2851 2101 2905 in
2131 2852 2431 2908 libertatem
2453 2894 2467 2916 ,
2498 2861 2553 2907 et
2591 2852 2643 2906 hi
2690 2866 2902 2921 poenam
2931 2851 3139 2904 luentes
3168 2863 3264 2918 pro

1682 2943 2022 2997 multitudine
2059 2954 2398 3011 peccatorum
2434 2959 2465 2998 e
2507 2954 2647 2998 terra
2685 2942 3036 3011 expellantur.
3089 2941 3265 2996 Ambo

1683 3035 1858 3105 itaque
1874 3035 2001 3090 fient
2022 3045 2263 3105 tempore
2282 3044 2602 3105 opportuno,
2627 3044 2680 3087 et
2696 3034 2904 3088 illorum
2927 3034 3261 3100 instauratio,

1681 3135 1738 3181 et
1762 3126 1954 3181 borum
1982 3125 2266 3181 excidium.
2307 3126 2551 3181 Nondum
2580 3125 2722 3180 enim
2754 3126 2984 3195 impletae
3009 3135 3131 3179 sunt
3158 3123 3263 3179 ini-

1682 3218 1911 3288 quitates
1929 3233 2113 3272 eorum
2147 3235 2161 3271 :
2190 3218 2340 3288 quasi
2369 3218 2513 3271 dicat
2534 3217 2726 3287 aliquis
2755 3234 2769 3269 :
2802 3217 3046 3271 Nondum
3078 3218 3130 3271 in
3157 3225 3264 3270 tan-

1684 3318 1738 3363 to
1767 3323 1991 3363 numero
2030 3316 2248 3379 peccata
2274 3309 2631 3374 admiserunt,
2663 3318 2719 3361 ut
2746 3309 2907 3363 talem
2950 3308 3119 3363 ferant
3146 3324 3263 3377 po:-

1683 3418 1827 3457 nam.
1879 3403 2015 3457 Deus
2041 3402 2183 3456 enim
2213 3403 2471 3472 benignus
2514 3416 2634 3455 cum
2675 3403 2777 3464 sit,
2810 3416 2917 3455 non
2944 3402 3118 3456 solum
3157 3417 3263 3455 non

1684 3493 1886 3549 inducit
1907 3508 2092 3564 ptenas
2121 3495 2348 3563 peccatis
2378 3493 2680 3563 graviores,
2712 3494 2806 3547 sed
2832 3501 2887 3548 et
2911 3493 3064 3548 valde
3089 3494 3263 3548 mino-

1684 3598 1792 3638 res.
1825 3582 2053 3654 Ideoque
2075 3594 2271 3638 tantam
2296 3599 2418 3654 erga
2449 3584 2566 3639 illos
2592 3584 2807 3639 exhibet
2829 3585 3184 3651 tolerantiam,
3208 3593 3265 3639 ut

1682 3689 1805 3729 cum
1830 3675 2065 3744 sibiipsis
2092 3689 2371 3745 ptenarum
2395 3674 2503 3728 sint
2525 3683 2789 3739 auctores,
2821 3675 3016 3729 nullam
3043 3676 3264 3745 posthac

1683 3767 2077 3822 excusationem
2106 3767 2354 3821 habeant.

1762 3862 1817 3916 4.
1856 3858 2077 3915 Vidistis
2100 3858 2366 3928 quomodo
2408 3857 2721 3927 patriarchae
2757 3858 2935 3913 omnia
2983 3858 3266 3929 diligenter

1684 3956 1956 4022 indicavit,
1984 3962 2041 4008 ut
2069 3968 2141 4008 ex
2170 3950 2313 4007 omni
2347 3960 2496 4020 parte
2525 3950 2641 4020 ejus
2683 3951 2959 4005 roboraret
2995 3950 3179 4016 fidem,
3212 3962 3265 4009 et

1684 4058 1743 4104 ut
1778 4064 1845 4103 ex
1888 4046 1955 4101 iis
1982 4058 2100 4116 quae
2126 4043 2192 4098 ad
2217 4057 2339 4098 eum
2364 4042 2503 4096 dicta
2531 4041 2737 4095 fuerant
2763 4041 3034 4097 confidere
3060 4054 3261 4112 posset,

1683 4140 1842 4195 etiam
1872 4135 2213 4208 prOSperitati
2242 4133 2358 4204 ejus
2385 4132 2500 4187 htec
2539 4133 2756 4187 omnino
2782 4144 3039 4188 eventura
3077 4149 3199 4188 esse
3246 4152 3261 4191 :

1746 4278 1817 4339 (a)
1850 4282 1917 4325 Ita
1939 4285 2197 4339 numerare
2235 4271 2395 4339 solent
2416 4272 2449 4320 ii
2486 4272 2567 4334 qui
2601 4272 2730 4339 inter
2752 4270 3071 4339 chronologos
3094 4273 3268 4339 princio

1684 4334 1809 4401 pem
1820 4338 2043 4401 obtinent
2062 4334 2244 4389 locum;
2270 4337 2335 4382 ita
2352 4341 2515 4401 tamen
2545 4339 2599 4382 ut
2621 4334 2669 4380 in
2693 4336 2982 4401 recensione
3001 4337 3267 4401 non‘oinni-

1683 4396 1747 4449 ito
1767 4413 1876 4448 cum
1898 4398 2228 4451 chrysostomo
2249 4396 2569 4451 consentiant,
2583 4397 2791 4443 maxime
2805 4408 2921 4444 vero
2942 4408 3051 4444 cum
3074 4397 3187 4445 dicit
3203 4410 3267 4446 ne

1681 4462 1929 4511 dimidiutn
1972 4456 2171 4519 quidem
2215 4456 2675 4519 quadringentorum
2699 4471 2929 4519 annorum
2953 4459 3181 4506 Hebraeos
3219 4458 3267 4506 in

1683 4522 1889 4584 A‘Zgypto
1904 4518 2155 4584 mansisse.
2182 4518 2403 4584 Petavius
2414 4525 2576 4584 autem
2598 4520 2668 4566 sic
2688 4518 2923 4584 calculum
2940 4521 3090 4584 ponit,
3112 4522 3266 4567 Ratio-

1684 4577 1951 4645 nari'i'part.
1978 4580 2025 4638 2,
2059 4579 2091 4627 l.
2118 4580 2164 4645 2,
2191 4593 2239 4645 c._
2268 4580 2317 4638 4,
2340 4577 2653 4645 _ubi_l‘aulutu
2686 4577 2954 4645 apostoltnii
2987 4582 3162 4629 ducem
3183 4595 3267 4629 se-

1683 4639 1863 4708 quitur,
1888 4645 2043 4708 quiin
2068 4640 2269 4708 Epistula
2294 4640 2351 4689 ad
2376 4639 2578 4708 (_:alatas.
2603 4641 2652 4698 3,
2690 4639 2765 4708 1-7Ρ
2790 4641 2912 4689 dixit
2938 4650 3043 4703 post
3066 4655 3216 4708 annos
3238 4656 3267 4692 a

1704 4702 1920 4756 iromiSsa
1938 4702 2165 4753 divinitus
2189 4711 2317 4752 terra
2352 4702 2569 4751 Chanaan
2595 4702 2973 4765 quadringenms
2996 4714 3047 4752 et
3071 4705 3267 4765 triginta

1704 4721 1915 4756 Il‘OlnlSSQ
1938 4721 2165 4753 UlVlllllUS
2189 4721 2317 4752 terra
2352 4721 2569 4751 uuauauu
2595 4721 2796 4763 quaUI'Ill
2814 4721 2973 4752 'BlllOS
2996 4721 3047 4752 Cl.
3071 4721 3266 4765 ll‘lglllla

1684 4721 1849 4831 legem
1873 4768 2051 4816 editam
2068 4828 2079 4831 _
2097 4765 2264 4814 fuisse.
2291 4766 2546 4831 Hincvero
2576 4770 2646 4831 sic
2667 4721 2879 4813 calcuius
2898 4765 3089 4831 ducitur
3115 4779 3128 4831 :_
3156 4773 3266 4831 Pro.

1683 4825 1847 4880 missio
1870 4838 2014 4879 terra:
2036 4828 2250 4876 Chanaan
2288 4828 2549 4879 Abraltatno
2572 4825 2692 4876 facta
2728 4834 2803 4876 est
2836 4840 2962 4874 anno
2985 4830 3094 4875 vitae
3119 4828 3268 4887 ipsius

1682 4892 1886 4941 ineunte
1905 4891 1983 4940 76.
2010 4897 2121 4941 Cum
2138 4896 2332 4937 centum
2359 4896 2493 4937 esset
2510 4901 2741 4937 annorum
2759 4888 3017 4944 Abraham,
3036 4899 3174 4935 nazus
3190 4894 3264 4936 est

1682 4959 1825 5003 Isaac.
1849 4953 1917 5001 Ab
1939 4959 2045 4999 ortu
2071 4950 2211 5001 Isaaci
2235 4952 2293 4999 ad
2314 4952 2476 4999 Jacobi
2500 4958 2657 4998 ortum
2680 4950 2791 4997 anni
2814 4951 3069 5010 sexaginta
3093 4961 3265 4996 nume-

1681 5022 1863 5063 rantur.
1890 5014 2033 5062 Jacob
2055 5025 2286 5066 annorum
2312 5011 2401 5060 150
2422 5012 2469 5059 in
2504 5010 2639 5073 IEgy;
2660 5019 2760 5060 tum
2786 5010 2935 5073 venit,
2961 5023 3083 5073 quos
3108 5022 3265 5073 annos

1680 5078 1718 5125 si
1739 5089 1847 5125 cum
1870 5077 1933 5125 25
1958 5074 2223 5130 Abrahatni,
2243 5082 2293 5121 et
2315 5074 2375 5122 60
2400 5074 2538 5133 tsaaci
2560 5069 2675 5133 jtinx
2686 5073 2799 5127 eris,
2824 5072 2931 5118 anni
2951 5069 3263 5118 cbnlicientur

1680 5138 1791 5187 215.
1810 5137 2045 5199 Josephus
2064 5149 2161 5197 quo
2180 5142 2399 5199 tempore
2423 5136 2470 5181 in
2499 5132 2915 5199 (Egyptojatrem
2939 5133 3152 5199 excepit,
3177 5144 3263 5199 an-

1680 5214 1795 5248 num
1820 5194 1997 5263 agebat
2017 5194 2116 5263 40::
2146 5197 2264 5263 vixit
2285 5194 2448 5263 autem
2467 5194 2618 5263 annos
2645 5194 2748 5242 110.
2770 5204 2801 5241 Α
2830 5194 3262 5263 prontissnioneigi-

1680 5270 1758 5312 tur
1783 5255 2042 5309 Abrahamo
2065 5257 2183 5306 facta
2206 5257 2264 5304 ad
2288 5258 2479 5317 Joscplti
2505 5263 2707 5303 mortem
2734 5256 2846 5302 anni
2882 5262 2994 5302 sunt
3016 5255 3123 5303 3N5.
3153 5257 3265 5303 Hinc

1679 5327 1736 5373 ad
1756 5331 1912 5372 ortum
1936 5322 2072 5371 Mosis
2090 5320 2201 5367 anni
2223 5320 2301 5368 75.
2325 5327 2476 5367 muses
2511 5330 2686 5365 annum
2710 5318 2890 5379 agebat
2911 5318 3261 5379 octogesimum

1680 5386 1727 5435 in
1752 5386 1886 5435 exitu
1912 5396 1977 5432 ex
2000 5382 2221 5441 Aigypto.
2246 5379 2537 5441 Colliguntur
2563 5392 2682 5440 ergo
2698 5392 2724 5425 a
2754 5378 3071 5441 promissione
3096 5378 3152 5424 ad
3179 5379 3263 5441 Ilit-

1678 5448 1949 5509 grationetn
1976 5457 2038 5491 ex
2061 5437 2275 5509 Egypto
2293 5437 2403 5489 anui
2440 5441 2549 5509 13ιοἒ
2575 5437 2684 5488 ΙΙὶῘὍ
2709 5437 2941 5489 Petavius.
2965 5437 3151 5509 Forum
3171 5439 3263 5488 410

1677 5500 1786 5558 Ξίιυί
1808 5506 2103 5567 colliguntur
2119 5500 2205 5565 ,"si
2236 5502 2634 5567 ὺθηεαιιωιιιηι
2677 5514 2852 5567 ponas;
2889 5500 2977 5567 sed
3014 5503 3127 5561 quia
3166 5514 3263 5550 non

1677 5572 1873 5621 omnino
1888 5559 2077 5616 CErtum
2103 5559 2197 5627 est,
2235 5578 2333 5627 quo
2351 5566 2459 5613 vita:
2484 5559 2729 5612 Abraltatiii
2769 5559 2895 5611 anno
2918 5559 3003 5610 ille
3025 5559 3260 5627 annorum

1676 5643 1909 5682 nmnerus
1931 5631 1994 5678 sit
2027 5625 2345 5693 incipiendus,
2371 5628 2486 5677 satis
2519 5627 2612 5676 erit
2633 5627 2673 5674 si
2713 5637 2948 5674 annorum
2970 5634 3153 5673 summa
3170 5625 3263 5674 cir-

1678 5695 1802 5744 citer
1818 5698 2070 5742 statuatur.
