3750 6288
473 259 574 324 3ιῖ

480 386 642 448 ιιιιιω
681 377 842 431 etiam
888 378 953 431 ex
1000 376 1269 447 prtrtlietis
1306 377 1540 432 vicissim
1586 376 1792 431 ﬁrmam
1842 374 2064 432 haberet

481 471 641 525 ﬁdem
664 510 681 535 ,
707 484 928 525 necesse
957 478 1075 525 esse
1096 470 1206 539 jam
1234 470 1345 524 ﬁeri
1370 469 1513 540 quod
1536 469 1605 524 de
1627 483 1695 524 eo
1731 468 1929 523 dictum
1955 468 2067 523 iue-

480 570 582 615 rat.
630 560 845 626 Postea,
898 561 984 615 uhi
1031 560 1319 630 complevit
1368 559 1803 630 praedictionem,
1860 561 2066 627 accepit

481 655 637 707 ctiam
666 653 756 707 itte
783 654 988 722 signum
1018 652 1268 708 idoneum
1310 666 1494 707 eorum
1521 667 1642 723 quae
1686 651 1787 721 ipsi
1826 650 2065 720 contigv-

478 752 622 799 runt.
652 744 738 797 17.
774 743 1048 812 Postquam
1086 744 1182 815 fuit
1207 744 1286 798 sol
1311 744 1380 797 ad
1422 760 1677 811 occasum,
1708 743 1898 814 inquit,
1930 744 2066 813 facta

477 847 548 889 cst
600 838 829 904 ﬂamma,
873 847 919 889 et
960 851 1072 889 ecce
1109 836 1340 905 clibanus
1384 836 1659 907 fumigans,
1711 843 1756 889 et
1804 833 2067 904 lampades

476 928 627 993 ignis,
657 943 770 992 qua:
797 929 1102 981 transierunt
1125 928 1257 981 inter
1284 927 1553 980 divisiones
1578 928 1719 981 illas.
1763 926 1829 981 Et
1854 926 2065 979 ﬂamma

480 1026 534 1073 et
557 1019 802 1074 clibanus
829 1028 883 1073 ct
924 1019 1193 1090 lampades
1227 1017 1708 1087 conspiciebantur,
1758 1028 1815 1072 ut
1858 1017 2067 1086 signant

483 1114 563 1164 hal
587 1128 621 1167 θ
649 1122 702 1167 et
740 1118 915 1178 justus
949 1116 1238 1167 liriniorum
1281 1112 1561 1175 hederam,
1606 1122 1659 1166 et
1696 1110 1954 1165 adventus
1985 1108 2068 1163 di-

481 1218 617 1257 vine
663 1207 1007 1274 operationis.
1060 1205 1315 1274 Denique,
1363 1214 1643 1274 postquam
1693 1202 1958 1271 completa
2012 1211 2067 1255 et

484 1293 659 1364 perfer
685 1310 715 1350 a
743 1305 863 1349 sunt
902 1297 1099 1358 omnia,
1150 1304 1425 1365 postquam
1468 1293 1603 1364 ignis
1638 1293 1908 1363 proposita
1939 1307 2067 1346 con-

484 1398 800 1454 sumpsi-rat,
849 1388 932 1442 18.
968 1387 1250 1455 Disposuit,
1285 1388 1473 1457 inquit,
1506 1385 1754 1439 Dominus
1781 1385 1836 1438 in
1859 1384 1941 1438 die
1977 1384 2067 1437 illo

486 1480 632 1532 Abrw
676 1489 1023 1533 trstrunrntum
1070 1482 1241 1534 dicens
1286 1494 1307 1534 :
1345 1480 1538 1534 Semini
1584 1490 1669 1532 tuo
1713 1477 1842 1531 dabo
1883 1488 2065 1531 terram

484 1579 633 1641 hare,
661 1596 690 1630 (ι
715 1579 866 1647 ﬂuvio
896 1577 1113 1648 ,Egypti
1139 1594 1293 1646 usque
1335 1578 1403 1630 ad
1442 1577 1650 1646 ﬂuvium
1681 1590 1919 1646 magnum
1953 1573 2060 1627 Eu—

486 1670 731 1735 pltrult'm,
763 1670 851 1722 19.
879 1671 1096 1736 hirmos,
1122 1679 1168 1721 et
1195 1668 1475 1733 Ceuezmos,
1516 1676 1563 1720 et
1600 1665 1944 1726 Cedmouatos,
1970 1664 2065 1721 20.

484 1768 530 1813 et
556 1760 818 1822 Clienwos,
846 1771 893 1815 et
927 1762 1246 1827 l’lteresteos,
1276 1772 1323 1815 et
1351 1762 1623 1832 Raphaim,
1649 1770 1696 1813 et
1724 1759 2061 1822 Anton/taxos,

481 1861 532 1904 et
561 1851 894 1917 Clwnanaeos,
935 1861 979 1905 et
1020 1853 1217 1916 Evuzos,
1262 1863 1308 1905 et
1349 1852 1657 1922 Gergeswos,
1703 1862 1750 1905 et
1782 1851 2064 1905 Jebusteos.

484 1941 618 1995 Vide
644 1944 909 2011 quomodo
934 1944 1104 1999 adhuc
1136 1953 1459 2014 perseverat,
1507 1954 1563 1997 ut
1595 1944 1875 1999 conﬁrmet
1914 1957 2063 1996 suam

485 2030 536 2084 in
569 2033 711 2085 illum
742 2034 1168 2103 promissionem.
1202 2034 1462 2106 Disposuit
1487 2036 1652 2100 enim,
1687 2035 1874 2103 inquit,
1902 2043 2059 2088 testa.

483 2133 705 2176 mentum
735 2124 907 2178 dicens
933 2139 953 2178 :
984 2124 1179 2179 Semini
1204 2133 1290 2179 tuo
1319 2126 1449 2179 dabo
1478 2135 1664 2180 terram
1692 2126 1842 2178 hanc.
1865 2124 2065 2179 Deinde

487 2225 541 2265 ιιι
558 2229 623 2268 ex
640 2214 916 2271 latitudine
933 2225 1107 2278 tet-rte,
1132 2226 1185 2271 et
1204 2218 1552 2287 amplitudine
1569 2218 1912 2272 terminorum
1928 2218 2066 2272 scire

490 2305 657 2371 possit
675 2305 848 2372 justus
874 2316 1127 2375 quantum
1152 2308 1469 2363 extendetur
1491 2308 1607 2377 ejus
1626 2322 1829 2373 semen,
1853 2308 2024 2377 inquit
2049 2326 2062 2362 :

484 2392 529 2445 A
554 2395 762 2463 ﬂumine
787 2395 1006 2466 .Egypti
1032 2413 1186 2466 usque
1211 2398 1280 2450 ad
1301 2399 1491 2468 ﬂumen
1518 2399 1831 2468 Euphratem
1860 2406 2062 2453 tantum

485 2484 589 2537 erit
616 2499 798 2540 semen
826 2496 992 2543 tuum.
1024 2487 1302 2557 Perpende
1325 2490 1592 2559 quomodo
1620 2490 1886 2560 ingentem
1916 2504 2064 2545 sem—

486 2590 582 2642 per
615 2576 1003 2632 multitudinem
1035 2580 1107 2633 illi
1135 2579 1410 2635 declarare
1450 2582 1600 2635 velit.
1632 2579 1887 2651 Superius
1915 2581 2062 2636 enim

482 2666 636 2729 d.xit,
665 2684 724 2722 se
748 2669 886 2724 sicut
911 2670 1350 2725 innumerabilem
1376 2671 1653 2725 stellarum
1684 2682 1968 2726 numerum
1994 2672 2061 2726 ilo

485 2755 587 2809 lam
617 2756 878 2813 facturum
905 2774 1026 2817 esse
1054 2779 1067 2815 :
1097 2759 1184 2816 hic
1216 2771 1269 2815 et
1314 2760 1592 2816 latitudine
1621 2760 1805 2816 ﬁnium
1833 2762 2060 2832 idipsum

480 2848 733 2913 declarat,
777 2861 837 2906 ut
873 2860 929 2907 et
968 2850 1093 2907 hinc
1133 2853 1322 2920 discat,
1367 2870 1527 2925 quam
1570 2865 1631 2910 se
1669 2853 1952 2910 dilatatura
1994 2854 2065 2911 sit

482 2941 764 2997 mttltitudo
790 2944 981 2998 futura.
1006 2944 1187 3016 Neque
1212 2944 1315 3001 hoc
1342 2946 1535 3009 solum,
1565 2947 1658 3001 sed
1681 2955 1736 3001 et
1762 2946 2063 3017 specialiter

480 3033 717 3100 gentium
741 3036 1065 3091 mentionem
1102 3035 1245 3101 facit,
1275 3051 1501 3107 quarum
1539 3038 1935 3107 possessionem
1975 3052 2063 3093 se-

483 3122 610 3175 mini
642 3123 757 3191 ejus
799 3126 869 3179 sit
911 3125 1150 3188 daturus,
1193 3135 1249 3181 ut
1277 3143 1342 3182 ex
1369 3126 1453 3182 his
1493 3128 1741 3183 omnibus
1776 3128 1845 3185 de
1881 3141 2059 3186 rerum

482 3224 677 3267 eventu
702 3224 922 3271 securus
949 3216 1260 3273 redderetur
1282 3219 1472 3288 justus.
1502 3221 1568 3275 Et
1592 3236 1717 3276 cum
1746 3231 1906 3277 tantze
1934 3238 2059 3293 pro-

486 3307 766 3364 missiones
791 3319 972 3365 essent
992 3310 1165 3393 factae,
1194 3311 1366 3367 adhuc
1387 3316 1581 3369 mansit
1604 3315 1733 3370 Sara
1763 3316 1979 3383 sterilis,
2005 3325 2063 3372 et

482 3409 733 3453 senectus
756 3416 938 3455 eorum
979 3403 1304 3473 augebatur;
1347 3412 1408 3459 ut
1447 3419 1571 3459 cum
1612 3409 1900 3462 maximum
1940 3407 2059 3464 ﬁdei

479 3503 589 3543 suae
613 3492 823 3560 signum
854 3492 1165 3557 edidissent,
1195 3504 1319 3549 tunc
1356 3494 1555 3551 scirent
1590 3506 1645 3552 et
1687 3497 1932 3553 humanm
1959 3513 2060 3553 na-

481 3588 616 3634 tura:
643 3580 1023 3649 inﬁrmitatem,
1053 3594 1105 3639 et
1140 3584 1337 3639 divina:
1363 3586 1574 3640 virtutis
1615 3588 2056 3657 magnitudinem.

550 3669 765 3725 Hordiis
787 3671 1110 3739 exhortatio;
1138 3675 1312 3745 gulam
1337 3685 1385 3730 et
1409 3678 1674 3746 crapuiam
1712 3680 1971 3750 pro/ligat.
1987 3708 2060 3721 —

477 3759 675 3815 Verum
702 3777 768 3817 ne
794 3763 985 3818 iterum
1013 3764 1284 3835 aliquanto
1308 3766 1516 3837 longius
1536 3782 1839 3825 sermonem
1863 3780 2058 3826 exten-

475 3850 685 3917 damus,
718 3852 803 3906 hic
831 3853 989 3908 linem
1015 3854 1262 3926 loquendi
1300 3856 1557 3914 faciamus
1594 3877 1607 3913 :
1644 3875 1741 3916 vos
1767 3861 2057 3918 obsecran-

476 3952 557 3995 tes
586 3954 641 3997 ut
671 3945 963 4000 imitatores
988 3947 1104 4001 sitis
1132 3949 1288 4017 hujus
1314 3951 1645 4019 patriarchas.
1675 3951 1857 4023 Cogita
1887 3955 2053 4020 enim,

474 4033 689 4101 dilecte,
719 4038 987 4107 quomodo
1027 4048 1242 4109 propter
1278 4043 1436 4098 verba
1476 4043 1566 4097 illa
1607 4056 1725 4112 qua:
1768 4044 1833 4098 ad
1876 4060 2054 4115 regem

477 4126 831 4183 Sodomorum
860 4129 1105 4197 faciebat,
1142 4133 1251 4186 imo
1288 4144 1340 4187 et
1382 4144 1598 4205 prepter
1626 4136 1871 4190 virtutem
1901 4138 2057 4191 aliam

476 4233 711 4281 munem,
753 4236 910 4288 quam
948 4237 1043 4291 per
1080 4238 1295 4277 omnem
1337 4225 1497 4278 vitam
1548 4240 1699 4279 suam
1747 4226 2052 4290 declaravit,

476 4316 618 4361 tanta
650 4309 893 4366 mercede
921 4328 1041 4366 eum
1070 4312 1317 4383 dignatus
1358 4315 1448 4381 sit,
1490 4325 1545 4370 et
1573 4325 1768 4386 quanta
1806 4316 2055 4372 humani-

476 4408 581 4453 tate
611 4416 669 4455 se
694 4401 761 4455 ad
788 4418 910 4457 eum
941 4406 1423 4461 accommodaverit
1453 4408 1613 4473 Deus,
1644 4411 1933 4465 ostendens
1961 4427 2057 4481 per

475 4507 557 4551 ca,
588 4508 707 4562 qua:
734 4494 785 4548 in
823 4497 1174 4564 patriarcham
1203 4499 1444 4565 contulit,
1488 4500 1643 4554 nobis
1673 4501 1918 4555 omnibus
1945 4517 2055 4555 suae

475 4582 805 4641 liberalitatis
830 4588 1260 4656 immensitatem,
1284 4603 1337 4646 et
1356 4607 1414 4647 sc
1433 4594 1518 4646 vel
1546 4593 1778 4647 minimis
1803 4595 2055 4664 operibus

474 4686 841 4744 provocatum,
872 4694 968 4732 nos
993 4679 1192 4750 absque
1218 4697 1364 4737 mora
1393 4685 1596 4751 magnis
1623 4684 1777 4738 donis
1803 4700 2052 4740 remune-

472 4766 594 4829 rari,
626 4767 672 4820 si
702 4768 962 4823 sinceram
1006 4770 1185 4835 ﬁdem,
1228 4772 1361 4826 sicut
1391 4773 1480 4826 ille
1508 4773 1703 4840 justus,
1744 4774 2052 4836 exhibueri-

470 4876 608 4923 mus,
648 4869 703 4915 et
749 4878 1036 4933 numquam
1088 4872 1265 4918 mente
1308 4863 1755 4929 ﬁuctuaverimus,
1791 4866 1885 4920 sed
1926 4882 2054 4922 con-

466 4960 694 5005 stantem
723 4962 779 5007 et
806 4952 1014 5008 ﬁrmam
1050 4954 1194 5008 illam
1243 4956 1602 5011 habuerimus.
1640 4959 1774 5012 Hinc
1817 4962 1959 5022 enim
1999 4972 2052 5015 et

468 5041 559 5096 ille
597 5044 959 5100 celebritatem
1005 5048 1319 5118 laudemque
1361 5058 1719 5118 consequutus
1762 5060 1865 5106 est.
1914 5053 2049 5107 Audi

468 5136 625 5201 igitur
654 5138 864 5193 beatum
890 5140 1107 5194 Paulum
1136 5141 1511 5211 praedicantem
1537 5143 1652 5211 ejus
1684 5143 1862 5209 tidem,
1891 5161 2047 5213 quam

465 5226 532 5278 ab
564 5228 713 5283 initio
737 5231 969 5285 ostendit
999 5249 1012 5286 :
1042 5232 1170 5287 dicit
1195 5235 1337 5287 enim
1371 5251 1384 5287 :
1418 5232 1549 5286 Fide
1596 5245 1797 5287 vocatus
1838 5236 2046 5301 Abram,

464 5316 676 5371 obediuit
713 5330 768 5374 at
805 5324 960 5376 exiret
988 5324 1042 5377 in
1071 5320 1256 5389 locum,
1300 5342 1447 5394 quem
1489 5337 1789 5396 accepturus
1829 5338 1955 5391 erat,
1999 5340 2048 5382 et

466 5407 612 5460 exivit
638 5409 876 5479 ignorans
902 5430 1000 5483 quo
1030 5415 1121 5467 iret
1151 5413 1333 5483 (Hebr.
1373 5396 1453 5471 ill.
1483 5417 1538 5486 8)
1579 5435 1591 5470 :
1622 5417 1746 5471 illud
1779 5418 1932 5473 nobis
1961 5420 2048 5474 ina-

462 5493 702 5560 sinnaus,
733 5500 871 5567 quod
900 5518 927 5552 a
956 5503 1066 5557 Deo
1104 5504 1306 5558 dictum
1332 5515 1414 5559 est
1449 5524 1462 5559 :
1507 5507 1763 5576 Egredere
1805 5509 1869 5561 de
1911 5518 2045 5563 terra

463 5592 571 5647 tua,
601 5594 646 5637 et
672 5588 779 5639 ueni
804 5590 854 5641 in
882 5600 1087 5657 terram,
1115 5608 1264 5662 quam
1293 5608 1633 5652 monstravere
1658 5597 1743 5650 tibi
1770 5597 1920 5669 (Gen.
1953 5600 2040 5654 12.

469 5676 540 5744 i).
578 5675 761 5732 Vidisti
797 5680 953 5735 ﬁdem
984 5682 1229 5739 ﬁrmam?
1255 5686 1431 5741 vidisti
1470 5696 1703 5744 mentem
1739 5690 2043 5746 sinceram?

1213 266 1270 321 S.
1308 260 1586 322 JOANNIS
1617 256 2060 321 αιιιγεοετοιι

2172 258 2438 319 RCHIEP.
2476 262 3012 323 εοκετΑιιτιΝορ.
3626 278 3691 337 iiii

2174 374 2328 432 Hunc
2362 385 2421 431 et
2446 391 2546 431 nos
2570 377 2861 443 imitemur,
2890 387 2947 434 et
2975 379 3317 450 egredimur
3350 392 3529 438 mente
3558 398 3601 441 et
3620 392 3673 443 ab

2170 465 2403 520 critatea
2431 467 2714 536 prtesemis
2736 468 2856 522 vitae
2883 471 3131 540 negotiis,
3154 486 3448 542 eamusque
3472 474 3523 528 in
3543 479 3695 539 calum.

2174 555 2431 611 Possihile
2459 558 2602 611 enim
2632 568 2734 621 est,
2764 559 2809 612 si
2836 560 3180 626 voluerimus,
3207 572 3266 617 et
3290 565 3399 631 jam
3429 563 3516 618 hic
3538 581 3691 621 versan-

2172 657 2251 701 tes
2288 648 2373 701 illa
2420 664 2641 718 pergere
2683 650 2790 713 via,
2836 650 3051 720 quando
3087 651 3245 722 digna
3280 656 3428 709 caelis
3457 670 3693 726 Operamnr,

2170 738 2384 807 quando
2420 756 2526 794 non
2567 742 2886 811 susliicimus
2919 758 2982 797 ea
3024 758 3143 814 qua:
3185 754 3312 799 sntit
3356 746 3517 816 hujus
3551 754 3691 817 mundi,

2172 831 2383 900 quando
2413 848 2519 886 non
2559 834 2783 903 gloriam
2830 851 3021 890 vanam
3063 837 3222 907 hujus
3252 840 3374 893 vitm
3424 841 3691 911 inquirimus,

2170 921 2263 975 sed
2295 922 2392 976 hac
2412 935 2735 994 contempta,
2760 927 2906 982 illam
2929 928 3240 984 desiderare
3262 932 3555 999 studemus,
3575 951 3691 993 veram

2174 1012 2313 1067 illam
2339 1013 2459 1068 dico
2483 1024 2538 1070 et
2564 1032 2778 1086 semper
2804 1029 3143 1084 manentem;
3171 1023 3389 1091 quando
3418 1039 3528 1077 non
3551 1027 3592 1080 in
3613 1028 3692 1084 luxu

2172 1105 2398 1159 vestium
2422 1108 2662 1175 occupati
2692 1124 2897 1175 sumus,
2924 1126 3101 1180 neque
3129 1128 3324 1182 corpus
3364 1132 3556 1171 ornare
3576 1126 3691 1176 stude-

2170 1211 2311 1263 mus,
2342 1198 2431 1251 sed
2461 1214 2674 1253 omnem
2719 1200 2863 1255 illum
2906 1215 3183 1257 externum
3224 1207 3428 1260 cultum
3479 1207 3531 1261 in
3564 1214 3694 1267 anima

2173 1288 2538 1343 transierimus
2563 1305 2768 1356 curam,
2810 1300 2866 1345 et
2904 1308 3008 1347 non
3052 1294 3370 1348 dimittimus
3395 1312 3521 1350 eam
3561 1302 3691 1355 nudam

2170 1386 2225 1430 et
2254 1379 2533 1447 spoliatam
2577 1379 2901 1436 indumentis
2945 1383 3231 1450 virtutum;
3276 1388 3500 1455 quando
3534 1389 3692 1445 ridentis

2171 1468 2407 1538 delicias,
2433 1472 2645 1540 quando
2670 1474 2851 1545 gulam
2877 1484 2932 1529 et
2956 1476 3229 1545 crapulam
3266 1478 3524 1547 fugimus,
3547 1486 3693 1549 quanio

2173 1572 2278 1613 non
2320 1563 2567 1618 convivia
2613 1574 2668 1620 et
2705 1581 2887 1622 coenas
2933 1575 3223 1631 sectamur,
3262 1567 3358 1622 sed
3410 1568 3693 1639 frugalitate:

2171 1668 2474 1720 servamus,
2532 1659 2823 1713 secundum
2878 1659 3225 1728 apostolicam
3272 1660 3694 1721 admonitionem:

2174 1743 2426 1800 [labentes
2466 1748 2653 1802 uictum
2692 1762 2738 1803 et
2782 1750 3151 1812 indumentum,
3193 1752 3270 1804 his
3314 1756 3538 1807 contenti
3571 1758 3694 1811 eumsi

2170 1835 2245 1908 (Ι.
2284 1836 2414 1891 Tim.
2444 1839 2495 1893 6.
2539 1836 2616 1910 8).
2645 1839 2774 1908 Quae
2802 1841 2943 1896 enim
2986 1841 3186 1896 utilitas
3223 1843 3615 1912 superﬂuorum,
3644 1850 3696 1904 dic

2172 1929 2323 1995 tnihi,
2352 1939 2411 1985 ut
2434 1942 2677 1987 ventrem
2707 1932 2977 1988 distendas
3016 1950 3126 2003 pra:
3166 1936 3324 1988 nimia
3366 1939 3645 2005 voracitate,
3664 1952 3696 1994 et

2171 2023 2363 2077 mentis
2403 2022 2660 2092 judicium
2706 2023 2952 2079 destruas
2997 2040 3107 2094 prae
3151 2026 3439 2082 immodica
3468 2028 3565 2083 viui
3594 2044 3698 2100 pou-

2169 2114 2353 2169 tione?
2378 2129 2556 2170 annon
2583 2114 2708 2171 inde
2730 2117 2968 2186 corporis
2995 2125 3052 2171 et
3077 2119 3266 2173 anima:
3298 2120 3439 2173 mala
3470 2136 3697 2177 nascuntur

2168 2207 2386 2261 omnia?
2417 2208 2567 2264 Unde
2611 2210 2754 2263 enim
2797 2210 3119 2279 multiplices
3167 2212 3269 2265 illas
3314 2213 3638 2281 aegritudines
3666 2230 3699 2269 et

2169 2299 2407 2354 membra
2433 2300 2697 2355 distorta?
2731 2300 2920 2356 Nonne
2962 2300 3086 2355 hinc
3126 2302 3267 2372 quod
3299 2303 3421 2372 plus
3464 2320 3607 2375 quam
3637 2323 3698 2375 par

2168 2391 2256 2455 sit,
2295 2399 2535 2446 ventrem
2565 2392 2820 2447 oneribus
2854 2394 3171 2462 gravemus?
3204 2392 3354 2449 Unde
3384 2407 3562 2450 autem
3595 2397 3701 2451 adul-

2168 2483 2322 2549 teria,
2354 2491 2557 2552 stupra,
2580 2483 2800 2553 rapinae,
2816 2499 3097 2539 avarorum
3114 2485 3343 2553 fraudes,
3369 2487 3564 2549 caedes,
3589 2491 3701 2541 latro-

2167 2573 2325 2638 cinia,
2356 2582 2412 2628 et
2457 2575 2631 2629 omnis
2667 2574 2861 2629 anima:
2900 2577 3210 2646 corruptio?
3243 2577 3435 2632 Nonne
3482 2581 3591 2649 quia
3625 2583 3702 2647 [ius

2166 2663 2592 2731 concupiscimus
2612 2679 2770 2734 quam
2796 2664 2950 2719 nobis
2970 2666 3252 2736 congruit?
3278 2668 3431 2722 Sicut
3447 2672 3584 2723 enim
3608 2672 3702 2723 Pau-

2168 2754 2250 2807 lus
2281 2754 2513 2809 radiccm
2540 2756 2778 2810 omnium
2806 2756 3069 2811 malorum
3110 2758 3388 2813 avaritiam
3430 2762 3625 2815 vocarit
3650 2764 3704 2827 tl.

2166 2845 2299 2900 Tim.
2334 2847 2512 2915 6.10)
2559 2864 2573 2901 :
2617 2847 2697 2903 sic
2734 2862 2841 2903 non
2880 2849 3207 2903 aberraverit
3256 2848 3401 2919 quis,
3460 2852 3509 2905 si
3555 2853 3700 2907 fontem

2165 2939 2404 2994 omnium
2424 2954 2507 2994 ma
2517 2938 2688 2993 lorum
2710 2938 2853 2993 dicat
2876 2939 3402 3008 immoderationem,
3422 2952 3483 2997 et
3504 2946 3704 3013 cupidus

2166 3037 2271 3084 tem
2303 3030 2447 3085 illam
2473 3047 2624 3085 usttm
2643 3031 3063 3101 transgrediendi
3080 3034 3329 3090 omnibus
3347 3035 3399 3089 in
3420 3036 3596 3090 rebus.

2165 3120 2211 3175 si
2238 3120 2494 3176 vellemus
2521 3121 2572 3175 iu
2600 3121 2893 3189 alimentis,
2924 3133 2978 3177 et
3006 3123 3264 3191 vestibus,
3293 3135 3348 3180 et
3381 3126 3646 3181 domiciliis
3670 3139 3707 3179 rt

2163 3211 2284 3267 aliis
2308 3211 2676 3282 corporalibus
2704 3214 2911 3269 cunctis
2940 3214 3121 3269 usibus
3148 3215 3280 3271 nihil
3313 3218 3597 3273 immodica:
3615 3234 3707 3271 coo-

2162 3302 2472 3372 cnpiscere,
2520 3302 2615 3358 sed
2656 3304 2959 3359 necessaria
3007 3313 3210 3359 tantum
3261 3321 3529 3377 quaerere,
3575 3312 3707 3363 multis

2162 3396 2373 3451 damnis
2403 3394 2718 3451 liberaretur
2747 3396 3038 3452 humanum
3061 3413 3251 3469 genus.

2234 3486 2287 3541 5.
2328 3484 2528 3540 Verum
2558 3487 2737 3541 nescio
2770 3487 2859 3557 qui
2893 3488 2999 3553 ﬁat,
3039 3498 3100 3543 ut
3128 3504 3315 3545 omnes
3343 3501 3395 3546 et
3423 3491 3612 3562 singuli
3644 3508 3707 3560 pro

2163 3578 2274 3631 suis
2319 3578 2520 3633 viribus
2563 3579 2802 3635 avaritia:
2848 3581 3036 3635 morbo
3077 3580 3412 3651 laboremus,
3464 3602 3708 3655 numqua!

2162 3669 2428 3724 enitentes
2449 3678 2509 3724 ut
2536 3670 2671 3726 intra
2699 3672 3036 3727 necessitatis
3063 3688 3373 3730 maneamus
3408 3677 3619 3741 limites,
3645 3680 3707 3731 5rd

2165 3763 2319 3832 plane
2347 3771 2529 3818 contra
2556 3765 2907 3835 apostolicum
2929 3765 3260 3833 mandatum,
3286 3769 3429 3837 quod
3457 3771 3607 3834 dicit,
3636 3770 3708 3821 Ha-

2164 3855 2329 3908 bentes
2356 3854 2539 3908 uictum
2566 3865 2615 3908 et
2642 3855 2903 3921 amictum,
2933 3856 3011 3911 Itis
3038 3860 3260 3913 contenti
3289 3862 3477 3913 erimus
3508 3862 3585 3931 (l.
3612 3861 3708 3914 Tum.

2163 3945 2216 4002 6.
2244 3945 2324 4018 8),
2346 3947 2523 4001 omnia
2542 3946 2788 4015 iacimus,
2809 3950 3110 4005 nescientes
3134 3965 3233 4006 nos
3255 3951 3323 4007 de
3349 3955 3601 4008 omnibus
3627 3974 3708 4023 qua

2161 4042 2297 4094 ultra
2319 4055 2471 4094 usum
2492 4049 2732 4096 nostrum
2750 4051 2895 4109 sunt,
2922 4044 3179 4098 rationem
3202 4044 3423 4102 daturos
3438 4063 3584 4113 esse,
3606 4046 3708 4117 quarti

2160 4132 2308 4185 abusi
2331 4132 2499 4187 simus
2536 4131 2728 4187 divinis
2748 4134 3078 4189 muneribus.
3120 4134 3236 4189 Non
3266 4137 3412 4192 enim
3452 4139 3571 4193 hac
3599 4141 3708 4194 uola

2161 4223 2427 4277 concessit
2452 4230 2509 4276 ut
2536 4239 2634 4277 nos
2655 4234 2859 4278 tantum
2886 4226 2967 4278 eis
2989 4234 3200 4281 utamur
3234 4245 3249 4282 :
3279 4229 3374 4282 sed
3402 4240 3456 4283 et
3485 4224 3546 4284 ut
3568 4232 3708 4299 proxi-

2161 4330 2367 4368 morum
2414 4315 2753 4384 indigentiam
2797 4315 3159 4372 sublevemus.
3191 4319 3342 4387 Quali
3386 4322 3555 4390 igitur
3594 4335 3708 4375 ven:

2158 4404 2408 4475 dignandi
2438 4415 2583 4471 sunt,
2610 4408 2700 4476 qui
2730 4413 2785 4460 et
2810 4407 2860 4461 in
2897 4407 3230 4463 vestimentis
3271 4410 3494 4464 multam
3544 4413 3708 4463 vaniu-

2161 4506 2267 4552 tem
2295 4507 2582 4564 ostentant,
2610 4508 2664 4552 et
2705 4508 2761 4551 ut
2801 4501 3061 4553 vermium
3094 4509 3334 4555 texturas
3369 4513 3610 4571 gestent,
3640 4504 3708 4555 sein

2159 4589 2287 4643 liciti
2318 4600 2462 4655 sunt,
2495 4590 2743 4660 quodque
2771 4590 3162 4659 gravissimum,
3194 4592 3246 4644 in
3269 4592 3353 4646 bis
3383 4596 3708 4662 superbiant:

2157 4696 2292 4750 quos
2316 4682 2598 4749 oportebat
2621 4683 2839 4747 rubore,
2858 4690 3021 4747 metu,
3044 4697 3108 4735 ac
3130 4692 3362 4737 tremore
3388 4686 3589 4748 teneri,
3610 4686 3708 4755 qud

2157 4773 2258 4842 ipsi
2285 4774 2497 4843 quidem
2538 4775 2607 4828 ob
2646 4773 2843 4828 nullam
2889 4775 3191 4841 utilitatem,
3238 4792 3410 4844 neque
3453 4780 3707 4831 necessari

2158 4879 2284 4919 usus
2305 4865 2506 4934 gratia;
2534 4864 2629 4920 sed
2657 4874 2861 4918 tantum
2892 4866 2961 4919 ob
2988 4867 3273 4921 vanitatem
3304 4880 3356 4921 et
3383 4868 3604 4923 inanem
3630 4874 3708 4939 gl”

2159 4959 2312 5019 riam,
2337 4963 2392 5009 et
2418 4965 2476 5008 ut
2505 4955 2661 5024 vulgo
2686 4969 2750 5009 ac
2782 4954 3082 5010 forensibus
3116 4956 3451 5011 admirationi
3499 4962 3631 5019 sint.
3671 4974 3708 5011 ta

2155 5047 2293 5100 libus
2322 5046 2640 5101 induantur:
2671 5046 2797 5105 dum
2815 5048 3055 5116 ejusdem
3084 5058 3286 5103 natura:
3310 5065 3542 5104 consors
3566 5053 3708 5103 etiam

2156 5139 2303 5192 bulat
2332 5140 2527 5206 nudus,
2558 5144 2645 5208 qui
2679 5154 2852 5207 neque
2886 5140 3217 5195 crassissima
3247 5152 3394 5196 veste
3420 5146 3651 5196 amicire
3684 5160 3708 5193 Si

2155 5243 2326 5300 potest
2355 5249 2371 5287 :
2400 5241 2454 5287 et
2483 5247 2656 5302 neque
2682 5241 2868 5288 natura
2893 5233 2960 5285 ad
2987 5233 3512 5288 commiserationem
3544 5236 3708 5287 ducis»

2156 5334 2260 5387 tur,
2293 5338 2465 5393 neque
2493 5323 2824 5380 conscientia
2852 5323 2920 5379 ad
2949 5322 3321 5393 opitulandum
3362 5325 3618 5392 proximo
3657 5340 3708 5375 ea

2151 5415 2338 5472 incitat
2368 5433 2381 5469 :
2416 5431 2588 5486 neque
2629 5418 2885 5470 memoria
2922 5414 3175 5470 horrendi
3216 5416 3359 5470 illius
3393 5417 3528 5481 diei,
3579 5430 3708 5477 item

2148 5506 2409 5578 gehennae
2436 5508 2612 5574 timor,
2644 5522 2817 5577 neque
2844 5507 3257 5577 promissionum
3287 5507 3631 5576 magnitudo.
3656 5522 3708 5557 ne

2149 5616 2253 5671 que
2280 5599 2420 5655 istud
2448 5601 2643 5669 ipsum,
2673 5598 2813 5670 quod
2843 5600 3142 5655 communis
3172 5600 3422 5654 Dominus
3469 5612 3659 5652 noster
3685 5612 3708 5648 ε

2157 5692 2256 5749 sibi
2284 5691 2422 5746 facta
2452 5701 2677 5762 usurpat
2696 5708 2815 5763 qua:
2843 5692 3103 5765 proximis
3132 5692 3266 5746 ﬁunt
3295 5709 3308 5745 :
3348 5691 3431 5747 sed
3464 5696 3629 5762 quasi
3666 5694 3708 5743 ia
