3788 6274
243 308 349 366 559
1054 302 1111 358 S.
1152 296 1433 357 JO.\NNIS
1473 289 1966 352 CHRYSOSTOMI
2006 289 2321 349 ARCHIEP.
2366 294 2910 352 CONSTANTINOP.
3569 304 3663 359 7:50

317 345 347 365 ν

238 443 339 501 ρας
365 424 599 495 ἐκείνης,
630 423 752 478 οὔτε
770 426 868 496 τῆς
899 421 1123 492 γεέννης
1146 420 1174 473 6
1203 418 1367 489 φόϐος
1392 456 1407 479 ,
1446 414 1567 468 οὕτε
1590 413 1700 468 τῶν
1745 413 1915 481 ἐπαγ-

240 514 443 585 γελιῶν
472 513 532 566 τὸ
559 511 785 584 μέγεθος
810 553 826 578 ,
860 509 982 564 οὔτε
1008 508 1069 561 τὸ
1091 506 1253 561 αὐτὸν
1286 505 1377 558 τὸν
1407 503 1585 557 κοινόν
1616 501 1773 573 ἡμῶν
1817 502 1919 552 Δε-

235 602 439 673 σπότην
461 601 713 655 ἀπάντων
730 596 1059 651 οἰκειοῦσθαι
1088 595 1155 648 τά
1180 595 1260 656 εἰς
1288 592 1418 654 τοὺς
1441 592 1726 661 ὁμογενεῖς
1770 586 1918 655 γινό-

235 709 374 762 μενα
397 704 408 716 ·
431 690 567 744 ἀλλά
593 688 845 757 καθάπερ
878 684 1086 754 λιθίνην
1112 682 1342 753 καρδίαν
1381 679 1620 749 ἔχοντες,
1668 677 1765 730 καὶ
1810 674 1917 740 ἐξω

222 778 330 853 τῆς
351 779 563 848 φύσεως
581 777 752 840 ὄντες,
772 773 914 827 οῦτω
934 772 1219 841 νομίζουσι
1238 769 1423 822 λοιπὸν
1445 767 1640 838 διάτὴν
1655 766 1763 820 τῶν
1783 765 1915 853 ίμα-

229 851 360 931 τίων
374 883 436 919 πε
444 862 660 936 ριόολὴν
677 862 769 917 καὶ
783 860 1043 931 ἀνώτεροι
1058 860 1155 929 τῆς
1170 856 1515 928 ἀνθρωπίνης
1525 857 1594 924 φύ
1604 871 1739 917 σεως
1752 851 1912 916 εἶναι,

229 961 330 1008 οὑκ
341 951 643 1015 ἐννοοῦντες
658 952 797 1005 ὅσων
809 948 1144 1010 ὑπευθύνους
1154 947 1382 1010 ἑαυτοὺς
1395 944 1705 1007 καθιστᾶσι,
1726 941 1913 1006 κακῶς

230 1041 640 1113 οἰκονομοῦντες
659 1040 728 1094 τὰ
742 1036 894 1110 παρά
905 1035 999 1091 τοῦ
1030 1035 1302 1088 Δεσπότου
1324 1034 1505 1097 αὐτοῖς
1527 1030 1914 1105 ἐμπιστευθέν-

230 1147 324 1194 τα,
334 1130 427 1182 καί
440 1129 501 1181 ού
520 1126 828 1198 βουλόμενοι
844 1127 955 1188 τοῖς
967 1122 1476 1185 συνδούλοιςδιδόναι
1488 1140 1537 1175 τι
1554 1121 1717 1193 μέρος
1731 1133 1781 1183 ι,
1795 1119 1909 1173 ἀλλ’

229 1214 401 1285 ἡδέως
412 1215 639 1284 ἀφέντες
654 1212 758 1266 ὑπὸ
771 1210 879 1264 τῶν
894 1208 1074 1280 σητῶν
1084 1207 1225 1262 αύτά
1237 1206 1747 1268 καταναλίσκεσθαι,
1761 1204 1863 1273 δαψ
1873 1221 1911 1257 ι-

229 1304 485 1376 λέστερον
507 1304 691 1365 αὐτοῖς
711 1301 773 1353 τὸ
800 1300 900 1371 τῆς
923 1299 1150 1369 γεέννης
1179 1298 1291 1369 πῦρ
1325 1297 1424 1369 ἤδη
1460 1296 1911 1367 προευτρεπίζου-

231 1402 345 1455 σινς
373 1393 436 1444 Εἰ
466 1391 576 1461 γὰρ
608 1391 704 1443 καὶ
742 1388 926 1442 πάντα
967 1388 1033 1441 ea
1073 1386 1220 1440 ένδον
1259 1385 1597 1455 ἀποκείμενα
1634 1384 1909 1454 διένειμαν

229 1479 340 1541 τοῖς
373 1477 649 1548 δεομένοις
676 1476 728 1529 οί
762 1474 1140 1539 πλουτοῦντες,
1168 1474 1266 1528 καὶ
1287 1472 1460 1537 οὕτως
1482 1473 1582 1526 οὐκ
1602 1473 1668 1526 ἀν
1692 1472 1790 1543 τὴν
1812 1470 1906 1525 κό-

228 1565 384 1618 λασιν
403 1565 666 1634 ’διέφυγον
690 1560 831 1635 ὗπὲρ
861 1556 936 1617 ὧν
960 1561 1270 1634 τρυφῶντες
1294 1562 1391 1617 καὶ
1418 1562 1474 1614 ἐν
1499 1563 1610 1623 τοῖς
1633 1558 1904 1630 ἐσθήμασι

230 1654 324 1706 καὶ
350 1653 408 1704 ἐν
432 1654 554 1716 ταῖς
582 1650 860 1705 ἑστιάσεσι
887 1650 1175 1705 διετέλουν.
1208 1648 1386 1720 Πόσης
1414 1648 1566 1720 [581]
1587 1648 1695 1719 γὰρ
1715 1648 1814 1700 ούκ
1838 1647 1905 1700 ἂν

229 1736 340 1792 εἷεν
385 1738 663 1803 κολάσεως
700 1737 841 1802 ἄξιοι
883 1735 932 1790 οἰ
977 1738 1156 1792 πάντα
1182 1738 1385 1808 τρόπον
1416 1732 1807 1798 σπουδάζοντες
1837 1732 1903 1787 τά

232 1822 330 1899 μέν
358 1825 559 1897 σηρικά
594 1823 1020 1901 περιϐεϐλῆσθαι
1056 1824 1321 1887 πολλάκις
1352 1822 1561 1893 ἱμάτια.
1593 1822 1686 1874 καὶ
1727 1821 1903 1874 σοϐεῖν

228 1908 322 1968 ἐπὶ
354 1914 453 1984 τῆς
478 1915 704 1985 ἀγορᾶς,
736 1912 830 1966 καὶ
852 1913 921 1966 τά
951 1907 1049 1983 μὲν
1083 1912 1290 1983 χρυσίῳ
1325 1908 1716 1978 καθυφασμένα
1751 1926 1906 1979 περι-

228 1997 464 2066 κεῖσθαι,
491 2000 562 2056 τά
590 2002 647 2054 δὲ
673 2001 769 2054 καὶ
799 2000 973 2064 ἄλλως
999 2016 1117 2063 πως
1159 1998 1527 2059 πεποικίλθαι,
1556 1997 1646 2049 τὸν
1682 1996 1737 2049 δὲ
1772 1994 1903 2067 Χρι-

228 2091 353 2144 στὸν
379 2090 639 2161 περιορᾷν
665 2087 890 2160 γυμνόν,
913 2088 1008 2141 καὶ
1036 2083 1170 2159 μηδέ
1199 2085 1299 2157 τῆς
1322 2084 1626 2155 ἀναγκαίας
1651 2083 1902 2155 εὐπορεῖν

224 2178 468 2248 τροφῆςς
501 2176 753 2232 Μάλιστα
773 2177 882 2248 γάρ
918 2193 1007 2248 μοι
1035 2174 1170 2246 πρὸς
1199 2175 1297 2238 τὰς
1320 2179 1579 2244 γυναῖκας
1605 2167 1760 2238 οὗτος
1793 2174 1856 2227 ἂν
1876 2177 1903 2228 6

225 2266 383 2335 λόγος
423 2266 702 2337 ἁρμόσειε.
746 2265 974 2320 Πλείονα
1016 2264 1125 2335 γὰρ
1163 2264 1295 2336 παρ’
1320 2262 1511 2327 αὐταῖς
1544 2263 1692 2316 ἔστιν
1724 2262 1903 2334 εὑρεῖν

224 2356 326 2424 τὴν
356 2354 713 2424 φιλοκοσμίαν
741 2353 835 2407 καὶ
861 2352 958 2423 τὴν
989 2352 1251 2417 ἀσωτίαν,
1284 2353 1377 2405 καὶ
1408 2351 1466 2404 τὸ
1494 2350 1630 2421 μετά
1660 2350 1767 2404 τῶν
1790 2351 1904 2404 δια-

226 2446 444 2516 χρύσων
477 2443 706 2512 ἱματίων
737 2443 831 2496 καὶ
856 2442 924 2495 τά
950 2441 1151 2513 χρυσία
1176 2440 1315 2494 αύτά
1344 2439 1689 2511 περικεῖσθαι
1718 2441 1809 2492 ἐπί
1839 2457 1898 2492 τε

225 2532 325 2601 τῆς
347 2529 609 2601 κεφαλῆς.
639 2529 729 2583 ἐπί
750 2547 809 2583 τε
830 2529 926 2583 τοῦ
951 2530 1221 2601 τραχήλου
1254 2529 1462 2581 καὶτοῦ
1492 2528 1678 2581 λοιποῦ
1710 2527 1899 2599 σώμα-

224 2637 338 2684 τος,
370 2620 463 2673 καὶ
492 2620 633 2690 μέγα
660 2622 879 2689 φρονεῖν
908 2619 1001 2672 ἐπὶ
1024 2619 1255 2680 τούτοις.
1282 2618 1491 2681 Πόσων,
1519 2617 1640 2670 εἰπέ
1670 2633 1779 2687 μοι,
1814 2634 1902 2670 πε-

225 2708 402 2779 νήτων
420 2708 693 2778 γαστέρας
712 2707 973 2779 ἠδύναντο
994 2708 1518 2779 παραμυθήσασθαι,
1536 2706 1626 2759 καὶ
1644 2706 1784 2759 πόσα
1801 2705 1903 2758 σώ-

229 2813 375 2866 ματα
406 2795 861 2867 γυμνητευόντων
898 2796 1171 2850 σκεπάσαι
1207 2796 1276 2849 τὰ
1301 2796 1525 2849 ἐπὶτῶν
1558 2793 1711 2847 ὢτων
1743 2794 1903 2865 μόνον

225 2886 619 2954 ἐκκρεμάμενα
648 2884 826 2956 μάτην
848 2882 941 2936 καὶ
958 2886 1105 2955 εἰκῆ,
1136 2884 1232 2937 καὶ
1254 2885 1339 2936 ἐπ’
1363 2884 1539 2937 οὐδενὶ
1559 2882 1759 2955 κέρδει,
1784 2882 1902 2936 ἀλλ’

225 2975 258 3046 ῆ
299 2975 459 3045 μόνον
485 2976 578 3028 ἐπὶ
606 2973 778 3048 βλάϐῃ
800 2976 896 3028 καὶ
925 2974 1073 3047 λύμῃ
1100 2974 1306 3045 ψυχῆς
1333 2973 1429 3026 Διά
1453 2972 1610 3025 τοῦτο
1635 2974 1727 3026 καί
1749 2974 1777 3024 ό
1805 2973 1904 3043 τῆς

224 3062 549 3132 οἰκουμένης
573 3061 892 3125 διδάσκαλος
917 3060 1111 3123 εἰπὼν,
1137 3063 1425 3129 Ἔχοντες
1452 3059 1773 3127 διατροφὰς
1800 3058 1901 3113 καὶ

224 3149 645 3218 σκεπάσματα,
676 3151 953 3220 μετήγαγε
985 3150 1147 3202 πάλιν
1174 3150 1265 3201 ἐπὶ
1291 3149 1390 3211 τὰς
1420 3151 1681 3215 γυναῖκας
1705 3145 1794 3199 τὸν
1818 3146 1903 3198 λό-

224 3254 341 3306 γον.
367 3232 458 3291 καί
494 3254 648 3308 φησι,
678 3235 772 3305 Μὴ
801 3237 870 3290 ἐν
898 3236 1241 3305 πλέγμασιν
1279 3235 1316 3302 ἢ
1351 3234 1577 3303 χρυσῷ,
1608 3233 1647 3302 ἣ
1681 3248 1903 3302 μαργ-ιι-

222 3325 416 3394 pirate
451 3326 488 3393 ἢ
519 3317 812 3394 ἱματισμῷ
845 3322 1173 3378 πολυτελεῖ
1207 3320 1456 3393 κοσμεῖν
1492 3320 1728 3389 ἑαυτάς.
1762 3324 1902 3393 Ὅρα

226 3415 344 3477 πῶς
380 3413 439 3465 οὐ
474 3409 724 3483 βούλεται
747 3410 958 3475 τούτοις
988 3410 1330 3483 κοσμεῖσθαι.
1363 3410 1482 3464 οὐδὲ
1517 3409 1717 3481 χρυσία
1747 3427 1900 3481 περι-

226 3497 460 3564 κεῖσθαι,
488 3500 607 3553 οὐδὲ
637 3500 984 3572 μαργαρίτας
1010 3500 1104 3554 καὶ
1134 3498 1323 3571 ἱμάτια
1343 3498 1626 3569 πολυτελῆ·
1654 3498 1788 3552 ἀλλά
1812 3495 1902 3551 τὸν

227 3592 404 3662 ἀληθῆ
427 3592 629 3662 κόσμον
659 3592 752 3657 ἐπὶ
781 3591 880 3660 τὴν
912 3589 1091 3661 ψυχὴν
1128 3590 1405 3660 μετάγειν,
1433 3590 1529 3643 καὶ
1562 3588 1650 3643 διά
1670 3589 1766 3659 τῆς
1794 3590 1901 3641 τῶν

226 3679 445 3749 ἀγαθῶν
469 3680 645 3751 έργων
670 3679 923 3749 πράξεως
945 3679 1008 3734 τὸ
1027 3679 1224 3744 κάλλος
1245 3679 1343 3750 τῆς
1363 3679 1543 3749 ψυχῆς
1568 3678 1899 3750 φαιδρύνειν,

228 3773 323 3827 καὶ
355 3773 429 3844 μὴ
460 3774 588 3842 περὶ
606 3771 778 3826 ταῦτα
812 3769 1157 3842 ἐπτοημένην
1181 3771 1442 3841 περιορᾷν
1471 3769 1688 3840 ἐκείνην
1720 3767 1903 3840 ῥυπῶ-

228 3880 349 3923 σαν,
369 3861 691 3931 αὐχμῶσαν,
711 3859 877 3929 ῥάκια
899 3858 1195 3929 περιδεὸλη
1204 3858 1394 3928 μένην,
1413 3856 1556 3928 λιμῴ
1570 3854 1900 3926 τηκομένην,

227 3949 333 4004 ὑπὸ
352 3948 447 4002 τοῦ
472 3946 688 4019 κρυμοῦ
720 3946 1094 4017 πηγνυμένην.
1135 3945 1197 3999 Ἦ
1218 3945 1329 4017 γὰρ
1358 3944 1561 4013 σπουδὴ
1590 3943 1731 4013 αὕτη
1756 3942 1849 3996 καὶ
1874 3945 1902 3995 6

225 4037 356 4107 περὶ
386 4036 448 4090 τὸ
477 4036 637 4105 σῶμα
658 4035 1066 4104 καλλωπισμὸς,
1094 4032 1310 4103 ἐκείνης
1343 4031 1581 4084 δείκνυσι
1605 4029 1705 4100 τὴν
1731 4031 1901 4101 ἀμορ-

226 4124 377 4191 φίαν,
419 4123 513 4175 καὶ
557 4124 592 4192 ἡ
642 4120 832 4173 τούτου
875 4119 1057 4191 τρυφὴ
1096 4119 1312 4188 ἐκείνης
1345 4118 1436 4171 τὸν
1475 4116 1631 4187 λιμὸν
1669 4116 1903 4187 φανερὸν

226 4210 538 4278 καθίστησι,
573 4208 667 4260 καὶ
704 4210 738 4278 ἡ
788 4206 915 4277 περί
946 4207 1046 4278 τὴν
1083 4204 1287 4277 ἐσθῆτα
1335 4204 1653 4258 πολυτέλεια
1686 4204 1902 4275 ἐκείνης

222 4298 325 4369 τὴν
364 4295 683 4367 γυμνότητα
721 4294 991 4363 ἐκφαίνει.
1031 4293 1168 4347 Ούδέ
1198 4293 1307 4367 γάρ
1339 4288 1450 4347 οἷόν
1483 4294 1544 4348 τέ
1574 4310 1696 4348 τινα
1721 4292 1903 4363 ψυχῆς

225 4381 674 4452 ἐπιμελούμενον,
702 4381 799 4435 καὶ
827 4381 924 4452 τήν
946 4380 1249 4452 εὐμορφίαν
1272 4381 1486 4453 ἐκείνης
1506 4381 1600 4436 καί
1626 4381 1686 4435 τὸ
1708 4381 1903 4447 κάλλος

225 4476 353 4544 περὶ
375 4471 569 4525 πολλοῦ
593 4473 931 4538 ποιούμενον,
955 4472 1092 4543 πρὸς
1112 4472 1206 4524 τὸν
1227 4469 1332 4536 ἐξω
1352 4471 1556 4544 κόσμον
1581 4471 1896 4544 ἐπτοῆσθαι·

224 4562 413 4632 ὥσπερ
472 4559 633 4614 πάλιν
676 4558 934 4613 ἀδύνατόν
978 4577 1099 4613 τινα
1142 4557 1279 4631 πρὸς
1313 4560 1413 4631 τὴν
1458 4559 1758 4630 φαντασίαν
1799 4561 1903 4628 τήν

225 4650 425 4713 ἔξωθεν
463 4647 815 4719 ἐσχολακότα,
846 4648 941 4702 καὶ
978 4646 1080 4719 τῆς
1111 4646 1339 4719 ἐσθῆτος
1371 4647 1462 4701 τὸν
1490 4647 1896 4719 καλλωπισμὸν,

224 4740 318 4791 καὶ
367 4737 459 4791 τὸν
504 4736 611 4790 ἀπὸ
648 4733 756 4789 τῶν
799 4736 1036 4806 χρυσίων
1082 4735 1308 4806 κόσμον,
1358 4735 1574 4807 ἐκείνης
1614 4736 1900 4807 ἡντιναοῦν

225 4826 494 4880 ποιεῖσθαι
522 4825 795 4899 φροντίδα.
833 4823 970 4879 Πότε
1000 4825 1109 4894 γάρ
1147 4824 1395 4889 ἀνέξεται
1433 4828 1466 4897 ἡ
1500 4824 1721 4896 τοιαύτη
1752 4826 1897 4899 ψυχὴ

222 4913 331 4969 τῶν
377 4914 605 4969 δεόντων
647 4928 721 4969 τι
755 4914 1015 4981 συνιδεῖν,
1056 4911 1089 4984 ἢ
1140 4915 1220 4976 εἰς
1261 4912 1470 4967 ἔννοιαν
1512 4915 1898 4984 πνευματικῶν

223 5004 565 5077 πραγμάτων
601 5004 879 5067 εἰσελθεῖν,
912 5002 1057 5071 ἀπαξ
1084 5003 1212 5073 περί
1237 5003 1305 5057 τὰ
1329 5004 1491 5072 γήϊνα
1524 5002 1719 5074 ἐαυτὴν
1749 5004 1900 5059 ἐκδε-

221 5092 449 5157 δωκυῖα,
481 5094 576 5147 καί⁸
604 5096 801 5164 χαμαὶ,
846 5093 919 5155 ὡς
954 5095 1151 5156 εἰπεῖν,
1189 5092 1487 5164 συρομένη,
1518 5093 1612 5147 καὶ
1641 5092 1896 5148 οὐδέποτε

221 5180 557 5235 ἀναπνεῦσαι
591 5178 884 5248 δυναμένη,
928 5178 1063 5231 ἀλλά
1102 5181 1498 5247 ωγκεκυφυία,
1544 5180 1637 5234 καὶ
1683 5181 1896 5253 μυρίοις

222 5269 465 5340 φορτίοις
511 5265 921 5336 ἁμαρτημάτων
965 5261 1164 5336 ἑαυτὴν
1204 5265 1743 5340 βαρύνουσα;⁹’οσαι
1785 5269 1895 5342 γάρ

222 5355 472 5408 ἐντεῦθεν
506 5355 560 5406 αἱ
587 5352 770 5423 ἀηδίαι
805 5353 1101 5419 τίκτονται,
1135 5355 1198 5408 ού
1224 5354 1449 5410 δυνατὸν
1484 5356 1578 5409 νῦν
1608 5358 1895 5428 παραστῆ-

222 5440 415 5508 σαιτῷ
444 5440 608 5511 λόγῳ·
642 5438 757 5495 ἀλλ’
797 5443 959 5512 ἀρκεῖ
1003 5443 1084 5514 τῷ
1131 5443 1393 5497 συνειδότι
1436 5444 1752 5498 καταλιπεῖν
1786 5445 1895 5498 τῶν

218 5528 347 5598 περί
382 5527 556 5583 ταῦτα
605 5528 995 5599 ἐσχολακότων,
1047 5531 1178 5594 ὅσας
1224 5532 1348 5585 καθ’
1389 5532 1628 5603 ἑκάστην
1682 5533 1894 5605 ἡμέραν

217 5615 465 5670 ἐντεῦθεν
494 5616 737 5687 δέχονται
766 5617 867 5681 τάς
906 5618 1165 5689 ἀθυμίας.
1205 5620 1275 5672 Ἢ
1309 5617 1416 5689 γάρ
1445 5619 1659 5675 διέπεσέ
1701 5638 1754 5674 τι
1787 5622 1894 5674 τῶν

217 5706 474 5776 χρυσίων,
509 5704 603 5759 καὶ
631 5706 797 5768 πολὺς
832 5706 861 5757 6
900 5702 1107 5777 χειμὼν
1143 5707 1240 5761 καὶ
1273 5711 1300 5761 6
1336 5708 1564 5778 θόρυϐος
1593 5710 1894 5763 κατέλαϐεν

219 5794 430 5847 ἅπασαν
455 5793 552 5863 τήν
578 5795 772 5849 οἰκίαν·
796 5795 829 5866 ἢ
861 5795 1076 5868 οἰκέτης
1099 5794 1368 5864 ὑφείλετο,
1394 5796 1489 5849 καί¹
1522 5797 1654 5851 πᾶσι
1694 5798 1887 5868 μάστι-

277 5886 303 5914 ⁸
326 5880 474 5928 δίινίι.
509 5890 554 5931 Cl
588 5895 673 5931 sex
700 5897 814 5932 mss.
843 5882 1017 5932 διδόναι
1038 5882 1094 5931 τὸ
1119 5883 1304 5946 μέτρον.
1329 5883 1503 5936 Morel.
1529 5889 1582 5937 Cl
1602 5884 1687 5938 alii
1709 5886 1889 5939 διδόναι

222 5958 261 5987 τε
285 5959 439 6007 ιιςρος,
466 5950 517 5995 ει
552 5946 625 5997 sic
636 5947 838 6011 legerat
863 5947 1113 6009 interpres
1162 5945 1379 5998 Latinus.

2025 428 2121 479 γες
2158 415 2249 467 καὶ
2286 413 2496 488 πληγαὶ
2538 416 2632 468 καὶ
2659 416 3025 487 δεσμωτήρια·
3063 418 3095 488 ἢ
3132 419 3388 489 βάσκανοί
3416 437 3550 485 τινες
3574 423 3664 473 ἑπ-

2017 501 2368 564 εδούλευσαν,
2423 502 2517 555 καὶ
2566 502 2823 574 ἐξαίφνης
2863 504 3183 574 ἐγύμνωσαν
3222 508 3332 559 τῶν
3363 507 3545 571 όντων,
3584 510 3667 561 καὶ

1990 662 1992 665 _
2017 589 2184 661 πολλὴ
2226 589 2320 643 καὶ
2340 589 2663 661 ἀφόρητοςὴ
2689 591 2915 663 ἀθυμία·
2941 592 2974 663 ἡ
3002 594 3341 665 πραγμάτων
3370 595 3669 665 περίστασις

2017 677 2335 748 ἐμπεσοῦσα
2367 680 2448 742 εἰς
2480 680 2714 748 ἐσχάτην
2754 679 2944 733 πενίαν
2978 682 3302 750 κατήνεγκε,
3333 683 3426 736 καὶ
3454 682 3666 754 βαρύ-τέ⁸

2018 785 2119 839 ραν
2153 768 2383 822 θανάτου
2426 769 2524 840 τὴν
2559 770 2704 841 ζωὴν
2746 768 2929 834 αὐτοῖς
2966 771 3318 842 κατέστησεν·
3349 772 3381 843 ἦ
3418 773 3594 844 ἔτερόν
3622 792 3668 826 τι

2014 857 2177 914 πάλιν
2384 858 2743 931 παρεμπεσὸν
2772 859 2974 930 πολλὴν
2999 859 3096 930 τὴν
3122 860 3314 930 ἀηδίαν
3336 860 3666 932 προεξένησε.

2013 947 2125 1002 Καὶ
2158 949 2343 1012 ἁπλῶς
2365 949 2467 1019 οὐκ
2503 948 2618 1003 ἐστι
2657 950 2787 1003 ποτέ
2819 950 3063 1021 ταραχῆς
3092 950 3247 1013 ἐκτὸς
3279 952 3458 1021 εὑρεῖν
3494 952 3586 1023 τὴν
3617 953 3668 1005 ἐν

2010 1034 2220 1099 τούτοις
2239 1034 2592 1107 ἐσχολακυῖαν
2608 1034 2808 1109 ψυχὴν,
2836 1036 2949 1091 ἀλλ’
2971 1034 3161 1108 ῶσπερ
3193 1037 3260 1090 τά
3285 1036 3387 1107 τῆς
3416 1037 3668 1108 θαλάττης

2012 1123 2233 1194 κύματα
2259 1126 2358 1195 οὐχ
2382 1119 2493 1179 οἷόν
2522 1142 2581 1180 τε
2608 1124 2902 1189 ἐπιλιπεῖν,
2922 1125 3044 1178 ούδὲ
3068 1124 3284 1197 ἀριθμῷ
3311 1125 3667 1197 ὑποϐληθῆναι

2009 1211 2099 1264 διά
2119 1210 2215 1281 τὴν
2248 1212 2447 1283 πολλὴν
2475 1213 2779 1284 συνέχειαν·
2813 1212 2905 1267 τὸν
2936 1212 3099 1267 αὑτὸν
3128 1212 3193 1283 δὴ
3230 1213 3432 1283 τρόπον
3465 1215 3557 1267 καί
3577 1214 3665 1276 τὰς

2009 1299 2255 1354 ἐντεῦθεν
2288 1300 2611 1370 τικτομένας
2647 1300 2892 1372 ταραχάς
2926 1302 3025 1371 οὑχ
3059 1294 3171 1354 οἷόν
3201 1318 3263 1354 τε
3292 1301 3472 1365 πάσας
3497 1300 3667 1372 ἐξαρι-

2010 1385 2344 1456 θμήσασθαι.
2398 1387 2493 1440 Διὸ
2550 1387 2878 1459 παρακαλῶ,
2917 1387 3211 1458 φεύγωμεν
3250 1389 3309 1440 ἐν
3354 1389 3529 1442 ἅπασι
3570 1393 3670 1452 =02;

2008 1478 2298 1547 πράγμασι
2327 1477 2427 1549 τὴν
2465 1476 2797 1543 πλεονεξίαν,
2833 1478 2927 1532 καί
2971 1476 3033 1531 τὸ
3059 1477 3158 1549 τὴν
3188 1478 3380 1550 χρείαν
3422 1479 3670 1549 ὑπερδαί-

2007 1580 2139 1617 νειν.
2174 1563 2231 1618 Ὀ
2256 1565 2366 1636 γὰρ
2392 1564 2600 1637 ἀληθὴς
2630 1564 2881 1629 πλοῦτος,
2907 1568 2940 1636 ἡ
2968 1565 3244 1630 ἀνάλωτος
3269 1566 3560 1637 περιουσία
3583 1565 3673 1618 m3-

2005 1668 2074 1723 τη
2112 1653 2389 1722 τυγχάνει,
2420 1652 2483 1706 τὸ
2515 1653 2612 1724 τῆς
2640 1653 2829 1725 χρείας
2867 1653 3136 1723 ἐφίεσθαι,
3174 1655 3270 1707 καὶ
3305 1654 3372 1707 τά
3416 1654 3556 1725 ὑπὲρ
3582 1653 3671 1723 τὴν

2005 1740 2192 1809 χρείαν
2220 1740 2447 1803 δεόντως
2473 1740 2796 1795 διατιθέναι.
2839 1742 2901 1794 ’0
2932 1741 3041 1813 γὰρ
3064 1740 3303 1805 τοιοῦτος
3332 1740 3459 1794 οὔτε
3492 1741 3672 1793 πενίαν

2004 1826 2174 1881 δεῖσαί
2194 1844 2323 1882 ποτε
2347 1827 2657 1900 δυνήσεται,
2679 1828 2804 1883 οὗτε
2835 1828 3100 1900 ἐπήρειαν
3128 1829 3409 1899 ὑπομενεῖ,
3442 1826 3566 1881 οὔτε
3587 1845 3676 1881 ται

2006 1919 2179 1987 ραχῆς
2206 1917 2618 1988 πειραθήσεται·
2658 1915 2796 1971 ἀλλά
2818 1916 2912 1971 καὶ
2943 1916 3307 1986 συκοφαντίας
3332 1916 3491 1981 ἐκτὸς
3512 1915 3671 1981 ἔσται,

2005 2003 2100 2056 καὶ
2139 2004 2248 2058 τῶν
2288 2003 2749 2060 ἐπιδουλευόντων
2802 2004 3319 2076 ἐλευθερωθήσεται,
3355 2005 3453 2057 καὶ
3498 2004 3675 2067 ἁπλῶς

2005 2092 2198 2153 εἰπεῖν,
2230 2094 2287 2145 ἐν
2308 2092 2548 2164 διηνεκεῖ
2581 2092 2728 2146 ἔσται
2760 2091 2992 2164 γαλήνῃ,
3023 2092 3253 2163 ἡσυχίας
3277 2092 3369 2145 καί
3394 2093 3676 2162 ἀπραγμο-

2006 2178 2169 2251 σύνης
2209 2181 2515 2234 ἀπολαύων·
2558 2180 2654 2234 καὶ
2680 2180 2740 2234 τὸ
2768 2179 2833 2251 δὴ
2870 2180 3054 2251 μεῖζον
3087 2180 3341 2233 ἁπάντων
3380 2181 3473 2233 καὶ
3500 2176 3562 2233 τὸ
3587 2197 3674 2232 κε-

2004 2269 2232 2336 φάλαιον
2250 2269 2359 2323 τῶν
2381 2268 2622 2338 ἀγαθῶν,
2653 2270 2681 2323 6
2712 2268 2949 2332 τοιοῦτος
2978 2268 3071 2322 καί
3098 2267 3186 2322 τὸν
3209 2268 3339 2322 Θεὸν
3364 2268 3525 2321 ῖλεων
3548 2268 3672 2335 ἕξει,

2004 2355 2097 2408 καὶ
2121 2354 2321 2427 πολλῆς
2350 2355 2647 2410 ἀπολαύσει
2668 2356 2768 2427 τῆς
2800 2355 3006 2411 ἀνωθεν
3034 2355 3226 2427 ῥοπῆς,
3255 2356 3348 2410 ἀτε
3383 2356 3448 2428 δὴ
3478 2356 3675 2410 οἰκονό-

2006 2463 2105 2515 μος
2125 2446 2313 2509 πιστὸς
2332 2446 2440 2500 τῶν
2461 2445 2554 2501 τοῦ
2585 2447 2855 2503 Δεσπότου
2879 2447 3195 2518 χρημάτων.
3226 2445 3533 2516 Μακάριος
3551 2448 3676 2518 γὰρ,

2005 2532 2189 2603 φησὶν,
2226 2536 2259 2587 ὁ
2307 2534 2529 2601 δοῦλος
2563 2534 2812 2603 ἐκεῖνος,
2844 2535 2917 2589 ὃν
2954 2533 3148 2590 ἐλθὼν
3190 2537 3223 2588 ὀ
3252 2535 3459 2602 κύριος
3495 2535 3677 2589 αὐτοῦ

2002 2616 2248 2683 εὑρήσει
2296 2618 2452 2672 οὕτω
2500 2618 2808 2684 ποιοῦντα,
2854 2617 2996 2674 οὕτω
3047 2618 3369 2689 διανέμοντα
3408 2621 3525 2683 τοῖς
3560 2637 3679 2673 συν-

2002 2702 2226 2768 δούλοις,
2258 2706 2351 2759 καὶ
2387 2706 2462 2777 μὴ
2502 2707 2695 2778 θύραις
2727 2708 2821 2763 καὶ
2859 2708 3075 2779 μοχλοῖς
3112 2706 3553 2768 ἐναποκλείοντα,
3587 2710 3681 2761 καί

2002 2792 2114 2854 τοῖς
2158 2792 2396 2864 σκώληξι
2444 2794 2648 2868 τροφὴν
2683 2795 3071 2865 συγχωροῦντα
3108 2794 3373 2864 γίνεσθαι,
3407 2794 3547 2849 ἀλλά
3576 2795 3680 2847 τῶν

2003 2880 2253 2950 πενήτων
2274 2881 2372 2952 τήν
2394 2881 2600 2937 ἔνδειαν
2623 2883 3133 2954 παραμυθούμενον,
3161 2884 3256 2937 καὶ
3277 2883 3442 2936 καλὸν
3469 2884 3573 2936 καί⁵
3600 2901 3680 2936 πι-

2005 2966 2131 3022 στὸν
2159 2971 2439 3042 οἰκονόμον
2470 2972 2751 3041 γινόμενον
2781 2972 2891 3025 τῶν
2924 2972 3076 3043 παρά
3101 2974 3194 3025 τοῦ
3218 2971 3490 3025 Δεσπότου
3518 2989 3682 3042 χορηο

2003 3058 2297 3129 γηθέντων,
2321 3060 2409 3114 ἵνα
2432 3062 2526 3115 καί
2552 3060 2655 3129 τῆς
2682 3061 2856 3130 καλῆς
2872 3060 3077 3132 ταύτης
3100 3060 3357 3129 διανομῆς
3394 3059 3572 3129 μέγαν
3591 3059 3679 3111 τὸν

2008 3146 2196 3217 μισθὸν
2230 3149 2544 3219 κομίσηται,
2577 3149 2672 3203 καὶ
2704 3149 2813 3203 τῶν
2844 3148 3270 3220 ἐπηγγελμένων
3298 3147 3528 3216 ἀγαθῶν
3563 3148 3679 3199 ἐπιυ

2002 3238 2186 3304 τυχεῖν
2216 3236 2549 3307 καταξιωθῇ,
2580 3237 2762 3307 χάριτι
2796 3237 2891 3291 καὶ
2927 3236 3307 3307 φιλανθρωπία
3335 3235 3431 3289 τοῦ
3468 3236 3683 3307 Κυρίου

2002 3323 2161 3391 ἡμῶν
2196 3322 2368 3392 Ἰησοῦ
2406 3323 2662 3396 Χριστοῦ,
2693 3324 2813 3395 μεθ’
2849 3318 2911 3378 οῦ
2936 3324 3014 3395 τῷ
3042 3325 3239 3396 Πατρὶ,
3282 3324 3397 3394 ἃμα
3429 3323 3515 3393 τῷ
3544 3324 3684 3392 ἁγίῳ

2005 3408 2302 3479 Πνεύματι,
2331 3410 2475 3475 δόξα,
2507 3414 2727 3482 κράτος,
2753 3411 2910 3483 τιμὴ,
2942 3412 3037 3466 νῦν
3064 3412 3159 3467 καὶ
3186 3412 3294 3478 ἀεὶ,
3324 3412 3419 3464 καὶ
3447 3412 3533 3476 εἰς
3558 3412 3684 3474 τοὺς

2003 3496 2203 3559 αἰῶνας
2235 3496 2345 3551 τῶν
2377 3498 2608 3553 αἰώνων.
2646 3500 2838 3571 Ἀμήν.

2630 3629 2875 3683 OMIAIA
2913 3628 3042 3682 AH’.

2003 3710 2165 3780 Σάρα
2202 3711 2289 3774 δὲ,
2311 3713 2366 3786 λὴ
2399 3714 2553 3786 γυνὴ
2591 3717 2830 3785 Ἀϐραμ.
2872 3718 2984 3771 οὐκ
3026 3716 3256 3786 ἔτικτεν
3289 3712 3471 3786 αὐτῷ·
3507 3712 3592 3786 ἦν
3620 3717 3687 3770 δέ

2180 3783 2335 3852 αὐτῇ
2362 3782 2653 3853 παιδίσκη
2673 3782 2982 3855 Αἰγυπτία,
3013 3782 3054 3859 ᾗ
3082 3787 3266 3855 ὄνομα
3290 3783 3508 3861 Ἅγαρ.

2073 3873 2145 3927 α’.
2168 3870 2336 3927 Πάλιν
2362 3870 2433 3927 τὰ
2462 3876 2701 3947 σήμερον
2730 3874 3144 3945 ἀναγνωσθέντα
3174 3875 3268 3928 ἐπὶ
3302 3876 3401 3947 τὴν
3424 3864 3687 3930 ὗπόθεσιν

2001 3955 2101 4027 τὴν
2129 3956 2271 4010 κατά
2300 3956 2391 4009 τὸν
2418 3959 2763 4029 πατριάρχην
2788 3958 2888 4030 τὴν
2916 3958 3190 4029 ἡμετέραν
3222 3958 3376 4011 καλεῖ
3408 3958 3685 4027 γλῶτταν·

2002 4040 2097 4092 καὶ
2118 4038 2196 4109 μὴ
2217 4037 2534 4111 θαυμάσητε
2562 4041 2724 4094 εἰέπί
2748 4041 3039 4104 τοσαύταις
3059 4036 3289 4111 ἡμέραις
3315 4042 3415 4112 τὴν
3442 4042 3575 4095 κατ’
3596 4042 3685 4094 αὖ·

2001 4122 2093 4176 τὸν
2129 4119 2369 4192 ἱστορίαν
2402 4125 2482 4186 εἰς
2506 4123 2666 4194 μέσον
2697 4124 3129 4195 παραγαγόντες,
3153 4118 3365 4177 οὐδέπω
3391 4125 3490 4177 καὶ
3517 4126 3692 4195 τήμεο

2005 4224 2097 4278 ρον
2138 4209 2306 4279 αὐτὴν
2349 4207 2645 4278 ἀπαρτίσαι
2687 4206 3041 4280 δεδυνήμεθα.
3076 4208 3249 4279 Πολλὴ
3298 4207 3410 4279 γάρ
3448 4208 3485 4279 ἡ
3532 4227 3689 4280 περι-

2001 4291 2159 4344 ουσία
2193 4290 2292 4361 τῆς
2321 4289 2414 4343 τοῦ
2444 4286 2652 4343 δικαίου
2691 4290 2891 4363 ἀρετῆς
2911 4331 2925 4354 ,
2957 4290 3052 4344 καὶ
3096 4290 3204 4344 τῶν
3236 4287 3429 4343 τούτου
3477 4309 3689 4362 κατορ-

2003 4373 2271 4447 θωμάτων
2298 4374 2358 4427 τὸ
2390 4370 2617 4444 μέγεθος
2639 4372 2857 4428 ἅπασαν
2882 4370 3225 4445 ἀνθρωπίνην
3246 4374 3372 4445 νικᾷ
3404 4374 3689 4441 γλῶτταν.

2006 4458 2107 4510 Ὃν
2134 4456 2244 4528 γάρ
2273 4457 2303 4508 6
2337 4456 2470 4519 Θεὸς
2502 4455 2707 4509 ἀνωθεν
2733 4456 3073 4524 ἐστεφάνωσε
3113 4457 3204 4509 καὶ
3233 4456 3577 4527 ἀνεκήρυξε,
3612 4457 3692 4519 τίς

2000 4534 2307 4609 ἀνθρώπων
2341 4541 2463 4593 κατ’
2498 4540 2654 4606 ἀξίαν
2682 4539 2964 4593 ἐπαινέσαι
2995 4539 3285 4609 δυνήσεται
3305 4557 3318 4604 ;
3338 4540 3480 4593 Ἀλλ’
3511 4543 3690 4612 ὅμως,

2001 4621 2051 4672 εἰ
2088 4621 2183 4675 καὶ
2216 4622 2314 4694 τῆς
2347 4622 2504 4687 ἀξίας
2546 4621 2725 4693 πολλῷ
2766 4621 2842 4693 τῷ
2868 4620 3053 4692 μέτρῳ
3098 4621 3540 4693 ἀπολειπόμεθα,
3579 4626 3694 4679 ἀλλ’

2000 4698 2094 4759 οῦν
2132 4722 2197 4774 γε
2249 4708 2329 4770 εἰς
2365 4705 2595 4776 δύναμιν
2643 4705 2921 4776 ἡμετέραν
2948 4705 3018 4759 τά
3047 4705 3167 4758 κατ’
3208 4705 3368 4759 αὑτὸν
3399 4708 3482 4770 εἰς
3524 4706 3696 4777 μέσον

2000 4787 2328 4861 προθέντες,
2373 4791 2455 4853 εἰς
2503 4787 2665 4861 ζῆλον
2715 4789 2858 4859 ὑμᾶς
2918 4788 3011 4843 καὶ
3064 4789 3295 4859 μίμησιν
3339 4792 3440 4860 τῆς
3492 4791 3697 4843 τούτου

2000 4873 2201 4946 ἀρετῆς
2237 4877 2526 4942 ἐναγαγεῖν
2562 4873 2881 4945 βουλόμεθα.
2923 4872 3105 4943 Ἰκανὴ
3144 4873 3253 4943 γὰρ
3298 4871 3393 4925 τοῦ
3425 4874 3698 4945 ἀνδρὸςή

2000 4957 2284 5028 φιλοσοφία
2328 4953 2509 5010 πᾶσαν
2538 4957 2646 5010 τῶν
2680 4955 2985 5027 ἀνθρώπων
3018 4954 3303 5029 παιδεῦσαι
3352 4953 3455 5026 τὴν
3499 4957 3697 5025 φύσιν,

1999 5039 2094 5093 καὶ
2137 5041 2263 5104 τοὺς
2300 5040 2591 5112 προσέχειν
2622 5039 2980 5110 βουλομένους
3022 5037 3156 5109 πρός
3205 5039 3303 5107 τὴν
3334 5039 3437 5109 τῆς
3478 5040 3698 5111 ἀρετῆς

1997 5122 2114 5175 ὁδὸν
2159 5123 2582 5191 ἐφελκύσασθαι.
2642 5123 2801 5178 Ἀλλά
2847 5122 3165 5194 προσέχετε,
3196 5123 3541 5191 παρακαλῶ,
3590 5128 3699 5186 τοῖς

1997 5205 2340 5279 λεγομένοις,
2375 5208 2460 5261 ’ἱνα
2487 5210 2578 5262 καί
2611 5208 2676 5262 ἐκ
2724 5208 2831 5261 τῶν
2876 5207 3207 5279 προσφάτως
3244 5207 3699 5277 ἀνεγνωσμένων

1997 5293 2406 5363 καταμάθωμεν
2445 5292 2537 5346 τοῦ
2571 5293 2780 5347 δικαίου
2809 5292 2907 5363 τὴν
2950 5290 3286 5359 φιλοσοφίαν.
3328 5292 3555 5345 Ἱκανὸν
3591 5296 3699 5361 γὰρ

1996 5374 2152 5429 τοῦτο
2189 5375 2251 5429 τό
2293 5378 2492 5448 χωρίον
2541 5375 2830 5430 παιδεῦσαι
2870 5375 2964 5429 καί¹
3009 5374 3205 5444 ἀνδρας
3261 5376 3350 5427 καὶ
3388 5380 3697 5443 γυναῖκας.

1996 5460 2137 5513 ὥστε
2188 5460 2387 5530 πολλὴν
2435 5461 2565 5532 περὶ
2605 5460 2757 5533 [585]
2803 5458 3065 5529 ἀλλήλους
3119 5458 3542 5513 ἐπιδείκνυσθαι
3600 5464 3699 5529 τὴν

1994 5543 2267 5614 ὁμόνοιαν,
2299 5545 2393 5598 καὶ
2426 5541 2527 5613 τῆς
2556 5545 2816 5612 συζυγίας
2861 5542 2953 5595 τὸν
2988 5541 3284 5611 σύνδεσμον
3314 5543 3548 5614 ἀρραγῆ
3579 5546 3697 5596 δια-

1994 5628 2284 5696 φυλάττειν
2304 5643 2316 5658 ·
2354 5629 2447 5680 καὶ
2478 5630 2617 5698 μήτε
2651 5629 2741 5681 τὸν
2771 5628 2941 5699 ἄνδρα
2972 5628 3073 5697 τῆς
3101 5626 3358 5696 γυναικὸς
3407 5629 3692 5691 κατεξαν-

1999 5711 2269 5775 ίστασθαι,
2294 5710 2407 5764 ἀλλ’
2432 5712 2508 5776 ὡς
2539 5711 2915 5784 ἀσθενεστέρῳ
2935 5712 3118 5767 σκεύει
3148 5711 3346 5782 πολλὴν
3379 5712 3699 5781 ἀπονέμειν

1995 5794 2094 5868 τὴν
2144 5793 2508 5867 συγγνώμην·
2559 5796 2695 5865 μήτε
2742 5798 2841 5866 τὴν
2888 5799 3125 5865 γυναῖκα
3174 5793 3312 5864 πρὸς
3360 5794 3459 5847 τὸν
3517 5795 3695 5865 ἄνδρα

1994 5879 2347 5949 διχοστατεῖν,
2380 5877 2496 5931 ἀλλ’
2528 5879 2771 5951 ἀλλήλων
2796 5880 2864 5934 τὰ
2896 5880 3038 5952 βάρη
3068 5876 3355 5951 βαστάζειν
3392 5878 3695 5947 ἑκατέροις

1994 5961 2399 6034 διαμιλλᾶσθαι,
2433 5962 2524 6017 καὶ
2545 5963 2643 6037 τὴν
2682 5964 2888 6020 οἰκείαν
2920 5965 3144 6036 εἰρήνην
3172 5962 3391 6017 πάντων
3420 5962 3691 6034 ἡγεῖεθιι
