3750 6236
134 260 243 317 889

138 374 351 441 pideum
380 386 474 427 cor
498 370 780 436 haberent,
805 376 986 426 etnon
1015 369 1258 439 ejusdem
1287 377 1491 425 natura:
1514 379 1717 435 essent,

136 462 211 517 ita
244 476 306 517 se
336 471 523 532 putant
550 462 621 517 ob
660 462 891 517 vestium
922 461 1125 516 cultum
1154 461 1313 516 etiam
1341 461 1460 516 aliis
1488 460 1722 517 homini-

136 550 239 607 bus
271 553 580 621 superiores
604 564 747 615 esse,
774 566 881 606 non
916 551 1307 620 perpendentes
1341 566 1526 607 secum
1553 567 1720 622 quani

135 641 208 696 tis
226 642 381 696 malis
404 641 608 711 seipsos
630 641 890 697 obnoxios
906 641 1154 707 reddam,
1173 643 1267 711 qui
1291 642 1596 698 coneredita
1617 644 1719 699 sibi

130 748 164 789 a
196 733 424 789 Domino
450 734 589 789 male
622 734 956 803 dispensent,
984 743 1039 789 et
1074 733 1247 789 nolint
1289 734 1561 790 conservis
1599 749 1720 804 par-

130 832 245 880 tem
269 825 568 881 concedere
598 843 611 879 :
640 826 736 882 sed
763 827 939 896 potius
961 841 991 881 a
1022 824 1291 881 vermibus
1314 826 1556 881 consumi
1596 841 1718 895 per-

129 916 435 983 mittentes,
460 916 763 986 graviorem
784 918 1044 987 gehennte
1065 917 1241 986 ignem
1262 916 1372 986 jam
1392 917 1491 972 sibi
1516 928 1719 987 prmpa-

130 1007 303 1063 rent?
343 1007 478 1063 Nam
519 1008 567 1063 si
614 1008 791 1063 omnia
840 1024 961 1079 quae
1012 1008 1154 1063 intus
1200 1010 1430 1079 reposita
1480 1008 1713 1077 habent,-

129 1098 495 1170 indigentibus
520 1100 713 1155 divites
752 1101 1150 1166 distribuerent,
1181 1116 1352 1172 neque
1394 1102 1475 1157 sic
1518 1102 1719 1172 suppli-

127 1190 275 1244 cium
310 1190 604 1262 ell'ugeren’t
641 1202 827 1246 eorum
867 1198 1207 1262 peccatorum
1247 1207 1369 1262 qua:
1414 1191 1467 1247 in
1506 1191 1714 1248 deliciis

129 1283 366 1338 vestium
388 1291 443 1338 et
465 1284 832 1339 conviviorum
855 1284 1160 1339 admittunt.
1186 1284 1305 1352 Quo
1328 1285 1473 1340 enim
1507 1285 1712 1355 suppli-

126 1374 219 1428 cio
245 1387 351 1427 non
381 1382 505 1428 sunt
532 1374 697 1443 digni,
726 1375 815 1444 qui
844 1375 1015 1429 modis
1039 1375 1287 1431 omnibus
1315 1374 1444 1431 dant
1468 1389 1709 1445 operam,

126 1472 197 1518 ut
215 1465 401 1519 sericis
426 1473 482 1519 et
506 1479 660 1530 auro,
688 1464 772 1519 vel
793 1465 945 1520 aliter
972 1465 1126 1534 pictis
1154 1465 1387 1520 vestibus
1414 1466 1715 1521 intertextis

123 1554 439 1619 induantur,
462 1564 514 1610 et
552 1564 674 1624 post
702 1571 760 1610 se
785 1566 1035 1625 pompam
1058 1555 1270 1610 trahant
1307 1555 1359 1609 in
1385 1555 1501 1610 loro
1527 1555 1714 1611 :Chri-

123 1654 279 1701 stum
300 1655 475 1703 autem
500 1646 801 1716 despiciunt
816 1646 1037 1712 nudum,
1052 1652 1109 1702 et
1128 1659 1300 1716 neque
1322 1645 1500 1701 cibum
1526 1661 1712 1702 neces-

121 1738 332 1794 sarium
349 1738 763 1809 impetrantcm?
784 1738 1009 1794 Maxime
1023 1746 1200 1795 autem
1218 1738 1397 1795 s‘ermo
1414 1739 1515 1796 iste
1532 1738 1712 1796 adver-

121 1842 221 1885 sus
244 1830 495 1887 mulieres
522 1831 850 1903 congruerit.
882 1830 1138 1900 Majorem
1167 1831 1312 1887 enim
1339 1832 1477 1902 apud
1508 1846 1599 1888 eas
1629 1834 1710 1888 iu-

119 1922 371 1977 venimus
396 1932 614 1977 ornatus
635 1922 977 1992 cupiditatem
1002 1932 1057 1979 et
1080 1923 1563 1994 intemperantiam,
1586 1940 1709 1982 cum

118 2014 325 2067 auratis
351 2012 584 2069 vestibus
612 2022 666 2070 et
707 2028 840 2071 auro
870 2015 921 2068 in
954 2015 1149 2085 capite,
1179 2015 1231 2069 in
1261 2016 1403 2071 collo
1429 2026 1483 2071 et
1511 2017 1564 2072 in
1591 2017 1710 2073 aliis

118 2104 369 2174 corporis
394 2104 628 2174 partibus
656 2113 937 2171 ornantur,
970 2114 1025 2160 et
1062 2105 1116 2161 in
1157 2105 1241 2161 his
1278 2120 1492 2175 quoque
1521 2110 1713 2177 superi

119 2196 298 2251 biunt.
321 2196 461 2265 Quot
489 2211 783 2268 pauperum
805 2207 1021 2253 ventres
1050 2205 1295 2267 poterant
1323 2198 1445 2253 inde
1466 2200 1632 2269 pasci,
1654 2208 1709 2255 et

116 2299 257 2358 quot
282 2303 505 2360 corpora
535 2288 676 2345 nude
697 2290 964 2361 agentium
990 2300 1235 2360 poterant
1253 2306 1321 2345 ex
1342 2290 1407 2345 iis
1425 2291 1554 2346 solis
1572 2305 1708 2349 conc

118 2381 255 2453 tegi,
279 2396 395 2451 qua:
437 2382 506 2437 ab
548 2380 783 2451 ipsarum
820 2382 1037 2436 auribus
1066 2381 1317 2451 pendent,
1356 2382 1551 2438 nullius
1576 2384 1710 2440 alte-3

116 2471 237 2526 rius
263 2486 388 2526 usus
423 2471 614 2543 gratia,
654 2486 811 2543 quam
840 2472 895 2527 in
926 2472 1177 2528 damnum
1222 2483 1278 2528 et
1326 2483 1705 2531 nocumentum

114 2563 355 2618 animai?
397 2563 622 2633 Propter
673 2565 776 2619 hoc
828 2564 1020 2619 doctor
1057 2564 1201 2618 orbis
1244 2579 1366 2619 cum
1415 2564 1639 2622 dixisset
1686 2584 1701 2620 :

117 2654 380 2710 Habentes
408 2657 594 2711 victum
633 2664 681 2711 et
726 2656 967 2711 amictum
1012 2657 1091 2727 (I.
1135 2656 1269 2711 Tim.
1312 2658 1366 2712 6.
1407 2658 1463 2727 8)
1498 2675 1511 2710 :
1548 2661 1707 2715 vertit

113 2761 336 2801 rursum
358 2746 424 2801 ad
451 2745 700 2802 mulieres
721 2761 1047 2813 sermonem,
1076 2756 1129 2802 et
1160 2747 1289 2802 dicit
1330 2764 1342 2800 :
1374 2747 1491 2801 Non
1522 2749 1573 2803 in
1602 2760 1706 2803 tor-

113 2836 185 2891 tis
208 2836 430 2891 crinibus
444 2837 521 2892 uel
540 2837 591 2891 in
607 2851 751 2900 auro,
777 2836 855 2892 vel
866 2838 1153 2909 margaritis
1170 2840 1245 2893 vel
1265 2850 1395 2894 veste
1407 2851 1705 2910 sumptuosa

109 2936 298 2995 ornent
323 2943 377 2982 se
401 2925 561 2999 (Ibid.
593 2928 646 2983 2.
677 2928 755 3000 9).
788 2928 945 2984 Vides
990 2930 1261 3000 quomodo
1307 2946 1411 2984 nou
1456 2930 1570 2985 vult
1612 2942 1704 2987 ca’s

111 3017 318 3073 talibus
341 3020 540 3085 ornari,
573 3033 748 3090 neque
772 3034 904 3075 auro
924 3019 1267 3086 circumdari,
1296 3036 1469 3091 neque
1494 3036 1703 3092 marga-

109 3110 239 3164 ritis
262 3121 435 3180 ncque
465 3119 612 3166 veste
639 3120 951 3181 sumptuosa
982 3128 998 3165 :
1025 3110 1119 3165 sed
1149 3126 1334 3166 verum
1361 3120 1610 3167 ornatum
1648 3112 1702 3167 in

109 3202 356 3256 animam
385 3201 658 3268 inducere,
688 3211 743 3258 et
769 3218 865 3273 per
900 3202 1162 3259 bonorum
1190 3217 1412 3272 operum
1438 3204 1702 3259 actionem

108 3294 567 3365 pulchritudinem
588 3295 783 3350 anitum
812 3296 1099 3361 illustrare,
1126 3304 1181 3351 et
1206 3310 1274 3350 ne
1297 3310 1361 3350 ea
1386 3311 1506 3365 quae
1530 3297 1705 3367 suspi-

103 3389 188 3442 cit
223 3385 370 3451 talia,
397 3394 707 3441 contemnat
731 3386 878 3440 illam
897 3384 1189 3451 sordidam,
1215 3385 1537 3454 squalidam,
1575 3400 1705 3456 pan-

107 3492 326 3541 nosam,
365 3476 684 3543 Iamelicam,
716 3477 943 3548 geluque
985 3476 1377 3546 rigescentem‘l
1406 3475 1521 3531 Hoc
1558 3477 1702 3533 enim

105 3570 352 3625 studium
392 3569 444 3623 in
484 3568 727 3624 ornando
772 3581 999 3637 corpore
1050 3568 1242 3621 anima:
1281 3567 1479 3623 iudicat
1526 3566 1704 3623 defor-

108 3664 380 3729 mitatem,
412 3672 467 3719 et
494 3663 651 3733 hujus
678 3662 886 3719 deliciae
922 3662 1066 3716 illam
1098 3660 1237 3716 fame
1273 3660 1517 3716 laborare
1558 3661 1704 3716 clare

104 3753 441 3825 signiﬁcant,
478 3762 535 3809 et
576 3752 734 3823 lmjus
763 3752 987 3809 vestium
1025 3760 1270 3821 sumptus
1300 3750 1439 3806 illius
1465 3751 1705 3807 declarat

108 3844 433 3903 nuditatem.
471 3845 608 3902 Fieri
635 3847 777 3902 enim
810 3861 914 3900 non
942 3852 1138 3916 potest,
1180 3853 1238 3899 ut
1278 3845 1368 3915 qui
1397 3844 1589 3900 anima:
1611 3858 1703 3900 cu-

106 3953 229 3994 ram
256 3937 473 4004 haheat,
496 3937 719 4008 ejusque
745 3935 1192 4007 pulchritudinem
1220 3934 1425 4003 plurimi
1454 3934 1631 4002 iaciat,
1657 3935 1704 3991 is

105 4038 342 4089 externo
368 4031 531 4088 cultui
573 4029 740 4085 inhiet
775 4046 791 4087 :
828 4028 965 4085 sicut
995 4027 1324 4099 impossibile
1355 4035 1439 4083 est
1473 4036 1703 4084 externo

105 4126 192 4181 illi
216 4124 404 4191 cultui,
432 4119 657 4180 vestiam
682 4122 979 4194 splendori,-
1004 4136 1169 4178 aureo
1204 4120 1419 4177 ornatui
1460 4120 1700 4177 deditum

105 4217 258 4272 illius
284 4229 446 4287 agere
475 4226 681 4269 curam.
711 4212 935 4281 Quando
971 4213 1114 4269 enim
1150 4220 1332 4283 posset
1357 4212 1534 4268 anima
1581 4213 1701 4271 talis

103 4309 314 4379 aliquid
339 4308 469 4364 Utile
507 4306 892 4378 contemplari,
934 4306 1018 4363 vel
1047 4306 1101 4362 in
1126 4306 1503 4376 cogitationem
1542 4308 1702 4378 spiri;

105 4400 335 4456 tualium
360 4399 585 4465 venire,
634 4412 755 4468 quae
782 4397 948 4454 semel
971 4396 1197 4453 terrenis
1234 4396 1306 4453 ita
1331 4396 1509 4453 dedita
1538 4398 1702 4469 cmpit

102 4502 255 4558 esse,
288 4499 344 4548 et
368 4491 536 4557 humi,
563 4498 622 4546 ut
649 4490 721 4546 ita
739 4488 953 4555 dicam,
977 4496 1190 4559 reptare
1214 4527 1231 4555 ,
1258 4502 1378 4559 qua:
1408 4503 1699 4559 numquam

101 4592 274 4654 caput
299 4582 543 4637 attollere
569 4588 777 4652 potest,
803 4579 897 4636 sed
929 4594 1096 4651 prona
1124 4578 1421 4636 innumeris
1446 4589 1699 4651 peccato-

103 4683 234 4734 rum
262 4674 488 4730 sarcinis
516 4674 748 4746 seipsam
774 4672 1001 4745 gravat?
1022 4670 1155 4727 Nam
1175 4679 1306 4741 quot
1329 4669 1453 4727 inde
1473 4680 1699 4727 nascan-B

103 4779 199 4826 tnr
228 4768 366 4824 mala
386 4785 408 4833 ,ι
424 4782 532 4823 non
563 4780 780 4837 possum
808 4779 951 4821 nunc
978 4770 1230 4821 Sermone
1247 4763 1568 4834 complecti;
1600 4764 1695 4820 sed

100 4864 243 4919 satis
270 4870 354 4918 est
376 4870 438 4917 ut
461 4860 757 4931 relinquam
784 4858 1125 4915 conscientia:
1153 4872 1339 4913 eorum
1356 4898 1372 4923 ,
1412 4857 1502 4927 qni
1551 4857 1603 4913 in
1636 4857 1699 4912 iis

99 4970 157 5009 oi
175 4953 357 5023 cupati
378 4960 523 5019 sunt,
549 4959 776 5023 quantas
800 4950 925 5007 inde
942 4948 1283 5021 quotidianas
1302 4948 1575 5005 molestias
1598 4965 1698 5004 cx-

102 5044 409 5115 puriantur.
456 5042 668 5097 Etenim
710 5040 798 5096 vel
830 5039 1032 5112 aliquid
1070 5037 1270 5095 decidit
1307 5053 1371 5094 ex
1405 5053 1570 5096 aureo
1608 5038 1697 5093 illo

97 5137 279 5203 cultu,
300 5145 357 5192 et
380 5149 571 5207 magna
595 5142 885 5206 tempestas
923 5147 1251 5204 magnusque
1293 5131 1553 5188 tumultus
1593 5131 1691 5187 ob-

96 5229 283 5285 oritur
310 5229 364 5284 ln
393 5237 502 5286 tota
526 5227 723 5293 domo;
750 5226 833 5283 vel
862 5224 1092 5282 famulus
1119 5224 1395 5295 surripuit,
1428 5233 1485 5280 et
1511 5237 1700 5279 omnes

101 5320 452 5392 ﬂagellantur
469 5328 526 5376 et
545 5318 916 5382 verberantur,
941 5327 1103 5389 atque
1136 5318 1188 5371 in
1213 5329 1486 5373 carcerem
1522 5314 1697 5382 conji-

98 5417 359 5477 ciuntur;
391 5413 476 5470 vel
506 5411 670 5469 invidi
711 5411 929 5483 quidam
980 5409 1217 5467 insidiati
1263 5416 1391 5465 sunt
1440 5415 1497 5464 et
1522 5406 1701 5463 subito

100 5507 431 5579 spoliarunt,
458 5518 524 5562 ac
550 5505 750 5561 multus
794 5504 918 5558 hinc
964 5500 1420 5571 intolerabilisque
1466 5514 1697 5565 mceror;

104 5600 195 5656 vel
224 5614 406 5655 rerum
448 5596 747 5653 adversitas
784 5596 1037 5665 ingruens
1062 5596 1113 5650 in
1140 5602 1438 5651 extremam
1464 5592 1697 5663 inopiam

104 5694 355 5766 redegit,
388 5702 441 5747 et
467 5692 766 5762 graviorem
804 5698 976 5745 morte
1030 5688 1192 5743 vitam
1232 5684 1311 5742 eis
1354 5684 1568 5750 attulit;
1614 5682 1702 5740 vel

1057 252 1125 310 IN
1162 254 1315 313 CAP.
1360 254 1501 309 XVI.
1528 254 1771 312 GENES.
1815 254 2047 313 IlOMIL.
2090 253 2375 311 XXXVIII.

3304 253 3407 309 350

1822 369 1966 425 aliud
1995 369 2243 439 quiddam
2272 368 2513 425 incidens
2540 368 2757 424 multam
2788 368 3051 424 tristitiam
3095 371 3319 439 peperit.
3345 370 3407 424 lit

1824 460 1877 514 in
1920 474 2161 528 summa,
2215 476 2502 531 numquam
2549 460 2786 516 invenies
2835 460 3068 516 animam
3109 461 3403 515 istiusmodi

1822 550 1983 606 rebus
2009 551 2295 618 addictam,
2322 544 2804 622 perturbationibus
2823 559 3102 621 expertem
3134 576 3148 606 :
3182 551 3275 606 sed
3303 553 3406 606 sit:-

1823 650 1879 695 nt
1941 641 2101 695 maris
2152 640 2345 696 ﬂuctus
2400 640 2571 711 neque
2624 631 2853 697 deiicere
2906 639 3079 713 neque
3132 643 3403 699 numerari

1820 740 2043 801 queunt,
2070 746 2283 802 semper
2302 732 2452 787 novis
2481 730 2959 799 suecrescentibus,
2980 733 3047 787 ita
3072 734 3403 789 turbationcs

1820 822 1944 877 inde
1968 822 2205 879 orientes
2235 838 2393 877 nemo
2424 823 2791 879 dinumerarit.
2822 823 2962 889 Ideo,
3010 824 3265 890 obsecro,
3323 823 3404 879 iu-

1817 916 2025 985 giamus
2050 917 2103 970 in
2130 915 2378 990 omnibus
2402 916 2561 972 rebus
2591 916 2817 972 habendi
2838 908 3177 987 cupiditatem
3199 927 3251 974 ct
3273 934 3400 974 usus

1819 1023 2120 1064 excessum.
2149 1007 2303 1064 Vera:
2328 1009 2472 1065 enim
2496 1008 2693 1065 divitize
2720 1002 2922 1065 suntet
2952 998 3279 1068 inexhausta:
3324 1010 3401 1067 fa-

1816 1100 2044 1157 cultates
2064 1142 2080 1167 ,
2106 1099 2417 1158 desiderare
2447 1110 2649 1156 tantum
2678 1111 2930 1172 quantum
2962 1092 3077 1158 usui
3106 1103 3234 1158 satis
3255 1104 3360 1158 sint
3378 1144 3396 1169 ,

1817 1198 1873 1246 et
1899 1206 1963 1246 ea
2001 1207 2119 1261 quae
2160 1207 2316 1248 usum
2346 1192 2642 1256 excedunt,
2690 1201 2833 1248 recte
2861 1191 3189 1263 dispensare.
3213 1190 3397 1263 Neque

1815 1282 1954 1335 enim
1980 1281 2065 1337 ille
2084 1278 2173 1352 qui
2201 1281 2301 1338 hoc
2328 1281 2473 1348 facit,
2501 1272 2736 1353 inopiam
2768 1282 2955 1338 timere
2983 1270 3195 1353 poterit,
3225 1298 3397 1354 neque

1815 1372 2116 1428 molestiam
2161 1374 2482 1440 sustinebit,
2530 1389 2701 1445 neque
2744 1362 3096 1431 turbatio'nem
3144 1366 3337 1430 sentiet
3379 1392 3393 1429 :

1813 1464 1906 1519 sed
1934 1476 1986 1520 et
2014 1450 2161 1520 exira
2200 1466 2516 1521 calumniam
2545 1466 2645 1521 erit
2667 1506 2683 1531 ,
2731 1458 2786 1521 et
2813 1458 3121 1521 liberabitur
3157 1466 3225 1521 ab
3256 1466 3387 1520 insi-

1812 1553 2105 1622 diantibus,
2146 1565 2305 1626 atque
2356 1566 2413 1611 ut
2455 1543 2758 1611 summatim
2804 1556 3087 1623 dicam,in
3139 1567 3391 1627 perpetua

1812 1646 2189 1719 tranquillitate
2214 1648 2352 1715 erit,
2372 1637 2425 1703 et
2449 1648 2628 1717 quiete
2647 1638 2862 1719 otioque
2887 1639 3091 1704 fruetur
3119 1666 3131 1701 :
3161 1646 3225 1703 ac
3249 1648 3391 1719 quod

1810 1737 1982 1807 majus
1997 1721 2079 1793 est
2102 1724 2371 1802 omnibus,
2390 1728 2652 1808 caputque
2675 1736 2956 1801 bonorum,
2988 1732 3150 1793 Deum
3179 1726 3395 1792 habebit

1810 1827 2096 1898 prmitium
2116 1870 2131 1894 ,
2156 1820 2212 1885 et
2236 1842 2463 1898 superna
2513 1827 2716 1882 fruetur
2738 1821 2904 1899 gratia
2926 1868 2944 1893 ,
2994 1812 3175 1898 uipote
3220 1818 3392 1883 [idolis

1810 1918 1980 1976 iactus
2005 1919 2340 1990 diSpensator
2360 1920 2702 1991 pecuniarum
2730 1919 2957 1974 Domini.
2986 1918 3171 1974 Beatus
3223 1919 3388 1983 enim,

1811 2014 2001 2084 inquit,
2027 2030 2197 2068 servus
2223 2014 2310 2067 ille
2332 2054 2348 2081 ,
2374 2029 2521 2083 quem
2541 2028 2654 2067 cum
2683 2006 2867 2067 venerit
2894 1996 3161 2078 dominici,
3180 2001 3391 2066 invene-

1808 2092 1874 2159 rit
1902 2105 1974 2159 sic
2000 2104 2267 2175 facientem
2313 2100 2465 2174 (Luc.
2495 2092 2578 2156 l9.
2623 2100 2717 2173 45)
2739 2142 2753 2166 ,
2796 2107 2851 2157 et
2874 2098 2953 2156 sic
2993 2098 3387 2171 dispensantem

1808 2198 2103 2264 conservis,
2135 2206 2189 2252 ct
2214 2211 2318 2251 non
2343 2196 2518 2266 januis
2542 2192 2885 2265 vectibusque
2913 2190 3266 2249 includen'tet'n
3291 2234 3308 2262 ,
3337 2203 3391 2248 ct

1808 2289 2077 2346 vermibus
2103 2301 2279 2345 escam
2312 2288 2423 2344 lieri
2459 2277 2854 2357 permittente'm
2882 2303 2894 2339 :
2925 2285 3016 2340 sed
3041 2272 3254 2355 inopum
3286 2286 3391 2339 mi-

1808 2368 2001 2437 seriam
2032 2368 2399 2435 sublevantem
2424 2420 2439 2445 ,
2468 2376 2769 2447 bonumque
2797 2385 2851 2432 et
2875 2374 3083 2432 lidelem
3111 2376 3390 2447 dispensa-

1810 2483 1977 2529 torem
2002 2460 2197 2529 iactum
2224 2478 2407 2528 eorum
2429 2486 2547 2542 qua:
2572 2486 2603 2526 a
2633 2470 2858 2526 Domino
2879 2466 3211 2541 suppeditata
3230 2479 3386 2525 sunt:

1809 2574 1865 2620 ut
1889 2574 1941 2621 et
1966 2565 2199 2636 pulchrae
2217 2564 2375 2635 hujus
2393 2548 2807 2633 dispensationis
2823 2554 3065 2632 magnam
3089 2558 3388 2618 mercedem

1807 2644 2042 2729 assequi,
2074 2665 2130 2713 et
2151 2656 2406 2727 promissa
2454 2655 2589 2710 bona
2635 2649 2883 2709 obtinere
2906 2650 3192 2721 mercatur,
3221 2654 3388 2723 gratia

1806 2758 1862 2806 et
1886 2731 2209 2820 benignitate
2252 2747 2459 2825 Domini
2506 2736 2673 2801 no'stri
2726 2737 2850 2800 Jesu
2879 2739 3111 2811 Christi,
3144 2744 3226 2798 cui
3266 2758 3387 2798 eum

1808 2844 1965 2899 Patre
1990 2850 2047 2900 et
2069 2852 2253 2898 sancto
2281 2841 2480 2912 Spiritu
2509 2828 2578 2895 sit
2616 2832 2780 2909 gloria
2800 2880 2814 2905 ,
2844 2836 3146 2908 imperium,
3195 2830 3387 2904 honor,

1808 2948 1948 2990 nunc
1974 2942 2029 2990 et
2056 2934 2291 3003 semper,
2323 2941 2378 2988 et
2407 2932 2458 2986 in
2490 2919 2681 2987 sarcula
2707 2918 3044 2986 saeculorum.
3087 2916 3279 2985 Amen.

2290 3042 2571 3100 HOMILIA
2610 3041 2901 3097 XXXVIII.

1810 3138 1945 3193 Sara
1969 3146 2137 3190 autem
2157 3176 2171 3201 ,
2200 3151 2331 3191 uxor
2351 3132 2560 3197 Abram,
2589 3150 2691 3188 non
2723 3133 2912 3202 peperit
2942 3133 2987 3202 ei
3020 3147 3037 3186 :
3064 3131 3153 3197 sed
3175 3131 3385 3202 habebat

1880 3207 2120 3263 ancillam
2160 3196 2501 3277 Egyptiam,
2537 3196 2737 3258 nomine
2764 3196 2903 3274 Agar
2935 3196 3084 3274 (Cen.
3117 3196 3206 3258 i6.
3238 3199 3311 3273 I).

1882 3322 1931 3377 l.
1977 3320 2149 3376 Etiam
2173 3316 2428 3374 hodierna
2458 3316 2615 3374 lectio
2654 3316 2886 3387 linguam
2922 3323 3158 3370 nostram
3209 3314 3388 3370 denuo

1807 3416 1860 3470 in
1890 3415 2200 3470 memoriam
2225 3411 2538 3484 patriarchae
2558 3418 2712 3465 vocat
2741 3426 2755 3463 :
2787 3424 2959 3479 neque
2988 3418 3081 3479 vos
3105 3407 3388 3463 admiratio

1807 3511 2005 3572 teneat,
2033 3504 2173 3575 quod
2202 3519 2323 3560 cum
2351 3511 2427 3558 tot
2453 3501 2641 3558 diebus
2670 3500 2943 3555 historiam
2964 3498 3201 3569 ejusdem
3231 3499 3387 3554 toties

1806 3600 1860 3658 in
1914 3599 2146 3655 medium
2201 3592 2890 3661 attulerimusm'echodic
2932 3593 3076 3647 illam
3104 3592 3385 3647 absolvere

1805 3691 2159 3765 potuerimus.
2186 3688 2371 3759 Magna
2392 3688 2536 3743 enim
2560 3686 2715 3756 copia
2759 3692 2843 3741 est
2874 3684 3124 3739 virtutum
3142 3684 3271 3754 justi
3295 3726 3313 3752 ,
3334 3694 3389 3740 et

1805 3784 2000 3842 eximia
2023 3789 2149 3838 sunt
2172 3780 2313 3836 illius
2338 3780 2476 3835 bona
2502 3792 2686 3847 opera,
2715 3776 2849 3831 adeo
2878 3782 2932 3829 ut
2958 3789 3170 3829 omnem
3200 3774 3386 3829 Imma-

1805 3890 1929 3932 nam
1951 3875 2181 3946 lingitam
2202 3873 2435 3927 vincant.
2462 3868 2630 3938 Quem
2652 3867 2793 3923 enim
2814 3866 2951 3921 Deus
2976 3879 3206 3935 superne
3231 3878 3386 3920 coro-

1806 3968 1953 4025 navit
1981 3977 2035 4022 et
2062 3965 2330 4023 celebrem
2361 3961 2502 4026 l‘ecit,
2534 3960 2653 4031 quis
2686 3957 2961 4037 hominum
2987 3956 3145 4027 digne
3170 3955 3387 4012 laudare

1807 4058 2041 4131 poterit?
2072 4059 2340 4121 Attamen,
2370 4052 2469 4110 etsi
2495 4051 2651 4122 longe
2676 4047 2955 4104 inferiores
2978 4060 3160 4102 sumus
3178 4087 3193 4112 ,
3225 4061 3384 4116 quam

1804 4158 2096 4222 exposcam
2150 4147 2291 4203 illius
2340 4143 2552 4209 merita,
2582 4158 2677 4212 pro
2712 4139 2909 4195 nostris
2956 4137 3143 4193 saltem
3167 4137 3386 4198 viribus.

1804 4259 1926 4316 quae
1950 4242 2019 4298 de
2063 4240 2160 4297 illo
2199 4238 2395 4310 scripta
2426 4244 2549 4291 sunt
2598 4233 2651 4289 in
2702 4231 2935 4286 medium
2985 4228 3289 4288 ail'erentes,
3319 4227 3387 4283 ad

1806 4333 2166 4394 amulandum
2192 4341 2248 4389 ct
2272 4328 2585 4386 imitandum
2604 4326 2851 4381 virtutem
2874 4322 3018 4378 illius
3032 4320 3389 4377 vosinducere

1803 4430 2068 4501 cupimus.
2088 4424 2297 4482 Sufﬁcit
2323 4421 2465 4479 enim
2492 4419 2649 4488 hujus
2672 4417 2767 4472 viri
2792 4413 3123 4487 philosophia
3142 4411 3208 4467 ad
3232 4426 3391 4467 omne

1805 4519 2081 4577 hominum
2112 4530 2280 4589 genus
2304 4509 2659 4571 erudiendum
2685 4549 2701 4577 ,
2728 4517 2784 4564 et
2823 4505 2891 4561 ad
2934 4504 3247 4562 alliciendos
3296 4517 3390 4557 eos

1804 4612 1895 4681 qui
1941 4610 2223 4681 diligenter
2266 4604 2601 4669 auscultant,
2641 4610 2701 4657 ut
2735 4602 2916 4657 ineant
2970 4598 3182 4654 virtutis
3225 4597 3387 4653 viam.

1805 4701 2069 4757 Caeterum
2100 4697 2325 4754 obsecro
2345 4704 2406 4751 ut
2431 4691 2715 4750 attendatis
2743 4691 2828 4746 his
2849 4704 2969 4760 qua:
2994 4687 3259 4754 dicuntur,
3283 4700 3390 4755 quo

1807 4798 1963 4854 liceat
2000 4791 2161 4851 etiam
2192 4806 2259 4847 cx
2293 4804 2458 4860 nuper
2485 4784 2785 4856 lectisjusti
2820 4781 3206 4855 philosophiam
3235 4778 3391 4833 addi.

1798 4904 1974 4947 scere.
1995 4888 2178 4944 Potest
2203 4884 2345 4941 enim
2374 4882 2461 4938 hic
2486 4881 2635 4937 locus
2663 4877 2858 4933 docere
2883 4884 2937 4930 et
2961 4876 3107 4928 viros
3131 4881 3181 4927 et
3200 4870 3391 4925 mulie—

1804 4998 1913 5050 res,
1936 4991 1993 5038 ut
2020 4992 2209 5050 magna
2238 4978 2379 5033 inter
2419 4987 2479 5029 sc
2503 4969 2787 5028 concordia
2819 4967 3034 5031 vivant,
3060 4974 3115 5020 et
3158 4962 3390 5032 conjugii

1805 5075 2075 5135 vinculum
2101 5068 2471 5130 indissolutum
2499 5071 2715 5122 servent
2740 5077 2756 5117 :
2786 5068 2840 5117 et
2854 5072 3028 5129 neque
3054 5056 3138 5112 vir
3155 5055 3395 5125 insurgat

1806 5172 2067 5228 adversus
2096 5164 2405 5227 mulierem,
2437 5158 2532 5217 sed
2557 5165 2617 5214 ut
2646 5155 2760 5212 vasi
2807 5151 3086 5211 inﬁrmiori
3113 5147 3191 5225 (a)
3218 5148 3393 5219 majo-

1807 5280 1923 5322 rem
1953 5261 2028 5319 illi
2061 5259 2271 5316 veniam
2300 5255 2528 5320 tribuat;
2568 5265 2744 5320 neque
2768 5245 2961 5304 mulier
2996 5245 3110 5302 viro
3136 5258 3196 5299 se
3216 5256 3394 5313 oppo—

1808 5367 1921 5424 nat,
1944 5363 2035 5411 aut
2055 5353 2122 5409 ab
2145 5366 2213 5408 eo
2240 5346 2517 5413 dissideat,
2547 5342 2644 5400 sed
2667 5350 2727 5397 ut
2749 5337 2985 5395 vicissim
3010 5336 3149 5393 alter
3169 5333 3393 5424 alterius

1809 5423 1972 5506 onera
2008 5441 2145 5503 ferre
2185 5447 2423 5504 certent,
2443 5434 2901 5503 domesticamque
2930 5442 3117 5502 pacem
3145 5423 3395 5491 omnibus

1872 5562 1947 5624 (a)
1977 5561 2051 5610 sic
2073 5562 2126 5609 et
2146 5552 2400 5624 inuegula
2432 5549 2665 5624 Pachomii
2709 5544 2947 5624 mulieres
2970 5536 3393 5624 Lucan

1812 5605 2061 5674 togam".
2079 5605 2213 5682 apud
2238 5605 2416 5667 uitam
2439 5622 2604 5667 autem
2644 5617 2947 5673 ceterosque
2970 5605 3221 5658 historicos
3240 5605 3390 5663 tmpe-

1809 5688 2023 5738 dimenta
2056 5677 2378 5747 appellantur.
