  <div class='ocr_page' id='page_1' title='image "/cluster/home/n/w/nwhite01/storage/ocr_20150623/53-54/hvd.32044012465829/351.png"; bbox 0 0 3788 6278; ppageno 0'>
   <div class='ocr_carea' id='block_1_1' title="bbox 341 304 439 359">
    <p class='ocr_par' dir='ltr' id='par_1_1' title="bbox 341 304 439 359">
     <span class='ocr_line' id='line_1_1' title="bbox 341 304 439 359; baseline 0.02 -2"><span class='ocrx_word' id='word_1_1' title='bbox 341 304 439 359; x_wconf 69' lang='grc'><strong>551</strong></span> 
     </span>
    </p>
   </div>
   <div class='ocr_carea' id='block_1_2' title="bbox 348 410 1925 489">
    <p class='ocr_par' dir='ltr' id='par_1_2' title="bbox 348 410 1925 489">
     <span class='ocr_line' id='line_1_2' title="bbox 348 410 1925 489; baseline -0.006 -18"><span class='ocrx_word' id='word_1_2' title='bbox 348 414 500 472; x_wconf 87' lang='lat' dir='ltr'><strong>bonis</strong></span> <span class='ocrx_word' id='word_1_3' title='bbox 522 416 822 489; x_wconf 58' lang='lat' dir='ltr'><strong>praeferant.</strong></span> <span class='ocrx_word' id='word_1_4' title='bbox 854 416 920 469; x_wconf 80' lang='lat' dir='ltr'><strong>At</strong></span> <span class='ocrx_word' id='word_1_5' title='bbox 940 412 1364 485; x_wconf 62' lang='lat' dir='ltr'><strong>operaepretium</strong></span> <span class='ocrx_word' id='word_1_6' title='bbox 1393 410 1749 467; x_wconf 80' lang='lat' dir='ltr'><strong>fueritaudirc</strong></span> <span class='ocrx_word' id='word_1_7' title='bbox 1763 410 1925 464; x_wconf 83' lang='lat' dir='ltr'><strong>verba</strong></span> 
     </span>
    </p>
   </div>
   <div class='ocr_carea' id='block_1_3' title="bbox 349 503 1930 577">
    <p class='ocr_par' dir='ltr' id='par_1_3' title="bbox 349 503 1930 577">
     <span class='ocr_line' id='line_1_3' title="bbox 349 503 1930 577; baseline -0.003 -16"><span class='ocrx_word' id='word_1_8' title='bbox 349 508 485 577; x_wconf 85' lang='lat' dir='ltr'><strong>ipsa,</strong></span> <span class='ocrx_word' id='word_1_9' title='bbox 519 518 577 565; x_wconf 90' lang='lat' dir='ltr'><strong>ut</strong></span> <span class='ocrx_word' id='word_1_10' title='bbox 608 508 698 563; x_wconf 82' lang='lat' dir='ltr'><strong>ﬁat</strong></span> <span class='ocrx_word' id='word_1_11' title='bbox 724 507 875 563; x_wconf 90' lang='lat' dir='ltr'><strong>nobis</strong></span> <span class='ocrx_word' id='word_1_12' title='bbox 916 506 1159 560; x_wconf 77' lang='lat' dir='ltr'><strong>doctrina</strong></span> <span class='ocrx_word' id='word_1_13' title='bbox 1197 503 1546 558; x_wconf 79' lang='lat' dir='ltr'><strong>manileStior.</strong></span> <span class='ocrx_word' id='word_1_14' title='bbox 1578 505 1629 558; x_wconf 76' lang='lat' dir='ltr'><strong>l.</strong></span> <span class='ocrx_word' id='word_1_15' title='bbox 1664 504 1799 559; x_wconf 89' lang='lat' dir='ltr'><strong>Sara</strong></span> <span class='ocrx_word' id='word_1_16' title='bbox 1837 520 1930 557; x_wconf 84' lang='lat' dir='ltr'><strong>an-</strong></span> 
     </span>
    </p>
   </div>
   <div class='ocr_carea' id='block_1_4' title="bbox 346 590 1929 669">
    <p class='ocr_par' dir='ltr' id='par_1_4' title="bbox 346 590 1929 669">
     <span class='ocr_line' id='line_1_4' title="bbox 346 590 1929 669; baseline -0.001 -19"><span class='ocrx_word' id='word_1_17' title='bbox 346 608 463 665; x_wconf 75' lang='lat' dir='ltr'><strong>tem,</strong></span> <span class='ocrx_word' id='word_1_18' title='bbox 497 599 687 669; x_wconf 92' lang='lat' dir='ltr'><strong>inquit,</strong></span> <span class='ocrx_word' id='word_1_19' title='bbox 710 614 838 651; x_wconf 76' lang='lat' dir='ltr'><strong>uxor</strong></span> <span class='ocrx_word' id='word_1_20' title='bbox 864 596 1015 651; x_wconf 75' lang='lat' dir='ltr'><strong>Abra:</strong></span> <span class='ocrx_word' id='word_1_21' title='bbox 1031 614 1131 650; x_wconf 88' lang='lat' dir='ltr'><strong>non</strong></span> <span class='ocrx_word' id='word_1_22' title='bbox 1160 596 1349 667; x_wconf 80' lang='lat' dir='ltr'><strong>peperit</strong></span> <span class='ocrx_word' id='word_1_23' title='bbox 1374 596 1418 649; x_wconf 85' lang='lat' dir='ltr'><strong>ei</strong></span> <span class='ocrx_word' id='word_1_24' title='bbox 1447 612 1466 650; x_wconf 93' lang='lat'><strong><em>:</em></strong></span> <span class='ocrx_word' id='word_1_25' title='bbox 1507 590 1740 649; x_wconf 68' lang='lat' dir='ltr'><strong>(ceterum</strong></span> <span class='ocrx_word' id='word_1_26' title='bbox 1779 595 1929 649; x_wconf 78' lang='lat' dir='ltr'><strong>habe-</strong></span> 
     </span>
    </p>
   </div>
   <div class='ocr_carea' id='block_1_5' title="bbox 346 683 1926 757">
    <p class='ocr_par' dir='ltr' id='par_1_5' title="bbox 346 683 1926 757">
     <span class='ocr_line' id='line_1_5' title="bbox 346 683 1926 757; baseline -0.002 -16"><span class='ocrx_word' id='word_1_27' title='bbox 346 689 428 741; x_wconf 82' lang='lat' dir='ltr'><strong>bat</strong></span> <span class='ocrx_word' id='word_1_28' title='bbox 458 690 696 741; x_wconf 79' lang='lat' dir='ltr'><strong>ancillam</strong></span> <span class='ocrx_word' id='word_1_29' title='bbox 724 685 1029 757; x_wconf 56' lang='lat' dir='ltr'><strong>JEgyptiam</strong></span> <span class='ocrx_word' id='word_1_30' title='bbox 1053 726 1068 753; x_wconf 94' lang='lat'><strong>,</strong></span> <span class='ocrx_word' id='word_1_31' title='bbox 1100 685 1180 739; x_wconf 81' lang='lat' dir='ltr'><strong>cui</strong></span> <span class='ocrx_word' id='word_1_32' title='bbox 1213 701 1393 739; x_wconf 86' lang='lat' dir='ltr'><strong>nomen</strong></span> <span class='ocrx_word' id='word_1_33' title='bbox 1438 683 1576 756; x_wconf 83' lang='lat' dir='ltr'><strong>Agar</strong></span> <span class='ocrx_word' id='word_1_34' title='bbox 1623 686 1757 755; x_wconf 80' lang='lat' dir='ltr'><strong>(cap.</strong></span> <span class='ocrx_word' id='word_1_35' title='bbox 1816 684 1926 755; x_wconf 74' lang='lat'><strong>16).</strong></span> 
     </span>
    </p>
   </div>
   <div class='ocr_carea' id='block_1_6' title="bbox 419 774 1930 849">
    <p class='ocr_par' dir='ltr' id='par_1_6' title="bbox 419 774 1930 849">
     <span class='ocr_line' id='line_1_6' title="bbox 419 774 1930 849; baseline 0 -17"><span class='ocrx_word' id='word_1_36' title='bbox 419 778 575 833; x_wconf 80' lang='lat' dir='ltr'><strong>Fides</strong></span> <span class='ocrx_word' id='word_1_37' title='bbox 592 780 807 833; x_wconf 65' lang='lat' dir='ltr'><strong>Abrahae</strong></span> <span class='ocrx_word' id='word_1_38' title='bbox 832 784 1040 849; x_wconf 76' lang='lat' dir='ltr'><strong>quanta.</strong></span> <span class='ocrx_word' id='word_1_39' title='bbox 1068 808 1137 818; x_wconf 91' lang='lat'><strong><em>—</em></strong></span> <span class='ocrx_word' id='word_1_40' title='bbox 1156 776 1471 844; x_wconf 85' lang='lat' dir='ltr'><strong>Considera,</strong></span> <span class='ocrx_word' id='word_1_41' title='bbox 1504 776 1801 842; x_wconf 83' lang='lat' dir='ltr'><strong>carissime,</strong></span> <span class='ocrx_word' id='word_1_42' title='bbox 1827 774 1930 832; x_wconf 88' lang='lat' dir='ltr'><strong>hoc</strong></span> 
     </span>
    </p>
   </div>
   <div class='ocr_carea' id='block_1_7' title="bbox 345 864 1926 923">
    <p class='ocr_par' dir='ltr' id='par_1_7' title="bbox 345 864 1926 923">
     <span class='ocr_line' id='line_1_7' title="bbox 345 864 1926 923; baseline -0.002 -1"><span class='ocrx_word' id='word_1_43' title='bbox 345 868 463 923; x_wconf 90' lang='lat' dir='ltr'><strong>loco</strong></span> <span class='ocrx_word' id='word_1_44' title='bbox 518 867 838 923; x_wconf 71' lang='lat' dir='ltr'><strong>ineﬁabiiem</strong></span> <span class='ocrx_word' id='word_1_45' title='bbox 870 869 961 922; x_wconf 90' lang='lat' dir='ltr'><strong>Dei</strong></span> <span class='ocrx_word' id='word_1_46' title='bbox 994 866 1325 922; x_wconf 77' lang='lat' dir='ltr'><strong>tolerantiam</strong></span> <span class='ocrx_word' id='word_1_47' title='bbox 1366 876 1419 922; x_wconf 91' lang='lat' dir='ltr'><strong>et</strong></span> <span class='ocrx_word' id='word_1_48' title='bbox 1464 866 1712 922; x_wconf 75' lang='lat' dir='ltr'><strong>eximiam</strong></span> <span class='ocrx_word' id='word_1_49' title='bbox 1770 864 1926 920; x_wconf 80' lang='lat' dir='ltr'><strong>[idem</strong></span> 
     </span>
    </p>
   </div>
   <div class='ocr_carea' id='block_1_8' title="bbox 342 958 1951 1032">
    <p class='ocr_par' dir='ltr' id='par_1_8' title="bbox 342 958 1951 1032">
     <span class='ocr_line' id='line_1_8' title="bbox 342 958 1951 1032; baseline -0.001 -17"><span class='ocrx_word' id='word_1_50' title='bbox 342 971 658 1032; x_wconf 79' lang='lat' dir='ltr'><strong>gratumque</strong></span> <span class='ocrx_word' id='word_1_51' title='bbox 684 961 920 1016; x_wconf 88' lang='lat' dir='ltr'><strong>animum</strong></span> <span class='ocrx_word' id='word_1_52' title='bbox 948 960 1099 1030; x_wconf 85' lang='lat' dir='ltr'><strong>justi,</strong></span> <span class='ocrx_word' id='word_1_53' title='bbox 1124 976 1282 1031; x_wconf 83' lang='lat' dir='ltr'><strong>quem</strong></span> <span class='ocrx_word' id='word_1_54' title='bbox 1309 961 1446 1015; x_wconf 83' lang='lat' dir='ltr'><strong>datis</strong></span> <span class='ocrx_word' id='word_1_55' title='bbox 1480 958 1580 1014; x_wconf 87' lang='lat' dir='ltr'><strong>sibi</strong></span> <span class='ocrx_word' id='word_1_56' title='bbox 1613 959 1951 1029; x_wconf 46' lang='lat' dir='ltr'><strong>promissio»</strong></span> 
     </span>
    </p>
   </div>
   <div class='ocr_carea' id='block_1_9' title="bbox 346 1049 1929 1121">
    <p class='ocr_par' dir='ltr' id='par_1_9' title="bbox 346 1049 1929 1121">
     <span class='ocr_line' id='line_1_9' title="bbox 346 1049 1929 1121; baseline -0.001 -16"><span class='ocrx_word' id='word_1_57' title='bbox 346 1053 499 1106; x_wconf 91' lang='lat' dir='ltr'><strong>nibus</strong></span> <span class='ocrx_word' id='word_1_58' title='bbox 515 1051 822 1107; x_wconf 78' lang='lat' dir='ltr'><strong>declaravit.</strong></span> <span class='ocrx_word' id='word_1_59' title='bbox 856 1050 986 1107; x_wconf 90' lang='lat' dir='ltr'><strong>Cum</strong></span> <span class='ocrx_word' id='word_1_60' title='bbox 1013 1052 1152 1107; x_wconf 87' lang='lat' dir='ltr'><strong>enim</strong></span> <span class='ocrx_word' id='word_1_61' title='bbox 1174 1053 1329 1105; x_wconf 90' lang='lat' dir='ltr'><strong>toties</strong></span> <span class='ocrx_word' id='word_1_62' title='bbox 1351 1052 1677 1121; x_wconf 70' lang='lat' dir='ltr'><strong>promisisset</strong></span> <span class='ocrx_word' id='word_1_63' title='bbox 1706 1049 1846 1105; x_wconf 87' lang='lat' dir='ltr'><strong>Deus</strong></span> <span class='ocrx_word' id='word_1_64' title='bbox 1870 1064 1929 1104; x_wconf 88' lang='lat' dir='ltr'><strong>se</strong></span> 
     </span>
    </p>
   </div>
   <div class='ocr_carea' id='block_1_10' title="bbox 342 1140 1928 1212">
    <p class='ocr_par' dir='ltr' id='par_1_10' title="bbox 342 1140 1928 1212">
     <span class='ocr_line' id='line_1_10' title="bbox 342 1140 1928 1212; baseline -0.001 -16"><span class='ocrx_word' id='word_1_65' title='bbox 342 1142 590 1197; x_wconf 82' lang='lat' dir='ltr'><strong>daturum</strong></span> <span class='ocrx_word' id='word_1_66' title='bbox 621 1142 813 1198; x_wconf 84' lang='lat' dir='ltr'><strong>semini</strong></span> <span class='ocrx_word' id='word_1_67' title='bbox 842 1142 959 1212; x_wconf 74' lang='lat' dir='ltr'><strong>ejus</strong></span> <span class='ocrx_word' id='word_1_68' title='bbox 984 1150 1198 1207; x_wconf 88' lang='lat' dir='ltr'><strong>terram,</strong></span> <span class='ocrx_word' id='word_1_69' title='bbox 1221 1153 1273 1196; x_wconf 90' lang='lat' dir='ltr'><strong>et</strong></span> <span class='ocrx_word' id='word_1_70' title='bbox 1302 1141 1353 1195; x_wconf 89' lang='lat' dir='ltr'><strong>in</strong></span> <span class='ocrx_word' id='word_1_71' title='bbox 1382 1150 1527 1195; x_wconf 90' lang='lat' dir='ltr'><strong>tanto</strong></span> <span class='ocrx_word' id='word_1_72' title='bbox 1544 1140 1928 1211; x_wconf 69' lang='lat' dir='ltr'><strong>multiplicatu-</strong></span> 
     </span>
    </p>
   </div>
   <div class='ocr_carea' id='block_1_11' title="bbox 343 1234 1922 1305">
    <p class='ocr_par' dir='ltr' id='par_1_11' title="bbox 343 1234 1922 1305">
     <span class='ocr_line' id='line_1_11' title="bbox 343 1234 1922 1305; baseline -0.001 -15"><span class='ocrx_word' id='word_1_73' title='bbox 343 1248 460 1290; x_wconf 81' lang='lat' dir='ltr'><strong>rum</strong></span> <span class='ocrx_word' id='word_1_74' title='bbox 489 1250 712 1290; x_wconf 87' lang='lat' dir='ltr'><strong>numero</strong></span> <span class='ocrx_word' id='word_1_75' title='bbox 735 1277 749 1299; x_wconf 92' lang='lat'><strong>,</strong></span> <span class='ocrx_word' id='word_1_76' title='bbox 781 1247 838 1288; x_wconf 92' lang='lat' dir='ltr'><strong>ut</strong></span> <span class='ocrx_word' id='word_1_77' title='bbox 865 1234 1185 1290; x_wconf 82' lang='lat' dir='ltr'><strong>multitudini</strong></span> <span class='ocrx_word' id='word_1_78' title='bbox 1215 1234 1483 1289; x_wconf 75' lang='lat' dir='ltr'><strong>Stellarum</strong></span> <span class='ocrx_word' id='word_1_79' title='bbox 1507 1234 1877 1305; x_wconf 73' lang='lat' dir='ltr'><strong>aquuaretur</strong></span> <span class='ocrx_word' id='word_1_80' title='bbox 1905 1250 1922 1289; x_wconf 88' lang='lat'><strong>:</strong></span> 
     </span>
    </p>
   </div>
   <div class='ocr_carea' id='block_1_12' title="bbox 343 1324 1928 1396">
    <p class='ocr_par' dir='ltr' id='par_1_12' title="bbox 343 1324 1928 1396">
     <span class='ocr_line' id='line_1_12' title="bbox 343 1324 1928 1396; baseline 0.001 -18"><span class='ocrx_word' id='word_1_81' title='bbox 343 1325 528 1379; x_wconf 88' lang='lat' dir='ltr'><strong>videns</strong></span> <span class='ocrx_word' id='word_1_82' title='bbox 552 1325 750 1379; x_wconf 85' lang='lat' dir='ltr'><strong>nullam</strong></span> <span class='ocrx_word' id='word_1_83' title='bbox 779 1324 1187 1396; x_wconf 75' lang='lat' dir='ltr'><strong>promiss‘mnem</strong></span> <span class='ocrx_word' id='word_1_84' title='bbox 1219 1334 1381 1394; x_wconf 85' lang='lat' dir='ltr'><strong>opere</strong></span> <span class='ocrx_word' id='word_1_85' title='bbox 1417 1324 1644 1396; x_wconf 85' lang='lat' dir='ltr'><strong>impleri,</strong></span> <span class='ocrx_word' id='word_1_86' title='bbox 1675 1340 1837 1396; x_wconf 81' lang='lat' dir='ltr'><strong>seque</strong></span> <span class='ocrx_word' id='word_1_87' title='bbox 1862 1340 1928 1380; x_wconf 71' lang='lat' dir='ltr'><strong>ex</strong></span> 
     </span>
    </p>
   </div>
   <div class='ocr_carea' id='block_1_13' title="bbox 345 1416 1926 1488">
    <p class='ocr_par' dir='ltr' id='par_1_13' title="bbox 345 1416 1926 1488">
     <span class='ocr_line' id='line_1_13' title="bbox 345 1416 1926 1488; baseline 0.001 -18"><span class='ocrx_word' id='word_1_88' title='bbox 345 1417 785 1487; x_wconf 89' lang='lat' dir='ltr'><strong>promissionibus</strong></span> <span class='ocrx_word' id='word_1_89' title='bbox 808 1416 934 1485; x_wconf 83' lang='lat' dir='ltr'><strong>nihil</strong></span> <span class='ocrx_word' id='word_1_90' title='bbox 962 1425 1316 1488; x_wconf 79' lang='lat' dir='ltr'><strong>praeterquam</strong></span> <span class='ocrx_word' id='word_1_91' title='bbox 1344 1418 1503 1473; x_wconf 80' lang='lat' dir='ltr'><strong>verba</strong></span> <span class='ocrx_word' id='word_1_92' title='bbox 1529 1419 1789 1487; x_wconf 87' lang='lat' dir='ltr'><strong>accipere,</strong></span> <span class='ocrx_word' id='word_1_93' title='bbox 1820 1433 1926 1472; x_wconf 84' lang='lat' dir='ltr'><strong>non</strong></span> 
     </span>
    </p>
   </div>
   <div class='ocr_carea' id='block_1_14' title="bbox 344 1507 1927 1575">
    <p class='ocr_par' dir='ltr' id='par_1_14' title="bbox 344 1507 1927 1575">
     <span class='ocr_line' id='line_1_14' title="bbox 344 1507 1927 1575; baseline 0.001 -14"><span class='ocrx_word' id='word_1_94' title='bbox 344 1507 656 1563; x_wconf 77' lang='lat' dir='ltr'><strong>turbabatur</strong></span> <span class='ocrx_word' id='word_1_95' title='bbox 702 1509 930 1575; x_wconf 77' lang='lat' dir='ltr'><strong>ratione,</strong></span> <span class='ocrx_word' id='word_1_96' title='bbox 962 1523 1068 1562; x_wconf 89' lang='lat' dir='ltr'><strong>non</strong></span> <span class='ocrx_word' id='word_1_97' title='bbox 1121 1508 1558 1564; x_wconf 86' lang='lat' dir='ltr'><strong>commovebatur</strong></span> <span class='ocrx_word' id='word_1_98' title='bbox 1603 1516 1805 1575; x_wconf 87' lang='lat' dir='ltr'><strong>mente,</strong></span> <span class='ocrx_word' id='word_1_99' title='bbox 1832 1509 1927 1563; x_wconf 88' lang='lat' dir='ltr'><strong>sed</strong></span> 
     </span>
    </p>
   </div>
   <div class='ocr_carea' id='block_1_15' title="bbox 344 1600 1927 1671">
    <p class='ocr_par' dir='ltr' id='par_1_15' title="bbox 344 1600 1927 1671">
     <span class='ocr_line' id='line_1_15' title="bbox 344 1600 1927 1671; baseline 0.003 -18"><span class='ocrx_word' id='word_1_100' title='bbox 344 1600 535 1653; x_wconf 82' lang='lat' dir='ltr'><strong>mansit</strong></span> <span class='ocrx_word' id='word_1_101' title='bbox 559 1600 808 1655; x_wconf 88' lang='lat' dir='ltr'><strong>immotus</strong></span> <span class='ocrx_word' id='word_1_102' title='bbox 831 1609 884 1654; x_wconf 91' lang='lat' dir='ltr'><strong>et</strong></span> <span class='ocrx_word' id='word_1_103' title='bbox 906 1600 1150 1665; x_wconf 82' lang='lat' dir='ltr'><strong>inﬂexus,</strong></span> <span class='ocrx_word' id='word_1_104' title='bbox 1172 1600 1396 1655; x_wconf 86' lang='lat' dir='ltr'><strong>credens</strong></span> <span class='ocrx_word' id='word_1_105' title='bbox 1430 1602 1679 1671; x_wconf 66' lang='lat' dir='ltr'><strong>potentiae</strong></span> <span class='ocrx_word' id='word_1_106' title='bbox 1701 1602 1927 1671; x_wconf 74' lang='lat' dir='ltr'><strong>promit-—</strong></span> 
     </span>
    </p>
   </div>
   <div class='ocr_carea' id='block_1_16' title="bbox 346 1690 1925 1763">
    <p class='ocr_par' dir='ltr' id='par_1_16' title="bbox 346 1690 1925 1763">
     <span class='ocr_line' id='line_1_16' title="bbox 346 1690 1925 1763; baseline 0.004 -20"><span class='ocrx_word' id='word_1_107' title='bbox 346 1690 523 1744; x_wconf 86' lang='lat' dir='ltr'><strong>tentis.</strong></span> <span class='ocrx_word' id='word_1_108' title='bbox 565 1691 630 1744; x_wconf 83' lang='lat' dir='ltr'><strong>Et</strong></span> <span class='ocrx_word' id='word_1_109' title='bbox 654 1691 851 1746; x_wconf 90' lang='lat' dir='ltr'><strong>idcirco</strong></span> <span class='ocrx_word' id='word_1_110' title='bbox 878 1691 1035 1745; x_wconf 87' lang='lat' dir='ltr'><strong>etiam</strong></span> <span class='ocrx_word' id='word_1_111' title='bbox 1058 1690 1143 1746; x_wconf 88' lang='lat' dir='ltr'><strong>hic</strong></span> <span class='ocrx_word' id='word_1_112' title='bbox 1189 1690 1240 1746; x_wconf 89' lang='lat' dir='ltr'><strong>id</strong></span> <span class='ocrx_word' id='word_1_113' title='bbox 1282 1691 1599 1762; x_wconf 67' lang='lat' dir='ltr'><strong>signitlcai&#39;it</strong></span> <span class='ocrx_word' id='word_1_114' title='bbox 1651 1690 1925 1763; x_wconf 76' lang='lat' dir='ltr'><strong>Scriptura</strong></span> 
     </span>
    </p>
   </div>
   <div class='ocr_carea' id='block_1_17' title="bbox 344 1780 1929 1859">
    <p class='ocr_par' dir='ltr' id='par_1_17' title="bbox 344 1780 1929 1859">
     <span class='ocr_line' id='line_1_17' title="bbox 344 1780 1929 1859; baseline 0.006 -25"><span class='ocrx_word' id='word_1_115' title='bbox 344 1780 520 1837; x_wconf 80' lang='lat' dir='ltr'><strong>divina</strong></span> <span class='ocrx_word' id='word_1_116' title='bbox 544 1780 725 1837; x_wconf 88' lang='lat' dir='ltr'><strong>dicens</strong></span> <span class='ocrx_word' id='word_1_117' title='bbox 759 1782 935 1838; x_wconf 81' lang='lat' dir='ltr'><strong>:Sara</strong></span> <span class='ocrx_word' id='word_1_118' title='bbox 978 1794 1142 1837; x_wconf 84' lang='lat' dir='ltr'><strong>autem</strong></span> <span class='ocrx_word' id='word_1_119' title='bbox 1166 1826 1178 1846; x_wconf 90' lang='lat'><strong>,</strong></span> <span class='ocrx_word' id='word_1_120' title='bbox 1213 1800 1342 1838; x_wconf 75' lang='lat' dir='ltr'><strong>uxor</strong></span> <span class='ocrx_word' id='word_1_121' title='bbox 1366 1784 1513 1840; x_wconf 80' lang='lat' dir='ltr'><strong>Alme</strong></span> <span class='ocrx_word' id='word_1_122' title='bbox 1535 1826 1552 1853; x_wconf 93' lang='lat'><strong>,</strong></span> <span class='ocrx_word' id='word_1_123' title='bbox 1595 1792 1693 1842; x_wconf 73' lang='lat' dir='ltr'><strong>non</strong></span> <span class='ocrx_word' id='word_1_124' title='bbox 1739 1788 1929 1859; x_wconf 72' lang='lat' dir='ltr'><strong>peperit</strong></span> 
     </span>
    </p>
   </div>
   <div class='ocr_carea' id='block_1_18' title="bbox 342 1873 1928 1950">
    <p class='ocr_par' dir='ltr' id='par_1_18' title="bbox 342 1873 1928 1950">
     <span class='ocr_line' id='line_1_18' title="bbox 342 1873 1928 1950; baseline 0.006 -25"><span class='ocrx_word' id='word_1_125' title='bbox 342 1873 405 1935; x_wconf 81' lang='lat' dir='ltr'><strong>ci,</strong></span> <span class='ocrx_word' id='word_1_126' title='bbox 432 1874 578 1943; x_wconf 89' lang='lat' dir='ltr'><strong>quasi</strong></span> <span class='ocrx_word' id='word_1_127' title='bbox 608 1874 709 1928; x_wconf 92' lang='lat' dir='ltr'><strong>hoc</strong></span> <span class='ocrx_word' id='word_1_128' title='bbox 732 1874 884 1930; x_wconf 86' lang='lat' dir='ltr'><strong>nobis</strong></span> <span class='ocrx_word' id='word_1_129' title='bbox 905 1874 1185 1930; x_wconf 80' lang='lat' dir='ltr'><strong>declarans</strong></span> <span class='ocrx_word' id='word_1_130' title='bbox 1216 1893 1229 1930; x_wconf 90' lang='lat'><strong>:</strong></span> <span class='ocrx_word' id='word_1_131' title='bbox 1255 1876 1381 1931; x_wconf 84' lang='lat' dir='ltr'><strong>Post</strong></span> <span class='ocrx_word' id='word_1_132' title='bbox 1407 1877 1521 1932; x_wconf 79' lang='lat' dir='ltr'><strong>haec</strong></span> <span class='ocrx_word' id='word_1_133' title='bbox 1559 1880 1738 1934; x_wconf 78' lang='lat' dir='ltr'><strong>omnia</strong></span> <span class='ocrx_word' id='word_1_134' title='bbox 1760 1921 1777 1947; x_wconf 91' lang='lat'><strong>,</strong></span> <span class='ocrx_word' id='word_1_135' title='bbox 1808 1876 1928 1950; x_wconf 69' lang='grc' dir='ltr'>βδςι</span> 
     </span>
    </p>
   </div>
   <div class='ocr_carea' id='block_1_19' title="bbox 342 1966 1927 2039">
    <p class='ocr_par' dir='ltr' id='par_1_19' title="bbox 342 1966 1927 2039">
     <span class='ocr_line' id='line_1_19' title="bbox 342 1966 1927 2039; baseline 0.008 -21"><span class='ocrx_word' id='word_1_136' title='bbox 342 1966 493 2034; x_wconf 80' lang='lat' dir='ltr'><strong>p’acta</strong></span> <span class='ocrx_word' id='word_1_137' title='bbox 530 1981 648 2020; x_wconf 84' lang='lat' dir='ltr'><strong>eum</strong></span> <span class='ocrx_word' id='word_1_138' title='bbox 702 1983 767 2022; x_wconf 90' lang='lat' dir='ltr'><strong>eo</strong></span> <span class='ocrx_word' id='word_1_139' title='bbox 807 1967 956 2035; x_wconf 86' lang='lat' dir='ltr'><strong>inita,</strong></span> <span class='ocrx_word' id='word_1_140' title='bbox 987 1972 1107 2039; x_wconf 89' lang='lat' dir='ltr'><strong>post</strong></span> <span class='ocrx_word' id='word_1_141' title='bbox 1148 1969 1584 2038; x_wconf 83' lang='lat' dir='ltr'><strong>pollicitationem</strong></span> <span class='ocrx_word' id='word_1_142' title='bbox 1633 1972 1927 2030; x_wconf 62' lang='lat' dir='ltr'><strong>innumeri:</strong></span> 
     </span>
    </p>
   </div>
   <div class='ocr_carea' id='block_1_20' title="bbox 343 2058 1924 2132">
    <p class='ocr_par' dir='ltr' id='par_1_20' title="bbox 343 2058 1924 2132">
     <span class='ocr_line' id='line_1_20' title="bbox 343 2058 1924 2132; baseline 0.005 -20"><span class='ocrx_word' id='word_1_143' title='bbox 343 2058 692 2114; x_wconf 71' lang='lat' dir='ltr'><strong>multitudinis</strong></span> <span class='ocrx_word' id='word_1_144' title='bbox 717 2078 781 2116; x_wconf 82' lang='lat' dir='ltr'><strong>ex</strong></span> <span class='ocrx_word' id='word_1_145' title='bbox 813 2077 878 2115; x_wconf 90' lang='lat' dir='ltr'><strong>eo</strong></span> <span class='ocrx_word' id='word_1_146' title='bbox 902 2063 1243 2132; x_wconf 64' lang='lat' dir='ltr'><strong>procreanda:</strong></span> <span class='ocrx_word' id='word_1_147' title='bbox 1262 2062 1391 2117; x_wconf 81' lang='lat' dir='ltr'><strong>nihil</strong></span> <span class='ocrx_word' id='word_1_148' title='bbox 1412 2065 1699 2119; x_wconf 82' lang='lat' dir='ltr'><strong>ﬂuctuabat</strong></span> <span class='ocrx_word' id='word_1_149' title='bbox 1719 2078 1924 2132; x_wconf 87' lang='lat' dir='ltr'><strong>secum,</strong></span> 
     </span>
    </p>
   </div>
   <div class='ocr_carea' id='block_1_21' title="bbox 342 2150 1926 2226">
    <p class='ocr_par' dir='ltr' id='par_1_21' title="bbox 342 2150 1926 2226">
     <span class='ocr_line' id='line_1_21' title="bbox 342 2150 1926 2226; baseline 0.006 -22"><span class='ocrx_word' id='word_1_150' title='bbox 342 2153 527 2207; x_wconf 80' lang='lat' dir='ltr'><strong>videns</strong></span> <span class='ocrx_word' id='word_1_151' title='bbox 549 2152 678 2207; x_wconf 83' lang='lat' dir='ltr'><strong>nihil</strong></span> <span class='ocrx_word' id='word_1_152' title='bbox 707 2150 969 2208; x_wconf 82' lang='lat' dir='ltr'><strong>dictorum</strong></span> <span class='ocrx_word' id='word_1_153' title='bbox 994 2156 1156 2224; x_wconf 83' lang='lat' dir='ltr'><strong>opere</strong></span> <span class='ocrx_word' id='word_1_154' title='bbox 1185 2156 1395 2226; x_wconf 85' lang='lat' dir='ltr'><strong>impleri</strong></span> <span class='ocrx_word' id='word_1_155' title='bbox 1422 2200 1436 2224; x_wconf 96' lang='lat'><strong>,</strong></span> <span class='ocrx_word' id='word_1_156' title='bbox 1466 2158 1560 2212; x_wconf 89' lang='lat' dir='ltr'><strong>sed</strong></span> <span class='ocrx_word' id='word_1_157' title='bbox 1588 2158 1763 2212; x_wconf 81' lang='lat' dir='ltr'><strong>omnia</strong></span> <span class='ocrx_word' id='word_1_158' title='bbox 1793 2166 1926 2213; x_wconf 87' lang='lat' dir='ltr'><strong>con-</strong></span> 
     </span>
    </p>
   </div>
   <div class='ocr_carea' id='block_1_22' title="bbox 342 2240 1925 2322">
    <p class='ocr_par' dir='ltr' id='par_1_22' title="bbox 342 2240 1925 2322">
     <span class='ocr_line' id='line_1_22' title="bbox 342 2240 1925 2322; baseline 0.006 -25"><span class='ocrx_word' id='word_1_159' title='bbox 342 2242 504 2299; x_wconf 78' lang='lat' dir='ltr'><strong>trario</strong></span> <span class='ocrx_word' id='word_1_160' title='bbox 561 2244 718 2300; x_wconf 88' lang='lat' dir='ltr'><strong>modo</strong></span> <span class='ocrx_word' id='word_1_161' title='bbox 769 2262 888 2301; x_wconf 89' lang='lat' dir='ltr'><strong>sese</strong></span> <span class='ocrx_word' id='word_1_162' title='bbox 942 2246 1154 2302; x_wconf 88' lang='lat' dir='ltr'><strong>habere.</strong></span> <span class='ocrx_word' id='word_1_163' title='bbox 1208 2250 1497 2318; x_wconf 84' lang='lat' dir='ltr'><strong>Propterea</strong></span> <span class='ocrx_word' id='word_1_164' title='bbox 1534 2251 1665 2305; x_wconf 80' lang='lat' dir='ltr'><strong>dicit</strong></span> <span class='ocrx_word' id='word_1_165' title='bbox 1690 2258 1807 2322; x_wconf 83' lang='lat' dir='ltr'><strong>poSt</strong></span> <span class='ocrx_word' id='word_1_166' title='bbox 1836 2240 1925 2307; x_wconf 81' lang='lat' dir='ltr'><strong>illa</strong></span> 
     </span>
    </p>
   </div>
   <div class='ocr_carea' id='block_1_23' title="bbox 341 2335 1923 2411">
    <p class='ocr_par' dir='ltr' id='par_1_23' title="bbox 341 2335 1923 2411">
     <span class='ocr_line' id='line_1_23' title="bbox 341 2335 1923 2411; baseline 0.006 -23"><span class='ocrx_word' id='word_1_167' title='bbox 341 2337 535 2400; x_wconf 83' lang='lat' dir='ltr'><strong>omnia,</strong></span> <span class='ocrx_word' id='word_1_168' title='bbox 568 2335 723 2403; x_wconf 86' lang='lat' dir='ltr'><strong>Sara,</strong></span> <span class='ocrx_word' id='word_1_169' title='bbox 755 2354 884 2392; x_wconf 72' lang='lat' dir='ltr'><strong>uxor</strong></span> <span class='ocrx_word' id='word_1_170' title='bbox 910 2339 1037 2407; x_wconf 72' lang='lat' dir='ltr'><strong>eius,</strong></span> <span class='ocrx_word' id='word_1_171' title='bbox 1068 2344 1168 2392; x_wconf 83' lang='lat' dir='ltr'><strong>non</strong></span> <span class='ocrx_word' id='word_1_172' title='bbox 1199 2340 1389 2411; x_wconf 74' lang='lat' dir='ltr'><strong>peperit</strong></span> <span class='ocrx_word' id='word_1_173' title='bbox 1423 2342 1468 2394; x_wconf 84' lang='lat' dir='ltr'><strong>ei</strong></span> <span class='ocrx_word' id='word_1_174' title='bbox 1493 2357 1511 2395; x_wconf 90' lang='lat'><strong><em>:</em></strong></span> <span class='ocrx_word' id='word_1_175' title='bbox 1541 2349 1599 2395; x_wconf 89' lang='lat' dir='ltr'><strong>ut</strong></span> <span class='ocrx_word' id='word_1_176' title='bbox 1635 2342 1811 2397; x_wconf 89' lang='lat' dir='ltr'><strong>discas</strong></span> <span class='ocrx_word' id='word_1_177' title='bbox 1839 2342 1923 2397; x_wconf 86' lang='lat' dir='ltr'><strong>ni-</strong></span> 
     </span>
    </p>
   </div>
   <div class='ocr_carea' id='block_1_24' title="bbox 343 2425 1926 2503">
    <p class='ocr_par' dir='ltr' id='par_1_24' title="bbox 343 2425 1926 2503">
     <span class='ocr_line' id='line_1_24' title="bbox 343 2425 1926 2503; baseline 0.007 -27"><span class='ocrx_word' id='word_1_178' title='bbox 343 2425 413 2479; x_wconf 92' lang='lat' dir='ltr'><strong>hil</strong></span> <span class='ocrx_word' id='word_1_179' title='bbox 437 2425 510 2480; x_wconf 88' lang='lat' dir='ltr'><strong>illi</strong></span> <span class='ocrx_word' id='word_1_180' title='bbox 540 2429 829 2483; x_wconf 89' lang='lat' dir='ltr'><strong>accessisse</strong></span> <span class='ocrx_word' id='word_1_181' title='bbox 858 2438 976 2498; x_wconf 90' lang='lat' dir='ltr'><strong>post</strong></span> <span class='ocrx_word' id='word_1_182' title='bbox 1006 2432 1179 2484; x_wconf 83' lang='lat' dir='ltr'><strong>tantas</strong></span> <span class='ocrx_word' id='word_1_183' title='bbox 1212 2431 1591 2499; x_wconf 81' lang='lat' dir='ltr'><strong>promissioncs</strong></span> <span class='ocrx_word' id='word_1_184' title='bbox 1611 2474 1625 2497; x_wconf 89' lang='lat'><strong>,</strong></span> <span class='ocrx_word' id='word_1_185' title='bbox 1657 2434 1756 2486; x_wconf 83' lang='lat' dir='ltr'><strong>etsi</strong></span> <span class='ocrx_word' id='word_1_186' title='bbox 1784 2433 1926 2503; x_wconf 87' lang='lat' dir='ltr'><strong>quod</strong></span> 
     </span>
    </p>
   </div>
   <div class='ocr_carea' id='block_1_25' title="bbox 342 2516 1925 2594">
    <p class='ocr_par' dir='ltr' id='par_1_25' title="bbox 342 2516 1925 2594">
     <span class='ocr_line' id='line_1_25' title="bbox 342 2516 1925 2594; baseline 0.006 -23"><span class='ocrx_word' id='word_1_187' title='bbox 342 2516 473 2573; x_wconf 85' lang='lat' dir='ltr'><strong>Sara</strong></span> <span class='ocrx_word' id='word_1_188' title='bbox 513 2520 711 2574; x_wconf 87' lang='lat' dir='ltr'><strong>sterilis</strong></span> <span class='ocrx_word' id='word_1_189' title='bbox 750 2529 802 2575; x_wconf 92' lang='lat' dir='ltr'><strong>et</strong></span> <span class='ocrx_word' id='word_1_190' title='bbox 839 2532 990 2575; x_wconf 88' lang='lat' dir='ltr'><strong>utero</strong></span> <span class='ocrx_word' id='word_1_191' title='bbox 1018 2524 1261 2575; x_wconf 88' lang='lat' dir='ltr'><strong>emortuo</strong></span> <span class='ocrx_word' id='word_1_192' title='bbox 1286 2530 1467 2588; x_wconf 88' lang='lat' dir='ltr'><strong>esset,</strong></span> <span class='ocrx_word' id='word_1_193' title='bbox 1501 2522 1552 2577; x_wconf 88' lang='lat' dir='ltr'><strong>in</strong></span> <span class='ocrx_word' id='word_1_194' title='bbox 1597 2530 1776 2579; x_wconf 86' lang='lat' dir='ltr'><strong>mente</strong></span> <span class='ocrx_word' id='word_1_195' title='bbox 1797 2524 1925 2594; x_wconf 83' lang='lat' dir='ltr'><strong>justi</strong></span> 
     </span>
    </p>
   </div>
   <div class='ocr_carea' id='block_1_26' title="bbox 342 2609 1921 2686">
    <p class='ocr_par' dir='ltr' id='par_1_26' title="bbox 342 2609 1921 2686">
     <span class='ocr_line' id='line_1_26' title="bbox 342 2609 1921 2686; baseline 0.006 -25"><span class='ocrx_word' id='word_1_196' title='bbox 342 2609 559 2663; x_wconf 88' lang='lat' dir='ltr'><strong>multam</strong></span> <span class='ocrx_word' id='word_1_197' title='bbox 589 2609 977 2665; x_wconf 80' lang='lat' dir='ltr'><strong>haesitationem</strong></span> <span class='ocrx_word' id='word_1_198' title='bbox 1011 2612 1324 2682; x_wconf 77' lang='lat' dir='ltr'><strong>ingenerare</strong></span> <span class='ocrx_word' id='word_1_199' title='bbox 1360 2624 1560 2683; x_wconf 85' lang='lat' dir='ltr'><strong>posset.</strong></span> <span class='ocrx_word' id='word_1_200' title='bbox 1594 2612 1787 2670; x_wconf 80' lang='lat' dir='ltr'><strong>Verum</strong></span> <span class='ocrx_word' id='word_1_201' title='bbox 1831 2630 1921 2686; x_wconf 68' lang='lat' dir='ltr'><strong>pa—</strong></span> 
     </span>
    </p>
   </div>
   <div class='ocr_carea' id='block_1_27' title="bbox 343 2700 1926 2772">
    <p class='ocr_par' dir='ltr' id='par_1_27' title="bbox 343 2700 1926 2772">
     <span class='ocr_line' id='line_1_27' title="bbox 343 2700 1926 2772; baseline 0.004 -18"><span class='ocrx_word' id='word_1_202' title='bbox 343 2700 573 2755; x_wconf 90' lang='lat' dir='ltr'><strong>triarcha</strong></span> <span class='ocrx_word' id='word_1_203' title='bbox 602 2717 706 2755; x_wconf 90' lang='lat' dir='ltr'><strong>non</strong></span> <span class='ocrx_word' id='word_1_204' title='bbox 739 2702 1013 2772; x_wconf 85' lang='lat' dir='ltr'><strong>spectabat</strong></span> <span class='ocrx_word' id='word_1_205' title='bbox 1041 2703 1106 2757; x_wconf 90' lang='lat' dir='ltr'><strong>ad</strong></span> <span class='ocrx_word' id='word_1_206' title='bbox 1140 2703 1515 2772; x_wconf 87' lang='lat' dir='ltr'><strong>impedimenta</strong></span> <span class='ocrx_word' id='word_1_207' title='bbox 1563 2714 1801 2771; x_wconf 71' lang='lat' dir='ltr'><strong>natum;</strong></span> <span class='ocrx_word' id='word_1_208' title='bbox 1831 2705 1926 2762; x_wconf 79' lang='lat' dir='ltr'><strong>sed</strong></span> 
     </span>
    </p>
   </div>
   <div class='ocr_carea' id='block_1_28' title="bbox 342 2792 1925 2865">
    <p class='ocr_par' dir='ltr' id='par_1_28' title="bbox 342 2792 1925 2865">
     <span class='ocr_line' id='line_1_28' title="bbox 342 2792 1925 2865; baseline 0.006 -20"><span class='ocrx_word' id='word_1_209' title='bbox 342 2793 653 2861; x_wconf 77' lang='lat' dir='ltr'><strong>sapientiam</strong></span> <span class='ocrx_word' id='word_1_210' title='bbox 692 2792 900 2847; x_wconf 84' lang='lat' dir='ltr'><strong>Domini</strong></span> <span class='ocrx_word' id='word_1_211' title='bbox 929 2808 1259 2864; x_wconf 83' lang='lat' dir='ltr'><strong>cognoscens</strong></span> <span class='ocrx_word' id='word_1_212' title='bbox 1281 2836 1294 2859; x_wconf 93' lang='lat'><strong>,</strong></span> <span class='ocrx_word' id='word_1_213' title='bbox 1328 2796 1415 2865; x_wconf 85' lang='lat' dir='ltr'><strong>qui</strong></span> <span class='ocrx_word' id='word_1_214' title='bbox 1441 2810 1560 2851; x_wconf 91' lang='lat' dir='ltr'><strong>cum</strong></span> <span class='ocrx_word' id='word_1_215' title='bbox 1593 2805 1795 2853; x_wconf 67' lang='lat' dir='ltr'><strong>natura:</strong></span> <span class='ocrx_word' id='word_1_216' title='bbox 1820 2798 1925 2854; x_wconf 74' lang='lat'><strong>[‘0-</strong></span> 
     </span>
    </p>
   </div>
   <div class='ocr_carea' id='block_1_29' title="bbox 342 2885 1924 2959">
    <p class='ocr_par' dir='ltr' id='par_1_29' title="bbox 342 2885 1924 2959">
     <span class='ocr_line' id='line_1_29' title="bbox 342 2885 1924 2959; baseline 0.005 -22"><span class='ocrx_word' id='word_1_217' title='bbox 342 2885 516 2939; x_wconf 90' lang='lat' dir='ltr'><strong>minus</strong></span> <span class='ocrx_word' id='word_1_218' title='bbox 544 2893 600 2939; x_wconf 90' lang='lat' dir='ltr'><strong>et</strong></span> <span class='ocrx_word' id='word_1_219' title='bbox 623 2885 879 2940; x_wconf 89' lang='lat' dir='ltr'><strong>Conditor</strong></span> <span class='ocrx_word' id='word_1_220' title='bbox 901 2888 989 2953; x_wconf 88' lang='lat' dir='ltr'><strong>sit,</strong></span> <span class='ocrx_word' id='word_1_221' title='bbox 1018 2887 1155 2940; x_wconf 84' lang='lat' dir='ltr'><strong>viam</strong></span> <span class='ocrx_word' id='word_1_222' title='bbox 1188 2888 1240 2941; x_wconf 91' lang='lat' dir='ltr'><strong>in</strong></span> <span class='ocrx_word' id='word_1_223' title='bbox 1268 2887 1423 2943; x_wconf 72' lang='lat' dir='ltr'><strong>inviis</strong></span> <span class='ocrx_word' id='word_1_224' title='bbox 1452 2898 1625 2958; x_wconf 85' lang='lat' dir='ltr'><strong>potest</strong></span> <span class='ocrx_word' id='word_1_225' title='bbox 1652 2890 1924 2959; x_wconf 86' lang='lat' dir='ltr'><strong>invenire,</strong></span> 
     </span>
    </p>
   </div>
   <div class='ocr_carea' id='block_1_30' title="bbox 341 2978 1924 3050">
    <p class='ocr_par' dir='ltr' id='par_1_30' title="bbox 341 2978 1924 3050">
     <span class='ocr_line' id='line_1_30' title="bbox 341 2978 1924 3050; baseline 0.005 -19"><span class='ocrx_word' id='word_1_226' title='bbox 341 2978 477 3033; x_wconf 81' lang='lat' dir='ltr'><strong>sicut</strong></span> <span class='ocrx_word' id='word_1_227' title='bbox 501 2987 680 3048; x_wconf 80' lang='lat' dir='ltr'><strong>gratus</strong></span> <span class='ocrx_word' id='word_1_228' title='bbox 707 2994 892 3034; x_wconf 82' lang='lat' dir='ltr'><strong>servus</strong></span> <span class='ocrx_word' id='word_1_229' title='bbox 923 2995 1028 3035; x_wconf 89' lang='lat' dir='ltr'><strong>non</strong></span> <span class='ocrx_word' id='word_1_230' title='bbox 1060 2980 1249 3050; x_wconf 73' lang='lat' dir='ltr'><strong>qumrit</strong></span> <span class='ocrx_word' id='word_1_231' title='bbox 1279 2982 1488 3036; x_wconf 55' lang='lat' dir='ltr'><strong>curiose</strong></span> <span class='ocrx_word' id='word_1_232' title='bbox 1506 2981 1717 3036; x_wconf 90' lang='lat' dir='ltr'><strong>modum</strong></span> <span class='ocrx_word' id='word_1_233' title='bbox 1740 2994 1924 3038; x_wconf 78' lang='lat' dir='ltr'><strong>eorum</strong></span> 
     </span>
    </p>
   </div>
   <div class='ocr_carea' id='block_1_31' title="bbox 342 3068 1927 3139">
    <p class='ocr_par' dir='ltr' id='par_1_31' title="bbox 342 3068 1927 3139">
     <span class='ocr_line' id='line_1_31' title="bbox 342 3068 1927 3139; baseline 0.005 -19"><span class='ocrx_word' id='word_1_234' title='bbox 342 3082 460 3137; x_wconf 67' lang='lat' dir='ltr'><strong>qua:</strong></span> <span class='ocrx_word' id='word_1_235' title='bbox 506 3068 671 3135; x_wconf 84' lang='lat' dir='ltr'><strong>ﬁunt,</strong></span> <span class='ocrx_word' id='word_1_236' title='bbox 722 3068 815 3123; x_wconf 91' lang='lat' dir='ltr'><strong>sed</strong></span> <span class='ocrx_word' id='word_1_237' title='bbox 858 3069 1111 3139; x_wconf 84' lang='lat' dir='ltr'><strong>relinquit</strong></span> <span class='ocrx_word' id='word_1_238' title='bbox 1155 3069 1673 3139; x_wconf 87' lang='lat' dir='ltr'><strong>incomprehensibili</strong></span> <span class='ocrx_word' id='word_1_239' title='bbox 1716 3073 1927 3128; x_wconf 89' lang='lat' dir='ltr'><strong>Domini</strong></span> 
     </span>
    </p>
   </div>
   <div class='ocr_carea' id='block_1_32' title="bbox 343 3150 1929 3232">
    <p class='ocr_par' dir='ltr' id='par_1_32' title="bbox 343 3150 1929 3232">
     <span class='ocr_line' id='line_1_32' title="bbox 343 3150 1929 3232; baseline 0.004 -22"><span class='ocrx_word' id='word_1_240' title='bbox 343 3150 711 3225; x_wconf 64' lang='lat' dir='ltr'><strong>providentiae,</strong></span> <span class='ocrx_word' id='word_1_241' title='bbox 743 3167 796 3213; x_wconf 89' lang='lat' dir='ltr'><strong>et</strong></span> <span class='ocrx_word' id='word_1_242' title='bbox 831 3158 1055 3212; x_wconf 81' lang='lat' dir='ltr'><strong>credidit</strong></span> <span class='ocrx_word' id='word_1_243' title='bbox 1100 3159 1275 3214; x_wconf 57' lang='lat' dir='ltr'><strong>dictis.</strong></span> <span class='ocrx_word' id='word_1_244' title='bbox 1314 3159 1515 3216; x_wconf 87' lang='lat' dir='ltr'><strong>Idcirco</strong></span> <span class='ocrx_word' id='word_1_245' title='bbox 1545 3161 1714 3232; x_wconf 85' lang='lat' dir='ltr'><strong>inquit</strong></span> <span class='ocrx_word' id='word_1_246' title='bbox 1743 3179 1759 3216; x_wconf 90' lang='lat'><strong>:</strong></span> <span class='ocrx_word' id='word_1_247' title='bbox 1791 3162 1929 3218; x_wconf 76' lang='lat' dir='ltr'><strong>Sara</strong></span> 
     </span>
    </p>
   </div>
   <div class='ocr_carea' id='block_1_33' title="bbox 342 3248 1930 3321">
    <p class='ocr_par' dir='ltr' id='par_1_33' title="bbox 342 3248 1930 3321">
     <span class='ocr_line' id='line_1_33' title="bbox 342 3248 1930 3321; baseline 0.007 -24"><span class='ocrx_word' id='word_1_248' title='bbox 342 3248 530 3311; x_wconf 78' lang='lat' dir='ltr'><strong>autent,</strong></span> <span class='ocrx_word' id='word_1_249' title='bbox 562 3256 681 3315; x_wconf 85' lang='lat' dir='ltr'><strong>post</strong></span> <span class='ocrx_word' id='word_1_250' title='bbox 724 3256 898 3302; x_wconf 91' lang='lat' dir='ltr'><strong>tantas</strong></span> <span class='ocrx_word' id='word_1_251' title='bbox 943 3248 1347 3317; x_wconf 88' lang='lat' dir='ltr'><strong>promissiones,</strong></span> <span class='ocrx_word' id='word_1_252' title='bbox 1371 3266 1471 3305; x_wconf 87' lang='lat' dir='ltr'><strong>non</strong></span> <span class='ocrx_word' id='word_1_253' title='bbox 1503 3254 1692 3321; x_wconf 79' lang='lat' dir='ltr'><strong>peperit</strong></span> <span class='ocrx_word' id='word_1_254' title='bbox 1712 3254 1777 3307; x_wconf 82' lang='lat' dir='ltr'><strong>ei.</strong></span> <span class='ocrx_word' id='word_1_255' title='bbox 1816 3251 1930 3307; x_wconf 78' lang='lat' dir='ltr'><strong>Ha-</strong></span> 
     </span>
    </p>
   </div>
   <div class='ocr_carea' id='block_1_34' title="bbox 343 3335 1926 3413">
    <p class='ocr_par' dir='ltr' id='par_1_34' title="bbox 343 3335 1926 3413">
     <span class='ocr_line' id='line_1_34' title="bbox 343 3335 1926 3413; baseline 0.006 -25"><span class='ocrx_word' id='word_1_256' title='bbox 343 3335 483 3389; x_wconf 72' lang='lat' dir='ltr'><strong>bebat</strong></span> <span class='ocrx_word' id='word_1_257' title='bbox 509 3346 677 3390; x_wconf 71' lang='lat' dir='ltr'><strong>autem</strong></span> <span class='ocrx_word' id='word_1_258' title='bbox 702 3338 941 3391; x_wconf 85' lang='lat' dir='ltr'><strong>ancillam</strong></span> <span class='ocrx_word' id='word_1_259' title='bbox 972 3337 1293 3409; x_wconf 67' lang='lat' dir='ltr'><strong>Egyptiam,</strong></span> <span class='ocrx_word' id='word_1_260' title='bbox 1313 3342 1395 3393; x_wconf 81' lang='lat' dir='ltr'><strong>cui</strong></span> <span class='ocrx_word' id='word_1_261' title='bbox 1420 3356 1600 3395; x_wconf 83' lang='lat' dir='ltr'><strong>nomen</strong></span> <span class='ocrx_word' id='word_1_262' title='bbox 1624 3342 1781 3413; x_wconf 75' lang='lat' dir='ltr'><strong>Agar.</strong></span> <span class='ocrx_word' id='word_1_263' title='bbox 1808 3342 1926 3398; x_wconf 83' lang='lat' dir='ltr'><strong>Non</strong></span> 
     </span>
    </p>
   </div>
   <div class='ocr_carea' id='block_1_35' title="bbox 348 3428 1928 3501">
    <p class='ocr_par' dir='ltr' id='par_1_35' title="bbox 348 3428 1928 3501">
     <span class='ocr_line' id='line_1_35' title="bbox 348 3428 1928 3501; baseline 0.006 -20"><span class='ocrx_word' id='word_1_264' title='bbox 348 3428 552 3498; x_wconf 87' lang='lat' dir='ltr'><strong>absque</strong></span> <span class='ocrx_word' id='word_1_265' title='bbox 588 3443 747 3482; x_wconf 87' lang='lat' dir='ltr'><strong>causa</strong></span> <span class='ocrx_word' id='word_1_266' title='bbox 775 3429 935 3484; x_wconf 87' lang='lat' dir='ltr'><strong>etiam</strong></span> <span class='ocrx_word' id='word_1_267' title='bbox 974 3430 1077 3484; x_wconf 88' lang='lat' dir='ltr'><strong>hoc</strong></span> <span class='ocrx_word' id='word_1_268' title='bbox 1101 3430 1223 3484; x_wconf 85' lang='lat' dir='ltr'><strong>ioco</strong></span> <span class='ocrx_word' id='word_1_269' title='bbox 1266 3432 1537 3501; x_wconf 85' lang='lat' dir='ltr'><strong>Scriptura</strong></span> <span class='ocrx_word' id='word_1_270' title='bbox 1566 3432 1745 3489; x_wconf 86' lang='lat' dir='ltr'><strong>divina</strong></span> <span class='ocrx_word' id='word_1_271' title='bbox 1775 3436 1928 3491; x_wconf 83' lang='lat' dir='ltr'><strong>nobis</strong></span> 
     </span>
    </p>
   </div>
   <div class='ocr_carea' id='block_1_36' title="bbox 343 3516 1930 3589">
    <p class='ocr_par' dir='ltr' id='par_1_36' title="bbox 343 3516 1930 3589">
     <span class='ocr_line' id='line_1_36' title="bbox 343 3516 1930 3589; baseline 0.007 -17"><span class='ocrx_word' id='word_1_272' title='bbox 343 3516 549 3573; x_wconf 76' lang='lat' dir='ltr'><strong>ancilla:</strong></span> <span class='ocrx_word' id='word_1_273' title='bbox 571 3520 880 3575; x_wconf 87' lang='lat' dir='ltr'><strong>memoriam</strong></span> <span class='ocrx_word' id='word_1_274' title='bbox 905 3519 1048 3589; x_wconf 79' lang='lat' dir='ltr'><strong>feeit,</strong></span> <span class='ocrx_word' id='word_1_275' title='bbox 1076 3521 1170 3577; x_wconf 85' lang='lat' dir='ltr'><strong>sed</strong></span> <span class='ocrx_word' id='word_1_276' title='bbox 1196 3532 1254 3577; x_wconf 85' lang='lat' dir='ltr'><strong>ut</strong></span> <span class='ocrx_word' id='word_1_277' title='bbox 1277 3524 1508 3578; x_wconf 81' lang='lat' dir='ltr'><strong>sciamus</strong></span> <span class='ocrx_word' id='word_1_278' title='bbox 1528 3525 1667 3579; x_wconf 85' lang='lat' dir='ltr'><strong>unde</strong></span> <span class='ocrx_word' id='word_1_279' title='bbox 1684 3525 1930 3583; x_wconf 82' lang='lat' dir='ltr'><strong>habuerit</strong></span> 
     </span>
    </p>
   </div>
   <div class='ocr_carea' id='block_1_37' title="bbox 345 3601 1928 3687">
    <p class='ocr_par' dir='ltr' id='par_1_37' title="bbox 345 3601 1928 3687">
     <span class='ocr_line' id='line_1_37' title="bbox 345 3601 1928 3687; baseline 0.006 -23"><span class='ocrx_word' id='word_1_280' title='bbox 345 3610 509 3664; x_wconf 76' lang='lat' dir='ltr'><strong>mam.</strong></span> <span class='ocrx_word' id='word_1_281' title='bbox 543 3601 675 3666; x_wconf 82' lang='lat' dir='ltr'><strong>Nam</strong></span> <span class='ocrx_word' id='word_1_282' title='bbox 703 3611 902 3666; x_wconf 84' lang='lat' dir='ltr'><strong>idcirco</strong></span> <span class='ocrx_word' id='word_1_283' title='bbox 927 3612 1125 3683; x_wconf 80' lang='lat' dir='ltr'><strong>adjecit</strong></span> <span class='ocrx_word' id='word_1_284' title='bbox 1145 3628 1261 3669; x_wconf 87' lang='lat' dir='ltr'><strong>eam</strong></span> <span class='ocrx_word' id='word_1_285' title='bbox 1284 3613 1586 3687; x_wconf 63' lang='lat' dir='ltr'><strong>IEgj&#39;ptiam</strong></span> <span class='ocrx_word' id='word_1_286' title='bbox 1604 3631 1743 3684; x_wconf 82' lang='lat' dir='ltr'><strong>esse,</strong></span> <span class='ocrx_word' id='word_1_287' title='bbox 1775 3627 1833 3673; x_wconf 77' lang='lat' dir='ltr'><strong>ut</strong></span> <span class='ocrx_word' id='word_1_288' title='bbox 1859 3618 1928 3675; x_wconf 86' lang='lat' dir='ltr'><strong>ad</strong></span> 
     </span>
    </p>
   </div>
   <div class='ocr_carea' id='block_1_38' title="bbox 342 3705 1928 3781">
    <p class='ocr_par' dir='ltr' id='par_1_38' title="bbox 342 3705 1928 3781">
     <span class='ocr_line' id='line_1_38' title="bbox 342 3705 1928 3781; baseline 0.007 -23"><span class='ocrx_word' id='word_1_289' title='bbox 342 3705 671 3773; x_wconf 86' lang='lat' dir='ltr'><strong>superiorem</strong></span> <span class='ocrx_word' id='word_1_290' title='bbox 701 3705 975 3761; x_wconf 86' lang='lat' dir='ltr'><strong>historiam</strong></span> <span class='ocrx_word' id='word_1_291' title='bbox 1002 3718 1371 3775; x_wconf 83' lang='lat' dir='ltr'><strong>recurramus;</strong></span> <span class='ocrx_word' id='word_1_292' title='bbox 1398 3709 1539 3780; x_wconf 85' lang='lat' dir='ltr'><strong>quod</strong></span> <span class='ocrx_word' id='word_1_293' title='bbox 1562 3712 1928 3781; x_wconf 74' lang='lat' dir='ltr'><strong>nempefuerit</strong></span> 
     </span>
    </p>
   </div>
   <div class='ocr_carea' id='block_1_39' title="bbox 341 3800 1930 3875">
    <p class='ocr_par' dir='ltr' id='par_1_39' title="bbox 341 3800 1930 3875">
     <span class='ocr_line' id='line_1_39' title="bbox 341 3800 1930 3875; baseline 0.006 -23"><span class='ocrx_word' id='word_1_294' title='bbox 341 3802 410 3853; x_wconf 71' lang='lat' dir='ltr'><strong>ex</strong></span> <span class='ocrx_word' id='word_1_295' title='bbox 439 3812 661 3853; x_wconf 90' lang='lat' dir='ltr'><strong>numero</strong></span> <span class='ocrx_word' id='word_1_296' title='bbox 685 3803 867 3855; x_wconf 84' lang='lat' dir='ltr'><strong>eorum</strong></span> <span class='ocrx_word' id='word_1_297' title='bbox 897 3810 1014 3870; x_wconf 65' lang='lat' dir='ltr'><strong>quae</strong></span> <span class='ocrx_word' id='word_1_298' title='bbox 1028 3800 1233 3855; x_wconf 80' lang='lat' dir='ltr'><strong>Pharao</strong></span> <span class='ocrx_word' id='word_1_299' title='bbox 1251 3801 1406 3857; x_wconf 61' lang='lat' dir='ltr'><strong>Abrae</strong></span> <span class='ocrx_word' id='word_1_300' title='bbox 1424 3803 1737 3872; x_wconf 75' lang='lat' dir='ltr'><strong>donaverat,</strong></span> <span class='ocrx_word' id='word_1_301' title='bbox 1758 3810 1930 3875; x_wconf 75' lang='lat' dir='ltr'><strong>quan-</strong></span> 
     </span>
    </p>
   </div>
   <div class='ocr_carea' id='block_1_40' title="bbox 342 3886 1927 3969">
    <p class='ocr_par' dir='ltr' id='par_1_40' title="bbox 342 3886 1927 3969">
     <span class='ocr_line' id='line_1_40' title="bbox 342 3886 1927 3969; baseline 0.007 -26"><span class='ocrx_word' id='word_1_302' title='bbox 342 3886 414 3943; x_wconf 85' lang='lat' dir='ltr'><strong>do</strong></span> <span class='ocrx_word' id='word_1_303' title='bbox 438 3900 582 3945; x_wconf 83' lang='lat' dir='ltr'><strong>tanta</strong></span> <span class='ocrx_word' id='word_1_304' title='bbox 614 3890 813 3946; x_wconf 87' lang='lat' dir='ltr'><strong>ultione</strong></span> <span class='ocrx_word' id='word_1_305' title='bbox 841 3890 909 3946; x_wconf 90' lang='lat' dir='ltr'><strong>ab</strong></span> <span class='ocrx_word' id='word_1_306' title='bbox 934 3893 1171 3946; x_wconf 86' lang='lat' dir='ltr'><strong>omnium</strong></span> <span class='ocrx_word' id='word_1_307' title='bbox 1202 3890 1308 3948; x_wconf 88' lang='lat' dir='ltr'><strong>Deo</strong></span> <span class='ocrx_word' id='word_1_308' title='bbox 1322 3896 1524 3963; x_wconf 78' lang='lat' dir='ltr'><strong>potitus</strong></span> <span class='ocrx_word' id='word_1_309' title='bbox 1548 3906 1650 3962; x_wconf 68' lang='lat' dir='ltr'><strong>est;</strong></span> <span class='ocrx_word' id='word_1_310' title='bbox 1678 3897 1927 3969; x_wconf 83' lang='lat' dir='ltr'><strong>quodque</strong></span> 
     </span>
    </p>
   </div>
   <div class='ocr_carea' id='block_1_41' title="bbox 342 3976 1929 4052">
    <p class='ocr_par' dir='ltr' id='par_1_41' title="bbox 342 3976 1929 4052">
     <span class='ocr_line' id='line_1_41' title="bbox 342 3976 1929 4052; baseline 0.007 -20"><span class='ocrx_word' id='word_1_311' title='bbox 342 3976 620 4035; x_wconf 84' lang='lat' dir='ltr'><strong>redeundo</strong></span> <span class='ocrx_word' id='word_1_312' title='bbox 650 3979 788 4035; x_wconf 84' lang='lat' dir='ltr'><strong>hanc</strong></span> <span class='ocrx_word' id='word_1_313' title='bbox 834 3982 1102 4052; x_wconf 84' lang='lat' dir='ltr'><strong>acceperit</strong></span> <span class='ocrx_word' id='word_1_314' title='bbox 1125 3982 1274 4037; x_wconf 81' lang='lat' dir='ltr'><strong>Sara.</strong></span> <span class='ocrx_word' id='word_1_315' title='bbox 1315 3980 1563 4039; x_wconf 74' lang='lat' dir='ltr'><strong>Studiose</strong></span> <span class='ocrx_word' id='word_1_316' title='bbox 1600 3987 1741 4040; x_wconf 89' lang='lat' dir='ltr'><strong>enim</strong></span> <span class='ocrx_word' id='word_1_317' title='bbox 1772 3988 1929 4044; x_wconf 83' lang='lat' dir='ltr'><strong>nobis</strong></span> 
     </span>
    </p>
   </div>
   <div class='ocr_carea' id='block_1_42' title="bbox 344 4068 1927 4146">
    <p class='ocr_par' dir='ltr' id='par_1_42' title="bbox 344 4068 1927 4146">
     <span class='ocr_line' id='line_1_42' title="bbox 344 4068 1927 4146; baseline 0.007 -22"><span class='ocrx_word' id='word_1_318' title='bbox 344 4068 400 4125; x_wconf 74' lang='lat' dir='ltr'><strong>et</strong></span> <span class='ocrx_word' id='word_1_319' title='bbox 430 4085 623 4125; x_wconf 84' lang='lat' dir='ltr'><strong>nomen</strong></span> <span class='ocrx_word' id='word_1_320' title='bbox 653 4079 707 4126; x_wconf 90' lang='lat' dir='ltr'><strong>et</strong></span> <span class='ocrx_word' id='word_1_321' title='bbox 730 4078 941 4141; x_wconf 85' lang='lat' dir='ltr'><strong>gentem</strong></span> <span class='ocrx_word' id='word_1_322' title='bbox 967 4072 1281 4142; x_wconf 77' lang='lat' dir='ltr'><strong>signiﬁcavit</strong></span> <span class='ocrx_word' id='word_1_323' title='bbox 1307 4074 1483 4129; x_wconf 82' lang='lat' dir='ltr'><strong>divina</strong></span> <span class='ocrx_word' id='word_1_324' title='bbox 1502 4075 1795 4146; x_wconf 79' lang='lat' dir='ltr'><strong>Scriptura.</strong></span> <span class='ocrx_word' id='word_1_325' title='bbox 1822 4078 1927 4135; x_wconf 82' lang='lat' dir='ltr'><strong>Ve-</strong></span> 
     </span>
    </p>
   </div>
   <div class='ocr_carea' id='block_1_43' title="bbox 341 4161 1928 4241">
    <p class='ocr_par' dir='ltr' id='par_1_43' title="bbox 341 4161 1928 4241">
     <span class='ocr_line' id='line_1_43' title="bbox 341 4161 1928 4241; baseline 0.008 -26"><span class='ocrx_word' id='word_1_326' title='bbox 341 4168 463 4216; x_wconf 82' lang='lat' dir='ltr'><strong>rum</strong></span> <span class='ocrx_word' id='word_1_327' title='bbox 492 4161 713 4217; x_wconf 89' lang='lat' dir='ltr'><strong>ulterius</strong></span> <span class='ocrx_word' id='word_1_328' title='bbox 733 4164 819 4218; x_wconf 87' lang='lat' dir='ltr'><strong>hic</strong></span> <span class='ocrx_word' id='word_1_329' title='bbox 842 4164 1144 4230; x_wconf 86' lang='lat' dir='ltr'><strong>considera,</strong></span> <span class='ocrx_word' id='word_1_330' title='bbox 1168 4166 1436 4234; x_wconf 80' lang='lat' dir='ltr'><strong>quomodo</strong></span> <span class='ocrx_word' id='word_1_331' title='bbox 1461 4167 1607 4222; x_wconf 74' lang='lat' dir='ltr'><strong>Sara:</strong></span> <span class='ocrx_word' id='word_1_332' title='bbox 1634 4178 1785 4225; x_wconf 88' lang='lat' dir='ltr'><strong>mens</strong></span> <span class='ocrx_word' id='word_1_333' title='bbox 1802 4170 1928 4241; x_wconf 84' lang='lat' dir='ltr'><strong>phi-</strong></span> 
     </span>
    </p>
   </div>
   <div class='ocr_carea' id='block_1_44' title="bbox 343 4252 1925 4325">
    <p class='ocr_par' dir='ltr' id='par_1_44' title="bbox 343 4252 1925 4325">
     <span class='ocr_line' id='line_1_44' title="bbox 343 4252 1925 4325; baseline 0.009 -18"><span class='ocrx_word' id='word_1_334' title='bbox 343 4254 633 4323; x_wconf 82' lang='lat' dir='ltr'><strong>losophicis</strong></span> <span class='ocrx_word' id='word_1_335' title='bbox 660 4255 878 4325; x_wconf 65' lang='lat' dir='ltr'><strong>praedita</strong></span> <span class='ocrx_word' id='word_1_336' title='bbox 901 4252 1054 4311; x_wconf 77' lang='lat' dir='ltr'><strong>fuerit</strong></span> <span class='ocrx_word' id='word_1_337' title='bbox 1074 4257 1331 4325; x_wconf 84' lang='lat' dir='ltr'><strong>moribus,</strong></span> <span class='ocrx_word' id='word_1_338' title='bbox 1356 4267 1411 4313; x_wconf 88' lang='lat' dir='ltr'><strong>et</strong></span> <span class='ocrx_word' id='word_1_339' title='bbox 1426 4261 1617 4315; x_wconf 88' lang='lat' dir='ltr'><strong>mirum</strong></span> <span class='ocrx_word' id='word_1_340' title='bbox 1632 4262 1686 4316; x_wconf 87' lang='lat' dir='ltr'><strong>in</strong></span> <span class='ocrx_word' id='word_1_341' title='bbox 1707 4264 1925 4320; x_wconf 68' lang='lat' dir='ltr'><strong>modum</strong></span> 
     </span>
    </p>
   </div>
   <div class='ocr_carea' id='block_1_45' title="bbox 341 4346 1925 4420">
    <p class='ocr_par' dir='ltr' id='par_1_45' title="bbox 341 4346 1925 4420">
     <span class='ocr_line' id='line_1_45' title="bbox 341 4346 1925 4420; baseline 0.009 -20"><span class='ocrx_word' id='word_1_342' title='bbox 341 4346 636 4412; x_wconf 88' lang='lat' dir='ltr'><strong>continens,</strong></span> <span class='ocrx_word' id='word_1_343' title='bbox 669 4355 827 4417; x_wconf 89' lang='lat' dir='ltr'><strong>atque</strong></span> <span class='ocrx_word' id='word_1_344' title='bbox 855 4350 1011 4417; x_wconf 81' lang='lat' dir='ltr'><strong>quam</strong></span> <span class='ocrx_word' id='word_1_345' title='bbox 1034 4347 1191 4403; x_wconf 79' lang='lat' dir='ltr'><strong>fuerit</strong></span> <span class='ocrx_word' id='word_1_346' title='bbox 1218 4346 1332 4420; x_wconf 86' lang='lat' dir='ltr'><strong>ipse</strong></span> <span class='ocrx_word' id='word_1_347' title='bbox 1359 4350 1745 4420; x_wconf 77' lang='lat' dir='ltr'><strong>patriarchsill-i</strong></span> <span class='ocrx_word' id='word_1_348' title='bbox 1762 4355 1925 4413; x_wconf 71' lang='lat' dir='ltr'><strong>obse-</strong></span> 
     </span>
    </p>
   </div>
   <div class='ocr_carea' id='block_1_46' title="bbox 344 4437 1923 4518">
    <p class='ocr_par' dir='ltr' id='par_1_46' title="bbox 344 4437 1923 4518">
     <span class='ocr_line' id='line_1_46' title="bbox 344 4437 1923 4518; baseline 0.009 -29"><span class='ocrx_word' id='word_1_349' title='bbox 344 4446 514 4506; x_wconf 91' lang='lat' dir='ltr'><strong>quens</strong></span> <span class='ocrx_word' id='word_1_350' title='bbox 541 4447 594 4492; x_wconf 79' lang='lat' dir='ltr'><strong>et</strong></span> <span class='ocrx_word' id='word_1_351' title='bbox 618 4437 761 4494; x_wconf 88' lang='lat' dir='ltr'><strong>dicto</strong></span> <span class='ocrx_word' id='word_1_352' title='bbox 789 4440 1030 4495; x_wconf 89' lang='lat' dir='ltr'><strong>audiens.</strong></span> <span class='ocrx_word' id='word_1_353' title='bbox 1058 4439 1113 4495; x_wconf 74' lang='lat'><strong>2.</strong></span> <span class='ocrx_word' id='word_1_354' title='bbox 1138 4440 1283 4495; x_wconf 61' lang='lat' dir='ltr'><strong>Dixit</strong></span> <span class='ocrx_word' id='word_1_355' title='bbox 1315 4451 1485 4498; x_wconf 77' lang='lat' dir='ltr'><strong>autem</strong></span> <span class='ocrx_word' id='word_1_356' title='bbox 1512 4442 1649 4500; x_wconf 79' lang='lat' dir='ltr'><strong>Sara</strong></span> <span class='ocrx_word' id='word_1_357' title='bbox 1667 4480 1685 4513; x_wconf 80' lang='lat'><strong>,</strong></span> <span class='ocrx_word' id='word_1_358' title='bbox 1716 4447 1923 4518; x_wconf 70' lang='lat' dir='ltr'><strong>inquit,</strong></span> 
     </span>
    </p>
   </div>
   <div class='ocr_carea' id='block_1_47' title="bbox 343 4526 1920 4610">
    <p class='ocr_par' dir='ltr' id='par_1_47' title="bbox 343 4526 1920 4610">
     <span class='ocr_line' id='line_1_47' title="bbox 343 4526 1920 4610; baseline 0.009 -27"><span class='ocrx_word' id='word_1_359' title='bbox 343 4526 493 4583; x_wconf 72' lang='lat' dir='ltr'><strong>Alme</strong></span> <span class='ocrx_word' id='word_1_360' title='bbox 515 4530 567 4583; x_wconf 87' lang='lat' dir='ltr'><strong>in</strong></span> <span class='ocrx_word' id='word_1_361' title='bbox 597 4531 730 4584; x_wconf 79' lang='lat' dir='ltr'><strong>terra</strong></span> <span class='ocrx_word' id='word_1_362' title='bbox 771 4531 1016 4587; x_wconf 78' lang='lat' dir='ltr'><strong>Chanaan</strong></span> <span class='ocrx_word' id='word_1_363' title='bbox 1046 4549 1067 4588; x_wconf 90' lang='lat'><strong><em>:</em></strong></span> <span class='ocrx_word' id='word_1_364' title='bbox 1094 4531 1228 4588; x_wconf 78' lang='lat' dir='ltr'><strong>Ecce</strong></span> <span class='ocrx_word' id='word_1_365' title='bbox 1254 4536 1499 4591; x_wconf 74' lang='lat' dir='ltr'><strong>conclusit</strong></span> <span class='ocrx_word' id='word_1_366' title='bbox 1526 4554 1606 4593; x_wconf 74' lang='lat' dir='ltr'><strong>me</strong></span> <span class='ocrx_word' id='word_1_367' title='bbox 1633 4538 1920 4610; x_wconf 68' lang='lat' dir='ltr'><strong>Dominus;</strong></span> 
     </span>
    </p>
   </div>
   <div class='ocr_carea' id='block_1_48' title="bbox 343 4619 1927 4698">
    <p class='ocr_par' dir='ltr' id='par_1_48' title="bbox 343 4619 1927 4698">
     <span class='ocr_line' id='line_1_48' title="bbox 343 4619 1927 4698; baseline 0.008 -24"><span class='ocrx_word' id='word_1_368' title='bbox 343 4630 405 4675; x_wconf 71' lang='lat' dir='ltr'><strong>ne</strong></span> <span class='ocrx_word' id='word_1_369' title='bbox 431 4628 656 4693; x_wconf 79' lang='lat' dir='ltr'><strong>parerem</strong></span> <span class='ocrx_word' id='word_1_370' title='bbox 681 4638 701 4676; x_wconf 89' lang='lat'><strong><em>:</em></strong></span> <span class='ocrx_word' id='word_1_371' title='bbox 728 4619 985 4693; x_wconf 57' lang='lat' dir='ltr'><strong>ingredere</strong></span> <span class='ocrx_word' id='word_1_372' title='bbox 1017 4624 1173 4693; x_wconf 65' lang='lat' dir='ltr'><strong>igitur</strong></span> <span class='ocrx_word' id='word_1_373' title='bbox 1198 4625 1267 4678; x_wconf 82' lang='lat' dir='ltr'><strong>ad</strong></span> <span class='ocrx_word' id='word_1_374' title='bbox 1297 4626 1536 4681; x_wconf 77' lang='lat' dir='ltr'><strong>ancillam</strong></span> <span class='ocrx_word' id='word_1_375' title='bbox 1568 4645 1752 4698; x_wconf 79' lang='lat' dir='ltr'><strong>meam,</strong></span> <span class='ocrx_word' id='word_1_376' title='bbox 1784 4641 1837 4686; x_wconf 86' lang='lat' dir='ltr'><strong>ut</strong></span> <span class='ocrx_word' id='word_1_377' title='bbox 1862 4648 1927 4687; x_wconf 73' lang='lat' dir='ltr'><strong>ex</strong></span> 
     </span>
    </p>
   </div>
   <div class='ocr_carea' id='block_1_49' title="bbox 345 4716 1925 4791">
    <p class='ocr_par' dir='ltr' id='par_1_49' title="bbox 345 4716 1925 4791">
     <span class='ocr_line' id='line_1_49' title="bbox 345 4716 1925 4791; baseline 0.008 -23"><span class='ocrx_word' id='word_1_378' title='bbox 345 4733 406 4769; x_wconf 84' lang='lat' dir='ltr'><strong>ea</strong></span> <span class='ocrx_word' id='word_1_379' title='bbox 431 4716 619 4785; x_wconf 74' lang='lat' dir='ltr'><strong>prolem</strong></span> <span class='ocrx_word' id='word_1_380' title='bbox 649 4717 917 4786; x_wconf 77' lang='lat' dir='ltr'><strong>suscipias.</strong></span> <span class='ocrx_word' id='word_1_381' title='bbox 973 4716 1108 4773; x_wconf 72' lang='lat' dir='ltr'><strong>Vide</strong></span> <span class='ocrx_word' id='word_1_382' title='bbox 1136 4718 1374 4775; x_wconf 77' lang='lat' dir='ltr'><strong>mulieris</strong></span> <span class='ocrx_word' id='word_1_383' title='bbox 1400 4722 1735 4791; x_wconf 75' lang='lat' dir='ltr'><strong>probitatem.</strong></span> <span class='ocrx_word' id='word_1_384' title='bbox 1784 4724 1925 4780; x_wconf 84' lang='lat' dir='ltr'><strong>Nihil</strong></span> 
     </span>
    </p>
   </div>
   <div class='ocr_carea' id='block_1_50' title="bbox 343 4802 1927 4881">
    <p class='ocr_par' dir='ltr' id='par_1_50' title="bbox 343 4802 1927 4881">
     <span class='ocr_line' id='line_1_50' title="bbox 343 4802 1927 4881; baseline 0.006 -21"><span class='ocrx_word' id='word_1_385' title='bbox 343 4807 447 4862; x_wconf 86' lang='lat' dir='ltr'><strong>tale</strong></span> <span class='ocrx_word' id='word_1_386' title='bbox 473 4802 624 4873; x_wconf 78' lang='lat' dir='ltr'><strong>dixit,</strong></span> <span class='ocrx_word' id='word_1_387' title='bbox 647 4809 803 4877; x_wconf 86' lang='lat' dir='ltr'><strong>quale</strong></span> <span class='ocrx_word' id='word_1_388' title='bbox 829 4806 1061 4878; x_wconf 65' lang='lat' dir='ltr'><strong>posthaec</strong></span> <span class='ocrx_word' id='word_1_389' title='bbox 1083 4809 1279 4866; x_wconf 78' lang='lat' dir='ltr'><strong>Rachel</strong></span> <span class='ocrx_word' id='word_1_390' title='bbox 1310 4812 1480 4881; x_wconf 89' lang='lat' dir='ltr'><strong>inquit</strong></span> <span class='ocrx_word' id='word_1_391' title='bbox 1509 4813 1575 4867; x_wconf 91' lang='lat' dir='ltr'><strong>ad</strong></span> <span class='ocrx_word' id='word_1_392' title='bbox 1604 4813 1770 4869; x_wconf 82' lang='lat' dir='ltr'><strong>Jacob</strong></span> <span class='ocrx_word' id='word_1_393' title='bbox 1798 4833 1814 4869; x_wconf 92' lang='lat'><strong>:</strong></span> <span class='ocrx_word' id='word_1_394' title='bbox 1844 4816 1927 4870; x_wconf 85' lang='lat' dir='ltr'><strong>Da</strong></span> 
     </span>
    </p>
   </div>
   <div class='ocr_carea' id='block_1_51' title="bbox 340 4890 1922 4979">
    <p class='ocr_par' dir='ltr' id='par_1_51' title="bbox 340 4890 1922 4979">
     <span class='ocr_line' id='line_1_51' title="bbox 340 4890 1922 4979; baseline 0.007 -28"><span class='ocrx_word' id='word_1_395' title='bbox 340 4894 467 4953; x_wconf 78' lang='lat' dir='ltr'><strong>mihi</strong></span> <span class='ocrx_word' id='word_1_396' title='bbox 494 4890 663 4969; x_wconf 70' lang='lat' dir='ltr'><strong>ﬁlios;</strong></span> <span class='ocrx_word' id='word_1_397' title='bbox 692 4900 825 4969; x_wconf 64' lang='lat' dir='ltr'><strong>quod</strong></span> <span class='ocrx_word' id='word_1_398' title='bbox 846 4902 890 4955; x_wconf 77' lang='lat' dir='ltr'><strong>si</strong></span> <span class='ocrx_word' id='word_1_399' title='bbox 931 4902 1113 4966; x_wconf 80' lang='lat' dir='ltr'><strong>minus,</strong></span> <span class='ocrx_word' id='word_1_400' title='bbox 1147 4905 1335 4957; x_wconf 77' lang='lat' dir='ltr'><strong>morior</strong></span> <span class='ocrx_word' id='word_1_401' title='bbox 1372 4904 1467 4975; x_wconf 76' lang='lat' dir='ltr'><strong>ego</strong></span> <span class='ocrx_word' id='word_1_402' title='bbox 1506 4904 1660 4976; x_wconf 80' lang='lat' dir='ltr'><strong>(Gen.</strong></span> <span class='ocrx_word' id='word_1_403' title='bbox 1704 4908 1797 4963; x_wconf 77' lang='lat'><strong>50.</strong></span> <span class='ocrx_word' id='word_1_404' title='bbox 1849 4910 1922 4979; x_wconf 74' lang='grc'><strong>1).</strong></span> 
     </span>
    </p>
   </div>
   <div class='ocr_carea' id='block_1_52' title="bbox 339 4986 1924 5069">
    <p class='ocr_par' dir='ltr' id='par_1_52' title="bbox 339 4986 1924 5069">
     <span class='ocr_line' id='line_1_52' title="bbox 339 4986 1924 5069; baseline 0.006 -24"><span class='ocrx_word' id='word_1_405' title='bbox 339 4988 449 5046; x_wconf 76' lang='lat' dir='ltr'><strong>Sed</strong></span> <span class='ocrx_word' id='word_1_406' title='bbox 500 4986 625 5062; x_wconf 61' lang='lat' dir='ltr'><strong>Quid</strong></span> <span class='ocrx_word' id='word_1_407' title='bbox 664 4986 829 5047; x_wconf 73' lang='lat' dir='ltr'><strong>dicit?</strong></span> <span class='ocrx_word' id='word_1_408' title='bbox 856 4992 986 5046; x_wconf 80' lang='lat' dir='ltr'><strong>Ecce</strong></span> <span class='ocrx_word' id='word_1_409' title='bbox 1026 4992 1271 5047; x_wconf 81' lang='lat' dir='ltr'><strong>conclusit</strong></span> <span class='ocrx_word' id='word_1_410' title='bbox 1310 5008 1388 5048; x_wconf 83' lang='lat' dir='ltr'><strong>me</strong></span> <span class='ocrx_word' id='word_1_411' title='bbox 1424 4995 1698 5064; x_wconf 77' lang='lat' dir='ltr'><strong>Dominus,</strong></span> <span class='ocrx_word' id='word_1_412' title='bbox 1727 5014 1790 5053; x_wconf 85' lang='lat' dir='ltr'><strong>ne</strong></span> <span class='ocrx_word' id='word_1_413' title='bbox 1827 5016 1924 5069; x_wconf 85' lang='lat' dir='ltr'><strong>pa-</strong></span> 
     </span>
    </p>
   </div>
   <div class='ocr_carea' id='block_1_53' title="bbox 338 5080 1923 5155">
    <p class='ocr_par' dir='ltr' id='par_1_53' title="bbox 338 5080 1923 5155">
     <span class='ocr_line' id='line_1_53' title="bbox 338 5080 1923 5155; baseline 0.009 -19"><span class='ocrx_word' id='word_1_414' title='bbox 338 5090 523 5138; x_wconf 76' lang='lat' dir='ltr'><strong>rorem.</strong></span> <span class='ocrx_word' id='word_1_415' title='bbox 574 5080 645 5139; x_wconf 85' lang='grc' dir='ltr'><strong>Εἰ</strong></span> <span class='ocrx_word' id='word_1_416' title='bbox 684 5083 835 5154; x_wconf 62' lang='lat' dir='ltr'><strong>quia.</strong></span> <span class='ocrx_word' id='word_1_417' title='bbox 890 5085 1076 5155; x_wconf 72' lang='lat' dir='ltr'><strong>inquit,</strong></span> <span class='ocrx_word' id='word_1_418' title='bbox 1128 5087 1367 5142; x_wconf 67' lang='lat' dir='ltr'><strong>etet-item</strong></span> <span class='ocrx_word' id='word_1_419' title='bbox 1417 5104 1506 5145; x_wconf 87' lang='lat' dir='ltr'><strong>me</strong></span> <span class='ocrx_word' id='word_1_420' title='bbox 1552 5090 1679 5147; x_wconf 80' lang='lat' dir='ltr'><strong>fecit</strong></span> <span class='ocrx_word' id='word_1_421' title='bbox 1720 5100 1923 5152; x_wconf 74' lang='lat' dir='ltr'><strong>natura:</strong></span> 
     </span>
    </p>
   </div>
   <div class='ocr_carea' id='block_1_54' title="bbox 335 5175 1924 5252">
    <p class='ocr_par' dir='ltr' id='par_1_54' title="bbox 335 5175 1924 5252">
     <span class='ocr_line' id='line_1_54' title="bbox 335 5175 1924 5252; baseline 0.008 -22"><span class='ocrx_word' id='word_1_422' title='bbox 335 5175 621 5245; x_wconf 74' lang='lat' dir='ltr'><strong>Conditor,</strong></span> <span class='ocrx_word' id='word_1_423' title='bbox 648 5187 700 5231; x_wconf 78' lang='lat' dir='ltr'><strong>et</strong></span> <span class='ocrx_word' id='word_1_424' title='bbox 726 5177 951 5246; x_wconf 64' lang='lat' dir='ltr'><strong>privarit</strong></span> <span class='ocrx_word' id='word_1_425' title='bbox 979 5188 1066 5234; x_wconf 78' lang='lat' dir='ltr'><strong>me</strong></span> <span class='ocrx_word' id='word_1_426' title='bbox 1095 5180 1321 5237; x_wconf 76' lang='lat' dir='ltr'><strong>titionrm</strong></span> <span class='ocrx_word' id='word_1_427' title='bbox 1340 5185 1711 5252; x_wconf 67' lang='lat' dir='ltr'><strong>pura-satione</strong></span> <span class='ocrx_word' id='word_1_428' title='bbox 1730 5228 1746 5252; x_wconf 93' lang='lat'><strong>,</strong></span> <span class='ocrx_word' id='word_1_429' title='bbox 1774 5197 1832 5242; x_wconf 88' lang='lat' dir='ltr'><strong>ut</strong></span> <span class='ocrx_word' id='word_1_430' title='bbox 1857 5202 1924 5244; x_wconf 87' lang='lat' dir='ltr'><strong>ne</strong></span> 
     </span>
    </p>
   </div>
   <div class='ocr_carea' id='block_1_55' title="bbox 318 5266 1924 5338">
    <p class='ocr_par' dir='ltr' id='par_1_55' title="bbox 318 5266 1924 5338">
     <span class='ocr_line' id='line_1_55' title="bbox 318 5266 1924 5338; baseline 0.008 -16"><span class='ocrx_word' id='word_1_431' title='bbox 318 5266 563 5338; x_wconf 57' lang='lat' dir='ltr'><strong>‘pro‘pter</strong></span> <span class='ocrx_word' id='word_1_432' title='bbox 586 5270 764 5323; x_wconf 64' lang='lat' dir='ltr'><strong>meam</strong></span> <span class='ocrx_word' id='word_1_433' title='bbox 784 5271 1116 5326; x_wconf 78' lang='lat' dir='ltr'><strong>Steriiits&#39;tem</strong></span> <span class='ocrx_word' id='word_1_434' title='bbox 1138 5314 1151 5335; x_wconf 91' lang='lat'><strong>,</strong></span> <span class='ocrx_word' id='word_1_435' title='bbox 1176 5282 1297 5328; x_wconf 79' lang='lat' dir='ltr'><strong>cum</strong></span> <span class='ocrx_word' id='word_1_436' title='bbox 1326 5274 1377 5328; x_wconf 85' lang='lat' dir='ltr'><strong>in</strong></span> <span class='ocrx_word' id='word_1_437' title='bbox 1395 5282 1690 5333; x_wconf 67' lang='lat' dir='ltr'><strong>extremam</strong></span> <span class='ocrx_word' id='word_1_438' title='bbox 1712 5280 1924 5335; x_wconf 71' lang='lat' dir='ltr'><strong>terreris</strong></span> 
     </span>
    </p>
   </div>
   <div class='ocr_carea' id='block_1_56' title="bbox 339 5358 1924 5438">
    <p class='ocr_par' dir='ltr' id='par_1_56' title="bbox 339 5358 1924 5438">
     <span class='ocr_line' id='line_1_56' title="bbox 339 5358 1924 5438; baseline 0.009 -28"><span class='ocrx_word' id='word_1_439' title='bbox 339 5358 630 5424; x_wconf 75' lang='lat' dir='ltr'><strong>senectam,</strong></span> <span class='ocrx_word' id='word_1_440' title='bbox 661 5362 843 5427; x_wconf 76' lang='lat' dir='ltr'><strong>postea</strong></span> <span class='ocrx_word' id='word_1_441' title='bbox 871 5360 1090 5416; x_wconf 76' lang='lat' dir='ltr'><strong>maneas</strong></span> <span class='ocrx_word' id='word_1_442' title='bbox 1115 5362 1314 5433; x_wconf 76' lang='lat' dir='ltr'><strong>absque</strong></span> <span class='ocrx_word' id='word_1_443' title='bbox 1339 5363 1539 5428; x_wconf 84' lang='lat' dir='ltr'><strong>liberis,</strong></span> <span class='ocrx_word' id='word_1_444' title='bbox 1558 5364 1831 5438; x_wconf 77' lang='lat' dir='ltr'><strong>Ingredere</strong></span> <span class='ocrx_word' id='word_1_445' title='bbox 1855 5370 1924 5423; x_wconf 86' lang='lat' dir='ltr'><strong>ad</strong></span> 
     </span>
    </p>
   </div>
   <div class='ocr_carea' id='block_1_57' title="bbox 340 5446 1924 5529">
    <p class='ocr_par' dir='ltr' id='par_1_57' title="bbox 340 5446 1924 5529">
     <span class='ocr_line' id='line_1_57' title="bbox 340 5446 1924 5529; baseline 0.007 -27"><span class='ocrx_word' id='word_1_446' title='bbox 340 5446 586 5502; x_wconf 77' lang='lat' dir='ltr'><strong>ancillam</strong></span> <span class='ocrx_word' id='word_1_447' title='bbox 611 5454 800 5514; x_wconf 65' lang='lat' dir='ltr'><strong>meast,</strong></span> <span class='ocrx_word' id='word_1_448' title='bbox 828 5458 883 5504; x_wconf 79' lang='lat' dir='ltr'><strong>tt!</strong></span> <span class='ocrx_word' id='word_1_449' title='bbox 916 5463 984 5505; x_wconf 74' lang='lat' dir='ltr'><strong>etc</strong></span> <span class='ocrx_word' id='word_1_450' title='bbox 1012 5464 1072 5506; x_wconf 85' lang='lat' dir='ltr'><strong>ea</strong></span> <span class='ocrx_word' id='word_1_451' title='bbox 1097 5453 1233 5521; x_wconf 74' lang='lat' dir='ltr'><strong>ﬁlios</strong></span> <span class='ocrx_word' id='word_1_452' title='bbox 1263 5468 1513 5524; x_wconf 73' lang='lat' dir='ltr'><strong>praeters.</strong></span> <span class='ocrx_word' id='word_1_453' title='bbox 1552 5456 1819 5529; x_wconf 76' lang='lat' dir='ltr'><strong>Multiplex</strong></span> <span class='ocrx_word' id='word_1_454' title='bbox 1869 5469 1924 5517; x_wconf 78' lang='lat' dir='ltr'><strong>et</strong></span> 
     </span>
    </p>
   </div>
   <div class='ocr_carea' id='block_1_58' title="bbox 343 5540 1923 5621">
    <p class='ocr_par' dir='ltr' id='par_1_58' title="bbox 343 5540 1923 5621">
     <span class='ocr_line' id='line_1_58' title="bbox 343 5540 1923 5621; baseline 0.009 -28"><span class='ocrx_word' id='word_1_455' title='bbox 343 5540 625 5597; x_wconf 75' lang='lat' dir='ltr'><strong>incitabilis</strong></span> <span class='ocrx_word' id='word_1_456' title='bbox 648 5541 1163 5615; x_wconf 82' lang='lat' dir='ltr'><strong>mulierisprohitas.</strong></span> <span class='ocrx_word' id='word_1_457' title='bbox 1195 5546 1324 5613; x_wconf 63' lang='lat' dir='ltr'><strong>Quae</strong></span> <span class='ocrx_word' id='word_1_458' title='bbox 1362 5547 1506 5603; x_wconf 89' lang='lat' dir='ltr'><strong>enim</strong></span> <span class='ocrx_word' id='word_1_459' title='bbox 1533 5565 1785 5621; x_wconf 82' lang='lat' dir='ltr'><strong>umquam</strong></span> <span class='ocrx_word' id='word_1_460' title='bbox 1813 5566 1923 5607; x_wconf 86' lang='lat' dir='ltr'><strong>mu-</strong></span> 
     </span>
    </p>
   </div>
   <div class='ocr_carea' id='block_1_59' title="bbox 338 5623 1921 5712">
    <p class='ocr_par' dir='ltr' id='par_1_59' title="bbox 338 5623 1921 5712">
     <span class='ocr_line' id='line_1_59' title="bbox 338 5623 1921 5712; baseline 0.009 -27"><span class='ocrx_word' id='word_1_461' title='bbox 338 5631 438 5685; x_wconf 84' lang='lat' dir='ltr'><strong>lier</strong></span> <span class='ocrx_word' id='word_1_462' title='bbox 482 5630 586 5687; x_wconf 90' lang='lat' dir='ltr'><strong>hoc</strong></span> <span class='ocrx_word' id='word_1_463' title='bbox 636 5623 923 5690; x_wconf 73' lang='lat' dir='ltr'><strong>sustineret</strong></span> <span class='ocrx_word' id='word_1_464' title='bbox 972 5633 1183 5701; x_wconf 70' lang='lat' dir='ltr'><strong>facere,</strong></span> <span class='ocrx_word' id='word_1_465' title='bbox 1211 5636 1304 5692; x_wconf 75' lang='lat' dir='ltr'><strong>rei</strong></span> <span class='ocrx_word' id='word_1_466' title='bbox 1340 5638 1456 5695; x_wconf 76' lang='lat' dir='ltr'><strong>riro</strong></span> <span class='ocrx_word' id='word_1_467' title='bbox 1500 5641 1799 5712; x_wconf 79' lang='lat' dir='ltr'><strong>consulere,</strong></span> <span class='ocrx_word' id='word_1_468' title='bbox 1836 5642 1921 5699; x_wconf 88' lang='lat' dir='ltr'><strong>vel</strong></span> 
     </span>
    </p>
   </div>
   <div class='ocr_carea' id='block_1_60' title="bbox 339 5721 1248 5797">
    <p class='ocr_par' dir='ltr' id='par_1_60' title="bbox 339 5721 1248 5797">
     <span class='ocr_line' id='line_1_60' title="bbox 339 5721 1248 5797; baseline 0.008 -22"><span class='ocrx_word' id='word_1_469' title='bbox 339 5721 543 5779; x_wconf 60' lang='lat' dir='ltr'><strong>ancillzc</strong></span> <span class='ocrx_word' id='word_1_470' title='bbox 566 5723 835 5797; x_wconf 66' lang='lat' dir='ltr'><strong>coniugali</strong></span> <span class='ocrx_word' id='word_1_471' title='bbox 866 5734 984 5783; x_wconf 89' lang='lat' dir='ltr'><strong>toro</strong></span> <span class='ocrx_word' id='word_1_472' title='bbox 1005 5725 1200 5785; x_wconf 87' lang='lat' dir='ltr'><strong>cedere</strong></span> <span class='ocrx_word' id='word_1_473' title='bbox 1223 5727 1248 5782; x_wconf 72' lang='grc' dir='ltr'><strong>ι</strong></span> 
     </span>
    </p>
   </div>
   <div class='ocr_carea' id='block_1_61' title="bbox 1090 280 1930 355">
    <p class='ocr_par' dir='ltr' id='par_1_61' title="bbox 1090 280 1930 355">
     <span class='ocr_line' id='line_1_61' title="bbox 1090 280 1930 355; baseline -0.002 0"><span class='ocrx_word' id='word_1_474' title='bbox 1090 298 1145 355; x_wconf 90' lang='lat' dir='ltr'><strong>s.</strong></span> <span class='ocrx_word' id='word_1_475' title='bbox 1187 296 1464 354; x_wconf 77' lang='lat' dir='ltr'><strong>JOANNIS</strong></span> <span class='ocrx_word' id='word_1_476' title='bbox 1501 280 1930 353; x_wconf 72' lang='lat' dir='ltr'><strong>cnnrso&#39;s&#39;ros</strong></span> 
     </span>
    </p>
   </div>
   <div class='ocr_carea' id='block_1_62' title="bbox 2044 280 2905 355">
    <p class='ocr_par' dir='ltr' id='par_1_62' title="bbox 2044 282 2905 352">
     <span class='ocr_line' id='line_1_62' title="bbox 2044 282 2905 352; baseline -0.008 0"><span class='ocrx_word' id='word_1_477' title='bbox 2044 290 2331 352; x_wconf 68' lang='lat' dir='ltr'><strong>lBCHiEP.</strong></span> <span class='ocrx_word' id='word_1_478' title='bbox 2373 282 2905 348; x_wconf 77' lang='lat' dir='ltr'><strong>CONSTANTINOP.</strong></span> 
     </span>
    </p>
   </div>
   <div class='ocr_carea' id='block_1_63' title="bbox 2108 402 3594 474">
    <p class='ocr_par' dir='ltr' id='par_1_63' title="bbox 2108 402 3594 474">
     <span class='ocr_line' id='line_1_63' title="bbox 2108 402 3594 474; baseline 0.004 -17"><span class='ocrx_word' id='word_1_479' title='bbox 2108 403 2360 457; x_wconf 71' lang='lat' dir='ltr'><strong>2.Vidisti</strong></span> <span class='ocrx_word' id='word_1_480' title='bbox 2390 402 2659 474; x_wconf 88' lang='lat' dir='ltr'><strong>quomodo</strong></span> <span class='ocrx_word' id='word_1_481' title='bbox 2684 402 2755 458; x_wconf 83' lang='lat' dir='ltr'><strong>ab</strong></span> <span class='ocrx_word' id='word_1_482' title='bbox 2787 403 2933 459; x_wconf 83' lang='lat' dir='ltr'><strong>omni</strong></span> <span class='ocrx_word' id='word_1_483' title='bbox 2965 403 3247 463; x_wconf 71' lang='lat' dir='ltr'><strong>allectionc</strong></span> <span class='ocrx_word' id='word_1_484' title='bbox 3268 404 3461 462; x_wconf 81' lang='lat' dir='ltr'><strong>fuerint</strong></span> <span class='ocrx_word' id='word_1_485' title='bbox 3480 407 3594 463; x_wconf 57' lang='lat' dir='ltr'><strong>alio.</strong></span> 
     </span>
    </p>
   </div>
   <div class='ocr_carea' id='block_1_64' title="bbox 2041 494 3593 568">
    <p class='ocr_par' dir='ltr' id='par_1_64' title="bbox 2041 494 3593 568">
     <span class='ocr_line' id='line_1_64' title="bbox 2041 494 3593 568; baseline 0.005 -20"><span class='ocrx_word' id='word_1_486' title='bbox 2041 496 2136 548; x_wconf 85' lang='lat' dir='ltr'><strong>ni?</strong></span> <span class='ocrx_word' id='word_1_487' title='bbox 2158 494 2303 549; x_wconf 81' lang='lat' dir='ltr'><strong>Unus</strong></span> <span class='ocrx_word' id='word_1_488' title='bbox 2328 504 2442 549; x_wconf 86' lang='lat' dir='ltr'><strong>erat</strong></span> <span class='ocrx_word' id='word_1_489' title='bbox 2461 495 2543 550; x_wconf 90' lang='lat' dir='ltr'><strong>eis</strong></span> <span class='ocrx_word' id='word_1_490' title='bbox 2567 507 2781 566; x_wconf 85' lang='lat' dir='ltr'><strong>scapus,</strong></span> <span class='ocrx_word' id='word_1_491' title='bbox 2805 511 2873 551; x_wconf 86' lang='lat' dir='ltr'><strong>ne</strong></span> <span class='ocrx_word' id='word_1_492' title='bbox 2893 497 3099 568; x_wconf 77' lang='lat' dir='ltr'><strong>absque</strong></span> <span class='ocrx_word' id='word_1_493' title='bbox 3124 497 3308 554; x_wconf 83' lang='lat' dir='ltr'><strong>liberis</strong></span> <span class='ocrx_word' id='word_1_494' title='bbox 3320 499 3436 555; x_wconf 84' lang='lat' dir='ltr'><strong>hinc</strong></span> <span class='ocrx_word' id='word_1_495' title='bbox 3453 500 3593 555; x_wconf 56' lang='lat' dir='ltr'><strong>decc.</strong></span> 
     </span>
    </p>
   </div>
   <div class='ocr_carea' id='block_1_65' title="bbox 2035 588 3592 660">
    <p class='ocr_par' dir='ltr' id='par_1_65' title="bbox 2035 588 3592 660">
     <span class='ocr_line' id='line_1_65' title="bbox 2035 588 3592 660; baseline 0.004 -19"><span class='ocrx_word' id='word_1_496' title='bbox 2035 588 2226 641; x_wconf 76' lang='lat' dir='ltr'><strong>tierent</strong></span> <span class='ocrx_word' id='word_1_497' title='bbox 2250 601 2265 653; x_wconf 90' lang='lat'><strong>;</strong></span> <span class='ocrx_word' id='word_1_498' title='bbox 2294 589 2387 643; x_wconf 87' lang='lat' dir='ltr'><strong>sed</strong></span> <span class='ocrx_word' id='word_1_499' title='bbox 2412 589 2724 658; x_wconf 84' lang='lat' dir='ltr'><strong>spectabant</strong></span> <span class='ocrx_word' id='word_1_500' title='bbox 2744 589 3015 660; x_wconf 74' lang='lat' dir='ltr'><strong>qumnodo</strong></span> <span class='ocrx_word' id='word_1_501' title='bbox 3042 591 3204 646; x_wconf 79' lang='lat' dir='ltr'><strong>etiam</strong></span> <span class='ocrx_word' id='word_1_502' title='bbox 3238 591 3385 647; x_wconf 83' lang='lat' dir='ltr'><strong>illinc</strong></span> <span class='ocrx_word' id='word_1_503' title='bbox 3418 607 3592 647; x_wconf 71' lang='lat' dir='ltr'><strong>stitiss-</strong></span> 
     </span>
    </p>
   </div>
   <div class='ocr_carea' id='block_1_66' title="bbox 2035 678 3597 752">
    <p class='ocr_par' dir='ltr' id='par_1_66' title="bbox 2035 678 3597 752">
     <span class='ocr_line' id='line_1_66' title="bbox 2035 678 3597 752; baseline 0.003 -19"><span class='ocrx_word' id='word_1_504' title='bbox 2035 678 2290 734; x_wconf 81' lang='lat' dir='ltr'><strong>lationem</strong></span> <span class='ocrx_word' id='word_1_505' title='bbox 2316 682 2649 749; x_wconf 84' lang='lat' dir='ltr'><strong>acquirerem</strong></span> <span class='ocrx_word' id='word_1_506' title='bbox 2671 722 2687 745; x_wconf 90' lang='lat'><strong>,</strong></span> <span class='ocrx_word' id='word_1_507' title='bbox 2713 689 2768 735; x_wconf 89' lang='lat' dir='ltr'><strong>et</strong></span> <span class='ocrx_word' id='word_1_508' title='bbox 2791 681 3161 738; x_wconf 81' lang='lat' dir='ltr'><strong>indissolubile</strong></span> <span class='ocrx_word' id='word_1_509' title='bbox 3180 683 3327 752; x_wconf 82' lang='lat' dir='ltr'><strong>pacis</strong></span> <span class='ocrx_word' id='word_1_510' title='bbox 3353 684 3597 738; x_wconf 72' lang='lat' dir='ltr'><strong>vinculum</strong></span> 
     </span>
    </p>
   </div>
   <div class='ocr_carea' id='block_1_67' title="bbox 2039 772 3599 843">
    <p class='ocr_par' dir='ltr' id='par_1_67' title="bbox 2039 772 3599 843">
     <span class='ocr_line' id='line_1_67' title="bbox 2039 772 3599 843; baseline 0.003 -18"><span class='ocrx_word' id='word_1_511' title='bbox 2039 780 2336 826; x_wconf 69' lang='lat' dir='ltr'><strong>semirent.</strong></span> <span class='ocrx_word' id='word_1_512' title='bbox 2387 772 2620 827; x_wconf 77' lang='lat' dir='ltr'><strong>Observa</strong></span> <span class='ocrx_word' id='word_1_513' title='bbox 2656 774 2803 828; x_wconf 60' lang='lat' dir='ltr'><strong>enin</strong></span> <span class='ocrx_word' id='word_1_514' title='bbox 2856 773 2944 829; x_wconf 80' lang='lat' dir='ltr'><strong>hic</strong></span> <span class='ocrx_word' id='word_1_515' title='bbox 2995 774 3312 843; x_wconf 60' lang='lat' dir='ltr'><strong>patriarcha</strong></span> <span class='ocrx_word' id='word_1_516' title='bbox 3358 774 3599 843; x_wconf 73' lang='lat' dir='ltr'><strong>insignem</strong></span> 
     </span>
    </p>
   </div>
   <div class='ocr_carea' id='block_1_68' title="bbox 2034 863 3603 935">
    <p class='ocr_par' dir='ltr' id='par_1_68' title="bbox 2034 863 3603 935">
     <span class='ocr_line' id='line_1_68' title="bbox 2034 863 3603 935; baseline 0.002 -17"><span class='ocrx_word' id='word_1_517' title='bbox 2034 864 2436 928; x_wconf 85' lang='lat' dir='ltr'><strong>continentiam,</strong></span> <span class='ocrx_word' id='word_1_518' title='bbox 2450 863 2922 933; x_wconf 74' lang='lat' dir='ltr'><strong>admimbiiemque</strong></span> <span class='ocrx_word' id='word_1_519' title='bbox 2939 864 3421 929; x_wconf 71' lang='lat' dir='ltr'><strong>mansuetudinem.</strong></span> <span class='ocrx_word' id='word_1_520' title='bbox 3434 865 3603 935; x_wconf 66' lang='lat' dir='ltr'><strong>Neque</strong></span> 
     </span>
    </p>
   </div>
   <div class='ocr_carea' id='block_1_69' title="bbox 2034 952 3597 1025">
    <p class='ocr_par' dir='ltr' id='par_1_69' title="bbox 2034 952 3597 1025">
     <span class='ocr_line' id='line_1_69' title="bbox 2034 952 3597 1025; baseline 0.003 -17"><span class='ocrx_word' id='word_1_521' title='bbox 2034 956 2177 1009; x_wconf 89' lang='lat' dir='ltr'><strong>enim</strong></span> <span class='ocrx_word' id='word_1_522' title='bbox 2201 955 2441 1023; x_wconf 73' lang='lat' dir='ltr'><strong>aSperior</strong></span> <span class='ocrx_word' id='word_1_523' title='bbox 2466 952 2565 1008; x_wconf 81' lang='lat' dir='ltr'><strong>fuit</strong></span> <span class='ocrx_word' id='word_1_524' title='bbox 2591 956 2766 1019; x_wconf 76' lang='lat' dir='ltr'><strong>uxori,</strong></span> <span class='ocrx_word' id='word_1_525' title='bbox 2796 955 2938 1025; x_wconf 78' lang='lat' dir='ltr'><strong>quod</strong></span> <span class='ocrx_word' id='word_1_526' title='bbox 2982 956 3181 1011; x_wconf 84' lang='lat' dir='ltr'><strong>liberos</strong></span> <span class='ocrx_word' id='word_1_527' title='bbox 3220 971 3323 1011; x_wconf 88' lang='lat' dir='ltr'><strong>non</strong></span> <span class='ocrx_word' id='word_1_528' title='bbox 3371 955 3597 1024; x_wconf 81' lang='lat' dir='ltr'><strong>haberet,</strong></span> 
     </span>
    </p>
   </div>
   <div class='ocr_carea' id='block_1_70' title="bbox 2035 1046 3602 1119">
    <p class='ocr_par' dir='ltr' id='par_1_70' title="bbox 2035 1046 3602 1119">
     <span class='ocr_line' id='line_1_70' title="bbox 2035 1046 3602 1119; baseline 0.004 -19"><span class='ocrx_word' id='word_1_529' title='bbox 2035 1054 2090 1100; x_wconf 84' lang='lat' dir='ltr'><strong>ut</strong></span> <span class='ocrx_word' id='word_1_530' title='bbox 2125 1046 2435 1115; x_wconf 79' lang='lat' dir='ltr'><strong>insipientes</strong></span> <span class='ocrx_word' id='word_1_531' title='bbox 2462 1047 2736 1111; x_wconf 85' lang='lat' dir='ltr'><strong>nonnulli;</strong></span> <span class='ocrx_word' id='word_1_532' title='bbox 2770 1063 2943 1119; x_wconf 87' lang='lat' dir='ltr'><strong>neque</strong></span> <span class='ocrx_word' id='word_1_533' title='bbox 2962 1064 3115 1103; x_wconf 87' lang='lat' dir='ltr'><strong>amor</strong></span> <span class='ocrx_word' id='word_1_534' title='bbox 3141 1049 3257 1119; x_wconf 82' lang='lat' dir='ltr'><strong>ejus</strong></span> <span class='ocrx_word' id='word_1_535' title='bbox 3282 1064 3404 1118; x_wconf 69' lang='lat' dir='ltr'><strong>erga</strong></span> <span class='ocrx_word' id='word_1_536' title='bbox 3429 1051 3602 1106; x_wconf 76' lang='lat' dir='ltr'><strong>mulie-</strong></span> 
     </span>
    </p>
   </div>
   <div class='ocr_carea' id='block_1_71' title="bbox 2034 1138 3601 1209">
    <p class='ocr_par' dir='ltr' id='par_1_71' title="bbox 2034 1138 3601 1209">
     <span class='ocr_line' id='line_1_71' title="bbox 2034 1138 3601 1209; baseline 0.004 -18"><span class='ocrx_word' id='word_1_537' title='bbox 2034 1151 2148 1191; x_wconf 87' lang='lat' dir='ltr'><strong>rem</strong></span> <span class='ocrx_word' id='word_1_538' title='bbox 2175 1138 2483 1193; x_wconf 87' lang='lat' dir='ltr'><strong>imminutus</strong></span> <span class='ocrx_word' id='word_1_539' title='bbox 2512 1150 2611 1192; x_wconf 85' lang='lat' dir='ltr'><strong>cst.</strong></span> <span class='ocrx_word' id='word_1_540' title='bbox 2644 1139 2809 1194; x_wconf 82' lang='lat' dir='ltr'><strong>Scitis</strong></span> <span class='ocrx_word' id='word_1_541' title='bbox 2831 1140 2993 1204; x_wconf 92' lang='lat' dir='ltr'><strong>enim,</strong></span> <span class='ocrx_word' id='word_1_542' title='bbox 3023 1141 3179 1209; x_wconf 83' lang='lat' dir='ltr'><strong>plane</strong></span> <span class='ocrx_word' id='word_1_543' title='bbox 3226 1142 3375 1196; x_wconf 80' lang='lat' dir='ltr'><strong>scitis</strong></span> <span class='ocrx_word' id='word_1_544' title='bbox 3419 1143 3601 1198; x_wconf 83' lang='lat' dir='ltr'><strong>multos</strong></span> 
     </span>
    </p>
   </div>
   <div class='ocr_carea' id='block_1_72' title="bbox 2034 1229 3603 1302">
    <p class='ocr_par' dir='ltr' id='par_1_72' title="bbox 2034 1229 3603 1302">
     <span class='ocr_line' id='line_1_72' title="bbox 2034 1229 3603 1302; baseline 0.006 -21"><span class='ocrx_word' id='word_1_545' title='bbox 2034 1229 2171 1283; x_wconf 85' lang='lat' dir='ltr'><strong>hanc</strong></span> <span class='ocrx_word' id='word_1_546' title='bbox 2200 1229 2533 1298; x_wconf 84' lang='lat' dir='ltr'><strong>potissimum</strong></span> <span class='ocrx_word' id='word_1_547' title='bbox 2564 1232 2634 1285; x_wconf 91' lang='lat' dir='ltr'><strong>ob</strong></span> <span class='ocrx_word' id='word_1_548' title='bbox 2662 1245 2875 1286; x_wconf 80' lang='lat' dir='ltr'><strong>causam</strong></span> <span class='ocrx_word' id='word_1_549' title='bbox 2902 1232 3153 1287; x_wconf 83' lang='lat' dir='ltr'><strong>mulieres</strong></span> <span class='ocrx_word' id='word_1_550' title='bbox 3168 1232 3454 1302; x_wconf 82' lang='lat' dir='ltr'><strong>despicere,</strong></span> <span class='ocrx_word' id='word_1_551' title='bbox 3475 1235 3603 1291; x_wconf 82' lang='lat' dir='ltr'><strong>sicut</strong></span> 
     </span>
    </p>
   </div>
   <div class='ocr_carea' id='block_1_73' title="bbox 2033 1320 3602 1395">
    <p class='ocr_par' dir='ltr' id='par_1_73' title="bbox 2033 1320 3602 1395">
     <span class='ocr_line' id='line_1_73' title="bbox 2033 1320 3602 1395; baseline 0.003 -19"><span class='ocrx_word' id='word_1_552' title='bbox 2033 1320 2102 1376; x_wconf 87' lang='lat' dir='ltr'><strong>ob</strong></span> <span class='ocrx_word' id='word_1_553' title='bbox 2124 1321 2443 1376; x_wconf 75' lang='lat' dir='ltr'><strong>contrariam</strong></span> <span class='ocrx_word' id='word_1_554' title='bbox 2469 1320 2740 1378; x_wconf 73' lang='lat' dir='ltr'><strong>adamare.</strong></span> <span class='ocrx_word' id='word_1_555' title='bbox 2788 1322 3083 1392; x_wconf 79' lang='lat' dir='ltr'><strong>Utrumque</strong></span> <span class='ocrx_word' id='word_1_556' title='bbox 3111 1322 3301 1378; x_wconf 83' lang='lat' dir='ltr'><strong>stolide</strong></span> <span class='ocrx_word' id='word_1_557' title='bbox 3325 1333 3379 1378; x_wconf 88' lang='lat' dir='ltr'><strong>et</strong></span> <span class='ocrx_word' id='word_1_558' title='bbox 3418 1325 3602 1395; x_wconf 83' lang='lat' dir='ltr'><strong>impru-</strong></span> 
     </span>
    </p>
   </div>
   <div class='ocr_carea' id='block_1_74' title="bbox 2033 1412 3603 1484">
    <p class='ocr_par' dir='ltr' id='par_1_74' title="bbox 2033 1412 3603 1484">
     <span class='ocr_line' id='line_1_74' title="bbox 2033 1412 3603 1484; baseline 0.005 -17"><span class='ocrx_word' id='word_1_559' title='bbox 2033 1412 2222 1467; x_wconf 87' lang='lat' dir='ltr'><strong>denter</strong></span> <span class='ocrx_word' id='word_1_560' title='bbox 2247 1418 2430 1482; x_wconf 82' lang='lat' dir='ltr'><strong>agunt,</strong></span> <span class='ocrx_word' id='word_1_561' title='bbox 2461 1415 2551 1484; x_wconf 81' lang='lat' dir='ltr'><strong>qui</strong></span> <span class='ocrx_word' id='word_1_562' title='bbox 2574 1416 2825 1471; x_wconf 78' lang='lat' dir='ltr'><strong>uxoribus</strong></span> <span class='ocrx_word' id='word_1_563' title='bbox 2849 1416 3503 1473; x_wconf 75' lang='lat' dir='ltr'><strong>adscribuntsterilitatem</strong></span> <span class='ocrx_word' id='word_1_564' title='bbox 3525 1421 3603 1475; x_wconf 79' lang='lat' dir='ltr'><strong>vel</strong></span> 
     </span>
    </p>
   </div>
   <div class='ocr_carea' id='block_1_75' title="bbox 2034 1503 3607 1575">
    <p class='ocr_par' dir='ltr' id='par_1_75' title="bbox 2034 1503 3607 1575">
     <span class='ocr_line' id='line_1_75' title="bbox 2034 1503 3607 1575; baseline 0.009 -19"><span class='ocrx_word' id='word_1_565' title='bbox 2034 1503 2427 1569; x_wconf 72' lang='lat' dir='ltr'><strong>fecitnttitatem,</strong></span> <span class='ocrx_word' id='word_1_566' title='bbox 2457 1506 2607 1575; x_wconf 84' lang='lat' dir='ltr'><strong>quasi</strong></span> <span class='ocrx_word' id='word_1_567' title='bbox 2650 1507 2953 1562; x_wconf 85' lang='lat' dir='ltr'><strong>nescientes</strong></span> <span class='ocrx_word' id='word_1_568' title='bbox 3003 1522 3033 1562; x_wconf 88' lang='lat' dir='ltr'><strong>a</strong></span> <span class='ocrx_word' id='word_1_569' title='bbox 3085 1520 3287 1567; x_wconf 77' lang='lat' dir='ltr'><strong>natura:</strong></span> <span class='ocrx_word' id='word_1_570' title='bbox 3326 1508 3607 1570; x_wconf 67' lang='lat' dir='ltr'><strong>Conditum</strong></span> 
     </span>
    </p>
   </div>
   <div class='ocr_carea' id='block_1_76' title="bbox 2033 1595 3604 1675">
    <p class='ocr_par' dir='ltr' id='par_1_76' title="bbox 2033 1595 3604 1675">
     <span class='ocr_line' id='line_1_76' title="bbox 2033 1595 3604 1675; baseline 0.008 -26"><span class='ocrx_word' id='word_1_571' title='bbox 2033 1595 2330 1663; x_wconf 69' lang='lat' dir='ltr'><strong>diepensari</strong></span> <span class='ocrx_word' id='word_1_572' title='bbox 2387 1596 2653 1661; x_wconf 81' lang='lat' dir='ltr'><strong>universa,</strong></span> <span class='ocrx_word' id='word_1_573' title='bbox 2683 1605 2738 1651; x_wconf 87' lang='lat' dir='ltr'><strong>et</strong></span> <span class='ocrx_word' id='word_1_574' title='bbox 2788 1612 2962 1666; x_wconf 88' lang='lat' dir='ltr'><strong>neque</strong></span> <span class='ocrx_word' id='word_1_575' title='bbox 3007 1601 3226 1668; x_wconf 85' lang='lat' dir='ltr'><strong>coitum,</strong></span> <span class='ocrx_word' id='word_1_576' title='bbox 3248 1614 3421 1675; x_wconf 88' lang='lat' dir='ltr'><strong>neque</strong></span> <span class='ocrx_word' id='word_1_577' title='bbox 3467 1604 3604 1661; x_wconf 57' lang='lat' dir='ltr'><strong>aliud</strong></span> 
     </span>
    </p>
   </div>
   <div class='ocr_carea' id='block_1_77' title="bbox 2033 1687 3605 1764">
    <p class='ocr_par' dir='ltr' id='par_1_77' title="bbox 2033 1687 3605 1764">
     <span class='ocr_line' id='line_1_77' title="bbox 2033 1687 3605 1764; baseline 0.01 -26"><span class='ocrx_word' id='word_1_578' title='bbox 2033 1687 2279 1756; x_wconf 74' lang='lat' dir='ltr'><strong>quiddam</strong></span> <span class='ocrx_word' id='word_1_579' title='bbox 2314 1688 2379 1741; x_wconf 85' lang='lat' dir='ltr'><strong>ad</strong></span> <span class='ocrx_word' id='word_1_580' title='bbox 2424 1689 2780 1759; x_wconf 77' lang='lat' dir='ltr'><strong>procreandos</strong></span> <span class='ocrx_word' id='word_1_581' title='bbox 2821 1691 3016 1746; x_wconf 89' lang='lat' dir='ltr'><strong>liberos</strong></span> <span class='ocrx_word' id='word_1_582' title='bbox 3062 1694 3346 1764; x_wconf 73' lang='lat' dir='ltr'><strong>centeno,</strong></span> <span class='ocrx_word' id='word_1_583' title='bbox 3374 1698 3473 1752; x_wconf 88' lang='lat' dir='ltr'><strong>nisi</strong></span> <span class='ocrx_word' id='word_1_584' title='bbox 3514 1711 3605 1753; x_wconf 81' lang='lat' dir='ltr'><strong>eo-</strong></span> 
     </span>
    </p>
   </div>
   <div class='ocr_carea' id='block_1_78' title="bbox 2035 1782 3609 1859">
    <p class='ocr_par' dir='ltr' id='par_1_78' title="bbox 2035 1782 3609 1859">
     <span class='ocr_line' id='line_1_78' title="bbox 2035 1782 3609 1859; baseline 0.01 -29"><span class='ocrx_word' id='word_1_585' title='bbox 2035 1786 2286 1847; x_wconf 79' lang='lat' dir='ltr'><strong>o‘pcretdr</strong></span> <span class='ocrx_word' id='word_1_586' title='bbox 2311 1790 2502 1833; x_wconf 87' lang='lat' dir='ltr'><strong>manus</strong></span> <span class='ocrx_word' id='word_1_587' title='bbox 2526 1782 2775 1850; x_wconf 76' lang='lat' dir='ltr'><strong>superna,</strong></span> <span class='ocrx_word' id='word_1_588' title='bbox 2808 1794 2926 1852; x_wconf 71' lang='lat' dir='ltr'><strong>qua:</strong></span> <span class='ocrx_word' id='word_1_589' title='bbox 2957 1792 3195 1840; x_wconf 74' lang='lat' dir='ltr'><strong>naturam</strong></span> <span class='ocrx_word' id='word_1_590' title='bbox 3226 1788 3291 1841; x_wconf 88' lang='lat' dir='ltr'><strong>ad</strong></span> <span class='ocrx_word' id='word_1_591' title='bbox 3334 1788 3609 1859; x_wconf 62' lang='lat' dir='ltr'><strong>promam</strong></span> 
     </span>
    </p>
   </div>
   <div class='ocr_carea' id='block_1_79' title="bbox 2032 1869 3609 1947">
    <p class='ocr_par' dir='ltr' id='par_1_79' title="bbox 2032 1869 3609 1947">
     <span class='ocr_line' id='line_1_79' title="bbox 2032 1869 3609 1947; baseline 0.01 -24"><span class='ocrx_word' id='word_1_592' title='bbox 2032 1869 2158 1924; x_wconf 89' lang='lat' dir='ltr'><strong>dum</strong></span> <span class='ocrx_word' id='word_1_593' title='bbox 2184 1872 2402 1925; x_wconf 85' lang='lat' dir='ltr'><strong>excitet.</strong></span> <span class='ocrx_word' id='word_1_594' title='bbox 2437 1872 2565 1937; x_wconf 72' lang='grc' dir='ltr'><strong>ρυςυ</strong></span> <span class='ocrx_word' id='word_1_595' title='bbox 2591 1886 2714 1927; x_wconf 86' lang='lat' dir='ltr'><strong>cum</strong></span> <span class='ocrx_word' id='word_1_596' title='bbox 2740 1876 2906 1943; x_wconf 89' lang='lat' dir='ltr'><strong>probe</strong></span> <span class='ocrx_word' id='word_1_597' title='bbox 2935 1887 3115 1933; x_wconf 85' lang='lat' dir='ltr'><strong>nosset</strong></span> <span class='ocrx_word' id='word_1_598' title='bbox 3128 1878 3303 1947; x_wconf 86' lang='lat' dir='ltr'><strong>justus</strong></span> <span class='ocrx_word' id='word_1_599' title='bbox 3330 1881 3436 1945; x_wconf 85' lang='lat' dir='ltr'><strong>ille,</strong></span> <span class='ocrx_word' id='word_1_600' title='bbox 3453 1883 3609 1939; x_wconf 71' lang='lat' dir='ltr'><strong>uxori</strong></span> 
     </span>
    </p>
   </div>
   <div class='ocr_carea' id='block_1_80' title="bbox 2033 1962 3605 2038">
    <p class='ocr_par' dir='ltr' id='par_1_80' title="bbox 2033 1962 3605 2038">
     <span class='ocr_line' id='line_1_80' title="bbox 2033 1962 3605 2038; baseline 0.008 -23"><span class='ocrx_word' id='word_1_601' title='bbox 2033 1962 2365 2017; x_wconf 77' lang='lat' dir='ltr'><strong>sterilitatem</strong></span> <span class='ocrx_word' id='word_1_602' title='bbox 2394 1976 2500 2017; x_wconf 83' lang='lat' dir='ltr'><strong>non</strong></span> <span class='ocrx_word' id='word_1_603' title='bbox 2534 1964 2827 2033; x_wconf 85' lang='lat' dir='ltr'><strong>imputabat</strong></span> <span class='ocrx_word' id='word_1_604' title='bbox 2859 1985 2874 2022; x_wconf 90' lang='lat'><strong>:</strong></span> <span class='ocrx_word' id='word_1_605' title='bbox 2905 1967 2998 2021; x_wconf 86' lang='lat' dir='ltr'><strong>sed</strong></span> <span class='ocrx_word' id='word_1_606' title='bbox 3036 1981 3417 2038; x_wconf 79' lang='lat' dir='ltr'><strong>congruentem</strong></span> <span class='ocrx_word' id='word_1_607' title='bbox 3445 1974 3605 2028; x_wconf 60' lang='lat' dir='ltr'><strong>hoaoa</strong></span> 
     </span>
    </p>
   </div>
   <div class='ocr_carea' id='block_1_81' title="bbox 2032 2054 3607 2134">
    <p class='ocr_par' dir='ltr' id='par_1_81' title="bbox 2032 2054 3607 2134">
     <span class='ocr_line' id='line_1_81' title="bbox 2032 2054 3607 2134; baseline 0.007 -28"><span class='ocrx_word' id='word_1_608' title='bbox 2032 2060 2144 2107; x_wconf 85' lang='lat' dir='ltr'><strong>rem</strong></span> <span class='ocrx_word' id='word_1_609' title='bbox 2174 2066 2384 2122; x_wconf 86' lang='lat' dir='ltr'><strong>semper</strong></span> <span class='ocrx_word' id='word_1_610' title='bbox 2409 2056 2456 2109; x_wconf 90' lang='lat' dir='ltr'><strong>ei</strong></span> <span class='ocrx_word' id='word_1_611' title='bbox 2495 2054 2777 2110; x_wconf 84' lang='lat' dir='ltr'><strong>tribuebat.</strong></span> <span class='ocrx_word' id='word_1_612' title='bbox 2806 2058 2978 2126; x_wconf 71' lang='lat' dir='ltr'><strong>Atque</strong></span> <span class='ocrx_word' id='word_1_613' title='bbox 2998 2060 3134 2113; x_wconf 80' lang='lat' dir='ltr'><strong>hanc</strong></span> <span class='ocrx_word' id='word_1_614' title='bbox 3161 2060 3230 2114; x_wconf 88' lang='lat' dir='ltr'><strong>ob</strong></span> <span class='ocrx_word' id='word_1_615' title='bbox 3248 2074 3461 2117; x_wconf 76' lang='lat' dir='ltr'><strong>catmm</strong></span> <span class='ocrx_word' id='word_1_616' title='bbox 3499 2065 3607 2134; x_wconf 71' lang='lat' dir='ltr'><strong>ipsa</strong></span> 
     </span>
    </p>
   </div>
   <div class='ocr_carea' id='block_1_82' title="bbox 2033 2145 3609 2222">
    <p class='ocr_par' dir='ltr' id='par_1_82' title="bbox 2033 2145 3609 2222">
     <span class='ocr_line' id='line_1_82' title="bbox 2033 2145 3609 2222; baseline 0.008 -23"><span class='ocrx_word' id='word_1_617' title='bbox 2033 2145 2087 2199; x_wconf 87' lang='lat' dir='ltr'><strong>‘rn</strong></span> <span class='ocrx_word' id='word_1_618' title='bbox 2126 2145 2285 2201; x_wconf 82' lang='lat' dir='ltr'><strong>otticii</strong></span> <span class='ocrx_word' id='word_1_619' title='bbox 2315 2148 2484 2201; x_wconf 81' lang='lat' dir='ltr'><strong>viecm</strong></span> <span class='ocrx_word' id='word_1_620' title='bbox 2506 2190 2519 2209; x_wconf 90' lang='lat'><strong>,</strong></span> <span class='ocrx_word' id='word_1_621' title='bbox 2550 2148 2840 2218; x_wconf 81' lang='lat' dir='ltr'><strong>volensque</strong></span> <span class='ocrx_word' id='word_1_622' title='bbox 2871 2149 3143 2206; x_wconf 70' lang='lat' dir='ltr'><strong>declarare</strong></span> <span class='ocrx_word' id='word_1_623' title='bbox 3189 2164 3389 2222; x_wconf 85' lang='lat' dir='ltr'><strong>quanto</strong></span> <span class='ocrx_word' id='word_1_624' title='bbox 3433 2169 3609 2212; x_wconf 78' lang='lat' dir='ltr'><strong>amore</strong></span> 
     </span>
    </p>
   </div>
   <div class='ocr_carea' id='block_1_83' title="bbox 2029 2240 3607 2317">
    <p class='ocr_par' dir='ltr' id='par_1_83' title="bbox 2029 2240 3607 2317">
     <span class='ocr_line' id='line_1_83' title="bbox 2029 2240 3607 2317; baseline 0.006 -24"><span class='ocrx_word' id='word_1_625' title='bbox 2029 2253 2152 2308; x_wconf 79' lang='lat' dir='ltr'><strong>erga</strong></span> <span class='ocrx_word' id='word_1_626' title='bbox 2181 2240 2349 2293; x_wconf 74' lang='lat' dir='ltr'><strong>virum</strong></span> <span class='ocrx_word' id='word_1_627' title='bbox 2374 2240 2662 2307; x_wconf 77' lang='lat' dir='ltr'><strong>afﬁciatur,</strong></span> <span class='ocrx_word' id='word_1_628' title='bbox 2695 2256 2801 2295; x_wconf 91' lang='lat' dir='ltr'><strong>non</strong></span> <span class='ocrx_word' id='word_1_629' title='bbox 2832 2243 2972 2312; x_wconf 84' lang='lat' dir='ltr'><strong>quod</strong></span> <span class='ocrx_word' id='word_1_630' title='bbox 3012 2245 3091 2298; x_wconf 88' lang='lat' dir='ltr'><strong>sui</strong></span> <span class='ocrx_word' id='word_1_631' title='bbox 3119 2245 3282 2313; x_wconf 82' lang='lat' dir='ltr'><strong>ipsius</strong></span> <span class='ocrx_word' id='word_1_632' title='bbox 3311 2252 3426 2301; x_wconf 79' lang='lat' dir='ltr'><strong>erat</strong></span> <span class='ocrx_word' id='word_1_633' title='bbox 3446 2285 3461 2312; x_wconf 93' lang='lat'><strong>,</strong></span> <span class='ocrx_word' id='word_1_634' title='bbox 3484 2262 3607 2317; x_wconf 76' lang='lat' dir='ltr'><strong>spe—</strong></span> 
     </span>
    </p>
   </div>
   <div class='ocr_carea' id='block_1_84' title="bbox 2031 2333 3609 2408">
    <p class='ocr_par' dir='ltr' id='par_1_84' title="bbox 2031 2333 3609 2408">
     <span class='ocr_line' id='line_1_84' title="bbox 2031 2333 3609 2408; baseline 0.006 -22"><span class='ocrx_word' id='word_1_635' title='bbox 2031 2333 2226 2398; x_wconf 76' lang='lat' dir='ltr'><strong>etabst,</strong></span> <span class='ocrx_word' id='word_1_636' title='bbox 2257 2333 2351 2388; x_wconf 86' lang='lat' dir='ltr'><strong>sed</strong></span> <span class='ocrx_word' id='word_1_637' title='bbox 2372 2334 2641 2403; x_wconf 86' lang='lat' dir='ltr'><strong>quomodo</strong></span> <span class='ocrx_word' id='word_1_638' title='bbox 2667 2334 2741 2387; x_wconf 89' lang='lat' dir='ltr'><strong>illi</strong></span> <span class='ocrx_word' id='word_1_639' title='bbox 2771 2336 3195 2391; x_wconf 69' lang='lat' dir='ltr'><strong>consolationem</strong></span> <span class='ocrx_word' id='word_1_640' title='bbox 3215 2340 3494 2408; x_wconf 63' lang='lat' dir='ltr'><strong>(rnamdam</strong></span> <span class='ocrx_word' id='word_1_641' title='bbox 3519 2356 3609 2395; x_wconf 86' lang='lat' dir='ltr'><strong>or-</strong></span> 
     </span>
    </p>
   </div>
   <div class='ocr_carea' id='block_1_85' title="bbox 2030 2422 3612 2499">
    <p class='ocr_par' dir='ltr' id='par_1_85' title="bbox 2030 2422 3612 2499">
     <span class='ocr_line' id='line_1_85' title="bbox 2030 2422 3612 2499; baseline 0.008 -20"><span class='ocrx_word' id='word_1_642' title='bbox 2030 2422 2211 2479; x_wconf 83' lang='lat' dir='ltr'><strong>bitatis</strong></span> <span class='ocrx_word' id='word_1_643' title='bbox 2262 2425 2556 2481; x_wconf 86' lang='lat' dir='ltr'><strong>liberorum</strong></span> <span class='ocrx_word' id='word_1_644' title='bbox 2606 2428 2979 2497; x_wconf 78' lang='lat' dir='ltr'><strong>excogitaret,</strong></span> <span class='ocrx_word' id='word_1_645' title='bbox 3025 2432 3175 2499; x_wconf 61' lang='lat' dir='ltr'><strong>quasi</strong></span> <span class='ocrx_word' id='word_1_646' title='bbox 3223 2430 3465 2488; x_wconf 70' lang='lat' dir='ltr'><strong>manibus</strong></span> <span class='ocrx_word' id='word_1_647' title='bbox 3503 2437 3612 2491; x_wconf 83' lang='lat' dir='ltr'><strong>suis</strong></span> 
     </span>
    </p>
   </div>
   <div class='ocr_carea' id='block_1_86' title="bbox 2030 2517 3609 2589">
    <p class='ocr_par' dir='ltr' id='par_1_86' title="bbox 2030 2517 3609 2589">
     <span class='ocr_line' id='line_1_86' title="bbox 2030 2517 3609 2589; baseline 0.01 -20"><span class='ocrx_word' id='word_1_648' title='bbox 2030 2524 2302 2585; x_wconf 82' lang='lat' dir='ltr'><strong>acceptam</strong></span> <span class='ocrx_word' id='word_1_649' title='bbox 2324 2518 2553 2585; x_wconf 84' lang='lat' dir='ltr'><strong>puellam</strong></span> <span class='ocrx_word' id='word_1_650' title='bbox 2575 2517 2874 2589; x_wconf 72' lang='lat' dir='ltr'><strong>lEgyptiam</strong></span> <span class='ocrx_word' id='word_1_651' title='bbox 2898 2520 2950 2573; x_wconf 91' lang='lat' dir='ltr'><strong>in</strong></span> <span class='ocrx_word' id='word_1_652' title='bbox 2978 2521 3172 2576; x_wconf 88' lang='lat' dir='ltr'><strong>lectum</strong></span> <span class='ocrx_word' id='word_1_653' title='bbox 3193 2534 3346 2579; x_wconf 76' lang='lat' dir='ltr'><strong>suum</strong></span> <span class='ocrx_word' id='word_1_654' title='bbox 3364 2526 3609 2585; x_wconf 80' lang='lat' dir='ltr'><strong>induit:</strong></span> 
     </span>
    </p>
   </div>
   <div class='ocr_carea' id='block_1_87' title="bbox 2030 2606 3615 2681">
    <p class='ocr_par' dir='ltr' id='par_1_87' title="bbox 2030 2606 3615 2681">
     <span class='ocr_line' id='line_1_87' title="bbox 2030 2606 3615 2681; baseline 0.01 -23"><span class='ocrx_word' id='word_1_655' title='bbox 2030 2606 2157 2676; x_wconf 84' lang='lat' dir='ltr'><strong>quin</strong></span> <span class='ocrx_word' id='word_1_656' title='bbox 2186 2616 2239 2662; x_wconf 90' lang='lat' dir='ltr'><strong>et</strong></span> <span class='ocrx_word' id='word_1_657' title='bbox 2265 2608 2443 2662; x_wconf 84' lang='lat' dir='ltr'><strong>verbis</strong></span> <span class='ocrx_word' id='word_1_658' title='bbox 2471 2609 2599 2679; x_wconf 83' lang='lat' dir='ltr'><strong>ipsis</strong></span> <span class='ocrx_word' id='word_1_659' title='bbox 2625 2610 2879 2675; x_wconf 80' lang='lat' dir='ltr'><strong>ostendit,</strong></span> <span class='ocrx_word' id='word_1_660' title='bbox 2903 2622 3005 2681; x_wconf 83' lang='lat' dir='ltr'><strong>qua</strong></span> <span class='ocrx_word' id='word_1_661' title='bbox 3027 2611 3094 2667; x_wconf 86' lang='lat' dir='ltr'><strong>de</strong></span> <span class='ocrx_word' id='word_1_662' title='bbox 3117 2625 3271 2669; x_wconf 78' lang='lat' dir='ltr'><strong>causa</strong></span> <span class='ocrx_word' id='word_1_663' title='bbox 3299 2608 3348 2670; x_wconf 83' lang='lat' dir='ltr'><strong>id</strong></span> <span class='ocrx_word' id='word_1_664' title='bbox 3372 2613 3615 2681; x_wconf 60' lang='lat' dir='ltr'><strong>[semet</strong></span> 
     </span>
    </p>
   </div>
   <div class='ocr_carea' id='block_1_88' title="bbox 2031 2698 3615 2773">
    <p class='ocr_par' dir='ltr' id='par_1_88' title="bbox 2031 2698 3615 2773">
     <span class='ocr_line' id='line_1_88' title="bbox 2031 2698 3615 2773; baseline 0.007 -21"><span class='ocrx_word' id='word_1_665' title='bbox 2031 2700 2151 2767; x_wconf 89' lang='lat' dir='ltr'><strong>quis</strong></span> <span class='ocrx_word' id='word_1_666' title='bbox 2192 2698 2309 2769; x_wconf 87' lang='lat' dir='ltr'><strong>ejus</strong></span> <span class='ocrx_word' id='word_1_667' title='bbox 2352 2701 2423 2754; x_wconf 91' lang='lat' dir='ltr'><strong>sit</strong></span> <span class='ocrx_word' id='word_1_668' title='bbox 2451 2714 2666 2770; x_wconf 86' lang='lat' dir='ltr'><strong>scopns.</strong></span> <span class='ocrx_word' id='word_1_669' title='bbox 2712 2702 2845 2768; x_wconf 81' lang='lat' dir='ltr'><strong>Quia</strong></span> <span class='ocrx_word' id='word_1_670' title='bbox 2876 2714 3010 2771; x_wconf 67' lang='lat' dir='ltr'><strong>ego,</strong></span> <span class='ocrx_word' id='word_1_671' title='bbox 3040 2703 3246 2773; x_wconf 78' lang='lat' dir='ltr'><strong>inquit,</strong></span> <span class='ocrx_word' id='word_1_672' title='bbox 3274 2707 3477 2761; x_wconf 65' lang='lat' dir='ltr'><strong>inuitis</strong></span> <span class='ocrx_word' id='word_1_673' title='bbox 3504 2708 3615 2763; x_wconf 56' lang='lat' dir='ltr'><strong>via</strong></span> 
     </span>
    </p>
   </div>
   <div class='ocr_carea' id='block_1_89' title="bbox 2031 2792 3617 2863">
    <p class='ocr_par' dir='ltr' id='par_1_89' title="bbox 2031 2792 3617 2863">
     <span class='ocr_line' id='line_1_89' title="bbox 2031 2792 3617 2863; baseline 0.007 -18"><span class='ocrx_word' id='word_1_674' title='bbox 2031 2806 2172 2857; x_wconf 89' lang='lat' dir='ltr'><strong>sum,</strong></span> <span class='ocrx_word' id='word_1_675' title='bbox 2208 2799 2263 2847; x_wconf 91' lang='lat' dir='ltr'><strong>ct</strong></span> <span class='ocrx_word' id='word_1_676' title='bbox 2296 2792 2362 2847; x_wconf 92' lang='lat' dir='ltr'><strong>ad</strong></span> <span class='ocrx_word' id='word_1_677' title='bbox 2392 2794 2753 2863; x_wconf 81' lang='lat' dir='ltr'><strong>generandum</strong></span> <span class='ocrx_word' id='word_1_678' title='bbox 2784 2802 2887 2859; x_wconf 78' lang='lat' dir='ltr'><strong>non</strong></span> <span class='ocrx_word' id='word_1_679' title='bbox 2924 2795 3115 2850; x_wconf 86' lang='lat' dir='ltr'><strong>idonea</strong></span> <span class='ocrx_word' id='word_1_680' title='bbox 3148 2795 3441 2854; x_wconf 67' lang='lat' dir='ltr'><strong>:Conclssit</strong></span> <span class='ocrx_word' id='word_1_681' title='bbox 3472 2801 3617 2856; x_wconf 66' lang='lat' dir='ltr'><strong>enim</strong></span> 
     </span>
    </p>
   </div>
   <div class='ocr_carea' id='block_1_90' title="bbox 2030 2880 3616 2955">
    <p class='ocr_par' dir='ltr' id='par_1_90' title="bbox 2030 2880 3616 2955">
     <span class='ocr_line' id='line_1_90' title="bbox 2030 2880 3616 2955; baseline 0.004 -19"><span class='ocrx_word' id='word_1_682' title='bbox 2030 2890 2113 2936; x_wconf 79' lang='lat' dir='ltr'><strong>me</strong></span> <span class='ocrx_word' id='word_1_683' title='bbox 2151 2880 2424 2948; x_wconf 82' lang='lat' dir='ltr'><strong>Dominus,</strong></span> <span class='ocrx_word' id='word_1_684' title='bbox 2451 2900 2514 2937; x_wconf 85' lang='lat' dir='ltr'><strong>ne</strong></span> <span class='ocrx_word' id='word_1_685' title='bbox 2564 2896 2809 2953; x_wconf 82' lang='lat' dir='ltr'><strong>parerem.</strong></span> <span class='ocrx_word' id='word_1_686' title='bbox 2835 2882 2963 2938; x_wconf 75' lang='lat' dir='ltr'><strong>Vide</strong></span> <span class='ocrx_word' id='word_1_687' title='bbox 3002 2885 3313 2954; x_wconf 73' lang='lat' dir='ltr'><strong>prudentem</strong></span> <span class='ocrx_word' id='word_1_688' title='bbox 3359 2889 3616 2955; x_wconf 63' lang='lat' dir='ltr'><strong>animum,</strong></span> 
     </span>
    </p>
   </div>
   <div class='ocr_carea' id='block_1_91' title="bbox 2030 2972 3619 3045">
    <p class='ocr_par' dir='ltr' id='par_1_91' title="bbox 2030 2972 3619 3045">
     <span class='ocr_line' id='line_1_91' title="bbox 2030 2972 3619 3045; baseline 0.006 -17"><span class='ocrx_word' id='word_1_689' title='bbox 2030 2975 2298 3045; x_wconf 92' lang='lat' dir='ltr'><strong>quomodo</strong></span> <span class='ocrx_word' id='word_1_690' title='bbox 2349 2976 2479 3029; x_wconf 90' lang='lat' dir='ltr'><strong>nihil</strong></span> <span class='ocrx_word' id='word_1_691' title='bbox 2526 2984 2774 3045; x_wconf 84' lang='lat' dir='ltr'><strong>asperum</strong></span> <span class='ocrx_word' id='word_1_692' title='bbox 2821 2976 3084 3045; x_wconf 77' lang='lat' dir='ltr'><strong>loquitur,</strong></span> <span class='ocrx_word' id='word_1_693' title='bbox 3128 2972 3460 3034; x_wconf 66' lang='lat' dir='ltr'><strong>sterilitatem</strong></span> <span class='ocrx_word' id='word_1_694' title='bbox 3511 2995 3619 3037; x_wconf 83' lang='lat' dir='ltr'><strong>non</strong></span> 
     </span>
    </p>
   </div>
   <div class='ocr_carea' id='block_1_92' title="bbox 2031 3066 3620 3142">
    <p class='ocr_par' dir='ltr' id='par_1_92' title="bbox 2031 3066 3620 3142">
     <span class='ocr_line' id='line_1_92' title="bbox 2031 3066 3620 3142; baseline 0.002 -21"><span class='ocrx_word' id='word_1_695' title='bbox 2031 3066 2273 3136; x_wconf 76' lang='lat' dir='ltr'><strong>depiOrat</strong></span> <span class='ocrx_word' id='word_1_696' title='bbox 2302 3084 2316 3122; x_wconf 88' lang='lat'><strong>:</strong></span> <span class='ocrx_word' id='word_1_697' title='bbox 2343 3066 2437 3123; x_wconf 88' lang='lat' dir='ltr'><strong>sed</strong></span> <span class='ocrx_word' id='word_1_698' title='bbox 2464 3067 2635 3122; x_wconf 89' lang='lat' dir='ltr'><strong>solum</strong></span> <span class='ocrx_word' id='word_1_699' title='bbox 2675 3067 2775 3121; x_wconf 90' lang='lat' dir='ltr'><strong>hoc</strong></span> <span class='ocrx_word' id='word_1_700' title='bbox 2804 3068 2957 3123; x_wconf 80' lang='lat' dir='ltr'><strong>nobis</strong></span> <span class='ocrx_word' id='word_1_701' title='bbox 2999 3068 3273 3124; x_wconf 82' lang='lat' dir='ltr'><strong>declarare</strong></span> <span class='ocrx_word' id='word_1_702' title='bbox 3297 3072 3407 3124; x_wconf 76' lang='lat' dir='ltr'><strong>vett</strong></span> <span class='ocrx_word' id='word_1_703' title='bbox 3426 3100 3447 3133; x_wconf 72' lang='grc' dir='ltr'><strong>ε.</strong></span> <span class='ocrx_word' id='word_1_704' title='bbox 3475 3073 3620 3142; x_wconf 75' lang='lat' dir='ltr'><strong>quod</strong></span> 
     </span>
    </p>
   </div>
   <div class='ocr_carea' id='block_1_93' title="bbox 2032 3156 3621 3232">
    <p class='ocr_par' dir='ltr' id='par_1_93' title="bbox 2032 3156 3621 3232">
     <span class='ocr_line' id='line_1_93' title="bbox 2032 3156 3621 3232; baseline 0.002 -19"><span class='ocrx_word' id='word_1_705' title='bbox 2032 3166 2235 3214; x_wconf 80' lang='lat' dir='ltr'><strong>hattme</strong></span> <span class='ocrx_word' id='word_1_706' title='bbox 2257 3158 2484 3212; x_wconf 74' lang='grc' dir='ltr'><strong>Πιπηῇιο</strong></span> <span class='ocrx_word' id='word_1_707' title='bbox 2511 3156 2687 3227; x_wconf 81' lang='lat' dir='ltr'><strong>opiﬁci</strong></span> <span class='ocrx_word' id='word_1_708' title='bbox 2719 3158 2821 3212; x_wconf 88' lang='lat' dir='ltr'><strong>h’oe</strong></span> <span class='ocrx_word' id='word_1_709' title='bbox 2848 3159 3161 3214; x_wconf 67' lang='lat' dir='ltr'><strong>adscribens</strong></span> <span class='ocrx_word' id='word_1_710' title='bbox 3180 3200 3194 3223; x_wconf 89' lang='lat'><strong>,</strong></span> <span class='ocrx_word' id='word_1_711' title='bbox 3228 3161 3417 3215; x_wconf 69' lang='lat' dir='ltr'><strong>temer</strong></span> <span class='ocrx_word' id='word_1_712' title='bbox 3442 3172 3495 3215; x_wconf 75' lang='lat' dir='ltr'><strong>et</strong></span> <span class='ocrx_word' id='word_1_713' title='bbox 3518 3178 3621 3232; x_wconf 74' lang='lat' dir='ltr'><strong>ge-</strong></span> 
     </span>
    </p>
   </div>
   <div class='ocr_carea' id='block_1_94' title="bbox 2031 3248 3624 3321">
    <p class='ocr_par' dir='ltr' id='par_1_94' title="bbox 2031 3248 3624 3321">
     <span class='ocr_line' id='line_1_94' title="bbox 2031 3248 3624 3321; baseline 0.001 -16"><span class='ocrx_word' id='word_1_714' title='bbox 2031 3252 2226 3305; x_wconf 83' lang='lat' dir='ltr'><strong>nerose</strong></span> <span class='ocrx_word' id='word_1_715' title='bbox 2252 3248 2406 3315; x_wconf 78' lang='lat' dir='ltr'><strong>terat,</strong></span> <span class='ocrx_word' id='word_1_716' title='bbox 2440 3249 2641 3303; x_wconf 80' lang='lat' dir='ltr'><strong>malens</strong></span> <span class='ocrx_word' id='word_1_717' title='bbox 2667 3249 2809 3313; x_wconf 79' lang='lat' dir='ltr'><strong>quod</strong></span> <span class='ocrx_word' id='word_1_718' title='bbox 2836 3249 2947 3303; x_wconf 85' lang='lat' dir='ltr'><strong>Deo</strong></span> <span class='ocrx_word' id='word_1_719' title='bbox 2971 3250 3247 3319; x_wconf 77' lang='lat' dir='ltr'><strong>placebat,</strong></span> <span class='ocrx_word' id='word_1_720' title='bbox 3279 3262 3439 3320; x_wconf 75' lang='lat' dir='ltr'><strong>quam</strong></span> <span class='ocrx_word' id='word_1_721' title='bbox 3473 3252 3624 3321; x_wconf 83' lang='lat' dir='ltr'><strong>quod</strong></span> 
     </span>
    </p>
   </div>
   <div class='ocr_carea' id='block_1_95' title="bbox 2032 3340 3623 3412">
    <p class='ocr_par' dir='ltr' id='par_1_95' title="bbox 2032 3340 3623 3412">
     <span class='ocr_line' id='line_1_95' title="bbox 2032 3340 3623 3412; baseline 0.002 -17"><span class='ocrx_word' id='word_1_722' title='bbox 2032 3341 2145 3410; x_wconf 81' lang='lat' dir='ltr'><strong>ipSa</strong></span> <span class='ocrx_word' id='word_1_723' title='bbox 2169 3340 2575 3410; x_wconf 88' lang='lat' dir='ltr'><strong>concupiscebat</strong></span> <span class='ocrx_word' id='word_1_724' title='bbox 2592 3380 2607 3402; x_wconf 86' lang='lat'><strong>,</strong></span> <span class='ocrx_word' id='word_1_725' title='bbox 2638 3350 2691 3396; x_wconf 89' lang='lat' dir='ltr'><strong>et</strong></span> <span class='ocrx_word' id='word_1_726' title='bbox 2720 3341 2819 3396; x_wconf 86' lang='lat' dir='ltr'><strong>hoc</strong></span> <span class='ocrx_word' id='word_1_727' title='bbox 2846 3358 3007 3397; x_wconf 81' lang='lat' dir='ltr'><strong>unum</strong></span> <span class='ocrx_word' id='word_1_728' title='bbox 3034 3352 3280 3412; x_wconf 79' lang='lat' dir='ltr'><strong>spectans</strong></span> <span class='ocrx_word' id='word_1_729' title='bbox 3305 3380 3323 3411; x_wconf 86' lang='lat'><strong>,</strong></span> <span class='ocrx_word' id='word_1_730' title='bbox 3350 3353 3409 3398; x_wconf 91' lang='grc' dir='ltr'><strong>ιιι</strong></span> <span class='ocrx_word' id='word_1_731' title='bbox 3445 3347 3623 3405; x_wconf 74' lang='lat' dir='ltr'><strong>virum</strong></span> 
     </span>
    </p>
   </div>
   <div class='ocr_carea' id='block_1_96' title="bbox 2031 3431 3620 3503">
    <p class='ocr_par' dir='ltr' id='par_1_96' title="bbox 2031 3431 3620 3503">
     <span class='ocr_line' id='line_1_96' title="bbox 2031 3431 3620 3503; baseline 0.003 -16"><span class='ocrx_word' id='word_1_732' title='bbox 2031 3431 2313 3487; x_wconf 84' lang='lat' dir='ltr'><strong>solaretur.</strong></span> <span class='ocrx_word' id='word_1_733' title='bbox 2372 3431 2670 3498; x_wconf 75' lang='lat' dir='ltr'><strong>Quoniam,</strong></span> <span class='ocrx_word' id='word_1_734' title='bbox 2699 3433 2902 3503; x_wconf 70' lang='lat' dir='ltr'><strong>inquit,</strong></span> <span class='ocrx_word' id='word_1_735' title='bbox 2935 3432 3182 3488; x_wconf 81' lang='lat' dir='ltr'><strong>Dominus</strong></span> <span class='ocrx_word' id='word_1_736' title='bbox 3215 3448 3295 3488; x_wconf 84' lang='lat' dir='ltr'><strong>me</strong></span> <span class='ocrx_word' id='word_1_737' title='bbox 3326 3437 3620 3502; x_wconf 63' lang='lat' dir='ltr'><strong>canduit,</strong></span> 
     </span>
    </p>
   </div>
   <div class='ocr_carea' id='block_1_97' title="bbox 2030 3522 3623 3597">
    <p class='ocr_par' dir='ltr' id='par_1_97' title="bbox 2030 3522 3623 3597">
     <span class='ocr_line' id='line_1_97' title="bbox 2030 3522 3623 3597; baseline 0.006 -22"><span class='ocrx_word' id='word_1_738' title='bbox 2030 3536 2095 3575; x_wconf 83' lang='lat' dir='ltr'><strong>ne</strong></span> <span class='ocrx_word' id='word_1_739' title='bbox 2113 3538 2358 3591; x_wconf 80' lang='lat' dir='ltr'><strong>parerem.</strong></span> <span class='ocrx_word' id='word_1_740' title='bbox 2383 3522 2589 3589; x_wconf 84' lang='lat' dir='ltr'><strong>Quanta</strong></span> <span class='ocrx_word' id='word_1_741' title='bbox 2627 3523 2785 3592; x_wconf 74' lang='lat' dir='ltr'><strong>hujus</strong></span> <span class='ocrx_word' id='word_1_742' title='bbox 2822 3524 2970 3578; x_wconf 74' lang='lat' dir='ltr'><strong>Verbi</strong></span> <span class='ocrx_word' id='word_1_743' title='bbox 3009 3525 3277 3594; x_wconf 87' lang='lat' dir='ltr'><strong>emphasis</strong></span> <span class='ocrx_word' id='word_1_744' title='bbox 3313 3529 3623 3597; x_wconf 65' lang='grc' dir='ltr'><strong>εειῖςωιη</strong></span> 
     </span>
    </p>
   </div>
   <div class='ocr_carea' id='block_1_98' title="bbox 2032 3614 3626 3687">
    <p class='ocr_par' dir='ltr' id='par_1_98' title="bbox 2032 3614 3626 3687">
     <span class='ocr_line' id='line_1_98' title="bbox 2032 3614 3626 3687; baseline 0.002 -16"><span class='ocrx_word' id='word_1_745' title='bbox 2032 3614 2349 3671; x_wconf 77' lang='lat' dir='ltr'><strong>ineffabilem</strong></span> <span class='ocrx_word' id='word_1_746' title='bbox 2371 3615 2603 3669; x_wconf 86' lang='lat' dir='ltr'><strong>ostendit</strong></span> <span class='ocrx_word' id='word_1_747' title='bbox 2636 3616 2727 3671; x_wconf 89' lang='lat' dir='ltr'><strong>Dei</strong></span> <span class='ocrx_word' id='word_1_748' title='bbox 2775 3618 3060 3686; x_wconf 80' lang='lat' dir='ltr'><strong>putentiam</strong></span> <span class='ocrx_word' id='word_1_749' title='bbox 3106 3629 3159 3671; x_wconf 86' lang='lat' dir='ltr'><strong>et</strong></span> <span class='ocrx_word' id='word_1_750' title='bbox 3189 3618 3626 3687; x_wconf 62' lang='lat' dir='ltr'><strong>providentiam?</strong></span> 
     </span>
    </p>
   </div>
   <div class='ocr_carea' id='block_1_99' title="bbox 2030 3705 3627 3777">
    <p class='ocr_par' dir='ltr' id='par_1_99' title="bbox 2030 3705 3627 3777">
     <span class='ocr_line' id='line_1_99' title="bbox 2030 3705 3627 3777; baseline 0.006 -20"><span class='ocrx_word' id='word_1_751' title='bbox 2030 3705 2189 3775; x_wconf 79' lang='lat' dir='ltr'><strong>Quasi</strong></span> <span class='ocrx_word' id='word_1_752' title='bbox 2219 3705 2421 3760; x_wconf 87' lang='lat' dir='ltr'><strong>diceret</strong></span> <span class='ocrx_word' id='word_1_753' title='bbox 2449 3724 2462 3759; x_wconf 89' lang='lat'><strong>:</strong></span> <span class='ocrx_word' id='word_1_754' title='bbox 2493 3705 2641 3761; x_wconf 84' lang='lat' dir='ltr'><strong>Sicut</strong></span> <span class='ocrx_word' id='word_1_755' title='bbox 2669 3722 2768 3762; x_wconf 91' lang='lat' dir='ltr'><strong>nos</strong></span> <span class='ocrx_word' id='word_1_756' title='bbox 2799 3709 3068 3777; x_wconf 81' lang='lat' dir='ltr'><strong>aperimus</strong></span> <span class='ocrx_word' id='word_1_757' title='bbox 3096 3717 3151 3764; x_wconf 87' lang='lat' dir='ltr'><strong>et</strong></span> <span class='ocrx_word' id='word_1_758' title='bbox 3186 3709 3490 3766; x_wconf 79' lang='lat' dir='ltr'><strong>claudimus</strong></span> <span class='ocrx_word' id='word_1_759' title='bbox 3528 3711 3627 3767; x_wconf 85' lang='lat' dir='ltr'><strong>do-</strong></span> 
     </span>
    </p>
   </div>
   <div class='ocr_carea' id='block_1_100' title="bbox 2030 3795 3628 3870">
    <p class='ocr_par' dir='ltr' id='par_1_100' title="bbox 2030 3795 3628 3870">
     <span class='ocr_line' id='line_1_100' title="bbox 2030 3795 3628 3870; baseline 0.004 -19"><span class='ocrx_word' id='word_1_760' title='bbox 2030 3796 2198 3861; x_wconf 80' lang='lat' dir='ltr'><strong>mum,</strong></span> <span class='ocrx_word' id='word_1_761' title='bbox 2232 3795 2301 3851; x_wconf 89' lang='lat' dir='ltr'><strong>ita</strong></span> <span class='ocrx_word' id='word_1_762' title='bbox 2344 3806 2399 3852; x_wconf 90' lang='lat' dir='ltr'><strong>et</strong></span> <span class='ocrx_word' id='word_1_763' title='bbox 2451 3797 2706 3853; x_wconf 84' lang='lat' dir='ltr'><strong>Dominus</strong></span> <span class='ocrx_word' id='word_1_764' title='bbox 2746 3799 2798 3852; x_wconf 83' lang='lat' dir='ltr'><strong>in</strong></span> <span class='ocrx_word' id='word_1_765' title='bbox 2848 3804 3035 3854; x_wconf 77' lang='lat' dir='ltr'><strong>natura</strong></span> <span class='ocrx_word' id='word_1_766' title='bbox 3083 3804 3351 3870; x_wconf 75' lang='lat' dir='ltr'><strong>operatur,</strong></span> <span class='ocrx_word' id='word_1_767' title='bbox 3412 3804 3470 3857; x_wconf 73' lang='lat' dir='ltr'><strong>et</strong></span> <span class='ocrx_word' id='word_1_768' title='bbox 3520 3818 3628 3858; x_wconf 77' lang='lat' dir='ltr'><strong>suo</strong></span> 
     </span>
    </p>
   </div>
   <div class='ocr_carea' id='block_1_101' title="bbox 2028 3888 3627 3963">
    <p class='ocr_par' dir='ltr' id='par_1_101' title="bbox 2028 3888 3627 3963">
     <span class='ocr_line' id='line_1_101' title="bbox 2028 3888 3627 3963; baseline 0.004 -20"><span class='ocrx_word' id='word_1_769' title='bbox 2028 3897 2298 3960; x_wconf 66' lang='lat' dir='ltr'><strong>prarcepto</strong></span> <span class='ocrx_word' id='word_1_770' title='bbox 2326 3889 2543 3954; x_wconf 84' lang='lat' dir='ltr'><strong>claudit,</strong></span> <span class='ocrx_word' id='word_1_771' title='bbox 2573 3896 2625 3944; x_wconf 87' lang='lat' dir='ltr'><strong>et</strong></span> <span class='ocrx_word' id='word_1_772' title='bbox 2652 3889 2845 3945; x_wconf 86' lang='lat' dir='ltr'><strong>iterum</strong></span> <span class='ocrx_word' id='word_1_773' title='bbox 2874 3891 3088 3961; x_wconf 87' lang='lat' dir='ltr'><strong>quando</strong></span> <span class='ocrx_word' id='word_1_774' title='bbox 3118 3894 3228 3947; x_wconf 85' lang='lat' dir='ltr'><strong>vult</strong></span> <span class='ocrx_word' id='word_1_775' title='bbox 3253 3888 3627 3963; x_wconf 70' lang='lat' dir='ltr'><strong>aperit.&#39;etju-</strong></span> 
     </span>
    </p>
   </div>
   <div class='ocr_carea' id='block_1_102' title="bbox 2031 3980 3629 4057">
    <p class='ocr_par' dir='ltr' id='par_1_102' title="bbox 2031 3980 3629 4057">
     <span class='ocr_line' id='line_1_102' title="bbox 2031 3980 3629 4057; baseline 0.005 -23"><span class='ocrx_word' id='word_1_776' title='bbox 2031 3980 2120 4035; x_wconf 85' lang='lat' dir='ltr'><strong>bet</strong></span> <span class='ocrx_word' id='word_1_777' title='bbox 2150 3988 2388 4033; x_wconf 89' lang='lat' dir='ltr'><strong>naturam</strong></span> <span class='ocrx_word' id='word_1_778' title='bbox 2417 3980 2556 4051; x_wconf 88' lang='lat' dir='ltr'><strong>quod</strong></span> <span class='ocrx_word' id='word_1_779' title='bbox 2596 3993 2752 4035; x_wconf 86' lang='lat' dir='ltr'><strong>suum</strong></span> <span class='ocrx_word' id='word_1_780' title='bbox 2790 3990 2873 4036; x_wconf 85' lang='lat' dir='ltr'><strong>est</strong></span> <span class='ocrx_word' id='word_1_781' title='bbox 2900 3984 3130 4053; x_wconf 81' lang='lat' dir='ltr'><strong>operari.</strong></span> <span class='ocrx_word' id='word_1_782' title='bbox 3164 3982 3432 4053; x_wconf 72' lang='lat' dir='ltr'><strong>Quoniam</strong></span> <span class='ocrx_word' id='word_1_783' title='bbox 3460 3986 3629 4057; x_wconf 76' lang='lat' dir='ltr'><strong>igitur</strong></span> 
     </span>
    </p>
   </div>
   <div class='ocr_carea' id='block_1_103' title="bbox 2024 4069 3631 4148">
    <p class='ocr_par' dir='ltr' id='par_1_103' title="bbox 2024 4069 3631 4148">
     <span class='ocr_line' id='line_1_103' title="bbox 2024 4069 3631 4148; baseline 0.004 -22"><span class='ocrx_word' id='word_1_784' title='bbox 2024 4069 2288 4126; x_wconf 64' lang='lat' dir='ltr'><strong>Com-lusit</strong></span> <span class='ocrx_word' id='word_1_785' title='bbox 2344 4082 2424 4126; x_wconf 80' lang='lat' dir='ltr'><strong>me</strong></span> <span class='ocrx_word' id='word_1_786' title='bbox 2468 4071 2716 4127; x_wconf 79' lang='lat' dir='ltr'><strong>Dominus</strong></span> <span class='ocrx_word' id='word_1_787' title='bbox 2738 4114 2753 4139; x_wconf 91' lang='lat'><strong>,</strong></span> <span class='ocrx_word' id='word_1_788' title='bbox 2810 4084 2874 4127; x_wconf 76' lang='lat' dir='ltr'><strong>ne</strong></span> <span class='ocrx_word' id='word_1_789' title='bbox 2926 4076 3187 4144; x_wconf 71' lang='lat' dir='ltr'><strong>parerem,</strong></span> <span class='ocrx_word' id='word_1_790' title='bbox 3245 4076 3517 4148; x_wconf 76' lang='lat' dir='ltr'><strong>ingredere</strong></span> <span class='ocrx_word' id='word_1_791' title='bbox 3560 4078 3631 4132; x_wconf 63' lang='lat' dir='ltr'><strong>ad</strong></span> 
     </span>
    </p>
   </div>
   <div class='ocr_carea' id='block_1_104' title="bbox 2030 4163 3632 4237">
    <p class='ocr_par' dir='ltr' id='par_1_104' title="bbox 2030 4163 3632 4237">
     <span class='ocr_line' id='line_1_104' title="bbox 2030 4163 3632 4237; baseline 0.007 -22"><span class='ocrx_word' id='word_1_792' title='bbox 2030 4163 2272 4216; x_wconf 66' lang='lat' dir='ltr'><strong>ancillam</strong></span> <span class='ocrx_word' id='word_1_793' title='bbox 2296 4172 2486 4229; x_wconf 84' lang='lat' dir='ltr'><strong>meam,</strong></span> <span class='ocrx_word' id='word_1_794' title='bbox 2517 4174 2573 4216; x_wconf 85' lang='lat' dir='ltr'><strong>ut</strong></span> <span class='ocrx_word' id='word_1_795' title='bbox 2625 4178 2689 4219; x_wconf 66' lang='lat' dir='ltr'><strong>ex</strong></span> <span class='ocrx_word' id='word_1_796' title='bbox 2735 4180 2795 4219; x_wconf 77' lang='lat' dir='ltr'><strong>ea</strong></span> <span class='ocrx_word' id='word_1_797' title='bbox 2830 4166 3021 4235; x_wconf 77' lang='lat' dir='ltr'><strong>prolem</strong></span> <span class='ocrx_word' id='word_1_798' title='bbox 3064 4166 3311 4237; x_wconf 67' lang='lat' dir='ltr'><strong>proa&#39;ees.</strong></span> <span class='ocrx_word' id='word_1_799' title='bbox 3364 4169 3497 4224; x_wconf 72' lang='lat' dir='ltr'><strong>Scio</strong></span> <span class='ocrx_word' id='word_1_800' title='bbox 3542 4176 3632 4226; x_wconf 68' lang='lat' dir='ltr'><strong>the</strong></span> 
     </span>
    </p>
   </div>
   <div class='ocr_carea' id='block_1_105' title="bbox 2026 4254 3634 4330">
    <p class='ocr_par' dir='ltr' id='par_1_105' title="bbox 2026 4254 3634 4330">
     <span class='ocr_line' id='line_1_105' title="bbox 2026 4254 3634 4330; baseline 0.006 -21"><span class='ocrx_word' id='word_1_801' title='bbox 2026 4254 2279 4309; x_wconf 80' lang='lat' dir='ltr'><strong>orbitatis</strong></span> <span class='ocrx_word' id='word_1_802' title='bbox 2300 4268 2516 4309; x_wconf 85' lang='lat' dir='ltr'><strong>causam</strong></span> <span class='ocrx_word' id='word_1_803' title='bbox 2554 4266 2705 4322; x_wconf 74' lang='lat' dir='ltr'><strong>esse;</strong></span> <span class='ocrx_word' id='word_1_804' title='bbox 2736 4262 3013 4328; x_wconf 75' lang='lat' dir='ltr'><strong>prepterea</strong></span> <span class='ocrx_word' id='word_1_805' title='bbox 3055 4260 3179 4314; x_wconf 84' lang='lat' dir='ltr'><strong>nolo</strong></span> <span class='ocrx_word' id='word_1_806' title='bbox 3204 4270 3256 4315; x_wconf 89' lang='lat' dir='ltr'><strong>te</strong></span> <span class='ocrx_word' id='word_1_807' title='bbox 3280 4262 3507 4330; x_wconf 71' lang='lat' dir='ltr'><strong>privare</strong></span> <span class='ocrx_word' id='word_1_808' title='bbox 3536 4263 3634 4319; x_wconf 79' lang='grc' dir='ltr'>ιιιο</span> 
     </span>
    </p>
   </div>
   <div class='ocr_carea' id='block_1_106' title="bbox 2026 4346 3636 4420">
    <p class='ocr_par' dir='ltr' id='par_1_106' title="bbox 2026 4346 3636 4420">
     <span class='ocr_line' id='line_1_106' title="bbox 2026 4346 3636 4420; baseline 0.006 -19"><span class='ocrx_word' id='word_1_809' title='bbox 2026 4347 2243 4401; x_wconf 80' lang='lat' dir='ltr'><strong>solatio.</strong></span> <span class='ocrx_word' id='word_1_810' title='bbox 2269 4346 2539 4401; x_wconf 75' lang='lat' dir='ltr'><strong>Fortassis</strong></span> <span class='ocrx_word' id='word_1_811' title='bbox 2564 4348 2740 4403; x_wconf 82' lang='lat' dir='ltr'><strong>autem</strong></span> <span class='ocrx_word' id='word_1_812' title='bbox 2768 4348 2929 4403; x_wconf 82' lang='lat' dir='ltr'><strong>etiam</strong></span> <span class='ocrx_word' id='word_1_813' title='bbox 2952 4350 3323 4420; x_wconf 77' lang='lat' dir='ltr'><strong>suspicabatur</strong></span> <span class='ocrx_word' id='word_1_814' title='bbox 3341 4352 3481 4409; x_wconf 74' lang='lat' dir='ltr'><strong>Sara</strong></span> <span class='ocrx_word' id='word_1_815' title='bbox 3514 4363 3636 4410; x_wconf 64' lang='lat' dir='ltr'><strong>stea-</strong></span> 
     </span>
    </p>
   </div>
   <div class='ocr_carea' id='block_1_107' title="bbox 2029 4434 3638 4518">
    <p class='ocr_par' dir='ltr' id='par_1_107' title="bbox 2029 4434 3638 4518">
     <span class='ocr_line' id='line_1_107' title="bbox 2029 4434 3638 4518; baseline 0.004 -24"><span class='ocrx_word' id='word_1_816' title='bbox 2029 4438 2280 4494; x_wconf 62' lang='lat' dir='ltr'><strong>‘rilitatem</strong></span> <span class='ocrx_word' id='word_1_817' title='bbox 2310 4434 2455 4493; x_wconf 80' lang='lat' dir='ltr'><strong>illam</strong></span> <span class='ocrx_word' id='word_1_818' title='bbox 2476 4446 2583 4493; x_wconf 85' lang='lat' dir='ltr'><strong>non</strong></span> <span class='ocrx_word' id='word_1_819' title='bbox 2629 4448 2661 4494; x_wconf 82' lang='lat' dir='ltr'><strong>a</strong></span> <span class='ocrx_word' id='word_1_820' title='bbox 2698 4448 2757 4495; x_wconf 82' lang='lat' dir='ltr'><strong>se</strong></span> <span class='ocrx_word' id='word_1_821' title='bbox 2780 4441 2892 4496; x_wconf 90' lang='lat' dir='ltr'><strong>sola</strong></span> <span class='ocrx_word' id='word_1_822' title='bbox 2920 4454 3041 4498; x_wconf 85' lang='lat' dir='ltr'><strong>esse</strong></span> <span class='ocrx_word' id='word_1_823' title='bbox 3064 4483 3080 4508; x_wconf 96' lang='lat'><strong>,</strong></span> <span class='ocrx_word' id='word_1_824' title='bbox 3114 4442 3206 4499; x_wconf 85' lang='lat' dir='ltr'><strong>sed</strong></span> <span class='ocrx_word' id='word_1_825' title='bbox 3231 4445 3403 4500; x_wconf 75' lang='lat' dir='ltr'><strong>etiam</strong></span> <span class='ocrx_word' id='word_1_826' title='bbox 3428 4462 3499 4502; x_wconf 75' lang='lat' dir='ltr'><strong>es</strong></span> <span class='ocrx_word' id='word_1_827' title='bbox 3532 4458 3638 4518; x_wconf 63' lang='lat' dir='ltr'><strong>pa-</strong></span> 
     </span>
    </p>
   </div>
   <div class='ocr_carea' id='block_1_108' title="bbox 2026 4529 3639 4609">
    <p class='ocr_par' dir='ltr' id='par_1_108' title="bbox 2026 4529 3639 4609">
     <span class='ocr_line' id='line_1_108' title="bbox 2026 4529 3639 4609; baseline 0.007 -27"><span class='ocrx_word' id='word_1_828' title='bbox 2026 4529 2261 4584; x_wconf 70' lang='lat' dir='ltr'><strong>triarcha</strong></span> <span class='ocrx_word' id='word_1_829' title='bbox 2293 4544 2307 4584; x_wconf 73' lang='grc' dir='ltr'>ε</span> <span class='ocrx_word' id='word_1_830' title='bbox 2337 4530 2459 4585; x_wconf 83' lang='lat' dir='ltr'><strong>ideo</strong></span> <span class='ocrx_word' id='word_1_831' title='bbox 2483 4530 2671 4585; x_wconf 70' lang='lat' dir='ltr'><strong>voletis</strong></span> <span class='ocrx_word' id='word_1_832' title='bbox 2694 4541 2844 4586; x_wconf 75' lang='lat' dir='ltr'><strong>certe</strong></span> <span class='ocrx_word' id='word_1_833' title='bbox 2864 4533 3233 4602; x_wconf 69' lang='lat' dir='ltr'><strong>experimento</strong></span> <span class='ocrx_word' id='word_1_834' title='bbox 3264 4536 3319 4589; x_wconf 84' lang='lat' dir='ltr'><strong>id</strong></span> <span class='ocrx_word' id='word_1_835' title='bbox 3347 4540 3639 4609; x_wconf 62' lang='lat' dir='ltr'><strong>comperi-</strong></span> 
     </span>
    </p>
   </div>
   <div class='ocr_carea' id='block_1_109' title="bbox 2028 4621 3643 4694">
    <p class='ocr_par' dir='ltr' id='par_1_109' title="bbox 2028 4621 3643 4694">
     <span class='ocr_line' id='line_1_109' title="bbox 2028 4621 3643 4694; baseline 0.008 -21"><span class='ocrx_word' id='word_1_836' title='bbox 2028 4634 2110 4687; x_wconf 87' lang='lat' dir='ltr'><strong>re,</strong></span> <span class='ocrx_word' id='word_1_837' title='bbox 2143 4621 2349 4675; x_wconf 69' lang='lat' dir='ltr'><strong>aneillaa</strong></span> <span class='ocrx_word' id='word_1_838' title='bbox 2369 4622 2533 4689; x_wconf 74' lang='lat' dir='ltr'><strong>cedit,</strong></span> <span class='ocrx_word' id='word_1_839' title='bbox 2561 4622 2616 4677; x_wconf 80' lang='lat' dir='ltr'><strong>et</strong></span> <span class='ocrx_word' id='word_1_840' title='bbox 2645 4622 2788 4677; x_wconf 76' lang='lat' dir='ltr'><strong>illam</strong></span> <span class='ocrx_word' id='word_1_841' title='bbox 2809 4622 2861 4677; x_wconf 75' lang='lat' dir='ltr'><strong>in</strong></span> <span class='ocrx_word' id='word_1_842' title='bbox 2886 4624 3087 4680; x_wconf 81' lang='lat' dir='ltr'><strong>lectum</strong></span> <span class='ocrx_word' id='word_1_843' title='bbox 3108 4626 3249 4682; x_wconf 65' lang='lat' dir='ltr'><strong>illius</strong></span> <span class='ocrx_word' id='word_1_844' title='bbox 3270 4626 3447 4694; x_wconf 80' lang='lat' dir='ltr'><strong>ducit,</strong></span> <span class='ocrx_word' id='word_1_845' title='bbox 3480 4641 3547 4685; x_wconf 84' lang='lat' dir='ltr'><strong>ut</strong></span> <span class='ocrx_word' id='word_1_846' title='bbox 3578 4648 3643 4686; x_wconf 80' lang='lat' dir='ltr'><strong>re</strong></span> 
     </span>
    </p>
   </div>
   <div class='ocr_carea' id='block_1_110' title="bbox 2020 4710 3644 4787">
    <p class='ocr_par' dir='ltr' id='par_1_110' title="bbox 2020 4710 3644 4787">
     <span class='ocr_line' id='line_1_110' title="bbox 2020 4710 3644 4787; baseline 0.007 -21"><span class='ocrx_word' id='word_1_847' title='bbox 2020 4712 2141 4781; x_wconf 77' lang='lat' dir='ltr'><strong>ipsa</strong></span> <span class='ocrx_word' id='word_1_848' title='bbox 2170 4711 2341 4767; x_wconf 87' lang='lat' dir='ltr'><strong>discat</strong></span> <span class='ocrx_word' id='word_1_849' title='bbox 2367 4718 2434 4767; x_wconf 79' lang='lat' dir='ltr'><strong>an</strong></span> <span class='ocrx_word' id='word_1_850' title='bbox 2460 4710 2732 4768; x_wconf 64' lang='lat' dir='ltr'><strong>sola‘sltin</strong></span> <span class='ocrx_word' id='word_1_851' title='bbox 2758 4720 2939 4783; x_wconf 66' lang='lat' dir='ltr'><strong>causa,</strong></span> <span class='ocrx_word' id='word_1_852' title='bbox 2966 4716 3175 4787; x_wconf 78' lang='lat' dir='ltr'><strong>sibique</strong></span> <span class='ocrx_word' id='word_1_853' title='bbox 3197 4718 3298 4773; x_wconf 84' lang='lat' dir='ltr'><strong>solt</strong></span> <span class='ocrx_word' id='word_1_854' title='bbox 3323 4721 3397 4774; x_wconf 85' lang='lat' dir='ltr'><strong>sit</strong></span> <span class='ocrx_word' id='word_1_855' title='bbox 3422 4721 3644 4777; x_wconf 74' lang='lat' dir='ltr'><strong>adscri-</strong></span> 
     </span>
    </p>
   </div>
   <div class='ocr_carea' id='block_1_111' title="bbox 2031 4803 3646 4879">
    <p class='ocr_par' dir='ltr' id='par_1_111' title="bbox 2031 4803 3646 4879">
     <span class='ocr_line' id='line_1_111' title="bbox 2031 4803 3646 4879; baseline 0.007 -22"><span class='ocrx_word' id='word_1_856' title='bbox 2031 4803 2205 4858; x_wconf 84' lang='lat' dir='ltr'><strong>benda</strong></span> <span class='ocrx_word' id='word_1_857' title='bbox 2234 4805 2507 4860; x_wconf 78' lang='lat' dir='ltr'><strong>sterilitas.</strong></span> <span class='ocrx_word' id='word_1_858' title='bbox 2557 4805 2789 4859; x_wconf 69' lang='lat' dir='ltr'><strong>Obedieit</strong></span> <span class='ocrx_word' id='word_1_859' title='bbox 2836 4816 3026 4873; x_wconf 74' lang='lat' dir='ltr'><strong>autem,</strong></span> <span class='ocrx_word' id='word_1_860' title='bbox 3060 4808 3250 4879; x_wconf 78' lang='lat' dir='ltr'><strong>inquit,</strong></span> <span class='ocrx_word' id='word_1_861' title='bbox 3274 4809 3479 4866; x_wconf 62' lang='lat' dir='ltr'><strong>Abram</strong></span> <span class='ocrx_word' id='word_1_862' title='bbox 3526 4814 3646 4868; x_wconf 67' lang='lat' dir='ltr'><strong>soci</strong></span> 
     </span>
    </p>
   </div>
   <div class='ocr_carea' id='block_1_112' title="bbox 2032 4893 3648 4971">
    <p class='ocr_par' dir='ltr' id='par_1_112' title="bbox 2032 4893 3648 4971">
     <span class='ocr_line' id='line_1_112' title="bbox 2032 4893 3648 4971; baseline 0.006 -22"><span class='ocrx_word' id='word_1_863' title='bbox 2032 4893 2199 4949; x_wconf 71' lang='lat' dir='ltr'><strong>Soror.</strong></span> <span class='ocrx_word' id='word_1_864' title='bbox 2227 4895 2409 4966; x_wconf 74' lang='lat' dir='ltr'><strong>Magna</strong></span> <span class='ocrx_word' id='word_1_865' title='bbox 2432 4896 2560 4965; x_wconf 83' lang='lat' dir='ltr'><strong>justi</strong></span> <span class='ocrx_word' id='word_1_866' title='bbox 2587 4897 2937 4967; x_wconf 75' lang='lat' dir='ltr'><strong>philosophia.</strong></span> <span class='ocrx_word' id='word_1_867' title='bbox 2960 4898 3023 4953; x_wconf 43' lang='lat' dir='ltr'><strong>‘ld</strong></span> <span class='ocrx_word' id='word_1_868' title='bbox 3046 4899 3190 4955; x_wconf 82' lang='lat' dir='ltr'><strong>enim</strong></span> <span class='ocrx_word' id='word_1_869' title='bbox 3210 4902 3350 4971; x_wconf 83' lang='lat' dir='ltr'><strong>quod</strong></span> <span class='ocrx_word' id='word_1_870' title='bbox 3365 4903 3512 4969; x_wconf 75' lang='lat' dir='ltr'><strong>dixi,</strong></span> <span class='ocrx_word' id='word_1_871' title='bbox 3534 4904 3648 4959; x_wconf 85' lang='lat' dir='ltr'><strong>hoc</strong></span> 
     </span>
    </p>
   </div>
   <div class='ocr_carea' id='block_1_113' title="bbox 2018 4986 3653 5058">
    <p class='ocr_par' dir='ltr' id='par_1_113' title="bbox 2018 4986 3653 5058">
     <span class='ocr_line' id='line_1_113' title="bbox 2018 4986 3653 5058; baseline 0.008 -20"><span class='ocrx_word' id='word_1_872' title='bbox 2018 4993 2085 5039; x_wconf 64' lang='lat' dir='ltr'><strong>et</strong></span> <span class='ocrx_word' id='word_1_873' title='bbox 2105 5000 2247 5040; x_wconf 88' lang='lat' dir='ltr'><strong>nunc</strong></span> <span class='ocrx_word' id='word_1_874' title='bbox 2271 4986 2392 5041; x_wconf 93' lang='lat' dir='ltr'><strong>dico</strong></span> <span class='ocrx_word' id='word_1_875' title='bbox 2423 5003 2437 5039; x_wconf 88' lang='lat'><strong>:</strong></span> <span class='ocrx_word' id='word_1_876' title='bbox 2468 4986 2617 5042; x_wconf 67' lang='lat' dir='ltr'><strong>illum</strong></span> <span class='ocrx_word' id='word_1_877' title='bbox 2646 5000 2753 5042; x_wconf 90' lang='lat' dir='ltr'><strong>non</strong></span> <span class='ocrx_word' id='word_1_878' title='bbox 2784 4989 3015 5058; x_wconf 74' lang='lat' dir='ltr'><strong>priorem</strong></span> <span class='ocrx_word' id='word_1_879' title='bbox 3043 4991 3147 5045; x_wconf 83' lang='lat' dir='ltr'><strong>hoc</strong></span> <span class='ocrx_word' id='word_1_880' title='bbox 3166 4992 3458 5049; x_wconf 85' lang='lat' dir='ltr'><strong>consilium</strong></span> <span class='ocrx_word' id='word_1_881' title='bbox 3481 4996 3653 5051; x_wconf 69' lang='lat' dir='ltr'><strong>iniis-</strong></span> 
     </span>
    </p>
   </div>
   <div class='ocr_carea' id='block_1_114' title="bbox 2031 5076 3651 5150">
    <p class='ocr_par' dir='ltr' id='par_1_114' title="bbox 2031 5076 3651 5150">
     <span class='ocr_line' id='line_1_114' title="bbox 2031 5076 3651 5150; baseline 0.006 -19"><span class='ocrx_word' id='word_1_882' title='bbox 2031 5090 2110 5144; x_wconf 88' lang='lat' dir='ltr'><strong>se,</strong></span> <span class='ocrx_word' id='word_1_883' title='bbox 2142 5079 2386 5147; x_wconf 79' lang='lat' dir='ltr'><strong>quamvis</strong></span> <span class='ocrx_word' id='word_1_884' title='bbox 2418 5079 2470 5133; x_wconf 83' lang='lat' dir='ltr'><strong>in</strong></span> <span class='ocrx_word' id='word_1_885' title='bbox 2517 5076 2756 5134; x_wconf 69' lang='lat' dir='ltr'><strong>crtrema</strong></span> <span class='ocrx_word' id='word_1_886' title='bbox 2806 5082 3083 5137; x_wconf 75' lang='lat' dir='ltr'><strong>senectute</strong></span> <span class='ocrx_word' id='word_1_887' title='bbox 3128 5091 3309 5150; x_wconf 86' lang='lat' dir='ltr'><strong>esset,</strong></span> <span class='ocrx_word' id='word_1_888' title='bbox 3334 5096 3395 5140; x_wconf 79' lang='lat' dir='ltr'><strong>ut</strong></span> <span class='ocrx_word' id='word_1_889' title='bbox 3424 5102 3589 5144; x_wconf 68' lang='lat' dir='ltr'><strong>nosse</strong></span> <span class='ocrx_word' id='word_1_890' title='bbox 3617 5106 3651 5141; x_wconf 69' lang='grc' dir='ltr'>ει</span> 
     </span>
    </p>
   </div>
   <div class='ocr_carea' id='block_1_115' title="bbox 2022 5167 3654 5242">
    <p class='ocr_par' dir='ltr' id='par_1_115' title="bbox 2022 5167 3654 5242">
     <span class='ocr_line' id='line_1_115' title="bbox 2022 5167 3654 5242; baseline 0.007 -19"><span class='ocrx_word' id='word_1_891' title='bbox 2022 5167 2161 5223; x_wconf 83' lang='lat' dir='ltr'><strong>Sara</strong></span> <span class='ocrx_word' id='word_1_892' title='bbox 2183 5169 2509 5225; x_wconf 83' lang='lat' dir='ltr'><strong>admonitum</strong></span> <span class='ocrx_word' id='word_1_893' title='bbox 2536 5181 2783 5242; x_wconf 78' lang='lat' dir='ltr'><strong>prompte</strong></span> <span class='ocrx_word' id='word_1_894' title='bbox 2827 5172 3149 5240; x_wconf 76' lang='lat' dir='ltr'><strong>obcdivisse,</strong></span> <span class='ocrx_word' id='word_1_895' title='bbox 3196 5184 3253 5230; x_wconf 82' lang='lat' dir='ltr'><strong>ut</strong></span> <span class='ocrx_word' id='word_1_896' title='bbox 3296 5174 3541 5236; x_wconf 73' lang='lat' dir='ltr'><strong>docens</strong></span> <span class='ocrx_word' id='word_1_897' title='bbox 3586 5195 3654 5234; x_wconf 85' lang='lat' dir='ltr'><strong>se</strong></span> 
     </span>
    </p>
   </div>
   <div class='ocr_carea' id='block_1_116' title="bbox 2031 5261 3649 5336">
    <p class='ocr_par' dir='ltr' id='par_1_116' title="bbox 2031 5261 3649 5336">
     <span class='ocr_line' id='line_1_116' title="bbox 2031 5261 3649 5336; baseline 0.007 -23"><span class='ocrx_word' id='word_1_898' title='bbox 2031 5272 2136 5313; x_wconf 88' lang='lat' dir='ltr'><strong>non</strong></span> <span class='ocrx_word' id='word_1_899' title='bbox 2166 5274 2233 5315; x_wconf 84' lang='lat' dir='ltr'><strong>ex</strong></span> <span class='ocrx_word' id='word_1_900' title='bbox 2259 5261 2685 5331; x_wconf 76' lang='lat' dir='ltr'><strong>concupiscentia</strong></span> <span class='ocrx_word' id='word_1_901' title='bbox 2715 5262 2799 5316; x_wconf 79' lang='lat' dir='ltr'><strong>vel</strong></span> <span class='ocrx_word' id='word_1_902' title='bbox 2832 5262 3055 5319; x_wconf 79' lang='lat' dir='ltr'><strong>libidine</strong></span> <span class='ocrx_word' id='word_1_903' title='bbox 3079 5266 3332 5336; x_wconf 77' lang='lat' dir='ltr'><strong>congredi</strong></span> <span class='ocrx_word' id='word_1_904' title='bbox 3369 5280 3511 5323; x_wconf 68' lang='lat' dir='ltr'><strong>etus:</strong></span> <span class='ocrx_word' id='word_1_905' title='bbox 3549 5269 3649 5324; x_wconf 80' lang='lat' dir='ltr'><strong>illa</strong></span> 
     </span>
    </p>
   </div>
   <div class='ocr_carea' id='block_1_117' title="bbox 2031 5353 3650 5425">
    <p class='ocr_par' dir='ltr' id='par_1_117' title="bbox 2031 5353 3650 5425">
     <span class='ocr_line' id='line_1_117' title="bbox 2031 5353 3650 5425; baseline 0.004 -19"><span class='ocrx_word' id='word_1_906' title='bbox 2031 5354 2282 5419; x_wconf 65' lang='lat' dir='ltr'><strong>Voluisse,</strong></span> <span class='ocrx_word' id='word_1_907' title='bbox 2302 5353 2396 5409; x_wconf 84' lang='lat' dir='ltr'><strong>sed</strong></span> <span class='ocrx_word' id='word_1_908' title='bbox 2416 5363 2476 5408; x_wconf 78' lang='lat' dir='ltr'><strong>ut</strong></span> <span class='ocrx_word' id='word_1_909' title='bbox 2512 5353 2735 5409; x_wconf 86' lang='lat' dir='ltr'><strong>seminis</strong></span> <span class='ocrx_word' id='word_1_910' title='bbox 2764 5354 3089 5425; x_wconf 84' lang='lat' dir='ltr'><strong>relinqueret</strong></span> <span class='ocrx_word' id='word_1_911' title='bbox 3112 5358 3552 5415; x_wconf 74' lang='lat' dir='ltr'><strong>successionem.</strong></span> <span class='ocrx_word' id='word_1_912' title='bbox 3589 5361 3650 5416; x_wconf 81' lang='lat'><strong>5.</strong></span> 
     </span>
    </p>
   </div>
   <div class='ocr_carea' id='block_1_118' title="bbox 2014 5445 3651 5522">
    <p class='ocr_par' dir='ltr' id='par_1_118' title="bbox 2014 5445 3651 5522">
     <span class='ocr_line' id='line_1_118' title="bbox 2014 5445 3651 5522; baseline 0.005 -23"><span class='ocrx_word' id='word_1_913' title='bbox 2014 5445 2097 5499; x_wconf 75' lang='lat' dir='ltr'><strong>Et</strong></span> <span class='ocrx_word' id='word_1_914' title='bbox 2118 5446 2233 5501; x_wconf 72' lang='lat' dir='ltr'><strong>tulit</strong></span> <span class='ocrx_word' id='word_1_915' title='bbox 2254 5446 2397 5501; x_wconf 76' lang='lat' dir='ltr'><strong>&#39;Sdra</strong></span> <span class='ocrx_word' id='word_1_916' title='bbox 2418 5456 2550 5500; x_wconf 71' lang='lat' dir='ltr'><strong>uxor</strong></span> <span class='ocrx_word' id='word_1_917' title='bbox 2586 5447 2738 5501; x_wconf 58' lang='lat' dir='ltr'><strong>lbra:</strong></span> <span class='ocrx_word' id='word_1_918' title='bbox 2773 5448 2992 5519; x_wconf 71' lang='lat' dir='ltr'><strong>Agar-em</strong></span> <span class='ocrx_word' id='word_1_919' title='bbox 3034 5449 3338 5522; x_wconf 63' lang='grc' dir='ltr'><strong>Αἰςιιρύαπι</strong></span> <span class='ocrx_word' id='word_1_920' title='bbox 3376 5455 3651 5509; x_wconf 70' lang='lat' dir='ltr'><strong>ancillam</strong></span> 
     </span>
    </p>
   </div>
   <div class='ocr_carea' id='block_1_119' title="bbox 2030 5538 3651 5608">
    <p class='ocr_par' dir='ltr' id='par_1_119' title="bbox 2030 5538 3651 5608">
     <span class='ocr_line' id='line_1_119' title="bbox 2030 5538 3651 5608; baseline 0.006 -15"><span class='ocrx_word' id='word_1_921' title='bbox 2030 5552 2172 5593; x_wconf 80' lang='lat' dir='ltr'><strong>suam</strong></span> <span class='ocrx_word' id='word_1_922' title='bbox 2195 5579 2210 5605; x_wconf 94' lang='lat'><strong>,</strong></span> <span class='ocrx_word' id='word_1_923' title='bbox 2244 5547 2509 5608; x_wconf 84' lang='lat' dir='ltr'><strong>pastquam</strong></span> <span class='ocrx_word' id='word_1_924' title='bbox 2535 5538 2702 5592; x_wconf 81' lang='lat' dir='ltr'><strong>decem</strong></span> <span class='ocrx_word' id='word_1_925' title='bbox 2732 5555 2893 5594; x_wconf 84' lang='lat' dir='ltr'><strong>annos</strong></span> <span class='ocrx_word' id='word_1_926' title='bbox 2921 5540 3190 5596; x_wconf 76' lang='lat' dir='ltr'><strong>habitasset</strong></span> <span class='ocrx_word' id='word_1_927' title='bbox 3234 5560 3351 5599; x_wconf 67' lang='lat' dir='ltr'><strong>cson</strong></span> <span class='ocrx_word' id='word_1_928' title='bbox 3375 5547 3499 5601; x_wconf 69' lang='lat' dir='ltr'><strong>uiro</strong></span> <span class='ocrx_word' id='word_1_929' title='bbox 3543 5564 3651 5602; x_wconf 68' lang='lat' dir='ltr'><strong>uo</strong></span> 
     </span>
    </p>
   </div>
   <div class='ocr_carea' id='block_1_120' title="bbox 2026 5628 3646 5703">
    <p class='ocr_par' dir='ltr' id='par_1_120' title="bbox 2026 5628 3646 5703">
     <span class='ocr_line' id='line_1_120' title="bbox 2026 5628 3646 5703; baseline 0.009 -18"><span class='ocrx_word' id='word_1_930' title='bbox 2026 5630 2080 5685; x_wconf 81' lang='lat' dir='ltr'><strong>in</strong></span> <span class='ocrx_word' id='word_1_931' title='bbox 2101 5628 2392 5687; x_wconf 73' lang='lat' dir='ltr'><strong>Chattorum</strong></span> <span class='ocrx_word' id='word_1_932' title='bbox 2411 5633 2494 5703; x_wconf 89' lang='lat' dir='ltr'><strong>(a)</strong></span> <span class='ocrx_word' id='word_1_933' title='bbox 2518 5644 2566 5689; x_wconf 83' lang='lat' dir='ltr'><strong>et</strong></span> <span class='ocrx_word' id='word_1_934' title='bbox 2586 5636 2724 5690; x_wconf 77' lang='lat' dir='ltr'><strong>dedit</strong></span> <span class='ocrx_word' id='word_1_935' title='bbox 2743 5652 2855 5691; x_wconf 82' lang='lat' dir='ltr'><strong>eam</strong></span> <span class='ocrx_word' id='word_1_936' title='bbox 2882 5636 3034 5693; x_wconf 67' lang='lat' dir='ltr'><strong>Abrae</strong></span> <span class='ocrx_word' id='word_1_937' title='bbox 3057 5639 3162 5694; x_wconf 74' lang='lat' dir='ltr'><strong>viro</strong></span> <span class='ocrx_word' id='word_1_938' title='bbox 3189 5657 3280 5696; x_wconf 70' lang='lat' dir='ltr'><strong>suo</strong></span> <span class='ocrx_word' id='word_1_939' title='bbox 3298 5642 3353 5696; x_wconf 77' lang='lat' dir='ltr'><strong>in</strong></span> <span class='ocrx_word' id='word_1_940' title='bbox 3380 5654 3646 5699; x_wconf 67' lang='lat' dir='ltr'><strong>mm.</strong></span> 
     </span>
    </p>
   </div>
   <div class='ocr_carea' id='block_1_121' title="bbox 2092 5744 3645 5819">
    <p class='ocr_par' dir='ltr' id='par_1_121' title="bbox 2092 5744 3645 5819">
     <span class='ocr_line' id='line_1_121' title="bbox 2092 5744 3645 5819; baseline 0.008 -26"><span class='ocrx_word' id='word_1_941' title='bbox 2092 5744 2169 5808; x_wconf 83' lang='lat' dir='ltr'><strong>(a)</strong></span> <span class='ocrx_word' id='word_1_942' title='bbox 2200 5747 2282 5796; x_wconf 84' lang='lat' dir='ltr'><strong>ttic</strong></span> <span class='ocrx_word' id='word_1_943' title='bbox 2303 5756 2487 5798; x_wconf 68' lang='lat' dir='ltr'><strong>variant</strong></span> <span class='ocrx_word' id='word_1_944' title='bbox 2507 5747 2807 5812; x_wconf 78' lang='lat' dir='ltr'><strong>exemplaria</strong></span> <span class='ocrx_word' id='word_1_945' title='bbox 2831 5750 3135 5813; x_wconf 78' lang='lat' dir='ltr'><strong>septuaginta</strong></span> <span class='ocrx_word' id='word_1_946' title='bbox 3160 5757 3520 5819; x_wconf 81' lang='lat' dir='ltr'><strong>interpretum,</strong></span> <span class='ocrx_word' id='word_1_947' title='bbox 3555 5756 3645 5806; x_wconf 77' lang='lat' dir='ltr'><strong>ubi</strong></span> 
     </span>
    </p>
   </div>
  </div>
