3750 6282
220 271 332 330 εδδ

222 389 485 452 Attende,
539 390 798 457 obsecro,
842 389 1127 461 Scriptum:
1157 387 1524 459 diligentiam:
1561 394 1619 440 ut
1659 384 1799 439 enim

216 481 487 535 discamus
515 476 658 535 illum
678 495 781 540 non
814 495 933 534 mox
961 489 1083 548 post
1110 479 1223 533 haec
1249 479 1407 532 verba
1435 492 1552 547 qua:
1579 476 1646 530 ad
1679 490 1801 530 cum

218 571 351 624 dixit
401 572 555 636 Sara,
580 571 634 626 in
677 586 811 641 opus
859 569 1189 640 prosiluisse,
1219 569 1340 623 ideo
1392 568 1521 622 dicit
1550 585 1564 621 :
1596 566 1663 621 Et
1687 566 1802 620 tulit

216 664 352 715 Sara
400 679 530 717 uxor
557 662 706 717 Abrw
730 662 946 733 Agarem
981 662 1284 732 Egyptians
1325 660 1562 713 ancillam
1606 674 1750 715 suam
1781 673 1802 712 :

211 753 365 820 queis
385 753 685 809 subindicat
711 753 863 808 nobis
892 754 1162 821 Scriptura
1201 752 1384 807 divina
1410 768 1530 805 eum
1565 765 1787 805 uxorem

210 859 365 897 suam
391 846 806 907 consolaturum,
829 854 881 899 et
907 844 954 900 ei
980 844 1199 914 obsequi
1220 843 1505 905 volentem,
1530 841 1667 897 hanc
1684 856 1796 896 rem

213 932 429 990 fecisse.
462 934 595 990 Nam
625 944 682 989 ιιι
705 935 982 995 evidenter
1009 935 1146 989 scias
1176 932 1486 1003 patriarchae
1513 933 1794 987 continen-

210 1030 339 1078 tiam
361 1033 415 1079 et
442 1025 689 1080 eximiam
718 1024 1125 1095 temperantiam
1150 1066 1164 1089 ,
1196 1024 1324 1079 dicit
1356 1040 1371 1078 :
1402 1022 1678 1093 Postquam
1703 1024 1792 1077 de-

208 1132 318 1170 cem
347 1118 493 1171 armis
527 1117 797 1179 habitasset
847 1133 961 1174 cum
1010 1116 1230 1170 Abramo
1280 1117 1387 1169 uiro
1424 1132 1516 1171 suo
1560 1116 1613 1171 in
1659 1124 1793 1168 terra

205 1205 472 1262 Chanaan.
500 1208 617 1263 Non
646 1210 846 1278 absque
874 1223 1035 1267 causa
1058 1216 1263 1277 tempus
1288 1207 1596 1277 assignavit,
1614 1206 1709 1262 sed
1734 1215 1792 1264 ut

204 1300 346 1354 scire
371 1300 636 1369 possimus
661 1308 791 1369 quot
816 1299 969 1354 anuis
994 1298 1170 1368 justus
1198 1298 1407 1355 fortiter
1431 1298 1788 1353 infecundita-

205 1400 313 1445 tem
345 1392 541 1457 tulerit,
572 1401 626 1447 et
651 1391 927 1457 affectibus
956 1391 1205 1460 superior
1225 1406 1468 1461 magnam
1487 1389 1789 1445 exhibuerit

200 1483 581 1539 continentiam
615 1501 631 1539 :
665 1500 834 1562 neque
862 1483 966 1547 hoc
981 1485 1181 1548 solum,
1203 1484 1296 1539 sed
1324 1494 1381 1539 ut
1400 1494 1454 1540 et
1473 1483 1613 1539 aliud
1636 1482 1786 1554 quid-

198 1574 324 1628 dam
369 1574 493 1629 inde
539 1574 825 1632 discamus.
878 1575 1000 1630 Ideo
1044 1578 1191 1637 enim
1243 1574 1476 1645 adjecit:
1507 1572 1784 1644 Postquam

196 1667 367 1719 decem
387 1667 534 1719 annis
559 1666 829 1721 habitasset
850 1684 965 1720 cum
987 1667 1093 1721 viro
1121 1682 1213 1721 suo
1242 1666 1293 1723 in
1322 1675 1456 1720 terra
1494 1664 1736 1719 Chanaan
1764 1680 1785 1719 :

194 1771 304 1811 non
332 1756 473 1811 enim
505 1772 664 1813 omne
685 1766 893 1827 tempus
917 1755 1324 1812 cohabitationis
1363 1754 1516 1814 nobis
1539 1754 1780 1813 declara-

192 1850 290 1913 vit,
314 1850 406 1904 sed
430 1850 557 1907 illud
579 1851 750 1905 solum
792 1849 931 1921 quod
973 1850 1027 1904 in
1071 1848 1367 1904 Clianantea
1409 1856 1779 1918 consumptum

189 1951 294 1996 est.
325 1943 498 2010 Quare
526 1945 627 1997 hoc
652 1985 667 2008 ,
698 1951 752 1997 et
779 1957 938 2013 quam
968 1942 1038 1996 ob
1063 1940 1326 1996 causam?
1356 1941 1486 2008 Quia
1517 1940 1695 1994 statim
1724 1950 1780 1993 ut

190 2035 337 2088 venit
356 2036 409 2089 in
427 2034 801 2100 Chananazam,
823 2033 1081 2103 benignus
1102 2032 1353 2087 Dominus
1371 2029 1775 2102 promissionem

189 2126 316 2181 fecit
344 2126 424 2180 his
454 2128 632 2191 verbis
661 2142 676 2180 :
711 2126 907 2180 Semini
934 2134 1019 2179 tuo
1042 2124 1171 2178 dabo
1199 2133 1382 2178 terram
1404 2123 1534 2177 hanc
1554 2139 1572 2177 :
1591 2129 1778 2191 etpost

185 2217 307 2271 haec
336 2233 545 2287 quoque
573 2217 739 2272 semel
758 2226 915 2287 atque
936 2216 1127 2270 iterum
1150 2212 1528 2285 promissioncs
1540 2212 1772 2283 repetiit,

185 2316 246 2361 ut
274 2308 445 2374 scias,
478 2309 708 2375 dilecte,
736 2307 978 2377 quamvis
1032 2315 1181 2362 tanto
1228 2315 1465 2374 tempore
1522 2304 1774 2359 Dominus

181 2400 470 2463 distulerit,
503 2410 558 2456 et
600 2401 862 2470 promissa
912 2416 1016 2455 non
1061 2399 1380 2469 impleverit,
1417 2398 1771 2468 patriarcham

182 2501 363 2547 tamen
407 2509 511 2547 non
544 2492 708 2548 fuisse
756 2494 940 2548 animo
989 2492 1282 2557 turbatum,
1337 2491 1430 2547 sed
1475 2492 1771 2547 ratiociniis

179 2585 298 2638 suis
341 2584 517 2638 divina
549 2585 687 2639 dicta
731 2585 1047 2655 praztnlisse.
1107 2584 1394 2654 Propterea
1439 2584 1587 2650 dicit,
1628 2583 1772 2637 Post.

177 2692 335 2742 quant
364 2676 531 2729 decem
555 2694 716 2729 annos
742 2677 893 2729 simul
922 2676 1228 2730 Itabitassent
1259 2676 1311 2729 in
1338 2686 1471 2729 terra
1500 2673 1766 2730 Chanaan.

179 2766 371 2820 \‘idisti
419 2768 621 2822 virilem
672 2766 948 2822 animum?
990 2766 1167 2822 vidisti
1220 2766 1571 2838 philosophiae
1613 2765 1771 2835 hujus

176 2858 657 2913 exercitationem?
696 2859 964 2929 quomodo
1005 2858 1261 2913 Dominus
1318 2866 1376 2914 ut
1416 2873 1533 2913 eam
1583 2857 1770 2911 reddat

175 2949 544 3013 illustriorem,
571 2961 744 3007 cesset
772 2966 835 3006 ac
873 2950 1121 3006 diﬂ'crat?
1158 2950 1289 3005 Nam
1321 2950 1443 3020 quia
1480 2949 1765 3020 plurimum

171 3045 226 3098 ei
258 3059 398 3098 curm
432 3054 555 3099 sunt
585 3044 767 3099 famuli
794 3044 875 3100 sui
900 3084 916 3109 ,
948 3058 1055 3098 non
1102 3043 1173 3098 ita
1221 3043 1533 3114 simpliciter
1582 3042 1635 3097 in
1673 3056 1767 3096 eos

170 3134 425 3190 conferre
450 3135 726 3203 beneﬁcia,
755 3134 848 3191 sed
881 3134 1038 3190 simul
1060 3135 1218 3190 etiam
1236 3134 1551 3204 conspicuos
1570 3132 1765 3189 redde-

171 3240 260 3290 re,
291 3224 558 3294 fidemque
602 3226 837 3295 ipsorum
866 3226 1112 3283 omnibus
1137 3225 1412 3281 declarare
1460 3224 1668 3296 satagit.
1707 3223 1764 3279 Si

169 3318 320 3369 enim
338 3317 517 3371 statim
541 3326 597 3372 ut
617 3318 860 3388 promisit
878 3333 937 3374 se
961 3318 1209 3373 daturum
1232 3318 1423 3374 semini
1435 3317 1551 3389 ejus
1564 3328 1760 3374 terram

168 3407 337 3471 hanc,
377 3408 671 3477 aperuisset
722 3408 867 3465 Sara:
917 3409 1151 3476 vulvam,
1194 3418 1249 3467 et
1296 3409 1494 3465 liberos
1528 3408 1765 3465 dedi~set

168 3512 537 3566 successores,
568 3514 740 3570 neque
764 3509 868 3554 tam
890 3515 1138 3571 magnum
1176 3499 1507 3558 exhibuisset
1529 3500 1759 3556 miracu-

168 3592 307 3655 lum,
338 3609 512 3662 neque
539 3602 643 3648 tam
666 3594 806 3650 clara
834 3593 973 3664 apud
994 3609 1184 3651 omnes
1209 3594 1397 3650 fuisset
1420 3593 1547 3664 justi
1570 3594 1758 3647 virtus.

167 3681 357 3738 Virtus
384 3685 526 3738 enim
572 3684 661 3739 Dei
689 3693 743 3740 et
772 3693 896 3739 tunc
941 3684 1220 3740 manifesta
1274 3684 1487 3753 quidem
1539 3684 1759 3741 fuisset:

167 3789 297 3827 nam
330 3785 626 3830 emortuam
656 3785 860 3830 natura:
883 3775 1173 3842 ofﬁcinam,
1201 3785 1254 3830 et
1284 3776 1522 3831 inutilem
1541 3777 1606 3829 ad
1635 3791 1760 3845 pro-

166 3867 433 3922 creandos
459 3866 600 3923 ﬁlios
630 3866 842 3935 factam,
877 3882 974 3922 suo
1000 3878 1267 3936 praecepto
1311 3867 1500 3922 iterum
1522 3876 1759 3937 vegetam

168 3959 389 4015 fecisset
417 3974 436 4014 τ
465 3969 519 4014 at
541 3975 647 4014 non
673 3961 742 4014 ita
774 3974 989 4014 suarum
1012 3958 1223 4013 laudum
1255 3974 1453 4014 corona
1478 3958 1760 4015 redimitus

167 4050 360 4104 fuisset
389 4050 709 4120 patriarcha,
744 4059 797 4105 ut
827 4065 969 4104 nunc
992 4065 1114 4105 cum
1138 4058 1285 4104 tanto
1321 4058 1560 4119 tempore
1596 4050 1761 4119 ipsius

167 4142 396 4214 probata
419 4151 500 4199 est
528 4142 715 4211 virtus,
745 4150 799 4197 et
824 4141 1061 4213 quotidie
1086 4141 1222 4197 facta
1249 4149 1333 4197 est
1358 4141 1578 4197 clarior.

236 4237 295 4292 3.
347 4236 414 4290 Et
438 4244 496 4291 ut
525 4235 661 4290 scias
706 4235 871 4290 Deum
902 4249 1007 4290 non
1038 4235 1211 4290 solum
1240 4234 1495 4290 beneficia
1522 4243 1577 4291 et
1620 4234 1759 4291 dona

167 4346 266 4384 sua
313 4328 558 4385 conferre
589 4328 745 4394 velle,
778 4328 870 4384 sed
898 4328 1110 4383 solitum
1160 4342 1280 4383 esse
1328 4326 1579 4383 beneﬁcia
1608 4342 1759 4383 acce-

169 4433 359 4491 pturos
387 4422 612 4477 reddere
633 4421 909 4490 clariores,
938 4420 1060 4476 vide
1087 4420 1233 4475 illum
1263 4419 1366 4475 hoc
1393 4430 1443 4475 et
1475 4421 1527 4474 in
1554 4419 1761 4475 Chana-

164 4531 284 4571 n:ra
316 4515 403 4570 illa
437 4516 631 4582 facere,
663 4523 717 4569 et
762 4513 960 4570 idcirco
984 4527 1197 4569 cessare
1222 4526 1284 4567 ac
1311 4509 1541 4575 dillerre,
1569 4520 1628 4566 ut
1654 4526 1758 4569 non

165 4606 341 4662 solum
374 4606 680 4677 petitionem
722 4604 863 4659 illius
910 4602 1157 4659 exaudiat
1187 4600 1397 4673 (Matth.
1446 4599 1556 4673 15),
1588 4600 1681 4657 scd
1706 4610 1761 4656 et

166 4708 226 4754 ut
252 4698 398 4753 illam
430 4698 596 4771 ipsam
628 4698 679 4752 in
708 4705 822 4752 toto
839 4695 968 4752 orbe
987 4695 1250 4751 celebrem
1278 4692 1483 4749 reddat.
1511 4691 1762 4759 Quando-

163 4791 384 4863 quidem
424 4806 545 4845 cum
591 4788 910 4860 supplicaret
956 4802 1019 4843 ac
1059 4787 1303 4842 diceret:
1336 4784 1576 4840 Miserere
1619 4785 1715 4840 mei
1740 4827 1755 4852 ,

168 4883 407 4950 Domine,
431 4883 547 4952 quia
577 4881 686 4950 ﬁlia
709 4896 818 4934 mea
840 4879 971 4933 male
988 4895 1019 4931 a
1039 4877 1288 4932 dtemonio
1310 4885 1565 4946 torquetur
1593 4874 1754 4940 (Ibid.

167 4991 214 5027 υ.
248 4972 345 5045 22)
388 4990 401 5025 :
434 4987 607 5041 neque
645 4985 905 5041 responso
939 4985 1060 5025 eam
1103 4968 1346 5039 dignatur
1373 4969 1676 5023 misericors
1704 4976 1760 5023 et

166 5062 619 5121 clementissimus
656 5062 911 5117 Dominus
948 5060 1062 5132 (a),
1090 5060 1284 5131 alioqui
1332 5075 1519 5131 preces
1548 5069 1757 5117 nostras

167 5170 385 5225 semper
414 5153 765 5225 praeveniens.
796 5152 865 5207 Et
912 5151 1155 5222 discipuli
1197 5151 1413 5223 quidem
1456 5151 1757 5206 nescientes

168 5246 296 5318 quid
342 5244 574 5300 futurum
605 5252 769 5312 esset,
814 5252 1017 5300 etcum
1060 5258 1241 5300 curam
1286 5259 1445 5315 agere
1471 5243 1709 5299 mulieris
1734 5283 1750 5309 ,

171 5410 359 5474 legitur
380 5413 637 5476 pato'tdéxa
657 5413 738 5476 {tu
758 5409 844 5476 rei:
887 5412 1105 5476 οἱδιῆσοιι⁸
1127 5410 1320 5476 ’[Αϐραρτ
1348 5413 1396 5461 ἐν
1427 5418 1493 5476 γῇ
1536 5412 1745 5476 Χαναάγ.

172 5482 184 5518 t
210 5472 508 5532 tirysos'tomi
538 5488 651 5522 vero
673 5473 939 5523 lectionem
963 5488 1060 5523 non
1082 5472 1238 5527 fuisse
1276 5472 1579 5523 librariorum
1613 5474 1747 5524 ausi-

174 5536 203 5581 b
226 5552 263 5579 is
290 5543 599 5600 temeratam,
626 5536 739 5584 hinc
765 5536 1000 5600 liquidum
1027 5542 1122 5596 est,
1146 5536 1274 5600 quod
1306 5538 1477 5585 eadem
1510 5534 1613 5599 ipsa
1636 5534 1745 5587 sine
1791 5569 1794 5572 ~

174 5599 458 5644 discrimine
486 5597 560 5658 his
582 5595 874 5658 repetantur
898 5595 1038 5645 infra.

235 5658 308 5715 tu)
340 5664 458 5723 Quae
483 5656 562 5707 hic
586 5655 653 5706 de
674 5660 943 5723 (Itiananaga
962 5658 1211 5723 dicuntur,
1236 5658 1408 5723 eadem
1436 5655 1537 5721 ipsa
1572 5670 1744 5723 persc-

177 5727 345 5780 qnitur
369 5722 744 5781 Chrysostomus
764 5718 947 5771 Ilomil.
977 5721 1037 5769 55
1062 5721 1110 5769 in
1141 5718 1438 5781 Diaulucurn.

1148 271 1217 331 IN
1251 270 1406 328 CAP.
1446 267 1588 325 XVI.
1630 263 1879 326 GENES.
1919 268 2145 325 ιιοιιιι.
2186 267 2472 329 XXXVIII.

3395 282 3497 337 354

1914 382 2163 451 nollcquc
2190 385 2493 443 thesaurum
2540 385 2656 453 ejus
2684 386 2871 452 latere,
2899 397 3058 459 atque
3104 389 3222 453 ideo
3268 408 3371 447 non
3408 413 3493 448 re-

1909 472 2198 541 Spondere,
2225 476 2373 543 quasi
2405 475 2605 545 majore
2634 476 3097 534 commiseratione
3126 479 3290 548 ducti,
3319 499 3497 539 acces-

1906 572 2091 617 serunt
2133 574 2189 624 et
2227 566 2578 625 obsecrabant
2625 584 2746 623 eum
2790 568 3031 627 dicentes
3061 589 3075 629 :
3107 570 3314 629 Dimitte
3340 592 3447 629 eam
3477 619 3495 645 ,

1904 657 2023 725 quia
2037 656 2342 727 clamatpost
2369 677 2459 716 nos
2475 659 2684 730 (Matth.
2707 662 2791 717 15.
2813 662 2908 733 93)
2931 665 3109 732 :quasi
3136 676 3496 725 monstrarent

1903 762 1963 800 se
1980 745 2089 817 jam
2119 764 2224 803 non
2266 749 2403 806 ferre
2429 752 2569 810 illius
2596 754 2915 813 molestiam.
2946 754 3316 818 Dimitteenim
3343 776 3453 814 eam
3477 804 3492 828 ,

1904 838 2169 908 inquiunt,
2200 857 2304 896 non
2346 844 2464 911 quia
2494 852 2599 897 tam
2627 861 2930 907 aerumnosa
2955 857 3057 914 est,
3089 863 3194 903 non
3225 850 3345 922 quia
3374 866 3492 923 pre-

1901 944 1992 985 ces
2020 930 2134 1001 ejus
2164 934 2510 989 rationabiles
2534 945 2677 998 sunt,
2705 937 2798 991 sed
2831 938 2962 1006 Quia
3001 941 3185 995 clamat
3236 953 3347 1012 post
3378 962 3489 999 nos.

1901 1020 2036 1089 Quid
2085 1022 2241 1091 igitur
2273 1025 2567 1080 Dominus?
2598 1025 2794 1084 Volcns
2821 1039 2874 1084 et
2903 1029 3156 1098 paulatim
3188 1033 3331 1087 itlius
3377 1034 3495 1089 the-

1898 1129 2115 1169 saurum
2166 1115 2446 1186 detegere,
2496 1126 2552 1173 et
2596 1118 2792 1176 docere
2837 1132 3089 1192 quantum
3136 1124 3377 1199 discipuli
3422 1129 3490 1184 ab

1898 1204 2229 1262 humanitate
2273 1223 2367 1262 sua
2410 1210 2678 1275 abessent,
2729 1227 3039 1281 responsum
3087 1215 3197 1283 dat,
3248 1219 3388 1288 quod
3434 1231 3489 1274 et

1896 1300 2135 1354 mulieris
2164 1316 2434 1357 ocemcare
2461 1312 2717 1365 mentem,
2744 1304 2841 1357 nisi
2865 1314 3009 1357 tanto
3032 1307 3209 1362 fuisset
3231 1325 3485 1366 succensa

1897 1391 2163 1449 desiderio
2214 1394 2590 1463 alacritateque
2650 1396 2935 1465 viguisset,
2983 1407 3038 1453 et
3085 1398 3372 1471 discipulos
3418 1404 3487 1457 ab

1896 1482 2322 1554 interpellatione
2371 1485 2644 1541 deterrere
2694 1488 2967 1557 potuisset.
3018 1488 3137 1543 Non
3180 1508 3293 1545 sum
3339 1493 3483 1547 enim

1864 1567 2091 1641 'tttissus,
2125 1578 2328 1647 inquit,
2357 1579 2455 1633 nisi
2482 1580 2552 1632 ad
2582 1596 2694 1635 oves
2731 1580 2909 1634 domus
2938 1580 3122 1650 Israel,
3166 1599 3279 1652 qua:
3314 1587 3484 1655 perie-

1889 1678 2004 1722 runt
2032 1667 2193 1740 (Ibid.
2229 1686 2273 1724 ν.
2304 1669 2418 1741 24).
2448 1670 2513 1725 Ει
2538 1670 2637 1726 hoc
2660 1672 2872 1742 quidem
2910 1672 3108 1728 dictum
3131 1673 3247 1728 illos
3274 1675 3483 1736 abster-

1885 1763 2014 1829 ruit,
2049 1777 2115 1817 ne
2146 1777 2242 1833 pro
2268 1763 2494 1821 muliere
2520 1762 2908 1818 intercederent
2936 1780 2950 1829 ;
2982 1763 3075 1819 sed
3105 1765 3247 1824 illam
3271 1769 3484 1837 segnio-

1886 1869 1999 1909 rem
2038 1870 2141 1908 non
2170 1853 2313 1918 fecit,
2346 1855 2453 1908 imo
2478 1854 2531 1908 in
2556 1870 2712 1909 causa
2741 1855 2833 1909 fuit
2866 1864 2920 1909 ut
2950 1856 3116 1927 magis
3146 1866 3376 1927 urgeret.
3404 1858 3479 1913 Ita

1883 1947 2023 2001 enim
2050 1962 2108 2002 se
2136 1946 2289 2002 habet
2321 1948 2494 2001 anima
2525 1947 2731 2011 dolens,
2763 1956 2816 2003 et
2843 1946 3066 2003 ferventi
3092 1948 3283 2005 aﬂ'ectu
3324 1966 3480 2006 acce-

1881 2037 2050 2092 dens:
2084 2038 2211 2092 nihil
2238 2038 2462 2093 attemlit
2497 2054 2683 2094 eorum
2725 2055 2843 2109 qua:
2870 2039 3155 2108 dicuntur;
3185 2039 3278 2097 sed
3308 2057 3474 2096 unum

1883 2128 2055 2184 ευιιιηι
2087 2137 2314 2196 Spectat,
2339 2129 2607 2198 quomodo
2638 2145 2701 2185 ea
2728 2145 2845 2200 qua:
2888 2130 2986 2185 sibi
3014 2146 3156 2184 cura:
3186 2140 3310 2184 sunt
3333 2147 3479 2187 asse-

1880 2230 2072 2289 quatur
2103 2237 2116 2273 :
2151 2221 2199 2273 id
2226 2220 2365 2290 quod
2394 2228 2447 2274 et
2466 2220 2564 2273 ista
2593 2219 2735 2274 fecit.
2763 2220 2968 2275 Auditis
2987 2220 3127 2275 enim
3152 2222 3255 2286 bis,
3285 2221 3475 2275 iterum

1883 2312 2070 2380 inquit,
2104 2311 2345 2364 Adoravit
2391 2327 2524 2375 cum,
2573 2311 2744 2365 dicens
2775 2326 2794 2365 :
2826 2310 3066 2365 Miserere
3113 2313 3230 2377 mei,
3265 2312 3480 2367 Domine

1879 2400 2040 2471 (Ibid.
2074 2418 2119 2455 υ.
2147 2400 2263 2472 25).
2302 2401 2512 2458 Sciebat
2537 2402 2749 2456 Domini
2794 2402 3231 2464 misericordiam,
3264 2411 3319 2456 et
3350 2419 3475 2473 pro-

1877 2491 2002 2547 inde
2029 2508 2217 2563 magna
2249 2491 2565 2547 assiduitate
2592 2491 2857 2546 utebatur.
2883 2489 2989 2547 Sed
3034 2491 3154 2547 vide
3182 2494 3476 2563 sapientem

1878 2587 2026 2642 illum
2057 2597 2112 2642 et
2149 2586 2424 2653 solertem,
2472 2585 2741 2656 quomodo
2788 2600 2961 2655 neque
2999 2585 3077 2640 sic
3115 2595 3334 2651 annuat,
3378 2586 3473 2640 sed

1879 2679 2121 2749 asperius
2148 2687 2203 2733 et
2230 2678 2602 2733 vehementius
2631 2676 2773 2731 illam
2813 2677 3124 2737 concutiens
3155 2688 3485 2747 responsum.

1874 2772 1982 2825 det.
2014 2770 2227 2825 Sciebat
2270 2769 2411 2826 enim
2465 2768 2826 2823 fortitudinem
2872 2766 3132 2830 mulieris,
3179 2775 3234 2821 et
3261 2767 3481 2825 volebat,

1874 2876 1990 2916 eam
2023 2876 2126 2914 non
2158 2860 2367 2913 occulte
2394 2858 2639 2928 accipere
2667 2855 2980 2912 beneficium
3004 2872 3019 2922 ;
3051 2857 3119 2911 ita
3144 2867 3200 2911 ut
3225 2855 3485 2929 discipuli.

1872 2953 2141 3008 discerent
2177 2968 2241 3005 ex
2285 2951 2425 3005 facto
2474 2949 2741 3003 dilationis
2783 2963 3018 3013 causam,
3051 2957 3105 3003 et
3150 2947 3237 3002 alii
3283 2963 3474 3004 omnes

1872 3043 2217 3108 docerentur,
2244 3048 2441 3112 quanta
2491 3039 2561 3094 sit
2609 3037 2936 3093 assiduitatis
2961 3046 3016 3093 et
3061 3037 3473 3109 perseverantia:

1876 3135 2131 3207 potentia,
2161 3143 2214 3189 et
2243 3133 2480 3189 mulieris
2509 3132 2698 3186 virtus.
2728 3130 2859 3186 Nam
2908 3131 3036 3185 dicit
3068 3148 3080 3185 :
3116 3129 3238 3185 Non
3278 3139 3348 3184 est
3384 3130 3473 3186 bo-

1872 3244 1994 3281 num
2023 3242 2220 3281 sumere
2259 3240 2437 3295 panem
2474 3224 2718 3293 ﬁliorum,
2751 3231 2798 3275 et
2826 3222 3041 3288 objicere
3067 3221 3276 3275 canibus
3304 3219 3466 3293 (Ibid.

1869 3336 1915 3375 υ.
1942 3318 2060 3391 26).
2105 3317 2224 3383 Hie,
2258 3316 2502 3382 obsecro,
2536 3313 2898 3369 animadverte
2945 3313 3185 3367 mulieris
3214 3321 3469 3367 constan-

1870 3413 2019 3480 tiam,
2067 3418 2263 3481 quanta
2310 3408 2582 3463 alacritate
2632 3420 2891 3462 succensa
2945 3405 3120 3471 fuerit,
3175 3413 3369 3475 quanta
3414 3403 3468 3460 in

1868 3504 2033 3558 Deum
2062 3501 2164 3558 fide
2186 3500 2397 3557 incitata
2428 3499 2602 3563 fuerit,
2630 3513 2750 3554 cum
2774 3497 2983 3552 interim
3013 3495 3213 3551 viscera
3244 3495 3379 3566 ipsa,
3409 3506 3470 3551 ut

1868 3598 1937 3653 ita
1967 3596 2162 3662 dicam,
2212 3610 2319 3666 prae
2348 3593 2535 3648 dolore
2577 3592 2991 3654 dissecarentur,
3035 3597 3092 3644 et
3133 3588 3295 3642 multa
3341 3587 3469 3644 filia)

1866 3690 2332 3747 commiseratione
2362 3696 2633 3742 teneretur
2666 3702 2680 3739 :
2714 3700 2820 3739 non
2844 3692 3152 3749 aversatur,
3186 3698 3284 3738 nec
3322 3690 3467 3737 retro

1866 3782 2007 3849 cedit
2034 3782 2104 3836 ob
2123 3780 2268 3843 verbi
2291 3778 2666 3843 contumeliam
2690 3792 2706 3843 ;
2737 3775 2829 3835 sed
2853 3775 3033 3841 audito
3052 3774 3201 3836 canis
3225 3772 3464 3838 nomine,

1865 3876 1991 3931 boni
2040 3873 2289 3947 consulit,
2337 3881 2391 3928 et
2417 3871 2610 3926 fatetur
2638 3885 2698 3925 se
2727 3867 3001 3934 catellum,
3036 3876 3094 3921 ut
3122 3881 3151 3919 a
3182 3880 3373 3921 canum
3403 3865 3483 3920 li-e.

1866 3968 2082 4023 beretur
2129 3965 2365 4030 feritate,
2397 3971 2452 4021 et
2482 3963 2534 4017 in
2564 3962 2795 4017 filiorum
2834 3959 3012 4015 statim
3039 3957 3298 4028 allegatur
3322 3955 3469 4011 ordi-

1866 4075 2011 4115 nem.
2045 4058 2180 4115 Audi
2214 4056 2429 4112 tandem
2476 4053 2602 4126 quid
2650 4052 2718 4118 ad
2762 4052 2879 4107 haec
2924 4050 3119 4105 mulier
3163 4047 3380 4115 dixerit,
3399 4056 3468 4121 (ut

1864 4152 2041 4208 discas
2069 4160 2324 4221 quantum
2354 4162 2418 4203 ex
2450 4144 2927 4216 procrastinatione
2972 4141 3065 4195 Dei
3096 4141 3302 4195 lucrum
3330 4154 3464 4194 con-

1863 4236 2101 4293 cedatur.
2133 4233 2249 4300 Non
2280 4232 2451 4297 solum
2479 4233 2620 4286 enim
2645 4245 2751 4284 non
2780 4227 2960 4297 abegit
2986 4225 3264 4281 mulierem
3291 4224 3464 4280 dicto-

1864 4344 1984 4384 rum
2011 4329 2291 4398 asperitas,
2321 4325 2415 4382 sed
2446 4324 2496 4379 in
2521 4324 2778 4393 majorem
2807 4318 3135 4375 alacritatem
3166 4316 3419 4372 excitavit
3445 4331 3461 4370 :

1864 4436 2056 4490 nempe
2083 4428 2362 4489 postquam
2414 4415 2616 4471 audivit
2644 4413 2761 4468 haec
2789 4409 2972 4476 verba,
3001 4407 3170 4478 inquit
3204 4424 3217 4463 :
3250 4405 3421 4460 Etiam
3444 4445 3461 4472 ,

1867 4511 2117 4573 Domine;
2147 4526 2265 4563 nam
2308 4518 2354 4562 et
2393 4506 2564 4561 catelli
2590 4507 2743 4559 edunt
2792 4502 2857 4556 de
2882 4500 3025 4555 micis
3065 4514 3180 4571 qua
3215 4498 3465 4557 cadentia

1864 4618 2037 4657 mensa
2066 4601 2391 4664 dominorum
2420 4614 2625 4653 suorum
2656 4595 2814 4667 (Ibid.
2840 4610 2886 4648 υ.
2919 4593 3032 4663 27).

1942 4695 2247 4750 Chanana’a.’
2281 4692 2407 4762 ﬁdes
2433 4686 2959 4745 laudatum—Vidisti
2988 4699 3155 4757 quare
3183 4682 3458 4751 hucusque

1863 4785 2170 4843 distulerit?
2199 4783 2271 4840 Ut
2291 4798 2386 4854 per
2410 4782 2569 4837 verba
2592 4778 2832 4835 mulieris
2854 4776 3013 4832 fidem
3041 4775 3182 4830 illius
3208 4774 3469 4833 eximiam

1862 4881 2149 4937 discamus.
2204 4876 2334 4932 Vide
2376 4876 2517 4931 enim
2561 4870 2829 4944 quomodo
2871 4870 3050 4925 statim
3079 4882 3199 4924 eam
3229 4866 3462 4922 laudavit

1861 4985 1915 5030 et
1940 4971 2216 5029 coronavit
2259 4970 2517 5025 Dominus
2537 5008 2551 5030 ,
2582 4966 2767 5021 dicens
2796 4980 2811 5019 :
2843 4962 2888 5017 0
2935 4962 3136 5028 mulier,
3167 4974 3351 5031 magna
3388 4967 3461 5012 est

1861 5069 1988 5139 ﬁdes
2019 5076 2103 5119 tua
2126 5063 2285 5138 (Ibid.
2311 5078 2361 5116 υ.
2379 5060 2495 5131 28).
2522 5059 2692 5126 Quam
2720 5053 2977 5129 principio
2999 5065 3173 5122 neque
3199 5062 3459 5119 responso

1860 5157 2200 5229 dignabatur,
2246 5168 2368 5210 cum
2422 5149 2773 5206 admiratione
2818 5155 2874 5202 et
2927 5143 3172 5198 laudibus
3218 5140 3457 5196 dimittit.

1863 5248 2077 5319 Magna,
2106 5245 2294 5315 inquit,
2325 5252 2399 5298 est
2419 5241 2545 5311 ﬁdes
2571 5248 2678 5293 tua.
2706 5236 2835 5291 Erat
2859 5235 3001 5292 enim
3029 5247 3215 5290 revera
3241 5244 3454 5300 magna,

1860 5338 2003 5411 quod
2034 5353 2155 5393 cum
2180 5336 2386 5392 videret
2409 5332 2578 5389 semel
2599 5341 2758 5401 atque
2786 5334 2980 5386 iterum
3009 5336 3064 5384 et
3086 5325 3282 5395 smpius
3305 5337 3458 5377 aver-

1858 5442 2067 5499 santem‘
2088 5444 2299 5501 preces,
2328 5442 2434 5481 non
2464 5427 2675 5495 segnior
2700 5421 2838 5477 facta
2869 5419 3048 5486 fuerit,
3078 5432 3253 5487 neque
3279 5421 3456 5469 retro-

1857 5523 2104 5590 cesserit,
2150 5520 2244 5577 sed
2289 5516 2703 5592 perseverantia:
2740 5511 3053 5569 assiduitate
3090 5504 3457 5581 provocaverit

1809 5626 1819 5639 ‘
1860 5614 2167 5675 Dominum,
2198 5612 2268 5665 ita
2309 5620 2365 5664 ut
2404 5608 2512 5663 voti
2541 5620 2762 5677 compos
2808 5604 2977 5659 fieret.
3010 5599 3130 5656 Fiat
3158 5598 3299 5655 enim
3329 5593 3451 5661 tibi,

1856 5708 2186 5783 inquit,sicut
2214 5706 2304 5761 vis.
2333 5703 2518 5761 Vidisti
2548 5699 2815 5777 quomodo
2836 5698 2923 5768 qui
2945 5697 3093 5765 prius
3116 5694 3255 5751 illaut
3278 5702 3453 5761 neque
