3788 6298
292 442 550 503 responso
577 425 824 498 dignatus
871 423 1060 488 fuerat,
1089 436 1230 477 nunc
1273 417 1638 490 largitionibus
1663 413 1875 470 certat?

291 523 409 580 Non
439 520 582 577 enim
607 517 923 589 simpliciter
950 513 1136 569 annuit
1163 514 1406 583 precibus
1432 509 1591 576 illius,
1624 507 1717 563 sed
1747 516 1882 576 prte-

290 615 489 671 tticavit
515 622 570 669 et
613 610 902 670 celebravit
928 606 1091 662 illam.
1137 605 1266 661 Nam
1298 602 1546 669 dicendo,
1578 596 1622 654 0
1661 597 1880 664 mulier,

294 700 633 769 monstravit,
661 700 928 773 quomodo
949 690 1106 754 ﬁdem
1127 696 1243 768 ejus
1268 695 1606 765 obsutpescat
1624 708 1637 746 :
1656 686 1883 745 dicendo

291 804 493 860 autem,
526 788 719 863 Magna
759 800 831 846 est
860 789 988 861 ﬁdes
1029 800 1137 853 tua,
1166 786 1382 842 divitias
1409 798 1617 855 quoque
1647 778 1884 837 mulieris

291 878 543 943 ostendit.
578 880 776 938 Deinde
820 878 993 951 inquit
1024 896 1037 933 :
1072 876 1191 933 Fiat
1232 877 1319 931 tibi
1344 875 1471 930 sicut
1499 874 1590 928 vis.
1618 871 1883 939 Quantum

290 981 393 1049 vis,
425 986 680 1051 quantum
704 976 884 1033 animo
909 975 1168 1043 concipis,
1201 981 1404 1027 tantum
1452 965 1687 1039 praebeo.
1714 961 1883 1019 Tanta

292 1072 436 1127 enim
473 1080 557 1126 tua
586 1067 988 1143 perseverantia
1030 1064 1243 1135 dignam
1273 1072 1326 1117 te
1352 1056 1641 1115 declaravit
1681 1063 1767 1109 tua
1797 1068 1888 1123 pe-

297 1162 508 1220 titione.
535 1158 754 1215 Vidistis
781 1157 1019 1212 mulieris
1046 1149 1442 1209 constantiam?
1465 1146 1669 1203 vidistis
1694 1143 1887 1199 divina:

298 1253 569 1314 dilationis
617 1264 864 1317 causam,
908 1246 1159 1303 videlicet
1203 1253 1260 1298 ut
1300 1239 1574 1295 mulierem
1605 1235 1886 1291 clariorem

300 1341 586 1400 redderet?
615 1339 917 1395 Redeamus
945 1346 1144 1401 autem,
1171 1333 1216 1388 si
1246 1329 1438 1403 placet,
1467 1327 1534 1383 ad
1562 1324 1887 1398 propositam

299 1434 597 1499 historiam,
626 1441 678 1486 et
704 1428 974 1485 discamus
1008 1433 1223 1499 propter
1262 1421 1390 1482 nihil
1413 1419 1553 1475 aliud
1585 1416 1892 1490 promissio-

299 1541 398 1583 nes
438 1523 759 1597 patriarchze
788 1521 956 1577 factas
1002 1528 1081 1574 tot
1127 1515 1280 1572 annis
1311 1513 1532 1586 implere
1575 1509 1844 1565 distulisse
1871 1547 1888 1574 ,

232 1640 240 1648 ε
303 1626 462 1690 quam
495 1624 553 1671 ut
579 1614 740 1669 multa
770 1628 891 1670 cum
939 1610 1105 1679 gloria
1132 1624 1224 1665 eas
1254 1606 1327 1663 illi
1355 1602 1692 1670 concederet,
1720 1599 1895 1655 omni-

267 1781 271 1787 ,
301 1704 507 1781 busque
537 1713 855 1762 monstraret
866 1703 995 1774 justi
1025 1701 1204 1757 fidem.
1230 1699 1431 1757 Idcirco
1453 1697 1598 1761 dicit,
1619 1693 1892 1765 Postquam

302 1804 473 1859 decem
518 1817 677 1854 annos
725 1798 878 1853 simul
924 1797 1192 1851 habitasset
1234 1795 1287 1847 in
1335 1802 1466 1846 terra
1522 1789 1896 1846 Cltanaan:ut

304 1888 481 1951 discas
505 1901 761 1963 quantum
795 1886 1139 1961 przctcriissct
1167 1883 1422 1958 temporis
1446 1897 1510 1937 ex
1538 1896 1642 1952 quo
1672 1876 1899 1951 monitis-

303 1985 483 2041 siones
503 1974 815 2055 accepisset.
840 1981 1027 2038 Statim
1044 1978 1185 2033 enim
1210 1986 1267 2032 ut
1286 1975 1433 2031 venit
1449 1974 1499 2028 in
1517 1971 1892 2033 Chananaeam,

301 2074 505 2137 audivit
536 2094 549 2131 :
581 2070 775 2131 Semiui
796 2084 881 2129 tuo
912 2071 1040 2126 dabo
1068 2081 1251 2125 terram
1277 2070 1407 2122 hanc
1433 2082 1452 2122 :
1482 2076 1535 2122 et
1558 2073 1703 2119 tanto
1731 2063 1897 2117 inter-

308 2171 453 2227 vallo
480 2168 737 2240 temporis
766 2164 968 2235 absque
994 2164 1177 2219 liberis
1223 2167 1513 2224 manserat,
1543 2156 1899 2225 sterilitasque

306 2261 456 2319 Sara:
485 2259 699 2315 interim
738 2255 1047 2326 augebatur.
1076 2249 1143 2306 Et
1167 2250 1325 2322 dedit,
1367 2248 1556 2320 inquit,
1589 2246 1727 2319 Agar
1752 2244 1901 2300 Abrae

308 2350 415 2406 viro
443 2364 536 2403 suo
565 2348 615 2401 in
642 2361 872 2401 uxorem.

381 2442 439 2498 ι.
472 2440 605 2495 V'ide
630 2447 825 2510 quanta
847 2437 1007 2492 etiam
1029 2433 1155 2489 olim
1176 2430 1506 2504 philosophia
1536 2426 1674 2501 apud
1693 2434 1901 2483 veteres

310 2531 695 2597 exercebatur;
737 2527 1004 2600 quomodo
1055 2536 1109 2581 et
1150 2523 1251 2580 viri
1299 2531 1656 2594 temperantes
1707 2528 1898 2584 erant,

310 2639 666 2697 magnamque
709 2621 1052 2678 continentiae
1083 2618 1348 2675 habebant
1392 2619 1672 2680 rationem,
1701 2629 1764 2669 ac
1787 2629 1904 2669 mu-

309 2720 471 2775 lieres
500 2713 775 2789 zelotypia:
802 2714 1053 2771 carebant
1073 2711 1220 2769 vitio.
1254 2708 1432 2766 Dedita
1454 2708 1597 2764 enim
1620 2721 1782 2778 Opera
1803 2719 1901 2760 sm-

310 2813 432 2887 pius
460 2808 591 2867 dicit
609 2809 877 2878 Scriptura
904 2824 917 2862 :
942 2799 1010 2862 Et
1032 2814 1085 2860 ut
1105 2806 1223 2861 tulit
1246 2800 1385 2859 Sara
1402 2800 1619 2874 Agerent
1638 2799 1902 2853 ancillam:

309 2910 366 2962 et
394 2903 583 2959 iterum
613 2917 626 2954 :
659 2898 814 2954 Dedit
843 2914 955 2952 eam
974 2898 1028 2951 in
1071 2911 1282 2951 uxorem
1312 2910 1329 2949 :
1358 2902 1417 2948 ut
1443 2892 1616 2949 discas
1638 2889 1906 2961 quomodo

307 2994 512 3063 absque
534 2991 695 3046 animi
722 2988 1037 3059 :cgritudine
1063 2987 1335 3058 negotium
1358 2985 1545 3055 egerit,
1572 2990 1627 3038 et
1651 2991 1907 3052 quantum

310 3086 455 3160 apud
485 3100 579 3141 eos
606 3093 751 3140 esset
782 3082 991 3138 virtutis
1034 3080 1290 3136 studium.
1316 3079 1370 3134 4.
1400 3074 1469 3132 Ει
1498 3078 1752 3149 ingressus
1796 3082 1904 3140 est,

312 3175 506 3247 inquit,
536 3175 603 3228 ad
644 3174 801 3245 Agar,
852 3182 901 3228 et
947 3172 1194 3241 concepit.
1251 3169 1385 3226 Vide
1434 3167 1704 3241 quomodo
1751 3166 1910 3222 discit

280 3250 285 3253 1
313 3272 470 3337 Sara,
500 3284 606 3323 non
631 3266 834 3338 justum
862 3266 915 3321 in
942 3279 1101 3320 causa
1132 3264 1317 3329 fuisse,
1343 3262 1483 3334 quod
1504 3269 1747 3317 carerent
1767 3258 1908 3326 filiis,

314 3360 412 3421 sed
459 3374 556 3416 sua
603 3358 785 3428 potius
831 3356 1085 3412 sterilitas
1116 3373 1130 3413 :
1158 3353 1337 3411 statim
1378 3354 1522 3408 enim
1565 3367 1912 3423 congressum

280 3434 287 3439 ⁵
318 3467 445 3510 cum
471 3450 666 3506 ancilla
713 3447 1037 3518 subsequuta
1064 3455 1147 3503 est
1176 3445 1472 3518 conceptio.
1502 3442 1764 3500 Cmterum
1792 3442 1913 3499 vide

315 3553 376 3605 et
398 3544 608 3600 ancilla:
638 3542 904 3614 ingratum
938 3540 1179 3596 animum
1199 3580 1213 3604 ,
1242 3548 1297 3596 et
1324 3538 1596 3595 muliebris
1638 3552 1797 3594 sexus
1827 3538 1913 3592 in-

279 3692 287 3711 ,
313 3637 627 3694 ﬁrmitatem
658 3654 671 3692 :
699 3644 758 3691 ut
783 3635 963 3691 discas
999 3634 1165 3693 etiam
1192 3634 1293 3690 hoc
1322 3634 1439 3688 loco
1466 3630 1779 3703 patriarcha).
1809 3630 1913 3686 mi.

280 3800 291 3811 θ
318 3746 438 3791 ram
460 3731 756 3787 lenitatem.
788 3728 855 3784 Et
895 3728 1047 3795 uidit,
1070 3728 1262 3798 inquit,
1294 3727 1428 3799 quod
1457 3736 1654 3782 uterum
1684 3736 1911 3798 gereret,

319 3831 368 3876 et
394 3830 678 3894 contempta
719 3829 792 3875 est
838 3818 1044 3875 domina
1088 3835 1261 3874 coram
1298 3836 1377 3874 ea.
1426 3818 1520 3875 llle
1566 3818 1708 3874 enim
1750 3817 1917 3874 ferme

319 3928 597 3970 servorum
627 3928 747 3969 mos
794 3920 901 3981 est,
952 3920 1012 3968 ut
1048 3925 1171 3968 cum
1217 3926 1403 3984 parum
1449 3909 1812 3981 prosperitatis
1839 3909 1918 3964 eis

320 4006 633 4084 accesserit,
665 4015 933 4077 nequeant
960 4004 1099 4060 intra
1142 4019 1269 4061 suos
1298 4003 1494 4059 limites
1538 4017 1792 4069 manere;
1823 4001 1918 4057 sed

318 4099 509 4155 statim
535 4097 619 4152 sui
645 4096 851 4152 ordinis
880 4096 1282 4162 obliviscantur,
1316 4104 1371 4151 et
1401 4095 1589 4165 ingrati
1617 4094 1768 4150 facile
1793 4110 1917 4150 eva-

321 4188 457 4245 dant
485 4204 502 4243 :
531 4186 585 4242 id
615 4186 757 4258 quod
789 4196 844 4242 et
888 4186 1016 4243 huic
1055 4187 1260 4243 ancillae
1303 4186 1513 4243 accidit.
1543 4186 1675 4242 Nam
1706 4195 1763 4242 ut
1792 4187 1922 4244 vidit

283 4346 289 4351 ,
325 4280 467 4341 ιιωυὶ
495 4280 782 4347 sarcinam,
816 4295 991 4351 neque
1019 4279 1253 4335 dominre
1282 4279 1651 4335 admirabilem
1678 4279 1920 4351 philoso-

324 4372 535 4444 phiam,
562 4386 740 4443 neque
768 4386 879 4427 suae
902 4370 1225 4427 conditionis
1249 4371 1505 4426 vilitatem
1530 4372 1807 4443 cogitavit:
1828 4373 1921 4428 sed

281 4520 294 4532 ,
329 4463 512 4525 inﬂata
541 4472 598 4520 et
622 4463 938 4534 superbiens
966 4463 1287 4536 contempsit
1317 4464 1607 4534 dominam,
1635 4480 1755 4537 quae
1780 4464 1922 4521 illam

329 4567 441 4615 tam
464 4555 892 4613 commendatam
920 4556 1178 4625 habebat,
1208 4567 1269 4614 ut
1309 4567 1365 4615 ct
1409 4558 1462 4614 in
1489 4560 1588 4616 viri
1633 4560 1922 4617 thalamum

324 4647 658 4708 admitteret.
704 4647 843 4715 Quid
889 4648 1052 4721 igitur
1092 4648 1265 4706 Sara?
1299 4650 1354 4705 5.
1396 4648 1575 4719 Dixit,
1622 4651 1814 4721 inquit,
1856 4652 1925 4706 ad

284 4803 289 4807 ,
330 4742 565 4803 Abram:
594 4740 802 4809 Iniuria
824 4758 862 4797 τα
879 4752 927 4797 te
954 4743 1163 4814 aﬂicior.
1199 4742 1331 4799 Ecce
1356 4741 1472 4799 dedi
1498 4744 1740 4799 ancillam
1763 4760 1927 4799 meam

315 4835 579 4903 ,itt'sinum
602 4844 749 4890 tuum
776 4850 798 4890 ε
827 4852 939 4907 qua
956 4836 1079 4905 quia
1107 4834 1230 4890 cidit
1252 4834 1387 4907 quod
1406 4844 1603 4889 uterum
1624 4835 1774 4907 gerit,
1801 4851 1927 4890 con-

326 4925 545 4999 temptui
558 4942 738 4981 carent
752 4942 811 4981 ea
827 4925 997 4980 habita
1014 4941 1146 4979 sum.
1168 4924 1371 4979 Iudice!
1388 4922 1523 4981 Deus
1541 4924 1672 4980 inter
1688 4941 1768 4979 me
1792 4934 1838 4980 et
1858 4934 1927 4981 te.

330 5016 454 5087 llic,
482 5032 690 5089 quaeso,
715 5016 1082 5072 animadverte
1109 5015 1478 5072 incredibilem
1516 5017 1848 5077 tolerantiam
1875 5027 1929 5075 et

335 5110 694 5168 reverentiam
716 5108 872 5180 justi,
902 5123 1060 5180 quam
1100 5122 1228 5179 erga
1256 5106 1446 5166 Saratn
1485 5108 1794 5177 declaravit,
1833 5125 1927 5165 ve-

337 5202 481 5262 niam
524 5201 592 5256 ab
637 5215 701 5257 ea
744 5209 934 5271 petens
971 5209 1077 5257 tam
1118 5196 1391 5259 immerito
1435 5190 1625 5271 objecti
1667 5201 1926 5257 criminis.

333 5293 467 5358 Quae
503 5291 646 5349 enim
676 5292 923 5349 manibus
950 5291 1199 5347 ancillam
1219 5292 1335 5349 viro
1362 5292 1671 5363 tradiderat,
1698 5301 1753 5349 et
1777 5293 1927 5349 dixe-

338 5392 424 5440 rat
455 5401 470 5438 :
496 5382 777 5454 Ingredere
803 5385 872 5439 ad
899 5385 1141 5440 ancillam
1183 5402 1387 5452 meam;
1432 5402 1551 5457 qua:
1576 5401 1606 5440 a
1644 5386 1930 5455 semetipsa

332 5487 395 5531 et
420 5490 514 5531 sua
536 5486 733 5546 sponte
751 5476 820 5533 ad
847 5492 1192 5550 congressum
1214 5478 1424 5536 hortata
1452 5478 1640 5547 fuerat,
1663 5480 1762 5536 ista
1790 5493 1932 5535 nunc

326 5576 542 5629 mutato
569 5567 751 5625 animo
782 5569 973 5642 inquit,
1005 5569 1211 5640 lujmia
1247 5588 1279 5625 a
1303 5580 1350 5626 te
1385 5570 1595 5642 aﬂicior.
1626 5569 1671 5628 Ο
1695 5570 1885 5627 mulier
1910 5609 1927 5638 ,

286 5716 295 5727 ,η
338 5657 594 5729 numquid
618 5658 734 5730 ipse
756 5660 823 5717 ad
843 5662 1051 5718 ancilla:
1071 5677 1417 5734 congressum
1441 5663 1751 5720 festinavit?
1778 5677 1931 5717 num-

339 5747 466 5821 quid
515 5750 920 5824 intemperantia
969 5753 1303 5833 impellente,
1357 5756 1423 5813 ad
1466 5772 1578 5814 rem
1629 5754 1927 5815 habendam

1023 310 1080 365 s.
1119 300 1397 365 JOANNIS
1434 264 1905 362 cnnvsosrom
1953 290 2264 354 summa.
2304 266 2834 355 constantior.

3424 305 3428 308 ‘
3452 292 3572 353 πιῖ

1994 426 2113 467 cum
2144 411 2333 467 ancilla
2360 411 2717 469 acceleravit?
2743 412 2784 467 Α
2814 419 2866 468 te
2892 424 3181 484 persuasus
3206 422 3260 476 et
3289 422 3380 469 tuo
3407 429 3577 470 man-

1986 505 2111 560 dato
2157 506 2550 575 obtemperans,
2580 504 2687 561 hoc
2727 504 2938 561 tandem
2986 505 3128 562 fecit.
3168 504 3281 572 Qua
3312 516 3363 562 te
3406 506 3581 578 igitur

1951 664 1957 671 ι
1988 597 2177 669 injuria
2222 598 2443 653 maritus
2481 596 2697 652 affecit?
2738 594 2869 651 Ecce
2896 597 3012 651 dedi
3056 597 3294 651 ancillam
3323 615 3485 652 meam
3518 600 3580 654 ir.

1987 690 2154 743 sinum
2183 697 2341 743 tuum.
2369 684 2423 744 Si
2459 689 2618 758 igitur
2645 687 2824 743 fateris
2849 696 2901 745 te
2925 688 3158 756 dedisse,
3189 704 3287 745 nec
3317 689 3428 759 ipse
3448 706 3577 746 eam

1989 795 2081 834 sua
2109 788 2299 851 sponte
2334 781 2617 851 acceperit,
2658 794 2822 851 quare
2860 780 3165 853 iujustitiam
3196 782 3579 854 impr-operas?

1990 871 2182 937 Etiam,
2216 873 2423 942 inquit;
2460 888 2581 927 nam
2609 873 2848 942 quamvis
2874 888 2972 944 ego
2993 873 3249 938 dederim,
3272 874 3363 929 sed
3381 876 3581 935 videns

1988 963 2107 1033 ejus
2130 964 2501 1031 temeritatem,
2531 962 2763 1018 debebas
2799 964 3052 1020 cohibere
3089 974 3319 1020 mentem
3346 975 3453 1020 tam
3482 983 3584 1037 pe-

1991 1054 2270 1109 tulantem.
2314 1051 2452 1108 Nam
2497 1063 2551 1108 ut
2588 1053 2710 1109 vidit
2738 1070 2791 1109 se
2826 1064 3023 1108 uterum
3061 1072 3247 1127 gerere,
3276 1059 3585 1128 contempsit

1992 1161 2089 1199 me.
2117 1144 2319 1198 Iudicat
2367 1142 2502 1199 Deus
2530 1144 2661 1198 inter
2710 1161 2789 1199 me
2833 1155 2879 1200 et
2906 1155 2972 1199 te.
3002 1144 3137 1202 Vere
3176 1146 3291 1202 haec
3334 1148 3584 1203 mulieris

1988 1234 2153 1293 verba
2181 1244 2322 1299 sunt.
2361 1244 2412 1291 et
2455 1236 2649 1291 infirmi
2689 1236 2829 1294 illius
2853 1251 3009 1293 sexus
3036 1256 3051 1306 ;
3078 1238 3163 1293 bis
3191 1238 3332 1294 enim
3370 1239 3486 1297 fere
3518 1242 3587 1300 il-

1991 1326 2104 1384 lum
2125 1326 2443 1398 alloquitur:
2468 1327 2580 1400 Ego
2612 1330 2823 1400 quidem
2849 1329 3090 1387 volebam
3118 1341 3261 1388 tuum
3287 1349 3586 1391 maerorem

1994 1419 2174 1485 solari,
2205 1435 2360 1492 quem
2388 1418 2553 1476 babes
2578 1436 2643 1476 ex
2672 1421 2831 1491 prolis
2869 1420 3084 1493 inopia;
3133 1433 3238 1479 tam
3280 1426 3586 1483 officiosam

1994 1510 2137 1565 eain
2168 1526 2227 1567 re
2254 1526 2339 1568 me
2367 1512 2595 1582 praebui.
2639 1520 2697 1567 ut
2721 1521 2777 1568 et
2812 1513 3058 1570 ancillam
3094 1521 3265 1572 meam
3292 1518 3430 1573 meis
3469 1534 3590 1573 ma-

1996 1602 2151 1658 nibus
2196 1603 2497 1669 traderem,
2544 1612 2599 1660 et
2644 1603 2712 1661 ad
2751 1621 3095 1678 congressum
3140 1610 3499 1667 cohortarer:
3528 1621 3588 1668 tu

1997 1703 2173 1751 autem
2206 1695 2392 1751 videns
2433 1696 2572 1752 hanc
2614 1696 2737 1754 inde
2775 1696 2889 1754 fieri
2932 1700 3335 1772 petulantiorem
3363 1713 3589 1775 propter

1999 1785 2133 1840 uteri
2160 1787 2445 1855 sarcinam,
2476 1797 2530 1845 et
2552 1804 2743 1859 magno
2780 1789 2917 1845 fastu
2938 1790 3130 1860 inflari,
3157 1808 3276 1848 cum
3306 1794 3591 1851 debuisses

1998 1877 2290 1947 reprimere
2318 1887 2371 1933 et
2410 1878 2592 1935 ulcisci
2640 1880 2757 1950 ejus
2792 1882 2841 1936 in
2871 1898 2957 1937 me
2999 1882 3233 1953 injurias,
3260 1884 3314 1940 id
3355 1902 3465 1943 non
3511 1887 3591 1943 ΐο-

1999 1968 2119 2025 cisti
2146 1988 2159 2034 ;
2191 1968 2283 2025 sed
2307 1971 2454 2043 quasi
2485 1974 2718 2027 omnium
2745 1971 2978 2044 priorum
3004 1974 3218 2043 oblitus,
3243 1992 3329 2033 me
3352 1978 3591 2051 despicis

2001 2061 2160 2116 etiam
2198 2066 2279 2130 tu,
2324 2077 2410 2117 me
2437 2078 2554 2133 qua:
2598 2072 2770 2118 tecum
2815 2075 2892 2120 tot
2928 2067 3079 2122 annis
3123 2066 3373 2138 habitavi,
3421 2080 3479 2126 et
3520 2071 3592 2127 ab

2002 2152 2250 2225 Egyptia
2302 2153 2492 2210 ancilla
2534 2170 2651 2209 mea
2681 2165 3011 2212 contemnor.
3044 2158 3246 2214 Judicet
3289 2160 3425 2217 Deus
3461 2163 3592 2218 inter

2003 2260 2083 2298 me
2108 2252 2153 2299 et
2179 2256 2245 2301 te.
2277 2243 2514 2301 Dolentis
2541 2247 2729 2301 anima:
2758 2248 2939 2302 verba.
2962 2248 3035 2303 Et
3061 2250 3162 2305 nisi
3191 2252 3352 2309 tantis
3379 2254 3592 2310 virtuti-

2002 2334 2103 2392 bus
2131 2337 2386 2408 pra‘ditus
2411 2336 2595 2395 fuisset
2621 2338 2936 2408 patriarcha,
2965 2341 3095 2397 etin
3122 2351 3261 2397 tanta
3289 2348 3590 2403 reverentia

2004 2426 2191 2483 Saram
2222 2426 2512 2494 habulsset,
2541 2442 2681 2498 aegre
2708 2429 2917 2486 tulisset
2958 2430 3071 2487 lucc
3099 2433 3280 2500 verba,
3322 2445 3376 2490 et
3410 2453 3479 2490 ex
3506 2438 3593 2491 di.

2006 2526 2213 2575 ctorum
2244 2521 2529 2591 asperitate
2565 2521 2804 2577 dolorem
2834 2526 3181 2596 concepisset.
3229 2527 3423 2584 Verum
3476 2532 3592 2587 esi-

2006 2612 2144 2668 mius
2172 2611 2264 2669 ille
2302 2613 2371 2669 ad
2412 2628 2571 2670 sexus
2609 2613 2943 2686 fragilitatem
2988 2627 3253 2689 spectans,
3297 2637 3512 2678 omnem
3545 2625 3594 2681 ei

2006 2705 2217 2760 veniam
2265 2704 2432 2761 dedit.
2478 2705 2684 2762 Judicet
2729 2706 2869 2763 Deus
2913 2711 3043 2765 inter
3091 2728 3169 2767 me
3204 2723 3249 2769 et
3294 2724 3359 2769 te.
3407 2715 3596 2787 Cogita

2007 2808 2259 2869 quantam
2293 2812 2407 2855 rem
2436 2801 2656 2872 egerim,
2689 2810 2746 2857 ut
2774 2810 2823 2857 te
2848 2804 3174 2873 consolarer,
3204 2806 3388 2863 volens
3420 2818 3473 2864 te
3507 2811 3599 2865 vel

2010 2889 2063 2945 in
2094 2900 2368 2947 senectute
2392 2902 2595 2963 patrem
2625 2896 2823 2959 vocari,
2851 2896 3097 2953 ancillam
3135 2913 3306 2953 meam
3338 2900 3391 2954 in
3426 2900 3598 2972 digni-

2012 2989 2174 3039 tatem
2204 2998 2380 3039 meam
2407 2984 2551 3040 erexi
2582 3002 2596 3039 :
2626 2992 2678 3041 tu
2709 2994 2882 3040 autem
2906 2986 3091 3044 videns
3117 2989 3258 3044 illam
3289 3000 3394 3046 tam
3423 2994 3602 3065 ingra-

2016 3084 2144 3143 tam,
2180 3091 2285 3132 non
2314 3077 2456 3132 ultus
2486 3092 2566 3145 es,
2598 3094 2703 3133 non
2733 3080 3023 3151 rependisti
3050 3082 3180 3137 mihi
3208 3083 3351 3140 vices
3376 3087 3601 3143 benevo-

2008 3168 2191 3225 lentia:
2216 3186 2372 3242 quant
2400 3172 2451 3225 in
2483 3180 2534 3227 te
2568 3170 2850 3228 declaravi.
2878 3172 3084 3229 Judicet
3123 3172 3260 3233 Deus
3283 3178 3412 3233 inter
3446 3197 3529 3236 me
3554 3192 3603 3237 et

2015 3272 2082 3316 te.
2116 3258 2230 3329 llle,
2262 3262 2453 3335 inquit,
2499 3264 2588 3334 qui
2633 3263 2940 3322 abscondita
2968 3268 3203 3324 omnium
3229 3272 3472 3329 cordium
3502 3291 3601 3330 no-

2016 3354 2115 3419 vit,
2143 3352 2255 3425 ipse
2285 3354 2386 3409 erit
2411 3354 2569 3425 judex
2614 3356 2755 3413 inter
2783 3372 2881 3412 nos
2913 3376 2927 3414 :
2957 3368 3011 3415 et
3048 3361 3312 3431 quomodo
3340 3378 3442 3434 ego
3483 3366 3602 3436 qui-

1990 3444 2138 3523 dem
2167 3446 2320 3501 victis
2345 3447 2590 3503 omnibus
2629 3447 2993 3507 affectionibus
3018 3459 3158 3508 tuam
3181 3456 3603 3514 consolationem

2016 3552 2152 3592 mea:
2190 3536 2423 3607 prmtuli,
2461 3548 2514 3593 et
2540 3539 2591 3593 in
2629 3539 2822 3596 lectum
2851 3558 3028 3597 meum
3052 3544 3297 3601 ancillam
3322 3536 3498 3603 meam
3527 3550 3605 3603 in-

2017 3627 2146 3684 duxi
2181 3646 2196 3685 :
2226 3629 2340 3700 ipse
2360 3640 2536 3686 autem
2557 3631 2691 3687 nihil
2718 3647 2903 3688 eorum
2926 3650 3043 3705 quae
3065 3650 3094 3689 a
3120 3651 3205 3692 me
3226 3635 3362 3693 facta
3382 3649 3529 3704 sunt,
3550 3641 3603 3694 in

2019 3732 2257 3778 mentem
2306 3724 2611 3794 accipiens,
2659 3727 2922 3795 permittis
2962 3728 3036 3783 illi
3096 3739 3154 3785 ut
3197 3742 3383 3787 contra
3430 3748 3602 3788 meam

2023 3816 2264 3889 insurgat
2306 3816 2617 3876 lenitatem:
2650 3834 2752 3876 nec
2795 3819 3067 3877 audaciam
3112 3823 3377 3893 reprimis,
3431 3841 3606 3895 neque

2023 3906 2282 3981 ingratam
2312 3912 2557 3983 castigas.
2590 3911 2726 3981 Quid
2750 3912 2911 3983 igitur
2949 3915 3167 3971 adamas
3196 3916 3300 3981 ille,
3334 3916 3490 3973 fortis
3520 3918 3605 3974 ille

2024 4004 2120 4060 Dei
2144 4005 2365 4073 athleta,
2395 4006 2483 4077 qui
2508 4006 2741 4078 undique
2763 4021 2991 4064 coronas
3014 4008 3117 4064 sibi
3146 4010 3443 4080 plectebat?
3470 4011 3606 4066 Mon-

2023 4099 2388 4161 strans_ctiam
2419 4100 2472 4155 in
2517 4100 2617 4155 hoc
2659 4115 2811 4156 suam
2837 4101 3106 4169 virtutem,
3147 4102 3265 4158 vide
3304 4104 3427 4171 quid
3458 4103 3605 4158 dicat

2024 4190 2074 4247 ei
2108 4210 2120 4245 :
2151 4191 2205 4246 6.
2238 4191 2372 4247 Ecce
2422 4193 2611 4247 ancilla
2654 4202 2741 4247 tua
2785 4193 2839 4248 in
2884 4194 3113 4250 manibus
3140 4195 3235 4249 tuis
3256 4211 3277 4249 :
3302 4206 3439 4249 utere
3466 4213 3525 4250 sa
3551 4209 3605 4250 ιιι

2026 4284 2114 4338 tibi
2139 4284 2331 4338 libitum
2358 4285 2527 4355 fuerit.
2560 4284 2752 4354 Ingens
2784 4285 2928 4353 justo
2953 4286 3159 4342 virtutis
3194 4286 3444 4349 studium,
3471 4287 3603 4339 mira

2028 4375 2322 4432 tolerantia:
2338 4375 2794 4432 excellentia.Non
2811 4376 2978 4431 solum
2992 4381 3253 4437 enimnon
3264 4378 3599 4450 aegretulitea

2026 4483 2145 4539 quae
2171 4466 2300 4523 Sara
2322 4467 2551 4534 dixerat,
2578 4466 2671 4524 sed
2695 4477 2750 4523 et
2774 4466 3061 4523 admodum
3086 4477 3359 4524 mansuete
3383 4483 3605 4539 respuu-

2028 4561 2107 4617 dit
2142 4569 2200 4617 et
2226 4561 2433 4631 inquit:
2461 4559 2760 4631 Suspicaris
2784 4575 2871 4617 me
2890 4568 3160 4616 auctorem
3190 4575 3309 4617 esse
3329 4568 3604 4617 contume-

2026 4655 2217 4711 liarum
2277 4654 2467 4725 quibus
2494 4653 2682 4710 affecta
2707 4667 2789 4720 es,
2819 4662 2873 4708 et
2902 4661 3055 4723 putas
3076 4666 3162 4707 me
3186 4651 3435 4706 obiectari
3466 4651 3518 4705 in
3539 4650 3606 4706 iis

2027 4761 2149 4818 qua:
2189 4747 2380 4802 ancilla
2424 4745 2704 4801 adversum
2753 4752 2806 4799 te
2847 4758 2975 4799 ausa
3021 4742 3141 4812 fuit,
3171 4744 3413 4815 quoniam
3439 4744 3603 4801 semel

2030 4837 2443 4894 communicavit
2466 4836 2597 4892 mihi
2637 4838 2691 4892 in
2735 4836 2875 4892 lecto
2905 4852 2918 4889 :
2943 4835 3089 4890 disce
3128 4849 3215 4891 me
3244 4843 3298 4890 et
3338 4829 3559 4905 primum
3582 4876 3603 4901 ,

2029 4930 2134 4985 nisi
2174 4929 2277 4984 hoc
2316 4930 2669 4998 suscepissem
2709 4935 2768 4984 ut
2810 4927 2903 4983 tibi
2940 4926 3285 4997 gratificarer,
3326 4940 3604 4994 numquam

2030 5021 2388 5076 admissurum
2417 5019 2580 5076 fuisse
2603 5019 2849 5075 ancillam
2876 5018 2928 5072 in
2957 5017 3149 5072 lectum
3179 5025 3323 5070 tuum
3355 5032 3369 5069 :
3401 5030 3609 5070 verum-

2032 5119 2209 5166 tamen
2257 5119 2397 5166 utre
2422 5110 2539 5180 ipsa
2579 5110 2775 5165 certior
2822 5110 2940 5176 tias,
2983 5122 3109 5163 ecce
3152 5107 3204 5162 in
3242 5105 3479 5162 manibus
3510 5108 3607 5162 tuis

2032 5209 2115 5257 est
2138 5215 2153 5265 ;
2180 5208 2330 5257 utere
2372 5216 2436 5257 ea
2466 5209 2524 5255 ut
2550 5200 2642 5255 tibi
2685 5198 2963 5270 placuerit.
2990 5196 3125 5254 Num
3154 5197 3271 5269 quis
3296 5205 3605 5268 potestatem

2035 5302 2178 5347 tuam
2224 5294 2454 5349 minuit?
2484 5309 2609 5351 num
2652 5293 2945 5348 dominium
2991 5290 3043 5345 in
3075 5305 3191 5347 eam
3218 5304 3247 5343 a
3292 5298 3345 5344 te
3380 5288 3606 5345 ablatum

2032 5385 2160 5442 est?
2186 5384 2319 5442 Nam
2358 5386 2483 5441 licet
2521 5400 2642 5441 cum
2688 5400 2749 5440 ea
2777 5397 3094 5454 congressus
3125 5380 3338 5446 fuerim,
3367 5379 3510 5435 salva
3537 5391 3609 5435 ta-

2033 5490 2157 5532 men
2184 5476 2358 5531 adhuc
2384 5484 2468 5531 est
2492 5476 2546 5532 in
2567 5490 2685 5531 eam
2714 5483 2947 5546 potestas
2972 5482 3082 5540 tua,
3109 5472 3223 5544 ipsa
3248 5472 3348 5527 sub
3370 5472 3607 5526 manibus

2036 5570 2141 5624 tuis
2185 5569 2480 5640 est;puni,
2526 5570 2746 5641 castiga,
2790 5568 3005 5637 increpa
3033 5583 3047 5620 :
3079 5574 3140 5621 ut
3185 5563 3414 5620 volueris
3440 5563 3606 5618 cttibi

2036 5662 2318 5734 placuerit,
2356 5664 2433 5718 sic
2463 5662 2620 5718 facito
2649 5678 2768 5717 cum
2793 5676 2853 5717 ea
2879 5677 2894 5726 ;
2939 5667 3141 5715 tantum
3166 5672 3235 5713 ne
3260 5668 3568 5712 succenseas
3586 5693 3604 5719 ,

2038 5763 2242 5813 tantum
2273 5770 2339 5811 ne
2370 5756 2496 5811 mihi
2524 5755 2765 5826 imputes,
2789 5770 2905 5825 qum
2936 5753 3019 5810 illa
3047 5751 3341 5825 petulanter
3369 5744 3605 5820 cgit.Nc-

3749 3498 3751 3529 l

3750 3568 3751 3609 l

3749 3658 3751 3703 l

3749 3758 3751 3789 Α

3750 3930 3751 3957 l

3750 4000 3751 4033 ι

3744 4444 3751 4589 t
