3750 6236
92 326 199 381 557

87 453 199 509 que
240 436 383 492 enim
431 436 566 496 meis
614 436 982 493 affectionibus
1026 436 1274 492 incitatus
1314 427 1588 491 rem'cum
1613 448 1677 489 ca

87 529 273 593 habui,
304 538 361 583 ut
403 544 527 599 erga
557 530 673 584 eam
698 531 777 584 sic
798 527 1020 595 alliciar,
1063 536 1121 583 ut
1146 538 1332 584 contra
1374 527 1678 599 aequitatem

86 624 135 675 ei
181 620 502 691 patrociner.
537 622 662 694 Scio
685 638 843 694 quem
873 622 964 677 tibi
992 622 1215 679 debeam
1246 621 1543 687 honorem;
1575 635 1679 675 non

88 711 279 781 ignoro
306 711 620 775 famulorum
647 717 909 784 Ingratum
935 714 1195 786 animum.
1218 712 1368 769 Nulla
1408 712 1536 767 milti
1565 712 1682 782 ejus

86 804 165 858 rei
209 818 336 858 cura
369 804 449 860 vel
481 804 616 860 ratio
646 821 659 858 :
695 821 858 859 unum
894 813 1095 869 tantum
1122 814 1205 860 est
1238 804 1326 870 cui
1368 804 1578 869 studeo,
1624 811 1683 857 ut

86 900 142 945 tu
178 910 407 949 mturare
436 908 620 951 careas
661 904 717 951 et
744 894 1068 962 turbatione,
1095 909 1159 952 ac
1202 895 1255 950 In
1285 894 1432 955 omni
1479 894 1553 950 sis
1584 893 1685 949 lto-

85 1000 243 1043 ΠΟΙὊ.

174 1076 229 1131 5.
274 1077 557 1149 (Ionjugum
602 1077 783 1149 ofﬁcia.
814 1109 886 1120 -
911 1078 1023 1135 Hoc
1050 1088 1132 1134 est
1175 1094 1358 1149 verum
1388 1078 1678 1134 cootubcr-

84 1167 264 1234 nium,
297 1168 399 1224 hoc
444 1169 620 1224 mariti
649 1169 908 1235 ofﬁcium,
931 1171 1145 1242 quando
1187 1187 1291 1226 non
1332 1186 1523 1242 magna
1562 1170 1685 1225 dili-

87 1260 274 1329 gentia
317 1259 386 1315 ad
432 1252 674 1317 mulieris
724 1273 928 1332 spectat
974 1265 1156 1327 verba,
1189 1262 1284 1319 sed
1330 1261 1682 1328 imbecillitati

86 1352 452 1407 sexus’venia:
494 1352 736 1408 nonnihil
779 1353 1042 1421 concedit,
1076 1354 1180 1409 hoc
1218 1370 1381 1409 unum
1411 1364 1679 1425 satagens,

87 1451 146 1496 ut
175 1458 208 1498 e
236 1443 414 1498 medio
459 1444 676 1500 tollatur
711 1445 946 1513 tristitia,
976 1454 1032 1501 et
1067 1462 1169 1518 pax
1197 1458 1358 1519 atque
1398 1448 1683 1509 concordia

85 1534 529 1605 constringantut'
573 1535 794 1591 arctius.
852 1537 1084 1591 Audiant
1130 1538 1251 1604 viri,
1302 1546 1357 1592 et
1409 1537 1683 1606 imitentur

87 1625 218 1693 justi
249 1626 542 1695 lenitatem,
584 1636 639 1684 et
679 1637 882 1683 tantum
928 1630 1187 1685 honorem
1230 1644 1293 1687 ac
1326 1634 1682 1687 reverentiam

89 1718 408 1773 mulieribus
458 1720 712 1786 tribuant,
756 1729 810 1776 et
851 1717 1120 1792 tamquam
1167 1721 1419 1779 imbecilli
1465 1724 1685 1779 vasculo

86 1818 338 1889 parcant,
381 1819 442 1866 ut
484 1810 788 1871 concordiae
835 1812 1104 1869 vinculum
1155 1813 1363 1870 firmius
1403 1814 1680 1871 consistat.

91 1900 201 1956 lita:
232 1902 376 1958 enim
403 1918 544 1967 verre
564 1913 691 1962 sunt
715 1903 934 1967 divitia),
960 1905 1067 1961 illa:
1092 1905 1341 1960 maximae
1375 1913 1499 1961 sunt
1520 1905 1685 1962 facul-

93 2002 258 2062 tates,
283 1995 327 2048 si
357 1995 438 2048 vir
458 2010 579 2050 cum
608 1995 831 2051 muliere
854 2011 958 2051 non
987 1994 1275 2061 discordet,
1299 1996 1391 2052 sed
1412 1996 1683 2067 conjuncti

87 2087 201 2140 sint
229 2095 289 2139 ut
319 2101 514 2155 corpus
543 2102 726 2142 unum.
752 2083 915 2141 Erunt
941 2088 1108 2149 enim,
1139 2088 1328 2158 inquit,
1348 2088 1448 2143 duo
1474 2088 1527 2143 in
1563 2104 1679 2142 car-

90 2193 205 2229 nem
239 2193 391 2230 unam
424 2175 576 2245 (Gen.
596 2177 650 2232 2.
674 2176 790 2247 24).
824 2178 981 2233 Tales
1009 2179 1108 2234 etsi
1140 2179 1191 2234 in
1221 2190 1532 2251 paupertate
1552 2180 1680 2248 sint,

89 2269 191 2324 etsi
228 2269 281 2323 in
312 2269 531 2336 vilitate,
571 2271 807 2325 omnium
839 2280 965 2326 sunt
1006 2271 1318 2341 beatissimi,
1345 2289 1527 2329 veram
1556 2290 1682 2345 per-

89 2361 299 2431 cipiunt
324 2361 671 2433 voluptatem,
695 2372 750 2418 et
784 2362 836 2417 in
874 2364 1121 2419 continua
1151 2364 1351 2435 degunt
1386 2368 1685 2438 tranquilli-

91 2462 241 2510 tate:
269 2453 408 2510 sicut
426 2464 609 2510 contra
636 2455 725 2527 qui
755 2456 854 2510 hac
882 2470 986 2511 non
1018 2456 1285 2525 fruuntur,
1305 2458 1399 2513 sed
1422 2459 1683 2531 zclotypia

92 2548 362 2612 laborant,
392 2556 448 2602 et
493 2546 690 2603 bonum
734 2548 880 2619 pacis
925 2549 1193 2615 amittunt,
1220 2550 1429 2606 etiamsi
1480 2555 1686 2623 magnis

91 2638 321 2692 afﬂuant
346 2637 562 2704 divitiis,
587 2639 793 2696 etiamsi
824 2650 1163 2710 sumptuosas
1190 2641 1418 2697 habeant
1447 2659 1682 2713 mensas,

92 2730 311 2785 etiamsi
355 2729 483 2785 clari
516 2729 713 2787 fuerint
743 2746 806 2788 ac
856 2732 1081 2801 nobiles,
1113 2734 1399 2790 miserrimi
1443 2736 1685 2793 omnium

90 2830 223 2875 sunt
257 2839 269 2874 :
304 2823 484 2878 turbas
514 2832 568 2879 et
596 2822 789 2879 ﬂuctus
814 2824 916 2880 sibi
949 2825 1184 2896 quotidie
1210 2827 1535 2897 excogitant,
1562 2842 1685 2886 sese

93 2913 330 2989 invicem
382 2922 659 2989 suspectos
705 2912 941 2985 habent,
1000 2915 1307 2985 nullamque
1358 2917 1682 2988 voluptatem

94 3005 304 3081 habere
346 3017 588 3077 possunt,
618 3009 828 3066 interno
884 3010 1026 3067 bello
1071 3013 1249 3066 omnia
1299 3012 1682 3085 confundente,

93 3098 430 3169 multamque
477 3084 1002 3171 eis'amaritudinem
1045 3102 1350 3160 iuvetiente.
1376 3104 1570 3160 Verum
1597 3084 1686 3163 hic

94 3188 231 3243 nihil
266 3190 405 3257 tale;
434 3190 528 3246 sed
560 3193 860 3263 patriarcha
880 3194 1295 3266 indignationem
1319 3196 1687 3254 matrisfami—

93 3283 195 3337 lias
224 3298 323 3338 sua
354 3283 578 3357 placavit
604 3285 853 3357 lenitate,
893 3296 948 3343 et
982 3278 1103 3343 data
1132 3289 1181 3344 ei
1210 3298 1395 3344 contra
1433 3290 1683 3347 ancillam

93 3382 386 3443 potestate,
407 3374 620 3455 domum
646 3392 773 3446 pace
797 3378 1036 3447 replevit.
1055 3377 1125 3433 Et
1146 3379 1321 3451 afﬂixit
1342 3396 1472 3450 eam,
1492 3382 1682 3452 inquit,

91 3466 255 3532 Sara,
281 3467 547 3539 etaufugit
586 3486 618 3523 a
653 3471 782 3543 facie
809 3472 938 3543 ejus.
976 3468 1260 3543 Postquam
1291 3474 1506 3530 domina
1544 3475 1685 3534 illius

92 3560 307 3628 punivit
333 3545 689 3635 insolentiam,
723 3561 895 3633 fugam
928 3563 1046 3619 iniit
1073 3565 1284 3620 ancilla.
1316 3566 1460 3623 Talis
1482 3568 1684 3625 scilicet

90 3666 376 3705 servorum
407 3667 524 3707 mos
555 3662 636 3709 est
666 3671 679 3707 :
711 3654 924 3724 quando
947 3670 1049 3709 non
1082 3657 1405 3726 permittitur
1432 3659 1509 3713 eis
1535 3675 1684 3716 more

88 3759 188 3798 suo
224 3760 408 3815 agere,
450 3746 543 3801 sed
591 3747 950 3817 impediuntur
989 3764 1177 3815 eorum
1219 3760 1459 3816 conatus,
1504 3752 1682 3809 statim

90 3835 439 3893 dominorum
470 3839 642 3909 ruptis
663 3838 848 3907 frenis,
878 3840 1050 3911 fugam
1079 3850 1383 3911 capessunt.
1417 3841 1681 3898 Cmterum

89 3928 195 3983 hoc
225 3928 391 3983 etiam
420 3928 559 3993 vide,
582 3929 850 3999 quomodo
878 3930 1086 3985 ancillae
1111 3945 1400 4001 supernum
1427 3931 1679 3988 auxilium

88 4034 196 4079 non
225 4018 390 4083 desit,
408 4020 477 4074 ob
496 4019 624 4090 justi
657 4019 909 4077 videlicet
935 4020 1215 4077 honorem.
1245 4020 1378 4077 Nam
1406 4024 1529 4094 quia
1551 4022 1679 4092 justi

86 4126 281 4167 semen
313 4110 447 4165 intra
486 4126 546 4167 se
577 4112 819 4182 gerebat,
851 4111 971 4168 ideo
994 4121 1048 4168 et
1079 4112 1254 4183 angeli
1283 4123 1556 4184 aspectum
1598 4115 1679 4170 vi-

87 4200 221 4256 dere
247 4202 462 4257 meruit.
483 4202 537 4256 7.
563 4200 762 4256 Invenit
789 4203 931 4258 enim
961 4220 1092 4268 eam,
1123 4204 1312 4275 inquit,
1337 4207 1547 4277 angelus
1575 4205 1680 4261 Do-

88 4293 217 4347 mini
262 4310 419 4363 prope
454 4297 643 4366 fontem
684 4310 831 4366 aqua:
880 4295 934 4349 in
980 4295 1269 4361 solitudine,
1313 4296 1368 4351 in
1417 4296 1499 4352 via
1550 4296 1677 4353 Sur.

87 4384 389 4440 Considera
436 4386 817 4457 benignitatem
868 4384 1112 4453 Domini,
1156 4386 1425 4457 quomodo
1474 4387 1679 4444 nullum

86 4476 374 4546 deSpiciat,
392 4476 487 4531 sed
512 4475 722 4531 etiamsi
743 4490 930 4531 servus
949 4476 1018 4531 sit
1042 4475 1121 4531 vel
1141 4475 1355 4544 ancilla,
1376 4491 1528 4532 suam
1553 4492 1679 4550 erga

87 4584 215 4623 cum
246 4567 482 4623 declaret
511 4567 916 4643 providentiam,
938 4582 1043 4622 non
1071 4567 1137 4622 ad
1163 4567 1477 4639 dignitatum
1508 4570 1678 4640 respi-

87 4663 243 4716 ciens
275 4660 653 4728 differentiam,
696 4660 789 4715 sed
834 4660 899 4715 ad
945 4660 1136 4715 animm
1179 4659 1536 4717 affectionem.
1581 4661 1679 4718 Hic

86 4765 277 4810 autem
305 4770 409 4808 non
441 4765 659 4824 propter
681 4754 892 4808 ancilla:
925 4753 1174 4807 meritum
1209 4753 1431 4825 angelus
1454 4753 1674 4821 assistit,

86 4846 184 4902 sed
215 4846 289 4899 ob
310 4845 567 4901 honorem
593 4845 743 4915 justi.
771 4844 901 4900 Nam
924 4845 1059 4900 sicut
1083 4845 1213 4911 dixi,
1241 4844 1399 4915 digna
1422 4854 1539 4902 erat
1556 4861 1676 4916 quas

86 4955 196 4993 non
250 4937 627 5007 negligeretur,
659 4951 724 4991 eo
752 4935 891 5006 quod
923 4936 1077 5005 digna
1124 4934 1311 4991 fuisset
1342 4952 1460 5006 qua:
1490 4952 1674 4993 semen

81 5031 216 5099 justi
248 5030 561 5097 susciperet.
592 5027 645 5083 8.
683 5027 745 5081 Et
772 5036 823 5079 ut
848 5044 959 5080 eam
978 5026 1163 5080 invenit
1186 5025 1416 5096 angelus,
1443 5027 1572 5083 dixit
1596 5029 1643 5082 ei
1653 5043 1675 5084 :

89 5124 231 5192 Agar
252 5120 440 5189 ancilla
468 5119 633 5193 sane,
653 5117 785 5171 unde
807 5119 958 5189 venis,
982 5128 1028 5172 et
1055 5133 1153 5185 quo
1174 5118 1314 5171 vadis
1331 5117 1357 5170 ?
1389 5117 1518 5173 Vide
1542 5132 1677 5188 quo-

88 5214 252 5267 modo
284 5224 337 5268 et
377 5212 549 5291 angeli
580 5211 718 5266 dicta
749 5226 866 5265 eam
898 5210 949 5264 in
991 5210 1302 5265 memoriam
1347 5225 1456 5264 sua;
1483 5208 1674 5265 condi-

88 5308 255 5360 tionis
302 5305 578 5359 inducant.
623 5303 757 5358 Nam
804 5313 862 5356 ut
908 5302 1246 5358 attentiorem
1296 5318 1413 5358 eam
1463 5302 1672 5366 reddat.

88 5398 270 5449 statim
301 5380 713 5465 appellationem
742 5394 974 5448 nominis
1001 5394 1117 5461 cjus
1146 5394 1200 5447 in
1235 5393 1468 5447 medium
1497 5393 1673 5460 all'ert,

88 5497 142 5540 et
172 5487 301 5561 dicit
326 5503 340 5538 ε
383 5487 540 5556 Agar.
567 5485 810 5561 Solemus
834 5484 976 5539 enim
1006 5483 1313 5558 diligentius
1347 5486 1671 5553 auscultare,

88 5558 306 5643 quando
351 5575 655 5631 nominibus
701 5558 899 5630 nostris
956 5590 1223 5630 vocamur.
1276 5575 1476 5630 Deinde
1521 5574 1670 5645 dicit,

94 5664 293 5743 Ancilla
315 5666 502 5739 Sorte:
527 5682 633 5738 quo
666 5650 933 5722 recordari
964 5682 1080 5745 cam
1101 5666 1250 5737 jubet
1275 5669 1505 5722 domina:
1535 5683 1671 5737 suae,

89 5762 149 5807 ιιι
189 5755 325 5810 sciat
364 5772 443 5823 sc,
474 5750 595 5815 licet
638 5760 900 5828 particeps
946 5757 1098 5813 fuerit
1141 5758 1322 5814 herilis
1365 5759 1506 5827 Iccti,
1539 5768 1674 5817 atta-

1083 319 1148 377 IN
1186 319 1337 378 CAP.
1378 318 1520 378 XVI.
1561 313 1808 375 GENES.
1850 312 2077 370 ηοδιιι.
2119 313 2403 371 XXXVIII.

3262 310 3368 366 558

1790 442 1913 483 men
1944 428 2213 485 dominam
2253 440 2546 502 agnoscere
2583 428 2779 485 debere
2818 428 3025 484 Saram.
3054 427 3185 483 Vide
3213 430 3370 501 igitur

1778 518 2034 589 angelum
2064 521 2502 591 interrogantem,
2534 528 2593 575 ut
2630 535 2748 576 eam
2775 519 2842 574 ad
2870 520 3228 591 respondendi
3271 536 3368 576 iie-
3403 516 3408 534 ⁴

1786 610 2088 665 cessitatem
2116 621 2353 681 cogeret.
2385 610 2553 676 Unde,
2576 612 2764 683 inquit,
2785 627 2927 666 nunc
2950 611 3001 666 iu
3027 611 3370 667 solitudinem

1789 701 1932 757 hanc
1978 702 2263 772 advenisti,
2294 716 2348 760 et
2376 720 2483 775 quo
2505 705 2825 774 contmdis?
2874 707 3050 776 Atque
3075 706 3144 762 ob
3173 706 3275 762 hoc
3315 708 3371 762 in

1788 790 1888 847 hac
1912 792 2204 850 solitudine
2227 805 2505 866 comparet
2530 798 2770 867 angelus,
2789 806 2847 852 ut
2872 812 2939 853 ne
2965 806 3113 868 putet
3139 799 3372 868 aliquem

1788 898 1855 938 ex
1900 883 2204 955 vulgaribus
2248 886 2545 941 viatoribus
2587 903 2708 943 eum
2751 902 2872 944 esse
2911 888 3001 960 qui
3047 889 3338 961 interrogat
3372 909 3385 944 :

1788 974 2020 1030 solitudo
2045 976 2185 1030 enim
2215 988 2351 1044 erat,
2378 984 2434 1033 et
2462 977 2640 1033 nullus
2681 979 2819 1035 alius
2859 979 3045 1035 aderat
3073 998 3086 1034 :
3120 990 3177 1037 ut
3215 982 3377 1052 igitur

1787 1063 1926 1120 scire
1952 1066 2120 1134 possit
2146 1083 2251 1121 non
2281 1082 2402 1123 esse
2431 1067 2708 1139 vulgarem
2737 1069 2992 1139 aliquem.
3013 1072 3102 1141 qui
3132 1073 3231 1127 sibi
3259 1074 3375 1130 col-

1789 1151 2042 1225 loquitur,
2071 1167 2356 1227 eapropter
2397 1157 2450 1212 in
2475 1172 2658 1228 eremo
2686 1161 2951 1229 apparuit,
2981 1170 3035 1215 et
3075 1161 3375 1219 sciscitatus

1788 1242 1934 1299 illam
1964 1254 2047 1301 est
2078 1261 2092 1299 :
2138 1246 2201 1300 Et
2227 1247 2390 1320 inquit
2419 1247 2504 1302 illa
2538 1264 2551 1300 :
2584 1248 2627 1301 A
2657 1249 2789 1320 facie
2813 1248 2962 1304 Sara:
2996 1250 3214 1305 dominre
3248 1269 3376 1307 metu

1787 1351 1880 1407 ego
1905 1337 2073 1408 fugio.
2095 1316 2261 1394 Vide’s
2285 1337 2556 1410 quomodo
2591 1316 2699 1395 non
2725 1348 2882 1410 negat
2902 1340 3250 1408 dominatum,
3276 1342 3372 1398 sed

1785 1429 2072 1483 confitetur
2097 1443 2224 1485 vere
2244 1430 2461 1485 omnia?
2486 1428 2603 1484 Non
2628 1438 2732 1495 est,
2762 1429 2953 1499 inquit.
2980 1432 3141 1485 homo
3168 1433 3256 1501 qui
3286 1434 3371 1488 in-

1789 1526 2043 1588 terrogat,
2092 1530 2149 1573 ut
2188 1520 2390 1590 possim
2416 1519 2687 1591 decipere.
2722 1520 2958 1577 Primum
3002 1522 3136 1582 dixit
3177 1538 3372 1580 nomen

1787 1622 1989 1678 mourn,
2015 1619 2070 1665 et
2097 1609 2328 1665 domina:
2348 1626 2483 1666 mea:
2511 1609 2756 1666 meminit
2782 1627 2797 1664 :
2828 1626 2923 1684 par
2941 1621 3026 1667 est
3048 1612 3210 1685 igitur
3231 1623 3290 1669 ut
3318 1624 3378 1671 et

1787 1712 1887 1767 ego
1914 1700 2093 1754 omnia
2121 1716 2247 1755 vere
2282 1701 2477 1755 dicam.
2499 1701 2542 1754 Α
2570 1702 2720 1773 facie,
2748 1701 2941 1776 inquit,
2970 1702 3121 1759 Sorte
3158 1706 3377 1761 donante

1788 1806 1913 1844 mete
1939 1808 2027 1863 ego
2067 1795 2228 1864 fugio.
2273 1793 2404 1848 Vide
2430 1793 2698 1863 quomodo
2740 1794 2874 1849 citra
2904 1795 3087 1851 odium
3132 1799 3376 1855 meminit

1786 1882 2039 1940 dominre.
2065 1886 2181 1942 Non
2218 1887 2372 1955 dixit,
2401 1888 2484 1945 Me
2511 1888 2701 1944 afﬂixit
2731 1907 2744 1944 :
2778 1906 2884 1946 non
2927 1890 3083 1959 dixit,
3113 1893 3196 1949 Me
3236 1894 3375 1951 male

1788 1978 2089 2047 mulctavit,
2120 1995 2225 2035 non
2258 1996 2472 2051 possum
2497 1982 2636 2038 ferre
2675 1984 2975 2039 molestiam
2997 1987 3134 2055 ejus,
3164 1996 3219 2043 et
3254 1988 3375 2044 ideo

1787 2068 1967 2142 fugam
1994 2072 2087 2129 inii
2114 2091 2129 2128 :
2163 2075 2291 2128 nihil
2319 2092 2567 2144 asperum
2596 2076 2812 2147 loquuta
2837 2087 2938 2145 est,
2968 2080 3061 2134 sed
3093 2080 3265 2134 solum
3291 2096 3375 2136 se-

1788 2160 1959 2232 ipsam
1984 2172 2045 2218 ut
2063 2164 2334 2235 fugitivam
2366 2166 2858 2224 accusavit.Vidisti
2877 2170 2992 2239 ejus
3020 2171 3375 2240 probitatem?

1789 2252 1925 2311 Vide
1951 2255 2078 2326 quid
2109 2257 2302 2312 iterum
2340 2258 2560 2328 angelus
2585 2258 2636 2314 ei
2674 2257 2829 2314 dixit.
2871 2260 2925 2316 9.
2957 2259 3102 2331 Dixit
3134 2271 3301 2318 autent
3331 2265 3377 2320 ei

1788 2345 2000 2418 angelus
2043 2346 2290 2402 Domini:
2326 2347 2592 2405 Revertere
2617 2350 2685 2404 ad
2726 2350 2983 2406 dominam
3022 2363 3179 2420 tuam,
3208 2362 3257 2410 et
3282 2356 3378 2412 ἕως

1789 2438 1988 2492 miliare
2015 2440 2108 2493 sub
2134 2441 2367 2495 manibus
2394 2442 2522 2512 ejus.
2550 2441 2630 2496 Ad
2662 2442 2762 2498 hoc
2790 2443 3028 2514 quidem,
3047 2446 3187 2516 quod
3207 2446 3375 2502 dixit:

1789 2530 1834 2583 Α
1861 2531 1994 2602 facie
2018 2532 2238 2587 domina:
2265 2548 2390 2588 mea:
2413 2534 2575 2605 fugio,
2604 2534 2795 2604 inquit,
2821 2534 3105 2603 Revertere,
3128 2547 3184 2595 et
3210 2555 3279 2594 ne
3301 2540 3378 2597 sis

1791 2618 1996 2690 ingrata
2039 2636 2165 2692 erga
2210 2622 2480 2679 dominam
2531 2634 2697 2689 tuam,
2723 2641 2842 2695 quin
2876 2626 2947 2683 de
2992 2636 3044 2683 te
3090 2641 3196 2693 tam
3242 2631 3379 2688 bene

1790 2714 1979 2769 merita
2010 2724 2114 2771 est.
2145 2714 2367 2782 Deinde,
2395 2717 2518 2788 quia
2560 2733 2627 2774 ex
2655 2718 2790 2773 fastu
2820 2730 2875 2774 ct
2900 2722 3147 2791 superbia
3184 2724 3379 2783 mentis

1789 2804 2061 2861 dominam
2088 2822 2238 2861 suam
2268 2808 2319 2861 in
2364 2809 2497 2862 iram
2520 2807 2868 2878 excitaverat,
2900 2810 3088 2882 inquit,
3117 2810 3185 2866 Et
3209 2814 3379 2872 humi-

1788 2898 1917 2953 liare
1957 2899 2051 2953 sub
2088 2899 2319 2955 manibus
2357 2902 2489 2972 ejus,
2515 2901 2753 2973 subjecta
2796 2912 2913 2959 esto
2946 2904 2997 2961 ei
3028 2922 3045 2961 :
3092 2904 3195 2963 hoc
3230 2907 3374 2965 enim

1788 2989 1886 3047 tibi
1909 2991 2168 3062 proderit.
2196 2994 2441 3064 Agnosce
2483 2996 2821 3064 servitutem,
2850 3011 2917 3052 ne
2954 2998 3166 3069 ignores
3205 2999 3380 3058 domio

1789 3081 1961 3150 nium,
1985 3082 2117 3138 nihil
2144 3083 2373 3141 sublime
2400 3087 2596 3157 sapite,
2620 3102 2689 3143 ne
2710 3086 2834 3158 plus
2859 3087 2929 3144 de
2954 3096 3009 3145 te
3028 3105 3188 3162 quam
3216 3106 3380 3164 opor-

1790 3185 1870 3233 tet
1921 3177 2122 3234 sentias
2155 3196 2170 3235 :
2221 3177 2512 3235 Humiliare
2551 3181 2643 3234 sub
2685 3180 2917 3235 manibus
2955 3183 3086 3252 ejus,
3133 3198 3377 3255 magnam

1788 3284 1901 3342 prae
1936 3279 1989 3328 te
2014 3271 2091 3327 fer
2119 3270 2501 3328 obedientiam.
2529 3271 2672 3328 Satis
2699 3273 2816 3342 ejus
2847 3273 3077 3329 animam
3103 3274 3377 3337 demulsc-

1794 3370 1918 3417 rant
1944 3362 2117 3435 angeli
2138 3363 2301 3432 dicta,
2327 3370 2488 3435 atque
2508 3364 2625 3434 ejus
2653 3364 2897 3434 spiritum
2925 3377 3380 3437 compresserant»,

1791 3454 1923 3509 satis
1960 3455 2299 3511 frcnaverant
2323 3455 2439 3526 cjus
2475 3455 2827 3523 iracundiam,
2852 3455 3073 3512 multant
3100 3458 3153 3513 in
3180 3457 3382 3531 cogita-

1790 3546 2025 3603 tionibus
2051 3546 2394 3602 serenitatem
2419 3545 2674 3603 fecerant.

1861 3642 1915 3697 6.
1958 3640 2159 3697 Deinde
2182 3656 2252 3696 ne
2278 3650 2426 3712 putet
2452 3651 2657 3698 temere
2686 3650 2740 3698 et
2764 3643 2969 3714 absque
2993 3657 3154 3700 causa
3182 3659 3244 3701 se
3278 3646 3380 3702 hu-

1784 3731 2020 3805 jusmodl
2068 3732 2402 3804 providentia
2449 3732 2718 3804 dignatam
2765 3748 2918 3800 esse,
2967 3734 3063 3791 sed
3105 3734 3276 3792 discat
3314 3750 3382 3795 se

1790 3834 2009 3897 propter
2033 3839 2219 3881 semen
2252 3825 2382 3896 justi
2424 3832 2626 3881 tantam
2654 3824 3081 3881 benevolentiam
3121 3841 3381 3895 assequu—

1792 3926 1899 3973 tam
1937 3932 2079 3984 esse,
2109 3917 2232 3973 vide
2255 3917 2523 3989 quomodo
2554 3932 2673 3973 eam
2705 3917 3033 3986 consolatur,
3061 3926 3117 3973 et
3141 3926 3376 3976 mentem

1789 4009 1908 4079 ejus
1932 4009 2112 4080 erigit,
2142 4018 2197 4064 et
2224 4009 2648 4065 consolationem
2676 4008 2787 4076 dat,
2814 4025 2935 4079 qua:
2972 4009 3187 4067 abunde
3225 4010 3379 4067 suffi-

1789 4101 1917 4168 ciat,
1935 4115 2053 4157 cum
2079 4101 2149 4156 ita
2176 4100 2476 4170 subjungit:
2496 4101 2585 4157 IO.
2609 4100 2678 4154 Et
2695 4100 2824 4155 dixit
2843 4102 2888 4155 ei
2907 4102 3116 4173 angelus
3136 4100 3377 4160 Domini:

1793 4192 2147 4264 Hultiplicans
2174 4192 2521 4262 ntultiplicabo
2548 4208 2717 4247 semen
2747 4201 2909 4258 tuum,
2941 4202 2991 4246 et
3013 4208 3120 4263 ρηε
3152 4194 3379 4249 multitu-

1792 4289 1912 4342 dine
1933 4303 2034 4341 non
2061 4285 2423 4341 numerabitur.
2453 4285 2516 4340 Et
2548 4284 2663 4351 tibi,
2694 4284 2884 4356 inquit,
2913 4284 3143 4355 praedico
3169 4293 3374 4341 tantum

1796 4377 1913 4434 fore
1957 4393 2141 4433 semen
2189 4388 2356 4443 tuum,
2390 4384 2446 4431 ut
2487 4391 2660 4447 neque
2691 4390 2917 4431 numero
2957 4376 3248 4446 subjaeeat.
3297 4377 3377 4434 Ne

1797 4468 1959 4540 igitur
1995 4478 2187 4524 mmsta
2231 4468 2327 4534 sis,
2358 4483 2533 4538 neque
2560 4466 2904 4534 succumbas,
2935 4482 3110 4538 neque
3144 4468 3377 4525 turberis

1797 4562 1999 4628 animo,
2032 4560 2124 4616 sed
2152 4575 2261 4630 prae
2290 4568 2342 4614 te
2371 4559 2451 4615 fer
2474 4574 2687 4614 omnem
2726 4558 3105 4614 obedientiam.
3127 4559 3215 4615 ll.
3245 4559 3379 4615 Ecce

1798 4656 1931 4709 enim
1959 4664 2158 4708 uterum
2198 4653 2348 4723 geris,
2378 4660 2423 4706 et
2449 4652 2615 4721 paries
2654 4651 2839 4721 ﬁlium,
2871 4660 2917 4705 et
2954 4650 3153 4706 vocabis
3193 4667 3376 4706 nomen

1784 4748 1898 4819 ejus
1940 4745 2151 4802 Ismael.
2182 4745 2327 4810 Ideo,
2356 4743 2546 4814 inquit,
2575 4752 2631 4798 et
2662 4751 2869 4812 partum
2905 4741 2999 4796 tibi
3032 4740 3287 4810 prtudico,
3318 4752 3374 4797 et

1783 4855 1980 4897 nomen
2000 4839 2110 4910 jam
2149 4838 2367 4908 impono
2395 4850 2563 4906 puero
2586 4835 2675 4905 qui
2708 4842 2975 4897 nascetur,
2994 4844 3054 4887 ut
3085 4846 3147 4887 re
3170 4832 3371 4887 certius

1783 4940 2079 5001 comperta,
2098 4928 2177 4984 sic
2196 4925 2540 4999 regrediaris,
2558 4934 2614 4980 et
2631 4922 2884 4980 emendes
2904 4921 3045 4993 quod
3067 4920 3368 4991 deliquisti:

1787 5022 1920 5091 Quia
1958 5019 2150 5074 audivit
2178 5017 2426 5073 Dominus
2450 5015 2780 5069 humilitatem
2810 5022 2969 5068 tuam.

1858 5115 2116 5181 Quantum
2158 5123 2499 5166 rerumnarum
2542 5106 2760 5161 lucrum.
2785 5134 2857 5144 —
2899 5104 3036 5159 Hinc
3074 5102 3369 5160 discamus.

1782 5216 2039 5279 quantum
2069 5204 2138 5259 sit
2169 5203 2222 5257 in
2252 5198 2633 5256 afﬂictionibus
2670 5196 2897 5261 lucrum,
2930 5205 3128 5265 quanta
3157 5194 3373 5250 calanu-

1785 5302 1910 5357 tatis
1939 5297 2162 5354 utilitas.
2202 5295 2487 5362 Postquam
2517 5290 2659 5346 enim
2699 5288 2944 5353 secessit,
2982 5297 3036 5344 et
3074 5287 3230 5344 dolor
3270 5303 3358 5342 an-

1732 5416 1735 5419 ·
1787 5400 1906 5448 ctus
1927 5386 2337 5457 est,multisque
2361 5380 2687 5439 circumdata
2712 5390 2794 5436 est
2820 5379 3165 5436 afflictionum
3194 5380 3365 5435 mole-

1788 5485 1927 5551 stiis,
1958 5485 2012 5537 in
2056 5479 2359 5544 solitudine,
2389 5478 2443 5532 in
2470 5475 2686 5531 deserto
2729 5484 2782 5532 et
2826 5474 3084 5546 angustiis
3125 5488 3373 5542 versans,

1784 5583 1909 5647 post
1957 5581 2158 5628 tantam
2202 5567 2645 5641 prosperitatcm,
2674 5577 2728 5623 et
2773 5574 3053 5638 postquam
3098 5565 3152 5620 in
3189 5580 3370 5636 parem

1788 5679 1909 5721 cum
1956 5662 2172 5718 domina
2228 5675 2323 5716 sua
2376 5657 2691 5729 dignitatem
2739 5667 2927 5714 evecta
2980 5655 3205 5721 fuisset;
3250 5654 3375 5711 ideo

1790 5758 2144 5816 accclcratum
2196 5762 2349 5810 nacta
2397 5760 2483 5807 cst
2540 5750 2855 5808 subsidium.
2914 5750 3039 5807 "(cc
3089 5749 3232 5806 enim
3272 5745 3368 5803 tibi
