3750 6292
66 314 151 373 361

66 433 284 489 domina:
304 432 600 504 aufugerat,
629 431 723 488 sed
748 438 806 488 et
826 431 874 488 ei
895 430 1172 487 Ismaelem
1225 430 1429 501 prolem
1473 429 1639 495 dedit,

69 527 185 582 inde
210 526 350 597 justo
396 540 651 595 maguum
702 526 950 581 solatium
998 524 1327 595 exengitans,
1376 532 1643 595 tantaeque

66 621 318 690 lenientis:
343 618 619 675 mercedes
643 618 690 673 ei
718 618 1039 674 retribuens.
1066 617 1129 671 Et
1157 626 1435 687 postquam
1486 620 1643 671 natus

63 721 137 765 est
173 710 378 775 lsmael,
406 711 592 766 volens
620 724 721 765 nos
745 708 940 765 docere
981 707 1254 778 Scriptura
1300 716 1510 777 tempus
1559 721 1646 777 pa-

64 800 319 870 triarchm,
340 802 500 858 etiam
548 814 831 857 numerum
857 813 1118 854 annorum
1162 798 1317 853 nobis
1346 796 1645 871 designavit

64 894 284 950 dicens:
310 892 397 951 I6.
428 892 645 962 Quando
666 901 816 947 natus
834 900 909 946 est
952 889 1163 954 Ismael,
1213 904 1462 944 annorum
1507 898 1647 944 octo-

60 988 194 1057 ginta
217 1002 302 1042 sex
321 993 426 1040 erat
459 984 648 1039 Abram
674 981 844 1058 (Cap.
870 982 933 1039 16
965 983 1003 1053 ).
1036 980 1324 1038 Videamus
1367 988 1546 1036 autem
1589 986 1646 1037 et

60 1080 158 1135 hoc
176 1079 307 1145 loco,
328 1078 379 1134 id
400 1079 539 1150 quod
562 1087 611 1134 et
629 1093 694 1133 ex
715 1076 1059 1146 sequentibus
1078 1073 1368 1139 discemus,
1382 1073 1644 1144 insignem

59 1173 359 1243 patientiam
375 1170 527 1241 justi,
553 1180 606 1226 et
622 1168 943 1225 ineﬁ'abilem
956 1176 1112 1238 atque
1129 1164 1377 1222 eximiam
1400 1164 1646 1236 benigni-

61 1273 218 1318 tatem
259 1262 485 1319 Domini.
526 1260 771 1318 Sciemus
792 1268 971 1315 autem
1002 1266 1228 1328 utraque
1254 1246 1552 1322 evidenter,
1596 1256 1644 1312 si

59 1356 249 1410 iterum
287 1364 522 1424 tempora
565 1354 688 1408 vitae
734 1351 868 1424 justi
903 1351 1186 1406 addiscere
1227 1349 1560 1420 poterimus:
1592 1360 1646 1405 et

56 1445 324 1517 quomodo
351 1445 527 1501 bonus
562 1445 702 1500 Deus
726 1457 846 1513 qua:
872 1442 938 1499 ad
966 1457 1026 1498 se
1059 1441 1288 1498 attinent
1324 1441 1471 1497 omni
1513 1449 1645 1495 tem~

55 1556 187 1605 pore
212 1540 503 1612 dispenset,
540 1537 773 1609 probans
799 1551 953 1592 suum
979 1534 1257 1599 famulum,
1286 1544 1340 1589 et
1362 1533 1505 1605 piam
1528 1531 1646 1601 ejus

52 1639 285 1687 mentem
308 1630 583 1701 detegens.
613 1627 731 1700 Ipse
749 1627 893 1683 enim
920 1626 1067 1683 clare
1097 1624 1415 1697 przesciebat
1455 1622 1641 1677 famuli

54 1723 136 1777 sui
183 1732 384 1794 gratum
448 1722 707 1787 animum,
748 1718 945 1774 animas
984 1718 1100 1787 ejus
1167 1712 1643 1787 pulchritudinem,

55 1816 501 1887 margaritamque
526 1813 666 1868 hanc
684 1811 958 1868 evidenter
1003 1807 1328 1880 agnoscebat
1356 1822 1371 1862 :
1400 1805 1493 1860 sed
1521 1804 1646 1875 quia

55 1909 221 1962 voluit
244 1905 491 1961 omnibus
524 1915 649 1960 tunc
676 1902 1035 1974 praesentibus
1060 1915 1184 1956 eum
1212 1907 1396 1954 notum
1446 1897 1644 1963 facere,

54 2010 106 2053 ut
133 2007 189 2053 et
213 1996 595 2069 posterioribus
620 1994 831 2049 saeculis
860 1994 972 2063 ipsa
998 1991 1129 2062 justi
1158 1990 1326 2045 virtus
1352 1988 1419 2042 ad
1469 1988 1644 2041 imita-

54 2091 252 2145 tionem
276 2104 338 2142 ac
362 2087 535 2143 zelum
556 2100 651 2142 eos
667 2084 755 2155 qui
783 2083 1023 2139 armulari
1052 2080 1253 2137 vellent
1282 2087 1599 2151 provocaret
1628 2095 1642 2132 :

54 2182 252 2235 ideirco
284 2179 537 2250 paulatim
567 2186 796 2232 mentem
838 2175 967 2246 justi
1011 2182 1117 2229 tam
1153 2173 1462 2243 opulentam
1493 2172 1646 2226 nobis

51 2272 251 2343 detegit
270 2287 281 2325 ε
303 2278 362 2325 ut
378 2269 644 2325 discamus
661 2278 714 2324 et
741 2282 837 2322 nos
856 2266 1050 2322 divinis
1069 2264 1514 2338 promissionibus
1537 2278 1644 2318 non

52 2363 316 2427 tliﬂidere,
348 2376 522 2432 neque
543 2360 851 2416 dilationem
882 2358 1140 2428 gravatim
1168 2355 1330 2424 ferre,
1358 2356 1451 2411 sed
1480 2355 1649 2425 majo-

50 2471 168 2511 rem
195 2469 345 2523 spem
372 2454 423 2507 in
460 2451 815 2507 invisibilibus
844 2466 1002 2521 quam
1024 2450 1077 2505 in
1100 2449 1393 2505 visibilibus
1423 2462 1644 2518 ponere,

58 2562 180 2617 qua:
209 2545 468 2600 Dominus
491 2543 728 2597 omnium
757 2541 1062 2612 promiserit
1116 2558 1131 2595 :
1163 2548 1217 2595 et
1257 2538 1489 2594 sciamus
1538 2552 1646 2593 non

49 2653 172 2694 esse
193 2636 452 2709 possibile
473 2644 531 2691 ut
550 2650 802 2705 umquam
824 2632 1072 2689 excidant
1097 2632 1361 2704 promissa
1388 2630 1479 2686 Dei
1506 2647 1521 2697 ;
1550 2629 1646 2686 sed

49 2741 105 2787 et
131 2734 174 2785 si
197 2732 361 2800 longo
386 2739 510 2800 post
539 2740 778 2798 tempore
818 2726 1257 2797 eveniantaliqua
1287 2724 1481 2780 divinis
1523 2738 1648 2795 pro«

48 2821 230 2877 missis
249 2820 484 2887 diversa,
516 2834 586 2875 ne
615 2827 893 2891 prepterea
917 2832 1070 2873 mens
1098 2817 1361 2881 turbetur,
1412 2816 1505 2871 sed
1555 2830 1647 2872 co-

46 2927 376 2984 gnoscamus
400 2911 515 2983 ejus
541 2911 631 2983 qui
671 2909 913 2981 promisit
949 2907 1263 2981 sapientiam
1291 2916 1347 2963 et
1398 2907 1646 2962 invictam

45 3008 302 3061 virtutem
350 3013 452 3060 :et
502 3017 627 3060 eum
680 3002 1127 3073 quandocumque
1173 3000 1424 3063 voluerit,
1484 3013 1648 3070 opere

42 3116 167 3172 qum
187 3099 291 3156 sibi
323 3098 513 3169 placita
543 3107 668 3152 sunt
728 3095 999 3167 complere
1038 3108 1220 3164 posse,
1272 3093 1557 3162 omniaque
1595 3090 1646 3146 ei

42 3207 273 3247 cessura
302 3199 357 3245 et
397 3190 834 3259 ohtemperatura
861 3200 998 3241 esse.
1031 3183 1164 3240 Nam
1214 3185 1337 3254 quia
1392 3183 1647 3238 Dominus

42 3296 126 3340 est
144 3293 354 3338 natura:
384 3291 433 3337 et
474 3278 686 3350 Opifex,
714 3287 886 3349 potest
907 3278 1064 3332 etiam
1092 3276 1221 3332 dare
1246 3291 1306 3332 ea
1329 3290 1449 3348 qua:
1484 3288 1647 3345 supra

42 3385 300 3430 naturam
332 3380 472 3426 sunt.
506 3370 582 3426 Ne
613 3371 771 3441 igitur
798 3369 865 3424 ad
919 3368 1186 3440 propriam
1228 3367 1646 3423 imbecillitatem

36 3468 426 3538 respicientes,
455 3446 719 3520 curiosius
756 3478 877 3534 qute
902 3478 933 3517 a
974 3461 1088 3517 Deo
1120 3461 1254 3516 ﬁunt
1292 3460 1645 3531 inquiramus,

40 3577 230 3633 neque
276 3559 345 3615 ad
378 3568 604 3613 ‘naturm
671 3555 918 3613 ordinem
974 3553 1336 3622 intendentes,
1413 3561 1646 3609 mentem

38 3653 357 3710 dividamus
388 3650 519 3707 :sed
563 3649 879 3720 sicutgrati
937 3644 1141 3712 lamuli,
1192 3646 1507 3701 immensam
1547 3646 1667 3711 Do-,

34 3748 181 3804 mini
220 3745 394 3801 nostri
450 3743 745 3814 potentiam
833 3757 940 3797 non
979 3740 1306 3812 ignorantes,
1370 3739 1650 3795 credamus

35 3839 166 3909 ejus
237 3836 705 3907 promissionibus,
755 3843 813 3890 ut
874 3832 1122 3887 humanis
1170 3832 1372 3888 viribus
1408 3832 1653 3902 superio-

34 3946 137 3986 res
167 3930 319 3994 I’acti,
347 3928 608 3999 promissa
634 3941 983 3998 assequamur
1011 3924 1254 3990 omnino,
1282 3933 1337 3979 et
1365 3924 1481 3995 ejus
1506 3923 1653 3978 frua-

38 4041 175 4080 mur
228 4022 624 4089 benevolentia,
652 4036 714 4076 ae
740 4036 837 4092 pro
858 4027 1044 4075 nostro
1081 4018 1223 4073 virili
1246 4018 1412 4072 Deum
1438 4032 1652 4089 quoque

39 4119 369 4175 timeamus.
426 4115 688 4171 Maximus
728 4114 868 4170 enim
926 4113 1012 4168 hic
1060 4121 1143 4167 est
1209 4120 1392 4167 noster
1458 4110 1649 4177 Itonos,

34 4228 217 4283 quem
262 4210 460 4266 offerre
501 4222 802 4281 possumus,
861 4216 921 4263 ut
961 4206 1141 4261 virtuti
1191 4205 1356 4277 ipsius
1405 4205 1648 4272 ﬁdamus,

37 4304 269 4361 etiamsi
297 4302 507 4359 carneis
534 4301 702 4356 oculis
727 4315 845 4372 quae
869 4308 993 4354 sunt
1035 4297 1301 4353 contraria
1356 4297 1652 4352 videamus.

40 4401 120 4455 Et
165 4397 299 4469 quid
348 4394 651 4459 admiraris,
683 4393 726 4448 si
767 4392 907 4463 apud
959 4392 1125 4447 Deum
1171 4390 1344 4445 honor
1371 4390 1441 4445 sit
1488 4389 1658 4444 maxi-

37 4505 178 4546 mus
241 4504 352 4543 non
415 4483 703 4542 dubitare?
753 4484 925 4538 Etiam
1000 4481 1143 4553 apud
1204 4480 1472 4547 homines,
1529 4496 1654 4537 cum

31 4579 187 4652 quid
216 4595 285 4635 ex
313 4578 395 4633 his
420 4577 575 4633 ﬂuxis
603 4587 656 4632 et
680 4574 1007 4645 corruptioni
1055 4572 1301 4628 obnoxiis
1351 4571 1510 4626 rebus
1562 4585 1660 4626 no-

31 4675 138 4730 bis
190 4671 544 4743 promittitur,
596 4669 642 4724 si
670 4682 768 4724 nos
788 4666 856 4723 de
876 4665 1155 4738 promissis
1196 4678 1302 4718 non
1331 4662 1656 4730 dubitemus,

34 4768 153 4824 sed
192 4762 529 4837 promittenti
559 4761 718 4817 ﬁdem
769 4759 1084 4823 habeamus,
1125 4755 1177 4812 id
1204 4755 1433 4811 maximo
1470 4754 1658 4809 honori

34 4861 307 4927 ducitur,
356 4857 498 4928 quod
526 4869 721 4926 nempe
747 4868 856 4909 non
884 4851 1212 4917 dubitemus,
1238 4847 1332 4903 sed
1381 4847 1661 4918 promissis

37 4952 321 5007 ﬁdamus.
352 4947 505 5019 Quod
533 4947 576 5003 si
606 4946 707 5002 hoc
752 4946 805 5001 in
835 4942 1163 5008 hominibus,
1186 4939 1279 5012 qui
1312 4948 1419 4994 tam
1470 4937 1664 4993 crebro

36 5045 143 5100 vel
171 5052 474 5106 mutantur,
505 5040 587 5095 vel
632 5039 702 5093 ob
730 5036 1094 5093 inﬁrmitatem
1125 5042 1377 5104 praestare
1402 5030 1533 5086 nihil
1579 5046 1667 5085 va-

30 5140 174 5194 lent
193 5152 212 5189 :
229 5141 437 5206 quanto
453 5132 621 5202 magis
636 5127 1018 5199 omnipotentis
1040 5125 1132 5180 Dei
1149 5122 1426 5194 promissis
1444 5121 1667 5178 credere

32 5230 354 5291 debemus,
379 5225 586 5280 etiamsi
611 5222 822 5278 interim
837 5219 1060 5274 multum
1085 5215 1341 5285 temporis
1359 5212 1667 5269 interﬂuat?

34 5321 197 5377 Haec
214 5328 398 5374 autem
426 5332 455 5371 a
486 5332 571 5371 mc
597 5329 738 5370 nunc
765 5327 870 5367 non
900 5310 1101 5380 absque
1127 5322 1286 5363 causa
1332 5306 1475 5361 dicta
1518 5312 1663 5371 sunt,

42 5413 165 5469 sed
193 5420 254 5466 ut
280 5411 424 5467 scire
451 5409 738 5480 possimus,
770 5421 892 5460 eum
921 5402 1224 5459 venerimus
1244 5399 1309 5454 ad
1351 5398 1667 5469 principium

40 5521 265 5561 eorum
299 5518 420 5574 qua:
447 5500 607 5555 hodie
633 5497 787 5553 nobis
815 5502 939 5550 sunt
963 5491 1249 5563 proposita,
1279 5488 1550 5558 quomodo
1574 5488 1672 5542 be-

42 5602 274 5669 nignus
327 5598 467 5650 Deus
506 5592 695 5646 volens
737 5586 880 5659 apud
927 5599 1118 5641 omnes
1170 5581 1404 5637 nobilem
1447 5578 1674 5636 reddere

49 5688 466 5761 patriarcham,
497 5692 576 5739 tot
601 5684 757 5737 annis
786 5676 1219 5751 procrastinavit.
1244 5683 1299 5729 et
1324 5672 1537 5729 interim
1581 5672 1673 5741 ju-

36 5796 182 5843 stus
208 5800 322 5840 non
344 5795 489 5853 aegre
511 5777 731 5843 ferebat,
757 5788 862 5832 non
879 5773 949 5830 ob
975 5769 1377 5828 diuturnitatem
1392 5774 1672 5837 torpesce-

1141 311 1209 369 IN
1244 312 1396 370 CAP.
1430 311 1593 369 XVII.
1634 311 1877 371 GENES.
1917 314 2141 373 HOMIL.
2177 316 2416 375 XXXIX.

3235 329 3337 385 362

1764 428 1874 515 bat,
1898 446 1998 488 nec
2018 432 2353 506 desperabat,
2386 436 2477 490 sed
2504 435 2643 491 bona
2674 452 2771 509 spe
2801 448 3097 511 vegetatus,
3121 446 3336 516 religio-

1748 535 1866 576 sum
1895 524 2132 579 animum
2164 526 2215 579 in
2242 528 2496 583 omnibus
2521 542 2634 599 pra:
2654 545 2713 585 se
2738 529 2960 588 ferebat.
2985 534 3229 592 Sciemus
3246 556 3339 592 au-

1746 619 1854 669 tem
1884 615 2080 685 liquido
2108 633 2318 674 omnem
2365 620 2679 690 patriarcha:
2701 624 2967 694 virtutem,
2989 628 3033 682 si
3086 629 3337 686 didiceri-

1749 718 1868 760 mus
1894 717 2148 776 quantum
2177 709 2377 765 interea
2409 720 2616 782 tempus
2646 714 2886 784 elapsum
2915 719 3093 775 fuerit.
3144 721 3335 779 Omnia

1748 796 1888 850 enim
1921 798 2109 853 beatus
2127 798 2301 855 Moses
2328 801 2528 871 Spiritu
2551 815 2737 860 saneto
2766 807 2977 863 afﬂatus
3000 809 3145 866 clare
3174 812 3336 868 doce-

1748 885 1843 941 bit.
1874 888 2010 957 Quid
2040 889 2200 961 igitur
2238 892 2326 947 ille
2351 893 2527 949 dicit?
2554 894 2777 963 Quando
2797 900 3031 955 obedivit
3081 904 3335 960 mandato

1749 975 1866 1045 Dei,
1898 986 1952 1033 et
2002 979 2237 1050 migrans
2265 996 2294 1035 a
2325 983 2583 1052 Charran,
2617 985 2669 1041 in
2711 986 3070 1046 Chananzeam
3110 1002 3336 1048 conten-

1748 1069 1847 1137 dit,
1878 1082 2139 1127 annorum
2166 1084 2281 1129 erat
2309 1076 2641 1147 septuaginta
2669 1078 2923 1148 quinque.
2956 1081 3020 1136 Et
3053 1085 3233 1139 statim
3276 1096 3335 1141 ut

1750 1164 1893 1243 venit
1916 1164 1967 1217 in
1994 1163 2374 1230 Cltananmatn,
2403 1168 2658 1243 Dominus
2709 1171 2952 1240 promisit
2981 1174 3031 1229 ei
3063 1184 3117 1230 et
3141 1170 3333 1233 semini

1749 1254 1864 1323 ejus
1884 1255 2129 1311 daturum
2151 1273 2212 1314 se
2234 1273 2447 1315 omnem
2471 1241 2688 1329 terrain,
2712 1271 2767 1317 et
2786 1272 2934 1319 tanto
2956 1282 3178 1324 numero
3198 1272 3335 1325 mul-

1750 1344 2127 1415 tiplieaturum,
2162 1357 2215 1403 ut
2249 1350 2635 1407 innumerabile
2664 1354 2755 1408 ﬁat
2782 1354 2922 1410 sicut
2941 1371 3103 1413 arena
3130 1368 3183 1416 et
3207 1361 3336 1417 stel-

1747 1435 1836 1491 lae.
1870 1438 1934 1492 Et
1964 1450 2083 1509 post
2130 1444 2533 1511 promissionem
2566 1444 2703 1501 banc
2729 1448 2894 1502 multa
2923 1449 3136 1506 interitu
3189 1456 3335 1509 acci-

1751 1526 2129 1599 deruutjusto,
2157 1549 2349 1605 nempe
2369 1535 2660 1591 descensus
2685 1537 2737 1591 in
2768 1536 3056 1611 [Egyptum
3112 1556 3335 1614 preptcr

1752 1618 1968 1688 famem,
2012 1633 2195 1694 raptus
2230 1626 2399 1696 Sara‘,
2444 1637 2501 1684 et
2535 1630 2713 1684 statim
2740 1630 2917 1687 divina
2969 1635 3333 1704 providentia.

1753 1712 1949 1768 lterum
2000 1723 2122 1787 post
2186 1716 2415 1772 reditum
2468 1720 2536 1775 ab
2595 1718 2847 1792 Egypto,
2900 1723 3002 1779 alia
3053 1728 3337 1783 occasione

1750 1803 1896 1858 Sara:
1929 1806 2239 1863 molestima
2284 1824 2410 1880 rege
2448 1808 2793 1877 Gerarorum,
2840 1823 2897 1869 et
2931 1817 3109 1872 statim
3150 1834 3178 1872 a
3223 1819 3335 1874 Deo

1750 1894 2070 1953 subsidium.
2087 1898 2260 1969 Atque
2278 1899 2393 1956 hate
2421 1900 2522 1955 sibi
2540 1903 2835 1958 accidentia
2850 1907 3026 1961 omnia
3045 1908 3230 1965 videns
3250 1911 3338 1981 ju-

1750 1995 1864 2041 stus
1892 1998 2014 2057 post
2037 1991 2445 2059 promissionem
2474 1992 2640 2061 illam,
2668 2009 2777 2050 non
2806 1996 3115 2055 turbabatur
3134 1988 3334 2067 animo,

1752 2092 1926 2148 neque
1970 2080 2232 2137 curiosius
2279 2080 2608 2153 disquirebat
2656 2101 2821 2154 quare
2859 2100 3073 2160 accepta
3105 2094 3335 2161 promis-

1750 2172 1899 2227 sione
1927 2172 2039 2240 tali,
2064 2172 2116 2227 in
2150 2182 2322 2229 tantas
2348 2175 2583 2246 talesque
2605 2178 2920 2234 tentationes
2948 2180 3183 2250 quotidie
3208 2184 3339 2238 int-i-

1751 2264 1922 2333 deret,
1946 2276 2000 2321 et
2022 2274 2166 2321 tanto
2199 2275 2439 2338 tempore
2467 2278 2709 2325 maneret
2733 2269 2935 2341 absque
2958 2274 3124 2342 prole.
3153 2274 3337 2330 Noluit

1752 2356 1893 2410 enim
1921 2367 2104 2427 utpote
2130 2357 2267 2428 pius,
2292 2357 2539 2414 humanis
2579 2360 2871 2417 rationibus
2907 2377 2969 2418 ea
3010 2379 3128 2434 qua:
3154 2380 3184 2420 a
3227 2367 3339 2421 Deo

1753 2447 1951 2503 ﬁebant
1983 2449 2267 2518 subjicere,
2295 2460 2350 2505 et
2374 2450 2500 2506 boni
2526 2451 2858 2519 consulebat,
2891 2463 3141 2526 grateque
3164 2463 3338 2512 susci-

1752 2540 1929 2609 piebat
1954 2556 2302 2612 quaecumque
2325 2541 2433 2596 Deo
2457 2540 2670 2597 fuerant
2699 2543 2829 2598 visa.

1819 2630 1873 2686 2.
1900 2630 2005 2688 Cur
2030 2630 2168 2686 Deus
2211 2633 2284 2686 sic
2328 2633 2611 2687 cunctando
2654 2633 2933 2704 probaverit
2972 2636 3184 2704 Abram;
3209 2656 3337 2712 quo-

1752 2724 1902 2777 modo
1943 2724 2049 2778 Iure
2088 2741 2187 2779 vox
2217 2743 2236 2777 ‹
2265 2726 2500 2797 apparuit
2527 2745 2546 2778 ι
2571 2726 2867 2796 accipienda
2904 2728 2988 2782 sit.
3019 2760 3090 2769 —
3115 2731 3180 2785 Et
3219 2742 3339 2803 post

1750 2815 2014 2871 decimum
2052 2833 2250 2872 annum
2278 2819 2513 2889 suscepit
2538 2818 2817 2875 Ismaelem
2844 2835 2910 2875 ex
2941 2823 3155 2891 ancilla,
3188 2834 3337 2895 post-

1751 2923 1921 2980 eaque
1972 2907 2025 2963 in
2080 2908 2171 2963 illo
2215 2911 2419 2980 putavit
2462 2909 2874 2982 promissionem
2920 2912 3332 2983 aditnplendam.

1752 2998 1883 3053 Erat
1923 3000 2065 3058 enim
2105 3000 2423 3070 patriarcha,
2474 3002 2688 3073 quando
2728 3011 2885 3058 natus
2928 3014 3011 3059 est
3038 3005 3086 3060 ei
3119 3006 3332 3073 lsmael,

1751 3106 2011 3147 annorum
2039 3094 2305 3164 octoginta
2336 3108 2449 3149 sex.
2507 3092 2613 3150 Sed
2658 3096 2849 3151 iterum
2894 3096 3146 3153 tredecim
3181 3101 3339 3155 annis

1751 3188 2032 3240 exercetur
2053 3199 2083 3239 a
2110 3185 2338 3255 benigno
2369 3186 2476 3240 Deo
2513 3186 2629 3257 ejus
2674 3188 2944 3258 patientia,
2974 3189 3144 3246 donec
3171 3191 3338 3261 ipsius

1753 3275 2034 3345 promissio
2056 3275 2357 3346 impleatur.
2388 3275 2519 3331 Nam
2547 3277 2669 3348 quia
2696 3278 2859 3349 probe
2885 3289 3121 3347 noverat,
3145 3296 3336 3354 quem-

1751 3366 2036 3422 admodum
2080 3384 2264 3423 aurum
2320 3370 2372 3423 iu
2429 3370 2643 3425 fornace
2674 3372 2926 3441 temporis
2967 3371 3335 3439 diuturnitate,

1754 3458 1821 3513 ita
1847 3459 2045 3528 justum
2072 3461 2304 3532 purgari,
2336 3460 2555 3532 ejusque
2577 3462 2823 3517 virtutem
2849 3463 3128 3519 clariorem
3145 3475 3197 3521 et
3219 3466 3340 3521 illu-

1753 3551 1997 3606 striorem
2019 3552 2131 3608 ﬁeri
2155 3571 2167 3607 :
2199 3555 2217 3607 I
2239 3551 2386 3627 (Cap.
2407 3552 2517 3625 I7).
2540 3555 2754 3620 Quando
2773 3560 2938 3627 factus
2955 3566 3024 3610 est
3041 3558 3227 3611 Abram
3248 3576 3326 3612 an-

1754 3660 1932 3697 norum
1952 3647 2229 3717 nonaginta
2248 3662 2442 3712 novent,
2462 3647 2650 3717 inquit,
2672 3648 2908 3718 apparuit
2925 3649 2970 3703 ei
2980 3648 3119 3704 Deus
3136 3652 3335 3706 iterum.

1756 3736 1824 3790 Et
1860 3753 2149 3808 quarenam
2202 3747 2350 3793 tanto
2401 3747 2639 3809 tempore
2689 3740 2929 3795 distulit?
2973 3741 3041 3797 Ut
3090 3758 3194 3796 non
3244 3759 3336 3798 so—

1757 3827 1864 3882 lum
1907 3828 2035 3898 justi
2082 3830 2391 3900 patientiam
2438 3840 2493 3885 et
2534 3831 2780 3886 virtutem
2828 3832 3118 3899 discamus,
3161 3834 3256 3890 sed
3284 3845 3339 3889 et

1756 3917 2069 3974 immensam
2124 3921 2289 3991 ipsius
2339 3923 2627 3991 potentiam
2675 3922 2968 3978 videamus.
3016 3923 3149 3979 Cum
3197 3926 3338 3981 enint

1757 4009 1886 4064 nihil
1932 4010 2049 4080 spei
2091 4020 2144 4066 et
2184 4012 2596 4081 exspectationis
2636 4012 2858 4067 essetin
2892 4024 3078 4069 natura
3128 4031 3246 4085 quae
3274 4018 3339 4072 ad

1760 4102 2143 4173 procreandam
2168 4103 2367 4173 prolem
2399 4104 2597 4158 inutilis
2626 4112 2743 4160 erat
2767 4113 2821 4160 et
2848 4106 3083 4162 membra
3116 4124 3223 4178 pra:
3252 4128 3339 4164 se-

1758 4202 1974 4249 nectute
1999 4193 2243 4265 languida
2269 4206 2323 4251 et
2348 4194 2533 4266 frigida
2562 4205 2763 4263 essent,
2797 4205 2921 4252 tunc
2965 4199 3174 4253 tandem
3213 4200 3342 4270 jUsli

1761 4285 2007 4341 virtutem
2038 4286 2261 4355 detexit,
2292 4296 2347 4342 et
2389 4302 2538 4342 suam
2586 4288 2873 4358 potentiam
2925 4287 3192 4356 indicavit,
3224 4309 3347 4362 pro-

1761 4379 2068 4434 missionem
2090 4380 2382 4450 impIendo.
2410 4379 2518 4436 Sed
2546 4396 2723 4451 opera:
2767 4383 2992 4451 pretium
3034 4393 3135 4448 est,
3167 4395 3224 4440 ut
3250 4387 3347 4442 ite-

1762 4483 1879 4523 rum
1902 4468 2176 4524 audiamus
2192 4485 2253 4524 ea
2276 4470 2387 4540 ipsa
2412 4487 2530 4541 qua:
2555 4487 2675 4526 cum
2704 4471 2796 4526 illo
2826 4472 2966 4528 Deus
2991 4473 3237 4544 loquutus
3267 4488 3351 4531 est

1765 4562 1948 4617 verba.
1974 4561 2101 4617 Cum
2130 4566 2297 4634 factus
2322 4564 2455 4618 enim
2485 4574 2627 4629 esset,
2655 4564 2843 4635 inquit,
2871 4567 3146 4637 nonaginta
3174 4550 3350 4624 novent

1765 4670 2032 4720 annorum,
2079 4656 2313 4726 apparuit
2356 4662 2404 4710 et
2444 4655 2606 4724 Deus,
2656 4666 2702 4711 et
2740 4657 2868 4712 dixit
2895 4659 2961 4711 ei.
3002 4660 3133 4714 Cum
3174 4672 3352 4717 autem

1767 4746 2038 4809 audieris,
2084 4747 2355 4816 Apparuit,
2407 4746 2538 4802 nihil
2584 4747 2783 4803 humile
2824 4749 3131 4818 suspiceris,
3182 4766 3355 4821 neque

1770 4848 1924 4910 putes
1947 4838 2118 4894 oculis
2144 4838 2446 4894 carnalibus
2476 4839 2642 4894 videri
2673 4838 2904 4894 divinam
2928 4841 3071 4895 illam
3096 4851 3149 4897 et
3177 4834 3353 4897 incur-

1772 4930 2074 5001 ruptibilem
2104 4930 2417 5001 petentiam,
2440 4929 2534 4985 sed
2566 4932 2651 5000 pie
2680 4930 2858 4985 omnia
2881 4929 3135 5002 intelligo.
3175 4934 3356 5003 Appa-

1771 5024 1872 5076 ruit
1899 5022 2077 5092 igitur,
2103 5022 2149 5075 ei
2177 5019 2311 5075 Deus
2335 5036 2355 5075 :
2383 5020 2484 5077 hoc
2517 5030 2620 5089 est,
2647 5020 2948 5076 visitatione
2984 5036 3080 5075 sua
3106 5020 3252 5075 illum
3280 5022 3363 5075 di—

1772 5124 1963 5187 gnatus
1982 5123 2085 5181 est,
2112 5122 2168 5169 et
2195 5113 2410 5185 dignum
2453 5113 2604 5168 duxit
2632 5129 2752 5167 eum
2775 5112 2925 5183 cujus
2943 5126 3125 5167 curam
3155 5123 3357 5184 ageret,

1778 5223 1906 5264 usus
1929 5220 2117 5277 magna
2155 5207 2419 5262 sermonis
2443 5204 2899 5275 attempet'atione.
2931 5201 3076 5258 Dixit
3100 5204 3254 5273 enim,
3283 5204 3365 5259 in-

1779 5299 1912 5370 quit,
1941 5299 2009 5352 ad
2035 5314 2170 5352 eum.
2222 5296 2332 5367 Ego
2378 5312 2488 5348 sum
2519 5294 2656 5348 Deus
2703 5303 2851 5357 tuus;
2879 5295 3023 5365 place
3062 5310 3234 5348 coram
3265 5311 3364 5360 me,

1778 5402 1827 5447 et
1851 5402 1954 5447 esto
1978 5389 2448 5461 irreprehensibilis,
2466 5388 2519 5441 Ξ.
2539 5396 2585 5441 et
2614 5403 2797 5456 ponam
2826 5386 3172 5440 testamentum
3205 5403 3366 5440 nteant

1776 5484 1907 5539 inter
1927 5498 2006 5536 me
2030 5492 2075 5535 et
2099 5481 2230 5534 inter
2257 5489 2322 5545 te,
2356 5488 2404 5535 et
2434 5477 2778 5549 multiplicabo
2802 5487 2848 5532 te
2875 5477 3036 5532 valde.
3066 5479 3120 5534 5.
3152 5476 3219 5531 Et
3240 5495 3363 5547 pro~

1779 5576 1901 5630 cidit
1922 5575 2109 5628 Abram
2138 5588 2290 5643 super
2316 5572 2677 5643 facientsuam.
2708 5570 2893 5642 Magna
2928 5569 3059 5640 justi
3106 5569 3368 5639 probitas,

1781 5666 2060 5723 excellens
2090 5665 2216 5720 item
2247 5662 2645 5718 clementissimi
2679 5662 2769 5717 Dei
2801 5662 2851 5717 in
2874 5662 3023 5718 illum
3051 5661 3373 5732 benignitas.

1786 5756 1897 5833 Ego
1928 5775 2059 5829 sum,
2090 5757 2279 5831 inquit,
2308 5754 2445 5812 Deus
2475 5765 2591 5811 tuus
2619 5771 2637 5812 :
2665 5755 2814 5829 quasi
2850 5753 3069 5825 diceret,
3094 5754 3210 5828 Ego
3256 5770 3375 5811 sum
