3792 6304
412 308 531 367 365

424 420 517 492 qui
543 432 711 491 usque
735 415 791 473 in
816 427 1052 489 praesens
1074 427 1162 470 res
1186 422 1306 469 tuas
1330 411 1494 468 variis
1530 408 1703 465 modis
1721 406 2004 476 dispenso;

424 526 527 584 ego
546 526 686 574 sum,
711 509 802 579 qui
827 514 882 563 te
908 522 940 561 e
967 506 1129 561 domo
1153 513 1241 560 tua
1265 502 1499 569 evocavi,
1524 510 1580 556 et
1606 497 1709 555 huc
1733 497 1897 562 duxi;
1923 494 2012 566 qui

429 602 574 658 omni
620 610 861 670 tempore
902 604 1261 668 propugnator
1302 603 1424 650 tuus
1464 606 1606 656 sum,
1650 599 1705 646 et
1744 588 1833 660 qui
1866 595 1920 642 te
1945 585 2015 665 de

428 690 657 747 inimicis
682 689 939 744 victorem
968 685 1147 754 etl‘eci,
1176 701 1276 758 ego
1309 700 1462 750 sum;
1488 693 1671 739 etnon
1717 680 1850 735 dixit
1887 677 2015 733 sim-

433 780 660 850 pliciter,
691 778 805 849 Ego
832 792 955 834 sum
1003 777 1143 833 Deus
1174 794 1188 831 :
1220 775 1338 841 sed,
1384 773 1497 846 Ego
1539 789 1650 829 sum
1697 770 1837 827 Deus
1876 778 2012 823 tuus.

434 869 567 924 Vide
594 868 782 923 miram
809 867 1122 937 bonitatem,
1155 864 1423 937 quomodo
1466 864 1567 919 boc
1609 863 1769 917 etiam
1812 858 2016 915 addita-

431 968 613 1017 menta
653 974 891 1017 amorem
936 973 1092 1016 suum
1139 973 1263 1029 erga
1304 956 1506 1028 justum
1546 954 1858 1010 declaravit.
1884 950 2017 1005 Nam

430 1054 522 1125 qui
549 1054 709 1109 totius
735 1050 917 1107 mundi
940 1060 1022 1107 est
1049 1051 1211 1117 Deus,
1232 1058 1285 1104 et
1307 1047 1538 1103 universi
1565 1044 1783 1116 Opilex,
1797 1042 2018 1099 Creator

430 1146 546 1201 cadi
576 1154 631 1203 et
656 1153 833 1211 terra,
860 1143 988 1198 dicit
1017 1160 1032 1198 :
1059 1139 1174 1213 Ego
1212 1157 1323 1195 sum
1346 1137 1485 1193 Deus
1510 1148 1644 1191 tuus.
1678 1136 1866 1206 Ingens
1895 1148 2017 1203 pro-

432 1238 572 1293 lecto
618 1235 813 1303 honor,
839 1233 927 1305 qui
969 1234 1120 1303 justo
1143 1231 1412 1288 tribuitur.
1440 1229 1527 1285 Sic
1553 1238 1607 1284 ct
1636 1225 1906 1299 prophetis
1935 1223 2016 1277 lo-

431 1329 523 1401 qui
546 1342 664 1385 mos
688 1335 790 1383 est.
811 1323 943 1381 Nam
973 1325 1112 1381 sicut
1152 1324 1265 1394 ipse
1300 1336 1459 1389 nunc,
1487 1336 1607 1375 cum
1652 1320 1721 1375 sit
1766 1319 2020 1373 Dominus

432 1417 734 1474 communis
780 1415 1039 1481 omnium,
1070 1429 1101 1468 a
1128 1428 1285 1468 servo
1319 1422 1375 1466 ut
1412 1410 1691 1483 peculiaris
1716 1407 1895 1464 vocari
1921 1422 2017 1462 vo-

432 1508 551 1577 luit,
578 1508 910 1566 inveniemus
934 1506 1095 1562 etiam
1119 1520 1241 1560 eum
1272 1513 1393 1577 post
1435 1504 1551 1558 haec
1592 1501 1878 1563 dicentem,
1908 1497 2038 1569 Ego-

434 1621 545 1659 sum
576 1602 710 1657 Deus
740 1599 1016 1665 Abraham,
1054 1598 1188 1653 Deus
1218 1596 1388 1662 Isaac,
1406 1605 1451 1650 et
1472 1595 1606 1649 Deus
1630 1592 1793 1648 Iacob
1824 1590 2017 1663 (Exod.

435 1695 489 1751 5.
536 1693 734 1767 szita
763 1700 818 1748 et
858 1689 1131 1762 prophetae
1177 1688 1356 1743 dicere
1405 1694 1830 1749 consueverunt,
1882 1680 2022 1736 Deus

438 1785 574 1840 Deus
613 1800 752 1838 meus
778 1798 798 1837 :
828 1796 931 1837 non
978 1780 1361 1836 concludentes
1404 1777 1520 1848 ejus
1562 1775 1856 1831 dominium
1881 1814 1896 1839 ,
1927 1771 2022 1828 sed

434 1893 671 1933 amorem
703 1875 1022 1929 immensum
1071 1870 1422 1926 declarantes.
1465 1868 1582 1924 Non
1625 1866 1782 1937 igitur
1826 1865 2021 1919 mirum

435 1970 479 2024 si
514 1968 753 2023 homines
782 1965 884 2022 hoc
908 1965 1133 2030 iaciant;
1164 1962 1259 2019 sed
1296 1961 1438 2033 quod
1469 1962 1581 2032 ipse
1610 1974 1735 2030 erga
1779 1957 2023 2014 homines

436 2061 488 2116 id
519 2058 767 2128 faciat,id
796 2075 922 2115 vero
967 2074 1161 2115 novum
1189 2066 1342 2113 estet
1368 2055 1630 2111 mirabile.
1659 2051 1922 2109 Craterum
1953 2064 2021 2105 ne

439 2152 714 2215 miremur.
737 2150 939 2217 dilecti,
956 2149 1051 2205 sed
1077 2148 1353 2203 audiamus
1375 2145 1683 2216 prephetam
1714 2142 1982 2197 dicentem
2003 2156 2022 2194 :

438 2245 625 2300 Melior
651 2252 722 2299 est
762 2259 895 2297 unus
938 2242 1132 2315 faciens
1174 2240 1479 2294 uoluntatem
1512 2236 1739 2299 Domini,
1767 2251 1920 2305 quam
1944 2234 2025 2287 in-

438 2330 632 2389 numeri
676 2342 961 2406 peccatores
983 2330 1165 2405 (Eccli.
1196 2328 1282 2384 16.
1310 2329 1365 2399 5)
1390 2345 1404 2395 ;
1428 2337 1482 2383 et
1511 2327 1701 2381 iterum
1746 2325 2024 2379 audiamus

441 2430 659 2486 Paulum
699 2428 962 2485 dicentem
990 2444 1004 2482 :
1036 2423 1489 2480 Obambulaverunt
1520 2422 1572 2474 in
1593 2419 1805 2483 metatis,
1828 2418 1881 2471 in
1911 2416 2024 2487 pel-

441 2521 573 2575 libus
600 2521 846 2591 caprinis,
866 2526 1086 2590 egentes,
1118 2515 1407 2587 angustiati,
1427 2512 1622 2584 afﬂicti,
1645 2511 1824 2583 quibus
1842 2511 2024 2581 dignus

438 2628 540 2664 non
565 2620 671 2666 erat
699 2609 919 2665 mundus
939 2606 1122 2679 (Hebr.
1150 2607 1238 2662 11.
1261 2606 1350 2662 57.
1372 2602 1484 2677 58).
1515 2603 1603 2658 Sic
1631 2601 1886 2673 propheta
1909 2601 2027 2672 qui-

438 2704 560 2759 dem
589 2703 920 2775 pronuntiat,
949 2714 1110 2755 unum
1139 2699 1227 2770 qui
1258 2697 1383 2752 facit
1432 2695 1758 2750 voluntatem
1788 2691 2020 2757 Domini,

444 2795 620 2866 impiis
649 2794 945 2849 innumeris
985 2793 1281 2848 meliorem.
1305 2789 1497 2844 Beatus
1528 2802 1654 2843 vero
1683 2786 1895 2851 Paulus,
1923 2783 2023 2839 do-

439 2897 557 2942 ctor
601 2884 769 2951 orbis,
815 2897 1117 2940 memorans
1159 2872 1328 2939 bonos
1357 2894 1542 2936 omnes
1571 2878 1625 2933 in
1649 2875 2025 2932 afﬂictionibus

437 2977 526 3031 hic
551 2983 791 3047 agentes,
820 2974 989 3046 inquit
1018 2995 1031 3031 :
1065 2973 1253 3042 Quibus
1274 2973 1457 3044 dignus
1494 2987 1595 3025 non
1642 2979 1748 3023 erat
1785 2968 2023 3021 mundus.

439 3068 517 3125 Ita
564 3083 685 3123 cum
733 3066 962 3122 dixisset
1004 3074 1173 3121 totum
1220 3065 1506 3132 mundum,
1547 3062 1745 3117 mundo
1782 3060 2028 3131 Opposuit

440 3174 536 3214 eos
571 3158 659 3229 qui
688 3157 776 3214 hic
804 3168 1064 3213 vexantur
1089 3170 1142 3213 et
1170 3156 1496 3227 afﬂiguntur,
1527 3162 1583 3209 ut
1610 3153 1786 3210 discas
1831 3161 2026 3225 quanta

441 3246 510 3304 sit
549 3249 759 3304 virtutis
802 3248 1127 3319 magnitudo.
1173 3247 1346 3318 Atque
1366 3262 1426 3302 ea
1456 3246 1524 3301 de
1571 3260 1729 3301 causa
1770 3244 2028 3300 Dominus

443 3338 588 3397 Deus
632 3340 803 3412 inquit
847 3338 916 3397 ad
963 3340 1314 3410 patriarchum
1348 3356 1361 3393 :
1395 3334 1503 3409 Ego
1542 3354 1652 3391 sunt
1689 3335 1829 3392 Deus
1870 3344 1983 3391 tuus
2011 3375 2028 3403 ,

444 3434 586 3504 place
623 3449 793 3487 coram
819 3448 917 3498 me,
947 3440 993 3486 et
1019 3440 1120 3486 esto
1166 3428 1631 3501 irreprehensibilis.
1658 3426 1842 3496 Neque
1885 3427 2027 3481 enim

441 3534 783 3583 contemnam
810 3534 913 3580 tua:
959 3523 1170 3579 virtutis
1215 3522 1456 3587 sudores,
1487 3520 1583 3577 sed
1626 3517 1827 3574 Ponant
1874 3528 2029 3573 testa-

348 3640 355 3645 ο
442 3628 665 3671 mentum
703 3632 868 3670 meum
911 3616 1038 3670 inter
1076 3631 1155 3669 me
1193 3623 1239 3668 et
1278 3615 1409 3668 inter
1454 3624 1519 3680 te,
1543 3623 1587 3667 et
1620 3612 1963 3681 multiplicabo
1985 3621 2032 3665 te

441 3708 608 3762 valde.
636 3703 754 3763 Non
782 3714 984 3762 tantum
1006 3702 1193 3759 faciam
1217 3711 1269 3759 te
1289 3703 1341 3759 in
1366 3702 1755 3757 multitudinem
1775 3692 2029 3772 magnam

442 3813 703 3864 crescere,
733 3795 828 3853 sed
877 3793 1061 3863 Valde,
1106 3793 1383 3850 declarans
1422 3794 1809 3849 incrementum
1862 3793 2031 3863 pluri-

444 3904 610 3943 mum.
659 3882 812 3954 Quod
855 3901 1014 3958 supra
1054 3884 1405 3951 memorabat,
1452 3899 1571 3939 cum
1615 3883 1837 3948 diceret,
1882 3882 2033 3938 Sicut

444 3994 660 4035 arenam
681 3986 733 4033 et
754 3975 933 4033 stellas
963 3994 976 4032 :
1002 3974 1052 4029 id
1077 3974 1161 4029 hic
1189 3990 1283 4046 per
1306 3974 1634 4039 adverbium,
1663 3970 1843 4041 Valde,
1865 3972 2031 4043 signi-

448 4071 642 4126 licavlt.
670 4068 740 4125 At
781 4077 963 4139 gratus
987 4075 1042 4122 et
1072 4066 1350 4137 religiosus
1397 4066 1645 4133 famulus,
1691 4065 1877 4123 videns
1916 4076 2034 4122 tan-

447 4172 553 4217 tam
587 4158 679 4216 Dei
706 4159 1091 4231 indulgentiam
1117 4165 1171 4213 et
1195 4172 1321 4229 erga
1363 4154 1619 4213 famulum
1646 4172 1799 4212 suum
1825 4172 2030 4227 curam,

447 4253 849 4323 obstupescens,
890 4251 1174 4321 animoque
1218 4262 1439 4305 versans
1474 4259 1529 4306 et
1572 4258 1815 4306 naturam
1858 4266 2030 4320 suam,

445 4356 503 4401 et
543 4344 834 4399 bonitatem
885 4340 1306 4411 immensamque
1347 4341 1595 4397 virtutem
1642 4341 1759 4410 Dei,
1808 4339 2030 4407 Cecidit,

450 4435 642 4506 inquit,
668 4436 721 4487 in
754 4432 935 4503 faciem
976 4449 1119 4487 suam
1150 4440 1397 4503 :gratum
1441 4432 1675 4486 animum
1727 4434 1828 4488 hoc
1874 4428 2035 4489 modo

449 4526 748 4581 declarans.
780 4522 895 4580 Non
926 4524 1099 4579 solum
1126 4525 1266 4580 enim
1313 4540 1418 4579 non
1468 4535 1592 4580 tunc
1638 4524 1737 4579 luit
1778 4542 2034 4598 arrogan-

454 4619 577 4683 tior,
620 4631 790 4686 neque
837 4615 1176 4687 superbiebat
1214 4624 1430 4686 propter
1473 4613 1710 4671 favorem
1743 4612 1838 4672 Dei
1876 4633 2033 4689 quem

450 4705 839 4779 experiebatur,
888 4706 981 4761 sed
1008 4713 1061 4761 ct
1096 4706 1260 4761 multo
1304 4707 1471 4778 magis
1515 4705 1888 4763 hmniliabatur
1921 4726 1933 4761 :
1971 4708 2036 4763 Et

446 4801 646 4867 cecidit,
687 4798 873 4870 inquit,
928 4799 981 4852 in
1020 4796 1227 4869 facient.
1269 4796 1347 4852 ita
1391 4797 1533 4853 enim
1580 4809 1761 4869 gratus
1803 4799 2034 4866 animus,

442 4903 648 4967 quanto
669 4892 855 4963 majori
878 4891 1066 4947 fruitur
1085 4889 1295 4958 ﬁducia,
1315 4898 1462 4945 tanto
1480 4892 1733 4962 majorem
1757 4891 1864 4947 Deo
1882 4906 2037 4949 reve-

445 4987 674 5044 rentiam
696 4980 912 5042 exhibet
942 5001 954 5039 :
987 4981 1174 5039 Cecidit
1198 4982 1360 5050 enim,
1386 4982 1575 5053 inquit,
1599 4984 1649 5036 in
1666 4984 1843 5055 {aciem
1870 5002 2036 5040 suam.

449 5082 516 5136 Et
544 5078 665 5151 quia
703 5087 823 5150 post
853 5087 1051 5133 tantam
1076 5072 1324 5131 ﬁduciam
1346 5076 1523 5147 justus
1552 5076 1785 5146 seipsum
1812 5087 1866 5132 et
1888 5088 2041 5134 uatu-

446 5190 523 5229 ra:
545 5187 655 5227 sua:
676 5168 1091 5227 imbecillitatem
1112 5168 1478 5234 considerans,
1495 5183 1665 5238 neque
1685 5167 1864 5223 oculos
1886 5169 2042 5223 attol-

448 5265 561 5319 lere
590 5260 837 5329 audebat,
856 5261 950 5318 sed
971 5260 1023 5316 iu
1048 5256 1236 5317 faciem
1267 5275 1464 5332 pronus
1491 5260 1711 5317 multam
1737 5261 2043 5318 declarabat

450 5357 802 5414 reverentiam
835 5374 851 5412 :
880 5354 1004 5411 vide
1031 5355 1223 5411 iterum
1250 5354 1375 5411 boni
1406 5355 1500 5410 Dei
1529 5352 1850 5412 inellabilem
1890 5344 2040 5411 bc’ni-
2082 5360 2085 5367 '

451 5452 728 5522 gnitatem.
776 5448 1039 5519 Loquutus
1080 5458 1152 5503 est
1198 5449 1350 5517 enim,
1375 5450 1563 5520 inquit,
1590 5446 1792 5503 eiDeus
1832 5449 2000 5503 dicens
2024 5465 2043 5503 :

454 5544 507 5598 4.
547 5541 675 5597 Ecce
716 5557 807 5614 ego
829 5551 875 5596 et
900 5550 1248 5597 testamentum
1277 5559 1440 5597 meum
1480 5552 1663 5611 tecum,
1686 5553 1733 5598 et
1758 5544 1858 5598 eris
1900 5536 2045 5614 pater

440 5634 789 5692 multitudinis
816 5635 1065 5707 gentium,
1095 5633 1149 5689 5.
1170 5644 1218 5689 et
1247 5652 1347 5689 non
1391 5635 1649 5690 vocabitur
1684 5636 1816 5690 ultra
1864 5652 2044 5690 nomen

443 5744 591 5788 tuum
623 5729 832 5800 Abram,
854 5727 943 5785 sed
967 5729 1057 5785 erit
1082 5745 1262 5785 nomen
1308 5740 1447 5785 tuum
1494 5729 1747 5785 Abraham
1775 5730 1927 5802 :quiu
1949 5749 2041 5802 pu-

1209 299 1268 358 S.
1305 292 1586 355 JOANNIS
1621 283 2098 351 CllBYSOSTOIII
2135 283 2451 342 ARCHILP.
2489 285 3021 345 CONSTANTINOP.

3600 295 3705 352 δα

2122 405 2246 453 trem
2282 401 2553 455 multarum
2593 403 2816 473 gentium
2853 403 3091 459 comtitui
3122 414 3190 472 te,
3230 404 3285 462 ϐ.
3328 406 3618 476 faciamque
3662 422 3706 463 te

2118 506 2337 547 crescere
2375 493 2523 549 ualde
2548 510 2567 555 ,'
2590 504 2638 549 et
2678 511 2866 566 ponam
2910 506 2957 552 te
2992 498 3047 552 in
3086 507 3305 570 gentem,
3331 510 3379 554 et
3402 518 3546 571 reges
3576 518 3641 558 ea
3666 515 3711 557 te

2122 583 2458 653 egredientur.

2191 675 2247 733 5.
2262 675 2600 751 Etymologite
2637 681 2894 737 nominum
2931 682 3120 738 Abram
3177 693 3225 740 et
3271 684 3409 740 Noe.
3460 684 3712 755 [nﬁdeles

2119 770 2269 826 etiam
2321 773 2643 843 prophetarit.
2673 805 2745 815 —
2779 775 3071 832 Considera
3092 818 3110 847 ,
3160 778 3352 835 dilecte
3372 820 3391 845 ,
3433 782 3712 851 quomodo

2120 864 2297 919 omnia
2314 864 2461 935 justo
2480 864 2763 922 manifeste
2789 867 3071 936 praedicat,
3100 879 3155 925 et
3184 879 3240 925 ut
3262 871 3563 943 majoribus
3591 888 3713 927 eum

2122 956 2450 1026 argumentis
2496 966 2701 1013 certum
2744 958 2965 1031 reddat,
2987 961 3152 1016 etiam
3181 961 3388 1017 literam
3426 962 3585 1019 addit
3614 979 3710 1019 no-

2122 1048 2251 1102 mini
2275 1047 2393 1118 ejus
2411 1089 2430 1114 ,
2454 1058 2509 1104 et
2532 1048 2703 1119 inquit
2738 1066 2755 1104 :
2784 1048 2903 1103 Eris
2930 1061 3073 1122 pater
3098 1052 3437 1109 multitudinis
3460 1055 3710 1124 gentium.

2126 1136 2247 1191 Non
2273 1139 2529 1193 vocabitur
2555 1140 2687 1194 enim
2716 1156 2907 1195 nomen
2926 1150 3065 1195 tuum
3082 1140 3287 1208 Abram,
3312 1144 3401 1198 sed
3425 1143 3709 1210 Abraham,

2123 1230 2240 1299 quia
2266 1239 2458 1299 patrem
2486 1228 2761 1285 multarum
2794 1232 3016 1303 gentium
3045 1233 3281 1287 constitui
3316 1244 3382 1286 te.
3411 1233 3554 1288 Nam
3582 1234 3715 1289 sicut

2125 1322 2272 1391 prius
2314 1336 2509 1378 nomen
2539 1321 2654 1393 ejus
2679 1323 2956 1378 transitum
2998 1312 3263 1379 indicabat
3288 1322 3529 1397 (Abram
3576 1327 3713 1380 enim

2127 1415 2467 1469 transitorem
2485 1424 2662 1481 sonat,
2679 1415 2969 1470 secundum
2990 1414 3334 1472 llebrzeorum
3355 1418 3602 1491 litigat-ani
3622 1420 3715 1490 (a);

2125 1514 2180 1560 et
2232 1505 2332 1559 hoc
2378 1506 2552 1561 sciunt
2580 1506 2668 1576 qui
2701 1506 2893 1577 linguae
2938 1507 3081 1563 illius
3109 1517 3232 1563 sunt
3274 1509 3498 1584 periti),
3544 1512 3717 1582 itaque

2128 1606 2376 1666 parentes
2395 1597 2511 1665 ejus
2537 1612 2730 1653 nomen
2759 1599 2859 1653 hoc
2885 1597 3206 1667 indiderant,
3227 1616 3290 1655 eo
3318 1603 3465 1672 quod
3495 1618 3527 1655 a
3553 1603 3717 1673 patria

2126 1705 2223 1744 sua
2269 1690 2324 1744 in
2372 1689 2729 1745 Chananmam
2777 1692 3098 1748 transiturus
3141 1704 3277 1753 erat.
3319 1694 3438 1751 Jam
3492 1695 3722 1751 fortasse

2127 1781 2320 1836 dixerit
2347 1782 2607 1852 quispiam
2638 1782 2807 1838 :Cum
2849 1794 3097 1853 parentes
3137 1784 3251 1855 ejus
3301 1785 3557 1842 inﬁdeles
3610 1787 3721 1843 loco

2127 1874 2256 1942 rint,
2286 1875 2427 1930 unde
2451 1875 2552 1928 illis
2584 1876 2917 1943 przcscientia
2937 1875 3052 1932 haec
3076 1918 3091 1943 ,
3124 1888 3181 1933 ut
3206 1878 3348 1948 quod
3378 1879 3561 1934 multo
3590 1890 3724 1935 tem-

2130 1980 2258 2035 pore
2286 1976 2468 2034 postea
2498 1967 2729 2021 futurum
2774 1978 2921 2033 erat,
2955 1969 3170 2024 neruiue
3203 1970 3723 2040 complecterentur!

2130 2056 2237 2113 Sed
2267 2067 2352 2114 est
2370 2059 2530 2114 etiam
2572 2058 2676 2115 hoc
2711 2059 3091 2130 omnipotentis
3122 2062 3393 2129 sapientia:
3433 2062 3535 2119 Dei
3566 2079 3725 2134 arguo

2128 2160 2392 2215 mentum,
2422 2164 2540 2220 qua:
2568 2163 2936 2221 saepenumero
2958 2167 3054 2222 per
3081 2152 3319 2208 inﬁdeles
3338 2152 3617 2224 ejusmodi
3645 2169 3726 2209 ns

2131 2241 2402 2312 dispensat
2440 2260 2454 2297 :
2487 2250 2540 2298 et
2568 2245 2731 2298 multa
2759 2242 2951 2299 similia
2998 2244 3290 2300 invenimus
3324 2246 3492 2301 etiam
3528 2246 3587 2301 in
3614 2248 3729 2302 aliis

2129 2334 2288 2389 facta.
2311 2334 2501 2391 Statim
2526 2336 2668 2392 enim
2699 2336 2933 2392 occurrit
2960 2337 3113 2393 nobis
3132 2345 3188 2392 et
3216 2336 3327 2392 Noe
3356 2336 3727 2394 vocabulum:

2132 2442 2308 2498 neque
2336 2428 2479 2484 enim
2503 2428 2704 2500 absque
2729 2443 2887 2485 causa
2914 2437 2969 2485 et
2988 2428 3042 2484 in
3071 2443 3262 2484 vanum
3292 2430 3458 2485 etiam
3484 2431 3617 2487 huic
3637 2448 3732 2486 uo-

2132 2535 2257 2575 men
2300 2518 2605 2575 indiderunt
2645 2530 2929 2590 parentes,
2966 2520 3063 2576 sed
3104 2521 3503 2592 praesignarunt
3542 2522 3734 2579 subse-

2132 2622 2419 2683 quuturum
2463 2613 2743 2669 diluvium.
2778 2613 3069 2668 Enimvero
3093 2622 3147 2669 et
3191 2622 3392 2681 patrem
3424 2612 3599 2682 hujus
3628 2628 3734 2669 non

2134 2707 2255 2763 ideo
2280 2721 2473 2762 nomen
2506 2720 2672 2777 puero
2712 2704 2998 2769 indidisse,
3027 2704 3168 2775 quod
3196 2705 3307 2774 ipse
3331 2705 3519 2776 justus
3544 2718 3732 2773 esset,

2126 2800 2255 2855 audi
2281 2799 2609 2869 Scripturam
2634 2797 2927 2863 dicentem,
2954 2797 3067 2852 Noe
3087 2798 3257 2852 solum
3286 2799 3576 2855 inventum
3614 2815 3739 2857 esse

2128 2892 2367 2963 justum,
2410 2890 2703 2963 perfectum
2759 2889 2810 2944 in
2849 2890 3193 2960 generatione
3231 2905 3326 2945 sua
3367 2889 3536 2963 (Gen.
3564 2893 3625 2948 6.
3656 2893 3735 2965 9).

2133 2983 2251 3040 Non
2298 2992 2475 3039 autem
2527 2980 2839 3037 obticuisset
2883 2982 3194 3053 Scriptura,
3240 2998 3410 3053 neque
3462 2984 3738 3052 dixisset,

2133 3079 2247 3135 Noe
2274 3079 2422 3134 Solus
2440 3077 2620 3147 justus
2643 3085 2788 3140 erat,
2818 3078 2863 3131 si
2890 3084 2945 3131 et
2973 3076 3202 3132 Lamech
3226 3087 3373 3149 pater
3406 3076 3543 3146 ejus
3563 3079 3742 3136 virtue

2136 3182 2242 3226 tem
2274 3168 2407 3241 justi
2449 3168 2640 3225 fuisset
2665 3168 2921 3223 imitatus.
2967 3167 3310 3237 hnpositurus
3351 3168 3541 3238 itaque
3564 3181 3743 3240 pacto

2136 3276 2354 3328 nomen,
2379 3259 2544 3330 inquit
2577 3277 2590 3313 :
2617 3258 2687 3312 Et
2714 3259 2971 3314 vocabitur
2990 3274 3170 3312 nomen
3195 3260 3305 3328 ejus
3336 3256 3457 3313 Noe
3482 3275 3506 3325 ;
3538 3261 3629 3313 hic
3660 3266 3744 3331 [a-

2134 3356 2231 3408 ciet
2272 3368 2367 3407 nos
2408 3352 2663 3423 quiescere
2706 3350 2769 3405 ab
2796 3350 3029 3420 aperibus
3062 3350 3282 3415 nostris,
3322 3359 3367 3404 et
3405 3366 3445 3402 ιι
3488 3351 3743 3406 molestiis

2136 3463 2376 3502 manuum
2398 3454 2683 3500 nostrarum
2699 3485 2716 3510 ,
2741 3454 2788 3499 et
2812 3460 2844 3497 α
2882 3453 3017 3499 terra
3038 3485 3055 3509 ,
3076 3461 3225 3515 qutun
3254 3444 3530 3499 maledixit
3558 3445 3747 3502 Domi-

2136 3555 2235 3594 nus
2262 3538 2399 3593 Deus
2429 3536 2582 3609 (Gen.
2615 3537 2669 3593 5.
2698 3535 2809 3605 29).
2842 3534 2989 3590 Unde
3016 3535 3125 3598 illi,
3157 3549 3366 3604 quaeso,-
3398 3545 3567 3613 esset
3597 3552 3744 3608 prse-

2137 3632 2360 3688 seientia
2403 3646 2588 3687 eorum
2619 3646 2735 3700 qua:
2760 3637 2882 3699 post
2921 3637 2998 3683 tot
3023 3628 3217 3683 sucula
3252 3636 3403 3682 erant
3428 3631 3746 3687 eventura?

2138 3725 2276 3780 Dicit
2320 3722 2509 3779 enim:
2550 3721 2852 3785 Vocabitur,
2896 3708 3101 3789 inquit,
3152 3717 3301 3785 Noe,-
3329 3718 3409 3773 llic
3456 3721 3601 3775 enim
3654 3738 3745 3777 nos

2136 3818 2386 3889 quiescere
2403 3816 2572 3888 faciet.
2603 3814 2805 3871 Nomen
2836 3822 3011 3869 autem
3036 3813 3148 3868 Noe
3178 3813 3351 3883 lingua
3376 3812 3747 3870 llebratorum

2136 3912 2290 3982 quies
2319 3910 2535 3966 dicitur.
2567 3907 2748 3978 itaque
2773 3907 2895 3977 quia
2915 3946 2930 3971 ,
2958 3905 3235 3975 ingruente
3263 3904 3466 3959 diluvio
3487 3947 3506 3972 ,
3540 3905 3637 3961 hic
3658 3921 3745 3961 so-

2140 4004 2224 4058 lus
2271 4001 2528 4058 mundum
2560 4010 2904 4063 servaturus,
2926 4006 2979 4053 et
3016 3997 3324 4066 posterioris
3356 3997 3749 4067 generationis

2137 4096 2348 4152 futurus
2366 4103 2556 4150 auctor
2583 4103 2729 4159 erat,
2759 4091 2955 4146 idcirco
2981 4088 3191 4162 inquit,
3216 4088 3318 4143 llic
3345 4090 3508 4156 faciet
3536 4076 3637 4147 nos
3668 4107 3749 4145 re-

2137 4189 2389 4261 quiescere
2413 4202 2433 4242 :
2452 4185 2690 4257 requiem
2711 4184 2966 4240 diluvium
2992 4198 3206 4237 vocans.
3230 4180 3364 4237 Nam
3389 4196 3624 4238 ortinam
3649 4194 3752 4239 ter»
3780 4246 3781 4251 η

2098 4346 2101 4351 _
2140 4294 2256 4336 ram
2285 4279 2436 4349 quasi
2465 4275 2739 4348 fatigatam
2784 4286 2839 4332 et
2885 4274 3289 4331 inhabitantium
3334 4274 3547 4330 malitia
3576 4274 3751 4329 valde

2140 4374 2461 4430 deteriorem
2528 4371 2719 4426 lactant
2772 4369 3164 4441 superveniens
3209 4367 3391 4422 diluvii
3468 4383 3753 4440 κλωπ-ιιι

2142 4465 2471 4535 inundantia,
2500 4480 2619 4537 qua:
2640 4466 2799 4527 linem
2842 4460 3059 4539 malitiae
3085 4461 3341 4516 malorum
3373 4460 3615 4517 istorum
3647 4461 3753 4516 ho-

2090 4609 2098 4613 .
2134 4560 2344 4615 miuum
2376 4557 2629 4620 iaciebat,
2658 4565 2712 4612 et
2740 4565 2936 4611 terram
2970 4554 3308 4624 repurgavit,
3332 4568 3497 4623 quam
3528 4552 3757 4608 inhabi-

2092 4718 2095 4719 ν
2140 4654 2366 4708 tamium
2392 4652 2592 4706 malitia
2615 4648 2940 4705 immundam
2967 4647 3207 4723 fecerat,
3231 4656 3287 4702 et
3306 4646 3429 4700 illos
3460 4648 3759 4716 puniendo

2144 4745 2199 4799 in
2226 4744 2458 4814 quietem
2498 4740 2725 4797 induxit.
2756 4739 2898 4794 Mors
2917 4739 3058 4793 enim
3079 4780 3093 4804 ,
3120 4747 3179 4792 ut
3200 4736 3369 4808 inquit
3396 4736 3510 4804 ille,
3532 4742 3761 4808 requies

2144 4837 2251 4890 viro
2275 4833 2394 4906 (Job
2425 4834 2480 4888 5.
2506 4832 2596 4889 23.
2625 4831 2763 4903 apud
2784 4829 2930 4902 cxx).
2954 4828 3419 4898 Vidistiquomodo
3439 4829 3621 4885 etiam
3660 4828 3782 4943 per,

2145 4929 2446 4987 incredulos
2470 4927 2645 4983 multa
2666 4941 2810 4996 saepe
2853 4923 3249 4996 prmsiguilicari
3291 4922 3487 4978 curat?
3518 4922 3763 4980 Eodem

2208 5084 2281 5148 (a)
2313 5084 2565 5148 Hebraice
2587 5081 2756 5148 doctus
2790 5094 2886 5131 non
2926 5085 3030 5148 erat
3064 5077 3424 5148 '(zhrysnstomus
3458 5076 3542 5139 qui
3593 5078 3761 5128 ωε..

2146 5145 2485 5211 ctwiologiam
2501 5145 2715 5196 ediderit
2748 5158 2759 5194 :
2782 5158 2883 5194 nou
2906 5146 3038 5192 enim
3060 5155 3089 5189 a
3112 5155 3250 5198 uice,
3272 5146 3396 5199 τις.
3436 5147 3623 5199 Δία.
3668 5156 3765 5191 sm-

2143 5224 2482 5278 πιωνῠτὶκ,
2503 5217 2613 5267 duci
2648 5222 2841 5279 potest;
2865 5213 3229 5277 cognominatus
3250 5220 3411 5261 lumen
3434 5211 3527 5261 luit
3562 5213 3761 5261 All-asa

2146 5299 2290 5363 ων,
2308 5314 2457 5364 quam
2479 5311 2649 5349 vocem
2671 5296 2750 5364 alii
2787 5296 3062 5364 ltebrwum,
3086 5294 3165 5364 alii
3188 5292 3495 5364 trwtsitorem
3518 5304 3761 5364 verum.

2147 5356 2526 5426 (ὶιιωόθξπιράτην.
2553 5368 2666 5426 item
2694 5357 2924 5426 pluribus
2948 5359 3254 5406 tractavimus
3282 5356 3332 5426 in
3355 5356 3615 5426 tteuajdis.
3644 5371 3744 5415 cap

2150 5429 2211 5477 14
2230 5419 2450 5483 nene-sis,
2470 5419 2515 5473 v.
2545 5425 2622 5482 13,
2657 5419 2740 5470 ubi
2764 5420 3078 5483 plurimorum
3097 5419 3369 5483 sementim
3386 5419 3683 5474 minimas,
3712 5428 3761 5465 et

2152 5479 2499 5559 explica-vimus
2518 5487 2569 5535 in
2918 5480 3219 5559 dicitgginlra!
3616 5487 3759 5559 ⁵διιιετἶ

2151 5539 2388 5615 quietem,
2417 5560 2609 5615 sonare,
2637 5539 2807 5615 verum
2834 5552 2910 5615 est
2934 5558 2946 5592 :
2976 5555 3070 5590 non
3118 5539 3339 5614 perinde
3365 5539 3633 5607 imitabile

2152 5606 2280 5676 quin!
2299 5606 2475 5676 adjicit,
2501 5608 2704 5676 quietem
2728 5606 2856 5655 illam
2879 5613 2977 5676 Nec
3001 5606 3196 5654 uorttine
3552 5606 3763 5672 apum—

2142 5665 2265 5725 .care
2283 5665 2535 5730 diluvium,
2552 5673 2606 5720 in
2628 5682 2726 5733 quo
2747 5668 2932 5733 mortui,
2944 5675 3059 5733 sunt
3080 5678 3248 5733 eomes
3266 5665 3505 5727 beatius,
3524 5665 3655 5728 quia
3686 5677 3707 5709 ι
3722 5684 3761 5712 e—

2153 5739 2332 5789 dclicct
2356 5748 2484 5785 mors
2509 5727 2582 5783 est
2601 5727 2743 5797 quies
2760 5730 2977 5781 hominis.
2999 5731 3068 5779 sic
3092 5727 3194 5779 ille.

3774 4994 3782 5069 l

3776 5472 3782 5539 l

3772 5812 3782 5917 l
