3750 6312
280 307 389 365 365

276 425 420 497 ἀρχῃ
445 422 506 477 τὸ
543 421 712 493 δνομα
743 422 791 474 οί
820 423 995 489 γονεῖς
1023 421 1290 487 ἐτίθεσαν,
1321 423 1379 488 ἐξ
1407 424 1582 495 ἀρχῆς
1602 424 1699 477 zeal
1726 426 1791 479 ἐκ
1817 443 1950 497 προ-

275 514 471 580 οιμίων
493 508 801 580 δηλοῦντες,
835 509 917 562 ὅτι
957 511 1300 579 μετανάστης
1320 510 1495 574 ἔσται,
1522 513 1615 565 zeal
1649 513 1891 584 περάσας
1919 526 1947 555 α

277 599 366 651 τὸν
394 600 637 669 ποταμὸν
660 599 751 650 ἐπὶ
773 598 871 668 τὴν
895 597 1180 668 ἀλλοτρίαν
1201 597 1340 667 ἥξει.
1382 598 1534 651 Ἐπεὶ
1567 599 1769 666 τοίνυν,
1792 602 1947 673 φησὶ,

274 686 336 738 τὸ
390 687 488 756 μὲν
544 686 694 757 παρὰ
746 684 859 737 τῶν
899 685 1104 753 γονέων
1147 686 1396 739 ἐπιτεθὲν
1436 687 1608 757 ὄνομα
1650 690 1827 743 ἐκεῖνό
1869 708 1951 743 σοι

277 774 592 846 προεμήνυε
628 773 691 826 τὸ
722 774 788 827 ἐκ
819 772 928 826 τῶν
952 774 1134 825 ἐκεῖσε
1164 773 1397 826 ἐνταῦθα
1419 774 1771 845 διαπεράσαι,
1795 776 1949 847 δέχου

275 860 370 913 καὶ
411 862 509 933 τήν
543 861 638 914 τοῦ
673 861 934 931 στοιχείου
963 860 1304 931 προσθήκην,
1347 862 1436 914 ἴνα
1478 862 1654 935 μάθῃς
1686 865 1767 916 ὃτι
1793 864 1950 917 τοῦτό

276 965 357 1000 σοι
396 948 611 1019 μηνύει,
641 948 723 1001 ὅτι
756 947 965 1001 πολλῶν
1009 947 1178 1001 ἐθνῶν
1212 947 1308 1019 ἔσῃ
1338 951 1540 1021 πατήρ.
1575 952 1684 1003 Καὶ
1712 952 1814 1020 δρα
1852 952 1951 1022 τὴν

275 1036 560 1108 ἀκρίϐειαν
586 1034 693 1087 τῶν
725 1035 1004 1106 ῥημάτων.
1039 1036 1154 1088 Οὑκ
1187 1031 1327 1100 εἷπε,
1362 1038 1583 1091 Πάντων
1611 1038 1718 1091 τῶν
1754 1038 1947 1106 ἐθνῶν,

273 1122 430 1188 ἀλλά,
465 1124 718 1177 Πολλῶν
740 1122 949 1177 ἐθνῶν.
994 1123 1209 1193 Ἐπειδὴ
1237 1125 1346 1195 γὰρ
1375 1120 1443 1195 ἦν
1472 1124 1599 1196 ἔθνη
1634 1126 1729 1178 zeal
1763 1126 1944 1197 ἔτερα,

274 1214 418 1283 άπερ
452 1212 675 1283 ἔμελλεν
707 1212 917 1265 ἐκεῖθεν
938 1212 1218 1277 ἐξεῶσθαι,
1246 1214 1330 1265 ἵνα
1349 1214 1442 1267 τοῦ
1468 1214 1673 1267 δικαίου
1694 1215 1753 1267 τὸ
1776 1215 1948 1287 σπέρ-

248 1317 351 1370 νμα
390 1300 607 1371 δέξηται
652 1301 749 1371 τὴν
794 1300 1176 1371 κληρονομίαν,
1209 1301 1297 1353 διὰ
1338 1302 1495 1354 τοῦτό
1532 1318 1686 1372 φησι’
1718 1302 1950 1370 Πατέρα

274 1389 522 1442 πολλῶν
555 1387 748 1442 ἐθνῶν
787 1388 1024 1443 τέθεικά
1064 1404 1157 1442 σε.
1194 1388 1362 1453 Εἰδώς
1396 1407 1488 1442 σου
1528 1390 1626 1461 τῆς
1662 1391 1862 1462 ἀρετῆς
1889 1390 1949 1443 τὸ

277 1475 526 1546 μέγεθος,
557 1475 767 1529 πολλῶν
791 1475 959 1529 ἐθνῶν
982 1476 1302 1530 διδάσκαλόν
1334 1494 1393 1529 σε
1415 1479 1819 1547 ἀπεργάσομαι,
1849 1478 1947 1531 καί

273 1563 520 1629 αὑξανῶ
547 1579 624 1618 σε
663 1564 761 1618 καί
814 1563 1103 1632 πληθυνῶ
1150 1580 1226 1618 σε
1267 1565 1522 1634 σφόδρα,
1560 1565 1815 1634 σφόδρα·
1845 1565 1946 1620 καὶ

274 1651 444 1720 θήσω
475 1667 550 1706 σε
575 1654 662 1717 εις
686 1653 851 1719 ἔθνη,
893 1651 992 1705 καί
1019 1652 1297 1719 βασιλεῖς
1340 1654 1409 1707 ἐκ
1436 1654 1554 1707 σοῦ
1589 1653 1948 1717 ἐξελεύσον-

274 1756 388 1793 ται.
419 1740 509 1812 Μὴ
529 1740 714 1803 ἀπλῶς
744 1738 1213 1811 παραδράμωμεν,
1243 1741 1535 1811 ἀγαπητοὶ,
1565 1741 1634 1793 τά
1655 1740 1944 1813 εἰρημένα.

276 1828 374 1882 Ἂν
402 1828 511 1900 γάρ
550 1829 891 1900 ἐννοήσωμεν
924 1828 1020 1881 τοῦ
1060 1830 1397 1900 πατριάρχου
1442 1831 1541 1899 τὴν
1582 1829 1818 1902 ἡλικίαν,
1852 1832 1949 1884 καὶ

271 1918 353 1970 ὄτι
380 1919 438 1970 ἐν
459 1917 671 1987 ἐσχάτῳ
695 1918 841 1988 γήρᾳ
871 1916 1044 1971 ταῦτα
1080 1917 1332 1988 ἤκουσεν,
1362 1918 1818 1990 ἐκπλαγησόμεθα
1846 1920 1949 1990 τήν

271 2024 331 2059 τε
356 2007 451 2060 τοῦ
478 2008 687 2061 δικαίου
723 2007 928 2072 πίστιν,
968 2008 1061 2061 καί
1093 2007 1473 2077 φιλανθρώπου
1503 2008 1636 2061 Θεοῦ
1659 2007 1756 2079 τὴν
1780 2009 1948 2079 ὑπερ-

274 2093 572 2147 ϐάλλουσαν
609 2094 859 2165 δύναμιν,
896 2096 979 2148 ὅτι
1010 2095 1071 2160 ἐξ
1107 2095 1396 2167 ἀνθρώπου
1431 2095 1614 2149 λοιπὸν
1642 2094 1945 2167 νεκρωθέν-

270 2197 384 2245 τος,
433 2181 510 2243 ῶς
550 2184 745 2244 εἰπεῖν,
784 2183 879 2235 zeal
920 2182 990 2235 τά
1042 2183 1179 2253 μέλη
1220 2182 1634 2254 διαλελυμένου,
1683 2184 1777 2236 zeal
1824 2181 1945 2236 καθ’

272 2268 629 2340 ἐκάστηνήμέ
636 2286 735 2339 ραν
753 2271 853 2341 τὴν
869 2269 1123 2340 τελευτὴν
1139 2269 1564 2340 φανταζομένου,
1589 2272 1681 2324 ἐπὶ
1694 2269 1945 2324 τοσοῦτον

271 2356 598 2422 αὐξάνεσθαι
622 2357 682 2410 τὸ
723 2358 942 2429 σπέρμα
970 2361 1262 2428 ἐσήμανεν,
1283 2358 1359 2422 ὼς
1393 2361 1486 2413 καὶ
1524 2360 1604 2423 εἰς
1630 2359 1761 2429 ἐθνη
1778 2357 1947 2411 πολλά

275 2443 619 2513 γενήσεσθαι’
664 2444 758 2498 zeal
792 2444 854 2497 οὑ
900 2444 1060 2497 τοῦτο
1094 2445 1274 2515 μόνον,
1313 2444 1449 2499 ἀλλά
1490 2447 1596 2500 Καὶ
1625 2445 1945 2511 βασιλεῖς,

273 2533 461 2601 φησὶν,
505 2532 574 2585 ἐκ
609 2531 726 2585 σοῦ
770 2532 1216 2597 ἐξελεύσονται.
1254 2528 1404 2596 Εἶδες
1434 2534 1682 2587 ἐπίτασιν
1716 2537 1947 2608 ἐπαγγε-

232 2641 241 2649 ·
271 2620 390 2681 λίας
405 2636 419 2684 ;
432 2619 684 2685 Αὺξανῶ
696 2637 788 2683 σε,
807 2621 961 2690 φησὶ,
978 2620 1234 2689 σφόδρα,
1248 2621 1503 2690 σφόδρα.
1525 2622 1634 2691 Οὑχ
1651 2623 1837 2687 ἁπλῶς
1852 2626 1945 2681 τὸν

270 2706 667 2778 διπλασιασμὸν
693 2707 1142 2780 ἐπέθηκεν,μθθι
1161 2708 1274 2763 ἀλλ’
1296 2710 1380 2762 ἵνα
1413 2709 1633 2782 σημάνῃ
1658 2710 1736 2781 τῷ
1751 2711 1944 2784 δικαίῳ

269 2794 363 2847 τοῦ
401 2794 639 2865 πλήθους
677 2795 775 2867 τὴν
824 2795 1150 2867 ὑπερϐολήν.
1192 2796 1410 2867 Ἐπειδὴ
1442 2797 1552 2868 γὰρ
1595 2798 1683 2851 διά
1719 2799 1818 2870 τῆς
1849 2799 1943 2855 τοῦ

272 2882 538 2953 στοιχείου
566 2883 903 2955 προσθήκης,
937 2883 1188 2955 καθάπερ
1214 2886 1270 2937 ἐν
1300 2885 1470 2958 στήλῃ
1499 2887 1634 2950 τινὶ,
1666 2887 1945 2954 ἀνεξάλει-

270 2986 404 3022 πτον
432 2970 581 3040 αὑτῷ
619 2971 715 3041 τῆς
754 2971 1098 3040 ὑποσχέσεως
1130 2972 1229 3042 τὴν
1269 2971 1602 3040 ἐπαγγελίαν
1640 2975 1941 3046 ἐπέγραψε,

271 3058 435 3111 πάλιν
467 3059 620 3127 φησί·
656 3057 1002 3124 Καί-στήσω
1022 3058 1139 3126 τὴν
1165 3058 1459 3128 διαθήκην
1471 3078 1590 3129 μου
1613 3062 1730 3116 ἀνὰ
1748 3063 1945 3131 μέσον

269 3145 407 3212 σοῦ,
439 3145 538 3199 καὶ
572 3146 687 3200 ἀνὰ
707 3145 1029 3215 μέσονςτοῦ
1059 3147 1401 3216 σπέρματός
1425 3164 1541 3203 σου
1562 3150 1716 3219 μετὰ
1754 3152 1829 3204 σὲ
1856 3154 1945 3220 εις

269 3236 371 3300 τὰς
392 3234 612 3305 ,γενεὰς
646 3234 866 3300 αὐτῶν,
902 3237 990 3301 εὶς
1017 3234 1310 3302 διαθήκην
1340 3234 1602 3302 αἰώνιον,
1634 3234 1791 3294 εἶναι
1825 3257 1944 3296 σου

272 3324 437 3386 Θεός.
474 3323 549 3375 UO
584 3322 742 3393 μόνον
774 3323 903 3394 περὶ
934 3322 1015 3386 σὲ,
1046 3322 1204 3393 φησὶ,
1237 3322 1436 3394 πολλὴν
1472 3324 1810 3397 ἐπιδείξομαι
1846 3327 1943 3400 τὴν

270 3412 617 3482 κηδεμονίαν,
657 3411 793 3465 ἀλλά
829 3411 924 3466 zeal
962 3413 1042 3476 είς
1083 3412 1144 3465 τὸ
1179 3412 1398 3484 σπέρμα
1430 3414 1491 3467 τὸ
1526 3414 1636 3481 σὺν,
1682 3416 1775 3469 zeal
1805 3417 1944 3487 μετά

269 3500 368 3570 τὴν
409 3500 510 3570 σὴν
543 3499 736 3563 ἔξοδον.
770 3500 909 3571 Ὅρα
959 3498 1076 3562 πῶς
1130 3500 1429 3555 ἀνακτᾶται
1469 3501 1564 3555 τοῦ
1603 3502 1812 3557 δικαίου
1846 3505 1944 3575 τὴν

268 3586 445 3657 ψυχὴν
472 3585 895 3657 ὑπισχνούμενος
932 3586 1100 3657 αὐτῷ,
1134 3587 1216 3640 ὃτι
1253 3588 1346 3641 καὶ
1368 3587 1445 3659 τῷ
1480 3589 1753 3664 σπέρματι
1776 3591 1941 3645 αὑτοῦ

269 3673 469 3744 πολλὴν
511 3674 738 3744 παρέξει
775 3672 873 3744 τὴν
911 3672 1186 3743 πρόνοιαν.
1223 3674 1334 3729 Kal
1374 3674 1457 3739 τίς
1505 3677 1539 3747 ή
1573 3675 1804 3749 δύναμις
1842 3678 1943 3749 τῆς

265 3763 562 3833 διαθήκης;
616 3763 798 3817 Ὥστε
852 3759 1009 3817 εἷναί
1060 3778 1179 3818 σου
1243 3765 1406 3832 Θεὸς,
1465 3766 1617 3836 φησὶ,
1678 3766 1778 3821 καί
1833 3768 1942 3824 τοῦ

267 3850 756 3920 σπέρματόςισου
793 3850 945 3921 μετὰ
975 3851 1072 3907 σέ.
1103 3852 1273 3908 Τοῦτο
1308 3854 1417 3925 γάρ
1454 3870 1536 3908 σοι
1568 3854 1721 3909 ἔσται
1763 3856 1827 3910 τὸ
1851 3873 1943 3910 κε-

269 3938 497 4006 φάλαιον
519 3938 627 3994 τῶν
647 3939 887 4008 ἀγαθῶν,
923 3941 1005 3994 σοί
1037 3958 1097 3995 τε
1129 3942 1225 3995 καὶ
1256 3942 1334 4013 τῷ
1367 3943 1643 4015 σπέρματί
1674 3961 1789 3999 σου.
1830 3944 1940 3999 Kal

268 4026 441 4080 δώσω
469 4028 577 4081 σοί
611 4029 708 4080 καί
751 4026 832 4093 τῷ
878 4029 1174 4098 σπέρματι
1219 4044 1338 4085 σου
1370 4030 1520 4100 μετὰ
1546 4030 1628 4084 σὲ
1659 4031 1774 4098 τὴν
1802 4031 1940 4102 γῆν,

268 4114 349 4183 ἢν
366 4115 693 4183 παροικεῖς,
727 4113 935 4171 πᾶσαν
958 4116 1074 4184 τὴν
1106 4116 1223 4187 γῆν
1247 4118 1513 4186 Χαναὰν,
1539 4121 1626 4186 είς
1653 4119 1944 4190 κατάσχε-

267 4218 374 4257 σιν
414 4202 677 4257 αίώνιον·
723 4204 823 4257 καί
866 4204 1011 4270 Θεὸς
1060 4204 1276 4273 ἔσομαι
1313 4206 1529 4262 αὐτῶν.
1571 4207 1671 4262 Διά
1705 4208 1804 4281 τὴν
1842 4208 1941 4281 σὴν

268 4292 469 4363 ἀρετὴν
501 4292 594 4344 zeal
630 4292 679 4343 οί
703 4290 910 4359 ἔκγονοι
932 4292 982 4345 οί
1004 4292 1086 4346 σοὶ
1115 4293 1481 4348 ἀπολαύσουσι
1507 4295 1605 4366 τῆς
1638 4297 1777 4367 ἐμῆς
1804 4314 1941 4369 προ-

269 4378 437 4442 νοίας,
465 4377 562 4432 καὶ
597 4376 752 4431 δώσω
780 4379 963 4442 αὐτοῖς
988 4380 1068 4441 είς
1096 4380 1421 4451 κατάσχεσιν
1460 4380 1678 4436 αἰώνιον
1706 4382 1804 4455 τὴν
1836 4384 1940 4455 γῆν

268 4467 511 4530 Χαναὰν,
538 4467 647 4521 Kal
681 4467 893 4535 ἔσομαι
920 4466 1120 4523 αὐτῶν
1151 4471 1295 4535 Θεός
1319 4470 1366 4524 b.
1400 4469 1465 4523 Τί
1498 4474 1632 4535 ἐστι,
1667 4472 1771 4526 Kal
1800 4472 1940 4527 ἐσο-

262 4568 370 4623 μαι
419 4552 618 4606 αὐτῶν
648 4554 824 4618 Θεός;
863 4555 1006 4608 Ἀντὶ
1054 4555 1172 4622 τοῦ,
1210 4557 1417 4630 Πολλὴν
1460 4558 1798 4629 ἐπιδείξομαι
1840 4560 1939 4631 τὴν

268 4640 615 4711 κηδεμονίαν,
640 4640 838 4712 πολλὴν
868 4643 967 4713 τὴν
1002 4644 1281 4714 πρόνοιαν,
1309 4647 1367 4698 ἐν
1395 4646 1597 4701 ἅπασιν
1626 4647 1810 4711 αὑτοῖς
1840 4647 1939 4717 τήν

268 4728 400 4798 παρ’
430 4727 564 4799 ἐμοῦ
588 4730 904 4799 συμμαχίαν
926 4731 1249 4802 παρέξομαιο
1290 4734 1450 4802 μόνον
1481 4734 1565 4788 Σὺ
1588 4734 1703 4802 τὴν
1732 4734 1938 4804 διαθή-

264 4833 384 4871 κην
415 4833 536 4886 μου
571 4815 959 4885 διατήρησον,
997 4819 1079 4873 σὺ
1113 4819 1211 4873 καὶ
1254 4819 1321 4873 τὸ
1360 4822 1596 4892 σπέρμα
1639 4837 1755 4877 σου
1787 4822 1937 4891 μετὰ

266 4903 342 4958 σὲ
370 4907 458 4971 είς
492 4905 599 4971 τὰς
640 4907 852 4974 γενεὰς
892 4906 1110 4963 αὐτῶν.
1159 4909 1324 4962 Οὐδὲν
1377 4910 1563 4981 ἕτερον
1622 4911 1749 4983 παρ’
1783 4912 1937 4981 ὑμῶν

265 4993 526 5064 ἐπιζητῶ,
569 4993 602 5065 ἢ
638 4995 737 5066 τήν
766 4994 1011 5066 ὑπακοὴν
1055 4997 1151 5048 zeal
1186 4997 1283 5067 τὴν
1311 4997 1748 5069 εὐγνωμοσύνην,
1782 4998 1936 5069 κάγὼ

264 5082 444 5136 πάντα
468 5083 610 5153 ἅπερ
650 5080 965 5153 ὑπεσχόμην
998 5084 1078 5146 είς
1110 5082 1272 5153 ἔργον
1306 5084 1439 5149 ἄξω.

332 5171 395 5225 δ’.
415 5165 547 5223 Εἶτα
570 5170 753 5224 λοιπὸν
771 5170 1091 5240 βουλόμενος
1114 5171 1337 5244 ἰδιοποιή
1346 5173 1674 5237 σασθαιτοὺς
1693 5175 1753 5241 ἐξ
1770 5175 1933 5232 αὑτοῦ

263 5258 632 5328 τικτομένους,
665 5257 759 5312 zeal
792 5259 987 5311 οἰκεῖον
1014 5258 1206 5313 ἐαυτοῦ
1236 5259 1328 5313 τὸν
1351 5260 1477 5314 λαὸν
1496 5262 1931 5334 ἀπεργάσασθαι,

262 5346 357 5398 zeal
412 5346 499 5398 'e'va
553 5344 737 5398 λοιπὸν
784 5347 846 5398 τὸ
888 5346 1091 5417 πλῆθος
1144 5348 1516 5421 ἐκτεινόμενον
1566 5350 1640 5422 μὴ
1705 5369 1935 5407 συνανα-

267 5431 561 5501 μιγνύηται
603 5434 717 5494 τοῖς
773 5432 981 5487 ἔθνεσιν
1041 5434 1291 5499 ἐκείνοις,
1338 5430 1413 5491 ῶν
1442 5438 1541 5508 τὴν
1578 5440 1679 5510 γῆν
1713 5439 1933 5510 ἔμελλον

263 5518 641 5591 κληρονομεῖν,
683 5519 855 5583 ἄλλως
897 5520 954 5573 δὲ
998 5522 1092 5575 zeal
1122 5523 1308 5594 ἐπειδὴ
1336 5525 1475 5594 μετά
1503 5525 1679 5581 ταῦτα
1712 5526 1933 5599 ἔμελλον

263 5607 403 5660 κειτά
429 5607 526 5677 τὴν
556 5606 723 5659 αὑτοῦ
768 5608 1072 5678 πρόρρησιν
1116 5611 1406 5682 ὑπομένειν
1437 5613 1534 5679 τὴν
1575 5616 1633 5667 ἐν
1674 5616 1934 5687 Αἰγύπτῳ

264 5693 531 5761 δουλείαν,
547 5692 633 5746 ἵνα
661 5693 735 5764 μὴ
751 5695 845 5746 καὶ
869 5697 926 5747 ἐν
943 5696 1079 5768 αύτῇ
1096 5699 1377 5769 γενόμενοι
1394 5702 1810 5774 συναναφυρῶσι
1823 5705 1931 5769 τοῖς

326 5808 509 5882 ⁶ἓιινίι
557 5816 835 5882 ριν-ιηιιαιιιοτ
878 5822 992 5882 τρες.
1020 5813 1092 5859 ὅτι
1133 5817 1537 5882 μετανριστῄσεται
1587 5820 1668 5867 καὶ
1703 5819 1927 5882 περάσας.

267 5875 298 5914 ιο
336 5884 385 5921 ιιι
418 5874 589 5918 Ulbms
614 5876 795 5931 legitur
838 5874 917 5919 καὶ
941 5874 1110 5933 ξσομαι
1152 5877 1310 5933 αὐτοῖς
1349 5879 1412 5934 εἰς
1435 5880 1571 5928 θεόν.

1066 304 1125 362 S.
1167 303 1454 362 JOANNIS
1483 305 1973 365 CHRYSOSTOMI
2011 304 2332 367 ARCHIEP.
2371 303 2920 363 CONS‘I‘ANTINOP.
3586 316 3662 371 305

2055 423 2235 476 ἔθνεσι
2276 426 2391 487 τοῖς
2420 423 2479 477 ἐν
2512 421 2799 492 Αἰγύπτῳ,
2838 419 3071 490 σημείου
3104 417 3262 492 χάριν
3298 419 3395 491 τὴν
3426 432 3660 501 περιτομήν

2055 511 2134 583 τῷ
2162 511 2355 582 δικαίῳ
2411 511 2778 573 διατάττεται,
2835 510 2929 563 καί
2968 526 3151 579 φησιν’
3188 510 3351 576 Αὕτη
3381 512 3417 579 ἡ
3446 511 3661 585 διαθήκη,

2057 597 2137 666 ἢν
2160 599 2544 667 διατηρήσας
2570 598 2688 653 ἀνὰ
2708 598 2902 667 μέσον
2934 597 3083 668 ἐμοῦ
3130 597 3229 651 καί
3274 597 3453 666 ὑμῶν,
3481 602 3559 653 καί
3579 604 3664 658 ἀνὰ

2049 687 2246 756 μέσον
2282 686 2389 740 τοῦ
2428 686 2772 755 σπέρματός
2804 700 2921 739 σου
2959 684 3113 752 μετὰ
3149 684 3224 737 σὲ
3262 688 3349 750 είς
3374 686 3473 751 τὰς
3507 692 3664 757 γενεὰς

2053 772 2273 829 αὐτῶν.
2303 773 2815 844 Περιτμηθήσεται
2844 772 3012 842 ὑμῶν
3042 771 3166 826 πᾶν
3188 774 3515 839 ἀρσενικόν.
3541 781 3663 845 Περι-

2056 861 2438 929 τμηθήσεσθε
2462 860 2577 929 τὴν
2598 861 2797 930 σάρκα
2820 860 2927 929 τῆς
2959 861 3363 927 ἀκροϐυστίας
3392 859 3553 928 ὑμῶν.
3570 862 3665 919 Εἶτα

2057 947 2144 1002 ἵνα
2182 948 2365 1019 διδάξῃ
2421 948 2708 1011 κάκείνους
2760 949 2854 1001 καὶ
2901 948 3108 1010 πάντας
3154 949 3321 1017 ἡμᾶς,
3360 948 3493 1012 τίνος
3528 951 3664 1005 ἕνεκεν

2054 1035 2212 1090 τοῦτο
2248 1036 2497 1102 ἐπέταξε,
2527 1036 2622 1089 zeal
2653 1037 2733 1090 ὅτι
2765 1035 2975 1099 οὐδενὸς
3007 1036 3193 1106 ἐτέρου
3223 1036 3383 1105 χάριν
3413 1035 3550 1090 τοῦτο
3578 1039 3663 1108 βοὶ.

2054 1123 2202 1176 λεται
2227 1124 2497 1191 γίνεσθαι,
2518 1123 2631 1177 ἀλλ’
2662 1123 2694 1194 ὴ
2730 1122 2868 1176 ὥστε
2897 1122 3165 1192 ἐπίσημον
3192 1117 3330 1175 εἶναι
3355 1123 3445 1175 τὸν
3473 1122 3579 1177 λαὸν
3602 1129 3665 1179 τὶν

2054 1211 2203 1281 αὐτῷ
2234 1211 2610 1282 ἀνακείμενον,
2642 1210 2793 1281 φησὶ,
2828 1210 2937 1264 Kal
2963 1208 3133 1263 ἔσται
3158 1210 3229 1262 ὲν
3256 1212 3483 1277 σημείῳ
3512 1211 3662 1279 διαθή-

2055 1316 2166 1366 κης
2205 1299 2323 1355 ἀνὰ
2368 1298 2564 1367 μέσον
2603 1298 2750 1367 ἐμοῦ
2790 1297 2889 1351 καὶ
2930 1295 3115 1364 ὑμῶν.
3149 1297 3257 1348 Kal
3298 1296 3480 1349 λοιπὸν
3509 1300 3582 1352 καὶ
3603 1302 3665 1354 τὸν

2056 1386 2246 1456 καιρὸν
2278 1385 2639 1448 διατάττεται,
2668 1396 2690 1423 ο
2724 1384 2845 1438 καθ’
2876 1384 2933 1436 ὃν
2963 1385 3231 1455 προσήκει
3270 1383 3433 1437 τοῦτο
3458 1385 3661 1453 γίνεσθαι.

2053 1473 2303 1527 Παιδίον
2348 1472 2480 1542 γὰρ,
2526 1473 2712 1544 φησὶν,
2758 1471 2910 1525 ὀκτὼ
2952 1470 3188 1540 ἡμερῶν
3228 1472 3665 1540 περιτμηθήσεται

2052 1560 2215 1630 ὑμῖν,
2234 1562 2331 1615 καὶ
2352 1564 2384 1615 ό
2410 1560 2743 1630 οἰκογενὴς,
2771 1560 2867 1614 καὶ
2890 1563 2921 1613 ὀ
2935 1558 3371 1629 ἀργυρώνητος,
3392 1559 3486 1613 καί
3501 1560 3664 1628 πάντες

2056 1649 2449 1715 ἁπαξαπλῶς,
2475 1651 2555 1716 ὡς
2575 1649 2784 1713 εἰπεῖν,
2814 1652 2868 1702 οὶ
2891 1649 3181 1714 συνόντες
3212 1648 3353 1717 ὑμῖν
3374 1648 3443 1700 τό
3476 1651 3668 1717 σημεῖον

2057 1738 2235 1794 τοῦτο
2264 1738 2558 1803 δέξονται.
2576 1741 2684 1796 Kal
2700 1740 2871 1807 ὅστις
2885 1740 2960 1795 οὐ
2975 1738 3481 1808 περιτμηθήσεται
3495 1737 3557 1805 τῇ
3568 1740 3670 1807 ἠμέ-

2051 1837 2132 1888 ρᾳ
2142 1821 2213 1889 τῇ
2224 1823 2649 1894 διατεταγμένῃ
2660 1867 2672 1886 ,
2687 1822 3288 1892 ἐξολοθρευθήσεται,
3301 1822 3390 1876 ότι
3406 1821 3669 1890 τήνδιαθή-

2055 1920 2173 1972 κην
2178 1924 2298 1977 μου
2321 1908 2733 1965 διεσκέδασεν
2754 1911 2837 1965 ὅτι
2856 1909 3099 1982 παρέϐη,
3115 1909 3344 1980 φησὶ,τδ
3366 1909 3669 1981 προσταχθέν.

2124 1999 2270 2070 Ὅρα
2312 2000 2503 2067 σοφίαν
2550 2000 2819 2053 Δεσπότου
2841 2039 2857 2061 ,
2908 1998 3024 2063 πῶς
3069 1997 3225 2059 εἰδὼς
3265 1997 3377 2051 τῶν
3431 1996 3668 2067 μελλόντι-ρι

2053 2084 2270 2139 ἔσεσθαι
2303 2085 2364 2139 τὸ
2402 2086 2587 2150 ἀτελὲς
2628 2086 2729 2156 τῆς
2768 2085 2992 2158 γνώμης
3014 2125 3029 2149 ,
3070 2084 3321 2154 καθάπερ
3362 2084 3562 2153 χαλινόν
3588 2102 3673 2139 τινε

2053 2159 2351 2238 ἐπιτιθεὶς,
2391 2173 2533 2227 offa»
2581 2172 2735 2246 [401]
2776 2174 2835 2227 τὸ
2873 2176 3097 2246 σημεῖον
3149 2171 3307 2225 τοῦτο
3365 2172 3466 2241 τῆς
3513 2188 3675 2242 περιτο-

2057 2260 2165 2331 μῆς
2195 2261 2385 2327 ἔδωκε,
2414 2264 2515 2333 τὴν
2544 2263 2721 2334 ὁρμὴν
2755 2262 2934 2316 αὐτῶν
2966 2262 3064 2332 τὴν
3094 2260 3400 2314 ἀκάθεκτον
3427 2261 3674 2325 ἐκκόπτων,

2054 2346 2195 2401 ὥστε
2231 2349 2312 2420 μὴ
2328 2352 2439 2413 τοῖς
2460 2348 2636 2403 ἔθνεσι
2675 2347 3198 2421 συναναμίγνυσθαι.
3235 2347 3460 2417 Ἐπειδὴ
3476 2346 3572 2417 γάρ
3594 2348 3673 2416 ᾔδει

2052 2434 2231 2488 αὐτῶν
2254 2436 2314 2488 τὸ
2347 2436 2562 2504 λάγνον,
2590 2437 2684 2490 zeal
2710 2436 2791 2490 ὄτι
2814 2436 2913 2489 οὑκ
2935 2433 3236 2499 ἀνέξονται,
3260 2434 3367 2488 κᾶν
3395 2427 3496 2487 ὦσι
3525 2435 3675 2504 μυρξᾶ-

2053 2539 2136 2585 κις
2163 2523 2357 2593 ἐνηχού
2367 2540 2535 2593 μενοι,
2558 2524 2890 2594 ἀποσχέσθαι
2914 2524 3013 2594 τῆς
3028 2522 3222 2592 ἀλόγου
3244 2522 3447 2594 ὁρμῆς,
3468 2521 3548 2575 διὰ
3562 2521 3677 2574 τοῦτο

2050 2606 2271 2678 διηνεκῆ
2312 2610 2618 2681 ὑπόμνησιν
2657 2611 2839 2676 αὐτοῖς
2880 2610 3079 2674 διδοὺς,
3110 2609 3364 2680 καθάπερ
3397 2608 3571 2679 δεσμῷ
3603 2625 3680 2660 τινι

2052 2696 2340 2766 περιέϐαλε
2368 2697 2447 2768 τῷ
2487 2697 2697 2769 σημείῳ
2726 2697 2825 2768 τῆς
2864 2697 3188 2770 περιτομῆς,
3228 2698 3391 2767 δρους
3422 2697 3589 2758 αὐτοῖς
3614 2696 3681 2748 καὶ

2051 2782 2279 2847 κανόνας
2302 2783 2475 2847 διδοὺς
2506 2784 2580 2856 μὴ
2601 2785 2908 2856 περαιτέρω
2930 2784 3264 2856 προϐαίνειν,
3287 2783 3427 2837 ἀλλὰ
3451 2784 3596 2855 μέχρι
3611 2782 3680 2834 τοῦ

2051 2870 2248 2923 οἰκείου
2283 2870 2467 2935 ἔθνους
2496 2871 2770 2935 ἵστασθαι,
2802 2873 2895 2925 zeal
2935 2871 3207 2943 μηδεμίαν
3239 2871 3523 2941 ἐπιμιξίαν
3552 2871 3679 2922 ποιεῖ·

2053 2954 2175 3009 σθαι
2209 2958 2345 3028 πρὸς
2390 2958 2635 3024 τούτους,
2684 2958 2821 3014 ἀλλά
2868 2958 2964 3012 τοῦ
3010 2957 3354 3030 πατριάρχου
3402 2958 3465 3013 τὸ
3507 2957 3681 3027 σπέρμα

2049 3042 2332 3109 διασώζειν
2366 3045 2585 3115 ἀμιγὲς,
2617 3046 2683 3099 ἵν’
2722 3044 2864 3099 οὑτω
2906 3045 2999 3098 zeal
3032 3046 3100 3099 τὰ
3130 3045 3231 3116 τῆς
3273 3046 3597 3113 ἐπαγγελίας
3629 3047 3683 3103 εἷς

2050 3130 2245 3195 αὑτοὺς
2277 3131 2503 3202 ἐκϐῆναι
2524 3132 2745 3203 δυνηθῇ.
2785 3133 2895 3187 Kal
2931 3132 3183 3204 καθάπερ
3214 3149 3296 3196 τις
3324 3133 3468 3204 ἀνὴρ
3497 3130 3681 3199 σώςρων

2050 3216 2144 3271 zeal
2183 3216 2431 3287 ἐπιεικὴς
2461 3218 2749 3289 παιδίσκην
2770 3219 2908 3289 ἔχων
2940 3219 3258 3285 ἀκόλαστον,
3285 3218 3451 3289 ὅρους
3472 3220 3599 3287 αὑτῇ
3619 3218 3685 3269 καὶ

2050 3302 2280 3366 κανόνας
2308 3304 2506 3372 τίθησι,
2537 3305 2805 3376 μηδέποτε
2839 3303 2943 3370 ἔξω
2975 3306 3261 3374 φαίνεσθαι
3290 3307 3404 3360 τῶν
3440 3304 3684 3376 προθύρωι

2049 3390 2146 3460 τῆς
2168 3390 2364 3456 οἰκίας,
2391 3392 2524 3462 μηδὲ
2548 3394 2659 3455 τοῖς
2684 3393 2942 3464 παριοῦσι
2971 3393 3276 3462 φαίνεσθαι,
3304 3392 3446 3445 ἀλλά
3472 3391 3687 3452 milia;

2048 3478 2144 3531 zeal
2176 3480 2287 3541 τοῖς
2319 3478 2444 3531 ποσὶ
2469 3479 2644 3549 δεσμὰ
2676 3481 3037 3552 περιτίθησιν,
3070 3479 3135 3535 ἶν’
3161 3479 3305 3533 οὑτω
3338 3480 3686 3551 περιγενέσθαι

2048 3562 2250 3636 δυνηθῇ
2282 3566 2380 3636 τῆς
2410 3566 2611 3637 πολλῆς
2643 3567 2956 3630 ἀκολασίας*
2987 3568 3079 3621 τὸν
3114 3568 3276 3621 αὑτὸν
3308 3568 3374 3639 δή
3398 3568 3595 3638 τρόπον
3618 3567 3688 3617 zeal

2047 3653 2076 3705 ό
2116 3651 2494 3723 φιλάνθρωπος
2534 3656 2830 3727 Δεσπότης,
2865 3655 3116 3727 καθάπερ
3144 3656 3324 3727 δεσμά
3362 3656 3547 3718 ποσὶν,
3580 3654 3688 3708 οὔτω

2046 3738 2108 3791 τὸ
2142 3743 2367 3810 σημεῖον
2396 3740 2498 3811 τῆς
2531 3744 2833 3814 περιτομῆς
2870 3746 2935 3815 τῇ
2978 3746 3141 3815 σαρκὶ
3170 3745 3495 3813 ἐναπέθετο,
3522 3745 3602 3797 Eva

2049 3825 2206 3879 κοθεν
2234 3826 2447 3897 ἔχοντες
2484 3829 2810 3901 ὑπόμνησιν,
2847 3832 3043 3901 μηκέτι
3073 3832 3209 3904 μηδὲ
3227 3833 3325 3905 τῆς
3352 3834 3493 3903 παρ’
3526 3833 3689 3901 ἐτέρων

2047 3912 2274 3967 δέωνται
2294 3914 2663 3982 διδασκαλίας.
2703 3916 2841 3971 Ἀλλ’
2864 3919 2913 3970 οί
2934 3918 3247 3990 ἀγνώμονες
3282 3921 3377 3973 zeal
3404 3919 3687 3987 ἀναίσθητα

2061 4001 2302 4057 Ἰουδαῖοι
2339 4004 2434 4057 zeal
2464 4003 2615 4076 παρά
2640 4006 2830 4079 καιρὸν
2852 4007 2946 4061 νῦν
2976 4008 3073 4079 τὴν
3096 4009 3399 4079 περιτομὴν
3430 4010 3691 4079 φυλάσσειν

2049 4087 2348 4157 βούλονται,
2395 4091 2489 4145 zeal
2528 4092 2782 4164 παιδικὴν
2824 4093 3221 4147 ἐπιδείκνυνται
3266 4094 3521 4165 γνώμην.
3572 4094 3697 4153 Τίνος

2048 4175 2157 4248 γάρ
2201 4176 2407 4244 ἕνεκεν,
2453 4178 2573 4232 είπέ
2626 4197 2737 4251 μοι,
2786 4179 2879 4234 νῦν
2928 4181 3351 4253 περιτέμνεσθαι
3406 4182 3697 4253 βούλοντακη

2048 4264 2182 4318 Τότε
2213 4265 2311 4336 μὲν
2351 4267 2479 4337 γὰρ,
2526 4267 2613 4321 ἵνα
2661 4266 2737 4339 μὴ
2772 4269 2884 4331 τοῖς
2916 4268 3253 4340 παρανόμοις
3287 4270 3527 4333 ἐκείνοις
3552 4270 3697 4322 ἔθνεσι

2053 4357 2493 4428 συναναφυρῶσι,
2532 4355 2692 4412 τοῦτο
2738 4358 3108 4430 ἐπετάγησανο
3146 4360 3263 4413 νυνὶ
3284 4360 3342 4413 δὲ
3379 4361 3478 4414 διὰ
3509 4359 3602 4431 τὴν
3627 4356 3697 4411 τοῦ

2046 4442 2182 4496 Θεοῦ
2236 4445 2393 4515 χάριν
2452 4444 2671 4498 πάντων
2733 4444 2869 4516 πρὸς
2925 4444 3023 4516 τὴν
3084 4444 3339 4518 ἀλήθειαν
3397 4446 3502 4500 τοῦ
3553 4446 3694 4517 ςρωτές

2046 4531 2589 4603 χειραγωγηθέντων,
2637 4534 2787 4585 ποῖον
2836 4531 2936 4601 τῆς
2992 4534 3294 4604 περιτομῆς
3342 4534 3584 4603 δφελοςς
3627 4532 3698 4603 Μὴ

2045 4618 2153 4689 γὰρ
2186 4619 2321 4689 πρὸς
2351 4618 2447 4689 τὴν
2484 4618 2585 4688 τῆς
2626 4618 2801 4690 ψυχῆς
2844 4617 3153 4689 ἐλευθερίαν
3189 4637 3241 4673 τι
3278 4621 3647 4691 συμϐάλλεται
3674 4622 3697 4693 ἠγ

2044 4708 2143 4777 τῆς
2186 4707 2385 4776 σαρκὸς
2433 4707 2722 4775 ἀπόθεσις;
2767 4706 2881 4760 Οὑκ
2919 4707 3157 4777 ὴκουσαν
3204 4707 3392 4777 σαφῶς
3444 4708 3545 4761 τοῦ
3587 4698 3697 4759 Θεαίἶ

2044 4792 2310 4861 λέγοντος,
2349 4794 2461 4848 Kal
2502 4794 2671 4849 ἔσται
2706 4794 2778 4847 ἐν
2815 4795 3042 4863 σημείῳ
3078 4794 3389 4863 διαθήκης,
3437 4796 3698 4867 μονονουχὶ

2043 4878 2369 4946 δεικνύντος,
2435 4883 2515 4934 ὅτι
2584 4880 2671 4934 διὰ
2725 4880 2821 4952 τὴν
2882 4880 3081 4952 πολλὴν
3148 4882 3327 4937 αὑτῶν
3391 4883 3697 4953 ἀγνωμοτᾲ-

2043 4983 2141 5038 νην
2196 4966 2291 5020 τοῦ
2338 4970 2566 5039 σημείου
2609 4968 2942 5040 ἐδεήθησαν;
2979 4968 3133 5023 Οὕτω
3188 4968 3297 5041 γάρ
3344 4970 3445 5024 καὶ
3485 4972 3581 5024 ἐπὶ
3618 4970 3698 5021 τιέίδ

2042 5054 2398 5131 ἀνθρωπίνων
2456 5056 2715 5120 πολλάκις
2762 5056 2971 5125 γίνεται
3041 5059 3402 5128 πραγμάτιον.
3475 5057 3698 5111 Ἐπειῶ

2045 5142 2119 5214 μὴ
2155 5143 2444 5215 θαρρῶμεν
2487 5162 2615 5207 τισι,
2653 5148 2876 5216 σημεῖον
2918 5146 3175 5216 ἐνεχύρου
3219 5147 3378 5217 χάριν
3418 5146 3698 5217 λαμϐάνειν

2042 5234 2168 5303 παρ’
2212 5234 2390 5286 αὐτῶν
2433 5232 2838 5305 σπουδάζομεν*
2872 5234 3016 5287 οὕτω
3050 5235 3144 5288 zeal
3178 5235 3205 5285 ό
3247 5236 3357 5290 τῶν
3402 5236 3559 5289 ὅλων
3594 5234 3698 5293 εεδς

2041 5318 2196 5382 εἰδὼς
2218 5318 2395 5375 αὑτῶν
2420 5322 2516 5391 τῆς
2541 5320 2769 5392 γνώμης
2796 5321 2893 5391 τὴν
2920 5321 3192 5384 εὐκολίαν,
3216 5322 3277 5374 τὸ
3310 5326 3550 5393 σημεῖον
3569 5322 3698 5376 τοῦτα

2041 5407 2169 5475 παρ’
2224 5407 2403 5460 αὐτῶν
2445 5408 2744 5479 ἀπαιτῆσαι
2784 5407 3125 5471 κατεδέξατο,
3175 5407 3273 5478 οὑχ
3315 5409 3401 5461 ἵνα
3450 5408 3698 5477 διηνεκῶς

2043 5493 2178 5564 μένῃ
2223 5494 2285 5546 τὸ
2315 5497 2542 5565 σημεῖον
2569 5495 2749 5559 τοῦτο,
2790 5494 2904 5547 ἀλλ’
2934 5495 3020 5547 ἵνα
3043 5494 3150 5547 τῶν
3181 5495 3300 5547 τότε
3330 5494 3487 5558 τέλος
3520 5494 3698 5565 λαμεω

2040 5585 2239 5637 νόντων
2259 5587 2353 5639 καὶ
2375 5588 2409 5657 ή
2434 5585 2528 5639 τοῦ
2552 5588 2778 5657 σημείου
2810 5586 2969 5658 χρεία
2994 5585 3338 5657 περιαιρεθῇ.
3361 5586 3591 5657 Ὥσπερ
3616 5586 3698 5653 γὰρ

2039 5672 2164 5725 ὃταν
2194 5673 2419 5744 σημεῖόν
2462 5691 2605 5738 τινες
2635 5674 2933 5739 ἀπαιτῶσι,
2985 5674 3080 5729 zeal
3123 5672 3373 5745 ἐνέχυρον
3412 5673 3698 5745 βούλωνται

2045 5821 2265 5949 milia;
2278 5825 2526 5938 Wululum
2544 5826 2730 5875 variant
2746 5828 2794 5875 in
2817 5824 3114 5875 editionibus
3138 5822 3285 5875 τῶνο
3299 5825 3324 5873 ’.
3344 5824 3394 5874 V.
3406 5824 3560 5884 pmr.
3584 5822 3698 5871 Tomi

2191 5920 2205 5944 ,
2337 5922 2352 5936 .

2082 5897 2205 5945 υιυε,
2231 5897 2258 5945 ε
2278 5897 2352 5938 Iv.
