3792 6258
51 285 148 344 385
1070 298 1140 356 ΙΝ
1175 300 1326 362 CAP.
1365 298 1529 363 XVII.
1557 302 1802 365 GENES.
1843 305 2074 370 HOMIL.
2115 315 2360 378 XXXIX.

48 401 202 459 modo
226 411 282 460 et
311 404 621 476 patriarchae
655 423 848 467 nomen
877 423 1123 484 parentes
1152 416 1488 486 indiderant,
1514 431 1626 476 sta-

48 496 132 549 tim
157 495 226 550 ab
251 496 401 559 initio
439 498 770 558 declarantes
793 504 965 574 ipsum
1006 510 1340 578 peregrinum
1382 509 1533 579 fore,
1571 521 1626 568 et

3215 348 3317 407 366

1733 431 1818 479 tur
1855 427 1906 482 in
1936 429 2202 506 Egypto,
2233 442 2692 511 circumcisionem
2721 497 2734 523 ,
2763 459 2899 532 signi
2941 468 3142 536 gratia,
3169 471 3316 543 justo

48 588 387 643 transiturum
418 589 615 647 ﬂumen
641 634 657 660 ,
699 602 756 648 ut
808 595 862 650 in
902 604 1098 653 terram
1122 600 1350 655 alienam
1391 604 1617 658 veniret.

47 677 298 743 Quoniam
331 679 519 749 igitur,
551 683 756 751 inquit,
790 700 984 742 nomen
1009 703 1040 742 a
1081 691 1387 758 parentibus
1417 692 1508 746 tibi
1539 693 1622 746 in-

46 770 202 823 ditum
233 769 361 825 illud
391 773 847 845 praesignificavit,
880 786 932 833 te
978 779 1100 835 inde
1127 780 1231 837 huc
1276 783 1616 839 transiturum

45 875 153 914 esse
182 878 195 914 :
225 863 412 931 accipe
433 875 488 918 et
516 865 672 920 unius
701 868 950 924 elementi
993 871 1315 928 additionem
1335 914 1351 942 ,
1384 885 1441 929 ut
1476 877 1616 932 scias

46 951 136 1003 hoc
158 951 247 1004 tibi
279 951 560 1020 declarari,
593 965 645 1011 te
670 958 954 1014 multarum
976 964 1212 1031 gentium
1242 964 1354 1021 fore
1385 977 1614 1036 patrem.

45 1041 102 1096 Et
129 1043 248 1098 vide
294 1059 450 1115 quam
499 1059 746 1106 accurate
790 1052 859 1107 sit
894 1053 1161 1128 loquutus.
1189 1056 1304 1112 Non
1335 1059 1466 1116 dixit
1493 1076 1614 1116 om-

42 1136 171 1188 nium
219 1139 493 1206 gentium,
547 1141 641 1196 sed
695 1142 976 1200 Multarum
1025 1150 1290 1219 gentium:
1319 1167 1440 1206 nam
1490 1153 1612 1223 quia

43 1236 180 1280 erant
205 1237 259 1281 et
299 1229 419 1284 aliae
452 1240 638 1300 gentes
665 1234 788 1290 inde
813 1238 1165 1306 expellendm,
1193 1253 1247 1295 ut
1277 1257 1458 1298 semen
1481 1244 1610 1313 justi

43 1319 380 1377 hereditatem
421 1325 718 1394 acciperet,
743 1327 863 1384 ideo
893 1330 1054 1398 dicit,
1081 1331 1290 1388 Patrem
1335 1337 1608 1392 multarum

44 1415 246 1482 genium
274 1417 510 1470 constitui
537 1427 605 1473 te.
632 1419 849 1487 Sciens,
885 1422 1086 1493 inquit,
1128 1434 1230 1481 tua:
1261 1429 1466 1485 virtutis
1492 1445 1607 1484 ma-

42 1506 351 1574 gnitudinem
376 1549 392 1575 ,
420 1511 704 1566 multarum
735 1515 968 1584 gentium
999 1516 1271 1572 doctorem
1306 1533 1355 1575 te
1375 1520 1561 1578 faciam
1587 1563 1603 1588 ,

42 1597 98 1651 Et
123 1615 341 1653 crescere
371 1610 418 1656 te
445 1602 633 1670 faciam
662 1620 722 1658 ac
763 1607 1091 1677 multiplicari
1134 1611 1311 1678 valde,
1342 1614 1488 1668 valde
1515 1630 1534 1668 :
1559 1624 1604 1668 et

42 1705 205 1756 ponam
229 1699 274 1744 te
293 1690 348 1744 in
375 1703 544 1762 gentes
565 1736 580 1760 ,
603 1705 649 1748 et
673 1711 812 1767 reges
839 1713 903 1750 ea:
931 1707 977 1751 te
1008 1700 1342 1770 egredientnr.
1373 1703 1450 1758 Ne
1481 1720 1603 1771 per-

42 1782 280 1838 functorie
311 1794 644 1842 transeamus
661 1803 778 1859 quae
803 1790 1069 1857 dicuntur,
1088 1793 1440 1851 dilectissimi.
1468 1797 1601 1854 Nam

42 1873 75 1924 si
98 1874 500 1942 cogitaverimus
541 1879 860 1947 patriarcha:
886 1891 1097 1938 aetatem
1122 1924 1139 1950 ,
1167 1895 1220 1940 et
1243 1901 1362 1941 eum
1402 1887 1518 1944 hate
1546 1891 1600 1946 in

42 1975 254 2021 extrema
284 1980 501 2024 senecta
527 1972 741 2027 audisse
763 2013 779 2039 ,
823 1973 1259 2046 obstupescemus
1274 1979 1405 2048 justi
1432 1981 1600 2038 virtu-

42 2066 147 2122 tem,
177 2067 229 2112 et
255 2058 470 2130 benigni
507 2061 600 2117 Dei
626 2064 874 2120 eximiam
906 2067 1195 2135 potentiam
1225 2086 1238 2122 :
1271 2070 1391 2139 quia
1413 2086 1480 2128 ex
1509 2072 1601 2128 ho-

42 2149 160 2203 mine
205 2152 594 2220 propemodum
645 2165 884 2224 mortuo,
942 2167 998 2214 et
1042 2160 1297 2217 membris
1324 2163 1593 2231 invalido,

42 2239 107 2306 qui
146 2248 196 2293 et
231 2241 470 2312 quotidie
515 2255 739 2301 mortem
767 2262 874 2316 pra:
916 2249 1086 2306 oculis
1113 2251 1514 2322 imaginabatur,
1543 2257 1593 2310 in

42 2336 213 2386 tantum
239 2343 455 2388 auctum
480 2334 542 2388 iri
566 2336 879 2406 signiﬁcavit
903 2353 1085 2396 semen
1106 2383 1121 2406 .
1151 2349 1210 2396 ut
1236 2352 1291 2398 et
1320 2344 1371 2397 in
1402 2346 1594 2401 multas

42 2432 196 2490 gentes
220 2425 414 2491 exiret;
438 2441 612 2496 neque
635 2427 686 2482 id
713 2429 910 2497 solum,
939 2431 1033 2487 sed
1062 2433 1222 2488 etiam
1250 2449 1405 2505 reges
1433 2451 1496 2491 ex
1527 2452 1592 2492 eo

42 2511 410 2580 egrederentur.
472 2516 661 2572 Vidisti
729 2522 1099 2589 promissionis
1158 2524 1592 2582 incrementum?

42 2601 219 2656 Faciam
261 2614 306 2660 te
336 2624 556 2664 crescere
577 2651 592 2673 ,
626 2611 832 2682 inquit,
864 2613 1010 2668 valde
1031 2656 1046 2682 ,
1077 2616 1241 2671 valde.
1274 2617 1590 2688 Daplicatio-

42 2709 135 2750 item
156 2696 305 2766 hujus
333 2698 574 2756 adverbii
601 2717 704 2756 non
734 2702 925 2758 frustra
955 2705 1150 2775 adjecit
1175 2750 1190 2775 ,
1218 2709 1312 2763 sed
1341 2721 1397 2764 ut
1421 2711 1587 2780 signi-

42 2787 218 2844 ﬁcetex
241 2791 390 2856 justo
433 2792 624 2847 miram
668 2794 1056 2853 multitudinem
1085 2801 1402 2855 exeuudam.
1446 2803 1589 2871 Quo-

42 2878 147 2932 niam
177 2881 331 2950 igitur
351 2897 447 2951 per
465 2883 711 2939 elementi
732 2887 1078 2958 additionem,
1098 2895 1246 2962 quasi
1270 2894 1322 2948 in
1339 2895 1586 2952 columna

42 2969 226 3035 pandam
250 3013 265 3037 ,
297 2972 638 3030 indelebilem
660 2980 1064 3045 promissionem
1095 2984 1143 3038 ei
1166 2985 1450 3056 inscripsit,
1482 2987 1583 3044 ite-

42 3075 124 3113 'um
148 3062 266 3117 dicit
301 3083 315 3120 :
351 3066 403 3118 7.
435 3065 502 3120 Et
528 3077 745 3122 statuam
771 3081 1117 3127 testamentum
1158 3093 1323 3130 meum
1346 3081 1476 3132 inter
1500 3089 1581 3148 te,

42 3161 67 3202 et
99 3153 214 3208 inter
235 3173 406 3212 semen
432 3170 571 3213 tuum
616 3172 725 3231 post
754 3171 801 3217 te
840 3165 893 3217 in
931 3168 1274 3236 generationes
1302 3187 1502 3239 eorum,
1528 3175 1582 3227 in

42 3253 346 3302 testamentum
391 3253 746 3322 sempiternum
767 3292 781 3321 ,
813 3266 866 3308 ut
909 3257 1002 3310 sint
1031 3257 1166 3313 Deus
1195 3269 1326 3316 tuus.
1351 3261 1465 3318 Non
1489 3278 1581 3318 so-

42 3352 118 3390 lum
141 3353 256 3409 erga
288 3350 342 3397 te
383 3358 630 3413 magnam
667 3345 952 3403 declarabo
978 3351 1363 3420 providentiam
1405 3363 1460 3409 et
1482 3369 1579 3410 cu-

42 3443 138 3495 am,
159 3432 246 3487 sed
271 3444 326 3489 et
353 3449 476 3506 erga
503 3451 687 3492 semen
717 3448 860 3493 tuum
883 3481 898 3505 ,
938 3451 991 3495 et
1015 3453 1134 3512 post
1159 3452 1302 3500 tuam
1326 3455 1577 3505 mortem.

42 3517 135 3575 l'ide
161 3525 426 3593 quomodo
446 3537 650 3582 recreet
672 3530 904 3586 animam
921 3531 1069 3602 justi,
1101 3537 1416 3604 promittens
1438 3539 1487 3594 ei
1518 3555 1579 3596 se

42 3613 214 3668 seminis
246 3632 461 3688 quoque
508 3620 625 3689 ejus
660 3623 876 3680 multam
930 3640 1109 3681 curam
1153 3627 1476 3685 habiturum.
1508 3631 1578 3687 Et

42 3718 121 3772 tua:
145 3710 300 3764 virtus
345 3716 686 3770 testamenti?
719 3717 786 3772 Ut
811 3720 909 3772 sim
932 3719 1070 3775 Deus
1101 3732 1216 3777 tuus
1237 3763 1254 3789 ,
1296 3723 1502 3792 inquit,
1529 3733 1576 3778 et

42 3800 198 3854 trutinis
243 3805 316 3856 tui
362 3816 476 3874 post
501 3814 565 3860 te.
592 3807 702 3863 Hoc
736 3811 878 3865 enim
906 3812 1008 3868 erit
1036 3812 1126 3868 tibi
1155 3821 1208 3868 et
1249 3815 1438 3868 semini
1482 3825 1574 3870 tuo

42 3902 153 3958 :aput
195 3894 476 3953 honorum.
522 3901 575 3955 8.
606 3901 670 3954 Et
702 3903 832 3959 dabo
861 3905 948 3958 tibi
973 3915 1021 3960 et
1070 3907 1247 3961 semini
1272 3917 1357 3961 tuo
1385 3918 1497 3977 post
1527 3919 1574 3962 te

42 3996 176 4036 errant
201 3986 250 4039 in
275 4005 378 4058 qua
407 3993 698 4062 peregrinus
726 4011 778 4048 es
801 4036 816 4061 ,
848 4013 1044 4051 onmem
1077 4008 1262 4052 terram
1287 3999 1531 4054 Chanaan
1551 4040 1568 4066 ,

42 4090 65 4124 tt
87 4081 431 4143 possessionem
455 4089 834 4155 sempiternam;
860 4099 905 4142 et
936 4107 1020 4144 cro
1048 4107 1220 4146 eorum
1248 4091 1403 4147 Deus.
1443 4093 1571 4148 Pro-

43 4174 118 4221 iter
140 4179 270 4226 tuam
293 4216 309 4240 ,
347 4175 550 4246 inquit,
579 4179 825 4235 virtutem
859 4184 1052 4249 posteri
1079 4200 1290 4254 quoqtte
1329 4187 1400 4240 tui
1453 4202 1568 4242 mea

42 4255 228 4315 ‘ruentur
269 4267 604 4334 providentia
631 4310 646 4333 ,
674 4280 728 4326 et
765 4271 905 4328 dabo
952 4274 1031 4330 eis
1082 4275 1132 4330 in
1175 4279 1566 4346 possessionem

42 4356 239 4405 sternam
269 4363 468 4410 terram
496 4356 767 4426 Chanaan,
791 4361 860 4415 Et
885 4379 971 4418 ero
1000 4381 1171 4419 eorum
1192 4363 1330 4423 Deus
1359 4369 1398 4420 ¹.
1427 4368 1566 4435 Quid

45 4447 109 4501 st,
135 4440 192 4494 Et
216 4460 298 4499 ero
329 4462 502 4500 eorum
535 4448 711 4504 Deus?
739 4451 853 4508 Hoc
883 4463 994 4519 est,
1018 4454 1234 4509 Multam
1267 4473 1352 4513 me
1377 4473 1563 4514 eorum

45 4541 170 4583 uram
215 4543 267 4588 et
295 4538 682 4605 providentiam
723 4541 919 4598 habere
947 4547 1223 4601 ostendam
1245 4589 1259 4614 ,
1289 4557 1341 4603 et
1388 4565 1564 4607 meum

42 4624 301 4681 aomnibus
343 4628 638 4687 subsidium
670 4633 772 4689 illis
802 4637 1085 4704 praestabo.
1117 4638 1342 4695 Tantum
1398 4644 1450 4697 9.
1488 4643 1564 4698 Tu

42 4721 331 4772 estamentum
375 4738 539 4776 meum
577 4725 781 4779 observa
804 4769 820 4794 ,
850 4738 898 4782 et
929 4746 1094 4784 semen
1121 4742 1257 4787 tuum
1290 4747 1402 4804 post
1433 4747 1479 4791 te
1511 4738 1563 4794 in

45 4808 383 4866 enerationibus
426 4831 620 4868 eorum.
666 4816 810 4872 Nihil
853 4820 996 4876 aliud
1044 4838 1073 4877 a
1106 4825 1254 4880 vobis
1304 4831 1557 4899 requiro,

42 4910 145 4952 nam
168 4901 516 4962 obedientiam
558 4921 834 4980 gratumve
859 4915 1093 4970 animum
1120 4960 1134 4984 ,
1167 4928 1220 4975 et
1245 4936 1342 4992 ego
1381 4925 1558 4980 omnia

49 5001 325 5066 "tecumque
345 5001 609 5070 pollicitus
632 5019 750 5060 sum
777 5023 937 5078 opere
970 5013 1269 5081 complebo.

70 5081 113 5134 4.
135 5085 344 5160 Insuper
369 5094 552 5150 volens
578 5112 671 5153 eos
710 5101 796 5169 qui
827 5116 893 5156 ex
924 5102 1041 5172 ipso
1083 5109 1335 5165 nascituri
1371 5122 1554 5182 erant,

42 5175 298 5238 eculiarem
335 5200 489 5242 suum
540 5188 716 5246 facere
756 5194 1007 5264 populum
1037 5215 1050 5252 :
1079 5208 1136 5253 ut
1184 5211 1365 5270 postea
1391 5245 1406 5270 ,
1432 5220 1555 5262 cum

42 5267 256 5327 tultitudo
308 5289 710 5349 prepagaretur.
749 5299 854 5340 non
886 5301 946 5340 se
980 5267 1222 5358 gentibus
1257 5294 1361 5348 illis
1383 5267 1401 5358 ,ν
1425 5312 1556 5366 qua-

42 5372 105 5412 nm
132 5361 472 5424 hereditatem
496 5382 818 5442 occupatura
838 5387 952 5432 erat
976 5419 990 5442 ,
1022 5383 1396 5440 commisceret
1425 5361 1550 5445 :vin-

42 5460 274 5521 uperque,
320 5461 442 5528 quia
494 5464 787 5521 secundum
841 5469 1241 5536 przcdictionem
1295 5491 1444 5531 suam
1494 5480 1548 5534 in

42 5534 208 5611 Egypto
230 5552 472 5609 servituri
497 5565 670 5623 crant;
698 5568 752 5613 ut
781 5575 849 5616 ne
872 5564 1115 5630 gentibus
1134 5571 1548 5627 commisceren-

60 5692 70 5721 ¹
93 5693 136 5744 lu
159 5698 320 5754 llihliis
335 5706 529 5774 legitur,
553 5719 597 5764 el
611 5715 779 5768 crocis
801 5714 850 5768 in
876 5725 1044 5771 Deum.

1730 520 1969 589 praecipit
2014 534 2068 580 et
2106 528 2316 599 inquit:
2353 537 2436 593 10.
2467 539 2584 598 Hoc
2627 520 3098 614 est—teslame‘ntum

3086 613 3092 614 ,
3180 613 3311 634 1w-"

1728 613 1946 668 servabis
1971 617 2099 672 inter
2117 638 2196 676 me
2228 636 2274 680 et
2301 645 2407 698 vos,
2429 643 2474 687 et
2502 636 2637 693 inter
2661 658 2827 699 semen
2859 659 3002 705 tuum
3025 667 3140 722 post
3167 669 3216 714 te
3253 665 3311 718 in

1725 708 2131 770 generationibus
2175 717 2395 778 illorum.
2448 724 2847 791 Circumcidetur
2889 743 2941 797 in
2981 746 3117 804 vobis
3158 767 3313 808 omne

1724 795 2079 854 masculinum.
2116 805 2138 858 1
2153 806 2201 860 1.
2232 809 2607 876 Circumcidetis
2634 841 2836 884 carnem
2865 841 3098 905 prteputii
3129 847 3299 904 vestri.

1727 880 1816 905 “-2
1826 901 1850 905 Α
1867 886 1890 905 -Ι
1905 903 1916 905 -
2005 899 2015 905 ·
2081 892 2093 905 ¹

2901 880 2968 890 ..ν
3011 880 3098 894 ...κ
3131 880 3299 904 νην..

1724 880 1925 942 Deinde
1964 899 2019 944 ut
2061 892 2247 953 doceat
2287 912 2341 957 et
2367 905 2486 963 illos
2532 921 2588 967 et
2628 931 2812 975 omnes
2855 880 3170 999 nosfquare
3201 935 3302 994 hoc

1720 983 2052 1050 praeceperit,
2081 995 2135 1043 et
2158 1003 2217 1045 se
2247 1008 2354 1050 non
2385 999 2604 1060 alterius
2626 1011 2922 1085 cujuspiam
2953 983 3117 1089 gratia
3148 1027 3198 1083 id
3229 1029 3301 1084 fa-

1719 1081 1841 1123 cere
1861 1111 1874 1136 ,
1899 1087 2057 1142 quam
2087 1088 2146 1133 ut
2183 1096 2326 1140 esset
2352 1091 2649 1162 assignatus
2675 1109 2730 1155 et
2754 1081 2852 1160 sibi
2877 1081 3183 1182 segregatus
3205 1136 3300 1188 po-

1719 1163 1871 1188 ιιι-1....
1924 1166 1971 1188 2..
1987 1170 2088 1188 __.!.
2175 1173 2231 1188 re.
2319 1179 2330 1188 .
2379 1183 2390 1188 -
2483 1185 2494 1188 _

1717 1163 1894 1229 pulus,
1922 1166 2092 1239 inquit
2115 1214 2130 1236 ,
2164 1173 2232 1228 Et
2259 1179 2351 1233 erit
2372 1183 2423 1236 in
2446 1185 2646 1256 signum
2675 1163 2966 1254 testamenti
2980 1163 3110 1260 inter
3146 1163 3224 1264 me
3251 1222 3300 1267 et

1715 1267 1822 1309 vos.
1864 1255 1931 1312 Et
1960 1273 2140 1328 postea
2186 1271 2345 1325 etiam
2371 1274 2437 1328 de
2469 1255 2708 1350 tempore
2732 1286 2989 1359 imperat,
3021 1312 3127 1367 quo
3168 1317 3296 1359 con-

1714 1348 1893 1404 veniat
1917 1351 2020 1409 hoc
2043 1355 2177 1411 ﬁeri.
2209 1361 2295 1415 12.
2322 1363 2534 1424 Puellus
2554 1348 2708 1442 enim,
2735 1348 2936 1450 inquit,
2963 1348 3074 1442 celo
3100 1391 3294 1449 dierum

1711 1439 2095 1502 circumcidetur
2109 1451 2262 1519 vobis,
2285 1467 2333 1509 et
2359 1465 2653 1521 vernaculus
2673 1507 2690 1533 ,
2715 1481 2762 1523 et
2783 1477 3041 1544 emptitius
3067 1496 3086 1536 :
3114 1494 3160 1538 et
3185 1503 3294 1540 ont-

1712 1549 1800 1588 nes
1823 1536 1876 1590 in
1899 1554 2120 1610 summa,
2150 1557 2206 1601 ut
2232 1549 2302 1603 ita
2328 1553 2494 1609 dicam
2518 1599 2530 1619 ,
2553 1563 2641 1630 qui
2666 1567 2806 1634 apud
2831 1586 2915 1625 vos
2940 1585 3075 1642 sunt,
3103 1578 3197 1633 hoc
3221 1585 3292 1635 si-

1708 1640 1864 1694 gnum
1906 1633 2197 1702 suscipient.
2224 1639 2310 1694 14.
2341 1641 2407 1697 Et
2437 1648 2662 1719 quisquis
2687 1671 2788 1711 non
2831 1633 3213 1724 circumcidetur
3236 1672 3290 1727 in

1708 1716 1789 1771 die
1841 1722 2105 1780 constituto
2128 1770 2144 1796 ,
2189 1731 2427 1800 perdatur
2471 1755 2490 1792 :
2539 1743 2660 1811 quia
2718 1756 3067 1810 testamentum
3120 1777 3286 1818 meum

1707 1807 2009 1886 dissipavit;
2057 1821 2180 1891 quia
2231 1807 2591 1901 transgressus
2638 1849 2760 1909 est,
2813 1807 3282 1923 inquitfpt‘gg;

1705 1909 1874 1969 ptum.

1735 1995 1837 2096 Citt-
1848 2001 2472 2076 circumcisionemludteis
2489 2021 2779 2090 imposuerit
2792 2022 2950 2082 Deus.
2958 2032 3281 2096 Circumcisio

1702 2084 1832 2140 nihil
1854 2091 2038 2147 anima:
2063 2102 2256 2169 confert
2280 2102 2416 2158 boni.
2437 2137 2509 2148 —-
2540 2084 2672 2169 vide
2701 2084 3277 2197 sapientiam

1700 2180 1966 2241 quomodo
1982 2198 2103 2241 cum
2120 2191 2281 2248 sciret
2294 2195 2630 2266 imperlectas
2645 2216 2697 2260 et
2718 2223 2909 2277 pravas
2927 2229 3114 2272 eorum
3129 2235 3283 2277 men-

1701 2275 1781 2323 tes
1804 2270 2023 2342 futuras,
2042 2280 2249 2351 signum
2269 2288 2688 2355 circumcisionis
2707 2305 2855 2371 quasi
2878 2305 3089 2366 frenum
3110 2317 3283 2383 quod-

1701 2357 1814 2383 A-_.
1851 2365 1910 2383 ἓνη
2062 2372 2092 2383 Ἀ
2215 2376 2226 2383 ⁵
2263 2379 2273 2383 ‘
2335 2381 2346 2383 “

1697 2357 1819 2417 dam
1851 2365 2130 2440 imposuit,
2162 2376 2228 2430 ad
2261 2379 2546 2443 indomitos
2567 2357 2753 2449 eorum
2776 2397 3005 2468 impetus
3023 2357 3280 2464 cohiben-

1696 2452 1814 2518 dos,
1842 2467 1897 2512 ut
1924 2477 1989 2517 ne
2008 2467 2251 2532 gentibus
2272 2476 2761 2540 commiscerentur.
2785 2452 2915 2546 Na‘m
2936 2495 3057 2562 quia
3078 2499 3280 2556 sciebat

1695 2558 1880 2603 eorum
1896 2550 2187 2622 lasciviam,
2220 2571 2274 2616 et
2293 2576 2406 2628 eos,
2434 2568 2558 2625 licet
2576 2572 2826 2634 inllnities
2853 2550 3103 2654 monitos,
3129 2599 3186 2644 ut
3205 2591 3278 2646 ab

1694 2634 1877 2695 illicito
1901 2643 2097 2713 impetu
2115 2649 2438 2711 abstinuerant
2457 2699 2472 2724 ,
2503 2661 2810 2724 obedituros
2840 2634 3121 2732 nonesse':
3154 2680 3275 2737 ideo

1692 2726 1816 2784 dato
1840 2732 1918 2787 eis
1935 2749 2190 2806 perpetuo
2208 2749 2526 2816 memoriali,
2555 2753 2735 2823 injecit
2755 2760 2832 2814 eis
2851 2763 3271 2828 circumcisionis

1686 2819 1919 2890 signum,
1951 2830 2100 2896 quasi
2129 2832 2398 2892 vinculum
2426 2819 2712 2912 quoddam,
2743 2819 3271 2932 deditqueeisvieges

1690 2920 1744 2967 et
1769 2916 1996 2984 regulas,
2031 2920 2165 2979 ultra
2191 2941 2326 2995 quas
2353 2935 2578 2990 transire
2606 2941 2684 3014 eis
2713 2957 2819 2997 non
2851 2945 3052 3014 liceret,
3085 2963 3140 3005 ut
3171 2916 3266 3010 sua

1687 3015 1845 3074 gente
1867 3016 2101 3069 contenti
2128 3029 2325 3086 essent,
2355 3032 2411 3077 et
2434 3028 2582 3083 nullo
2603 3033 2764 3089 modo
2789 3050 2911 3093 cum
2938 3044 3183 3111 gentibus
3208 3063 3269 3105 se

1686 3099 2128 3172 commiscerent;
2165 3109 2258 3164 sed
2285 3115 2600 3182 patriarchze
2635 3137 2818 3181 semen
2869 3129 3266 3202 impermixtum

1687 3200 1927 3246 maneret
1954 3203 2010 3248 ut
2037 3196 2114 3252 sic
2142 3208 2197 3255 et
2237 3207 2496 3272 promissa
2537 3211 2589 3267 in
2617 3215 2695 3269 eis
2719 3196 2974 3290 compleri
3024 3240 3265 3295 possent.

1687 3279 1754 3334 Et
1779 3289 2226 3351 quemadmodum
2251 3296 2332 3351 vir
2355 3299 2546 3371 aliquis
2575 3279 2874 3379 temperans
2899 3326 2952 3372 et
2985 3279 3141 3389 lenis,
3168 3338 3267 3384 an-

1683 3371 1859 3429 cillam
1903 3376 2106 3435 habens
2155 3387 2482 3454 petulantem
2508 3437 2522 3458 ,
2557 3371 2812 3458 terminos
2854 3416 2908 3461 et
2952 3371 3160 3480 regula’s
3190 3415 3265 3472 illi

1683 3460 1807 3530 dat,
1834 3482 1900 3522 ne
1942 3485 2189 3541 umquam
2219 3487 2370 3534 extra
2392 3485 2648 3542 vestibula
2681 3493 2923 3564 prodeat,
2946 3460 3116 3573 neque
3141 3520 3262 3564 cum

1682 3567 2122 3627 praetereuntibus
2147 3576 2446 3644 conveniat,
2476 3580 2583 3637 imo
2610 3599 3008 3660 nonnumquam
3029 3567 3262 3663 pedibus

1680 3653 1965 3721 compedes
2000 3658 2180 3728 addit,
2213 3673 2270 3718 ut
2299 3667 2378 3722 sic
2419 3669 2560 3727 illius
2603 3653 3063 3749 intemperantiam
3098 3702 3255 3744 coer-

1679 3756 1801 3799 cere
1827 3747 2000 3804 valeat
2029 3767 2045 3804 :
2073 3751 2142 3808 ita
2171 3765 2225 3810 et
2252 3757 2510 3831 benignus
2541 3747 2795 3828 Dominus
2838 3774 3260 3838 circumcisionis

1679 3833 1884 3904 signum
1925 3841 2069 3895 carni
2094 3858 2277 3900 eorum
2324 3849 2548 3918 indidit,
2571 3859 2721 3926 quasi
2746 3862 2967 3930 pedibus
2987 3868 3255 3927 vinculum

1677 3927 1963 3996 quoddam,
1994 3944 2050 3987 ut
2069 3933 2418 3996 domesticum
2441 3942 2700 4004 habentes
2725 3927 2958 4025 signum,
2987 3973 3094 4016 non
3119 3962 3258 4019 ultra

1677 4016 1915 4076 doctrina
1958 4024 2181 4082 aliorum
2213 4044 2347 4101 opus
2376 4034 2652 4094 haberent.
2681 4016 2838 4113 Διανυί
2866 4016 3056 4117 ingrati
3078 4050 3258 4109 insen-

1676 4110 1885 4180 satique
1930 4113 2100 4172 Judaei
2155 4121 2318 4177 etiam
2370 4141 2547 4194 nunc,
2575 4144 2696 4187 cum
2743 4110 2956 4205 teinpus
2990 4154 3097 4196 non
3139 4153 3254 4210 est,

1675 4203 2134 4265 cit‘cumcisionem
2174 4228 2389 4272 servare
2440 4219 2651 4288 volunt,
2683 4228 3049 4300 puerilemque
3079 4233 3260 4292 decia-

1675 4306 1794 4351 rant
1823 4311 2074 4356 mentem.
2109 4304 2272 4374 Cujus
2301 4309 2442 4365 enim
2467 4312 2543 4367 rei
2563 4316 2732 4384 gratia
2754 4359 2768 4384 ,
2796 4317 2883 4374 dic
2921 4322 3050 4380 mibi
3073 4365 3088 4389 ,
3116 4340 3256 4382 nunc

1674 4388 1976 4447 circumcidi
2007 4395 2231 4450 volunt?
2254 4398 2384 4455 Nam
2439 4411 2562 4459 tunc
2591 4408 2804 4477 quidem
2829 4454 2845 4476 ,
2867 4421 2929 4467 ut
2972 4430 3040 4470 ne
3080 4419 3257 4489 impiis

1672 4479 1775 4536 illis
1799 4486 2044 4554 gentibus
2063 4503 2122 4545 se
2142 4495 2572 4565 commiscerent,
2604 4499 2704 4556 hoc
2730 4503 2780 4556 in
2809 4507 3074 4564 mandatis
3097 4526 3254 4568 acce-

1671 4585 1860 4642 perant
1893 4594 1905 4629 :
1932 4593 2073 4635 nunc
2095 4591 2274 4639 autem
2313 4603 2408 4655 per
2433 4588 2524 4644 Dei
2554 4593 2779 4662 gratiam
2806 4599 3053 4657 omnibus
3081 4605 3148 4659 ad
3176 4606 3257 4660 lu-

1669 4680 1785 4720 cem
1812 4670 2050 4727 veritatis
2074 4674 2316 4732 adductis
2334 4720 2348 4745 ,
2377 4697 2496 4750 quae
2541 4685 2961 4748 circumcisionis
3003 4695 3200 4754 utilitas
3228 4699 3251 4753 ?

1668 4757 1932 4831 Numquid
1973 4765 2038 4818 ad
2069 4768 2263 4824 animae
2289 4771 2583 4832 libertatem
2622 4779 2820 4850 aliquid
2843 4786 3050 4842 confert
3074 4790 3251 4846 carnis

1666 4850 1970 4922 depositio?
1996 4855 2111 4913 Non
2133 4861 2417 4921 audierunt
2439 4869 2718 4927 manifeste
2751 4874 2916 4931 Deum
2937 4877 3202 4936 dicentem
3229 4900 3244 4936 :

1664 4942 1733 4997 Et
1761 4948 1853 5001 erit
1908 4949 1960 5004 in
2007 4951 2207 5023 signum
2237 4961 2560 5015 testamenti:
2595 4965 2743 5032 quasi
2792 4966 3246 5027 demonstrantcm

1664 5035 1809 5104 ipsos
1833 5040 1903 5097 ob
1931 5043 2149 5098 multam
2180 5049 2478 5104 socordiam
2517 5053 2605 5106 tali
2643 5054 2795 5124 signo
2821 5057 3141 5128 indiguisse?
3171 5063 3245 5118 Ita

1663 5129 1804 5184 enim
1834 5141 1889 5186 et
1929 5132 1984 5186 in
2027 5133 2273 5193 humanis
2301 5140 2462 5194 rebus
2507 5157 2902 5215 nonnumquam
2941 5149 3051 5204 ﬁeri
3083 5153 3242 5209 solet.

1662 5219 1884 5287 Quando
1918 5239 2025 5279 non
2055 5225 2310 5284 habemus
2330 5231 2593 5302 aliquibus
2615 5236 2796 5305 iidem,
2818 5253 3065 5298 curamus
3092 5254 3150 5300 ut
3176 5248 3246 5304 ab

1661 5312 1790 5381 ipsis
1826 5313 2034 5386 signum
2083 5319 2318 5394 pignoris
2356 5322 2474 5379 loco
2528 5329 2846 5397 recipiamus
2875 5350 2888 5386 :
2916 5333 3162 5394 similiter
3191 5350 3248 5396 et

1659 5405 1895 5459 omnium
1947 5407 2201 5465 Dominus
2248 5413 2423 5470 sciens
2464 5416 2701 5486 ipsorum
2745 5423 2906 5478 animi
2939 5424 3246 5486 inconstan-

1660 5495 1815 5562 liam,
1849 5498 1951 5554 hoc
1978 5501 2045 5556 ab
2069 5503 2147 5558 eis
2185 5505 2394 5576 signum
2439 5520 2623 5580 petere
2651 5516 2855 5574 voluit:
2882 5533 2989 5575 non
3019 5533 3237 5580 utsem-

1719 5666 1734 5749 ξ
1771 5673 1887 5740 vos.
1924 5674 2276 5749 testamentum:
2310 5669 2388 5720 hic
2427 5672 2632 5749 intelligi
2665 5675 2835 5749 debet.
2854 5685 3047 5743 pactum
3066 5680 3240 5747 fatus,

1654 5729 1790 5793 unus
1811 5731 2003 5794 signum
2026 5737 2078 5782 et
2093 5731 2360 5795 symbolum
2384 5744 2490 5788 erat
2511 5729 2834 5793 circumcisio;
