3792 6322
416 317 658 414 set\

419 470 779 542 pepmll
800 459 1016 530 signum
1040 458 1142 514 hoc
1164 499 1180 525 ,
1199 459 1291 513 sed
1321 469 1377 513 ut
1401 469 1677 529 postquam
1705 460 1919 530 antiqua
1947 457 2036 511 illa

425 551 982 623 ίῑηοηιεααιιρετίηι,
1009 561 1063 605 et
1092 551 1227 621 signi
1259 565 1387 606 usus
1413 550 1703 605 auferatur.
1736 549 1868 604 Nam
1899 550 2039 605 sicut

420 659 510 730 qui
535 657 750 726 signa.
768 653 1053 718 uespetunt
1071 686 1086 709 ,
1113 654 1168 700 et
1188 645 1376 714 pignus
1403 645 1648 714 accipere
1683 644 1887 708 volunt,
1916 657 2037 697 cum

422 747 692 819 negotium
731 741 1055 814 perfectum
1097 735 1291 799 fuerit,
1321 745 1444 789 tunc
1480 746 1534 789 et
1559 736 1767 805 signum
1801 734 1990 788 tollunt
2021 751 2035 788 :

421 844 495 897 ita
515 837 794 894 etiamthic
817 847 954 887 cum
977 871 998 902 ,
1037 837 1098 883 ut
1140 829 1365 899 pepultts
1387 827 1476 882 ille
1507 836 1655 882 ortus
1677 846 1704 881 a
1738 825 2037 897 patriarcha

422 934 743 1003 conspicuus
784 929 955 983 ﬁeret
979 937 1019 991 ,t
1050 923 1258 992 signum
1304 920 1406 976 hoc
1454 921 1591 990 apud
1632 936 1726 975 vos
1751 922 1766 952 ¹
1800 920 2041 974 introdu-

423 1034 573 1080 ctum
589 1023 688 1090 sit;
704 1017 1002 1092 oportebat
1019 1021 1307 1087 postquam
1329 1021 1513 1082 gentes
1536 1012 1639 1066 illae
1665 1021 1886 1082 propter
1906 1026 2038 1081 quas

424 1119 634 1187 signum
667 1111 971 1184 accepistis
995 1153 1011 1178 ,
1048 1107 1249 1180 partim
1281 1105 1473 1161 deleta:
1505 1117 1627 1158 sunt
1654 1147 1668 1170 ,
1699 1104 1888 1174 partim
1917 1114 2037 1173 post

420 1210 547 1265 illos
571 1208 638 1263 ad
668 1207 906 1262 veritatis
928 1204 1113 1258 lucem
1133 1207 1471 1254 acoesserunt
1495 1241 1510 1263 ,
1541 1213 1645 1252 non
1666 1200 1777 1267 jam
1805 1198 2034 1269 amplius

426 1301 658 1372 propria:
686 1296 1040 1368 improbitatis
1086 1290 1348 1348 iudicium
1375 1291 1718 1345 circumferre
1737 1333 1751 1353 ,
1784 1290 1876 1345 sed
1906 1291 2037 1345 libe-

427 1407 519 1448 ros
545 1406 696 1457 esse,
721 1389 884 1444 eLad
915 1388 1206 1458 pristinam
1239 1382 1566 1438 nobilitatem
1599 1382 1794 1437 redire.
1850 1381 2034 1452 Cogita

430 1485 575 1540 enim
626 1483 879 1539 eximium
899 1481 1061 1534 tilium
1092 1474 1460 1549 pat‘riarcham
1485 1517 1500 1542 ,
1533 1477 1843 1546 priusquam
1893 1475 2035 1528 acci-

430 1585 582 1646 peret
611 1573 1035 1631 circumcisionis
1076 1566 1395 1625 mandatum
1439 1567 1752 1637 (nonaginta
1801 1567 1942 1622 enim
1979 1575 2033 1621 et

428 1685 621 1726 novem
647 1681 908 1722 annorum
935 1673 1052 1720 erat
1079 1659 1301 1734 quando
1346 1660 1448 1714 hoc
1476 1660 1523 1715 ei
1553 1668 1875 1728 praeceptum
1905 1658 2027 1728 est),

429 1758 1043 1831 acceptum'fuissetDeo,
1072 1764 1128 1810 et
1151 1751 1460 1810 sexcenties
1483 1767 1512 1805 a
1545 1751 1768 1805 Domino
1795 1749 2033 1806 celebra-

418 1867 561 1909 .tnm.
591 1854 656 1908 Et
671 1850 1126 1922 quiapropediem
1147 1846 1532 1920 promissiones
1549 1854 1702 1900 erant
1724 1844 2027 1916 implendas,

420 1945 838 2014 .nasciturusque
863 1943 1050 2009 lsaac,
1073 1949 1129 1995 ct
1155 1936 1460 2011 augendum
1489 1953 1656 2007 genus
1675 1978 1691 2002 ,
1723 1948 1776 1992 et
1806 1937 2028 2007 patriar-

413 2036 544 2092 cha:
584 2034 952 2106 emigrandnm
986 2042 1117 2088 σει-ιιι
1144 2047 1211 2087 ex
1239 2030 1342 2085 hac
1374 2029 1480 2084 vita
1503 2067 1518 2095 ,
1550 2039 1673 2083 tunc
1699 2030 1910 2083 demum
1938 2044 2030 2084 ac-

409 2130 555 2199 ~cipit
584 2129 893 2182 mandatum
941 2122 1371 2182 circumcisionis
1392 2164 1408 2188 ,
1440 2130 1494 2176 et
1517 2121 1573 2175 in
1600 2121 1689 2175 tali
1715 2129 1875 2176 :etate
1917 2122 2028 2176 cir-

408 2219 770 2284 cumciditur,
792 2227 849 2272 ut
875 2217 1103 2288 postem
1125 2215 1372 2270 omnibus
1401 2213 1484 2268 les
1507 2211 1750 2282 quadam
1768 2222 1822 2269 et
1845 2213 2028 2285 regula

412 2311 626 2367 .tierent
649 2325 712 2365 ea
742 2324 863 2380 quae
894 2306 1190 2378 patriarcha
1221 2306 1367 2376 prior
1391 2303 1612 2360 fecerat.

503 2403 574 2457 5.-
593 2397 764 2456 Etvut
809 2399 1086 2456 evidenter
1108 2397 1336 2453 discatis
1362 2439 1377 2465 ,
1408 2396 1628 2465 dilecti,
1657 2396 1760 2452 hoc
1803 2397 1936 2452 nihil
1962 2397 2028 2452 ad

415 2493 624 2548 animae
645 2493 894 2547 virtutem
907 2490 1233 2555 conducere,
1255 2503 1322 2543 ex
1341 2488 1406 2543 iis
1421 2503 1540 2558 quae
1565 2487 1704 2544 facta
1720 2499 1842 2543 sunt
1861 2489 2031 2543 vid-eri

430 2593 626 2656 potest.
652 2585 920 2640 Cur-enim
942 2583 1188 2650 aitgﬂcto
1211 2583 1405 2636 dierum
1425 2582 1596 2655 infans
1623 2582 2034 2638 circumeidetur.’

431 2677 666 2749 Tempus
683 2676 960 2732 definitum
982 2690 1151 2732 ossea
1169 2675 1401 2746 benigno
1420 2675 1528 2730 Deo
1547 2674 1755 2730 duabus
1773 2675 1841 2731 de
1855 2676 2030 2732 causis

433 2772 630 2841 opinor
657 2786 805 2826 :-una
830 2812 844 2835 ,
875 2770 1016 2824 tit-in
1041 2779 1205 2825 artato
1235 2768 1513 2824 immatura
1557 2768 1765 2824 facilius
1793 2784 2025 2826 circum-

417 2863 650 2919 cisionis
685 2863 736 2918 in
766 2877 928 2918 carne
953 2861 1257 2917 molestiam
1299 2859 1441 2917 ferre
1469 2870 1681 2930 posset;
1711 2862 1814 2915 alia
1855 2870 1911 2914 ttt
1935 2876 2025 2917 re-

433 2954 534 3009 bus
563 2953 693 3025 ipsis
727 2953 1136 3011 disceremusaid
1163 2953 1359 3007 anima:
1387 2951 1519 3007 nihil
1560 2952 1887 3019 conducere,
1931 2954 2024 3009 sed

427 3044 536 3100 hoc
565 3045 677 3100 fieri
705 3045 840 3116 signi
870 3046 1055 3117 gratia.
1090 3045 1228 3100 Puer
1248 3045 1394 3099 enim
1426 3044 1740 3100 inunaturus
1761 3088 1775 3111 ,
1808 3061 1930 3100 cum
1960 3063 2024 3102 ea

435 3155 556 3208 qua:
584 3138 717 3193 fiunt
747 3140 976 3208 ignorat,
1003 3154 1176 3206 neque
1202 3153 1416 3193 sensum
1445 3153 1629 3192 eorum
1655 3137 1835 3202 habet,
1867 3155 2026 3209 quam

435 3228 562 3285 inde
604 3230 654 3283 in
697 3231 872 3284 anima
917 3245 1009 3283 sua
1051 3230 1328 3283 utiiitatem
1371 3232 1613 3298 accipere
1655 3229 1894 3300 poterit?
1933 3229 2025 3285 illa

423 3322 578 3376 enim
613 3329 740 3376 sunt
767 3320 1054 3375 vere'boua
1078 3335 1244 3388 opera
1275 3319 1467 3374 animae
1486 3361 1499 3384 ,
1533 3334 1650 3389 qua:
1679 3335 1744 3374 ex
1770 3320 2027 3376 electione

438 3416 590 3467 fiunt.
620 3411 836 3466 Animze
855 3412 996 3467 enim
1020 3412 1216 3465 bonum
1244 3426 1378 3480 opus
1407 3421 1490 3466 est
1520 3411 1763 3466 virtutem
1793 3412 1988 3482 eligere
2009 3454 2024 3477 ,

423 3513 492 3559 et
513 3502 765 3556 malitiam
789 3500 1001 3574 fugere;
1025 3503 1217 3556 animae
1234 3500 1435 3556 bonum
1458 3518 1589 3572 opus
1610 3513 1710 3569 est,
1735 3520 1839 3557 non
1868 3503 2028 3558 modo

438 3610 544 3649 non
577 3595 725 3665 plura
749 3609 906 3665 quam
937 3603 1150 3664 oportet
1169 3595 1557 3664 concupiscere
1581 3636 1596 3661 ,
1630 3594 1722 3649 sed
1759 3595 1917 3649 etiam
1944 3594 2026 3650 fa-

431 3686 661 3741 cultates
701 3686 935 3742 tribuere
979 3684 1380 3754 indigentibus;
1428 3685 1623 3740 anima:
1661 3685 1856 3739 bonum
1896 3701 2028 3756 opus

434 3787 516 3832 est
539 3818 555 3843 ,
589 3793 695 3832 non
720 3776 988 3832 addictum
1027 3791 1148 3832 esse
1191 3775 1352 3832 rebus
1395 3775 1746 3848 praesentibus
1766 3818 1779 3840 ,
1813 3776 1908 3832 sed
1936 3792 2028 3833 eas

439 3871 654 3939 quidem
683 3870 958 3940 despicere
979 3911 994 3935 ,
1013 3868 1235 3924 >futuras
1273 3878 1450 3926 autem
1479 3869 1734 3925 continuo
1766 3870 1817 3923 in
1848 3869 2028 3925 animo

430 3962 656 4018 habere.
681 3962 738 4017 ln
767 3977 927 4018 carne
949 3977 1078 4018 vero
1106 3962 1316 4033 signum
1347 3962 1610 4033 accipere,
1640 3963 1797 4033 quale
1826 3962 2024 4019 bonum

435 4067 570 4122 opus
610 4052 812 4107 fuerit?
841 4053 1038 4108 Verum
1081 4053 1274 4121 ingrati
1317 4051 1390 4108 illi
1434 4060 1489 4108 et
1536 4054 1788 4109 insensati
1814 4053 1982 4109 Judaei
2013 4097 2027 4120 ,

433 4145 678 4215 quamvis
700 4144 809 4214 jam
833 4143 1305 4211 illuxcrit'veritas,
1335 4143 1508 4198 adhuc
1536 4145 1586 4198 in
1611 4146 1794 4199 umbra
1821 4146 2028 4216 sedent,

437 4245 493 4291 et
521 4237 769 4306 quamvis
799 4236 878 4291 sol
897 4235 1116 4306 justitiae
1133 4233 1416 4302 affulserit,
1445 4237 1534 4306 qui
1557 4236 1691 4291 lucis
1717 4253 1826 4292 sua:
1850 4237 2030 4294 radios

437 4327 672 4398 undique
695 4327 892 4394 emisit,
915 4326 1090 4382 adhuc
1117 4327 1425 4383 lucernariue
1451 4329 1554 4383 luci
1582 4337 1707 4384 sunt
1730 4330 1958 4398 addicti;
1980 4341 2034 4388 et

438 4421 679 4490 quamvis
727 4421 797 4475 sit
840 4431 1050 4487 tempus
1095 4429 1153 4474 ut
1193 4420 1364 4475 solido
1402 4429 1687 4491 pascantur
1730 4422 1884 4489 cibo,
1932 4425 2031 4496 ipsi

439 4513 615 4567 adlmc
636 4513 769 4568 lacte
799 4514 1146 4579 nutriuntur;
1169 4528 1347 4584 neque
1368 4513 1576 4568 beatum
1602 4515 1820 4570 Paulum
1849 4518 2033 4574 audire

438 4605 624 4660 volunt
642 4604 958 4661 clamantem
976 4619 1026 4661 et
1044 4605 1305 4660 dicentem
1327 4605 1393 4662 de
1412 4606 1704 4677 patriarcha
1727 4607 1821 4662 :Et
1836 4611 2034 4680 signum

442 4698 631 4768 accepit
655 4697 1078 4763 circumcisionis,
1103 4697 1419 4768 signaculum
1434 4697 1653 4768 justitite
1675 4699 1796 4767 ﬁdei
1819 4717 1933 4770 qua’
1961 4711 2033 4756 est

441 4791 493 4842 in
517 4788 765 4859 prteputio
796 4787 979 4858 (llam.
1011 4789 1064 4844 4.
1090 4789 1150 4842 ll
1178 4790 1216 4858 ).
1251 4787 1383 4843 Vide
1401 4789 1668 4859 quomodo
1694 4799 1914 4862 utraque
1935 4808 2033 4849 nos

441 4881 642 4950 docuit,
675 4891 730 4937 et
756 4882 929 4952 ipsum
959 4881 1229 4951 accepisse
1255 4882 1390 4952 signi
1415 4882 1531 4937 loco
1551 4884 2031 4950 circumcisionem,

441 4985 646 5033 etcum
692 4977 1040 5047 prteputlatus
1084 4983 1201 5030 erat
1226 5015 1241 5042 ,
1266 4974 1524 5044 justitiam
1563 4992 1682 5046 qua:
1720 4988 1801 5032 est
1839 4993 1903 5034 ex
1933 4979 2036 5034 fide

440 5070 758 5125 ostendisse.
787 5067 917 5122 Nam
948 5081 1014 5121 ne
1045 5066 1377 5135 impudenter
1398 5065 1612 5120 Judzeus
1633 5065 1779 5122 dicat
1808 5085 1823 5122 :
1849 5068 2036 5124 Nonne
2075 5113 2078 5116 «

440 5161 779 5218 circumcisio
824 5160 872 5216 ei
913 5159 1174 5229 justitiam
1217 5159 1561 5215 conciliavit?
1605 5159 1803 5216 idcirco
1851 5161 2036 5218 beatus

446 5255 536 5309 ille
562 5255 625 5306 ad
655 5253 818 5323 pedes
847 5250 1155 5308 Gamalielis
1188 5251 1428 5308 eruditus
1457 5252 1609 5325 (Act.
1643 5253 1732 5308 ‘22.
1762 5254 1796 5310 ὅ
1816 5255 1833 5324 )
1854 5295 1868 5321 ,
1902 5263 1955 5310 et
1984 5256 2035 5310 in

443 5347 560 5416 lege
601 5344 840 5415 apprime
887 5344 1159 5400 institutus
1181 5387 1193 5407 ,
1227 5343 1397 5415 inquit
1431 5365 1443 5400 :
1471 5343 1550 5400 Ne
1584 5347 1777 5413 putetis
1801 5387 1816 5412 ,
1862 5347 2036 5418 impu-

444 5437 632 5492 dentes
656 5435 848 5502 Judtei,
877 5435 1334 5490 circumcisionem
1357 5436 1454 5505 ipsi
1478 5435 1674 5506 aliquid
1695 5437 1760 5490 ad
1778 5436 2037 5506 justitiam

444 5527 735 5584 contulisse
762 5543 777 5582 :
801 5541 925 5582 nam
954 5541 1073 5581 cum
1095 5527 1186 5581 illo
1212 5535 1450 5597 tempore
1476 5527 1717 5596 przeputii
1749 5527 1906 5583 fidem
1930 5543 2038 5598 pra:

510 5687 527 5720 ί
562 5685 725 5757 savil.,
768 5683 838 5738 ita
873 5685 1018 5737 etiam
1065 5684 1161 5757 hic,
1203 5697 1330 5755 cum,
1367 5689 1419 5733 nt
1456 5683 1831 5757 distingueretur
1878 5699 2038 5757 semrrt

440 5751 668 5806 Ain-ante.
703 5757 747 5800 et
771 5761 862 5799 non
886 5760 994 5798 cmn
1017 5747 1231 5808 gentibus
1253 5747 1553 5807 misceretur,
1582 5747 1771 5812 signum
1794 5749 1882 5799 hoc
1905 5751 2036 5814 apud

444 5828 543 5864 νοις.

1176 344 1234 400 S.
1275 345 1553 401 JOANNIS
1591 343 2062 401 CllllYSOSTOMl
2104 345 2423 403 ARCHIEP.
2465 350 2995 408 CONSTANTINOP.

3638 363 3730 420 δα

2143 472 2202 512 se
2229 457 2428 526 ferret,
2475 463 2676 518 audivit
2705 481 2722 519 :
2753 464 2977 521 Credidit
3008 478 3172 522 autent
3211 471 3464 528 Abraham
3504 473 3615 530 Deo
3640 521 3652 542 ,
3692 491 3733 532 ct

2143 562 2430 621 reputatnm
2464 565 2536 608 est
2562 557 2606 610 ei
2631 558 2682 610 in
2699 559 2953 628 justitiam
2985 559 3176 633 (Rom.
3210 564 3262 617 4.
3292 565 3326 619 5
3347 567 3387 636 ).
3418 565 3552 621 Cum
3586 570 3733 639 igitur

2144 652 2289 698 esset
2324 643 2434 715 jam
2468 645 2642 715 justus
2686 649 2755 703 ob
2796 665 2945 704 suam
2995 653 3046 706 in
3081 651 3248 709 Deum
3299 656 3462 712 fidem
3491 701 3506 724 ,
3537 670 3660 715 tunc
3688 665 3733 717 iu

2144 734 2352 805 signum
2383 735 2843 794 circumcisionetn
2883 745 3087 814 accepit
3121 761 3132 797 :
3162 757 3217 800 et
3258 747 3490 817 primum
3530 753 3731 820 quidem

2145 827 2346 881 nomini
2377 827 2493 898 ejus
2521 831 2673 886 litera
2701 832 2935 900 additur,
2965 835 3162 893 deinde
3191 849 3366 895 autem
3399 842 3736 899 circumcisio

2145 917 2434 988 imperatur
2457 939 2468 974 :
2504 937 2608 992 quo
2630 925 2861 979 ostendit
2889 926 3031 981 Deus
3056 945 3116 984 se
3136 931 3204 983 ob
3235 932 3456 988 multam
3491 935 3732 991 virtutem

2137 1010 2337 1079 justum
2364 1014 2704 1082 peculiariter
2729 1016 3012 1088 adoptasse
3037 1061 3050 1086 ,
3082 1030 3134 1076 et
3161 1032 3380 1093 propter
3407 1025 3561 1080 illum
3590 1031 3735 1082 etiam

2142 1117 2236 1156 eos
2262 1105 2350 1173 qui
2380 1121 2444 1159 ex
2473 1121 2537 1160 eo
2564 1108 2812 1163 nascituri
2844 1121 3017 1165 erant.
3043 1111 3112 1167 Et
3138 1115 3595 1184 quemadmodum
3627 1135 3734 1175 cum

2142 1196 2262 1264 quis
2291 1212 2510 1251 servum
2556 1203 2975 1270 comparaverit,
3021 1220 3214 1261 nomen
3246 1208 3362 1276 ejus
3403 1219 3460 1264 et
3505 1209 3729 1266 habitqu

2141 1300 2284 1356 sa'pe
2316 1288 2581 1355 immutat,
2609 1293 2893 1362 omniaque
2924 1294 3070 1361 facit,
3102 1306 3158 1351 ut
3179 1299 3379 1354 sciatur
3410 1301 3588 1369 ipsius
3608 1319 3731 1363 esse.

2141 1393 2204 1433 ac
2229 1381 2327 1435 sub
2370 1382 2524 1451 cujus
2550 1383 2618 1436 sit
2647 1384 2918 1440 dominatu
2950 1403 3060 1457 prce
3081 1403 3142 1444 se
3170 1389 3303 1444 ferat
3337 1408 3349 1443 :
3385 1393 3459 1446 ita
3496 1395 3732 1447 nimirum

2138 1481 2194 1527 et
2222 1475 2460 1528 omnium
2491 1476 2777 1544 Dominus,
2805 1482 2955 1549 quasi
2982 1481 3204 1551 posthac
3229 1497 3487 1552 separare
3519 1501 3616 1541 eos
3653 1502 3733 1541 vo-

2140 1567 2256 1639 lens
2296 1567 2364 1621 ab
2395 1568 2513 1623 aliis
2538 1567 2840 1626 hominibus
2861 1613 2874 1635 ,
2903 1572 3108 1644 adjecta
3137 1575 3349 1644 quidem
3383 1577 3547 1632 litera
3576 1578 3734 1632 decla-

2137 1657 2272 1712 ravit
2293 1659 2438 1713 illum
2462 1660 2744 1716 multorum
2770 1663 3081 1733 populorum
3107 1667 3223 1722 fore
3246 1677 3455 1737 patrem
3479 1686 3495 1734 ;
3521 1670 3734 1724 circum-

2137 1749 2338 1805 cisione
2365 1759 2541 1806 autem
2563 1753 2676 1821 ejus
2698 1756 2951 1824 populum
2979 1756 3285 1813 distinetum
3310 1758 3448 1824 fore,
3482 1770 3542 1816 et
3567 1776 3734 1818 semen

2136 1856 2201 1897 ex
2229 1857 2293 1896 eo
2314 1841 2638 1898 nasciturum
2659 1845 2726 1900 ab
2744 1845 2861 1901 aliis
2881 1847 3126 1917 gentibus
3147 1859 3576 1919 sequestratum.
3599 1852 3736 1919 Quod

2136 1936 2180 1989 si
2225 1943 2278 1991 et
2322 1936 2399 1991 illi
2429 1935 2499 1991 ob
2541 1938 2836 1994 cmcitatem
2883 1955 3032 1995 suam
3073 1940 3245 1996 adhuc
3282 1957 3512 1999 servare
3565 1947 3736 1999 volunt

2135 2027 2313 2081 carnis
2339 2028 2822 2099 circumcisionem,
2857 2046 2964 2086 non
2983 2032 3258 2089 audientes
3288 2035 3492 2090 iterum
3521 2035 3733 2091 Paulum

2136 2117 2398 2173 dicentem
2420 2138 2433 2174 :
2454 2119 2514 2174 Si
2525 2121 2960 2187 circumcidimini,
2979 2122 3204 2180 Christus
3219 2126 3346 2178 nihil
3367 2127 3515 2180 vobis
3529 2129 3742 2196 proderit

2137 2209 2158 2281 (
2177 2209 2350 2266 Colat.
2385 2211 2436 2268 5.
2468 2211 2541 2283 2)
2575 2213 2738 2286 (nam
2776 2223 2996 2285 propter
3033 2214 3148 2271 haec
3189 2215 3405 2270 advenit
3437 2218 3702 2272 Dominus
3727 2261 3740 2280 ,

2136 2311 2195 2356 ut
2223 2301 2401 2357 omnia
2431 2303 2519 2358 illa
2549 2303 2778 2370 tolleret,
2811 2315 2970 2376 atque
2998 2305 3116 2361 ideo
3143 2315 3308 2362 totam
3342 2307 3528 2377 legem
3565 2309 3740 2379 imple-

2135 2393 2232 2462 vit,
2268 2403 2325 2449 ut
2345 2393 2476 2465 legis
2504 2396 2808 2452 observatio
2837 2397 2994 2452 ﬁnem
3015 2395 3237 2452 haberet
3265 2414 3279 2455 :
3303 2395 3518 2452 idcirco
3541 2399 3744 2455 dicebat

2135 2484 2323 2541 beatus
2344 2485 2537 2541 Paulus
2563 2502 2577 2539 :
2605 2485 2915 2557 Quicumque
2933 2487 2986 2541 in
3007 2487 3114 2559 lege
3120 2487 3508 2559 justiﬁcmnini,
3537 2507 3571 2541 a
3592 2491 3748 2561 gratia

2137 2579 2394 2634 etcidistis
2423 2578 2584 2653 [lbid.
2616 2596 2664 2633 υ.
2697 2577 2833 2653 4]);
2880 2595 3066 2635 verum
3107 2594 3207 2635 nos
3247 2595 3548 2651 pareamus
3600 2584 3745 2637 beato

2138 2669 2282 2737 huic,
2306 2680 2359 2725 et
2376 2685 2479 2726 non
2498 2669 2851 2726 manufactam
2869 2671 3328 2726 circumcisionem
3350 2675 3742 2743 suscipiamus.

2139 2765 2277 2820 Dicit
2301 2765 2444 2820 cnim
2464 2805 2479 2830 ,
2509 2763 2576 2818 In
2601 2781 2698 2834 quo
2732 2763 3014 2819 circumcisi
3056 2765 3172 2819 estis
3205 2765 3611 2819 circumcisione
3651 2784 3742 2819 non

2136 2859 2449 2927 manufacta,
2494 2857 2548 2912 in
2571 2858 2938 2927 despoliatione
2969 2867 3288 2927 peccatorum
3318 2861 3501 2912 carnis
3526 2901 3541 2924 ,
3577 2862 3633 2914 in
3659 2865 3749 2912 cir-

2135 2949 2436 3005 cumcisione
2460 2950 2647 3006 Christi
2673 2953 2689 3021 (
2712 2951 2902 3006 Cotoss.
2935 2950 2989 3004 Ξ.
3020 2951 3080 3006 ll
3104 2951 3142 3020 ).
3177 2950 3379 3006 Deinde
3402 2951 3630 3008 docens
3659 2969 3749 3007 nos

2138 3042 2444 3112 diligentius
2492 3041 2618 3112 quid
2649 3042 2718 3096 sit
2761 3041 3061 3111 ejusmodi,
3091 3041 3424 3097 circumcisio
3453 3083 3471 3106 ,
3525 3045 3750 3100 subdit:

2135 3137 2428 3208 Consepulti
2479 3138 2524 3191 ei
2550 3139 2604 3190 in
2642 3134 2888 3206 baptismo
2922 3135 3096 3209 (Ibid.
3148 3153 3196 3190 υ.
3244 3135 3364 3205 12).
3407 3137 3580 3193 Sicut
3615 3141 3751 3194 cnim

2137 3229 2253 3283 illos
2278 3227 2694 3283 circumcisionis
2724 3227 2934 3298 signum
2957 3228 3024 3281 ab
3068 3228 3185 3283 aliis
3211 3227 3463 3297 gentibus
3499 3244 3753 3301 segrega-

2133 3320 2255 3385 bat,
2282 3327 2336 3375 et
2360 3318 2760 3374 demonstrabat
2785 3333 2880 3374 eos
2925 3319 3265 3388 peculiariter
3302 3320 3366 3374 ad
3396 3319 3586 3376 Deum
3637 3339 3752 3392 pcr-

2136 3413 2305 3467 tinere
2347 3427 2362 3465 :
2394 3409 2554 3465 simili
2587 3409 2747 3464 modo
2772 3411 2934 3464 etiam
2975 3410 3113 3480 apud
3142 3425 3238 3465 nos
3276 3412 3641 3467 circumcisio
3673 3431 3756 3484 per

2136 3503 2454 3574 baptismum
2481 3502 2862 3558 evidentiorem
2881 3500 3005 3556 facit
3029 3503 3420 3572 separationem
3459 3513 3524 3557 et
3549 3505 3754 3559 discre-

2133 3594 2334 3650 tionem
2360 3592 2595 3648 fidelium
2623 3602 2675 3649 et
2704 3593 3015 3648 infidelium.
3049 3593 3185 3649 Dicit
3211 3594 3352 3650 enim
3383 3612 3395 3646 :
3443 3594 3521 3649 1η
3541 3614 3647 3667 qua
3668 3598 3759 3651 cir-

2135 3685 2344 3741 cumcisi
2355 3687 2470 3742 estis
2486 3685 2861 3740 circumcisione
2872 3702 2971 3740 non
2984 3701 3135 3739 manu
3140 3685 3289 3754 facta,
3310 3685 3362 3739 in
3373 3685 3762 3755 dexpoliatioue

2137 3790 2454 3851 peccatorum
2474 3780 2661 3835 carnis.
2697 3778 2829 3835 Nam
2859 3779 2910 3836 id
2937 3779 3080 3850 quod
3108 3779 3215 3834 illic
3230 3788 3498 3848 operatur
3521 3783 3760 3836 circum-

2136 3874 2268 3928 cisio
2290 3873 2342 3928 in
2360 3872 2746 3943 depositionem
2768 3872 3073 3939 carnis,hoc
3101 3872 3188 3928 hic
3224 3872 3330 3942 agit
3359 3873 3685 3943 baptismus
3714 3877 3761 3928 io

2138 3966 2526 4038 depositionem
2569 3973 2931 4036 peccatorum.
2993 3963 3156 4036 igitur
3196 3964 3314 4036 qui'
3347 3966 3525 4020 semel
3586 3971 3760 4023 Carnis

2139 4070 2355 4131 peccata
2401 4057 2678 4126 exuimus,
2722 4068 2776 4114 et
2814 4073 3002 4129 puram
3048 4056 3217 4113 induti
3257 4071 3445 4112 sumus
3500 4070 3758 4118 vestem.

2138 4165 2468 4216 maneamus,
2501 4148 2704 4215 dilecti,
2734 4150 2788 4203 in
2813 4149 3059 4219 puritate,
3085 4157 3138 4202 et
3162 4146 3542 4203 affectionibus
3577 4153 3762 4206 carnis

2138 4243 2443 4313 superiores
2460 4241 2579 4296 facti
2595 4241 2840 4295 virtutem
2862 4239 3244 4310 amplexemur.
3266 4238 3330 4292 Et
3346 4239 3443 4308 qui
3462 4239 3574 4295 sub
3593 4244 3762 4310 gratia

2139 4349 2354 4400 sumus,
2383 4349 2505 4389 eum
2525 4335 2612 4404 qui
2637 4334 2693 4387 in
2711 4334 2855 4404 lege,
2891 4333 2998 4388 imo
3023 4342 3144 4388 ante
3171 4331 3340 4401 legem
3371 4329 3499 4396 fuit,
3529 4335 3764 4388 temule-

2139 4444 2301 4483 mur:
2335 4437 2392 4482 ut
2420 4441 2543 4482 cum
2567 4427 2790 4495 vestigia
2809 4426 2925 4496 ejus
2963 4424 3234 4495 sequendo
3277 4424 3445 4477 vitam
3499 4437 3761 4481 nostram

2141 4521 2439 4576 rexerimus
2463 4561 2477 4585 ,
2527 4533 2831 4574 mereamur
2869 4517 2922 4573 in
2970 4519 3113 4573 illius
3151 4517 3295 4571 sinus
3334 4531 3671 4582 occurrere,
3719 4533 3764 4573 et

2141 4610 2481 4681 sempiternis
2526 4609 2622 4664 frui
2653 4608 2838 4676 bonis,
2877 4610 3043 4682 gratia
3081 4618 3136 4663 et
3177 4607 3506 4676 benignitate
3541 4610 3768 4664 Domini

2142 4703 2308 4757 nostri
2337 4701 2463 4756 Jesu
2489 4697 2721 4766 Christi,
2751 4714 2871 4754 cum
2903 4714 3009 4770 quo
3041 4698 3204 4762 Patri,
3230 4707 3284 4752 et
3307 4696 3536 4767 Spiritui
3571 4715 3768 4756 sancto

2143 4794 2212 4849 sit
2239 4793 2428 4862 gloria,
2453 4791 2734 4860 imperium
2757 4801 2813 4844 et
2847 4790 3016 4845 honor
3037 4830 3051 4856 ,
3091 4803 3233 4844 nunc
3256 4797 3310 4844 et
3337 4802 3591 4859 semper,
3629 4806 3689 4848 et
3724 4796 3773 4846 in

2141 4887 2332 4943 saecula
2359 4884 2695 4942 saeculorum.
2724 4886 2915 4939 Amen.

2721 5019 3001 5078 llOMlLlA
3041 5019 3153 5075 XL.

2145 5135 2213 5189 Et
2257 5134 2385 5190 dixit
2428 5133 2571 5189 Deus
2615 5134 2832 5188 Abrahae
2857 5149 2877 5188 :
2917 5132 3054 5188 Sara
3082 5147 3213 5185 uxor
3237 5139 3325 5184 tua
3353 5147 3459 5185 non
3489 5137 3773 5188 vocabitur

2241 5228 2394 5293 Sara,
2426 5228 2512 5283 sed
2541 5227 2705 5283 Sarra
2733 5227 2826 5280 erit
2856 5242 3038 5280 nomen
3068 5225 3178 5297 ejus
3203 5223 3362 5296 (Gen.
3387 5225 3481 5279 1⁸1.
3514 5228 3600 5281 15
3623 5231 3672 5297 ).

2223 5323 2273 5376 1.
2308 5321 2420 5391 Age
2453 5319 2709 5389 reliquias
2745 5318 3010 5374 hesterna:
3049 5331 3248 5373 mensa!
3271 5317 3426 5371 vobis
3474 5332 3773 5389 proposui»

2149 5428 2288 5479 mus,
2321 5422 2375 5467 et
2400 5412 2562 5468 ﬁnem
2593 5411 2754 5466 hodie
2783 5412 3120 5480 imponamus
3145 5410 3401 5470 sermoni,
3439 5410 3557 5464 imo
3589 5414 3773 5488 bene

2147 5505 2366 5559 dictioni
2410 5514 2464 5559 et
2495 5502 2832 5573 promissioni
2871 5518 3030 5572 quam
3078 5501 3202 5556 fecit
3229 5502 3616 5557 universorum
3671 5495 3773 5558 [toi

2149 5599 2326 5652 minus
2355 5595 2692 5667 patriarcha}.
2742 5596 2937 5651 Verum
2977 5595 3200 5650 audiens
3224 5594 3480 5664 reliquias
3506 5611 3740 5652 thensa?
3765 5633 3773 5676 ,ε

2149 5705 2217 5745 ne
2247 5690 2371 5760 quid
2399 5688 2653 5744 sensibile
2676 5688 2964 5758 suspiceris
2989 5704 3002 5740 :
3032 5701 3204 5756 neque
3230 5687 3370 5740 enim
3397 5687 3600 5757 quales
3641 5689 3773 5746 suci

2151 5783 2450 5839 eduliorum
2496 5782 2860 5849 sensibilium,
2912 5781 3043 5836 tales
3090 5780 3444 5852 spiritualium
3487 5784 3589 5836 reli
3618 5785 3773 5851 Anime.
