3792 6280
308 280 416 341 369

305 397 454 453 τικά.
487 396 701 451 Ἐκεῖνα
735 396 835 470 μὲν
857 393 966 468 γὰρ
987 394 1129 449 ἐωλα
1149 395 1412 467 γινόμενα
1439 396 1501 450 οὐ
1521 396 1620 469 τὴν
1645 397 1814 469 αὐτὴν
1836 414 1980 468 παρ-

306 487 425 557 έχει
465 485 658 556 ἡδονὴν
694 486 807 547 τοῖς
839 481 1221 553 ἑστιωμένοις·
1253 485 1301 537 εί
1344 483 1403 536 δέ
1438 483 1533 537 καὶ
1572 484 1702 555 μίαν
1734 484 1828 538 καὶ
1861 484 1982 538 δευ-

307 578 477 646 τέραν
504 573 717 644 ἡμέραν
749 570 1158 640 καταλειφθείη,
1196 570 1447 642 ἀχρηστα
1468 572 1653 625 λοιπὸν
1687 573 1862 643 πάντη
1894 573 1983 641 γί-

308 676 461 714 νεται
481 676 495 691 ·
524 658 697 711 ταῦτα
726 657 783 710 δὲ
810 656 881 709 τά
902 655 1132 726 λείψανα
1162 657 1223 709 οὐ
1266 658 1396 729 μίαν
1426 659 1521 713 καὶ
1549 658 1807 731 δευτέραν
1848 658 1984 729 ἡμέ-

312 765 433 819 ραν.
462 746 601 799 ἀλλά
625 742 726 797 κᾶν
747 744 986 813 διηνεκεῖ
1007 742 1083 814 τῷ
1112 744 1268 797 αίῶνι
1293 745 1708 815 καταλείπηται,
1735 746 1835 816 τὴν
1862 746 1983 814 ίσην

307 835 575 905 ὠφέλειαν
600 832 919 903 παρέχεται,
951 831 1046 885 καὶ
1072 830 1172 903 τὴν
1199 832 1393 903 ἡδονὴν
1414 834 1514 886 οὐκ
1539 833 1799 885 ἀπόλλυσι
1820 850 1833 863 ·
1864 833 1984 886 θεῖα

305 923 417 994 γάρ
448 923 568 975 ἐστι
595 921 689 975 καὶ
717 917 1085 990 πνευματικὰ,
1121 920 1214 973 καὶ
1239 919 1495 990 οὐδεμίαν
1528 921 1632 973 ὑπὸ
1658 919 1753 973 τοῦ
1789 919 1981 991 χρόνου

310 1009 515 1081 βλάϐην
555 1007 869 1077 ὑφίσταται,
903 1005 1040 1059 ἀλλά
1076 1005 1200 1060 καθ’
1240 1005 1476 1076 ἑκάστην
1523 1006 1734 1077 ἡμέραν
1782 1005 1983 1077 νεαρὰν

306 1098 544 1153 δείκνυσι
570 1097 670 1168 τὴν
696 1096 881 1168 χάριν,
910 1094 1005 1148 καὶ
1034 1093 1236 1163 πολλῆς
1262 1093 1569 1164 ἐμπίπλησι
1592 1094 1691 1164 τῆς
1717 1093 1985 1164 εὐφροσύ-

308 1202 407 1258 νης
458 1186 587 1248 τοὺς
629 1180 926 1237 ἀπολαύειν
975 1180 1182 1235 τούτων
1251 1179 1625 1250 βουλομένους.
1686 1177 1839 1231 Ἐπεὶ
1891 1175 1985 1232 οὖν

307 1273 533 1343 τοιαύτη
571 1270 778 1326 τούτων
805 1268 915 1323 τῶν
945 1268 1215 1338 λειψάνων
1261 1269 1295 1338 ἡ
1344 1267 1596 1336 δύναμις,
1642 1265 1795 1337 φέρε.
1849 1266 1987 1336 μετά

310 1362 621 1435 προθυμίας
651 1361 744 1414 καὶ
763 1359 923 1430 ὑμεῖς
954 1357 1056 1428 τῆς
1081 1357 1189 1411 ἀπὺ
1214 1356 1419 1409 τούτων
1443 1354 1796 1418 ἀπολαύσεως
1818 1356 1988 1425 ἐμφο-

316 1450 539 1523 ρήθητε,
576 1448 671 1500 καὶ
693 1448 855 1517 ἡμεῖς
883 1442 1214 1517 θαρροῦντες
1244 1441 1424 1496 αὐτῶν
1444 1444 1511 1513 τῇ
1542 1442 1771 1513 δυνάμει
1804 1458 1986 1514 παρα-

312 1539 497 1610 θῶμεν
526 1534 667 1589 αὑτά
690 1537 755 1605 τῇ
778 1534 1023 1605 ὑμετέρᾳ
1043 1531 1255 1602 ἀγάπῃ.
1296 1530 1435 1584 Ἀλλ’
1462 1531 1549 1584 ἵνα
1572 1531 1699 1601 δόξῃ
1723 1530 1989 1599 σαφέστε-

317 1644 411 1700 ρος
449 1626 578 1695 ὑμῖν
618 1620 865 1692 γίνεσθαι
907 1622 936 1674 6
967 1620 1145 1688 λόγος,
1185 1619 1482 1687 ἀναγκαῖον
1516 1617 1610 1671 τοῦ
1659 1617 1845 1681 τέλους
1880 1618 1988 1672 τῶν

314 1715 443 1789 χθὲς
465 1711 772 1783 είρημένων
798 1707 1235 1779 ὑπομνησθῆναι,
1268 1706 1336 1759 ἵν’
1372 1704 1516 1759 οὑτω
1540 1708 1639 1777 τῆς
1665 1704 1987 1770 ἀκολουθίας

316 1801 723 1871 ἐπιλαϐόμενοι,
754 1797 851 1867 τῆς
886 1794 1230 1858 διδασκαλίας
1263 1792 1549 1865 ἁψώμεθα.
1583 1793 1693 1865 Τήν
1729 1794 1856 1864 περὶ
1891 1793 1989 1864 τῆς

317 1887 622 1959 περιτομῆς
651 1884 867 1953 ἐντολὴν
902 1884 981 1945 είς
1014 1882 1179 1953 μέσον
1220 1881 1658 1953 παραγαγόντες,
1694 1881 1791 1935 καὶ
1815 1882 1897 1934 ὃτι
1921 1876 1991 1933 εἴ·

317 1996 417 2031 πεν
449 1978 478 2030 6
500 1974 632 2038 Θεδς
655 1972 735 2043 τῷ
768 1970 1101 2043 πατριάρχῃ.
1134 1969 1645 2038 Περιτμηθήσεται
1674 1967 1841 2039 ὑμῶν
1867 1966 1991 2023 πᾶν

314 2059 659 2138 ἀρσενικὸν,
682 2058 780 2112 καὶ
811 2056 983 2111 ἔσται
1008 2057 1079 2109 ἐν
1099 2056 1326 2125 σημείῳ
1346 2054 1636 2121 διαθήκης
1660 2053 1778 2109 ἀνὰ
1796 2052 1992 2124 μέσον

314 2150 465 2222 ἐμοῦ
488 2148 589 2202 καὶ
610 2146 806 2217 ὑμῶν·
851 2145 948 2198 καί
992 2142 1234 2196 παιδίον
1272 2142 1427 2195 ὀκτὼ
1455 2141 1687 2211 ἡμερῶν
1713 2156 1992 2210 περιτμη-

318 2240 566 2306 mitrata:
586 2255 601 2268 ·
630 2234 728 2289 καὶ
753 2233 821 2298 ὃς
845 2234 915 2287 οὐ
939 2229 1459 2300 περιτμηθησεται,
1490 2226 1991 2297 61501009811060.9-

316 2342 416 2381 ται
439 2327 478 2393 η
501 2322 673 2393 ψυχὴ
706 2321 931 2386 ἐκείνη,
965 2319 1055 2371 ὅτι
1084 2316 1200 2384 τὴν
1223 2316 1518 2384 διαθήκην
1542 2333 1661 2385 μου
1688 2314 1992 2369 διεσκέδα·

317 2427 459 2467 σεν’
484 2410 717 2464 ἐνταῦθα
741 2412 820 2472 είς
854 2409 945 2462 τὸν
970 2406 1068 2476 τῆς
1098 2404 1401 2477 περιτομῆς
1433 2403 1590 2472 λόγον
1617 2403 1715 2474 τὴν
1742 2403 1994 2456 διδασκα-

320 2500 443 2554 λίαν
484 2497 900 2567 κατελύσαμεν·
936 2495 1032 2549 καὶ
1066 2493 1153 2546 ἴνα
1191 2492 1265 2563 μὴ
1303 2490 1381 2561 τῷ
1405 2490 1600 2561 πλήθει
1629 2488 1736 2542 τῶν
1763 2489 1993 2559 λεγομέ-

318 2604 429 2641 νων
448 2583 857 2656 καταχώσωμεν
874 2582 903 2635 ὑ
912 2580 1029 2651 μῶν
1053 2579 1149 2650 τὴν
1170 2578 1429 2641 διάνοιαν,
1458 2576 1770 2649 περαιτέρω
1801 2576 1994 2648 προελ-

321 2676 437 2729 θεῖν
468 2675 571 2728 οὐκ
613 2669 979 2741 ἠνεσχόμεθα.
1011 2668 1146 2720 Οὐδὲ
1180 2666 1289 2737 7&9
1316 2664 1473 2718 τοῦτο
1504 2668 1661 2735 μόνον
1688 2666 1834 2717 ἐστὶν
1862 2665 1994 2735 ἡμῖν

319 2763 384 2817 τὸ
412 2759 866 2830 σπουδαζόμενον,
881 2756 942 2810 τὸ
958 2754 1130 2808 πολλά
1156 2755 1331 2809 εἰπεῖν
1348 2753 1445 2806 καὶ
1469 2751 1842 2822 ἀναχωρῆσαι,
1859 2751 1996 2805 ἀλλά

323 2869 436 2923 συμ
445 2851 663 2922 μετρεῖν
690 2844 995 2918 βουλόμεθα
1019 2846 1084 2915 τῇ
1107 2843 1335 2913 δυνάμει
1359 2844 1425 2912 τῇ
1454 2841 1699 2912 ὑμετέρᾳ
1718 2840 1813 2893 τοῦ
1835 2840 1994 2909 λόγου

321 2940 423 3009 τὴν
451 2934 822 3000 διδασκαλίαν,
851 2934 946 2987 ἵνα
974 2930 1401 3003 καρπωσάμενοί
1429 2946 1481 2981 τι
1504 2932 1567 2981 ἐκ
1590 2927 1691 2996 τῆς
1711 2927 1819 2980 τῶν
1845 2928 1999 2995 λεγο-

326 3026 507 3098 μένων
552 3022 840 3093 ὠφελείας,
874 3020 1051 3082 οὑτως
1090 3018 1272 3073 οἴκαδε
1322 3016 1524 3078 πάντες
1581 3014 1994 3084 ἁναχωρήσητε.

322 3114 462 3185 Φέρε
499 3108 591 3167 οὖν
619 3111 687 3165 τὰ
708 3110 1003 3180 λειπόμενα
1033 3105 1361 3177 προσθῶμεν
1384 3107 1497 3165 τοῖς
1537 3102 1869 3171 εἰρημένοις,
1906 3100 2000 3153 καὶ⁵

326 3202 530 3270 ἴδωμεν
565 3197 702 3270 μετά
734 3196 830 3265 τὴν
865 3196 965 3266 τῆς
993 3192 1297 3264 περιτομῆς
1327 3190 1566 3259 ἐντολὴν.
1606 3188 1657 3241 τί
1688 3187 1943 3270 προσθεὶς
1971 3188 2000 3240 6

328 3269 715 3356 φιλάνθρωπος
744 3282 880 3345 Θεδς
899 3276 1305 3347 διαλέγεταιτῷ
1338 3276 1670 3347 πατριάρχῃ.
1709 3272 1821 3328 Καὶ
1848 3269 1998 3336 εἷπε,

327 3375 517 3444 φησιν,
547 3375 579 3425 ό
607 3371 751 3436 Θεὸς
774 3366 853 3433 τῷ
885 3364 1133 3433 Ἁϐραάμ
1152 3379 1167 3393 ⁸
1194 3362 1359 3433 Σάρα
1379 3365 1417 3430 ἠ
1449 3362 1600 3432 γυνή
1619 3376 1734 3415 σου
1759 3362 1829 3415 οὐ
1856 3363 2002 3429 κλη-

327 3462 576 3526 θήσεται
609 3457 674 3511 τὸ
705 3458 893 3525 ὄνομα
927 3451 1119 3520 αὐτῆς
1174 3450 1355 3519 Σάρα,
1386 3449 1548 3503 ἀλλὰ
1598 3446 1798 3516 Σρὶρῤα
1831 3449 2003 3501 ἔσται

329 3551 398 3603 τὸ
429 3549 617 3617 ὄνομα
642 3542 853 3612 αὐτῆς.
898 3543 1108 3611 Ὥσπερ
1134 3540 1237 3603 σοὶ,
1266 3537 1420 3609 φησὶ,
1450 3536 1512 3589 τὸ
1543 3538 1800 3606 στοιχεῖον
1836 3552 2002 3606 προσ-

330 3637 443 3692 θεὶς
473 3635 742 3706 ἐμήνυσα,
770 3631 853 3686 ὅτι
884 3628 1065 3699 πατὴρ
1099 3625 1194 3700 ἔσῃ
1237 3622 1446 3678 πολλῶν
1489 3622 1677 3685 ἐθνῶν,
1723 3621 1865 3675 οὑτω
1908 3621 2002 3674 καὶ

329 3727 396 3795 τῇ
433 3724 585 3797 Σάρᾳ
615 3719 815 3791 ὁμοίως
847 3714 1181 3788 προστίθημι
1211 3712 1272 3766 τὸ
1302 3714 1583 3782 στοιχεῖον,
1609 3710 1694 3764 ἵνα
1721 3710 1897 3783 μάθῃς
1921 3710 2001 3763 ὅτι

329 3814 427 3869 νῦν
458 3816 486 3868 6
517 3808 709 3884 καιρὸς
746 3809 871 3879 ἥκει
898 3804 994 3860 τοῦ
1043 3805 1122 3867 είς
1156 3802 1316 3873 ἔργον
1346 3801 1522 3854 ἐλθεῖν
1566 3800 1633 3854 τά
1673 3799 1837 3853 πάλαι
1874 3799 2002 3870 παρ’

330 3901 469 3971 ἐμοῦ
486 3894 911 3967 ἐπαγγελθέντα.
944 3893 1151 3946 Ἔσται
1176 3888 1308 3959 γάρ,
1338 3889 1493 3958 φησὶ,
1521 3886 1585 3940 τὸ
1613 3886 1799 3955 ὄνομα
1814 3884 2005 3952 αὐτῆς

333 3988 549 4058 Eappa.
579 3981 913 4052 Εὐλογήσω
938 3979 1006 4032 δὲ
1028 3976 1245 4045 αὐτὴν,
1271 3977 1370 4029 καὶ
1396 3973 1569 4029 δώσω
1588 3988 1687 4026 σοι
1717 3973 1785 4038 ἐξ
1814 3972 2006 4041 αὐτῆς

333 4077 573 4141 τέκνον,
614 4072 715 4125 καὶ
754 4065 1070 4138 εὐλογήσω
1098 4063 1307 4127 αὑτὸν,
1344 4060 1442 4115 καὶ
1481 4061 1654 4114 ἐσται
1680 4062 1769 4125 είς
1806 4060 2003 4125 ἔθνος,

333 4164 433 4218 καί
444 4159 728 4227 βασιλεῖς
741 4155 932 4213 ἐθνῶν
949 4153 1017 4216 ἐξ
1041 4150 1228 4205 αὑτοῦ
1248 4148 1689 4212 ἐξελεύσονται.
1730 4144 1830 4199 Διὰ
1850 4147 2007 4199 τοῦτο

334 4246 630 4321 προλαϐὼν
643 4243 742 4298 τοῦ
765 4240 1029 4311 στοιχείου
1058 4238 1158 4307 τὴν
1181 4235 1499 4306 προσθήκην
1529 4233 1892 4303 ἐποιησάμην,
1922 4232 2008 4285 ἵνα

340 4320 519 4410 μάθῃς
545 4336 628 4389 ὅτι
670 4332 887 4392 πάντως
919 4327 1072 4384 ἔσται
1102 4324 1169 4378 τὰ
1198 4323 1328 4395 παρ’
1363 4321 1497 4393 ἐμοῦ
1525 4320 1810 4391 λεγόμενα.
1855 4320 2008 4390 Μηδὲ

339 4409 481 4499 πρὸς
527 4426 628 4494 τὴν
670 4418 953 4475 ἀσθένειαν
986 4416 1087 4485 τῆς
1131 4412 1345 4482 φύσεως
1383 4410 1604 4482 ἀφορῶν
1652 4409 2004 4480 xum-ngam.

338 4496 474 4572 ἀλλά
519 4514 655 4583 πρὸς
689 4509 756 4562 τὸ
788 4505 1015 4578 μέγεθος
1044 4502 1145 4572 τῆς
1170 4499 1450 4570 δυνάμεως
1477 4498 1575 4569 τῆς
1599 4500 1733 4568 ἐμῆς
1771 4496 2008 4553 ἀποὸλέ..

339 4622 481 4666 πων,
519 4601 795 4670 θάρσησον
822 4596 934 4656 τοῖς
966 4590 1097 4663 παρ’
1140 4588 1274 4660 ἐμοῦ
1308 4586 1641 4657 λεγομένοις.
1680 4584 2010 4653 Ευλογήσω

346 4692 451 4762 γὰρ
477 4669 694 4753 αὐτὴν,
720 4682 819 4737 καὶ
846 4681 1019 4737 δώσω
1045 4695 1144 4734 σοι
1163 4676 1230 4742 ἐξ
1261 4673 1453 4742 αὐτῆς
1477 4674 1710 4735 τέκνον,
1742 4670 1891 4742 [405]
1914 4669 2010 4723 καὶ

340 4758 657 4845 εὐλογήσω
696 4772 905 4837 αὑτὸν,
938 4768 1037 4823 καὶ
1065 4767 1236 4820 ἔσται
1271 4767 1359 4829 εὶς
1406 4762 1574 4828 ἔθνη,
1600 4760 1697 4813 καὶ
1730 4758 2012 4824 ,ϐασιλεῖς

340 4865 531 4923 ἐθνῶν
563 4863 631 4928 ἐξ
659 4859 845 4916 αὑτοῦ
869 4857 1316 4923 ἐξελεύσονται.
1356 4850 1526 4920 Ὑπὲρ
1555 4848 1712 4917 φύσιν
1735 4847 2010 4918 ἀνθρωπί-

341 4968 439 5027 νην
468 4954 538 5007 τὰ
581 4947 1009 5019 ἐπαγγελθέντα,
1043 4943 1138 4999 καὶ
1161 4943 1345 5011 ὅμοιον
1374 4934 1442 5008 ῆν
1467 4937 1541 5000 ὡς
1571 4936 1636 4990 ἂν
1662 4937 1710 4988 εἰ
1744 4936 2013 5005 ὑπέσχετο

341 5020 449 5101 ἀπὸ
475 5042 641 5097 λίθων
672 5036 994 5108 ἀνθρώπους
1022 5033 1265 5102 ποιῆσαι.
1296 5028 1461 5082 Οὐδὲν
1516 5026 1623 5098 γὰρ
1678 5024 1838 5077 λίθων
1869 5020 2010 5096 ἦσαν

342 5131 745 5203 διενηνοχότες,
780 5128 906 5179 ὅσον
942 5122 1077 5194 πρὸς
1122 5120 1182 5175 τὸ
1230 5119 1427 5179 τεκεῖν,
1468 5116 1561 5170 και
1598 5116 1626 5167 ὁ
1676 5113 2016 5184 πατριάρχης

346 5224 450 5279 ὑπὸ
478 5202 574 5273 τοῦ
603 5221 790 5287 γὴρως
816 5212 1000 5266 λοιπὸν
1030 5207 1393 5279 ἀνενέργητος
1429 5203 1525 5267 ὢν,
1553 5203 1646 5256 καὶ
1674 5202 1810 5273 πρὸς
1832 5202 2016 5254 παιδο-

347 5308 531 5363 ποιίαν
558 5308 849 5376 ἄχρηστος,
892 5302 985 5354 καὶ
1015 5302 1050 5369 ἡ
1104 5299 1291 5368 Σάρρα
1338 5294 1475 5366 μετὰ
1527 5292 1630 5362 τῆς
1678 5291 2016 5360 στειρώσεως

349 5396 553 5467 ἔχουσα
588 5393 683 5445 καὶ
703 5391 800 5460 τὴν
830 5388 938 5442 ἀπὸ
966 5386 1065 5455 τῆς
1092 5384 1306 5455 ἡλικίας
1326 5382 1421 5435 καὶ
1452 5379 1544 5467 τοῦ
1574 5381 1757 5467 γήρως
1784 5378 2019 5448 προσθή-

350 5462 475 5548 κῆν.
529 5475 667 5529 Ἀλλ’
685 5476 714 5528 6
740 5474 948 5534 δίκαιος
978 5470 1149 5527 ταῦτα
1180 5467 1392 5522 ἀκούων
1420 5465 1514 5524 καὶ
1534 5463 1769 5534 νομίζων
1794 5464 1892 5532 τὴν
1914 5462 2019 5515 πά-

356 5567 450 5619 λαι
484 5560 863 5633 γεγενημένην
888 5556 1039 5629 παρά
1065 5555 1158 5610 τοῦ
1188 5555 1323 5608 Θεοῦ
1359 5550 1691 5621 ἐπαγγελίαν
1727 5549 2023 5622 ἐκϐεϐηκέ-

354 5672 442 5707 ναι
471 5654 551 5716 είς
579 5651 672 5703 τὸν
708 5646 952 5719 Ἰσμαήλ·
977 5644 1164 5716 ἐπειδὴ
1189 5644 1300 5714 γὰρ
1319 5640 1461 5707 εἷπε,
1488 5640 1591 5695 Σοί
1619 5640 1718 5694 καί
1743 5636 1823 5704 τῷ
1840 5640 2024 5707 σπάρ-

356 5740 495 5813 βατί
518 5755 634 5796 σου
656 5736 828 5792 δώσω
854 5735 968 5805 τὴν
985 5731 1104 5806 τῆν
1125 5732 1374 5800 ταύτην,
1390 5730 1452 5783 οὐ
1466 5729 1700 5800 διέκρινε
1715 5726 1772 5781 δέ
1791 5728 1872 5781 ὅτι
1890 5725 2018 5797 περὶ

1157 280 1216 338 S.
1255 279 1542 338 JOANNIS
1578 276 2069 339 CHRYSOSTOMI
2105 278 2430 336 ARCHIEP.
2472 276 3023 337 CONSTANTINOP.
3652 275 3745 333 370

2090 396 2184 450 τοῦ
2207 396 2315 451 ἀπο
2350 396 2450 464 τῆς
2491 394 2707 467 Σάρρας
2750 399 3071 467 τικτομένου
3111 391 3266 463 φησιν
3310 388 3589 460 ἐλογίζετο
3635 388 3767 467 καθἿ

2088 482 2281 538 ἐαυτὸν
2296 482 2380 537 ὅτι
2401 483 2470 535 τὰ
2490 482 2589 552 τῆς
2620 482 2968 552 ὑποσχέσεως
2987 480 3255 551 ἐκϐέϐηκε
3269 493 3286 510 '
3311 478 3429 533 νυνὶ
3456 476 3516 530 δὲ
3544 474 3746 529 ἀκούων

2090 569 2298 641 Κυρίου
2330 568 2426 622 τοῦ
2446 568 2584 622 Θεοῦ
2603 568 2877 638 λέγοντος,
2905 569 2986 621 ὅτι
3013 564 3346 636 Εὑλοτήσω
3364 562 3480 631 τὴν
3499 560 3744 629 Σόῤῥατ.

2092 657 2192 711 καί
2208 656 2379 710 δώσω
2401 672 2500 711 σοι
2520 656 2590 721 ἐξ
2606 655 2798 725 αὐτῆς
2816 656 3054 720 τέκνον,
3082 654 3183 708 καί
3210 650 3531 721 εὐλογήσω
3551 646 3745 713 αὐτόν,

2090 745 2191 799 καὶ
2223 745 2395 799 ἔσται
2417 746 2504 810 εἰς
2520 743 2665 812 ἔθνη
2686 762 2699 775 ·
2724 722 2820 797 καὶ
2859 743 3043 806 πάλιν,
3088 741 3184 805 Ἐξ
3217 740 3453 793 ἐκείνου
3476 722 3767 801 ,βασιλςῖςξ

2090 832 2283 888 ἐθνῶν
2320 833 2774 897 ἐξελεύσονταιο
2818 832 2919 884 οὐκ
2956 829 3093 901 ἔχων
3125 830 3154 881 ὅ
3180 846 3233 881 τι
3272 825 3401 896 εἴπῃ
3452 824 3605 894 (οὒτε
3653 812 3767 891 γάρὲ

2092 922 2342 976 ἀπιστεῖν
2373 920 2604 989 ἠδύνατο
2628 922 2740 982 τοῖς
2767 918 2919 990 παρά
2944 917 3039 971 τοῦ
3066 916 3201 970 Θεοῦ
3238 913 3581 984 λεγομένοις,
3616 910 3767 979 φιλο-»1

2094 1009 2216 1072 θεος
2247 1008 2366 1079 ὢν),
2402 1009 2498 1062 καὶ
2531 1008 2670 1079 πρὸς
2712 1009 2814 1077 τὴν
2855 1007 3074 1078 ἡλικίαν
3105 1005 3248 1074 ὁρῶν
3276 1004 3377 1074 τὴν
3406 1000 3630 1064 ἐαυτοῦ,

2093 1064 2230 1167 πρὸς
2255 1064 2365 1167 τὴν,
2376 1096 2476 1165 τῆς
2498 1064 2717 1167 Σάρρας
2740 1064 3026 1166 σπείρωσιν
3054 1064 3153 1163 τὴν
3184 1064 3377 1162 μέχρίς
3405 1088 3628 1179 ἐκείνης
3652 1090 3749 1158 ἡλι-

2092 1184 2218 1247 κίας
2252 1182 2649 1254 γεγενημένην,
2687 1183 2745 1234 ἐν
2777 1180 3058 1251 ἀμηχανίᾳ
3079 1178 3336 1247 γεγονὼς,
3365 1177 3461 1230 καὶ
3491 1177 3767 1243 καταπλα-1

2093 1274 2211 1342 γεὶς
2237 1271 2331 1324 τοῦ
2364 1269 2498 1322 Θεοῦ
2519 1269 2618 1341 τὴν
2646 1269 2958 1339 ὑπόσχεσιν,
2984 1268 3229 1330 Ἐπεσε,
3261 1266 3446 1336 φησὶν,
3468 1264 3566 1317 ἐπὶ
3592 1262 3767 1332 πρόσοξ

2093 1376 2278 1423 ωπον,
2304 1358 2403 1412 καὶ
2432 1356 2747 1425 ἐγέλασεν.

2169 1499 2234 1571 β’.
2261 1493 2381 1552 Εἶδε
2402 1498 2500 1570 τὴν
2529 1495 2835 1565 ὑπερϐολὴν
2854 1496 2954 1566 τῆς
2974 1494 3341 1565 ὑποσχέσεως,
3358 1493 3459 1547 καὶ
3478 1493 3581 1563 τῆς
3607 1492 3749 1547 δυνά-

2099 1606 2245 1659 μεως
2265 1586 2357 1640 τοῦ
2379 1584 2844 1655 ἐπαγγειλαμένου
2870 1584 2928 1637 τὸ
2950 1583 3175 1654 μέγεθος
3199 1583 3483 1651 ἐννοήσας,
3505 1583 3752 1635 Ἔπεσεν

2096 1675 2196 1730 ἐπὶ
2234 1674 2580 1742 πρόσωπον,
2625 1672 2721 1725 καὶ
2763 1670 3080 1742 ἐγέλασεν,
3128 1670 3248 1723 ἀντί
3292 1667 3402 1731 τοῦ,
3464 1670 3752 1738 περιχαρὴς

2098 1759 2345 1827 ἐγένετο·
2372 1757 2468 1810 καὶ
2493 1756 2634 1810 κατά
2662 1757 2786 1818 τοὺς
2819 1757 2919 1825 τῆς
2950 1752 3182 1816 διανοίας
3219 1752 3519 1822 λογισμοὺς
3552 1750 3749 1815 ἐνενόει,

2099 1844 2215 1909 πῶς
2244 1845 2309 1899 ἂν
2338 1843 2479 1898 κατά
2501 1843 2847 1914 ἀνθρωπίνην
2869 1840 3187 1895 ἀκολουθίαν
3210 1840 3369 1893 τοῦτο
3385 1839 3605 1907 γένοιτό
3620 1856 3751 1901 ποτε,

2101 1936 2197 1990 καὶ
2213 1936 2259 1988 εί
2276 1933 2352 2005 τῷ
2371 1932 2745 1987 ἐκατονταέτει
2769 1931 2981 1984 παιδίον
2995 1931 3304 1999 γενήσεται,
3325 1928 3420 1981 καὶ
3441 1929 3491 1980 εἰ
3511 1929 3547 1997 ἡ
3568 1929 3751 1997 στεῖρα,

2101 2023 2195 2077 καὶ
2225 2022 2417 2094 μέχρις
2447 2021 2799 2092 ἐννενήκοντα
2848 2019 2983 2071 ἐτῶν
3014 2018 3202 2085 ἄγονος
3241 2016 3593 2085 διαμείνασα,
3632 2014 3754 2078 ἐξαίο

2102 2129 2238 2182 φνης
2262 2111 2549 2180 δυνήσεται
2568 2108 2703 2179 πρὸς
2716 2106 3060 2176 τεκνογονίαν
3080 2096 3445 2176 διεγερθῆναι.
3471 2105 3583 2157 Καὶ
3604 2102 3755 2155 ταῦτα

2101 2203 2247 2258 κατὰ
2276 2203 2374 2274 τὴν
2400 2200 2637 2255 διάνοιαν
2663 2198 3038 2268 λογισάμενος,
3070 2196 3171 2249 οὐκ
3203 2195 3476 2265 ἐτόλμησέ
3515 2212 3571 2246 τι
3604 2194 3754 2246 τοιοῦ-

2101 2309 2194 2347 τον
2225 2292 2315 2347 διά
2340 2291 2438 2361 τῆς
2475 2288 2720 2359 γλώττης
2759 2289 3131 2358 προενεγκεῖν,
3162 2283 3297 2339 ἀλλά
3332 2284 3555 2345 δεικνὺς
3581 2282 3750 2335 ἐαυτοῦ

2101 2384 2199 2454 τὴν
2255 2379 2705 2451 εὐγνωμοσύνην,
2764 2377 3109 2448 παράκλησιν
3160 2375 3428 2448 προσάγει
3496 2374 3625 2443 περὶ
3677 2373 3751 2424 τοῦ

2116 2470 2355 2542 Ἰσμαῆλ,
2380 2468 2659 2540 μονονουχὶ
2686 2465 2885 2534 λέγων·
2907 2464 3171 2525 Δέσποτα,
3198 2462 3519 2531 ἀρκούντως
3548 2478 3614 2527 με
3638 2477 3753 2529 παρ-

2104 2556 2387 2629 εμυθήσω,
2423 2556 2518 2609 καὶ
2565 2555 2665 2625 την
2704 2553 2769 2605 ἐκ
2815 2552 2911 2618 τῆς
2950 2550 3205 2612 ἀπαιδίας
3250 2548 3499 2618 ἀθυμίαν
3536 2550 3602 2618 τῇ
3635 2547 3753 2599 δόσει

2103 2646 2195 2700 τοῦ
2230 2643 2453 2716 ἰσμαὴλ
2473 2645 2552 2705 είς
2577 2639 2915 2709 εὐφροσύνην
2934 2637 3244 2708 μετέϐαλες.
3273 2636 3407 2689 Οὐδὲ
3424 2636 3561 2707 γὰρ,
3589 2636 3752 2687 τούτω

2104 2733 2409 2804 τεχθέντος,
2436 2730 2620 2783 λοιπὸν
2646 2729 2749 2782 κᾶν
2765 2731 2821 2781 ἐν
2846 2726 3053 2796 διανοίᾳ
3067 2724 3257 2777 ἔλαϐον
3282 2725 3315 2795 ἦ
3340 2724 3609 2792 ἐνενόησα
3628 2738 3753 2781 ποτε,

2105 2822 2186 2875 ὅτι
2214 2821 2278 2874 ἐκ
2301 2819 2403 2887 τῆς
2428 2817 2646 2888 Σάρρας
2670 2816 2822 2868 ἔσται
2855 2830 2945 2885 μοι
2978 2815 3127 2875 παῖς,
3154 2811 3267 2863 ἀλλ’
3293 2810 3414 2863 οὑδέ
3458 2810 3599 2879 αὐτὴ
3626 2808 3757 2860 τοῦτο

2106 2909 2474 2981 προσεδόκησε
2497 2923 2509 2935 ·
2542 2905 2622 2959 διὸ
2650 2904 2745 2958 καὶ
2784 2903 2882 2974 τὴν
2904 2902 3084 2972 ’Ἅγαρ
3125 2917 3213 2971 μοι
3258 2899 3608 2969 παρέδωκεν,
3669 2898 3754 2947 ἁπ-

2107 2996 2457 3069 αγορεύσασα
2499 2993 2567 3047 τὰ
2600 2991 2719 3046 καθ’
2750 2992 2965 3061 ἐαυτὴν.
3023 2987 3235 3058 Ίκανὴν
3264 2986 3445 3039 τοίνυν
3486 2984 3758 3053 ἀμφότεροι

2107 3065 2585 3158 την-παραμυθίαν
2614 3081 2924 3150 ἐσχήκαμεν
2954 3075 3235 3147 τεχθέντος
3270 3072 3367 3126 τοῦ
3406 3072 3658 3143 Ἰσμαήλ.
3683 3065 3759 3123 03-

2106 3155 2199 3237 τος
2228 3155 2324 3225 οὖν
2350 3173 2378 3224 6
2411 3169 2560 3239 παρά
2592 3168 2681 3221 σοῦ
2712 3166 2885 3227 δοθεὶς
2913 3165 3042 3234 ἡμῖν
3084 3161 3231 3234 ζήτω
3260 3162 3506 3213 ἐναντίον
3543 3176 3659 3219 σου,
3686 3155 3759 3209 καὶ

2116 3260 2396 3334 ἀρκοῦσαν
2426 3258 2620 3327 ἕξομεν
2643 3254 2740 3326 τὴν
2765 3251 3135 3325 παράκλησιν.
3160 3250 3253 3301 καὶ
3282 3247 3546 3334 τὸῌγῆρας
3569 3247 3630 3299 τὺ
3648 3246 3758 3313 ﬁgi-

2110 3329 2268 3421 τερον
2294 3348 2327 3417 ἡ
2356 3344 2543 3397 τούτου
2567 3342 2680 3413 ζωὴ
2702 3338 3180 3411 παραμυθήσεται.
3210 3335 3274 3387 Τί
3306 3329 3401 3387 οὖν
3422 3336 3453 3386 6
3487 3334 3761 3404 φιλάνθρω-

2110 3420 2210 3499 πος
2236 3433 2542 3501 Δεσπότης;
2586 3429 2800 3499 Ἐπειδὴ
2820 3426 3020 3490 ἱκανῶς
3044 3424 3139 3477 καὶ
3166 3422 3261 3476 τοῦ
3285 3421 3501 3475 δικαίου
3518 3421 3621 3491 τῆς
3647 3420 3759 3488 γνῶ·

2114 3541 2221 3594 μης
2243 3521 2302 3575 τὸ
2335 3520 2578 3589 φιλόθεον
2607 3517 2693 3571 διὰ
2720 3516 2817 3587 τῆς
2844 3514 2939 3568 τοῦ
2973 3514 3167 3585 χρόνου
3201 3509 3573 3580 παρατάσεως
3593 3508 3760 3560 ἐϐασα-

2111 3626 2249 3670 νισε,
2280 3609 2375 3661 καὶ
2404 3607 2504 3676 τῆς
2527 3607 2740 3677 Σάρρας
2767 3603 2865 3673 τὴν
2896 3602 3098 3664 πίστιν,
3131 3599 3224 3653 καὶ
3257 3594 3395 3652 εἶδεν
3438 3597 3758 3667 ἀμφοτέρους

2111 3696 2622 3768 ἀπαγορεύσαντας,
2648 3692 2743 3745 καὶ
2769 3691 2857 3744 τὸν
2886 3689 2984 3761 μὲν
3007 3688 3095 3741 διὰ
3122 3688 3182 3741 τὸ
3202 3686 3403 3757 γῆρας,
3434 3685 3541 3753 τὴν
3569 3684 3625 3736 δὲ
3649 3682 3759 3752 μετὰ

2110 3787 2210 3855 τῆς
2255 3783 2468 3856 ἡλικίας
2497 3782 2589 3835 καὶ
2632 3779 2720 3832 διά
2747 3778 2844 3848 τὴν
2887 3776 3188 3847 στείρωσιν,
3231 3773 3399 3843 φησί’
3439 3772 3562 3825 Νῦν
3604 3772 3759 3839 ἐπειδὴ

2112 3874 2295 3943 πάντη
2318 3872 2347 3925 ὑ
2356 3874 2445 3942 μίν
2474 3869 2732 3923 ἀδύνατον
2745 3866 2900 3919 τοῦτο
2924 3861 3059 3917 εἶναι
3087 3863 3333 3931 φαίνεται
3353 3878 3365 3890 ·
3385 3859 3480 3912 διὰ
3506 3859 3618 3928 γάρ
3635 3856 3760 3909 τοῦτο

2114 3959 2272 4030 κάγὼ
2295 3960 2392 4031 τὴν
2417 3958 2684 4026 τοσαύτην
2709 3952 3091 4025 μακροθυμίαν
3109 3949 3499 4019 ἐπεδειξάμην,
3530 3950 3619 4001 ἵνα
3636 3947 3761 3999 δείξω

2113 4053 2197 4107 ὅτι
2229 4052 2368 4122 ὑπὲρ
2400 4048 2560 4119 φύσιν
2583 4045 2931 4116 ἀνθρωπίνην
2961 4042 3107 4095 ἐστὶν
3142 4042 3176 4112 ἡ
3209 4038 3386 4109 δωρεά
3417 4041 3453 4108 ἡ
3494 4040 3626 4110 παρ’

2116 4120 2488 4212 παρεχομένη,
2514 4136 2609 4190 καὶ
2637 4135 2723 4189 ἵνα
2738 4132 2832 4185 καὶ
2853 4132 3009 4201 ὑμεῖς
3036 4130 3130 4183 καὶ
3156 4129 3205 4182 οἱ
3236 4127 3387 4181 ἄλλοι
3409 4128 3619 4187 πάντες
3642 4120 3759 4195 [506!

2115 4230 2182 4285 δι’
2202 4211 2395 4283 αὐτῶν
2426 4222 2639 4296 μάθωσι
2668 4221 2775 4274 τῶν
2812 4217 3173 4290 πραγμάτων,
3204 4216 3285 4268 ὅτι
3316 4215 3411 4267 καὶ
3440 4215 3548 4284 τῆς
3583 4211 3760 4281 φύσεώς

2118 4320 2234 4389 εἰμι
2266 4313 2563 4383 Δεσπότης,
2595 4310 2689 4364 καὶ
2715 4307 2849 4381 πρὸς
2870 4306 2897 4359 ὃ
2922 4305 3182 4376 βούλομαι
3218 4303 3356 4372 αὐτὴ
3383 4300 3673 4357 ὑπακούει.
3694 4297 3761 4349 καὶ

2117 4388 2254 4460 εἴκει
2290 4406 2404 4465 τοῖς
2446 4400 2598 4468 ἐμοῖς
2632 4396 3018 4465 ἐπιτάγμασιν.
3061 4392 3124 4445 Et
3157 4390 3269 4461 7&9
3302 4392 3368 4442 ἐκ
3401 4388 3503 4441 τοῦ
3546 4388 3622 4458 μη
3644 4388 3760 4443 ὖγτος

2118 4492 2287 4563 αὐτὴν
2314 4490 2655 4561 παρήγαγον,
2692 4482 2871 4552 πολλῷ
2903 4480 3104 4551 μᾶλλον
3142 4478 3312 4549 αὐτὴν
3353 4477 3664 4546 γενομένην
3690 4474 3761 4539 τὴν

2120 4562 2284 4651 φύσιν
2311 4579 2403 4632 καὶ
2429 4573 2769 4646 χωλεύουσαν
2792 4568 3082 4641 διορθῶσαι
3113 4567 3428 4636 δυνήσομαι.
3465 4566 3592 4617 Ἵνα
3618 4562 3761 4615 τοίνυν

2122 4670 2346 4741 θαρρεῖν
2375 4665 2524 4736 ἔχῃς,
2561 4663 2724 4718 ἄκουε
2748 4659 2842 4714 καὶ
2874 4656 3201 4727 διεγέρθητι,
3224 4654 3468 4715 καὶτοὺς
3492 4655 3557 4705 ἐν
3588 4654 3650 4721 τῇ
3680 4652 3767 4701 διαα

2120 4758 2241 4827 νοίᾳ
2265 4751 2560 4824 λογισμούς
2584 4767 2678 4803 σου
2711 4746 3031 4818 κινηθέντας
3055 4742 3473 4813 παρωσάμενος,
3498 4740 3655 4811 δέχου
3682 4740 3767 4789 iam

2120 4824 2227 4916 νὴν⁷
2262 4838 2632 4913 πληροφορίαν
2671 4837 2736 4889 ἐκ
2776 4834 2886 4888 τῶν
2925 4832 3057 4902 παρ’
3098 4829 3230 4902 ἐμοῦ
3280 4827 3621 4897 λεγομένων.
3664 4824 3767 4876 Ίὸοὑι

2121 4914 2232 5002 γάρ
2265 4930 2450 5000 Σάρρα
2481 4928 2513 4997 ἡ
2543 4924 2680 4995 γυνή
2716 4940 2832 4984 σου,
2866 4921 2932 4992 ἦν
2965 4919 3206 4989 νομίζεις
3229 4916 3318 4969 διά
3348 4932 3406 4967 τε
3432 4914 3542 4985 τὴν
3579 4914 3767 4981 cna-29¢»

2127 5037 2230 5081 σιν,
2271 5017 2360 5071 διά
2389 5032 2447 5068 τε
2480 5013 2543 5065 τὸ
2576 5010 2755 5081 γῆρας
2792 5007 3057 5062 ἀδύνατον
3091 5005 3276 5057 λοιπὸν
3303 5004 3513 5065 τεκεῖν,
3547 5002 3682 5068 αὕτη
3706 4997 3763 5047 τέο

2125 5106 2272 5175 ξεταί
2305 5122 2388 5158 σοι
2423 5102 2557 5156 υἱόν.
2594 5100 2706 5154 Καὶ
2733 5099 2818 5151 ἵνα
2844 5096 2976 5168 μηδέ
3005 5092 3363 5165 ἀμφιϐάλλειν
3393 5091 3552 5162 ἔχῃς,
3590 5089 3688 5143 ἰδού
3707 5102 3767 5137 τοι

2124 5197 2217 5251 καὶ
2237 5195 2332 5266 τὴν
2360 5188 2730 5263 προσηγορίαν
2754 5185 2847 5239 τοῦ
2872 5182 3190 5252 τικτομένου
3219 5178 3545 5251 προμηνύω.
3568 5178 3667 5229 Τὸν
3687 5176 3761 5239 γὰρ

2126 5264 2443 5351 τικτόμενον
2465 5277 2719 5337 καλέσεις
2760 5273 2963 5327 Ἰσαάκ.
3003 5268 3158 5337 Πρὸς
3186 5267 3293 5338 γὰρ
3321 5265 3568 5319 ἐκεῖνον
3590 5264 3761 5351 στῆσε

2128 5372 2241 5441 τὴν
2276 5344 2570 5435 διαθήκην
2612 5380 2732 5432 μου
2781 5362 2869 5426 εἰς
2911 5356 3205 5441 διαθήκην
3256 5354 3523 5413 αἰώνιον,
3573 5352 3664 5405 καὶ
3708 5344 3762 5441 nl:

2130 5430 2424 5527 σπέρματι
2454 5430 2639 5508 αὑτοῦ
2678 5448 2805 5523 μετ’
2843 5448 3050 5502 αὐτόν.
3093 5439 3261 5506 Οὗτος
3289 5440 3397 5512 γάρ
3440 5441 3615 5504 ἐστιν,
3654 5432 3767 5589 ὃν

2133 5548 2308 5589 Amic
2335 5544 2429 5589 καὶ
2456 5545 2519 5589 ὲκ
2549 5537 2850 5589 προοιμίων
2889 5552 2972 5589 σοι
2998 5532 3338 5589 ὑπεσγόμην,
3368 5528 3464 5582 καὶ
3509 5530 3591 5589 εις
3616 5524 3763 5578 nam

2132 5524 2308 5619 ἀρχῆς
2335 5544 2429 5599 καὶ
2456 5545 2519 5598 ἐκ
2549 5537 2850 5611 προοιμίων
2889 5552 2972 5589 σοι
2998 5532 3338 5619 ὑπεσχόμην,
3368 5528 3464 5582 κοιλ⁵
3509 5530 3591 5590 είς
3616 5524 3763 5619 τοῦτον

2130 5600 2341 5705 τάἢτῆς
2377 5600 2726 5699 ἐπαγγελίας⁷
2755 5626 2855 5696 τῆς
2885 5622 3027 5693 ἐμῆς
3071 5600 3511 5691 πληρωθήσεται.

2144 5726 2321 5783 πάντα
2366 5740 2449 5778 σοι
2482 5718 2754 5796 προλέγω,
2788 5714 2886 5786 οὐχ
2921 5714 3003 5767 ὅτι
3048 5710 3259 5780 τέξεται
3309 5706 3491 5780 μόνον,
3526 5703 3658 5759 ἀλλὰ
3697 5696 3763 5753 κεί
