3750 6240
115 254 218 317 569

117 371 223 426 lllze
275 367 420 424 enim
443 380 565 422 cum
612 362 819 437 frigida:
864 361 1016 420 facta:
1058 358 1255 416 fuerint
1280 401 1293 425 ,
1321 358 1462 417 haud
1509 372 1691 431 parem

114 464 426 532 voluptatem
449 456 876 516 convivatoribus
898 461 1186 526 praestant:
1214 467 1339 507 nam
1359 454 1404 506 si
1432 450 1499 506 ad
1527 465 1689 505 unum

114 566 200 610 aut
238 555 463 610 alterum
492 553 637 608 diem
661 550 859 605 fuerint
886 555 1169 603 reservata:
1187 585 1204 611 ,
1235 542 1450 599 inutiles
1470 541 1690 597 omnino

112 648 270 705 ﬁunt:
297 645 411 702 istae
430 657 559 698 vero
572 657 678 697 non
698 640 871 697 solum
891 639 935 694 si
958 638 1009 693 in
1028 652 1187 693 unum
1207 645 1262 691 et
1280 623 1685 698 alterum-diem,

109 738 198 794 sed
258 747 313 793 et
361 734 643 808 quantovis
689 740 930 802 tempore
984 729 1188 785 relictas
1214 726 1445 789 fuerint,
1506 738 1690 794 parem

108 829 356 887 exhibent
381 828 681 889 utilitatem,
704 822 1054 890 eamdemque
1072 819 1302 874 aderunt
1325 817 1647 886 voluptatem
1669 831 1689 871 ς

108 922 294 977 ditium
336 919 478 973 enim
504 924 627 972 sunt
652 925 707 969 et
749 912 1083 983 spirituales,
1135 924 1309 978 neque
1337 907 1505 963 ullum
1548 907 1629 961 eis
1658 922 1688 959 a

109 1026 339 1083 tempore
368 1018 749 1066 nocumentum
788 1006 1070 1069 imminet,
1105 1002 1201 1058 sed
1227 1001 1462 1072 quotidie
1492 1016 1686 1055 novum

108 1107 335 1175 vigorem
374 1102 605 1157 aﬁ'erunt
627 1141 642 1163 ,
664 1110 717 1154 et
741 1114 835 1155 eos
864 1096 956 1167 qui
1002 1095 1107 1151 illis
1149 1093 1251 1149 frui
1281 1093 1496 1159 volunt,
1525 1090 1686 1145 multa

107 1196 317 1265 implent
346 1194 544 1249 ltetitia.
575 1190 808 1246 Proinde
829 1191 953 1262 quia
982 1187 1104 1242 talis
1124 1187 1311 1241 harum
1343 1185 1686 1255 reliquiarum

105 1291 179 1340 vis
203 1296 302 1350 est,
330 1302 426 1355 age
450 1284 699 1339 alacriter
724 1290 781 1337 et
810 1296 906 1336 vos
936 1294 1186 1350 magnam
1212 1276 1335 1332 inde
1364 1276 1684 1345 voluptatem

102 1379 315 1442 auferte,
348 1391 551 1446 nosque
577 1374 801 1429 ﬁdentes
820 1386 1007 1428 earum
1023 1370 1299 1436 efﬁcaciae,
1327 1382 1686 1440 pr0pouamus

102 1485 188 1527 eas
219 1480 413 1523 vestrae
451 1466 680 1523 caritati.
729 1465 929 1520 Verum
955 1472 1013 1521 ut
1054 1462 1205 1519 vobis
1247 1476 1424 1517 sermo
1455 1461 1545 1516 ille
1572 1476 1686 1516 ma-

102 1561 339 1617 nifestior
353 1559 610 1623 videatur,
629 1572 806 1629 operte
824 1559 1055 1627 pretium
1066 1553 1223 1610 merit
1238 1552 1544 1609 meminisse
1567 1552 1685 1607 ﬁnis

101 1654 208 1712 heri
243 1652 508 1708 dictorum
531 1693 548 1718 ,
583 1660 639 1705 ut
677 1651 757 1705 sic
797 1648 1043 1707 ordinem
1069 1661 1134 1701 ac
1172 1646 1367 1702 seriem
1411 1644 1682 1713 assequuti

99 1746 391 1802 doctrinam
407 1745 745 1815 attingamus.
772 1742 893 1797 Heri
917 1749 1244 1812 praeceptum
1262 1738 1683 1795 circnmcisionis

97 1839 407 1897 adduximus
430 1838 483 1893 iu
512 1837 761 1902 medium,
789 1844 844 1891 et
869 1834 1068 1889 dictum
1096 1832 1224 1888 illud
1254 1832 1343 1887 Dei
1360 1831 1425 1886 ad
1455 1831 1681 1901 patriar-

97 1931 240 1986 cbam
274 1947 289 1983 :
325 1928 723 1984 Circumcidetur
762 1942 908 1981 omne
962 1926 1298 1980 masculinum
1341 1932 1593 1987 vestrum,
1637 1930 1683 1976 et

97 2022 180 2075 erit
205 2022 257 2074 in
288 2022 491 2091 signum
526 2018 807 2072 testamenti
835 2018 966 2070 inter
1009 2032 1089 2070 me
1112 2024 1159 2069 et
1190 2031 1295 2069 vos.
1329 2013 1397 2069 Et
1428 2030 1553 2086 puer
1571 2023 1682 2067 octo

94 2114 280 2166 dierum
320 2110 728 2165 circumcidetur.
762 2108 829 2162 Et
851 2109 937 2179 qui
972 2124 1073 2163 non
1111 2108 1436 2162 circumcisus
1480 2106 1678 2175 fuerit,

98 2204 269 2274 peribit
315 2203 489 2256 anima
527 2200 644 2265 illa,
670 2201 788 2271 quia
817 2209 1170 2257 testamentum
1202 2216 1368 2258 meum
1397 2199 1679 2271 dissipavit.

96 2295 162 2353 [hi
186 2308 497 2351 sermonem
523 2292 791 2346 ﬁuivimus
816 2290 869 2345 in
890 2290 1313 2348 circumcisionis
1343 2301 1675 2361 argumento;

94 2396 141 2440 et
172 2400 234 2438 ne
256 2384 598 2439 multitudine
623 2382 885 2438 dictorum
907 2391 1136 2437 vestram
1159 2382 1506 2439 obrueremus
1524 2399 1676 2441 meu-

94 2488 209 2543 tcm,
242 2477 510 2532 noluimus
554 2475 687 2532 ultra
714 2473 981 2545 progredi.
1011 2473 1192 2543 Neque
1214 2475 1357 2531 enim
1382 2474 1482 2529 hoc
1503 2474 1677 2533 sobtm

91 2584 356 2635 cru-amns,
374 2578 431 2621 ut
453 2567 613 2621 multa
636 2566 971 2631 dicamus,,et
994 2575 1177 2635 pastea
1196 2565 1562 2631 abscedamus,
1582 2566 1676 2620 sed

93 2662 245 2716 nostri
287 2658 555 2714 sermonis
597 2657 894 2711 doctrinam
941 2656 1131 2710 vestris
1184 2655 1393 2712 viribus
1435 2657 1677 2727 cupimus

90 2770 198 2809 esse
221 2751 579 2822 adtequatam,
606 2760 661 2804 ut
688 2749 859 2808 fructu
886 2748 1136 2819 quapiam
1158 2763 1223 2803 ex
1246 2747 1401 2803 dictis
1423 2760 1675 2820 percepto

89 2848 293 2902 domum
324 2845 558 2902 redeatis
583 2859 792 2901 omnes.
836 2844 949 2913 Age
992 2842 1152 2913 igitur
1178 2842 1245 2897 ad
1284 2858 1347 2898 ea
1372 2858 1492 2913 qme
1533 2842 1674 2898 dicta

86 2949 233 3007 sunt,
278 2938 632 3008 adiungamus
670 2946 723 2990 et
752 2935 954 3005 reliqua
985 2951 999 2987 :
1029 2943 1086 2988 ut
1111 2933 1383 2989 videamus
1408 2943 1528 3004 post
1564 2935 1671 2991 cir-

88 3031 424 3089 cumcisionis
449 3037 797 3100 praeceptum,
826 3026 951 3097 quid
984 3027 1242 3096 benignus
1273 3027 1413 3081 Deus
1442 3026 1670 3096 patriar-

84 3130 193 3185 cha:
216 3126 463 3197 loquatur
492 3134 546 3180 et
572 3122 967 3194 pr0ponat.15.
1002 3121 1067 3175 Ει
1107 3121 1234 3175 dixit
1254 3161 1270 3184 ,
1300 3121 1494 3191 inquit,
1527 3119 1666 3177 Deus

85 3220 289 3274 Mralta:
310 3234 332 3273 :
365 3216 500 3272 Sara
521 3232 651 3269 uxor
677 3225 763 3268 tua
790 3229 889 3267 non
910 3213 1042 3266 ultra
1070 3214 1326 3266 vocabitur
1356 3212 1555 3266 nomine
1579 3228 1670 3267 suo

84 3312 241 3379 Sara,
275 3310 368 3366 sed
398 3309 561 3365 Sarra
585 3308 677 3362 erit
707 3323 886 3361 nomen
910 3306 1017 3377 ejus
1048 3305 1142 3377 (a).
1187 3305 1665 3372 Quemadmodum,

82 3404 277 3473 inquit,
324 3402 598 3457 elemento
629 3398 721 3453 tibi
765 3396 950 3452 addito
998 3395 1335 3467 signiﬁcavi,
1364 3408 1416 3449 te
1460 3404 1665 3466 patrem

82 3496 306 3550 futurum
328 3495 615 3549 multarum
638 3491 875 3562 gentium
904 3506 918 3543 :
948 3490 1016 3544 ita
1050 3497 1105 3544 et
1131 3489 1276 3544 Sara:
1303 3489 1545 3544 similiter
1572 3505 1669 3559 ap-

81 3604 209 3657 pono
231 3588 463 3649 literam,
493 3594 549 3638 ut
568 3584 742 3639 discas
758 3597 901 3637 nunc
928 3590 1134 3651 tempus
1158 3580 1367 3644 adesse,
1394 3588 1451 3634 ut
1478 3580 1605 3635 olim
1632 3596 1663 3637 a

77 3698 155 3735 me
181 3681 440 3751 promissa
465 3678 799 3747 impleantur.
827 3676 934 3730 Erit
960 3676 1116 3743 enim,
1145 3675 1332 3743 inquit,
1356 3691 1535 3728 nomen
1554 3674 1665 3744 ejus

78 3778 247 3829 Sarra.
295 3774 387 3829 16.
413 3771 719 3826 Benedicam
743 3777 910 3823 autem
947 3784 1057 3821 eam
1080 3808 1096 3833 ,
1137 3775 1186 3820 et
1224 3766 1354 3821 dabo
1389 3765 1479 3820 tibi
1518 3783 1579 3820 ea:
1603 3782 1663 3821 ea

78 3869 262 3935 lilium,
293 3876 345 3920 et
367 3854 656 3919 benedicens
678 3861 857 3927 illum,
889 3871 934 3913 et
961 3861 1054 3915 erit
1090 3860 1143 3913 in
1165 3869 1359 3929 gentem
1379 3898 1395 3923 ,
1442 3869 1486 3913 et
1522 3873 1661 3929 reges

74 3960 283 4029 gentium
317 3974 386 4013 ea:
427 3973 485 4011 eo
510 3956 736 4011 exibunt.
772 3953 975 4008 Idcirco
1014 3952 1161 4021 prius
1201 3951 1408 4006 literam
1451 3949 1657 4018 adjeci,

74 4062 127 4106 ut
149 4053 282 4107 scias
307 4051 532 4105 omnino
564 4051 739 4103 futura
768 4062 894 4103 esse
921 4062 1039 4114 qua:
1064 4061 1094 4100 a
1124 4060 1212 4101 me
1244 4045 1381 4100 dicta
1408 4055 1551 4101 sunt.
1581 4044 1659 4107 Ne

73 4146 218 4214 igitur
244 4144 311 4198 ad
344 4142 706 4197 inﬁrmitatem
734 4148 937 4197 naturai
965 4148 1216 4209 spectans
1235 4178 1256 4203 ,
1281 4137 1517 4192 animum
1557 4137 1657 4194 de-

73 4236 284 4306 sponde,
313 4238 411 4289 sed
440 4234 613 4304 potius
638 4231 703 4285 ad
733 4230 942 4285 virtutis
968 4244 1102 4283 mea:
1132 4228 1551 4299 magnitudinem
1579 4245 1656 4286 re-

71 4327 311 4396 spiciens,
348 4324 507 4379 ﬁdem
535 4322 671 4377 habe
699 4322 761 4375 iis
789 4334 909 4389 quas
935 4334 965 4373 a
998 4334 1085 4373 me
1101 4317 1239 4374 dicta
1263 4330 1405 4375 smu.
1436 4318 1656 4373 Benedi-

71 4434 174 4471 cam
200 4419 344 4473 enim
371 4433 480 4470 eam
498 4455 516 4481 ,
538 4423 585 4468 et
610 4412 740 4467 dabo
769 4412 858 4465 tibi
887 4426 949 4465 ea;
973 4427 1031 4464 ea
1066 4411 1259 4477 ﬁlium,
1301 4420 1346 4465 et
1367 4411 1655 4465 benedicam

70 4511 227 4576 illum,
256 4520 303 4564 et
342 4509 435 4563 erit
459 4508 512 4561 in
538 4514 729 4577 gentes,
757 4514 802 4558 et
828 4519 968 4574 reges
996 4502 1203 4557 exibunt
1225 4519 1290 4557 ea:
1308 4518 1383 4557 ea.
1413 4503 1653 4559 Excede-

70 4606 190 4660 hant
214 4604 502 4659 humanam
530 4610 771 4656 naturam
799 4598 1091 4668 promissa:
1121 4605 1175 4651 et
1198 4595 1420 4665 perinde
1447 4596 1562 4660 fuit,
1590 4613 1652 4652 ac

68 4702 107 4753 si
135 4700 323 4769 aliquis
355 4696 695 4767 polliceretur
732 4706 795 4747 ex
823 4690 1090 4760 lapidibus
1120 4688 1367 4745 homines
1390 4704 1449 4743 se
1481 4692 1648 4743 factu-

69 4808 197 4845 rum.
227 4791 367 4846 Nihil
393 4789 535 4844 enim
561 4803 591 4840 a
622 4785 887 4855 lapidibus
914 4782 1263 4848 differebant,
1295 4791 1550 4851 quantum
1582 4783 1646 4838 ad

68 4887 456 4955 generationem
486 4881 679 4936 attinet
704 4877 780 4950 (b)
805 4919 820 4945 ,
839 4886 891 4933 et
915 4875 1214 4947 patriarcha
1236 4889 1346 4943 pra:
1372 4885 1648 4933 senectute

124 5074 194 5136 (η)
229 5081 279 5122 tu
301 5071 508 5122 Hebraeo
527 5078 641 5120 aute
686 5066 1003 5117 mutationem
1041 5062 1271 5120 numinis,
1315 5067 1418 5119 31w
1437 5102 1455 5126 ,
1477 5064 1643 5129 Sami,

66 5147 337 5203 vocabatur;
349 5151 457 5205 post
478 5143 790 5193 mutationem
804 5148 988 5196 autem,
1014 5140 1150 5196 τηιυ,
1177 5148 1313 5189 Sara.
1332 5142 1644 5199 septuaginta

67 5229 176 5266 vero
200 5216 523 5325 luterpretes,
556 5227 689 5277 Σάββα,
718 5214 1013 5273 exprimunt,
1041 5216 1091 5256 et
1113 5208 1353 5270 duplicato
1377 5240 1396 5275 ρ
1420 5215 1640 5261 mutatio-

67 5291 170 5325 nem
194 5277 324 5325 illam
366 5276 559 5325 ndicaut
584 5290 595 5325 :
621 5289 718 5325 (tuo
741 5276 915 5323 factum
939 5278 1015 5318 est
1051 5276 1105 5317 ut.
1124 5274 1485 5325 Chrysostomus
1508 5283 1640 5325 mna-

67 5291 170 5326 uem
194 5277 324 5326 illam
339 5274 559 5326 indicant
584 5274 718 5339 {quo
741 5276 915 5339 factum
939 5278 1015 5339 est
1051 5276 1105 5317 ut.
1124 5274 1485 5339 chrysostoums
1508 5283 1645 5338 puta-

66 5344 183 5390 ιρι-ιι
201 5341 457 5389 addituma
483 5346 582 5388 Deo
605 5335 754 5388 lliisse
778 5335 953 5385 nomini
978 5342 1101 5381 sane
1124 5336 1441 5389 elementum.
1470 5335 1524 5385 Ai.
1546 5350 1643 5387 non

66 5402 267 5453 additum
288 5402 589 5450 elementum
620 5401 725 5458 fuit,
749 5400 836 5449 sed
863 5403 1095 5446 mutatum
1116 5398 1136 5435 'I
1160 5400 1205 5447 in
1227 5404 1280 5450 Π,

124 5473 190 5534 (b)
220 5472 438 5522 Oratorio
461 5484 614 5531 more,
639 5471 717 5521 vel
743 5468 1033 5534 attentionis
1047 5472 1200 5534 lapsu,
1223 5469 1339 5534 dicit
1369 5467 1643 5534 Cbrysosto-

64 5530 418 5583 mus'Abrabam
440 5542 491 5583 et
511 5530 669 5583 Soram
695 5546 790 5583 non
814 5533 969 5593 mgis
993 5530 1193 5583 idoneos
1210 5531 1269 5580 ad
1288 5530 1473 5593 prolem
1489 5532 1641 5579 susci-

64 5598 279 5658 piendam
306 5605 419 5646 tunc
442 5596 609 5661 tuisse,
632 5611 775 5661 quam
796 5592 1006 5661 lapides;
1028 5596 1077 5661 id
1103 5592 1299 5661 quidem
1327 5593 1391 5661 de
1414 5599 1520 5640 Sara
1522 5592 1638 5661 ‘t-lici

66 5652 240 5718 intuit;
279 5671 424 5708 secus
445 5659 509 5707 dc
531 5652 809 5719 Abrahamo,
834 5652 914 5721 qui
942 5652 1105 5707 multis
1123 5652 1235 5720 post
1251 5656 1389 5705 annis
1409 5666 1499 5704 sex
1517 5652 1640 5705 illius

61 5724 265 5783 suscepit
289 5733 353 5771 ex

1153 243 1221 303 IN
1256 242 1413 302 CAP.
1446 240 1611 300 XVII.
1651 237 1897 301 GENES.
1940 242 2172 301 ιιυιιιι.
2214 244 2327 301 XL.

3280 221 3389 311 370

1793 372 1968 441 prope.
2007 358 2274 429 impotens
2302 365 2419 415 erat
2442 400 2459 426 ,
2503 366 2559 415 et
2588 357 2658 417 ad
2696 358 2924 417 ﬁliorum
2961 362 3386 432 procreationem

1796 449 2015 506 omnino
2044 452 2274 519 inutilis,
2304 463 2359 507 et
2387 451 2547 507 Sarra
2584 452 2651 508 ad
2682 451 2783 510 hoc
2807 453 2950 525 quod
2977 464 3160 513 natura
3192 458 3391 510 sterilis

1794 550 1935 606 erat,
1961 542 2236 597 laborabat
2262 552 2317 599 et
2343 544 2516 599 aetatis
2542 553 2596 598 et
2620 546 2915 603 senectutis
2941 546 3386 606 vitio..Cteterum

1792 631 1965 704 justus
1987 632 2101 688 lucc
2124 635 2366 701 audiens,
2392 646 2685 707 putausque
2706 637 2833 693 olim
2863 637 2953 693 Dei
2978 640 3385 709 promissionem

1795 723 2064 794 impletum
2094 726 2148 781 in
2178 726 2399 784 lsmaele
2431 745 2445 783 :
2474 729 2599 799 quia
2627 729 2769 785 enim
2795 730 2934 786 dixit
2961 749 2973 786 :
3002 730 3115 789 Tibi
3140 744 3190 791 et
3209 735 3389 789 semini

1795 825 1881 869 tuo
1902 816 2031 870 dabo
2050 819 2237 872 terram
2266 818 2418 884 hanc,
2447 835 2545 875 nec
2565 821 2809 876 distinxit
2834 836 2893 878 se
2915 822 2984 879 de
3008 824 3115 879 ﬁlio
3135 840 3202 879 es
3226 827 3385 881 Sarra

1796 909 2068 963 nascituro
2095 911 2237 980 loqui
2260 952 2276 976 ,
2307 911 2398 967 ille
2426 913 2689 983 cogitabat
2728 930 2907 969 secum
2931 914 3042 984 jam
3070 918 3387 987 promissio-

1796 1016 1892 1055 nes
1939 1002 2185 1073 impletas
2228 1017 2350 1059 esse
2383 1022 2396 1059 :
2430 1020 2572 1060 nunc
2612 1015 2788 1059 autem
2835 1006 3059 1062 audiens
3105 1008 3383 1065 Dominum

1798 1091 1962 1146 Deum
1985 1094 2271 1161 dicentem,
2305 1094 2605 1150 Benedicam
2636 1097 2871 1163 Sarram,
2898 1108 2948 1154 et
2978 1100 3107 1153 dabo
3130 1102 3217 1155 tibi
3237 1120 3299 1156 ex.
3325 1120 3385 1156 ea

1793 1184 1978 1251 ﬁlium,
2009 1196 2054 1240 et
2079 1186 2366 1240 benedicam
2400 1188 2566 1253 illum,
2589 1198 2636 1242 et
2659 1189 2752 1242 erit
2771 1188 2824 1243 in
2845 1199 3016 1260 gentes
3037 1206 3057 1254 ;
3083 1202 3138 1246 et
3159 1192 3381 1248 iterum:

1794 1271 1880 1327 Ea:
1906 1274 1995 1329 illo
2025 1292 2164 1347 reges
2204 1279 2428 1347 gentium
2467 1277 2963 1349 egredianturmum
3004 1282 3233 1336 nesciret
3257 1284 3383 1353 quid

1792 1366 1993 1422 diceret
2026 1370 2239 1440 (neque
2273 1371 2414 1425 enim
2442 1371 2533 1426 Dei
2572 1371 2748 1427 verbis
2785 1373 3007 1429 credere
3045 1390 3147 1430 non
3177 1388 3414 1447 poterat.

1794 1460 1873 1513 vir
1904 1469 2007 1513 tam
2036 1462 2381 1533 religiosus),
2434 1463 2501 1517 ad
2534 1478 2684 1517 suam
2732 1465 3028 1534 respiciens
3053 1443 3262 1525 {etatem
3289 1511 3302 1533 ,
3332 1480 3386 1524 et

1791 1553 1965 1609 Sarra:
1990 1556 2345 1622 sterilitatem,
2364 1572 2482 1627 qum
2511 1557 2575 1610 ad
2606 1558 2746 1611 illam
2764 1572 2933 1628 usque
2956 1567 3166 1619 aetatem
3192 1561 3385 1631 pcrdu:

1792 1654 2044 1710 raverat,
2073 1647 2277 1700 consilii
2327 1648 2479 1717 inops
2525 1657 2578 1702 et
2620 1647 3019 1718 obstupescens
3045 1649 3115 1707 ob
3150 1652 3381 1722 promise

1790 1738 1992 1794 sionem
2038 1740 2125 1794 Dei
2159 1758 2172 1795 :
2206 1741 2289 1795 l7.
2320 1738 2542 1805 Cecidit,
2578 1741 2846 1811 inquit,,,in
2867 1741 3069 1815 faciem,
3098 1752 3143 1797 et
3171 1744 3301 1798 risit.
3334 1802 3341 1808 ,

1860 1831 1914 1884 2.
1946 1832 2142 1887 Videns
2173 1833 2358 1887 miram
2383 1834 2822 1903 promissionem,
2851 1845 2906 1890 et
2935 1839 3224 1905 potentiam
3259 1839 3389 1908 ejus.
3415 1889 3418 1893 .

1788 1924 1878 1991 qui
1927 1925 2243 1993 promiserat
2283 1927 2543 1995 cogitans,
2584 1925 2776 1983 Cecidit
2799 1928 2852 1981 in
2889 1930 3105 1999 faciem,
3154 1941 3203 1984 et
3244 1932 3375 1998 risit,

1792 2015 1895 2072 hoc
1939 2030 2040 2082 εει,
2090 2020 2361 2089 voluptate
2391 2020 2639 2090 perfusus
2682 2032 2799 2089 eSt;
2830 2032 2884 2079 et
2925 2024 2976 2078 in
3021 2025 3202 2081 animo
3238 2028 3383 2099 cogi-

1791 2108 1955 2172 tabat,
1987 2112 2256 2179 quomodo
2282 2112 2573 2173 secundum
2605 2113 2892 2169 humanam
2940 2118 3380 2175 consuetudinem

1790 2197 1892 2253 hoc
1918 2200 2031 2256 ﬁeri
2064 2211 2265 2270 posset,
2302 2220 2426 2258 num
2455 2206 2767 2261 centenario
2792 2221 3104 2264 nasceretur
3134 2210 3291 2276 ﬁlius,
3317 2228 3380 2268 ac

1791 2308 1915 2345 num
1960 2294 2163 2349 sterilis
2209 2304 2264 2350 et
2309 2298 2668 2367 nonagenaria
2708 2308 2930 2367 repente
2969 2310 3150 2370 posset
3189 2302 3379 2359 idonea

1786 2383 1899 2437 ﬁeri
1924 2383 1989 2436 ad
2018 2394 2237 2453 partum.
2261 2382 2331 2454 (υ.
2366 2387 2479 2459 17).
2511 2388 2686 2458 Atque
2711 2403 2831 2443 cum
2872 2389 2987 2446 lucc
3016 2391 3196 2453 animo
3236 2393 3377 2463 cogi.-

1786 2483 1969 2537 tassct,
2002 2491 2107 2530 non
2138 2476 2369 2533 audebat
2407 2478 2512 2534 tale
2554 2480 2804 2550 quiddam
2851 2482 3026 2552 lingua
3069 2483 3251 2552 ell'ari;
3280 2486 3383 2547 sed,

1783 2579 1990 2638 gratum
2035 2570 2296 2625 exhibens
2333 2573 2570 2626 animum
2598 2574 2771 2628 oravit
2800 2589 2897 2643 pro
2937 2574 3158 2631 lsmaclc
3178 2620 3198 2642 ,
3223 2580 3383 2647 quasi.

1782 2659 2023 2715 diceret:
2056 2660 2303 2727 Domine,
2335 2663 2464 2718 satis
2495 2679 2580 2718 me
2601 2665 2908 2719 consolatus
2936 2680 3017 2733 es,
3050 2677 3106 2721 et
3131 2666 3377 2732 dolorem

1781 2766 1939 2821 quem
1969 2766 2036 2806 ex
2069 2753 2232 2821 prolis
2254 2753 2429 2823 inopia
2455 2755 2728 2825 gerebam,
2761 2755 2884 2817 dato
2915 2757 3136 2815 lsmaelc
3156 2757 3207 2813 in
3235 2760 3371 2825 laeti:-

1784 2844 1907 2898 tiam
1936 2844 2163 2900 vertisti.
2192 2844 2325 2900 Nato
2346 2846 2486 2899 enim
2513 2846 2624 2910 illo,
2651 2863 2821 2917 neque
2847 2847 2897 2901 in
2926 2859 3158 2912 mentem
3190 2860 3377 2920 postea

1780 2936 1984 3005 accepi,
2033 2937 2113 2992 vel
2160 2937 2385 3008 cogitavi
2433 2938 2721 3007 aliquando
2763 2956 2794 2992 c
2836 2940 2995 3003 Sarra
3042 2942 3368 3005 nasciturum

1779 3029 1906 3083 mihi
1937 3028 2125 3090 ﬁlium,
2152 3030 2244 3084 sed
2275 3045 2446 3098 neque
2475 3030 2594 3098 ipsa.
2618 3030 2718 3083 hoc
2739 3032 3066 3101 exspectavit
3095 3033 3369 3101 εηίιιυοιιιιο

1777 3123 1919 3190 Agar
1972 3120 2099 3175 mihi
2156 3121 2399 3189 tradidit,
2445 3136 2659 3176 omnem
2713 3123 2812 3177 sibi
2872 3139 3020 3192 spem
3073 3123 3376 3195 denegans.

1776 3211 2017 3282 Magnam
2066 3210 2483 3266 consolationem
2528 3210 2688 3265 ambo
2740 3213 3045 3282 accepimus
3096 3223 3223 3268 nato
3259 3215 3368 3270 ﬁlio

1775 3302 2016 3357 lsmaele.
2042 3303 2139 3360 llic
2165 3304 2451 3374 ἰδίην-,ηιιί
2476 3319 2503 3355 a
2534 3313 2586 3358 te
2615 3304 2770 3359 datus
2790 3314 2892 3373 est,
2913 3307 3047 3358 vivat
3075 3322 3256 3367 coram
3289 3317 3362 3372 te,

1774 3405 1831 3451 et
1855 3394 2068 3451 abunde
2116 3396 2245 3449 satis
2276 3396 2501 3450 recreati
2547 3396 2751 3451 erimus
2772 3438 2788 3461 ,
2818 3406 2871 3451 et
2902 3406 3230 3453 senectutem
3264 3414 3361 3453 uo-

1771 3499 1939 3547 stram
1986 3488 2129 3545 illius
2159 3488 2263 3541 vita
2306 3487 2587 3542 solabitur.
2628 3488 2763 3557 Quid
2810 3489 2969 3559 igitur
3005 3490 3071 3544 ad
3115 3489 3362 3551 haechec

1772 3581 1963 3650 nignus
1993 3580 2288 3637 Dominus?
2308 3580 2439 3648 Quia
2468 3581 2607 3651 piam
2627 3580 2756 3651 justi
2784 3593 3027 3644 mentem,
3046 3593 3194 3639 tanto
3224 3592 3363 3641 tem-

1768 3690 1900 3746 pore
1926 3674 2056 3727 satis
2086 3674 2425 3745 probaverat,
2458 3685 2513 3730 et
2550 3676 2730 3730 Sarra:
2777 3674 2933 3735 ﬁdem
2954 3678 3135 3747 aquia
3154 3679 3383 3739 viderat:

1768 3776 2057 3835 utrumque
2105 3765 2233 3819 nihil
2278 3766 2377 3820 sibi
2423 3766 2491 3821 de
2531 3767 2641 3822 suis
2684 3769 3079 3836 promittentem
3120 3772 3356 3835 viribus,

1768 3857 2038 3915 Abraham
2070 3858 2286 3930 quidem
2314 3868 2533 3932 propter
2554 3869 2906 3927 senectutem,
2934 3861 2972 3916 S
2991 3880 3148 3916 trram
3177 3873 3354 3921 autem

1766 3962 1987 4024 propter
2015 3952 2351 4009 sterilitatem
2383 3964 2543 4024 atque
2569 3962 2778 4009 aetatem
2804 3996 2819 4020 ,
2847 3954 2975 4010 dicit
3000 3974 3013 4009 :
3045 3954 3195 4013 Nunc
3233 3958 3378 4028 quia,

1766 4044 1986 4103 omnino
2010 4044 2163 4097 vobis
2205 4044 2306 4098 hoc
2344 4060 2464 4103 esse
2504 4045 2711 4099 videtur
2738 4044 3068 4116 impossibile
3102 4065 3116 4103 :
3155 4048 3377 4109 idcirco.

1765 4136 1908 4192 enim
1937 4147 1989 4192 et
2011 4152 2110 4208 ego
2140 4135 2338 4191 tamdiu
2383 4135 2596 4202 distuli,
2628 4147 2685 4191 ut
2719 4136 2996 4192 ostendam
3030 4138 3186 4210 longe
3214 4141 3375 4200 ultra.

1764 4238 2006 4286 naturam
2048 4244 2166 4283 esse
2216 4227 2413 4284 donum
2462 4228 2604 4298 quod
2651 4229 2923 4294 concedo,
2970 4229 3110 4298 quod
3152 4239 3207 4285 et
3258 4248 3374 4288 vos.

1760 4319 1957 4388 aliique
1999 4334 2187 4375 omnes
2227 4318 2312 4374 his
2351 4319 2503 4374 factis
2545 4320 2751 4374 discant
2781 4337 2866 4376 me
2892 4330 2946 4377 et
2988 4331 3193 4377 natura:
3243 4321 3368 4380 Βοηι.

1761 4414 1964 4467 minum
2021 4426 2169 4476 esse,
2222 4421 2277 4465 et
2321 4412 2386 4464 ad
2430 4410 2805 4482 quodcumque
2853 4412 3064 4468 libuerit
3108 4429 3169 4469 ea
3229 4415 3366 4481 uti.,_

1760 4507 2034 4576 ipsamque
2055 4504 2297 4575 obsequi,
2322 4514 2372 4558 ct
2390 4504 2582 4560 cedere
2601 4506 2879 4575 praeceptis
2907 4507 3060 4560 meis.
3083 4505 3183 4574 Qui
3206 4507 3349 4560 enim

1758 4614 1875 4653 eam
1901 4614 1965 4653 ex
1992 4598 2158 4653 nihilo
2184 4598 2452 4668 produxi,
2478 4600 2661 4653 multo.
2687 4599 2855 4670 magis
2885 4614 3005 4653 cum
3029 4597 3139 4669 jam
3177 4600 3268 4667 sit,
3295 4611 3364 4659 etr

1756 4690 2035 4755 claudicet,
2072 4690 2277 4760 erigere
2305 4704 2542 4759 possum.
2574 4688 2643 4748 Ut
2670 4689 2830 4760 igitur
2859 4690 3049 4745 melius
3075 4688 3349 4745 conﬁdere

1756 4784 1952 4854 possis.
2000 4783 2124 4839 audi
2167 4792 2214 4838 et
2263 4784 2667 4854 expergiscere,
2698 4784 3033 4854 repulsisque
3066 4783 3349 4854 cogitatio-

1756 4876 1911 4930 nibus
1940 4876 2138 4929 mentis
2173 4883 2311 4940 tuae,
2341 4873 2568 4943 accipito
2612 4889 2679 4928 ex
2725 4875 2789 4929 iis
2817 4890 2936 4944 qua:
2966 4873 3056 4928 tibi
3098 4873 3348 4927 dicuntur

1754 4979 1959 5025 certum
2004 4976 2399 5040 argumentum.
2453 4968 2590 5021 Ecce
2632 4968 2773 5021 enim
2829 4965 2987 5022 Sarra
3038 4981 3175 5021 uxor
3221 4976 3343 5031 tua,

1751 5078 1911 5133 quam
1940 5071 2094 5130 putas
2118 5070 2232 5135 tum
2266 5069 2482 5129 propter
2502 5058 2859 5123 sterilitatem,
2892 5066 3001 5111 tum
3027 5066 3242 5127 propter
3261 5072 3346 5111 se:

1752 5136 1898 5210 nium
1925 5168 2113 5222 parere
2136 5170 2239 5207 non
2269 5166 2447 5222 posse,
2478 5152 2589 5221 ipsa
2612 5150 2785 5221 pariet
2806 5152 2897 5204 tibi
2923 5149 3089 5205 lilium
3118 5154 3187 5221 (υ.
3219 5149 3345 5221 l9):

1750 5254 1805 5302 ct
1852 5255 1907 5300 ut
1943 5244 2071 5299 nihil
2127 5244 2373 5308 haesites,
2422 5258 2547 5297 ecce
2587 5243 2681 5297 tibi
2728 5251 2782 5300 ct
2832 5258 3025 5298 nomen
3084 5243 3202 5312 ejus
3250 5243 3346 5318 qui

1750 5347 2002 5392 nascetur
2034 5336 2475 5407 pru‘moustrabo.
2511 5335 2641 5389 Eum
2672 5337 2812 5391 enim
2849 5338 2935 5407 qui
2971 5347 3217 5392 nascetur
3242 5353 3337 5392 vos

1748 5432 1898 5486 cabis
1925 5430 2089 5485 Isaac.
2119 5428 2187 5484 Et
2218 5445 2403 5483 vortam
2441 5437 2789 5483 testamentum
2830 5446 2993 5483 meum
3034 5430 3103 5483 ad
3130 5447 3243 5490 eum
3287 5430 3341 5487 in

1747 5532 2098 5579 testamentum
2122 5522 2509 5590 sempiternum,
2534 5529 2579 5575 et
2600 5520 2777 5575 semini
2805 5522 2916 5592 ejus
2941 5532 3055 5593 post
3080 5539 3216 5579 eum.
3243 5522 3338 5579 llic

1746 5614 1946 5668 etenim
1977 5623 2063 5679 est
2091 5628 2246 5682 quem
2271 5612 2501 5683 primum
2533 5620 2588 5667 et
2611 5612 2680 5668 ab
2704 5613 2855 5668 initio
2879 5614 2973 5668 tibi
3007 5615 3246 5685 promisi.
3274 5630 3338 5670 ac

1748 5706 1801 5763 in
1844 5706 1944 5762 hoc
1983 5705 2367 5777 promissioncs
2403 5721 2538 5762 mea:
2578 5704 2964 5778 implebuntur.
3014 5706 3242 5770 Proinde
3285 5718 3340 5765 et
