3750 6248
376 201 479 298 υἱ

385 377 565 436 onmia
596 376 692 434 tibi
723 374 986 449 praedico,
1019 389 1125 431 non
1151 373 1326 431 solum
1358 370 1500 443 quod
1529 371 1829 428 nasciturus
1856 371 1960 437 sit,

384 472 481 530 sed
501 480 556 529 et
575 468 845 544 quomodo
872 483 993 525 eum
1018 480 1212 522 vocare
1230 464 1449 531 debeas,
1471 472 1631 534 atque
1656 478 1744 518 me
1764 456 1815 518 ei
1834 477 1966 517 con-

379 568 687 620 stituturum
711 569 1085 618 testamentum
1108 573 1285 614 meum
1307 575 1320 610 :
1346 572 1518 627 neque
1534 558 1639 612 hoc
1652 557 1848 620 solum,
1872 554 1966 610 sed

384 657 449 713 Et
479 657 657 713 semini
683 656 795 726 ejus
843 662 955 726 post
995 669 1128 708 eum.
1162 651 1362 708 Deinde
1403 649 1639 706 liberalis
1677 648 1963 719 Dominus,

383 750 471 820 qui
518 763 735 819 semper
780 743 1121 802 accumulare
1170 744 1307 799 solet
1359 740 1654 807 beneﬁcia,
1703 749 1757 796 et
1806 739 1966 811 longe

384 851 593 899 nostras
638 838 903 896 excedere
931 837 1245 910 petitiones,
1273 836 1525 907 quoniam
1564 844 1800 890 mentem
1836 832 1966 903 justi

376 943 643 1001 erexerat,
686 942 741 989 et
767 948 860 1004 per
900 947 962 987 ea
988 946 1108 1002 qua:
1158 928 1418 999 promisit,
1465 930 1576 984 lere
1614 926 1865 997 juvenem
1896 939 1963 980 ex

378 1042 510 1084 sene
537 1027 757 1092 fecerat,
788 1039 1019 1095 eumque
1039 1022 1130 1093 qui
1154 1030 1397 1077 mortuus
1425 1028 1561 1087 erat,
1591 1027 1649 1073 ut
1675 1018 1744 1071 ita
1765 1015 1961 1083 dicam,

375 1120 554 1178 verbis
580 1118 915 1185 fecundarat,
948 1116 1222 1173 beneﬁciis
1255 1129 1378 1171 eum
1413 1111 1727 1184 largissimis
1774 1123 1961 1180 prose-

374 1229 567 1285 quens,
599 1212 771 1283 inquit
798 1228 812 1265 :
839 1210 906 1267 Et
932 1209 1047 1264 haec
1077 1208 1312 1280 quidem,
1339 1220 1457 1276 quae
1482 1204 1687 1259 scilicet
1714 1202 1959 1274 promisi,

373 1321 539 1379 opere
571 1302 857 1374 complebo
889 1320 901 1356 :
931 1312 985 1357 et
1013 1302 1172 1356 etiam
1213 1298 1355 1369 quod
1385 1297 1452 1353 de
1479 1296 1702 1352 lsmacle
1739 1295 1960 1363 rogasti,

375 1396 666 1458 concedam
696 1396 814 1451 tibi.
850 1395 1039 1451 Audivi
1068 1393 1209 1449 enim
1240 1393 1538 1448 orationem
1568 1403 1710 1445 tuam
1729 1432 1743 1456 ,
1771 1388 1863 1443 20.
1892 1386 1962 1442 Et

376 1490 609 1548 benedixi
628 1505 759 1553 eum,
791 1497 837 1542 et
857 1486 1045 1559 augebo
1069 1503 1180 1539 eum
1207 1494 1253 1539 et
1277 1482 1625 1554 multiplicabo
1652 1498 1763 1537 eum
1791 1480 1959 1548 valde,

377 1582 539 1638 valde.
567 1581 842 1635 Duodecim
868 1589 1037 1652 gentes
1062 1577 1352 1650 generabit,
1385 1585 1430 1630 et
1461 1575 1590 1629 dabo
1620 1590 1734 1628 eum
1761 1574 1813 1626 in
1839 1589 1963 1644 gen-

377 1686 473 1733 tem
518 1691 776 1747 magnam.
825 1671 1267 1742 Quandoquidem
1314 1670 1480 1735 enim,
1527 1667 1729 1738 inquit,
1776 1680 1961 1720 semen

380 1779 529 1825 tuum
558 1775 640 1822 est
659 1809 675 1832 ,
704 1765 782 1820 sic
811 1762 1018 1835 augebo
1043 1778 1188 1829 eum,
1219 1771 1271 1817 et
1297 1760 1664 1831 multiplicabo
1690 1758 1873 1823 valde,
1906 1765 1963 1812 ut

376 1861 655 1921 duodecim
682 1870 869 1930 gentes
896 1874 958 1913 ex
991 1872 1057 1913 eo
1081 1855 1389 1926 procedant.
1414 1854 1507 1910 21.
1534 1854 1783 1910 Craterum
1811 1862 1961 1906 testa-

374 1965 598 2011 mentum
638 1968 802 2006 meunt
849 1959 1067 2004 statuam
1110 1964 1225 2002 cum
1260 1945 1448 2011 Isaac,
1476 1962 1623 2018 quem
1666 1945 1755 1999 tibi
1799 1942 1963 2000 Sarra

375 2046 538 2118 pariet
559 2055 782 2114 tempore
821 2046 935 2110 hoc,
958 2058 1092 2095 anno
1128 2049 1378 2111 sequente.
1404 2038 1559 2105 Vide,
1583 2038 1830 2100 obsecro,
1851 2036 1958 2103 hic,

376 2137 603 2203 dilecte,
633 2133 904 2207 quomodo
942 2134 1119 2203 justus
1160 2133 1211 2186 in
1245 2146 1351 2185 uno
1390 2130 1647 2200 temporis
1691 2136 1963 2184 momento

378 2227 658 2285 mercedes
691 2227 866 2281 omnis
909 2224 1164 2294 temporis
1206 2223 1442 2293 accepit,
1471 2230 1526 2277 et
1572 2220 1850 2290 impletum
1881 2229 1965 2274 est

378 2320 510 2378 illud
540 2318 682 2392 quod
703 2317 947 2375 Christus
976 2317 1246 2387 discipulis
1270 2315 1382 2370 suis
1408 2314 1543 2369 dixit
1572 2331 1586 2369 :
1622 2313 1860 2384 Quisquis
1884 2329 1963 2367 re-

379 2411 593 2487 liquerit
603 2413 679 2469 vel
700 2422 918 2486 patrem,
949 2411 1026 2466 vel
1049 2418 1278 2473 matrem,
1306 2407 1382 2462 vel
1416 2405 1642 2472 domum,
1673 2405 1753 2459 vel
1781 2409 1965 2476 fratres

383 2515 590 2579 propter
616 2522 801 2561 nomen
830 2520 1019 2566 meum,
1050 2512 1097 2556 et
1123 2502 1205 2555 hic
1231 2499 1521 2571 centuplum
1549 2499 1791 2569 accipiet,
1820 2507 1867 2551 et
1886 2497 1963 2551 vi-

381 2610 501 2655 tam.
528 2606 768 2655 teternam
812 2592 1084 2667 possidebit
1129 2591 1339 2663 (Matth.
1384 2589 1474 2646 19.
1519 2587 1634 2660 29).
1671 2587 1965 2644 Considera

378 2692 522 2749 enim
551 2690 681 2747 mihi
709 2689 910 2761 justum
944 2688 1115 2752 illum,
1143 2686 1263 2758 quia
1297 2694 1543 2757 prompte
1566 2692 1833 2755 Praecepto
1856 2682 1964 2738 Do-

380 2782 514 2849 tnini
544 2781 814 2851 obedivit,
846 2791 900 2837 et
934 2781 1115 2835 relicta
1145 2778 1304 2835 domo
1332 2788 1550 2849 paterna
1581 2776 1812 2847 praetulit
1832 2775 1966 2830 alie-

380 2890 504 2935 nam
536 2872 699 2929 natali
723 2890 737 2928 :
761 2870 1030 2945 quomodo
1052 2869 1305 2941 paulatim
1328 2869 1548 2925 multam
1572 2885 1680 2939 pra:
1701 2884 1761 2925 se
1790 2868 1967 2924 ferens

382 2965 695 3043 patientiam
716 3007 732 3032 ,
760 2964 813 3020 in
840 2964 1108 3035 fastigium
1141 2962 1348 3018 virtutis
1385 2975 1720 3033 progressus,
1753 2959 1822 3014 ita
1851 2959 1970 3013 illu-

381 3060 509 3116 stris
528 3070 583 3115 et
607 3057 911 3129 spectabilis
932 3055 1101 3112 factus
1122 3063 1223 3122 est,
1242 3061 1301 3108 ut
1326 3069 1389 3108 ex
1412 3067 1478 3108 eo
1501 3052 1611 3107 nati
1633 3051 1970 3106 multitudine

383 3152 547 3212 astris
573 3151 691 3209 caeli
732 3150 1103 3221 adsequentur.
1133 3147 1385 3204 Fortasse
1424 3147 1467 3201 si
1496 3147 1613 3218 quis
1644 3145 1808 3217 probe
1845 3144 1971 3200 velit

384 3246 705 3317 intelligere,
738 3259 843 3299 non
873 3244 1046 3298 solum
1075 3240 1383 3313 centuplum
1425 3240 1632 3311 accepit
1673 3238 1761 3294 hic
1791 3238 1970 3309 justus

384 3336 508 3403 ille,
540 3336 634 3393 sed
671 3346 922 3393 sexcenta
954 3335 1155 3390 *millia.
1183 3333 1338 3402 Quod
1380 3334 1425 3389 si
1454 3332 1539 3389 hic
1576 3342 1721 3389 tanta
1772 3347 1970 3388 conse-

384 3440 583 3501 quotus
600 3440 702 3497 est,
730 3430 848 3501 quis
864 3444 1043 3484 sermo
1065 3443 1285 3484 narrare
1302 3436 1503 3499 posset,
1522 3427 1716 3498 quibus
1733 3423 1972 3496 posthaec

386 3523 646 3601 fruiturus
677 3521 768 3577 ille
791 3520 897 3576 sit?
923 3519 1035 3575 lmo
1063 3520 1223 3576 etiam
1247 3520 1368 3583 hoc,
1397 3528 1655 3589 quantum
1684 3517 1837 3573 nobis
1858 3532 1974 3588 pos-

383 3616 560 3683 sibile,
589 3629 770 3672 sermo
800 3612 1086 3669 ostendere
1125 3611 1342 3683 poterit.
1374 3609 1598 3679 Quando
1636 3610 1778 3666 enim
1819 3608 1974 3663 audis

308 3766 317 3781 δ
386 3722 575 3763 omnes
597 3706 774 3778 justos
798 3704 866 3760 ab
895 3705 987 3760 illo
1010 3704 1077 3759 ad
1105 3702 1208 3760 hoc
1250 3717 1420 3774 usque
1452 3711 1661 3772 tempus
1679 3744 1694 3766 ,
1730 3710 1784 3756 et
1804 3715 1973 3770 usque

386 3798 455 3863 ad
480 3797 995 3855 consummationem
1024 3804 1325 3866 temporum
1346 3836 1361 3861 ,
1396 3794 1447 3849 id
1473 3794 1709 3849 maxime
1751 3793 1804 3849 in
1836 3792 1974 3848 votis

388 3892 608 3960 habere,
640 3899 701 3948 ut
738 3891 806 3947 ad
851 3891 1027 3947 sinum
1074 3889 1391 3961 patriarchae
1432 3887 1767 3957 perveniant,
1813 3900 1972 3957 quem

385 3983 548 4043 alium
605 3982 711 4040 hoc
776 3981 1033 4053 majorem
1090 3979 1347 4036 honorem
1413 3978 1667 4034 exhibere
1722 3974 1976 4047 poteris?

390 4074 580 4130 Vidisti
651 4084 846 4145 quanta
900 4087 990 4128 res
1047 4072 1120 4127 sit
1179 4069 1467 4142 patientia,
1522 4080 1719 4142 quanta
1771 4070 1972 4137 virtus,

391 4177 648 4238 quantum
694 4166 765 4223 sit
806 4180 927 4223 esse
974 4166 1320 4237 religiosum,
1378 4172 1433 4220 et
1485 4172 1694 4234 gratum
1757 4178 1868 4234 pra:
1916 4178 1977 4219 se

392 4258 533 4317 lerre
572 4257 808 4312 animum
848 4272 972 4329 erga
1018 4255 1277 4312 beneﬁcia
1316 4255 1566 4311 Domini?
1617 4255 1750 4323 Quia
1808 4254 1974 4319 enim,

392 4347 605 4416 quando
630 4348 929 4418 oportebat,
958 4362 1050 4400 sua
1083 4347 1278 4413 attulit,
1308 4361 1426 4401 cum
1455 4348 1742 4418 gratiarum
1769 4344 1977 4401 actione

393 4440 568 4495 onmia
598 4438 800 4507 ferens,
826 4447 932 4494 tam
945 4437 1200 4509 jucunda,
1217 4453 1376 4509 quam
1399 4434 1706 4507 injucunda,
1735 4446 1980 4506 prOpter-

396 4551 458 4589 ea
503 4533 807 4588 misericors
829 4532 971 4588 Deus
999 4532 1187 4586 ultimo
1213 4539 1374 4602 caput
1424 4530 1685 4585 bonorum
1716 4528 1976 4597 omnium,

391 4636 444 4682 et
471 4625 522 4682 id
556 4624 697 4696 quod
720 4622 894 4695 justus
916 4623 1149 4679 maxime
1169 4622 1599 4693 concupiscebat,
1628 4621 1850 4691 largitus
1875 4631 1977 4677 est.

393 4715 684 4773 Considera
713 4716 879 4779 enim,
905 4713 1174 4785 quomodo
1199 4714 1383 4785 viginti
1404 4723 1635 4784 quatuor
1661 4727 1832 4768 annos
1860 4728 1982 4782 pro—

396 4808 609 4865 baverit
649 4806 780 4879 justi
807 4808 1080 4863 virtutem.
1126 4804 1350 4878 Quando
1379 4805 1523 4862 enim
1548 4805 1712 4861 exivit
1754 4820 1783 4858 a
1813 4805 1984 4860 Char—

395 4917 491 4957 ran
514 4941 531 4968 ,
562 4908 619 4956 et
664 4899 898 4956 obedivit
920 4909 1191 4971 prrecepto
1214 4897 1445 4960 Domini,
1473 4896 1804 4969 septuaginta
1829 4896 1983 4965 quin-

392 5000 500 5062 ‘que
532 5005 795 5046 annorum
837 4999 973 5058 erat,
1024 4989 1243 5060 inquit:
1296 5002 1439 5043 nunc
1478 4996 1657 5044 autem
1700 4996 1980 5058 postquam

394 5082 513 5141 iure
553 5082 787 5147 audivit,
835 5081 1120 5153 nonaginta
1149 5090 1206 5136 et
1234 5094 1427 5136 novem
1456 5094 1630 5134 annos
1654 5086 1979 5133 excesserat.

467 5175 521 5230 5.
562 5173 777 5229 Moralis
794 5172 1092 5230 exhortatio.
1115 5202 1189 5219 —.—
1210 5171 1335 5226 Haec
1354 5170 1646 5235 audientes,
1670 5169 1872 5233 dilecti,
1896 5169 1981 5223 di-

396 5282 608 5329 scamus
633 5269 856 5327 multam
894 5267 1149 5325 exhibere
1177 5266 1509 5339 patientiam,
1532 5272 1586 5321 et
1612 5280 1898 5336 numquam
1929 5264 1982 5319 in

396 5360 669 5421 laboribus
686 5360 944 5416 virtutum
966 5361 1049 5416 vel
1070 5359 1379 5429 desperare,
1412 5359 1493 5413 vel
1522 5366 1865 5427 torpescere;
1888 5353 1983 5411 sed

401 5453 632 5511 sciamus
669 5449 949 5505 Dominum
972 5459 1209 5505 nostrum
1240 5449 1525 5521 benignum
1548 5462 1665 5503 esse
1689 5457 1744 5503 et
1766 5446 1983 5502 muniﬁ-

400 5558 544 5610 Cum,
574 5556 638 5599 ac
685 5556 783 5613 pro
803 5542 980 5613 parvis
1003 5541 1272 5597 laboribus
1320 5557 1509 5612 magna
1555 5540 1706 5594 nobis
1760 5538 1984 5595 reddere

403 5634 641 5708 prtemia,
672 5650 776 5688 non
794 5634 965 5689 solum
996 5635 1047 5689 in
1080 5635 1308 5688 futurum
1331 5634 1646 5688 immortalia
1672 5633 1806 5686 bona
1830 5648 1986 5701 repo-

408 5733 586 5788 nendo
612 5768 626 5794 ,
657 5726 751 5783 sed
778 5737 831 5782 et
862 5726 913 5779 in
941 5725 1191 5796 praesenti
1221 5727 1325 5780 vita
1367 5734 1562 5779 nostra:
1608 5735 1811 5781 natura:
1842 5723 1986 5779 inﬁr.

1080 239 1136 293 S.
1178 235 1456 295 JOANNIS
1492 233 1961 295 CHRYSOSTOMI
1997 236 2313 295 ARClIIEP.
2352 238 2880 304 CONSTANTINOP.
3557 261 3648 319 372

2082 372 2320 429 mitatem
2351 376 2531 432 multis
2561 379 2928 450 largitionibus
2943 384 3286 444 consolando.
3319 389 3643 458 Quandooui-

2079 464 2203 522 dem
2254 469 2559 537 patriarcha
2576 463 2685 528 'iSte
2722 489 2828 530 non
2874 476 3213 535 mediocriter
3251 481 3529 551 interjecto
3568 488 3653 542 illo

2076 567 2316 630 tempore
2336 560 2573 619 adversis
2596 562 2762 621 rebus
2779 570 3041 625 exercitus
3059 578 3161 637 est,
3189 571 3431 641 quamvis
3456 590 3649 646 semper

2075 648 2300 707 adversa
2334 660 2757 725 temperarentur
2784 660 3072 730 prosperis.
3104 661 3492 721 Universorum
3520 669 3647 725 enim

2074 744 2219 802 Deus
2270 758 2466 804 nostrae
2494 750 2818 808 inﬁrmitatis
2864 768 3049 811 curam
3080 772 3266 827 agens,
3300 774 3407 814 non
3457 774 3649 832 semper

2077 836 2132 892 in
2161 837 2402 895 adversis
2423 856 2519 897 nos
2548 857 2768 899 manere
2796 844 2943 911 sinit,
2991 856 3050 901 ut
3074 862 3181 902 non
3210 848 3545 918 opprimatur
3569 868 3650 907 no-

2073 937 2183 985 stra
2202 930 2509 989 inﬁrmitas:
2533 933 2627 990 sed
2648 936 2892 992 celeriter
2911 948 2965 994 et
2986 938 3098 1007 ipse
3111 940 3427 1010 opitulatur,
3453 941 3651 999 ﬁrmans

2074 1030 2312 1078 nostram
2365 1025 2717 1092 alacritatem,
2776 1038 2831 1083 et
2873 1042 3107 1085 mentem
3165 1033 3430 1087 excitans.
3482 1032 3645 1104 Neque

2072 1127 2286 1184 semper
2313 1115 2365 1170 in
2388 1118 2737 1187 prosperitate
2758 1133 2855 1174 nos
2881 1134 3000 1175 esse
3026 1122 3172 1185 sinit,
3198 1131 3257 1176 ut
3278 1137 3346 1177 ne
3368 1122 3555 1177 ﬁamus
3577 1140 3649 1179 ne-

2071 1205 2435 1275 gligentiores,
2480 1216 2535 1262 et
2583 1204 2635 1263 in
2690 1210 2940 1264 vitiorum
3001 1220 3178 1281 partes
3231 1210 3647 1283 transfugiamus.

2074 1296 2313 1352 llnmana
2344 1300 2488 1354 enim
2536 1309 2756 1368 natura,
2796 1302 3010 1373 quando
3049 1303 3273 1359 multum
3332 1320 3583 1375 prospere
3612 1307 3649 1362 ei

2070 1389 2329 1455 succedit,
2358 1404 2470 1445 sua:
2496 1390 2831 1447 obliviscitur
2851 1392 3162 1459 nobilitatis,
3185 1410 3361 1465 neque
3385 1395 3525 1449 intra
3543 1410 3650 1453 suos

2072 1480 2264 1538 limites
2292 1482 2532 1537 subsistit
2555 1500 2570 1537 :
2600 1482 2799 1539 idcirco
2817 1484 2969 1554 quasi
2993 1485 3392 1542 amantissimus
3411 1488 3651 1555 paterali-

2071 1574 2287 1644 quando
2331 1575 2485 1631 nobis
2524 1575 2783 1647 indulget,
2813 1578 3098 1649 aliquando
3128 1581 3374 1651 castigat,
3408 1590 3471 1636 ut
3514 1583 3651 1637 variis

2070 1665 2171 1719 viis
2198 1675 2393 1721 nostra:
2432 1667 2624 1722 animae
2646 1670 2872 1726 salutem
2916 1680 3087 1728 curet.
3114 1672 3382 1740 Quoniam
3410 1682 3472 1729 et
3498 1676 3648 1730 medi-

2074 1769 2190 1824 cus,
2209 1756 2422 1827 quando
2448 1758 2715 1814 inlirmum
2730 1769 2899 1829 curat,
2922 1777 3094 1832 neque
3115 1778 3331 1834 semper
3361 1765 3540 1833 inOpia
3566 1768 3652 1822 cibi

2071 1854 2303 1919 torquet,
2322 1864 2493 1920 neque
2508 1866 2721 1922 semper
2736 1852 2881 1923 larga
2897 1868 3083 1910 mensa
3099 1855 3199 1909 frui
3220 1856 3370 1921 sinit,
3387 1871 3461 1911 ne
3472 1860 3653 1911 voraci-

2071 1948 2150 1994 tas
2198 1941 2385 1996 febrim
2429 1942 2641 2011 pariens
2682 1953 2871 2013 augeat
2897 1946 3162 2009 morbum,
3190 1947 3291 2002 cibi
3327 1964 3459 2002 vero
3502 1949 3651 2019 inopia

2070 2030 2419 2087 inﬁrmiorem
2446 2048 2568 2088 eum
2613 2032 2811 2089 efﬁciat
2849 2035 2980 2091 :sed
3035 2039 3346 2107 conjectans
3389 2042 3537 2109 apud
3584 2057 3649 2106 se,

2071 2134 2284 2194 quanta:
2333 2127 2441 2179 sint
2491 2127 2799 2195 aegrotantis
2860 2128 3037 2196 vires,
3086 2140 3140 2184 et
3183 2130 3477 2202 diligenter
3524 2142 3654 2188 utens

2070 2227 2187 2271 arte
2246 2214 2423 2270 omnia
2490 2230 2583 2270 sua
2642 2217 2694 2271 in
2754 2217 2987 2273 medium
3043 2219 3196 2275 aﬁcrt
3249 2241 3265 2275 :
3315 2222 3567 2278 similiter
3611 2238 3655 2278 et

2071 2306 2331 2378 benignus
2381 2307 2523 2364 Deus
2580 2310 2756 2366 sciens
2798 2312 2923 2382 quid
2981 2312 3150 2368 cuivis
3211 2314 3493 2385 expediat,
3571 2317 3654 2370 ali-

2069 2400 2284 2470 quando
2360 2401 2609 2458 concedit
2690 2402 2844 2458 nobis
2922 2405 3275 2474 prosperitate
3354 2404 3487 2469 frui,
3569 2408 3654 2461 ali-

2071 2490 2284 2560 quando
2308 2504 2488 2548 autem
2512 2493 2909 2551 exercitationis
2937 2498 3104 2566 gratia
3138 2498 3530 2554 tentationihus
3576 2516 3655 2555 nos

2073 2582 2390 2638 circumdat.
2454 2584 2589 2640 Nam
2614 2585 2659 2641 si
2686 2586 2887 2643 virtute
2916 2586 3129 2657 praediti
3179 2598 3305 2644 sunt
3354 2591 3453 2661 qui
3501 2601 3655 2646 teuta-

2074 2673 2252 2730 tiones
2276 2676 2643 2745 experiuntur,
2669 2678 2924 2735 clariores
2944 2678 3195 2748 evadunt,
3227 2681 3653 2738 abundantiorem

2073 2765 2176 2821 sibi
2218 2780 2507 2836 supernam
2546 2768 2773 2839 gratiam
2799 2769 3145 2826 conciliantes
3173 2789 3188 2825 :
3220 2772 3263 2826 si
3291 2783 3478 2827 autem
3500 2784 3555 2829 ut
3577 2787 3657 2827 nos

2076 2867 2388 2926 peccatores
2427 2859 2553 2925 sint,
2579 2867 2635 2915 et
2672 2875 2795 2915 cum
2836 2861 3123 2930 gratiarum
3161 2863 3371 2919 actione
3426 2865 3656 2918 teutatio-

2076 2964 2171 3005 nes
2199 2947 2390 3016 ferant,
2413 2965 2628 3020 gravem
2680 2950 2957 3021 deponent
2998 2962 3335 3023 peccatorum
3378 2954 3655 3019 sarcinam,

2074 3040 2344 3111 multaque
2368 3042 2525 3097 venia
2546 3053 2598 3096 et
2626 3042 2723 3113 ipsi
2754 3044 3041 3114 potientur.
3070 3044 3197 3101 Ideo
3240 3045 3499 3110 obsecro,
3554 3064 3657 3100 cum

2076 3131 2309 3186 sciamus
2340 3133 2631 3202 potentiam
2679 3144 2733 3189 et
2758 3135 3071 3204 sapientiam
3125 3136 3312 3193 Medici
3367 3140 3657 3193 animarmu

2078 3234 2402 3307 nostrarum,
2438 3242 2728 3297 numquam
2754 3229 2967 3284 curiose
2988 3228 3103 3299 ejus
3130 3227 3563 3298 dispensationes
3590 3231 3659 3281 in-

2077 3316 2371 3384 quiramus.
2398 3316 2531 3372 Cum
2559 3320 2701 3374 enim
2725 3333 2817 3374 eas
2837 3334 2988 3375 mens
3008 3328 3189 3375 nostra
3214 3319 3659 3389 comprehendere

2079 3420 2332 3479 nequeat,
2389 3408 2513 3465 hinc
2556 3410 2724 3480 magis
2746 3411 3206 3481 obstupescamus,
3229 3420 3283 3466 et
3310 3411 3661 3481 gloriﬁeemns

2080 3500 2247 3556 Deum
2301 3515 2396 3571 pro
2434 3502 2703 3568 omnibus,
2755 3502 2897 3573 quod
2938 3503 3095 3558 talem
3152 3502 3449 3558 habeamus
3486 3504 3658 3558 Domi-

2079 3606 2225 3658 num,
2267 3591 2419 3662 cujus
2465 3593 2890 3663 dispensationes
2928 3609 3101 3664 neque
3144 3609 3296 3649 mens
3336 3608 3548 3658 nostra,
3578 3610 3657 3647 ue-

2080 3700 2184 3754 que
2242 3685 2490 3741 humanae
2549 3697 2750 3742 natura:
2801 3688 2938 3743 ratio
2990 3702 3184 3758 capere
3236 3697 3438 3756 mtest.
3497 3686 3661 3755 Neque

2081 3777 2224 3833 enim
2254 3786 2360 3832 tam
2413 3778 2551 3835 bene
2579 3778 2779 3833 scimus
2808 3779 2936 3848 quid
2987 3779 3141 3834 nobis
3195 3778 3471 3848 expediat,
3520 3793 3660 3848 quam

2083 3868 2199 3939 ipse
2224 3869 2360 3935 scit;
2390 3885 2564 3940 neque
2590 3870 2668 3925 sic
2697 3879 2877 3925 nostra
2914 3885 3013 3925 nos
3040 3884 3313 3935 curamus,
3346 3880 3411 3923 ut
3439 3869 3558 3939 ipse
3590 3884 3662 3921 sa-

2082 3960 2245 4016 lutem
2273 3972 2529 4028 nostram,
2560 3970 2614 4017 et
2631 3962 2808 4017 omnia
2837 3962 2963 4016 facit
2985 3970 3040 4017 et
3068 3962 3304 4026 molitur,
3325 3971 3387 4015 ut
3410 3960 3481 4015 ad
3513 3961 3663 4022 virtu-

2084 4061 2189 4107 tem
2221 4066 2319 4108 nos
2340 4052 2572 4118 inducat,
2601 4062 2657 4109 et
2684 4069 2714 4109 a
2739 4053 2935 4109 diaboli
2956 4053 3201 4108 manibus
3218 4052 3434 4123 eripiat.
3462 4052 3533 4107 Et
3558 4067 3662 4106 cum

2083 4143 2227 4198 videt
2259 4143 2389 4199 nihil
2413 4144 2671 4215 prodesse
2716 4144 2873 4200 nobis
2926 4145 3324 4214 prosperitates,
3361 4153 3497 4197 tunc
3548 4144 3664 4196 sicut

2083 4236 2255 4291 bonus
2280 4236 2542 4301 medicus,
2568 4236 2658 4307 qui
2702 4235 3080 4291 animadvertit
3105 4235 3380 4290 obesiores
3407 4233 3526 4288 ﬁeri
3563 4248 3663 4296 eos,

2083 4343 2312 4399 quorum
2336 4343 2520 4384 curam
2544 4328 2700 4399 gerit,
2725 4327 2957 4399 “propter
2977 4327 3269 4397 crapulam,
3299 4325 3366 4379 ad
3394 4327 3665 4379 sanitatem

2086 4435 2184 4491 per
2234 4421 2578 4476 sobrietatem
2623 4420 2872 4476 reducit:
2903 4420 2975 4473 ita
3027 4429 3082 4473 et
3121 4418 3347 4472 eximius
3378 4418 3666 4471 animarum

2086 4524 2401 4571 nostrarum
2443 4511 2677 4566 Medicus
2718 4510 2978 4581 permittit
3012 4509 3281 4580 paulisper
3319 4523 3421 4562 nos
3464 4508 3666 4569 tentari.

2087 4619 2145 4663 ut
2166 4605 2459 4662 sentiamus
2483 4615 2739 4674 quantum
2766 4603 2943 4658 damni
2969 4618 3035 4658 ex
3066 4602 3419 4671 prosperitate
3452 4616 3666 4668 accepe-

2088 4702 2306 4765 rimus;
2348 4706 2402 4753 et
2450 4696 2662 4768 quando
2698 4696 2843 4751 videt
2869 4695 3169 4751 restitutam
3188 4693 3498 4757 sanitatem,
3560 4702 3667 4747 tunc

2088 4793 2249 4851 celeri
2272 4790 2424 4847 nobis
2451 4787 2688 4844 subsidio
2715 4787 2961 4844 concedit
2988 4796 3046 4841 ut
3069 4802 3098 4838 a
3120 4786 3507 4839 tentationihus
3556 4785 3669 4837 libe-

2088 4901 2291 4952 remur,
2331 4891 2388 4938 et
2443 4895 2556 4936 suae
2599 4881 2951 4951 providentia:
2995 4894 3180 4933 curam
3219 4878 3447 4933 ubertim
3502 4876 3669 4932 decla-

2089 4987 2190 5034 rat.
2220 4977 2403 5047 ltaque
2423 4974 2522 5039 etsi
2557 4972 2720 5044 aliqui
2764 4973 2961 5029 virtute
3005 4971 3212 5043 praediti
3258 4972 3312 5026 in
3361 4971 3671 5027 teutationes

2090 5068 2341 5125 incidant.
2403 5082 2471 5121 ne
2518 5065 2829 5130 turbentur,
2878 5063 2974 5120 sed
3026 5064 3149 5119 hinc
3206 5062 3487 5119 metiemur
3535 5077 3669 5131 spem

2091 5160 2412 5230 concipiant,
2460 5156 2586 5228 quia
2642 5157 2993 5212 teutationum
3039 5155 3303 5218 incursus,
3359 5168 3671 5209 coronarum

2092 5263 2148 5310 et
2195 5251 2540 5323 pramiorum
2573 5250 2652 5304 eis
2696 5258 2825 5304 sunt
2872 5250 3117 5304 materia.
3171 5247 3325 5315 Quod
3372 5248 3506 5302 siin
3558 5260 3671 5316 pec.

2091 5349 2224 5403 catis
2275 5359 2400 5400 cum
2440 5343 2564 5403 sint,
2613 5342 2665 5397 in
2712 5342 2935 5397 adversa
3004 5340 3273 5406 incidant,
3318 5355 3385 5394 ne
3440 5348 3671 5408 propter-

2091 5458 2154 5498 ea
2177 5422 2438 5511 gravatim
2483 5436 2672 5501 ferant,
2716 5438 2947 5495 scientes
2994 5437 3139 5492 omni
3185 5444 3421 5505 tempore
3470 5442 3671 5503 peccata

2092 5531 2327 5588 adversis
2349 5528 2581 5600 purgari,
2601 5529 2759 5585 modo
2774 5545 2895 5585 cum
2910 5529 3198 5600 gratiarum
3209 5528 3415 5581 actione
3427 5524 3671 5591 suscipia-

2093 5642 2210 5682 mus
2230 5641 2291 5681 ea
2310 5638 2428 5693 qua:
2445 5623 2710 5678 eveniunt.
2732 5622 2879 5680 Grati
2901 5622 3043 5679 enim
3063 5620 3242 5676 famuli
3258 5631 3361 5686 est,
3388 5636 3490 5673 non
3513 5620 3668 5674 solum

2100 5720 2293 5792 gratias
2310 5730 2476 5788 agere
2514 5716 2994 5789 domino,quando
3025 5714 3249 5770 ubertim
3288 5730 3385 5786 pro
3407 5708 3667 5766 sententia
