3750 6248
404 250 407 251 ί
437 260 547 323 573

445 384 644 457 ριστεῖν
678 380 756 452 τῷ
782 376 1037 449 δεσπότῃ,
1067 374 1203 429 ἀλλά
1238 375 1333 428 καὶ⁵
1379 375 1436 457 ἐν
1468 376 1603 457 τοῖςΔ
1623 371 1886 457 ἐναντίοις

441 451 611 537 αὐτὴν
640 451 1058 534 εὐγνωμοσύνην
1080 456 1505 513 ἐπιδείκνυσθαι.
1535 455 1689 509 Οὕτω
1723 453 1831 524 γάρ
1865 452 1957 507 καὶ

444 534 787 623 πατριάρχης
811 538 965 607 οὗτος
986 541 1331 612 εὐδοκίμησε,
1481 539 1748 609 τοσαύτης
1776 537 1926 623 παρά
1944 534 2022 608 τῷ

439 621 566 704 Θεῷή
591 630 767 701 τυχὼν
796 626 1128 699 παρρησίας,
1173 626 1268 678 καὶ
1293 624 1366 677 δω
1378 622 1506 694 ρεάς
1545 623 1757 694 ἐδέχετο
1787 621 2022 685 νικώσας

438 716 539 784 τὴν
571 713 733 783 φύσιν
758 712 856 782 τὴν
885 707 1255 780 ἀνθρωπίνην.

495 799 560 851 δ’.
582 795 899 863 Ἀναγκαῖον
916 791 972 844 δέ
986 790 1148 843 πάλιν
1162 791 1254 843 ἐπὶ
1268 790 1368 861 τὴν
1384 788 1701 842 ἀκολουθίαν
1712 785 2022 840 ἐπανελθεῖν

438 879 535 933 τοῦ
555 879 735 947 λόγου,
754 877 849 930 καὶ
872 876 998 929 ἰδεῖν
1014 872 1108 927 τοῦ
1129 874 1340 927 δικαίου
1356 872 1454 944 τὴν
1478 871 1743 942 ὑπακοὴν,
1766 872 1858 923 καὶ
1876 871 2023 933 ὅπως

440 965 520 1027 είς
547 962 706 1033 ἔργον
736 962 912 1032 ήγαγε
942 958 1013 1011 τὰ
1041 958 1196 1029 παρὰ
1233 957 1326 1010 τοῦ
1348 956 1485 1010 Θεοῦ
1518 956 1935 1025 ἐπιταττόμενα,
1960 952 2023 1006 οὐ

440 1044 619 1115 ζητῶν
645 1044 738 1096 τὸν
762 1042 941 1110 λόγον,
976 1040 1095 1094 οὐδὲ
1128 1039 1359 1103 εὐθύνας
1395 1039 1663 1102 ἀπαιτῶν,
1691 1036 1940 1107 καθάπερ
1973 1036 2023 1089 οί

439 1128 626 1182 πολλοὶ
642 1127 751 1181 τῶν
774 1128 1017 1196 ἀνοήτων
1036 1124 1248 1178 ποιοῦσι
1271 1122 1757 1197 περιεργαζόμενοι
1785 1122 1853 1176 10
1874 1121 2025 1192 παρά

439 1212 535 1265 τοῦ
557 1211 693 1265 Θεοῦ
722 1210 1001 1279 γινόμενα,
1034 1209 1129 1261 καὶ
1154 1208 1435 1276 λέγοντες’
1461 1208 1555 1270 El;
1579 1206 1631 1259 τί
1658 1206 1846 1271 τοῦτο;
1878 1208 1958 1269 είς
1972 1205 2025 1258 τί

441 1298 648 1361 ἐκεῖνος
676 1294 772 1349 καὶ
798 1293 852 1347 τί
877 1292 938 1345 τὸ
968 1291 1161 1361 δφελος
1187 1292 1295 1345 ἀπὸ
1318 1290 1411 1344 τοῦ
1437 1290 1555 1344 τόδε
1582 1290 1854 1359 γενέσθαι,
1873 1289 1908 1360 ἢ
1938 1289 2027 1343 τό-

440 1378 528 1443 δε;
569 1377 709 1431 Ἀλλ’
738 1377 839 1447 οὐχ
859 1376 889 1428 0
916 1375 1122 1437 δίκαιος
1147 1373 1341 1437 οὕτως’
1374 1372 1511 1427 ἀλλά
1542 1372 1789 1443 καθάπερ
1809 1371 2025 1442 οἰκέτης

443 1461 843 1530 φιλοδέσποτος,
868 1457 1043 1520 οὕτως
1071 1458 1216 1527 άπερ
1236 1457 1302 1510 ἂν
1330 1456 1595 1526 ἐπετάγη,
1617 1458 1697 1519 είς
1719 1456 1877 1525 ἔργον
1897 1457 2027 1524 ἀγαε-

439 1548 559 1615 γεῖν
587 1544 838 1607 ἔσπευδε,
874 1543 948 1614 μὴ
978 1540 1495 1612 περιεργαζόμενος.
1547 1541 1658 1593 Καὶ
1694 1540 1782 1594 ἵνα
1826 1540 2023 1610 μάθῃς,

445 1614 611 1682 ἀκουε
631 1626 741 1680 τῶν
766 1626 911 1696 ἐξῆς.
952 1623 1170 1696 Ἐπειδὴ
1189 1624 1298 1695 γὰρ
1324 1622 1423 1694 τὴν
1452 1614 1743 1692 ὑπόσχεσιν
1768 1623 2027 1692 ἐποιήσα-

439 1728 504 1765 το
528 1711 664 1782 πρὸς
688 1710 848 1764 αὐτὸν
867 1711 895 1763 0
920 1707 1219 1778 Δεσπότης.
1243 1708 1337 1761 καὶ
1363 1706 1577 1760 ἐτέλεσε
1601 1705 1698 1775 τὴν
1725 1703 1871 1777 [409]
1891 1704 2026 1778 πρὸς

439 1794 606 1853 αὑτὸν
653 1793 910 1860 διάλεξιν,
957 1792 1159 1854 εὐθέως
1216 1792 1244 1844 0
1296 1790 1501 1853 δίκαιος
1545 1788 1615 1843 τά
1668 1787 2027 1842 κελευσθέντα

440 1876 701 1949 ἐπλήρου,
731 1874 906 1932 καὶτὸ
934 1876 1160 1945 σημεῖον
1196 1872 1257 1925 τὺ
1286 1872 1436 1944 παρὰ
1466 1870 1559 1925 τοῦ
1585 1871 1719 1924 Θεοῦ
1743 1871 2026 1925 κελευσθὲν

440 1959 679 2015 ἐπετίθει
717 1959 795 2030 τῷ
836 1956 1081 2030 Ἰσμαηλ,
1112 1955 1211 2031 τὴν
1240 1955 1538 2026 περιτομὴν
1571 1955 1732 2023 λέγω,
1770 1958 1863 2008 καὶ
1894 1957 2026 2008 πᾶσι

440 2044 553 2106 τοῖς
570 2040 893 2110 οίκογενὲσι,
916 2040 1136 2103 καὶτοῖς
1158 2038 1587 2111 ἀργυρωνήτοις,
1605 2037 1747 2091 καθά
1769 2036 2028 2107 ἐλάλησεν

441 2125 592 2196 αὐτῷ
614 2126 643 2178 0
664 2124 818 2187 Θεός.
848 2122 1211 2195 Περιετέμετο
1233 2121 1290 2173 δέ
1313 2122 1407 2175 καὶ
1429 2120 1610 2185 αὐτός.
1641 2122 2027 2183 Ἐννενήκον-

442 2223 518 2262 τα
549 2208 658 2278 γὰρ
686 2208 782 2261 καί
815 2205 993 2259 ἐννέα
1019 2202 1172 2259 ἐτῶν
1200 2200 1299 2273 ἦν,
1342 2204 1529 2273 φησὶν,
1558 2204 1741 2271 ἡνίκα
1768 2203 2027 2272 περιετέ-

440 2308 583 2360 μετο
608 2290 723 2358 τὴν
752 2293 951 2357 σάρκα
982 2287 1094 2355 τῆς
1115 2287 1517 2355 ἀκροϐυστίας
1541 2287 1748 2341 αὐτοῦ·
1785 2286 2029 2355 Ἰσμαὴλ

442 2371 515 2425 δὲ
538 2368 618 2443 ἦν
643 2370 796 2425 ἐτῶν
820 2368 1161 2437 δεκατριῶν.
1185 2368 1277 2441 Μὴ
1302 2369 1530 2441 νομίσῃς
1554 2364 1741 2433 ἀτελῶς
1771 2371 1901 2440 ήμῖν
1921 2367 2029 2421 τῶν

443 2456 582 2511 ἐτῶν
601 2455 691 2509 τὸν
708 2454 941 2526 ἀριθμὸν
959 2452 1058 2524 τήν
1082 2452 1302 2525 Γραφὴν
1321 2452 1780 2523 ἐπισημήνασθαι·
1804 2452 1918 2505 ἀλλ’
1942 2452 2029 2506 ῖνα

443 2539 539 2592 καὶ
564 2540 631 2592 ἐκ
650 2536 840 2591 τούτου
867 2536 1044 2609 μάθῃς
1063 2534 1159 2589 τοῦ
1184 2535 1394 2588 δικαίου
1420 2534 1517 2605 τὴν
1541 2534 1738 2605 πολλὴν
1763 2533 2027 2604 ὑπακοὴν,

442 2622 525 2675 δτι
554 2622 612 2674 ἐν
640 2620 855 2692 ἐσχάτῳ
882 2620 1028 2691 γήρᾳ
1057 2617 1135 2672 ὢν
1160 2619 1351 2689 πράως
1378 2619 1576 2689 ήνεγκε
1606 2619 1704 2689 τὴν
1730 2616 1921 2687 ὀδύνην
1941 2615 2029 2671 διά

441 2703 505 2758 τὸ
532 2703 628 2759 τοῦ
658 2702 794 2756 Θεοῦ
828 2703 1132 2772 ἐπίταγμα,
1167 2701 1255 2754 διά
1278 2701 1436 2753 τοῦτο
1468 2702 1699 2754 ποιεῖται
1728 2700 1825 2771 τὴν
1849 2700 2029 2754 αὐτῶν

441 2785 838 2857 ἀπαρίθμησιν,
856 2784 950 2838 καὶ
964 2785 1066 2838 οὐκ
1088 2784 1251 2847 αὐτὸς
1276 2784 1455 2853 μόνος,
1480 2783 1615 2837 ἀλλά
1640 2784 1734 2836 καὶ
1752 2786 1780 2837 0
1810 2782 2030 2855 Ἰσμαὴλ

444 2870 540 2924 καὶ
574 2868 775 2932 πάντες
810 2870 859 2922 οί
896 2869 1211 2937 οίκογενεῖς.
1260 2866 1395 2919 Οὐδέ
1425 2866 1535 2937 γὰρ
1566 2866 1626 2918 τὸ
1664 2866 1825 2936 τυχόν
1859 2867 2026 2931 ἐστιν,

442 2951 713 3023 ἀγαπητὴ
753 2951 1103 3019 ὑγιαίνουσαν
1155 2949 1335 3019 σάρκα
1380 2949 1673 3020 ἀποτεμεῖν
1717 2950 1810 3003 καὶ
1848 2950 2030 3013 κακῶς

443 3034 691 3105 ἱχουσαν.
720 3034 785 3087 Et
820 3034 929 3103 γάρ
959 3034 1054 3087 καὶ
1093 3030 1295 3103 ίατρῶν
1324 3031 1511 3094 παῖδες
1553 3030 1713 3101 μέλος
1740 3026 2028 3104 ἀρῤωστῆὲ-

446 3134 545 3176 σαν
564 3116 960 3187 ἀποτέμνουσιν
978 3128 1028 3180 ι,
1051 3115 1164 3169 ἀλλ’
1183 3114 1283 3168 οὐκ
1311 3113 1399 3185 ἴση
1422 3113 1631 3182 γίνεται
1648 3113 1770 3167 τότε
1790 3118 1822 3183 ή
1845 3116 2026 3187 ὀδύνη.

344 3250 345 3253 η
443 3199 735 3271 Νεκρωθὲν
762 3198 894 3271 γὰρ,
920 3198 997 3261 ὡς
1016 3199 1211 3262 εἰπεῖν,
1240 3196 1424 3251 λοιπὸν
1448 3197 1542 3250 καὶ
1567 3197 1664 3267 τῆς
1694 3196 1931 3267 ζωτικῆς
1949 3198 2031 3251 δυο

444 3284 661 3353 νάμεως
683 3281 1052 3353 ἀποπερηθέν
1082 3279 1458 3350 ἐκτέμνουσιν.
1489 3279 1749 3334 Ἐνταῦθα
1777 3281 1832 3334 δὲ
1853 3281 2029 3354 γέρων

446 3366 544 3421 καὶ
574 3365 883 3437 πρεσϐύτης
936 3362 1151 3422 (ἑκατὸν
1192 3362 1301 3433 γὰρ
1349 3362 1485 3417 ἐτῶν
1524 3363 1807 3436 ἐτύγχανε)
1840 3366 2030 3434 πράως

446 3449 644 3519 ήνεγκε
684 3447 783 3519 τὴν
824 3446 1037 3517 ὀδύνην,
1066 3444 1201 3517 ὁμοῦ
1238 3444 1331 3498 καὶ
1364 3443 1458 3499 τοῦ
1488 3446 1622 3499 Θεοῦ
1654 3447 1714 3499 τὸ
1751 3447 2030 3518 ἐπίταγμα

445 3533 525 3594 είς
550 3530 709 3601 ἔργον
732 3531 958 3599 ἀγαγεῖν
984 3528 1250 3592 σπεύδων,
1281 3528 1376 3581 καὶ
1403 3528 1493 3582 τὸν
1526 3529 1638 3581 υίὸν
1669 3530 1761 3583 καὶ
1792 3531 1916 3593 τοὺς
1949 3532 2029 3583 οί-

446 3614 687 3682 κογενεῖς
720 3612 965 3675 ἅπαντας
990 3611 1427 3683 προθυμοτέρους
1470 3612 1855 3683 ἐργαζόμενος,
1886 3613 2027 3668 ὥστε

448 3696 525 3768 μὴ
560 3696 847 3760 ἐνδοιάσαι,
881 3694 1017 3751 ἀλλά
1056 3696 1194 3766 μετὰ
1221 3694 1416 3748 πολλοῦ
1450 3696 1546 3748 τοῦ
1568 3696 1765 3767 τάχους
1787 3697 1848 3750 τὸ
1877 3698 2027 3769 παρά

444 3780 540 3834 τοῦ
579 3779 714 3834 Θεοῦ
754 3778 1093 3853 προσταχθὲν
1141 3778 1471 3834 ἐπιτελέσαι.
1516 3774 1670 3843 Εἶδες
1713 3781 1836 3834 ὅσον
1880 3782 2027 3837 ἐστὶν

444 3864 584 3935 ἀνὴρ
614 3864 888 3936 ἐνάρετος,
916 3865 1062 3927 ὅπως
1089 3862 1183 3917 καὶ
1210 3863 1335 3925 τοὺς
1356 3863 1833 3935 ὐπηρετουμένους
1856 3864 2029 3921 ἀπαν-

444 3962 543 4009 τας
584 3946 868 3999 ἐπαίδευσε
901 3947 1022 3999 κατ’
1056 3946 1201 4015 ῐχνος
1238 3944 1404 3999 αὐτοῦ
1440 3946 1676 4016 βαίνειν;
1714 3948 1889 4019 Ὅπερ
1916 3949 2026 4022 γάρ

447 4026 573 4098 χθές
607 4027 813 4097 ελεγον,
852 4028 1009 4081 τοῦτο
1037 4028 1199 4081 πάλιν
1235 4028 1330 4081 καὶ
1366 4028 1457 4081 νῦν
1485 4028 1615 4099 ἐρῶ⁸
1645 4030 1727 4083 ὅτι
1754 4029 1841 4082 διά
1870 4030 2026 4086 τοῦτο

446 4110 631 4162 λοιπὸν
662 4111 721 4175 ἐξ
746 4112 955 4163 ἐκείνου
984 4111 1312 4181 πρόσταγμα
1341 4111 1533 4179 γέγονε
1564 4112 1714 4183 παρά
1740 4113 1833 4166 τοῦ
1866 4114 2022 4179 Θεοῦ,

447 4193 591 4247 ὥστε
621 4196 679 4247 ἐν
720 4194 885 4265 ἀώρῳ
919 4198 987 4265 τῇ
1026 4193 1213 4266 ἡλικίᾳ
1236 4193 1393 4248 τοῦτο
1418 4196 1709 4265 ὑπομένειν
1743 4198 1869 4262 τοὺς
1901 4202 2026 4252 παῖ-

446 4276 565 4342 δας,
602 4278 689 4330 ἵνα
710 4278 767 4331 ἐν
799 4277 1125 4349 ἀναισθησίᾳ
1146 4278 1242 4348 τὴν
1266 4278 1504 4348 ἐκτομὴν
1528 4278 1628 4347 τῆς
1657 4279 1860 4349 σαρκὸς
1891 4281 2024 4334 ὐπο-

450 4361 707 4431 μένοντες
736 4360 1006 4431 μηδεμίαν
1036 4361 1136 4430 τῆς
1161 4360 1353 4431 ὀδύνης
1375 4364 1569 4432 πεῖραν
1591 4361 1846 4417 λάϐωσιν.

532 4442 691 4496 Ἀλλά
725 4443 916 4496 σκόπει
949 4460 1059 4513 μοι,
1090 4444 1361 4513 ἀγαπητέ,
1400 4443 1495 4498 τοῦ
1541 4444 1674 4499 Θεοῦ
1708 4446 1806 4516 τὴν
1839 4446 2025 4516 φιλανο

448 4526 714 4596 θρωπίαν,
741 4528 835 4580 καὶ
848 4527 945 4598 τὴν
966 4528 1168 4595 ἄφατον
1194 4530 1324 4599 περὶ
1354 4529 1500 4598 ἡμᾶς
1527 4530 1861 4599 εὐεργεσίαν.
1881 4532 2028 4586 Ἐκεῖ

450 4608 544 4661 καὶ
567 4608 724 4679 ὀδύνη
742 4610 833 4662 καὶ
853 4610 1014 4672 πόνος
1034 4612 1099 4663 ἐκ
1119 4610 1211 4665 τοῦ
1237 4610 1546 4680 γινομένου,
1561 4613 1656 4665 καὶ
1672 4612 1822 4666 οὐδὲν
1838 4614 2023 4686 ἕτερον

447 4694 513 4746 ἐκ
537 4694 635 4763 τῆς
663 4694 962 4765 περιτομῆς
983 4694 1172 4763 δφελος
1190 4690 1281 4764 ἦν,
1303 4694 1338 4764 ἢ
1363 4695 1519 4749 τοῦτο
1538 4696 1718 4767 μόνον,
1737 4698 1795 4750 τὸ
1822 4698 1908 4752 διά
1929 4699 2023 4754 τοῦ

449 4778 676 4848 σημείου
708 4777 897 4832 τούτου
923 4777 1234 4849 γνωρίμως
1263 4778 1460 4841 αὐτοὺς
1487 4774 1647 4846 εἶναι,
1668 4782 1761 4833 καὶ
1786 4780 1894 4834 τῶν
1914 4782 2023 4835 λοι-

446 4862 564 4915 πῶν
604 4860 772 4915 ἐθνῶν
800 4860 1151 4931 κεχωρίσθαι.
1198 4861 1262 4914 Ἦ
1291 4861 1346 4914 δέ
1393 4862 1633 4932 ἡμετέρα
1665 4865 1950 4935 περιτομὴ,
1989 4867 2022 4937 ή

444 4945 538 4999 τοῦ
570 4944 938 5016 βαπτίσματος
980 4942 1121 5011 λέγω
1159 4942 1339 5015 χάρις,
1379 4942 1644 4998 ἀνώδυνον
1672 4944 1783 5015 ἔχει
1815 4946 1913 5018 τήν
1945 4949 2026 5001 ία-

441 5030 649 5101 τρείαν,
668 5030 761 5082 καὶ¹
785 5027 991 5099 μυρίων
1014 5026 1232 5095 ἀγαθῶν
1254 5026 1509 5098 πρόξενος
1532 5026 1734 5096 γίνεται
1756 5030 1904 5100 ἡμῖν,
1928 5030 2024 5084 καὶ

441 5113 541 5183 τῆς
562 5112 655 5166 τοῦ
687 5112 1000 5183 Πνεύματος
1023 5112 1167 5182 ἡμᾶς
1191 5110 1496 5184 ἐμπίπλησι
1520 5108 1759 5183 χάριτος,
1783 5113 1878 5167 καὶ
1902 5114 2021 5168 οὐδὲ

444 5196 745 5269 ὡρισμένον
773 5196 883 5267 ἔχει
908 5195 1117 5266 καιρὸν,
1151 5194 1404 5265 καθάπερ
1435 5196 1569 5259 ἐκεῖ,
1592 5195 1705 5249 ἀλλ’
1728 5196 1903 5262 ἔξεστι
1928 5199 2021 5254 καὶ

444 5277 503 5330 ἐν
538 5278 700 5349 ἀώρῳ
725 5278 933 5349 ἡλικίᾳ,
974 5280 1070 5331 καὶ
1098 5280 1155 5331 ἐν
1187 5278 1347 5351 μέσῃ,
1389 5280 1483 5332 καὶ¹
1515 5281 1571 5331 ἐν
1599 5280 1748 5351 αὐτῷ
1771 5281 1849 5353 τῷ
1875 5284 2021 5356 γήρᾳ

443 5360 731 5429 γενόμενόν
768 5378 888 5414 τινα
927 5360 1132 5431 ταύτην
1166 5360 1422 5427 δέξασθαι
1465 5363 1564 5433 τὴν
1607 5364 2018 5436 ἀχειροποίητον

443 5442 763 5512 περιτομήν,
792 5444 849 5495 ἐν
875 5438 1029 5516 οὐκ
1053 5442 1167 5497 ἐστι
1193 5445 1349 5515 μόνον
1377 5446 1684 5515 ὑπομεῖναι,
1703 5447 1818 5501 ἀλλ’
1841 5450 2019 5521 ἀμαρ-

443 5523 700 5595 τημάτων
729 5525 925 5596 φορτία
953 5526 1271 5594 ἀποθέσθαι,
1308 5530 1403 5583 καὶ
1431 5530 1541 5584 τῶν
1569 5532 1628 5585 ἐν
1653 5533 1813 5587 παντὶ
1841 5534 2016 5606 χρόνῳ

506 5702 533 5734 ⁸
559 5701 784 5765 Quinque
810 5716 923 5753 mss.
955 5704 1271 5769 ἀβρωστῆσαν
1303 5709 1410 5761 τότε
1433 5687 1796 5773 ἀποτέμνουσιν.

1115 260 1174 317 8.
1207 256 1492 317 JOANNIS
1522 251 2018 312 CHRYSOSTOMI
2052 249 2372 309 ARCHIEP.
2411 250 2965 310 CONSTANTINOP.

3609 247 3715 308 δτι

2129 367 2615 443 πλημμελημάτων
2651 367 2753 440 τὴν
2793 364 3138 436 συγχώρησιν
3168 359 3449 435 εὑρέσθαι.
3497 364 3715 437 Ἐπειδὴ

2129 454 2236 524 γάρ
2269 448 2407 506 εἶδεν
2450 452 2480 504 0
2515 451 2895 522 φιλάνθρωπος
2935 448 3066 510 Θεὸς
3096 447 3195 518 τῆς
3231 447 3523 513 ἀσθενείας
3561 450 3717 519 ήμῶν

2128 536 2225 608 τὴν
2272 535 2599 608 ὑπερϐολὴν,
2654 535 2748 589 καὶ
2788 535 2871 588 ὅτι
2915 532 3107 586 ἀνίατα
3145 531 3428 597 νοσοῦντες
3475 534 3717 603 μεγάλης

2127 628 2359 700 δεόμεθα
2390 627 2489 697 τῆς
2520 630 2782 700 ἰατρείας,
2805 627 2900 681 καὶ¹
2928 626 3135 695 ἀφάτου
3154 626 3253 697 τῆς
3280 627 3715 698 φιλανθρωπίας,

2128 710 2428 781 οἰκονομῶν
2460 711 2560 782 τὴν
2598 711 2873 781 ἡμετέραν
2910 706 3204 779 σωτηρίαν,
3256 708 3559 779 ἐχαρίσατο
3590 711 3719 777 ἡμῖν

2129 795 2228 867 τὴν
2261 794 2350 848 διά
2380 794 2474 847 τοῦ
2503 793 2727 866 λουτροῦ
2765 794 2866 863 τῆς
2898 790 3317 859 παλιγγενεσίας
3350 792 3716 855 ἀνακαίνιστν,

2130 879 2217 933 ίνα
2241 878 2566 949 ἀποθέμενοι
2595 878 2685 931 τὸν
2712 877 2941 931 παλαιὸν
2970 876 3274 947 ἄνθρωπον,
3308 875 3456 929 τοῦτ’
3487 876 3609 927 ἐστι
3624 876 3718 938 10;

2130 960 2357 1035 πράξεις
2393 961 2491 1025 τὰς
2517 961 2778 1031 πονηρὰς,
2814 960 2909 1015 καὶ
2941 960 3290 1030 ἐνδυσάμενοι
3328 960 3423 1013 τὸν
3447 959 3596 1021 νέον,
3630 960 3719 1011 ἐπὶ

2130 1045 2229 1116 τὴν
2259 1045 2361 1115 τῆς
2397 1044 2601 1117 ἀρετῆς
2643 1043 2763 1097 ὀδὸν
2804 1043 3125 1114 βαδίζωμεν.
3168 1043 3351 1104 Ἀλλὰ,
3386 1042 3717 1113 παρακαλῶ,

2134 1126 2210 1199 μὴ
2231 1128 2339 1180 τῶν
2360 1127 2712 1198 ἀγνωμόνων,
2733 1126 2841 1182 τῶν
2868 1127 3209 1198 ἀναισθήτων
3239 1127 3462 1197 χείρους
3482 1126 3717 1196 γενώμε·

2133 1210 2203 1263 θα
2244 1210 2525 1264 Ἰουδαίων.
2571 1210 2798 1264 Ἐκεῖνοι
2833 1209 2933 1281 μὲν
2954 1210 3060 1282 γάρ
3088 1210 3369 1279 δεχόμενοι
3400 1209 3465 1261 τὸ
3494 1211 3717 1277 σημεῖον

2134 1290 2283 1367 [MO]
2324 1291 2481 1347 10610
2517 1292 2618 1362 τῆς
2652 1294 2974 1365 περιτομῆς,
3010 1289 3154 1364 εἶχον
3194 1293 3386 1363 ίκανὴν
3418 1292 3715 1361 ἀσφάλειαν

2132 1377 2270 1448 πρὸς
2297 1376 2359 1430 10
2384 1376 2580 1448 μηκέτι
2609 1376 3104 1449 συναναμίγνυσθαι
3128 1379 3239 1439 τοῖς
3267 1376 3451 1429 ἔθνεσι
3469 1374 3618 1428 κατά
3636 1376 3716 1428 τὸν

2131 1461 2234 1532 τῆς
2263 1459 2545 1523 κοινωνίας
2579 1459 2755 1529 λόγον’
2793 1460 2934 1514 κατά
2962 1460 3070 1531 γὰρ
3101 1460 3201 1530 τὴν
3227 1460 3490 1513 ἀσέϐειαν
3530 1460 3715 1512 πολλάς

2133 1563 2220 1609 κις
2250 1546 2447 1609 αὐτοὺς
2490 1544 2583 1597 καὶ
2613 1545 3043 1615 ὐπερηκόντισαν
3067 1542 3386 1614 ἀγνώμονες
3415 1544 3714 1612 γεγονότες.

2147 1629 2283 1684 Ἀλλ’
2310 1630 2468 1701 ἡμεῖς
2494 1626 2639 1693 ἅπαξ
2665 1627 2946 1698 δεχόμενοι
2978 1627 3076 1697 τὴν
3101 1626 3187 1680 διά
3212 1627 3307 1679 τοῦ
3340 1626 3715 1697 βαπτίσματος

2133 1713 2456 1783 περιτομὴν,
2506 1710 2643 1780 μετά
2672 1710 2971 1779 ἀσφαλείας
3000 1710 3067 1764 10
3095 1709 3215 1764 καθ’
3249 1712 3483 1773 ἐαυτούς
3519 1713 3713 1762 οἰκονο-

2137 1798 2418 1868 μήσωμεν.
2462 1795 2536 1848 Οὐ
2575 1793 2717 1863 λέγω
2756 1794 2844 1847 ἵνα
2888 1794 2962 1865 μὴ
3003 1792 3580 1863 συναναμιγνυώμεθα
3618 1796 3715 1857 107.;

2135 1881 2363 1945 ἔθνεσιν,
2386 1878 2500 1933 ἀλλ’
2526 1879 2612 1932 ἵνα
2636 1879 2729 1931 ἐπὶ
2752 1878 2851 1948 τῆς
2873 1878 3081 1942 οἰκείας
3101 1878 3301 1950 ἀρετῆς
3326 1877 3611 1947 μένοντες,
3635 1880 3717 1929 καὶ

2133 1962 2360 2025 ἐκείνοις
2387 1959 2911 2033 συναναμιγνύμενοι
2931 1961 3179 2031 ἐλκωμεν
3206 1962 3407 2023 αὐτοὺς
3426 1962 3508 2023 είς
3531 1959 3717 2031 τὴνεῷ

2136 2045 2374 2110 σέϐειαν,
2413 2047 2508 2099 καὶ
2550 2044 2637 2098 διά
2672 2046 2771 2115 τῆς
2814 2042 2923 2096 τῶν
2958 2043 3175 2112 ἀγαθῶν
3220 2044 3403 2117 ἐργων
3447 2044 3715 2106 πολιτείας

2132 2129 2481 2193 διδασκαλίας
2506 2129 2686 2193 αὐτοῖς
2706 2128 2962 2190 ὑπόθεσις
2986 2126 3284 2199 γινώμεθα.
3310 2126 3411 2181 Διά
3433 2128 3553 2198 γὰρ
3574 2126 3719 2179 τοῦτο

2134 2213 2228 2267 καὶ
2252 2215 2280 2265 0
2304 2212 2479 2277 κοινὸς
2513 2213 2765 2267 ἁπάντων
2804 2211 3077 2282 Δεσπότης
3111 2211 3497 2283 συνεχώρησεν
3524 2213 3717 2281 ἀναμε-

2139 2296 2328 2369 μίχθαι
2349 2298 2585 2360 καὶτοὺς
2611 2297 2881 2368 πονηροὺς
2904 2297 2999 2349 καὶ
3029 2296 3155 2359 τοὺς
3174 2296 3436 2363 ἀγαθοὺς,
3474 2296 3576 2348 καὶ
3604 2296 3717 2359 τοὺς

2136 2382 2382 2444 εὐσεϐεῖς
2404 2381 2497 2434 καὶ
2522 2382 2648 2442 τοὺς
2669 2379 2906 2441 ἀσεϐεῖς,
2936 2380 3021 2431 ἵνα
3045 2380 3094 2431 οί
3122 2379 3349 2449 πονηροὶ
3369 2378 3719 2450 κερδαίνωσιν

2135 2464 2245 2518 ἀπὸ
2274 2464 2384 2517 τῶν
2416 2462 2656 2532 ἀγαθῶν,
2694 2462 2788 2515 καὶ
2819 2464 2869 2516 οί
2900 2463 2959 2515 ἐν
2991 2461 3213 2532 ἀσεϐείᾳ
3255 2462 3334 2514 ἐτι
3366 2462 3719 2530 κατεχόμενα

2134 2546 2578 2617 χειραγωγῶνται
2604 2545 2740 2616 πρὸς
2776 2546 2876 2615 τὴν
2904 2545 3203 2598 εὐσέϐειαν.
3239 2544 3407 2598 Οὐδὲν
3445 2544 3564 2615 γὰρ
3589 2543 3720 2597 οὕτω

2134 2630 2214 2699 τῷ
2232 2628 2351 2699 Θεῷ
2375 2628 2852 2701 περισπούδαστον,
2875 2628 2951 2691 ὡς
2980 2628 3223 2697 σωτηρία
3249 2626 3450 2698 ψυχῆς.
3493 2628 3587 2697 Μή
3616 2630 3719 2681 10i-

2136 2729 2232 2767 νυν
2265 2711 2579 2783 ἀμελῶμεν,
2617 2710 2943 2782 παρακαλῶ,
2989 2711 3125 2781 μήτε
3164 2710 3394 2773 ἑαυτῶν,
3438 2712 3583 2781 μήτε
3622 2711 3720 2761 τῶν

2137 2795 2383 2866 πλησίον⁹
2410 2795 2618 2849 ἐαυτῶν
2652 2796 2769 2865 μὲν,
2805 2794 2893 2847 διὰ
2921 2792 3016 2845 τοῦ
3046 2794 3114 2846 τὰ
3146 2793 3265 2846 καθ’
3293 2794 3532 2856 ἑαυτοὺς
3556 2794 3721 2855 οὕτως

2134 2883 2457 2951 οἰκονομεῖν,
2479 2880 2555 2943 ὡς
2581 2880 2729 2932 δοκεῖ
2750 2879 2827 2949 τῷ
2854 2877 2992 2948 Θεῷο
3016 2877 3121 2931 τῶν
3137 2876 3191 2930 δὲ
3217 2878 3471 2949 πλησίον,
3495 2878 3562 2929 ἶν’
3587 2878 3723 2931 οὕτω

2136 2964 2441 3034 λάμπωμεν
2462 2964 2518 3015 ἐν
2544 2963 2734 3033 ἀρετῇ,
2757 2960 2898 3013 ὥστε
2926 2960 3020 3014 καὶ
3048 2960 3320 3028 σιγώντων
3343 2962 3509 3031 ἡμῶν
3538 2963 3723 3029 ἱκανὴν

2136 3044 2280 3119 ἐχεὶν
2303 3045 2650 3100 διδασκαλίαν
2672 3046 2796 3109 τοὺς
2834 3047 2914 3109 είς
2948 3047 3093 3116 ἡμᾶς
3119 3045 3383 3117 ὁρῶντας.
3401 3046 3623 3115 Ὠσπερ
3637 3043 3721 3098 οὖν

2137 3130 2382 3202 ἐνάρετοι
2416 3130 2567 3191 ὄντες
2616 3127 2685 3181 τά
2730 3129 2958 3199 μέγιστα
3008 3129 3102 3183 καὶ
3141 3129 3292 3183 αὐτοὶ
3327 3124 3719 3199 κεβανοῒδμεν,

2137 3214 2232 3267 καὶ
2254 3216 2379 3276 τοὺς
2408 3209 2666 3275 ἀπίστους
2685 3210 3060 3281 ώφελήσομεν,
3085 3210 3275 3274 οὕτως,
3296 3214 3345 3264 εί
3369 3212 3720 3282 ῥαθυμήσαι-

2139 3313 2259 3367 μεν,
2307 3296 2402 3349 καὶ
2437 3294 2590 3348 αὐτοὶ
2623 3293 2826 3366 πολλὴν
2874 3293 3289 3366 ὐποστησόμεθα
3329 3296 3431 3363 τὴν
3479 3295 3719 3359 κόλαςιν,

2136 3379 2230 3434 καὶ
2262 3378 2468 3450 ἑτέροις
2498 3376 2794 3430 σκανδάλου
2838 3376 3092 3439 ὑπόθεσις
3127 3378 3494 3448 γενησόμεθα.
3539 3378 3721 3429 K160-

2136 3482 2242 3537 περ
2275 3462 2384 3534 γὰρ
2416 3460 2512 3533 τὴν
2543 3462 2741 3533 ἀρετὴν
2775 3462 3047 3532 μετιόντες
3076 3461 3235 3532 διπλῇ
3265 3462 3354 3515 τὸν
3387 3464 3589 3531 μισθὸν
3626 3482 3720 3515 ετα-

2135 3548 2207 3621 ρά
2244 3545 2338 3600 τοῦ
2387 3544 2520 3599 Θεοῦ
2560 3544 2938 3621 καρπούμεθα,
2972 3545 3067 3599 καὶ
3099 3545 3239 3617 ὑπὲρ
3272 3541 3347 3598 ὧν
3395 3546 3466 3598 ἂν
3522 3549 3719 3611 11111;.-

2138 3620 2434 3703 μετίωμεν,
2476 3628 2570 3682 καὶ
2614 3628 2755 3699 ὑπὲρ
2809 3620 2882 3682 ὧν
2922 3630 3047 3691 τοὺς
3089 3627 3312 3697 πλησίον
3356 3629 3718 3699 ἐφελκώμεθι

2135 3716 2215 3779 είς
2247 3712 2345 3785 τὴν
2376 3712 2475 3783 τῆς
2501 3711 2704 3783 ἀρετῆς
2741 3711 3047 3765 κοινωνίαν·
3083 3711 3175 3765 τὸν
3206 3711 3369 3764 αὐτὸν
3401 3712 3471 3784 δὴ
3519 3715 3717 3784 τρόπον

2133 3798 2227 3850 καὶ
2254 3796 2346 3849 ἐπὶ
2376 3794 2475 3864 τῆς
2504 3794 2723 3857 κακίας,
2752 3794 2851 3865 οὐχ
2889 3794 3029 3865 ὑπὲρ
3066 3788 3142 3849 ὧν
3181 3797 3593 3866 ἡμαρτήκαμεν
3632 3815 3716 3849 κο-

2132 3877 2407 3950 λαζόμεθα
2435 3878 2614 3949 μόνον,
2648 3876 2763 3931 ἀλλ’
2786 3878 2925 3951 ὑπὲρ
2946 3872 3022 3932 ὧν
3052 3880 3145 3933 καὶ
3175 3880 3393 3951 ἐτέρους
3421 3880 3715 3933 ὑποσκελὶ-

2134 3963 2319 4033 ζομεν.
2357 3959 2516 4015 Ἀλλά
2544 3960 2618 4031 μὴ
2641 3961 2850 4029 γένοιτο
2876 3962 2988 4015 τῶν
3017 3961 3249 4016 ἐνταῦθά
3270 3980 3394 4015 τινα
3427 3965 3717 4017 συνιόντων

2132 4045 2371 4099 τοιοῦτον
2393 4044 2668 4113 γενέσθαι,
2695 4042 2831 4097 ἀλλά
2858 4046 3066 4108 πάντας
3090 4047 3235 4115 ἡμᾶς
3261 4047 3399 4116 πρὸς
3427 4048 3717 4117 οίκοδομὴν

2133 4129 2241 4183 τῶν
2268 4127 2519 4199 ὁρώντων
2546 4127 2641 4180 τὸν
2667 4128 2874 4180 ἑαυτῶν
2902 4128 3017 4199 βίον
3045 4128 3260 4193 ἰθύνειν,
3287 4130 3375 4181 ’ίνα
3394 4130 3719 4201 δυνηθῶμεν

2137 4211 2277 4283 μετά
2318 4212 2628 4282 παρρησίας
2681 4211 2870 4281 στῆναι
2927 4212 3018 4265 ἐπὶ
3054 4210 3147 4265 τοῦ
3178 4212 3421 4283 βήματος
3462 4214 3559 4267 τοῦ
3592 4217 3716 4284 Χρε-

2134 4294 2284 4359 στοῦ,
2331 4296 2427 4349 καὶ
2468 4294 2577 4347 τῶν
2604 4296 2931 4367 ἀπορρήτων
2961 4296 3183 4348 ἐκείνων
3214 4295 3438 4363 ἀγαθῶν
3476 4297 3717 4365 ἀξιωθῆο

2132 4394 2243 4441 ναι,
2283 4370 2359 4432 ὧν
2397 4376 2610 4445 γένοιτο
2642 4377 2852 4440 πάντας
2892 4379 3038 4447 ἡμᾶς
3080 4380 3376 4448 ἐπιτυχεῖν,
3407 4380 3604 4450 χάριτι
3631 4382 3715 4432 καὶ

2134 4460 2515 4534 φιλανθρωπίᾳ
2547 4459 2638 4514 τοῦ
2662 4458 2861 4532 Κυρίου
2896 4461 3054 4531 ⁴ἡμῶν
3093 4461 3265 4532 Ἰησοῦ
3291 4462 3563 4532 Χριστοῦ,
3604 4464 3716 4533 μεθ’

2130 4540 2193 4601 οὗ
2224 4545 2303 4617 τῷ
2345 4546 2519 4615 Πατρὶ
2546 4546 2664 4615 ἅμα
2694 4545 2770 4615 τῷ
2810 4546 2948 4617 ἀγίῳ
2996 4544 3268 4618 Πνεύματι
3303 4545 3456 4611 δόξα,
3492 4548 3713 4619 κράτος,

2131 4627 2285 4701 τιμὴ,
2317 4626 2411 4683 νῦν
2443 4627 2534 4681 καὶ
2571 4628 2679 4694 ἀεὶ,
2718 4628 2813 4682 καὶ
2846 4630 2926 4692 είς
2950 4629 3075 4694 τοὺς
3111 4628 3313 4694 αίῶνας
3342 4630 3456 4684 τῶν
3483 4631 3713 4686 αἰώνων.

2145 4712 2339 4785 Ἀμήν.

2693 4854 2938 4911 ΟΜῙΛΙΔ
2974 4858 3110 4914 ΜΔ’.

2134 5024 2324 5101 Ὠξαθη
2355 5024 2448 5101 δέ
2475 5028 2507 5081 d
2553 5027 2697 5095 Θεὸς
2728 5028 2819 5101 Ατῷ
2862 5028 3108 5101 Ἀϐραὰμ
3154 5031 3302 5101 πρὸς
3348 5032 3429 5099 τῇ
3457 5033 3598 5099 δρυΐ
3642 5033 3710 5101 τῇ

2123 5130 2126 5134 .
2196 5096 2448 5177 Μαμϐρῆ
2467 5137 2483 5161 ,
2514 5098 2852 5177 ξιαθῃμένου
2882 5096 3076 5177 αὑτοῦ
3100 5096 3206 5155 ἐπῐ
3238 5096 3353 5170 τῆς
3385 5096 3575 5172 adp—ac
3604 5096 3711 5171 τῆξ·

2196 5168 2437 5236 σκηνῆς
2464 5168 2651 5223 αὐτοῦ
2673 5173 3068 5239 μεσημϐρίας.

2196 5294 2263 5346 α’.
2294 5289 2468 5343 Ὀκνῶ
2501 5290 2594 5344 καὶ
2622 5291 2922 5363 ἀναδύομαι
2946 5295 3181 5367 σήμερον
3205 5296 3343 5367 πρὸς
3374 5294 3474 5367 τὴ)
3504 5300 3601 5368 τῆς
3634 5299 3707 5351 διο

2123 5371 2418 5437 δασκαλίας
2456 5375 2736 5446 ἐξήγησιν.
2786 5377 2953 5431 Ὅταν
2998 5378 3108 5449 γὰρ
3142 5379 3383 5449 ἐννοήσω
3406 5420 3421 5441 ,
3465 5382 3549 5434 ὅτι
3587 5383 3705 5434 καθ’

2124 5457 2359 5527 ἑκάστην
2383 5457 2597 5529 ἡμέραν
2643 5458 2800 5529 ήμῶν
2846 5460 3178 5531 ἐνηχούντων
3202 5501 3217 5524 ,
3255 5463 3665 5533 παραινούντων
3686 5505 3701 5527 ,

2123 5540 2535 5609 παρατιθέντων
2552 5543 2681 5611 ὑμῖν
2699 5542 2797 5612 τὴν
2824 5544 3199 5615 πνευματικὴν
3220 5545 3423 5619 ταύτην
3443 5548 3701 5609 ἑστίασιν,

2121 5625 2302 5680 πολλοὶ
2333 5626 2440 5679 τῶν
2469 5626 2701 5681 ἐνταῦθα
2732 5630 3213 5699 παραγενομένων,
3247 5632 3342 5685 καὶ
3368 5634 3703 5703 μετεχόντων

2119 5709 2218 5782 τῆς
2252 5712 2627 5783 πνευματικῆς
2667 5712 2871 5785 ταύτης
2917 5712 3262 5779 διδασκαλίας
3299 5718 3396 5771 καὶ
3438 5719 3535 5786 τῆς
3578 5733 3699 5787 φριο
