  <div class='ocr_page' id='page_1' title='image "/cluster/home/n/w/nwhite01/storage/ocr_20150623/53-54/hvd.32044012465829/374.png"; bbox 0 0 3750 6246; ppageno 0'>
   <div class='ocr_carea' id='block_1_1' title="bbox 132 263 233 319">
    <p class='ocr_par' dir='ltr' id='par_1_1' title="bbox 132 263 233 319">
     <span class='ocr_line' id='line_1_1' title="bbox 132 263 233 319; baseline 0 0"><span class='ocrx_word' id='word_1_1' title='bbox 132 263 233 319; x_wconf 73' lang='lat'><strong>373</strong></span> 
     </span>
    </p>
   </div>
   <div class='ocr_carea' id='block_1_2' title="bbox 130 365 1700 438">
    <p class='ocr_par' dir='ltr' id='par_1_2' title="bbox 130 365 1700 438">
     <span class='ocr_line' id='line_1_2' title="bbox 130 365 1700 438; baseline -0.008 -7"><span class='ocrx_word' id='word_1_2' title='bbox 130 375 299 432; x_wconf 83' lang='lat' dir='ltr'><strong>omnia</strong></span> <span class='ocrx_word' id='word_1_3' title='bbox 338 371 673 438; x_wconf 69' lang='lat' dir='ltr'><strong>succedunt;</strong></span> <span class='ocrx_word' id='word_1_4' title='bbox 701 371 796 428; x_wconf 81' lang='lat' dir='ltr'><strong>sed</strong></span> <span class='ocrx_word' id='word_1_5' title='bbox 815 379 870 425; x_wconf 90' lang='lat' dir='ltr'><strong>et</strong></span> <span class='ocrx_word' id='word_1_6' title='bbox 888 368 933 426; x_wconf 86' lang='lat' dir='ltr'><strong>si</strong></span> <span class='ocrx_word' id='word_1_7' title='bbox 951 369 1003 424; x_wconf 84' lang='lat' dir='ltr'><strong>in</strong></span> <span class='ocrx_word' id='word_1_8' title='bbox 1023 367 1285 434; x_wconf 81' lang='lat' dir='ltr'><strong>adversis,</strong></span> <span class='ocrx_word' id='word_1_9' title='bbox 1302 365 1545 425; x_wconf 83' lang='lat' dir='ltr'><strong>eamdem</strong></span> <span class='ocrx_word' id='word_1_10' title='bbox 1565 366 1700 435; x_wconf 87' lang='lat' dir='ltr'><strong>grati</strong></span> 
     </span>
    </p>
   </div>
   <div class='ocr_carea' id='block_1_3' title="bbox 128 454 1704 538">
    <p class='ocr_par' dir='ltr' id='par_1_3' title="bbox 128 454 1704 538">
     <span class='ocr_line' id='line_1_3' title="bbox 128 454 1704 538; baseline -0.011 -13"><span class='ocrx_word' id='word_1_11' title='bbox 128 471 284 525; x_wconf 82' lang='lat' dir='ltr'><strong>animi</strong></span> <span class='ocrx_word' id='word_1_12' title='bbox 305 466 743 538; x_wconf 79' lang='lat' dir='ltr'><strong>signiﬁcationem</strong></span> <span class='ocrx_word' id='word_1_13' title='bbox 765 464 877 519; x_wconf 92' lang='lat' dir='ltr'><strong>det.</strong></span> <span class='ocrx_word' id='word_1_14' title='bbox 899 461 989 517; x_wconf 87' lang='lat' dir='ltr'><strong>Sic</strong></span> <span class='ocrx_word' id='word_1_15' title='bbox 1006 460 1152 514; x_wconf 85' lang='lat' dir='ltr'><strong>enim</strong></span> <span class='ocrx_word' id='word_1_16' title='bbox 1174 456 1473 527; x_wconf 76' lang='lat' dir='ltr'><strong>patriarcha</strong></span> <span class='ocrx_word' id='word_1_17' title='bbox 1509 454 1600 511; x_wconf 88' lang='lat' dir='ltr'><strong>ille</strong></span> <span class='ocrx_word' id='word_1_18' title='bbox 1615 469 1704 509; x_wconf 83' lang='lat' dir='ltr'><strong>ce-</strong></span> 
     </span>
    </p>
   </div>
   <div class='ocr_carea' id='block_1_4' title="bbox 129 545 1700 621">
    <p class='ocr_par' dir='ltr' id='par_1_4' title="bbox 129 545 1700 621">
     <span class='ocr_line' id='line_1_4' title="bbox 129 545 1700 621; baseline -0.012 -3"><span class='ocrx_word' id='word_1_19' title='bbox 129 562 283 618; x_wconf 84' lang='lat' dir='ltr'><strong>lebris</strong></span> <span class='ocrx_word' id='word_1_20' title='bbox 299 568 353 614; x_wconf 90' lang='lat' dir='ltr'><strong>et</strong></span> <span class='ocrx_word' id='word_1_21' title='bbox 368 558 589 617; x_wconf 80' lang='lat' dir='ltr'><strong>illustris</strong></span> <span class='ocrx_word' id='word_1_22' title='bbox 609 556 728 620; x_wconf 90' lang='lat' dir='ltr'><strong>fuit,</strong></span> <span class='ocrx_word' id='word_1_23' title='bbox 748 562 802 610; x_wconf 92' lang='lat' dir='ltr'><strong>et</strong></span> <span class='ocrx_word' id='word_1_24' title='bbox 819 561 1018 609; x_wconf 81' lang='lat' dir='ltr'><strong>tantam</strong></span> <span class='ocrx_word' id='word_1_25' title='bbox 1038 549 1180 621; x_wconf 86' lang='lat' dir='ltr'><strong>apud</strong></span> <span class='ocrx_word' id='word_1_26' title='bbox 1204 549 1375 604; x_wconf 89' lang='lat' dir='ltr'><strong>Deum</strong></span> <span class='ocrx_word' id='word_1_27' title='bbox 1389 547 1616 602; x_wconf 86' lang='lat' dir='ltr'><strong>obtinuit</strong></span> <span class='ocrx_word' id='word_1_28' title='bbox 1634 545 1700 599; x_wconf 90' lang='lat' dir='ltr'><strong>li-</strong></span> 
     </span>
    </p>
   </div>
   <div class='ocr_carea' id='block_1_5' title="bbox 129 640 1700 717">
    <p class='ocr_par' dir='ltr' id='par_1_5' title="bbox 129 640 1700 717">
     <span class='ocr_line' id='line_1_5' title="bbox 129 640 1700 717; baseline -0.01 -10"><span class='ocrx_word' id='word_1_29' title='bbox 129 652 329 707; x_wconf 90' lang='lat' dir='ltr'><strong>duciam</strong></span> <span class='ocrx_word' id='word_1_30' title='bbox 356 691 372 715; x_wconf 94' lang='lat'><strong>,</strong></span> <span class='ocrx_word' id='word_1_31' title='bbox 425 664 489 704; x_wconf 91' lang='lat' dir='ltr'><strong>ac</strong></span> <span class='ocrx_word' id='word_1_32' title='bbox 529 648 671 704; x_wconf 78' lang='lat' dir='ltr'><strong>dona</strong></span> <span class='ocrx_word' id='word_1_33' title='bbox 732 645 939 717; x_wconf 84' lang='lat' dir='ltr'><strong>accepit</strong></span> <span class='ocrx_word' id='word_1_34' title='bbox 992 660 1113 715; x_wconf 74' lang='lat' dir='ltr'><strong>qua:</strong></span> <span class='ocrx_word' id='word_1_35' title='bbox 1186 656 1346 713; x_wconf 86' lang='lat' dir='ltr'><strong>supra</strong></span> <span class='ocrx_word' id='word_1_36' title='bbox 1413 640 1700 695; x_wconf 79' lang='lat' dir='ltr'><strong>humanam</strong></span> 
     </span>
    </p>
   </div>
   <div class='ocr_carea' id='block_1_6' title="bbox 128 732 1035 802">
    <p class='ocr_par' dir='ltr' id='par_1_6' title="bbox 128 732 1035 802">
     <span class='ocr_line' id='line_1_6' title="bbox 128 732 1035 802; baseline -0.014 0"><span class='ocrx_word' id='word_1_37' title='bbox 128 754 242 802; x_wconf 82' lang='lat' dir='ltr'><strong>sunt</strong></span> <span class='ocrx_word' id='word_1_38' title='bbox 270 752 533 799; x_wconf 89' lang='lat' dir='ltr'><strong>naturam.</strong></span> <span class='ocrx_word' id='word_1_39' title='bbox 676 742 679 749; x_wconf 79' lang='grc'><strong><em>“</em></strong></span> <span class='ocrx_word' id='word_1_40' title='bbox 1032 732 1035 733; x_wconf 56' lang='grc'><strong><em>⁷</em></strong></span> 
     </span>
    </p>
   </div>
   <div class='ocr_carea' id='block_1_7' title="bbox 189 831 1696 904">
    <p class='ocr_par' dir='ltr' id='par_1_7' title="bbox 189 831 1696 904">
     <span class='ocr_line' id='line_1_7' title="bbox 189 831 1696 904; baseline -0.008 -12"><span class='ocrx_word' id='word_1_41' title='bbox 189 839 241 893; x_wconf 69' lang='grc' dir='ltr'><strong><em>ι.</em></strong></span> <span class='ocrx_word' id='word_1_42' title='bbox 280 836 384 892; x_wconf 89' lang='lat' dir='ltr'><strong>Sed</strong></span> <span class='ocrx_word' id='word_1_43' title='bbox 415 850 596 904; x_wconf 72' lang='lat' dir='ltr'><strong>opera:</strong></span> <span class='ocrx_word' id='word_1_44' title='bbox 624 834 853 904; x_wconf 90' lang='lat' dir='ltr'><strong>pretium</strong></span> <span class='ocrx_word' id='word_1_45' title='bbox 876 842 960 889; x_wconf 86' lang='lat' dir='ltr'><strong>est</strong></span> <span class='ocrx_word' id='word_1_46' title='bbox 988 841 1046 888; x_wconf 90' lang='lat' dir='ltr'><strong>ut</strong></span> <span class='ocrx_word' id='word_1_47' title='bbox 1064 832 1129 887; x_wconf 88' lang='lat' dir='ltr'><strong>ad</strong></span> <span class='ocrx_word' id='word_1_48' title='bbox 1158 831 1459 887; x_wconf 87' lang='lat' dir='ltr'><strong>institutum</strong></span> <span class='ocrx_word' id='word_1_49' title='bbox 1489 838 1696 883; x_wconf 89' lang='lat' dir='ltr'><strong>sermo-</strong></span> 
     </span>
    </p>
   </div>
   <div class='ocr_carea' id='block_1_8' title="bbox 128 924 1698 997">
    <p class='ocr_par' dir='ltr' id='par_1_8' title="bbox 128 924 1698 997">
     <span class='ocr_line' id='line_1_8' title="bbox 128 924 1698 997; baseline -0.009 -11"><span class='ocrx_word' id='word_1_50' title='bbox 128 946 239 987; x_wconf 85' lang='lat' dir='ltr'><strong>nem</strong></span> <span class='ocrx_word' id='word_1_51' title='bbox 265 929 568 993; x_wconf 85' lang='lat' dir='ltr'><strong>redeamus,</strong></span> <span class='ocrx_word' id='word_1_52' title='bbox 588 936 642 983; x_wconf 90' lang='lat' dir='ltr'><strong>et</strong></span> <span class='ocrx_word' id='word_1_53' title='bbox 660 928 935 982; x_wconf 83' lang='lat' dir='ltr'><strong>videamus</strong></span> <span class='ocrx_word' id='word_1_54' title='bbox 946 926 1072 997; x_wconf 81' lang='lat' dir='ltr'><strong>justi</strong></span> <span class='ocrx_word' id='word_1_55' title='bbox 1091 924 1473 985; x_wconf 76' lang='lat' dir='ltr'><strong>obedientiam,</strong></span> <span class='ocrx_word' id='word_1_56' title='bbox 1492 929 1548 975; x_wconf 91' lang='lat' dir='ltr'><strong>et</strong></span> <span class='ocrx_word' id='word_1_57' title='bbox 1566 932 1698 987; x_wconf 89' lang='lat' dir='ltr'><strong>quo-</strong></span> 
     </span>
    </p>
   </div>
   <div class='ocr_carea' id='block_1_9' title="bbox 128 1019 1695 1089">
    <p class='ocr_par' dir='ltr' id='par_1_9' title="bbox 128 1019 1695 1089">
     <span class='ocr_line' id='line_1_9' title="bbox 128 1019 1695 1089; baseline -0.01 -12"><span class='ocrx_word' id='word_1_58' title='bbox 128 1024 277 1077; x_wconf 89' lang='lat' dir='ltr'><strong>modo</strong></span> <span class='ocrx_word' id='word_1_59' title='bbox 306 1021 490 1077; x_wconf 81' lang='lat' dir='ltr'><strong>fecerit</strong></span> <span class='ocrx_word' id='word_1_60' title='bbox 515 1019 659 1089; x_wconf 91' lang='lat' dir='ltr'><strong>quod</strong></span> <span class='ocrx_word' id='word_1_61' title='bbox 696 1035 728 1075; x_wconf 91' lang='lat' dir='ltr'><strong>a</strong></span> <span class='ocrx_word' id='word_1_62' title='bbox 758 1020 866 1074; x_wconf 91' lang='lat' dir='ltr'><strong>Deo</strong></span> <span class='ocrx_word' id='word_1_63' title='bbox 896 1019 1215 1089; x_wconf 90' lang='lat' dir='ltr'><strong>imperatum</strong></span> <span class='ocrx_word' id='word_1_64' title='bbox 1262 1023 1375 1079; x_wconf 88' lang='lat' dir='ltr'><strong>est,</strong></span> <span class='ocrx_word' id='word_1_65' title='bbox 1410 1029 1516 1067; x_wconf 90' lang='lat' dir='ltr'><strong>non</strong></span> <span class='ocrx_word' id='word_1_66' title='bbox 1545 1024 1695 1080; x_wconf 84' lang='lat' dir='ltr'><strong>quae-</strong></span> 
     </span>
    </p>
   </div>
   <div class='ocr_carea' id='block_1_10' title="bbox 125 1099 1695 1181">
    <p class='ocr_par' dir='ltr' id='par_1_10' title="bbox 125 1099 1695 1181">
     <span class='ocr_line' id='line_1_10' title="bbox 125 1099 1695 1181; baseline -0.009 -12"><span class='ocrx_word' id='word_1_67' title='bbox 125 1131 241 1169; x_wconf 87' lang='lat' dir='ltr'><strong>rens</strong></span> <span class='ocrx_word' id='word_1_68' title='bbox 287 1128 525 1176; x_wconf 87' lang='lat' dir='ltr'><strong>causam,</strong></span> <span class='ocrx_word' id='word_1_69' title='bbox 583 1128 754 1181; x_wconf 86' lang='lat' dir='ltr'><strong>neque</strong></span> <span class='ocrx_word' id='word_1_70' title='bbox 784 1113 1043 1166; x_wconf 83' lang='lat' dir='ltr'><strong>rationem</strong></span> <span class='ocrx_word' id='word_1_71' title='bbox 1074 1109 1317 1179; x_wconf 77' lang='lat' dir='ltr'><strong>exigens,</strong></span> <span class='ocrx_word' id='word_1_72' title='bbox 1363 1105 1504 1161; x_wconf 84' lang='lat' dir='ltr'><strong>sicut</strong></span> <span class='ocrx_word' id='word_1_73' title='bbox 1544 1099 1695 1156; x_wconf 90' lang='lat' dir='ltr'><strong>multi</strong></span> 
     </span>
    </p>
   </div>
   <div class='ocr_carea' id='block_1_11' title="bbox 124 1192 1696 1276">
    <p class='ocr_par' dir='ltr' id='par_1_11' title="bbox 124 1192 1696 1276">
     <span class='ocr_line' id='line_1_11' title="bbox 124 1192 1696 1276; baseline -0.011 -15"><span class='ocrx_word' id='word_1_74' title='bbox 124 1206 427 1276; x_wconf 76' lang='lat' dir='ltr'><strong>insipientes</strong></span> <span class='ocrx_word' id='word_1_75' title='bbox 454 1203 678 1265; x_wconf 88' lang='lat' dir='ltr'><strong>faciunt,</strong></span> <span class='ocrx_word' id='word_1_76' title='bbox 706 1203 773 1257; x_wconf 88' lang='lat' dir='ltr'><strong>de</strong></span> <span class='ocrx_word' id='word_1_77' title='bbox 801 1203 865 1257; x_wconf 91' lang='lat' dir='ltr'><strong>iis</strong></span> <span class='ocrx_word' id='word_1_78' title='bbox 892 1215 1011 1272; x_wconf 68' lang='lat' dir='ltr'><strong>quae</strong></span> <span class='ocrx_word' id='word_1_79' title='bbox 1039 1200 1179 1255; x_wconf 89' lang='lat' dir='ltr'><strong>Deus</strong></span> <span class='ocrx_word' id='word_1_80' title='bbox 1209 1205 1464 1269; x_wconf 87' lang='lat' dir='ltr'><strong>operatur</strong></span> <span class='ocrx_word' id='word_1_81' title='bbox 1485 1192 1696 1248; x_wconf 80' lang='lat' dir='ltr'><strong>curiose</strong></span> 
     </span>
    </p>
   </div>
   <div class='ocr_carea' id='block_1_12' title="bbox 121 1285 1695 1367">
    <p class='ocr_par' dir='ltr' id='par_1_12' title="bbox 121 1285 1695 1367">
     <span class='ocr_line' id='line_1_12' title="bbox 121 1285 1695 1367; baseline -0.008 -17"><span class='ocrx_word' id='word_1_82' title='bbox 121 1306 429 1367; x_wconf 59' lang='lat' dir='ltr'><strong>quaerentes,</strong></span> <span class='ocrx_word' id='word_1_83' title='bbox 455 1305 510 1351; x_wconf 89' lang='lat' dir='ltr'><strong>et</strong></span> <span class='ocrx_word' id='word_1_84' title='bbox 536 1296 802 1350; x_wconf 79' lang='lat' dir='ltr'><strong>dicentes:</strong></span> <span class='ocrx_word' id='word_1_85' title='bbox 830 1294 1009 1362; x_wconf 82' lang='lat' dir='ltr'><strong>Quare</strong></span> <span class='ocrx_word' id='word_1_86' title='bbox 1035 1293 1159 1359; x_wconf 90' lang='lat' dir='ltr'><strong>hoc,</strong></span> <span class='ocrx_word' id='word_1_87' title='bbox 1186 1299 1240 1345; x_wconf 93' lang='lat' dir='ltr'><strong>ct</strong></span> <span class='ocrx_word' id='word_1_88' title='bbox 1258 1304 1423 1361; x_wconf 88' lang='lat' dir='ltr'><strong>quare</strong></span> <span class='ocrx_word' id='word_1_89' title='bbox 1450 1285 1614 1341; x_wconf 88' lang='lat' dir='ltr'><strong>illud?</strong></span> <span class='ocrx_word' id='word_1_90' title='bbox 1638 1292 1695 1339; x_wconf 91' lang='lat' dir='ltr'><strong>et</strong></span> 
     </span>
    </p>
   </div>
   <div class='ocr_carea' id='block_1_13' title="bbox 121 1380 1691 1459">
    <p class='ocr_par' dir='ltr' id='par_1_13' title="bbox 121 1380 1691 1459">
     <span class='ocr_line' id='line_1_13' title="bbox 121 1380 1691 1459; baseline -0.007 -16"><span class='ocrx_word' id='word_1_91' title='bbox 121 1406 231 1459; x_wconf 68' lang='lat' dir='ltr'><strong>qua!</strong></span> <span class='ocrx_word' id='word_1_92' title='bbox 261 1387 407 1455; x_wconf 89' lang='lat' dir='ltr'><strong>hinc,</strong></span> <span class='ocrx_word' id='word_1_93' title='bbox 440 1389 524 1443; x_wconf 81' lang='lat' dir='ltr'><strong>vel</strong></span> <span class='ocrx_word' id='word_1_94' title='bbox 547 1402 669 1457; x_wconf 71' lang='lat' dir='ltr'><strong>qum</strong></span> <span class='ocrx_word' id='word_1_95' title='bbox 697 1387 845 1441; x_wconf 89' lang='lat' dir='ltr'><strong>illinc</strong></span> <span class='ocrx_word' id='word_1_96' title='bbox 874 1384 1078 1440; x_wconf 84' lang='lat' dir='ltr'><strong>utilitas</strong></span> <span class='ocrx_word' id='word_1_97' title='bbox 1121 1380 1432 1438; x_wconf 81' lang='lat' dir='ltr'><strong>enascitur?</strong></span> <span class='ocrx_word' id='word_1_98' title='bbox 1474 1382 1543 1435; x_wconf 82' lang='lat' dir='ltr'><strong>At</strong></span> <span class='ocrx_word' id='word_1_99' title='bbox 1585 1394 1691 1433; x_wconf 90' lang='lat' dir='ltr'><strong>non</strong></span> 
     </span>
    </p>
   </div>
   <div class='ocr_carea' id='block_1_14' title="bbox 118 1472 1692 1550">
    <p class='ocr_par' dir='ltr' id='par_1_14' title="bbox 118 1472 1692 1550">
     <span class='ocr_line' id='line_1_14' title="bbox 118 1472 1692 1550; baseline -0.006 -14"><span class='ocrx_word' id='word_1_100' title='bbox 118 1484 178 1538; x_wconf 88' lang='lat' dir='ltr'><strong>ad</strong></span> <span class='ocrx_word' id='word_1_101' title='bbox 213 1498 334 1538; x_wconf 89' lang='lat' dir='ltr'><strong>eum</strong></span> <span class='ocrx_word' id='word_1_102' title='bbox 361 1481 578 1537; x_wconf 90' lang='lat' dir='ltr'><strong>modum</strong></span> <span class='ocrx_word' id='word_1_103' title='bbox 622 1482 744 1536; x_wconf 88' lang='lat' dir='ltr'><strong>fecit</strong></span> <span class='ocrx_word' id='word_1_104' title='bbox 777 1482 952 1550; x_wconf 71' lang='lat' dir='ltr'><strong>justus</strong></span> <span class='ocrx_word' id='word_1_105' title='bbox 982 1477 1104 1543; x_wconf 90' lang='lat' dir='ltr'><strong>ille;</strong></span> <span class='ocrx_word' id='word_1_106' title='bbox 1152 1476 1250 1532; x_wconf 85' lang='lat' dir='ltr'><strong>sed</strong></span> <span class='ocrx_word' id='word_1_107' title='bbox 1302 1474 1440 1530; x_wconf 87' lang='lat' dir='ltr'><strong>sicut</strong></span> <span class='ocrx_word' id='word_1_108' title='bbox 1465 1472 1692 1527; x_wconf 85' lang='lat' dir='ltr'><strong>famulus</strong></span> 
     </span>
    </p>
   </div>
   <div class='ocr_carea' id='block_1_15' title="bbox 118 1563 1691 1646">
    <p class='ocr_par' dir='ltr' id='par_1_15' title="bbox 118 1563 1691 1646">
     <span class='ocr_line' id='line_1_15' title="bbox 118 1563 1691 1646; baseline -0.009 -15"><span class='ocrx_word' id='word_1_109' title='bbox 118 1577 333 1646; x_wconf 75' lang='lat' dir='ltr'><strong>diligens</strong></span> <span class='ocrx_word' id='word_1_110' title='bbox 359 1574 658 1637; x_wconf 89' lang='lat' dir='ltr'><strong>dominum,</strong></span> <span class='ocrx_word' id='word_1_111' title='bbox 686 1585 1038 1644; x_wconf 59' lang='lat' dir='ltr'><strong>quaecumque</strong></span> <span class='ocrx_word' id='word_1_112' title='bbox 1065 1566 1411 1640; x_wconf 67' lang='lat' dir='ltr'><strong>praecepisset</strong></span> <span class='ocrx_word' id='word_1_113' title='bbox 1466 1563 1691 1633; x_wconf 89' lang='lat' dir='ltr'><strong>implere</strong></span> 
     </span>
    </p>
   </div>
   <div class='ocr_carea' id='block_1_16' title="bbox 118 1655 1689 1735">
    <p class='ocr_par' dir='ltr' id='par_1_16' title="bbox 118 1655 1689 1735">
     <span class='ocr_line' id='line_1_16' title="bbox 118 1655 1689 1735; baseline -0.009 -12"><span class='ocrx_word' id='word_1_114' title='bbox 118 1668 329 1731; x_wconf 82' lang='lat' dir='ltr'><strong>studuit,</strong></span> <span class='ocrx_word' id='word_1_115' title='bbox 360 1666 492 1721; x_wconf 85' lang='lat' dir='ltr'><strong>nihil</strong></span> <span class='ocrx_word' id='word_1_116' title='bbox 522 1664 745 1720; x_wconf 86' lang='lat' dir='ltr'><strong>ulterius</strong></span> <span class='ocrx_word' id='word_1_117' title='bbox 766 1672 1111 1735; x_wconf 83' lang='lat' dir='ltr'><strong>percontans.</strong></span> <span class='ocrx_word' id='word_1_118' title='bbox 1144 1661 1211 1716; x_wconf 89' lang='lat' dir='ltr'><strong>Et</strong></span> <span class='ocrx_word' id='word_1_119' title='bbox 1235 1668 1296 1714; x_wconf 88' lang='lat' dir='ltr'><strong>ut</strong></span> <span class='ocrx_word' id='word_1_120' title='bbox 1333 1659 1529 1721; x_wconf 85' lang='lat' dir='ltr'><strong>discas,</strong></span> <span class='ocrx_word' id='word_1_121' title='bbox 1564 1655 1689 1710; x_wconf 90' lang='lat' dir='ltr'><strong>audi</strong></span> 
     </span>
    </p>
   </div>
   <div class='ocr_carea' id='block_1_17' title="bbox 117 1748 1691 1835">
    <p class='ocr_par' dir='ltr' id='par_1_17' title="bbox 117 1748 1691 1835">
     <span class='ocr_line' id='line_1_17' title="bbox 117 1748 1691 1835; baseline -0.01 -18"><span class='ocrx_word' id='word_1_122' title='bbox 117 1778 223 1835; x_wconf 75' lang='lat' dir='ltr'><strong>quae</strong></span> <span class='ocrx_word' id='word_1_123' title='bbox 264 1770 579 1831; x_wconf 88' lang='lat' dir='ltr'><strong>sequuntur.</strong></span> <span class='ocrx_word' id='word_1_124' title='bbox 620 1758 910 1828; x_wconf 88' lang='lat' dir='ltr'><strong>Postquam</strong></span> <span class='ocrx_word' id='word_1_125' title='bbox 961 1754 1104 1812; x_wconf 92' lang='lat' dir='ltr'><strong>enim</strong></span> <span class='ocrx_word' id='word_1_126' title='bbox 1156 1752 1413 1809; x_wconf 90' lang='lat' dir='ltr'><strong>Dominus</strong></span> <span class='ocrx_word' id='word_1_127' title='bbox 1461 1748 1691 1821; x_wconf 89' lang='lat' dir='ltr'><strong>promis-</strong></span> 
     </span>
    </p>
   </div>
   <div class='ocr_carea' id='block_1_18' title="bbox 117 1846 1683 1922">
    <p class='ocr_par' dir='ltr' id='par_1_18' title="bbox 117 1846 1683 1922">
     <span class='ocr_line' id='line_1_18' title="bbox 117 1846 1683 1922; baseline -0.011 -13"><span class='ocrx_word' id='word_1_128' title='bbox 117 1858 306 1909; x_wconf 79' lang='lat' dir='ltr'><strong>sionem</strong></span> <span class='ocrx_word' id='word_1_129' title='bbox 328 1853 375 1906; x_wconf 88' lang='lat' dir='ltr'><strong>ei</strong></span> <span class='ocrx_word' id='word_1_130' title='bbox 402 1852 523 1907; x_wconf 61' lang='lat' dir='ltr'><strong>fecit</strong></span> <span class='ocrx_word' id='word_1_131' title='bbox 544 1850 626 1922; x_wconf 80' lang='grc' dir='ltr'><strong>(υ.</strong></span> <span class='ocrx_word' id='word_1_132' title='bbox 654 1849 749 1919; x_wconf 74' lang='grc'><strong>22)</strong></span> <span class='ocrx_word' id='word_1_133' title='bbox 766 1891 780 1915; x_wconf 89' lang='grc'>,</span> <span class='ocrx_word' id='word_1_134' title='bbox 809 1858 864 1904; x_wconf 88' lang='lat' dir='ltr'><strong>et</strong></span> <span class='ocrx_word' id='word_1_135' title='bbox 882 1846 1171 1917; x_wconf 81' lang='lat' dir='ltr'><strong>complevit</strong></span> <span class='ocrx_word' id='word_1_136' title='bbox 1187 1857 1490 1901; x_wconf 89' lang='lat' dir='ltr'><strong>sermonem</strong></span> <span class='ocrx_word' id='word_1_137' title='bbox 1508 1856 1683 1906; x_wconf 90' lang='lat' dir='ltr'><strong>suum,</strong></span> 
     </span>
    </p>
   </div>
   <div class='ocr_carea' id='block_1_19' title="bbox 114 1933 1684 2015">
    <p class='ocr_par' dir='ltr' id='par_1_19' title="bbox 114 1933 1684 2015">
     <span class='ocr_line' id='line_1_19' title="bbox 114 1933 1684 2015; baseline -0.01 -16"><span class='ocrx_word' id='word_1_138' title='bbox 114 1949 277 2002; x_wconf 77' lang='lat' dir='ltr'><strong>statim</strong></span> <span class='ocrx_word' id='word_1_139' title='bbox 290 1946 469 2015; x_wconf 77' lang='lat' dir='ltr'><strong>justus</strong></span> <span class='ocrx_word' id='word_1_140' title='bbox 493 1958 613 2013; x_wconf 74' lang='lat' dir='ltr'><strong>quae</strong></span> <span class='ocrx_word' id='word_1_141' title='bbox 632 1943 885 2012; x_wconf 88' lang='lat' dir='ltr'><strong>imperata</strong></span> <span class='ocrx_word' id='word_1_142' title='bbox 907 1937 1121 1993; x_wconf 85' lang='lat' dir='ltr'><strong>fuentnt</strong></span> <span class='ocrx_word' id='word_1_143' title='bbox 1142 1936 1384 2008; x_wconf 81' lang='lat' dir='ltr'><strong>perfecit,</strong></span> <span class='ocrx_word' id='word_1_144' title='bbox 1407 1943 1460 1989; x_wconf 91' lang='lat' dir='ltr'><strong>et</strong></span> <span class='ocrx_word' id='word_1_145' title='bbox 1477 1933 1684 2003; x_wconf 89' lang='lat' dir='ltr'><strong>signum</strong></span> 
     </span>
    </p>
   </div>
   <div class='ocr_carea' id='block_1_20' title="bbox 116 2022 1683 2108">
    <p class='ocr_par' dir='ltr' id='par_1_20' title="bbox 116 2022 1683 2108">
     <span class='ocr_line' id='line_1_20' title="bbox 116 2022 1683 2108; baseline -0.009 -16"><span class='ocrx_word' id='word_1_146' title='bbox 116 2041 203 2093; x_wconf 84' lang='lat' dir='ltr'><strong>hoc</strong></span> <span class='ocrx_word' id='word_1_147' title='bbox 222 2037 360 2108; x_wconf 86' lang='lat' dir='ltr'><strong>quod</strong></span> <span class='ocrx_word' id='word_1_148' title='bbox 394 2052 423 2089; x_wconf 90' lang='lat' dir='ltr'><strong>a</strong></span> <span class='ocrx_word' id='word_1_149' title='bbox 454 2036 562 2090; x_wconf 83' lang='lat' dir='ltr'><strong>Deo</strong></span> <span class='ocrx_word' id='word_1_150' title='bbox 590 2041 709 2089; x_wconf 91' lang='lat' dir='ltr'><strong>erat</strong></span> <span class='ocrx_word' id='word_1_151' title='bbox 731 2032 936 2099; x_wconf 85' lang='lat' dir='ltr'><strong>datum,</strong></span> <span class='ocrx_word' id='word_1_152' title='bbox 960 2029 1151 2085; x_wconf 87' lang='lat' dir='ltr'><strong>indidit</strong></span> <span class='ocrx_word' id='word_1_153' title='bbox 1177 2027 1388 2084; x_wconf 85' lang='lat' dir='ltr'><strong>lsmaeli</strong></span> <span class='ocrx_word' id='word_1_154' title='bbox 1436 2025 1519 2097; x_wconf 83' lang='grc' dir='ltr'><strong>(υ.</strong></span> <span class='ocrx_word' id='word_1_155' title='bbox 1546 2022 1638 2093; x_wconf 75' lang='grc'><strong>25)</strong></span> <span class='ocrx_word' id='word_1_156' title='bbox 1666 2062 1683 2090; x_wconf 87' lang='grc'><em>,</em></span> 
     </span>
    </p>
   </div>
   <div class='ocr_carea' id='block_1_21' title="bbox 112 2116 1687 2191">
    <p class='ocr_par' dir='ltr' id='par_1_21' title="bbox 112 2116 1687 2191">
     <span class='ocr_line' id='line_1_21' title="bbox 112 2116 1687 2191; baseline -0.01 -7"><span class='ocrx_word' id='word_1_157' title='bbox 112 2130 561 2185; x_wconf 79' lang='lat' dir='ltr'><strong>circumcisionem</strong></span> <span class='ocrx_word' id='word_1_158' title='bbox 578 2127 720 2191; x_wconf 87' lang='lat' dir='ltr'><strong>dico,</strong></span> <span class='ocrx_word' id='word_1_159' title='bbox 743 2134 800 2180; x_wconf 89' lang='lat' dir='ltr'><strong>et</strong></span> <span class='ocrx_word' id='word_1_160' title='bbox 822 2123 1070 2178; x_wconf 87' lang='lat' dir='ltr'><strong>omnibus</strong></span> <span class='ocrx_word' id='word_1_161' title='bbox 1094 2120 1393 2177; x_wconf 82' lang='lat' dir='ltr'><strong>vernaculis</strong></span> <span class='ocrx_word' id='word_1_162' title='bbox 1417 2128 1472 2172; x_wconf 91' lang='lat' dir='ltr'><strong>et</strong></span> <span class='ocrx_word' id='word_1_163' title='bbox 1494 2116 1687 2186; x_wconf 86' lang='lat' dir='ltr'><strong>empti-</strong></span> 
     </span>
    </p>
   </div>
   <div class='ocr_carea' id='block_1_22' title="bbox 114 2212 1685 2289">
    <p class='ocr_par' dir='ltr' id='par_1_22' title="bbox 114 2212 1685 2289">
     <span class='ocr_line' id='line_1_22' title="bbox 114 2212 1685 2289; baseline -0.009 -14"><span class='ocrx_word' id='word_1_164' title='bbox 114 2224 208 2285; x_wconf 84' lang='lat' dir='ltr'><strong>tiis,</strong></span> <span class='ocrx_word' id='word_1_165' title='bbox 237 2224 371 2275; x_wconf 89' lang='lat' dir='ltr'><strong>sicut</strong></span> <span class='ocrx_word' id='word_1_166' title='bbox 397 2220 646 2289; x_wconf 86' lang='lat' dir='ltr'><strong>loquutus</strong></span> <span class='ocrx_word' id='word_1_167' title='bbox 668 2226 750 2272; x_wconf 89' lang='lat' dir='ltr'><strong>est</strong></span> <span class='ocrx_word' id='word_1_168' title='bbox 771 2216 821 2272; x_wconf 91' lang='lat' dir='ltr'><strong>ei</strong></span> <span class='ocrx_word' id='word_1_169' title='bbox 843 2217 1000 2271; x_wconf 89' lang='lat' dir='ltr'><strong>Deus.</strong></span> <span class='ocrx_word' id='word_1_170' title='bbox 1022 2212 1381 2269; x_wconf 86' lang='lat' dir='ltr'><strong>Circumcisus</strong></span> <span class='ocrx_word' id='word_1_171' title='bbox 1399 2219 1484 2265; x_wconf 89' lang='lat' dir='ltr'><strong>est</strong></span> <span class='ocrx_word' id='word_1_172' title='bbox 1506 2219 1685 2263; x_wconf 83' lang='lat' dir='ltr'><strong>autem</strong></span> 
     </span>
    </p>
   </div>
   <div class='ocr_carea' id='block_1_23' title="bbox 112 2308 1682 2386">
    <p class='ocr_par' dir='ltr' id='par_1_23' title="bbox 112 2308 1682 2386">
     <span class='ocr_line' id='line_1_23' title="bbox 112 2308 1682 2386; baseline -0.011 -17"><span class='ocrx_word' id='word_1_173' title='bbox 112 2327 158 2369; x_wconf 88' lang='lat' dir='ltr'><strong>et</strong></span> <span class='ocrx_word' id='word_1_174' title='bbox 176 2316 301 2386; x_wconf 88' lang='lat' dir='ltr'><strong>ipse.</strong></span> <span class='ocrx_word' id='word_1_175' title='bbox 331 2314 423 2366; x_wconf 70' lang='grc'><strong>24.</strong></span> <span class='ocrx_word' id='word_1_176' title='bbox 464 2309 757 2381; x_wconf 84' lang='lat' dir='ltr'><strong>Nonaginta</strong></span> <span class='ocrx_word' id='word_1_177' title='bbox 780 2308 922 2366; x_wconf 89' lang='lat' dir='ltr'><strong>enim</strong></span> <span class='ocrx_word' id='word_1_178' title='bbox 950 2316 997 2361; x_wconf 89' lang='lat' dir='ltr'><strong>et</strong></span> <span class='ocrx_word' id='word_1_179' title='bbox 1022 2321 1195 2360; x_wconf 82' lang='lat' dir='ltr'><strong>nouem</strong></span> <span class='ocrx_word' id='word_1_180' title='bbox 1232 2317 1488 2357; x_wconf 79' lang='lat' dir='ltr'><strong>annorum</strong></span> <span class='ocrx_word' id='word_1_181' title='bbox 1526 2308 1635 2354; x_wconf 85' lang='lat' dir='ltr'><strong>erat</strong></span> <span class='ocrx_word' id='word_1_182' title='bbox 1664 2337 1682 2362; x_wconf 90' lang='lat'><strong>,</strong></span> 
     </span>
    </p>
   </div>
   <div class='ocr_carea' id='block_1_24' title="bbox 113 2392 1681 2479">
    <p class='ocr_par' dir='ltr' id='par_1_24' title="bbox 113 2392 1681 2479">
     <span class='ocr_line' id='line_1_24' title="bbox 113 2392 1681 2479; baseline -0.009 -19"><span class='ocrx_word' id='word_1_183' title='bbox 113 2407 285 2479; x_wconf 90' lang='lat' dir='ltr'><strong>inquit,</strong></span> <span class='ocrx_word' id='word_1_184' title='bbox 320 2405 525 2474; x_wconf 80' lang='lat' dir='ltr'><strong>quando</strong></span> <span class='ocrx_word' id='word_1_185' title='bbox 570 2401 882 2457; x_wconf 76' lang='lat' dir='ltr'><strong>circumcidit</strong></span> <span class='ocrx_word' id='word_1_186' title='bbox 921 2415 1125 2453; x_wconf 84' lang='lat' dir='ltr'><strong>carnem</strong></span> <span class='ocrx_word' id='word_1_187' title='bbox 1171 2396 1408 2467; x_wconf 77' lang='lat' dir='ltr'><strong>prteputii</strong></span> <span class='ocrx_word' id='word_1_188' title='bbox 1454 2395 1565 2458; x_wconf 86' lang='lat' dir='ltr'><strong>sui;</strong></span> <span class='ocrx_word' id='word_1_189' title='bbox 1588 2392 1681 2447; x_wconf 78' lang='lat'><strong>25.</strong></span> 
     </span>
    </p>
   </div>
   <div class='ocr_carea' id='block_1_25' title="bbox 111 2485 1685 2556">
    <p class='ocr_par' dir='ltr' id='par_1_25' title="bbox 111 2485 1685 2556">
     <span class='ocr_line' id='line_1_25' title="bbox 111 2485 1685 2556; baseline -0.01 -3"><span class='ocrx_word' id='word_1_190' title='bbox 111 2499 285 2553; x_wconf 81' lang='lat' dir='ltr'><strong>fsmael</strong></span> <span class='ocrx_word' id='word_1_191' title='bbox 309 2510 480 2552; x_wconf 81' lang='lat' dir='ltr'><strong>autent</strong></span> <span class='ocrx_word' id='word_1_192' title='bbox 507 2503 615 2549; x_wconf 87' lang='lat' dir='ltr'><strong>erat</strong></span> <span class='ocrx_word' id='word_1_193' title='bbox 641 2508 892 2547; x_wconf 85' lang='lat' dir='ltr'><strong>annorum</strong></span> <span class='ocrx_word' id='word_1_194' title='bbox 917 2490 1173 2545; x_wconf 73' lang='lat' dir='ltr'><strong>tredecim.</strong></span> <span class='ocrx_word' id='word_1_195' title='bbox 1198 2486 1278 2543; x_wconf 85' lang='lat' dir='ltr'><strong>Ne</strong></span> <span class='ocrx_word' id='word_1_196' title='bbox 1308 2495 1462 2556; x_wconf 85' lang='lat' dir='ltr'><strong>putes</strong></span> <span class='ocrx_word' id='word_1_197' title='bbox 1481 2485 1685 2554; x_wconf 89' lang='lat' dir='ltr'><strong>absque</strong></span> 
     </span>
    </p>
   </div>
   <div class='ocr_carea' id='block_1_26' title="bbox 111 2580 1681 2658">
    <p class='ocr_par' dir='ltr' id='par_1_26' title="bbox 111 2580 1681 2658">
     <span class='ocr_line' id='line_1_26' title="bbox 111 2580 1681 2658; baseline -0.011 -13"><span class='ocrx_word' id='word_1_198' title='bbox 111 2605 249 2645; x_wconf 77' lang='lat' dir='ltr'><strong>causa</strong></span> <span class='ocrx_word' id='word_1_199' title='bbox 278 2589 609 2658; x_wconf 87' lang='lat' dir='ltr'><strong>Scripturam</strong></span> <span class='ocrx_word' id='word_1_200' title='bbox 634 2597 932 2656; x_wconf 86' lang='lat' dir='ltr'><strong>prOponere</strong></span> <span class='ocrx_word' id='word_1_201' title='bbox 975 2580 1131 2635; x_wconf 91' lang='lat' dir='ltr'><strong>nobis</strong></span> <span class='ocrx_word' id='word_1_202' title='bbox 1178 2592 1459 2634; x_wconf 90' lang='lat' dir='ltr'><strong>numerum</strong></span> <span class='ocrx_word' id='word_1_203' title='bbox 1507 2590 1681 2629; x_wconf 83' lang='lat' dir='ltr'><strong>annu-</strong></span> 
     </span>
    </p>
   </div>
   <div class='ocr_carea' id='block_1_27' title="bbox 111 2655 1676 2744">
    <p class='ocr_par' dir='ltr' id='par_1_27' title="bbox 111 2655 1676 2744">
     <span class='ocr_line' id='line_1_27' title="bbox 111 2655 1676 2744; baseline -0.011 -9"><span class='ocrx_word' id='word_1_204' title='bbox 111 2698 212 2736; x_wconf 88' lang='lat' dir='ltr'><strong>rum</strong></span> <span class='ocrx_word' id='word_1_205' title='bbox 239 2699 252 2734; x_wconf 89' lang='lat'><strong>:</strong></span> <span class='ocrx_word' id='word_1_206' title='bbox 283 2680 377 2734; x_wconf 86' lang='lat' dir='ltr'><strong>sed</strong></span> <span class='ocrx_word' id='word_1_207' title='bbox 402 2655 461 2734; x_wconf 79' lang='lat' dir='ltr'><strong>ut</strong></span> <span class='ocrx_word' id='word_1_208' title='bbox 481 2694 545 2734; x_wconf 79' lang='lat' dir='ltr'><strong>ex</strong></span> <span class='ocrx_word' id='word_1_209' title='bbox 563 2655 996 2744; x_wconf 85' lang='lat' dir='ltr'><strong>hocdiscasjusti</strong></span> <span class='ocrx_word' id='word_1_210' title='bbox 1021 2685 1265 2742; x_wconf 84' lang='lat' dir='ltr'><strong>magnam</strong></span> <span class='ocrx_word' id='word_1_211' title='bbox 1297 2655 1676 2731; x_wconf 80' lang='lat' dir='ltr'><strong>obedientiam,</strong></span> 
     </span>
    </p>
   </div>
   <div class='ocr_carea' id='block_1_28' title="bbox 109 2758 1682 2847">
    <p class='ocr_par' dir='ltr' id='par_1_28' title="bbox 109 2758 1682 2847">
     <span class='ocr_line' id='line_1_28' title="bbox 109 2758 1682 2847; baseline -0.01 -20"><span class='ocrx_word' id='word_1_212' title='bbox 109 2775 232 2847; x_wconf 85' lang='lat' dir='ltr'><strong>quod</strong></span> <span class='ocrx_word' id='word_1_213' title='bbox 258 2790 377 2831; x_wconf 89' lang='lat' dir='ltr'><strong>cum</strong></span> <span class='ocrx_word' id='word_1_214' title='bbox 399 2774 507 2843; x_wconf 87' lang='lat' dir='ltr'><strong>jam</strong></span> <span class='ocrx_word' id='word_1_215' title='bbox 540 2772 591 2825; x_wconf 92' lang='lat' dir='ltr'><strong>in</strong></span> <span class='ocrx_word' id='word_1_216' title='bbox 622 2770 888 2838; x_wconf 81' lang='lat' dir='ltr'><strong>decrepita</strong></span> <span class='ocrx_word' id='word_1_217' title='bbox 916 2774 1060 2821; x_wconf 80' lang='lat' dir='ltr'><strong>esset</strong></span> <span class='ocrx_word' id='word_1_218' title='bbox 1081 2774 1256 2830; x_wconf 66' lang='lat' dir='ltr'><strong>aetate,</strong></span> <span class='ocrx_word' id='word_1_219' title='bbox 1288 2761 1483 2817; x_wconf 90' lang='lat' dir='ltr'><strong>leniter</strong></span> <span class='ocrx_word' id='word_1_220' title='bbox 1503 2758 1682 2813; x_wconf 88' lang='lat' dir='ltr'><strong>tulerit</strong></span> 
     </span>
    </p>
   </div>
   <div class='ocr_carea' id='block_1_29' title="bbox 109 2848 1677 2933">
    <p class='ocr_par' dir='ltr' id='par_1_29' title="bbox 109 2848 1677 2933">
     <span class='ocr_line' id='line_1_29' title="bbox 109 2848 1677 2933; baseline -0.011 -14"><span class='ocrx_word' id='word_1_221' title='bbox 109 2868 327 2920; x_wconf 86' lang='lat' dir='ltr'><strong>dolorem</strong></span> <span class='ocrx_word' id='word_1_222' title='bbox 352 2871 575 2933; x_wconf 75' lang='lat' dir='ltr'><strong>prapter</strong></span> <span class='ocrx_word' id='word_1_223' title='bbox 599 2867 924 2931; x_wconf 64' lang='lat' dir='ltr'><strong>prccceptum</strong></span> <span class='ocrx_word' id='word_1_224' title='bbox 948 2857 1057 2921; x_wconf 91' lang='lat' dir='ltr'><strong>Dei,</strong></span> <span class='ocrx_word' id='word_1_225' title='bbox 1090 2865 1370 2925; x_wconf 85' lang='lat' dir='ltr'><strong>prepterea</strong></span> <span class='ocrx_word' id='word_1_226' title='bbox 1387 2852 1508 2905; x_wconf 82' lang='lat' dir='ltr'><strong>facit</strong></span> <span class='ocrx_word' id='word_1_227' title='bbox 1533 2848 1677 2904; x_wconf 86' lang='lat' dir='ltr'><strong>illam</strong></span> 
     </span>
    </p>
   </div>
   <div class='ocr_carea' id='block_1_30' title="bbox 108 2942 1682 3020">
    <p class='ocr_par' dir='ltr' id='par_1_30' title="bbox 108 2942 1682 3020">
     <span class='ocr_line' id='line_1_30' title="bbox 108 2942 1682 3020; baseline -0.012 -6"><span class='ocrx_word' id='word_1_228' title='bbox 108 2956 571 3020; x_wconf 85' lang='lat' dir='ltr'><strong>enumerationem,</strong></span> <span class='ocrx_word' id='word_1_229' title='bbox 604 2963 658 3009; x_wconf 93' lang='lat' dir='ltr'><strong>et</strong></span> <span class='ocrx_word' id='word_1_230' title='bbox 676 2969 779 3007; x_wconf 88' lang='lat' dir='ltr'><strong>nun</strong></span> <span class='ocrx_word' id='word_1_231' title='bbox 812 2950 927 3020; x_wconf 89' lang='lat' dir='ltr'><strong>ipse</strong></span> <span class='ocrx_word' id='word_1_232' title='bbox 954 2949 1147 3012; x_wconf 90' lang='lat' dir='ltr'><strong>solum,</strong></span> <span class='ocrx_word' id='word_1_233' title='bbox 1174 2944 1268 3001; x_wconf 89' lang='lat' dir='ltr'><strong>sed</strong></span> <span class='ocrx_word' id='word_1_234' title='bbox 1315 2953 1371 2998; x_wconf 92' lang='lat' dir='ltr'><strong>et</strong></span> <span class='ocrx_word' id='word_1_235' title='bbox 1389 2942 1599 3005; x_wconf 90' lang='lat' dir='ltr'><strong>lsmael,</strong></span> <span class='ocrx_word' id='word_1_236' title='bbox 1626 2950 1682 2996; x_wconf 92' lang='lat' dir='ltr'><strong>et</strong></span> 
     </span>
    </p>
   </div>
   <div class='ocr_carea' id='block_1_31' title="bbox 109 3038 1678 3109">
    <p class='ocr_par' dir='ltr' id='par_1_31' title="bbox 109 3038 1678 3109">
     <span class='ocr_line' id='line_1_31' title="bbox 109 3038 1678 3109; baseline -0.012 -3"><span class='ocrx_word' id='word_1_237' title='bbox 109 3067 279 3107; x_wconf 88' lang='lat' dir='ltr'><strong>omnes</strong></span> <span class='ocrx_word' id='word_1_238' title='bbox 306 3047 584 3105; x_wconf 85' lang='lat' dir='ltr'><strong>vernaculi</strong></span> <span class='ocrx_word' id='word_1_239' title='bbox 615 3042 1093 3101; x_wconf 88' lang='lat' dir='ltr'><strong>circumciduntur.</strong></span> <span class='ocrx_word' id='word_1_240' title='bbox 1127 3038 1314 3109; x_wconf 88' lang='lat' dir='ltr'><strong>Neque</strong></span> <span class='ocrx_word' id='word_1_241' title='bbox 1335 3038 1437 3090; x_wconf 88' lang='lat' dir='ltr'><strong>hoc</strong></span> <span class='ocrx_word' id='word_1_242' title='bbox 1458 3050 1678 3105; x_wconf 89' lang='lat' dir='ltr'><strong>parvum</strong></span> 
     </span>
    </p>
   </div>
   <div class='ocr_carea' id='block_1_32' title="bbox 108 3131 1678 3202">
    <p class='ocr_par' dir='ltr' id='par_1_32' title="bbox 108 3131 1678 3202">
     <span class='ocr_line' id='line_1_32' title="bbox 108 3131 1678 3202; baseline -0.015 0"><span class='ocrx_word' id='word_1_243' title='bbox 108 3156 155 3202; x_wconf 86' lang='lat' dir='ltr'><strong>et</strong></span> <span class='ocrx_word' id='word_1_244' title='bbox 174 3147 283 3200; x_wconf 84' lang='lat' dir='ltr'><strong>leve</strong></span> <span class='ocrx_word' id='word_1_245' title='bbox 311 3143 491 3198; x_wconf 88' lang='lat' dir='ltr'><strong>fuerit.</strong></span> <span class='ocrx_word' id='word_1_246' title='bbox 520 3141 636 3196; x_wconf 86' lang='lat' dir='ltr'><strong>Non</strong></span> <span class='ocrx_word' id='word_1_247' title='bbox 667 3139 809 3195; x_wconf 90' lang='lat' dir='ltr'><strong>enim</strong></span> <span class='ocrx_word' id='word_1_248' title='bbox 834 3137 972 3191; x_wconf 89' lang='lat' dir='ltr'><strong>idem</strong></span> <span class='ocrx_word' id='word_1_249' title='bbox 1007 3142 1112 3199; x_wconf 90' lang='lat' dir='ltr'><strong>est,</strong></span> <span class='ocrx_word' id='word_1_250' title='bbox 1143 3131 1440 3191; x_wconf 83' lang='lat' dir='ltr'><strong>carissime,</strong></span> <span class='ocrx_word' id='word_1_251' title='bbox 1462 3142 1678 3182; x_wconf 86' lang='lat' dir='ltr'><strong>carnem</strong></span> 
     </span>
    </p>
   </div>
   <div class='ocr_carea' id='block_1_33' title="bbox 109 3217 1681 3302">
    <p class='ocr_par' dir='ltr' id='par_1_33' title="bbox 109 3217 1681 3302">
     <span class='ocr_line' id='line_1_33' title="bbox 109 3217 1681 3302; baseline -0.013 -10"><span class='ocrx_word' id='word_1_252' title='bbox 109 3254 297 3302; x_wconf 81' lang='lat' dir='ltr'><strong>sanam,</strong></span> <span class='ocrx_word' id='word_1_253' title='bbox 326 3244 382 3291; x_wconf 91' lang='lat' dir='ltr'><strong>et</strong></span> <span class='ocrx_word' id='word_1_254' title='bbox 431 3234 572 3289; x_wconf 88' lang='lat' dir='ltr'><strong>male</strong></span> <span class='ocrx_word' id='word_1_255' title='bbox 613 3231 897 3286; x_wconf 84' lang='lat' dir='ltr'><strong>habentem</strong></span> <span class='ocrx_word' id='word_1_256' title='bbox 928 3241 1135 3283; x_wconf 86' lang='lat' dir='ltr'><strong>secare.</strong></span> <span class='ocrx_word' id='word_1_257' title='bbox 1170 3223 1302 3279; x_wconf 88' lang='lat' dir='ltr'><strong>Nam</strong></span> <span class='ocrx_word' id='word_1_258' title='bbox 1340 3222 1440 3277; x_wconf 92' lang='lat' dir='ltr'><strong>etsi</strong></span> <span class='ocrx_word' id='word_1_259' title='bbox 1486 3217 1681 3274; x_wconf 90' lang='lat' dir='ltr'><strong>medici</strong></span> 
     </span>
    </p>
   </div>
   <div class='ocr_carea' id='block_1_34' title="bbox 111 3313 1678 3398">
    <p class='ocr_par' dir='ltr' id='par_1_34' title="bbox 111 3313 1678 3398">
     <span class='ocr_line' id='line_1_34' title="bbox 111 3313 1678 3398; baseline -0.012 -16"><span class='ocrx_word' id='word_1_260' title='bbox 111 3343 304 3398; x_wconf 90' lang='lat' dir='ltr'><strong>quoque</strong></span> <span class='ocrx_word' id='word_1_261' title='bbox 325 3325 565 3380; x_wconf 85' lang='lat' dir='ltr'><strong>membra</strong></span> <span class='ocrx_word' id='word_1_262' title='bbox 598 3319 837 3376; x_wconf 88' lang='lat' dir='ltr'><strong>morbida</strong></span> <span class='ocrx_word' id='word_1_263' title='bbox 859 3316 1145 3387; x_wconf 80' lang='lat' dir='ltr'><strong>aliquando</strong></span> <span class='ocrx_word' id='word_1_264' title='bbox 1170 3313 1433 3376; x_wconf 91' lang='lat' dir='ltr'><strong>incidunt,</strong></span> <span class='ocrx_word' id='word_1_265' title='bbox 1487 3320 1542 3364; x_wconf 87' lang='lat' dir='ltr'><strong>at</strong></span> <span class='ocrx_word' id='word_1_266' title='bbox 1571 3324 1678 3364; x_wconf 90' lang='lat' dir='ltr'><strong>non</strong></span> 
     </span>
    </p>
   </div>
   <div class='ocr_carea' id='block_1_35' title="bbox 108 3401 1679 3474">
    <p class='ocr_par' dir='ltr' id='par_1_35' title="bbox 108 3401 1679 3474">
     <span class='ocr_line' id='line_1_35' title="bbox 108 3401 1679 3474; baseline -0.013 0"><span class='ocrx_word' id='word_1_267' title='bbox 108 3428 181 3474; x_wconf 88' lang='lat' dir='ltr'><strong>est</strong></span> <span class='ocrx_word' id='word_1_268' title='bbox 206 3418 390 3473; x_wconf 85' lang='lat' dir='ltr'><strong>similis</strong></span> <span class='ocrx_word' id='word_1_269' title='bbox 410 3416 585 3470; x_wconf 89' lang='lat' dir='ltr'><strong>dolor.</strong></span> <span class='ocrx_word' id='word_1_270' title='bbox 617 3412 933 3468; x_wconf 90' lang='lat' dir='ltr'><strong>Emortuum</strong></span> <span class='ocrx_word' id='word_1_271' title='bbox 963 3408 1107 3463; x_wconf 91' lang='lat' dir='ltr'><strong>enim</strong></span> <span class='ocrx_word' id='word_1_272' title='bbox 1138 3406 1460 3468; x_wconf 88' lang='lat' dir='ltr'><strong>membrum,</strong></span> <span class='ocrx_word' id='word_1_273' title='bbox 1506 3411 1565 3456; x_wconf 91' lang='lat' dir='ltr'><strong>ut</strong></span> <span class='ocrx_word' id='word_1_274' title='bbox 1606 3401 1679 3455; x_wconf 90' lang='lat' dir='ltr'><strong>ita</strong></span> 
     </span>
    </p>
   </div>
   <div class='ocr_carea' id='block_1_36' title="bbox 108 3495 1681 3579">
    <p class='ocr_par' dir='ltr' id='par_1_36' title="bbox 108 3495 1681 3579">
     <span class='ocr_line' id='line_1_36' title="bbox 108 3495 1681 3579; baseline -0.012 -13"><span class='ocrx_word' id='word_1_275' title='bbox 108 3511 286 3576; x_wconf 90' lang='lat' dir='ltr'><strong>dicam,</strong></span> <span class='ocrx_word' id='word_1_276' title='bbox 310 3509 423 3579; x_wconf 79' lang='lat' dir='ltr'><strong>jam</strong></span> <span class='ocrx_word' id='word_1_277' title='bbox 469 3517 524 3562; x_wconf 89' lang='lat' dir='ltr'><strong>et</strong></span> <span class='ocrx_word' id='word_1_278' title='bbox 546 3504 692 3561; x_wconf 88' lang='lat' dir='ltr'><strong>vitali</strong></span> <span class='ocrx_word' id='word_1_279' title='bbox 719 3502 1031 3573; x_wconf 89' lang='lat' dir='ltr'><strong>operatione</strong></span> <span class='ocrx_word' id='word_1_280' title='bbox 1050 3499 1361 3554; x_wconf 90' lang='lat' dir='ltr'><strong>destitutum</strong></span> <span class='ocrx_word' id='word_1_281' title='bbox 1395 3506 1519 3550; x_wconf 90' lang='lat' dir='ltr'><strong>tunc</strong></span> <span class='ocrx_word' id='word_1_282' title='bbox 1544 3495 1681 3550; x_wconf 87' lang='lat' dir='ltr'><strong>inci-</strong></span> 
     </span>
    </p>
   </div>
   <div class='ocr_carea' id='block_1_37' title="bbox 110 3588 1677 3662">
    <p class='ocr_par' dir='ltr' id='par_1_37' title="bbox 110 3588 1677 3662">
     <span class='ocr_line' id='line_1_37' title="bbox 110 3588 1677 3662; baseline -0.01 -6"><span class='ocrx_word' id='word_1_283' title='bbox 110 3604 244 3657; x_wconf 86' lang='lat' dir='ltr'><strong>dunt.</strong></span> <span class='ocrx_word' id='word_1_284' title='bbox 277 3602 372 3657; x_wconf 86' lang='lat' dir='ltr'><strong>llic</strong></span> <span class='ocrx_word' id='word_1_285' title='bbox 410 3608 587 3654; x_wconf 88' lang='lat' dir='ltr'><strong>autem</strong></span> <span class='ocrx_word' id='word_1_286' title='bbox 613 3611 778 3653; x_wconf 84' lang='lat' dir='ltr'><strong>senex</strong></span> <span class='ocrx_word' id='word_1_287' title='bbox 810 3605 864 3650; x_wconf 86' lang='lat' dir='ltr'><strong>et</strong></span> <span class='ocrx_word' id='word_1_288' title='bbox 906 3592 1211 3662; x_wconf 90' lang='lat' dir='ltr'><strong>decrepitus</strong></span> <span class='ocrx_word' id='word_1_289' title='bbox 1236 3592 1489 3662; x_wconf 89' lang='lat' dir='ltr'><strong>(centum</strong></span> <span class='ocrx_word' id='word_1_290' title='bbox 1535 3588 1677 3643; x_wconf 88' lang='lat' dir='ltr'><strong>enim</strong></span> 
     </span>
    </p>
   </div>
   <div class='ocr_carea' id='block_1_38' title="bbox 109 3682 1679 3759">
    <p class='ocr_par' dir='ltr' id='par_1_38' title="bbox 109 3682 1679 3759">
     <span class='ocr_line' id='line_1_38' title="bbox 109 3682 1679 3759; baseline -0.01 -10"><span class='ocrx_word' id='word_1_291' title='bbox 109 3710 351 3751; x_wconf 80' lang='lat' dir='ltr'><strong>annorum</strong></span> <span class='ocrx_word' id='word_1_292' title='bbox 377 3696 533 3759; x_wconf 87' lang='lat' dir='ltr'><strong>erat)</strong></span> <span class='ocrx_word' id='word_1_293' title='bbox 559 3691 849 3746; x_wconf 91' lang='lat' dir='ltr'><strong>cruciatum</strong></span> <span class='ocrx_word' id='word_1_294' title='bbox 871 3688 1062 3743; x_wconf 91' lang='lat' dir='ltr'><strong>leniter</strong></span> <span class='ocrx_word' id='word_1_295' title='bbox 1084 3684 1221 3750; x_wconf 88' lang='lat' dir='ltr'><strong>tulit,</strong></span> <span class='ocrx_word' id='word_1_296' title='bbox 1273 3682 1430 3739; x_wconf 87' lang='lat' dir='ltr'><strong>simul</strong></span> <span class='ocrx_word' id='word_1_297' title='bbox 1457 3689 1511 3736; x_wconf 88' lang='lat' dir='ltr'><strong>et</strong></span> <span class='ocrx_word' id='word_1_298' title='bbox 1540 3695 1679 3751; x_wconf 67' lang='lat' dir='ltr'><strong>prte-</strong></span> 
     </span>
    </p>
   </div>
   <div class='ocr_carea' id='block_1_39' title="bbox 110 3772 1682 3859">
    <p class='ocr_par' dir='ltr' id='par_1_39' title="bbox 110 3772 1682 3859">
     <span class='ocr_line' id='line_1_39' title="bbox 110 3772 1682 3859; baseline -0.01 -17"><span class='ocrx_word' id='word_1_299' title='bbox 110 3798 303 3859; x_wconf 89' lang='lat' dir='ltr'><strong>ceptum</strong></span> <span class='ocrx_word' id='word_1_300' title='bbox 334 3786 428 3842; x_wconf 88' lang='lat' dir='ltr'><strong>Dei</strong></span> <span class='ocrx_word' id='word_1_301' title='bbox 453 3784 677 3853; x_wconf 87' lang='lat' dir='ltr'><strong>implere</strong></span> <span class='ocrx_word' id='word_1_302' title='bbox 702 3782 910 3848; x_wconf 86' lang='lat' dir='ltr'><strong>volens,</strong></span> <span class='ocrx_word' id='word_1_303' title='bbox 966 3789 1019 3834; x_wconf 90' lang='lat' dir='ltr'><strong>et</strong></span> <span class='ocrx_word' id='word_1_304' title='bbox 1050 3778 1214 3832; x_wconf 87' lang='lat' dir='ltr'><strong>filium</strong></span> <span class='ocrx_word' id='word_1_305' title='bbox 1259 3786 1315 3832; x_wconf 90' lang='lat' dir='ltr'><strong>et</strong></span> <span class='ocrx_word' id='word_1_306' title='bbox 1367 3772 1682 3829; x_wconf 86' lang='lat' dir='ltr'><strong>vernaculos</strong></span> 
     </span>
    </p>
   </div>
   <div class='ocr_carea' id='block_1_40' title="bbox 111 3862 1679 3948">
    <p class='ocr_par' dir='ltr' id='par_1_40' title="bbox 111 3862 1679 3948">
     <span class='ocr_line' id='line_1_40' title="bbox 111 3862 1679 3948; baseline -0.011 -14"><span class='ocrx_word' id='word_1_307' title='bbox 111 3893 285 3934; x_wconf 89' lang='lat' dir='ltr'><strong>omnes</strong></span> <span class='ocrx_word' id='word_1_308' title='bbox 311 3875 672 3948; x_wconf 86' lang='lat' dir='ltr'><strong>promptiores</strong></span> <span class='ocrx_word' id='word_1_309' title='bbox 704 3871 958 3935; x_wconf 86' lang='lat' dir='ltr'><strong>reddens,</strong></span> <span class='ocrx_word' id='word_1_310' title='bbox 984 3878 1039 3923; x_wconf 92' lang='lat' dir='ltr'><strong>ut</strong></span> <span class='ocrx_word' id='word_1_311' title='bbox 1069 3878 1136 3924; x_wconf 85' lang='lat' dir='ltr'><strong>n‘e</strong></span> <span class='ocrx_word' id='word_1_312' title='bbox 1155 3873 1553 3928; x_wconf 88' lang='lat' dir='ltr'><strong>cunctarentur,</strong></span> <span class='ocrx_word' id='word_1_313' title='bbox 1584 3862 1679 3917; x_wconf 89' lang='lat' dir='ltr'><strong>sed</strong></span> 
     </span>
    </p>
   </div>
   <div class='ocr_carea' id='block_1_41' title="bbox 111 3954 1681 4041">
    <p class='ocr_par' dir='ltr' id='par_1_41' title="bbox 111 3954 1681 4041">
     <span class='ocr_line' id='line_1_41' title="bbox 111 3954 1681 4041; baseline -0.01 -17"><span class='ocrx_word' id='word_1_314' title='bbox 111 3985 284 4041; x_wconf 86' lang='lat' dir='ltr'><strong>magna</strong></span> <span class='ocrx_word' id='word_1_315' title='bbox 311 3970 591 4023; x_wconf 89' lang='lat' dir='ltr'><strong>alacritate</strong></span> <span class='ocrx_word' id='word_1_316' title='bbox 633 3964 725 4020; x_wconf 88' lang='lat' dir='ltr'><strong>Dei</strong></span> <span class='ocrx_word' id='word_1_317' title='bbox 771 3971 1095 4034; x_wconf 61' lang='lat' dir='ltr'><strong>praceptum</strong></span> <span class='ocrx_word' id='word_1_318' title='bbox 1138 3959 1442 4028; x_wconf 89' lang='lat' dir='ltr'><strong>implerent.</strong></span> <span class='ocrx_word' id='word_1_319' title='bbox 1490 3954 1681 4009; x_wconf 82' lang='lat' dir='ltr'><strong>Vidisti</strong></span> 
     </span>
    </p>
   </div>
   <div class='ocr_carea' id='block_1_42' title="bbox 111 4048 1681 4133">
    <p class='ocr_par' dir='ltr' id='par_1_42' title="bbox 111 4048 1681 4133">
     <span class='ocr_line' id='line_1_42' title="bbox 111 4048 1681 4133; baseline -0.009 -17"><span class='ocrx_word' id='word_1_320' title='bbox 111 4073 287 4133; x_wconf 84' lang='lat' dir='ltr'><strong>quanta</strong></span> <span class='ocrx_word' id='word_1_321' title='bbox 313 4077 401 4118; x_wconf 91' lang='lat' dir='ltr'><strong>res</strong></span> <span class='ocrx_word' id='word_1_322' title='bbox 441 4062 512 4115; x_wconf 90' lang='lat' dir='ltr'><strong>sit</strong></span> <span class='ocrx_word' id='word_1_323' title='bbox 541 4061 621 4115; x_wconf 82' lang='lat' dir='ltr'><strong>vir</strong></span> <span class='ocrx_word' id='word_1_324' title='bbox 641 4067 900 4129; x_wconf 71' lang='lat' dir='ltr'><strong>priestans</strong></span> <span class='ocrx_word' id='word_1_325' title='bbox 951 4054 1165 4118; x_wconf 83' lang='lat' dir='ltr'><strong>virtute,</strong></span> <span class='ocrx_word' id='word_1_326' title='bbox 1208 4050 1477 4122; x_wconf 90' lang='lat' dir='ltr'><strong>quomodo</strong></span> <span class='ocrx_word' id='word_1_327' title='bbox 1521 4048 1681 4104; x_wconf 87' lang='lat' dir='ltr'><strong>mini-</strong></span> 
     </span>
    </p>
   </div>
   <div class='ocr_carea' id='block_1_43' title="bbox 112 4140 1681 4217">
    <p class='ocr_par' dir='ltr' id='par_1_43' title="bbox 112 4140 1681 4217">
     <span class='ocr_line' id='line_1_43' title="bbox 112 4140 1681 4217; baseline -0.009 -8"><span class='ocrx_word' id='word_1_328' title='bbox 112 4165 239 4211; x_wconf 90' lang='lat' dir='ltr'><strong>stros</strong></span> <span class='ocrx_word' id='word_1_329' title='bbox 258 4170 447 4212; x_wconf 89' lang='lat' dir='ltr'><strong>omnes</strong></span> <span class='ocrx_word' id='word_1_330' title='bbox 474 4157 663 4209; x_wconf 89' lang='lat' dir='ltr'><strong>doceat</strong></span> <span class='ocrx_word' id='word_1_331' title='bbox 682 4160 740 4206; x_wconf 90' lang='lat' dir='ltr'><strong>ut</strong></span> <span class='ocrx_word' id='word_1_332' title='bbox 765 4165 860 4205; x_wconf 82' lang='lat' dir='ltr'><strong>sua</strong></span> <span class='ocrx_word' id='word_1_333' title='bbox 882 4147 1103 4217; x_wconf 88' lang='lat' dir='ltr'><strong>vestigia</strong></span> <span class='ocrx_word' id='word_1_334' title='bbox 1127 4142 1443 4215; x_wconf 82' lang='lat' dir='ltr'><strong>sequantur?</strong></span> <span class='ocrx_word' id='word_1_335' title='bbox 1467 4141 1599 4197; x_wconf 87' lang='lat' dir='ltr'><strong>Nam</strong></span> <span class='ocrx_word' id='word_1_336' title='bbox 1628 4140 1681 4195; x_wconf 93' lang='lat' dir='ltr'><strong>id</strong></span> 
     </span>
    </p>
   </div>
   <div class='ocr_carea' id='block_1_44' title="bbox 112 4236 1683 4319">
    <p class='ocr_par' dir='ltr' id='par_1_44' title="bbox 112 4236 1683 4319">
     <span class='ocr_line' id='line_1_44' title="bbox 112 4236 1683 4319; baseline -0.009 -20"><span class='ocrx_word' id='word_1_337' title='bbox 112 4248 237 4319; x_wconf 88' lang='lat' dir='ltr'><strong>quod</strong></span> <span class='ocrx_word' id='word_1_338' title='bbox 281 4248 395 4303; x_wconf 91' lang='lat' dir='ltr'><strong>heri</strong></span> <span class='ocrx_word' id='word_1_339' title='bbox 426 4246 689 4312; x_wconf 88' lang='lat' dir='ltr'><strong>dicebam,</strong></span> <span class='ocrx_word' id='word_1_340' title='bbox 715 4241 819 4297; x_wconf 90' lang='lat' dir='ltr'><strong>hoc</strong></span> <span class='ocrx_word' id='word_1_341' title='bbox 844 4241 971 4296; x_wconf 90' lang='lat' dir='ltr'><strong>item</strong></span> <span class='ocrx_word' id='word_1_342' title='bbox 998 4247 1051 4294; x_wconf 90' lang='lat' dir='ltr'><strong>et</strong></span> <span class='ocrx_word' id='word_1_343' title='bbox 1088 4251 1231 4292; x_wconf 91' lang='lat' dir='ltr'><strong>nunc</strong></span> <span class='ocrx_word' id='word_1_344' title='bbox 1272 4236 1393 4290; x_wconf 89' lang='lat' dir='ltr'><strong>dico</strong></span> <span class='ocrx_word' id='word_1_345' title='bbox 1422 4250 1436 4287; x_wconf 88' lang='lat'><strong>:</strong></span> <span class='ocrx_word' id='word_1_346' title='bbox 1468 4242 1683 4304; x_wconf 84' lang='lat' dir='ltr'><strong>propter</strong></span> 
     </span>
    </p>
   </div>
   <div class='ocr_carea' id='block_1_45' title="bbox 115 4324 1682 4406">
    <p class='ocr_par' dir='ltr' id='par_1_45' title="bbox 115 4324 1682 4406">
     <span class='ocr_line' id='line_1_45' title="bbox 115 4324 1682 4406; baseline -0.011 -12"><span class='ocrx_word' id='word_1_347' title='bbox 115 4342 206 4396; x_wconf 88' lang='lat' dir='ltr'><strong>hoc</strong></span> <span class='ocrx_word' id='word_1_348' title='bbox 224 4341 334 4396; x_wconf 84' lang='lat' dir='ltr'><strong>fere</strong></span> <span class='ocrx_word' id='word_1_349' title='bbox 364 4355 428 4394; x_wconf 85' lang='lat' dir='ltr'><strong>ex</strong></span> <span class='ocrx_word' id='word_1_350' title='bbox 463 4338 555 4392; x_wconf 87' lang='lat' dir='ltr'><strong>illo</strong></span> <span class='ocrx_word' id='word_1_351' title='bbox 580 4336 668 4391; x_wconf 90' lang='lat' dir='ltr'><strong>die</strong></span> <span class='ocrx_word' id='word_1_352' title='bbox 699 4340 1020 4406; x_wconf 65' lang='lat' dir='ltr'><strong>praeceptum</strong></span> <span class='ocrx_word' id='word_1_353' title='bbox 1045 4329 1211 4385; x_wconf 89' lang='lat' dir='ltr'><strong>fuisse</strong></span> <span class='ocrx_word' id='word_1_354' title='bbox 1236 4343 1264 4379; x_wconf 85' lang='lat' dir='ltr'><strong>a</strong></span> <span class='ocrx_word' id='word_1_355' title='bbox 1290 4328 1419 4392; x_wconf 93' lang='lat' dir='ltr'><strong>Deo,</strong></span> <span class='ocrx_word' id='word_1_356' title='bbox 1466 4334 1526 4379; x_wconf 92' lang='lat' dir='ltr'><strong>ut</strong></span> <span class='ocrx_word' id='word_1_357' title='bbox 1576 4324 1682 4378; x_wconf 84' lang='lat' dir='ltr'><strong>im-</strong></span> 
     </span>
    </p>
   </div>
   <div class='ocr_carea' id='block_1_46' title="bbox 114 4419 1681 4495">
    <p class='ocr_par' dir='ltr' id='par_1_46' title="bbox 114 4419 1681 4495">
     <span class='ocr_line' id='line_1_46' title="bbox 114 4419 1681 4495; baseline -0.01 -9"><span class='ocrx_word' id='word_1_358' title='bbox 114 4444 304 4487; x_wconf 85' lang='lat' dir='ltr'><strong>matura</strong></span> <span class='ocrx_word' id='word_1_359' title='bbox 333 4438 491 4485; x_wconf 70' lang='lat' dir='ltr'><strong>:rtate</strong></span> <span class='ocrx_word' id='word_1_360' title='bbox 513 4429 616 4485; x_wconf 90' lang='lat' dir='ltr'><strong>hoc</strong></span> <span class='ocrx_word' id='word_1_361' title='bbox 642 4427 883 4483; x_wconf 90' lang='lat' dir='ltr'><strong>subirent</strong></span> <span class='ocrx_word' id='word_1_362' title='bbox 906 4422 1082 4495; x_wconf 88' lang='lat' dir='ltr'><strong>pueri,</strong></span> <span class='ocrx_word' id='word_1_363' title='bbox 1136 4434 1243 4490; x_wconf 90' lang='lat' dir='ltr'><strong>quo</strong></span> <span class='ocrx_word' id='word_1_364' title='bbox 1271 4419 1474 4488; x_wconf 80' lang='lat' dir='ltr'><strong>absque</strong></span> <span class='ocrx_word' id='word_1_365' title='bbox 1518 4431 1681 4472; x_wconf 88' lang='lat' dir='ltr'><strong>sensu</strong></span> 
     </span>
    </p>
   </div>
   <div class='ocr_carea' id='block_1_47' title="bbox 114 4513 1161 4578">
    <p class='ocr_par' dir='ltr' id='par_1_47' title="bbox 114 4513 1161 4578">
     <span class='ocr_line' id='line_1_47' title="bbox 114 4513 1161 4578; baseline -0.012 0"><span class='ocrx_word' id='word_1_366' title='bbox 114 4533 160 4578; x_wconf 84' lang='lat' dir='ltr'><strong>et</strong></span> <span class='ocrx_word' id='word_1_367' title='bbox 184 4523 361 4578; x_wconf 89' lang='lat' dir='ltr'><strong>dolore</strong></span> <span class='ocrx_word' id='word_1_368' title='bbox 386 4520 702 4577; x_wconf 86' lang='lat' dir='ltr'><strong>incisionem</strong></span> <span class='ocrx_word' id='word_1_369' title='bbox 733 4515 912 4571; x_wconf 89' lang='lat' dir='ltr'><strong>carnis</strong></span> <span class='ocrx_word' id='word_1_370' title='bbox 937 4513 1161 4569; x_wconf 89' lang='lat' dir='ltr'><strong>ferrent.</strong></span> 
     </span>
    </p>
   </div>
   <div class='ocr_carea' id='block_1_48' title="bbox 175 4601 1680 4676">
    <p class='ocr_par' dir='ltr' id='par_1_48' title="bbox 175 4601 1680 4676">
     <span class='ocr_line' id='line_1_48' title="bbox 175 4601 1680 4676; baseline -0.009 -6"><span class='ocrx_word' id='word_1_371' title='bbox 175 4616 341 4672; x_wconf 81' lang='lat' dir='ltr'><strong>Brevis</strong></span> <span class='ocrx_word' id='word_1_372' title='bbox 379 4611 774 4669; x_wconf 82' lang='lat' dir='ltr'><strong>circumcisionis</strong></span> <span class='ocrx_word' id='word_1_373' title='bbox 825 4625 940 4663; x_wconf 86' lang='lat' dir='ltr'><strong>cum</strong></span> <span class='ocrx_word' id='word_1_374' title='bbox 1002 4606 1300 4676; x_wconf 74' lang='lat' dir='ltr'><strong>baptismate</strong></span> <span class='ocrx_word' id='word_1_375' title='bbox 1345 4601 1680 4672; x_wconf 85' lang='lat' dir='ltr'><strong>comparatio.</strong></span> 
     </span>
    </p>
   </div>
   <div class='ocr_carea' id='block_1_49' title="bbox 116 4692 1683 4774">
    <p class='ocr_par' dir='ltr' id='par_1_49' title="bbox 116 4692 1683 4774">
     <span class='ocr_line' id='line_1_49' title="bbox 116 4692 1683 4774; baseline -0.009 -12"><span class='ocrx_word' id='word_1_376' title='bbox 116 4708 239 4762; x_wconf 85' lang='lat' dir='ltr'><strong>Licet</strong></span> <span class='ocrx_word' id='word_1_377' title='bbox 268 4706 569 4764; x_wconf 83' lang='lat' dir='ltr'><strong>Christianis</strong></span> <span class='ocrx_word' id='word_1_378' title='bbox 593 4706 723 4759; x_wconf 86' lang='lat' dir='ltr'><strong>inter</strong></span> <span class='ocrx_word' id='word_1_379' title='bbox 747 4709 917 4774; x_wconf 78' lang='lat' dir='ltr'><strong>gentes</strong></span> <span class='ocrx_word' id='word_1_380' title='bbox 967 4698 1152 4753; x_wconf 79' lang='lat' dir='ltr'><strong>uersari</strong></span> <span class='ocrx_word' id='word_1_381' title='bbox 1178 4694 1447 4769; x_wconf 83' lang='lat' dir='ltr'><strong>quomodo.</strong></span> <span class='ocrx_word' id='word_1_382' title='bbox 1475 4724 1548 4736; x_wconf 87' lang='lat'><strong>—-</strong></span> <span class='ocrx_word' id='word_1_383' title='bbox 1576 4692 1683 4749; x_wconf 85' lang='lat' dir='ltr'><strong>Vc-</strong></span> 
     </span>
    </p>
   </div>
   <div class='ocr_carea' id='block_1_50' title="bbox 115 4783 1684 4862">
    <p class='ocr_par' dir='ltr' id='par_1_50' title="bbox 115 4783 1684 4862">
     <span class='ocr_line' id='line_1_50' title="bbox 115 4783 1684 4862; baseline -0.009 -10"><span class='ocrx_word' id='word_1_384' title='bbox 115 4814 222 4855; x_wconf 89' lang='lat' dir='ltr'><strong>rum</strong></span> <span class='ocrx_word' id='word_1_385' title='bbox 247 4798 523 4855; x_wconf 85' lang='lat' dir='ltr'><strong>considera</strong></span> <span class='ocrx_word' id='word_1_386' title='bbox 552 4796 643 4851; x_wconf 88' lang='lat' dir='ltr'><strong>Dei</strong></span> <span class='ocrx_word' id='word_1_387' title='bbox 670 4792 1072 4862; x_wconf 81' lang='lat' dir='ltr'><strong>benignitatem,</strong></span> <span class='ocrx_word' id='word_1_388' title='bbox 1119 4798 1176 4844; x_wconf 90' lang='lat' dir='ltr'><strong>et</strong></span> <span class='ocrx_word' id='word_1_389' title='bbox 1214 4785 1536 4842; x_wconf 85' lang='lat' dir='ltr'><strong>inetfabilem</strong></span> <span class='ocrx_word' id='word_1_390' title='bbox 1567 4783 1684 4853; x_wconf 82' lang='lat' dir='ltr'><strong>ejus</strong></span> 
     </span>
    </p>
   </div>
   <div class='ocr_carea' id='block_1_51' title="bbox 116 4874 1685 4963">
    <p class='ocr_par' dir='ltr' id='par_1_51' title="bbox 116 4874 1685 4963">
     <span class='ocr_line' id='line_1_51' title="bbox 116 4874 1685 4963; baseline -0.014 -14"><span class='ocrx_word' id='word_1_391' title='bbox 116 4908 229 4963; x_wconf 82' lang='lat' dir='ltr'><strong>erga</strong></span> <span class='ocrx_word' id='word_1_392' title='bbox 259 4907 354 4947; x_wconf 91' lang='lat' dir='ltr'><strong>nos</strong></span> <span class='ocrx_word' id='word_1_393' title='bbox 382 4887 808 4947; x_wconf 83' lang='lat' dir='ltr'><strong>beneficentiam.</strong></span> <span class='ocrx_word' id='word_1_394' title='bbox 862 4884 950 4938; x_wconf 88' lang='lat' dir='ltr'><strong>llla</strong></span> <span class='ocrx_word' id='word_1_395' title='bbox 978 4882 1121 4938; x_wconf 91' lang='lat' dir='ltr'><strong>enim</strong></span> <span class='ocrx_word' id='word_1_396' title='bbox 1148 4877 1485 4935; x_wconf 91' lang='lat' dir='ltr'><strong>circumcisio</strong></span> <span class='ocrx_word' id='word_1_397' title='bbox 1528 4874 1685 4929; x_wconf 85' lang='lat' dir='ltr'><strong>dolo-</strong></span> 
     </span>
    </p>
   </div>
   <div class='ocr_carea' id='block_1_52' title="bbox 119 4968 1688 5045">
    <p class='ocr_par' dir='ltr' id='par_1_52' title="bbox 119 4968 1688 5045">
     <span class='ocr_line' id='line_1_52' title="bbox 119 4968 1688 5045; baseline -0.01 -7"><span class='ocrx_word' id='word_1_398' title='bbox 119 5001 221 5038; x_wconf 67' lang='lat' dir='ltr'><strong>rem</strong></span> <span class='ocrx_word' id='word_1_399' title='bbox 248 4983 433 5040; x_wconf 90' lang='lat' dir='ltr'><strong>habuit</strong></span> <span class='ocrx_word' id='word_1_400' title='bbox 454 4992 509 5039; x_wconf 90' lang='lat' dir='ltr'><strong>et</strong></span> <span class='ocrx_word' id='word_1_401' title='bbox 534 4981 790 5045; x_wconf 86' lang='lat' dir='ltr'><strong>laborem,</strong></span> <span class='ocrx_word' id='word_1_402' title='bbox 823 4985 879 5032; x_wconf 90' lang='lat' dir='ltr'><strong>et</strong></span> <span class='ocrx_word' id='word_1_403' title='bbox 903 4974 1045 5031; x_wconf 89' lang='lat' dir='ltr'><strong>nulla</strong></span> <span class='ocrx_word' id='word_1_404' title='bbox 1076 4973 1178 5027; x_wconf 90' lang='lat' dir='ltr'><strong>alia</strong></span> <span class='ocrx_word' id='word_1_405' title='bbox 1190 4988 1256 5027; x_wconf 81' lang='lat' dir='ltr'><strong>ex</strong></span> <span class='ocrx_word' id='word_1_406' title='bbox 1275 4968 1688 5025; x_wconf 89' lang='lat' dir='ltr'><strong>circumcisione</strong></span> 
     </span>
    </p>
   </div>
   <div class='ocr_carea' id='block_1_53' title="bbox 118 5060 1686 5147">
    <p class='ocr_par' dir='ltr' id='par_1_53' title="bbox 118 5060 1686 5147">
     <span class='ocr_line' id='line_1_53' title="bbox 118 5060 1686 5147; baseline -0.011 -12"><span class='ocrx_word' id='word_1_407' title='bbox 118 5078 207 5135; x_wconf 83' lang='lat' dir='ltr'><strong>fuit</strong></span> <span class='ocrx_word' id='word_1_408' title='bbox 228 5080 445 5143; x_wconf 85' lang='lat' dir='ltr'><strong>utilitas,</strong></span> <span class='ocrx_word' id='word_1_409' title='bbox 463 5090 620 5147; x_wconf 90' lang='lat' dir='ltr'><strong>quam</strong></span> <span class='ocrx_word' id='word_1_410' title='bbox 641 5075 756 5129; x_wconf 65' lang='lat' dir='ltr'><strong>haec</strong></span> <span class='ocrx_word' id='word_1_411' title='bbox 766 5072 898 5135; x_wconf 87' lang='lat' dir='ltr'><strong>sola,</strong></span> <span class='ocrx_word' id='word_1_412' title='bbox 915 5068 1056 5140; x_wconf 88' lang='lat' dir='ltr'><strong>quod</strong></span> <span class='ocrx_word' id='word_1_413' title='bbox 1076 5083 1140 5124; x_wconf 79' lang='lat' dir='ltr'><strong>ex</strong></span> <span class='ocrx_word' id='word_1_414' title='bbox 1158 5066 1260 5121; x_wconf 92' lang='lat' dir='ltr'><strong>hoc</strong></span> <span class='ocrx_word' id='word_1_415' title='bbox 1273 5066 1425 5135; x_wconf 84' lang='lat' dir='ltr'><strong>signo</strong></span> <span class='ocrx_word' id='word_1_416' title='bbox 1448 5060 1686 5133; x_wconf 83' lang='lat' dir='ltr'><strong>diguosci</strong></span> 
     </span>
    </p>
   </div>
   <div class='ocr_carea' id='block_1_54' title="bbox 121 5163 1688 5241">
    <p class='ocr_par' dir='ltr' id='par_1_54' title="bbox 121 5163 1688 5241">
     <span class='ocr_line' id='line_1_54' title="bbox 121 5163 1688 5241; baseline -0.015 -10"><span class='ocrx_word' id='word_1_417' title='bbox 121 5183 345 5241; x_wconf 86' lang='lat' dir='ltr'><strong>possent,</strong></span> <span class='ocrx_word' id='word_1_418' title='bbox 376 5180 433 5227; x_wconf 94' lang='lat' dir='ltr'><strong>et</strong></span> <span class='ocrx_word' id='word_1_419' title='bbox 456 5171 525 5226; x_wconf 85' lang='lat' dir='ltr'><strong>ab</strong></span> <span class='ocrx_word' id='word_1_420' title='bbox 548 5169 668 5224; x_wconf 88' lang='lat' dir='ltr'><strong>aliis</strong></span> <span class='ocrx_word' id='word_1_421' title='bbox 688 5164 936 5238; x_wconf 80' lang='lat' dir='ltr'><strong>gentibus</strong></span> <span class='ocrx_word' id='word_1_422' title='bbox 959 5166 1462 5231; x_wconf 85' lang='lat' dir='ltr'><strong>sequestrarentur;</strong></span> <span class='ocrx_word' id='word_1_423' title='bbox 1506 5163 1688 5209; x_wconf 86' lang='lat' dir='ltr'><strong>nostra</strong></span> 
     </span>
    </p>
   </div>
   <div class='ocr_carea' id='block_1_55' title="bbox 119 5245 1685 5325">
    <p class='ocr_par' dir='ltr' id='par_1_55' title="bbox 119 5245 1685 5325">
     <span class='ocr_line' id='line_1_55' title="bbox 119 5245 1685 5325; baseline -0.013 -6"><span class='ocrx_word' id='word_1_424' title='bbox 119 5274 284 5322; x_wconf 84' lang='lat' dir='ltr'><strong>autem</strong></span> <span class='ocrx_word' id='word_1_425' title='bbox 314 5260 670 5325; x_wconf 85' lang='lat' dir='ltr'><strong>circumcisio,</strong></span> <span class='ocrx_word' id='word_1_426' title='bbox 699 5259 781 5314; x_wconf 80' lang='lat' dir='ltr'><strong>vel</strong></span> <span class='ocrx_word' id='word_1_427' title='bbox 811 5252 1167 5324; x_wconf 89' lang='lat' dir='ltr'><strong>baptismatis,</strong></span> <span class='ocrx_word' id='word_1_428' title='bbox 1210 5250 1445 5320; x_wconf 90' lang='lat' dir='ltr'><strong>inquam,</strong></span> <span class='ocrx_word' id='word_1_429' title='bbox 1478 5245 1647 5317; x_wconf 86' lang='lat' dir='ltr'><strong>gratia</strong></span> <span class='ocrx_word' id='word_1_430' title='bbox 1669 5283 1685 5310; x_wconf 96' lang='lat'><strong>,</strong></span> 
     </span>
    </p>
   </div>
   <div class='ocr_carea' id='block_1_56' title="bbox 121 5338 1687 5414">
    <p class='ocr_par' dir='ltr' id='par_1_56' title="bbox 121 5338 1687 5414">
     <span class='ocr_line' id='line_1_56' title="bbox 121 5338 1687 5414; baseline -0.016 1"><span class='ocrx_word' id='word_1_431' title='bbox 121 5358 425 5414; x_wconf 89' lang='lat' dir='ltr'><strong>medicinam</strong></span> <span class='ocrx_word' id='word_1_432' title='bbox 450 5355 613 5410; x_wconf 85' lang='lat' dir='ltr'><strong>habet</strong></span> <span class='ocrx_word' id='word_1_433' title='bbox 638 5352 769 5407; x_wconf 88' lang='lat' dir='ltr'><strong>citra</strong></span> <span class='ocrx_word' id='word_1_434' title='bbox 792 5348 1054 5410; x_wconf 89' lang='lat' dir='ltr'><strong>dolorem,</strong></span> <span class='ocrx_word' id='word_1_435' title='bbox 1113 5345 1501 5410; x_wconf 87' lang='lat' dir='ltr'><strong>innumeraque</strong></span> <span class='ocrx_word' id='word_1_436' title='bbox 1549 5338 1687 5393; x_wconf 87' lang='lat' dir='ltr'><strong>bona</strong></span> 
     </span>
    </p>
   </div>
   <div class='ocr_carea' id='block_1_57' title="bbox 123 5428 1693 5517">
    <p class='ocr_par' dir='ltr' id='par_1_57' title="bbox 123 5428 1693 5517">
     <span class='ocr_line' id='line_1_57' title="bbox 123 5428 1693 5517; baseline -0.015 -12"><span class='ocrx_word' id='word_1_437' title='bbox 123 5451 266 5507; x_wconf 86' lang='lat' dir='ltr'><strong>nobis</strong></span> <span class='ocrx_word' id='word_1_438' title='bbox 293 5448 466 5515; x_wconf 81' lang='lat' dir='ltr'><strong>affert,</strong></span> <span class='ocrx_word' id='word_1_439' title='bbox 490 5445 719 5517; x_wconf 88' lang='lat' dir='ltr'><strong>Spiritus</strong></span> <span class='ocrx_word' id='word_1_440' title='bbox 746 5441 914 5497; x_wconf 89' lang='lat' dir='ltr'><strong>sancti</strong></span> <span class='ocrx_word' id='word_1_441' title='bbox 942 5438 1109 5510; x_wconf 83' lang='lat' dir='ltr'><strong>gratia</strong></span> <span class='ocrx_word' id='word_1_442' title='bbox 1143 5449 1241 5490; x_wconf 90' lang='lat' dir='ltr'><strong>nos</strong></span> <span class='ocrx_word' id='word_1_443' title='bbox 1260 5433 1473 5515; x_wconf 62' lang='lat' dir='ltr'><strong>implet,</strong></span> <span class='ocrx_word' id='word_1_444' title='bbox 1495 5440 1549 5486; x_wconf 92' lang='lat' dir='ltr'><strong>et</strong></span> <span class='ocrx_word' id='word_1_445' title='bbox 1574 5428 1693 5484; x_wconf 80' lang='lat' dir='ltr'><strong>nul-</strong></span> 
     </span>
    </p>
   </div>
   <div class='ocr_carea' id='block_1_58' title="bbox 125 5522 1690 5604">
    <p class='ocr_par' dir='ltr' id='par_1_58' title="bbox 125 5522 1690 5604">
     <span class='ocr_line' id='line_1_58' title="bbox 125 5522 1690 5604; baseline -0.013 -8"><span class='ocrx_word' id='word_1_446' title='bbox 125 5544 221 5597; x_wconf 90' lang='lat' dir='ltr'><strong>lum</strong></span> <span class='ocrx_word' id='word_1_447' title='bbox 243 5540 517 5599; x_wconf 84' lang='lat' dir='ltr'><strong>definitum</strong></span> <span class='ocrx_word' id='word_1_448' title='bbox 548 5537 711 5593; x_wconf 87' lang='lat' dir='ltr'><strong>habet</strong></span> <span class='ocrx_word' id='word_1_449' title='bbox 733 5545 945 5604; x_wconf 88' lang='lat' dir='ltr'><strong>tempus</strong></span> <span class='ocrx_word' id='word_1_450' title='bbox 962 5532 1102 5586; x_wconf 89' lang='lat' dir='ltr'><strong>sicut</strong></span> <span class='ocrx_word' id='word_1_451' title='bbox 1123 5527 1234 5583; x_wconf 90' lang='lat' dir='ltr'><strong>illic</strong></span> <span class='ocrx_word' id='word_1_452' title='bbox 1253 5544 1266 5580; x_wconf 91' lang='lat'><strong>:</strong></span> <span class='ocrx_word' id='word_1_453' title='bbox 1286 5526 1380 5582; x_wconf 91' lang='lat' dir='ltr'><strong>sed</strong></span> <span class='ocrx_word' id='word_1_454' title='bbox 1407 5525 1537 5580; x_wconf 90' lang='lat' dir='ltr'><strong>licet</strong></span> <span class='ocrx_word' id='word_1_455' title='bbox 1556 5531 1610 5578; x_wconf 87' lang='lat' dir='ltr'><strong>et</strong></span> <span class='ocrx_word' id='word_1_456' title='bbox 1636 5522 1690 5577; x_wconf 91' lang='lat' dir='ltr'><strong>in</strong></span> 
     </span>
    </p>
   </div>
   <div class='ocr_carea' id='block_1_59' title="bbox 126 5618 1690 5705">
    <p class='ocr_par' dir='ltr' id='par_1_59' title="bbox 126 5618 1690 5705">
     <span class='ocr_line' id='line_1_59' title="bbox 126 5618 1690 5705; baseline -0.012 -16"><span class='ocrx_word' id='word_1_457' title='bbox 126 5636 302 5705; x_wconf 89' lang='lat' dir='ltr'><strong>prima,</strong></span> <span class='ocrx_word' id='word_1_458' title='bbox 330 5641 388 5690; x_wconf 92' lang='lat' dir='ltr'><strong>et</strong></span> <span class='ocrx_word' id='word_1_459' title='bbox 416 5633 467 5688; x_wconf 93' lang='lat' dir='ltr'><strong>in</strong></span> <span class='ocrx_word' id='word_1_460' title='bbox 493 5630 693 5696; x_wconf 86' lang='lat' dir='ltr'><strong>media,</strong></span> <span class='ocrx_word' id='word_1_461' title='bbox 720 5627 851 5683; x_wconf 91' lang='lat' dir='ltr'><strong>etin</strong></span> <span class='ocrx_word' id='word_1_462' title='bbox 878 5625 1060 5679; x_wconf 90' lang='lat' dir='ltr'><strong>ultima</strong></span> <span class='ocrx_word' id='word_1_463' title='bbox 1087 5628 1245 5677; x_wconf 66' lang='lat' dir='ltr'><strong>aetate</strong></span> <span class='ocrx_word' id='word_1_464' title='bbox 1275 5618 1413 5673; x_wconf 88' lang='lat' dir='ltr'><strong>hanc</strong></span> <span class='ocrx_word' id='word_1_465' title='bbox 1436 5630 1543 5671; x_wconf 90' lang='lat' dir='ltr'><strong>non</strong></span> <span class='ocrx_word' id='word_1_466' title='bbox 1572 5630 1690 5671; x_wconf 75' lang='lat' dir='ltr'><strong>ma~</strong></span> 
     </span>
    </p>
   </div>
   <div class='ocr_carea' id='block_1_60' title="bbox 127 5705 1689 5787">
    <p class='ocr_par' dir='ltr' id='par_1_60' title="bbox 127 5705 1689 5787">
     <span class='ocr_line' id='line_1_60' title="bbox 127 5705 1689 5787; baseline -0.014 -4"><span class='ocrx_word' id='word_1_467' title='bbox 127 5727 378 5783; x_wconf 78' lang='lat' dir='ltr'><strong>nutactam</strong></span> <span class='ocrx_word' id='word_1_468' title='bbox 405 5718 861 5783; x_wconf 85' lang='lat' dir='ltr'><strong>circumcisionem</strong></span> <span class='ocrx_word' id='word_1_469' title='bbox 893 5715 1155 5787; x_wconf 84' lang='lat' dir='ltr'><strong>recipere,</strong></span> <span class='ocrx_word' id='word_1_470' title='bbox 1182 5710 1237 5768; x_wconf 90' lang='lat' dir='ltr'><strong>in</strong></span> <span class='ocrx_word' id='word_1_471' title='bbox 1261 5724 1366 5784; x_wconf 85' lang='lat' dir='ltr'><strong>qua</strong></span> <span class='ocrx_word' id='word_1_472' title='bbox 1392 5722 1498 5765; x_wconf 89' lang='lat' dir='ltr'><strong>non</strong></span> <span class='ocrx_word' id='word_1_473' title='bbox 1525 5705 1689 5763; x_wconf 84' lang='lat' dir='ltr'><strong>susti-</strong></span> 
     </span>
    </p>
   </div>
   <div class='ocr_carea' id='block_1_61' title="bbox 1105 248 2332 311">
    <p class='ocr_par' dir='ltr' id='par_1_61' title="bbox 1105 248 2332 311">
     <span class='ocr_line' id='line_1_61' title="bbox 1105 248 2332 311; baseline -0.005 -1"><span class='ocrx_word' id='word_1_474' title='bbox 1105 253 1171 310; x_wconf 82' lang='lat' dir='ltr'><strong>IN</strong></span> <span class='ocrx_word' id='word_1_475' title='bbox 1209 253 1361 311; x_wconf 80' lang='lat' dir='ltr'><strong>CAP.</strong></span> <span class='ocrx_word' id='word_1_476' title='bbox 1404 252 1590 309; x_wconf 76' lang='lat' dir='ltr'><strong>XVlll.</strong></span> <span class='ocrx_word' id='word_1_477' title='bbox 1631 250 1875 311; x_wconf 80' lang='lat' dir='ltr'><strong>GENES.</strong></span> <span class='ocrx_word' id='word_1_478' title='bbox 1919 250 2153 308; x_wconf 72' lang='lat' dir='ltr'><strong>HOMIL.</strong></span> <span class='ocrx_word' id='word_1_479' title='bbox 2196 248 2332 308; x_wconf 72' lang='lat' dir='ltr'><strong>XLI.</strong></span> 
     </span>
    </p>
   </div>
   <div class='ocr_carea' id='block_1_62' title="bbox 3294 252 3402 314">
    <p class='ocr_par' dir='ltr' id='par_1_62' title="bbox 3294 252 3402 314">
     <span class='ocr_line' id='line_1_62' title="bbox 3294 252 3402 314; baseline 0.009 -1"><span class='ocrx_word' id='word_1_480' title='bbox 3294 252 3402 314; x_wconf 70' lang='lat'><strong>576</strong></span> 
     </span>
    </p>
   </div>
   <div class='ocr_carea' id='block_1_63' title="bbox 1812 363 3396 435">
    <p class='ocr_par' dir='ltr' id='par_1_63' title="bbox 1812 363 3396 435">
     <span class='ocr_line' id='line_1_63' title="bbox 1812 363 3396 435; baseline 0.003 -18"><span class='ocrx_word' id='word_1_481' title='bbox 1812 375 1968 420; x_wconf 93' lang='lat' dir='ltr'><strong>netnr</strong></span> <span class='ocrx_word' id='word_1_482' title='bbox 1994 365 2165 431; x_wconf 90' lang='lat' dir='ltr'><strong>labor,</strong></span> <span class='ocrx_word' id='word_1_483' title='bbox 2210 363 2303 420; x_wconf 90' lang='lat' dir='ltr'><strong>sed</strong></span> <span class='ocrx_word' id='word_1_484' title='bbox 2331 373 2671 435; x_wconf 88' lang='lat' dir='ltr'><strong>peccatorum</strong></span> <span class='ocrx_word' id='word_1_485' title='bbox 2713 363 3055 433; x_wconf 86' lang='lat' dir='ltr'><strong>deponuntur</strong></span> <span class='ocrx_word' id='word_1_486' title='bbox 3095 381 3296 433; x_wconf 83' lang='lat' dir='ltr'><strong>onera,</strong></span> <span class='ocrx_word' id='word_1_487' title='bbox 3339 377 3396 422; x_wconf 89' lang='lat' dir='ltr'><strong>et</strong></span> 
     </span>
    </p>
   </div>
   <div class='ocr_carea' id='block_1_64' title="bbox 1812 444 3389 531">
    <p class='ocr_par' dir='ltr' id='par_1_64' title="bbox 1812 444 3389 531">
     <span class='ocr_line' id='line_1_64' title="bbox 1812 444 3389 531; baseline 0.003 -20"><span class='ocrx_word' id='word_1_488' title='bbox 1812 459 2058 515; x_wconf 87' lang='lat' dir='ltr'><strong>remissio</strong></span> <span class='ocrx_word' id='word_1_489' title='bbox 2087 461 2356 515; x_wconf 84' lang='lat' dir='ltr'><strong>invenitur</strong></span> <span class='ocrx_word' id='word_1_490' title='bbox 2385 461 2623 519; x_wconf 87' lang='lat' dir='ltr'><strong>omnium</strong></span> <span class='ocrx_word' id='word_1_491' title='bbox 2650 470 3007 528; x_wconf 85' lang='lat' dir='ltr'><strong>peccatorum,</strong></span> <span class='ocrx_word' id='word_1_492' title='bbox 3037 476 3159 531; x_wconf 61' lang='lat' dir='ltr'><strong>qua;</strong></span> <span class='ocrx_word' id='word_1_493' title='bbox 3181 444 3277 531; x_wconf 86' lang='lat' dir='ltr'><strong>per</strong></span> <span class='ocrx_word' id='word_1_494' title='bbox 3303 471 3389 515; x_wconf 86' lang='lat' dir='ltr'><strong>to-</strong></span> 
     </span>
    </p>
   </div>
   <div class='ocr_carea' id='block_1_65' title="bbox 1810 550 3397 621">
    <p class='ocr_par' dir='ltr' id='par_1_65' title="bbox 1810 550 3397 621">
     <span class='ocr_line' id='line_1_65' title="bbox 1810 550 3397 621; baseline -0.001 -17"><span class='ocrx_word' id='word_1_495' title='bbox 1810 559 1916 605; x_wconf 88' lang='lat' dir='ltr'><strong>tam</strong></span> <span class='ocrx_word' id='word_1_496' title='bbox 1944 550 2109 605; x_wconf 89' lang='lat' dir='ltr'><strong>vitam</strong></span> <span class='ocrx_word' id='word_1_497' title='bbox 2135 560 2455 621; x_wconf 88' lang='lat' dir='ltr'><strong>gestasunt.</strong></span> <span class='ocrx_word' id='word_1_498' title='bbox 2486 550 2693 620; x_wconf 85' lang='lat' dir='ltr'><strong>Quippe</strong></span> <span class='ocrx_word' id='word_1_499' title='bbox 2718 566 2840 607; x_wconf 89' lang='lat' dir='ltr'><strong>cum</strong></span> <span class='ocrx_word' id='word_1_500' title='bbox 2867 550 3127 621; x_wconf 82' lang='lat' dir='ltr'><strong>benignus</strong></span> <span class='ocrx_word' id='word_1_501' title='bbox 3148 551 3286 606; x_wconf 87' lang='lat' dir='ltr'><strong>Deus</strong></span> <span class='ocrx_word' id='word_1_502' title='bbox 3314 551 3397 603; x_wconf 84' lang='lat' dir='ltr'><strong>vi-</strong></span> 
     </span>
    </p>
   </div>
   <div class='ocr_carea' id='block_1_66' title="bbox 1806 639 3396 711">
    <p class='ocr_par' dir='ltr' id='par_1_66' title="bbox 1806 639 3396 711">
     <span class='ocr_line' id='line_1_66' title="bbox 1806 639 3396 711; baseline 0.001 -18"><span class='ocrx_word' id='word_1_503' title='bbox 1806 639 1886 694; x_wconf 91' lang='lat' dir='ltr'><strong>dit</strong></span> <span class='ocrx_word' id='word_1_504' title='bbox 1910 653 2127 709; x_wconf 78' lang='lat' dir='ltr'><strong>gravem</strong></span> <span class='ocrx_word' id='word_1_505' title='bbox 2146 650 2382 695; x_wconf 91' lang='lat' dir='ltr'><strong>nostram</strong></span> <span class='ocrx_word' id='word_1_506' title='bbox 2410 639 2795 706; x_wconf 83' lang='lat' dir='ltr'><strong>infirmitatem,</strong></span> <span class='ocrx_word' id='word_1_507' title='bbox 2828 656 2893 696; x_wconf 88' lang='lat' dir='ltr'><strong>ac</strong></span> <span class='ocrx_word' id='word_1_508' title='bbox 2916 656 3012 696; x_wconf 90' lang='lat' dir='ltr'><strong>nos</strong></span> <span class='ocrx_word' id='word_1_509' title='bbox 3032 639 3396 711; x_wconf 85' lang='lat' dir='ltr'><strong>incurabiliter</strong></span> 
     </span>
    </p>
   </div>
   <div class='ocr_carea' id='block_1_67' title="bbox 1806 732 3396 805">
    <p class='ocr_par' dir='ltr' id='par_1_67' title="bbox 1806 732 3396 805">
     <span class='ocr_line' id='line_1_67' title="bbox 1806 732 3396 805; baseline -0.001 -17"><span class='ocrx_word' id='word_1_510' title='bbox 1806 744 2149 805; x_wconf 71' lang='lat' dir='ltr'><strong>:egrotantes,</strong></span> <span class='ocrx_word' id='word_1_511' title='bbox 2172 749 2381 790; x_wconf 88' lang='lat' dir='ltr'><strong>summa</strong></span> <span class='ocrx_word' id='word_1_512' title='bbox 2410 735 2649 805; x_wconf 89' lang='lat' dir='ltr'><strong>indigere</strong></span> <span class='ocrx_word' id='word_1_513' title='bbox 2680 736 2964 800; x_wconf 87' lang='lat' dir='ltr'><strong>medicina,</strong></span> <span class='ocrx_word' id='word_1_514' title='bbox 3009 743 3169 804; x_wconf 86' lang='lat' dir='ltr'><strong>atque</strong></span> <span class='ocrx_word' id='word_1_515' title='bbox 3208 732 3396 789; x_wconf 76' lang='lat' dir='ltr'><strong>ineffa-</strong></span> 
     </span>
    </p>
   </div>
   <div class='ocr_carea' id='block_1_68' title="bbox 1806 826 3393 898">
    <p class='ocr_par' dir='ltr' id='par_1_68' title="bbox 1806 826 3393 898">
     <span class='ocr_line' id='line_1_68' title="bbox 1806 826 3393 898; baseline 0 -18"><span class='ocrx_word' id='word_1_516' title='bbox 1806 826 1897 881; x_wconf 90' lang='lat' dir='ltr'><strong>bili</strong></span> <span class='ocrx_word' id='word_1_517' title='bbox 1927 826 2254 896; x_wconf 88' lang='lat' dir='ltr'><strong>benignitate</strong></span> <span class='ocrx_word' id='word_1_518' title='bbox 2277 841 2291 877; x_wconf 90' lang='lat'><strong>:</strong></span> <span class='ocrx_word' id='word_1_519' title='bbox 2316 836 2552 881; x_wconf 89' lang='lat' dir='ltr'><strong>nostram</strong></span> <span class='ocrx_word' id='word_1_520' title='bbox 2574 842 2769 882; x_wconf 89' lang='lat' dir='ltr'><strong>curans</strong></span> <span class='ocrx_word' id='word_1_521' title='bbox 2784 827 3035 893; x_wconf 86' lang='lat' dir='ltr'><strong>salutem,</strong></span> <span class='ocrx_word' id='word_1_522' title='bbox 3068 828 3289 898; x_wconf 90' lang='lat' dir='ltr'><strong>largitus</strong></span> <span class='ocrx_word' id='word_1_523' title='bbox 3309 835 3393 881; x_wconf 89' lang='lat' dir='ltr'><strong>est</strong></span> 
     </span>
    </p>
   </div>
   <div class='ocr_carea' id='block_1_69' title="bbox 1804 916 3392 987">
    <p class='ocr_par' dir='ltr' id='par_1_69' title="bbox 1804 916 3392 987">
     <span class='ocr_line' id='line_1_69' title="bbox 1804 916 3392 987; baseline 0 -14"><span class='ocrx_word' id='word_1_524' title='bbox 1804 919 1958 973; x_wconf 90' lang='lat' dir='ltr'><strong>nobis</strong></span> <span class='ocrx_word' id='word_1_525' title='bbox 1989 933 2083 987; x_wconf 86' lang='lat' dir='ltr'><strong>per</strong></span> <span class='ocrx_word' id='word_1_526' title='bbox 2111 916 2379 972; x_wconf 86' lang='lat' dir='ltr'><strong>lavacrum</strong></span> <span class='ocrx_word' id='word_1_527' title='bbox 2422 918 2839 987; x_wconf 86' lang='lat' dir='ltr'><strong>regenerationis</strong></span> <span class='ocrx_word' id='word_1_528' title='bbox 2870 919 3301 973; x_wconf 87' lang='lat' dir='ltr'><strong>innovationem:</strong></span> <span class='ocrx_word' id='word_1_529' title='bbox 3335 926 3392 973; x_wconf 90' lang='lat' dir='ltr'><strong>ut</strong></span> 
     </span>
    </p>
   </div>
   <div class='ocr_carea' id='block_1_70' title="bbox 1803 1008 3391 1079">
    <p class='ocr_par' dir='ltr' id='par_1_70' title="bbox 1803 1008 3391 1079">
     <span class='ocr_line' id='line_1_70' title="bbox 1803 1008 3391 1079; baseline 0 -14"><span class='ocrx_word' id='word_1_530' title='bbox 1803 1010 2049 1079; x_wconf 85' lang='lat' dir='ltr'><strong>deposito</strong></span> <span class='ocrx_word' id='word_1_531' title='bbox 2076 1009 2294 1065; x_wconf 89' lang='lat' dir='ltr'><strong>homine</strong></span> <span class='ocrx_word' id='word_1_532' title='bbox 2316 1017 2522 1077; x_wconf 76' lang='lat' dir='ltr'><strong>vetere,</strong></span> <span class='ocrx_word' id='word_1_533' title='bbox 2546 1008 2645 1064; x_wconf 89' lang='lat' dir='ltr'><strong>hoc</strong></span> <span class='ocrx_word' id='word_1_534' title='bbox 2675 1019 2778 1076; x_wconf 90' lang='lat' dir='ltr'><strong>est,</strong></span> <span class='ocrx_word' id='word_1_535' title='bbox 2834 1011 3084 1079; x_wconf 84' lang='lat' dir='ltr'><strong>operibus</strong></span> <span class='ocrx_word' id='word_1_536' title='bbox 3106 1010 3278 1076; x_wconf 86' lang='lat' dir='ltr'><strong>malis,</strong></span> <span class='ocrx_word' id='word_1_537' title='bbox 3336 1019 3391 1065; x_wconf 87' lang='lat' dir='ltr'><strong>et</strong></span> 
     </span>
    </p>
   </div>
   <div class='ocr_carea' id='block_1_71' title="bbox 1802 1100 3387 1165">
    <p class='ocr_par' dir='ltr' id='par_1_71' title="bbox 1802 1100 3387 1165">
     <span class='ocr_line' id='line_1_71' title="bbox 1802 1100 3387 1165; baseline 0 -9"><span class='ocrx_word' id='word_1_538' title='bbox 1802 1100 1974 1156; x_wconf 90' lang='lat' dir='ltr'><strong>induti</strong></span> <span class='ocrx_word' id='word_1_539' title='bbox 2002 1116 2219 1165; x_wconf 90' lang='lat' dir='ltr'><strong>novum,</strong></span> <span class='ocrx_word' id='word_1_540' title='bbox 2264 1101 2316 1154; x_wconf 91' lang='lat' dir='ltr'><strong>in</strong></span> <span class='ocrx_word' id='word_1_541' title='bbox 2346 1102 2430 1155; x_wconf 90' lang='lat' dir='ltr'><strong>via</strong></span> <span class='ocrx_word' id='word_1_542' title='bbox 2454 1100 2665 1154; x_wconf 89' lang='lat' dir='ltr'><strong>virtutis</strong></span> <span class='ocrx_word' id='word_1_543' title='bbox 2696 1100 3022 1156; x_wconf 89' lang='lat' dir='ltr'><strong>incedamns.</strong></span> <span class='ocrx_word' id='word_1_544' title='bbox 3059 1101 3252 1156; x_wconf 85' lang='lat' dir='ltr'><strong>Verum</strong></span> <span class='ocrx_word' id='word_1_545' title='bbox 3283 1102 3387 1156; x_wconf 79' lang='lat' dir='ltr'><strong>ite-</strong></span> 
     </span>
    </p>
   </div>
   <div class='ocr_carea' id='block_1_72' title="bbox 1801 1193 3385 1263">
    <p class='ocr_par' dir='ltr' id='par_1_72' title="bbox 1801 1193 3385 1263">
     <span class='ocr_line' id='line_1_72' title="bbox 1801 1193 3385 1263; baseline 0.001 -15"><span class='ocrx_word' id='word_1_546' title='bbox 1801 1210 1919 1249; x_wconf 91' lang='lat' dir='ltr'><strong>rum</strong></span> <span class='ocrx_word' id='word_1_547' title='bbox 1946 1209 2063 1258; x_wconf 86' lang='lat' dir='ltr'><strong>oro,</strong></span> <span class='ocrx_word' id='word_1_548' title='bbox 2089 1209 2158 1250; x_wconf 90' lang='lat' dir='ltr'><strong>ne</strong></span> <span class='ocrx_word' id='word_1_549' title='bbox 2183 1193 2480 1249; x_wconf 87' lang='lat' dir='ltr'><strong>deteriores</strong></span> <span class='ocrx_word' id='word_1_550' title='bbox 2526 1193 2695 1248; x_wconf 89' lang='lat' dir='ltr'><strong>simus</strong></span> <span class='ocrx_word' id='word_1_551' title='bbox 2739 1193 2961 1263; x_wconf 85' lang='lat' dir='ltr'><strong>ingratis</strong></span> <span class='ocrx_word' id='word_1_552' title='bbox 3000 1202 3054 1247; x_wconf 91' lang='lat' dir='ltr'><strong>et</strong></span> <span class='ocrx_word' id='word_1_553' title='bbox 3100 1193 3385 1255; x_wconf 83' lang='lat' dir='ltr'><strong>insensatis</strong></span> 
     </span>
    </p>
   </div>
   <div class='ocr_carea' id='block_1_73' title="bbox 1798 1284 3385 1356">
    <p class='ocr_par' dir='ltr' id='par_1_73' title="bbox 1798 1284 3385 1356">
     <span class='ocr_line' id='line_1_73' title="bbox 1798 1284 3385 1356; baseline 0 -16"><span class='ocrx_word' id='word_1_554' title='bbox 1798 1284 2017 1341; x_wconf 66' lang='lat' dir='ltr'><strong>ludatis.</strong></span> <span class='ocrx_word' id='word_1_555' title='bbox 2049 1286 2128 1341; x_wconf 85' lang='lat' dir='ltr'><strong>illi</strong></span> <span class='ocrx_word' id='word_1_556' title='bbox 2145 1289 2287 1341; x_wconf 83' lang='lat' dir='ltr'><strong>enim</strong></span> <span class='ocrx_word' id='word_1_557' title='bbox 2316 1284 2670 1356; x_wconf 87' lang='lat' dir='ltr'><strong>suscipientes</strong></span> <span class='ocrx_word' id='word_1_558' title='bbox 2697 1285 3117 1340; x_wconf 87' lang='lat' dir='ltr'><strong>circumcisionis</strong></span> <span class='ocrx_word' id='word_1_559' title='bbox 3134 1286 3385 1355; x_wconf 79' lang='lat' dir='ltr'><strong>signacu-</strong></span> 
     </span>
    </p>
   </div>
   <div class='ocr_carea' id='block_1_74' title="bbox 1797 1378 3386 1448">
    <p class='ocr_par' dir='ltr' id='par_1_74' title="bbox 1797 1378 3386 1448">
     <span class='ocr_line' id='line_1_74' title="bbox 1797 1378 3386 1448; baseline 0.001 -15"><span class='ocrx_word' id='word_1_560' title='bbox 1797 1379 1931 1445; x_wconf 89' lang='lat' dir='ltr'><strong>lum,</strong></span> <span class='ocrx_word' id='word_1_561' title='bbox 1958 1380 2088 1435; x_wconf 89' lang='lat' dir='ltr'><strong>satis</strong></span> <span class='ocrx_word' id='word_1_562' title='bbox 2130 1380 2231 1435; x_wconf 86' lang='lat' dir='ltr'><strong>sibi</strong></span> <span class='ocrx_word' id='word_1_563' title='bbox 2260 1385 2542 1445; x_wconf 89' lang='lat' dir='ltr'><strong>cavebant,</strong></span> <span class='ocrx_word' id='word_1_564' title='bbox 2569 1394 2641 1433; x_wconf 89' lang='lat' dir='ltr'><strong>ne</strong></span> <span class='ocrx_word' id='word_1_565' title='bbox 2683 1378 2818 1434; x_wconf 86' lang='lat' dir='ltr'><strong>ultra</strong></span> <span class='ocrx_word' id='word_1_566' title='bbox 2867 1394 2989 1433; x_wconf 90' lang='lat' dir='ltr'><strong>cum</strong></span> <span class='ocrx_word' id='word_1_567' title='bbox 3035 1379 3278 1448; x_wconf 87' lang='lat' dir='ltr'><strong>gentibus</strong></span> <span class='ocrx_word' id='word_1_568' title='bbox 3324 1393 3386 1434; x_wconf 89' lang='lat' dir='ltr'><strong>se</strong></span> 
     </span>
    </p>
   </div>
   <div class='ocr_carea' id='block_1_75' title="bbox 1797 1469 3382 1541">
    <p class='ocr_par' dir='ltr' id='par_1_75' title="bbox 1797 1469 3382 1541">
     <span class='ocr_line' id='line_1_75' title="bbox 1797 1469 3382 1541; baseline -0.002 -16"><span class='ocrx_word' id='word_1_569' title='bbox 1797 1471 2107 1539; x_wconf 85' lang='lat' dir='ltr'><strong>miscerent,</strong></span> <span class='ocrx_word' id='word_1_570' title='bbox 2133 1480 2390 1541; x_wconf 87' lang='lat' dir='ltr'><strong>quantum</strong></span> <span class='ocrx_word' id='word_1_571' title='bbox 2420 1470 2488 1527; x_wconf 85' lang='lat' dir='ltr'><strong>ad</strong></span> <span class='ocrx_word' id='word_1_572' title='bbox 2511 1470 2909 1526; x_wconf 85' lang='lat' dir='ltr'><strong>communionis</strong></span> <span class='ocrx_word' id='word_1_573' title='bbox 2929 1470 3189 1524; x_wconf 84' lang='lat' dir='ltr'><strong>rationem</strong></span> <span class='ocrx_word' id='word_1_574' title='bbox 3216 1469 3382 1539; x_wconf 84' lang='lat' dir='ltr'><strong>perti-</strong></span> 
     </span>
    </p>
   </div>
   <div class='ocr_carea' id='block_1_76' title="bbox 1796 1562 3382 1641">
    <p class='ocr_par' dir='ltr' id='par_1_76' title="bbox 1796 1562 3382 1641">
     <span class='ocr_line' id='line_1_76' title="bbox 1796 1562 3382 1641; baseline -0.002 -21"><span class='ocrx_word' id='word_1_575' title='bbox 1796 1574 1925 1621; x_wconf 88' lang='lat' dir='ltr'><strong>net:</strong></span> <span class='ocrx_word' id='word_1_576' title='bbox 1954 1573 2217 1635; x_wconf 88' lang='lat' dir='ltr'><strong>quantum</strong></span> <span class='ocrx_word' id='word_1_577' title='bbox 2234 1575 2414 1620; x_wconf 90' lang='lat' dir='ltr'><strong>autem</strong></span> <span class='ocrx_word' id='word_1_578' title='bbox 2436 1564 2503 1619; x_wconf 91' lang='lat' dir='ltr'><strong>ad</strong></span> <span class='ocrx_word' id='word_1_579' title='bbox 2536 1564 2885 1641; x_wconf 85' lang='lat' dir='ltr'><strong>impietatem,</strong></span> <span class='ocrx_word' id='word_1_580' title='bbox 2935 1577 3080 1633; x_wconf 64' lang='lat' dir='ltr'><strong>saepe</strong></span> <span class='ocrx_word' id='word_1_581' title='bbox 3138 1562 3255 1616; x_wconf 88' lang='lat' dir='ltr'><strong>illos</strong></span> <span class='ocrx_word' id='word_1_582' title='bbox 3298 1563 3382 1617; x_wconf 89' lang='lat' dir='ltr'><strong>in-</strong></span> 
     </span>
    </p>
   </div>
   <div class='ocr_carea' id='block_1_77' title="bbox 1793 1654 3384 1730">
    <p class='ocr_par' dir='ltr' id='par_1_77' title="bbox 1793 1654 3384 1730">
     <span class='ocr_line' id='line_1_77' title="bbox 1793 1654 3384 1730; baseline -0.004 -16"><span class='ocrx_word' id='word_1_583' title='bbox 1793 1658 1932 1730; x_wconf 82' lang='lat' dir='ltr'><strong>grati</strong></span> <span class='ocrx_word' id='word_1_584' title='bbox 1956 1658 2306 1727; x_wconf 83' lang='lat' dir='ltr'><strong>superabant.</strong></span> <span class='ocrx_word' id='word_1_585' title='bbox 2335 1657 2443 1714; x_wconf 88' lang='lat' dir='ltr'><strong>Nos</strong></span> <span class='ocrx_word' id='word_1_586' title='bbox 2491 1672 2621 1713; x_wconf 84' lang='lat' dir='ltr'><strong>vero</strong></span> <span class='ocrx_word' id='word_1_587' title='bbox 2664 1671 2783 1712; x_wconf 88' lang='lat' dir='ltr'><strong>cum</strong></span> <span class='ocrx_word' id='word_1_588' title='bbox 2833 1655 3003 1711; x_wconf 88' lang='lat' dir='ltr'><strong>semel</strong></span> <span class='ocrx_word' id='word_1_589' title='bbox 3050 1654 3384 1722; x_wconf 86' lang='lat' dir='ltr'><strong>suscepimus</strong></span> 
     </span>
    </p>
   </div>
   <div class='ocr_carea' id='block_1_78' title="bbox 1795 1745 3383 1821">
    <p class='ocr_par' dir='ltr' id='par_1_78' title="bbox 1795 1745 3383 1821">
     <span class='ocr_line' id='line_1_78' title="bbox 1795 1745 3383 1821; baseline -0.004 -16"><span class='ocrx_word' id='word_1_590' title='bbox 1795 1750 2043 1821; x_wconf 87' lang='lat' dir='ltr'><strong>baptismi</strong></span> <span class='ocrx_word' id='word_1_591' title='bbox 2077 1750 2558 1815; x_wconf 89' lang='lat' dir='ltr'><strong>circumcisionem,</strong></span> <span class='ocrx_word' id='word_1_592' title='bbox 2611 1758 2766 1804; x_wconf 89' lang='lat' dir='ltr'><strong>caute</strong></span> <span class='ocrx_word' id='word_1_593' title='bbox 2796 1757 3015 1817; x_wconf 88' lang='lat' dir='ltr'><strong>tuteque</strong></span> <span class='ocrx_word' id='word_1_594' title='bbox 3043 1756 3223 1811; x_wconf 86' lang='lat' dir='ltr'><strong>nostra</strong></span> <span class='ocrx_word' id='word_1_595' title='bbox 3273 1745 3383 1800; x_wconf 87' lang='lat' dir='ltr'><strong>dis-</strong></span> 
     </span>
    </p>
   </div>
   <div class='ocr_carea' id='block_1_79' title="bbox 1794 1836 3381 1914">
    <p class='ocr_par' dir='ltr' id='par_1_79' title="bbox 1794 1836 3381 1914">
     <span class='ocr_line' id='line_1_79' title="bbox 1794 1836 3381 1914; baseline -0.006 -15"><span class='ocrx_word' id='word_1_596' title='bbox 1794 1857 2100 1914; x_wconf 88' lang='lat' dir='ltr'><strong>pensemus.</strong></span> <span class='ocrx_word' id='word_1_597' title='bbox 2133 1841 2249 1897; x_wconf 90' lang='lat' dir='ltr'><strong>Non</strong></span> <span class='ocrx_word' id='word_1_598' title='bbox 2279 1841 2509 1897; x_wconf 83' lang='lat' dir='ltr'><strong>dixerim</strong></span> <span class='ocrx_word' id='word_1_599' title='bbox 2532 1856 2637 1897; x_wconf 93' lang='lat' dir='ltr'><strong>non</strong></span> <span class='ocrx_word' id='word_1_600' title='bbox 2670 1840 2831 1895; x_wconf 89' lang='lat' dir='ltr'><strong>licere</strong></span> <span class='ocrx_word' id='word_1_601' title='bbox 2876 1839 3032 1894; x_wconf 90' lang='lat' dir='ltr'><strong>nobis</strong></span> <span class='ocrx_word' id='word_1_602' title='bbox 3053 1837 3253 1893; x_wconf 88' lang='lat' dir='ltr'><strong>versari</strong></span> <span class='ocrx_word' id='word_1_603' title='bbox 3307 1836 3381 1891; x_wconf 89' lang='lat' dir='ltr'><strong>in-</strong></span> 
     </span>
    </p>
   </div>
   <div class='ocr_carea' id='block_1_80' title="bbox 1796 1932 3378 2007">
    <p class='ocr_par' dir='ltr' id='par_1_80' title="bbox 1796 1932 3378 2007">
     <span class='ocr_line' id='line_1_80' title="bbox 1796 1932 3378 2007; baseline -0.004 -18"><span class='ocrx_word' id='word_1_604' title='bbox 1796 1946 1877 1991; x_wconf 91' lang='lat' dir='ltr'><strong>ter</strong></span> <span class='ocrx_word' id='word_1_605' title='bbox 1899 1944 2089 2007; x_wconf 88' lang='lat' dir='ltr'><strong>gentes</strong></span> <span class='ocrx_word' id='word_1_606' title='bbox 2120 1934 2259 1991; x_wconf 87' lang='lat' dir='ltr'><strong>:sed</strong></span> <span class='ocrx_word' id='word_1_607' title='bbox 2284 1934 2336 1988; x_wconf 92' lang='lat' dir='ltr'><strong>in</strong></span> <span class='ocrx_word' id='word_1_608' title='bbox 2371 1932 2582 2004; x_wconf 83' lang='lat' dir='ltr'><strong>prepria</strong></span> <span class='ocrx_word' id='word_1_609' title='bbox 2609 1932 2761 1987; x_wconf 87' lang='lat' dir='ltr'><strong>nobis</strong></span> <span class='ocrx_word' id='word_1_610' title='bbox 2800 1932 2997 1987; x_wconf 88' lang='lat' dir='ltr'><strong>virtute</strong></span> <span class='ocrx_word' id='word_1_611' title='bbox 3046 1939 3326 1984; x_wconf 88' lang='lat' dir='ltr'><strong>manentes</strong></span> <span class='ocrx_word' id='word_1_612' title='bbox 3358 1970 3378 1996; x_wconf 93' lang='lat'><strong>,</strong></span> 
     </span>
    </p>
   </div>
   <div class='ocr_carea' id='block_1_81' title="bbox 1792 2012 3381 2095">
    <p class='ocr_par' dir='ltr' id='par_1_81' title="bbox 1792 2012 3381 2095">
     <span class='ocr_line' id='line_1_81' title="bbox 1792 2012 3381 2095; baseline -0.005 -13"><span class='ocrx_word' id='word_1_613' title='bbox 1792 2026 1865 2082; x_wconf 90' lang='lat' dir='ltr'><strong>ita</strong></span> <span class='ocrx_word' id='word_1_614' title='bbox 1889 2043 2010 2083; x_wconf 92' lang='lat' dir='ltr'><strong>cum</strong></span> <span class='ocrx_word' id='word_1_615' title='bbox 2042 2027 2147 2082; x_wconf 87' lang='lat' dir='ltr'><strong>illis</strong></span> <span class='ocrx_word' id='word_1_616' title='bbox 2176 2028 2623 2082; x_wconf 89' lang='lat' dir='ltr'><strong>commisceamur</strong></span> <span class='ocrx_word' id='word_1_617' title='bbox 2644 2066 2659 2090; x_wconf 90' lang='lat'><strong>,</strong></span> <span class='ocrx_word' id='word_1_618' title='bbox 2702 2033 2760 2080; x_wconf 91' lang='lat' dir='ltr'><strong>ut</strong></span> <span class='ocrx_word' id='word_1_619' title='bbox 2786 2024 2851 2079; x_wconf 88' lang='lat' dir='ltr'><strong>ad</strong></span> <span class='ocrx_word' id='word_1_620' title='bbox 2880 2023 3019 2095; x_wconf 91' lang='lat' dir='ltr'><strong>piam</strong></span> <span class='ocrx_word' id='word_1_621' title='bbox 3052 2038 3147 2079; x_wconf 90' lang='lat' dir='ltr'><strong>eos</strong></span> <span class='ocrx_word' id='word_1_622' title='bbox 3172 2012 3381 2093; x_wconf 87' lang='lat' dir='ltr'><strong>pertra&#39;-</strong></span> 
     </span>
    </p>
   </div>
   <div class='ocr_carea' id='block_1_82' title="bbox 1792 2115 3379 2188">
    <p class='ocr_par' dir='ltr' id='par_1_82' title="bbox 1792 2115 3379 2188">
     <span class='ocr_line' id='line_1_82' title="bbox 1792 2115 3379 2188; baseline -0.004 -16"><span class='ocrx_word' id='word_1_623' title='bbox 1792 2118 1982 2174; x_wconf 87' lang='lat' dir='ltr'><strong>hamus</strong></span> <span class='ocrx_word' id='word_1_624' title='bbox 2015 2115 2352 2188; x_wconf 84' lang='lat' dir='ltr'><strong>religionem,</strong></span> <span class='ocrx_word' id='word_1_625' title='bbox 2400 2132 2464 2173; x_wconf 83' lang='lat' dir='ltr'><strong>ac</strong></span> <span class='ocrx_word' id='word_1_626' title='bbox 2488 2132 2583 2186; x_wconf 85' lang='lat' dir='ltr'><strong>per</strong></span> <span class='ocrx_word' id='word_1_627' title='bbox 2613 2116 2874 2171; x_wconf 90' lang='lat' dir='ltr'><strong>bonorum</strong></span> <span class='ocrx_word' id='word_1_628' title='bbox 2926 2129 3146 2184; x_wconf 91' lang='lat' dir='ltr'><strong>operum</strong></span> <span class='ocrx_word' id='word_1_629' title='bbox 3201 2127 3379 2167; x_wconf 81' lang='lat' dir='ltr'><strong>exem-</strong></span> 
     </span>
    </p>
   </div>
   <div class='ocr_carea' id='block_1_83' title="bbox 1790 2205 3369 2281">
    <p class='ocr_par' dir='ltr' id='par_1_83' title="bbox 1790 2205 3369 2281">
     <span class='ocr_line' id='line_1_83' title="bbox 1790 2205 3369 2281; baseline -0.004 -18"><span class='ocrx_word' id='word_1_630' title='bbox 1790 2209 1937 2281; x_wconf 85' lang='lat' dir='ltr'><strong>plum</strong></span> <span class='ocrx_word' id='word_1_631' title='bbox 1958 2209 2219 2265; x_wconf 66' lang='lat' dir='ltr'><strong>doctrinae</strong></span> <span class='ocrx_word' id='word_1_632' title='bbox 2247 2209 2327 2265; x_wconf 89' lang='lat' dir='ltr'><strong>eis</strong></span> <span class='ocrx_word' id='word_1_633' title='bbox 2342 2217 2588 2263; x_wconf 90' lang='lat' dir='ltr'><strong>auctores</strong></span> <span class='ocrx_word' id='word_1_634' title='bbox 2611 2208 2801 2262; x_wconf 87' lang='lat' dir='ltr'><strong>simus.</strong></span> <span class='ocrx_word' id='word_1_635' title='bbox 2829 2206 2903 2261; x_wconf 89' lang='lat' dir='ltr'><strong>Ea</strong></span> <span class='ocrx_word' id='word_1_636' title='bbox 2929 2205 3070 2263; x_wconf 87' lang='lat' dir='ltr'><strong>enim</strong></span> <span class='ocrx_word' id='word_1_637' title='bbox 3099 2205 3167 2260; x_wconf 92' lang='lat' dir='ltr'><strong>de</strong></span> <span class='ocrx_word' id='word_1_638' title='bbox 3209 2218 3369 2258; x_wconf 67' lang='lat' dir='ltr'><strong>ctuosa</strong></span> 
     </span>
    </p>
   </div>
   <div class='ocr_carea' id='block_1_84' title="bbox 1789 2295 3375 2367">
    <p class='ocr_par' dir='ltr' id='par_1_84' title="bbox 1789 2295 3375 2367">
     <span class='ocr_line' id='line_1_84' title="bbox 1789 2295 3375 2367; baseline -0.006 -11"><span class='ocrx_word' id='word_1_639' title='bbox 1789 2301 2089 2358; x_wconf 90' lang='lat' dir='ltr'><strong>communis</strong></span> <span class='ocrx_word' id='word_1_640' title='bbox 2135 2300 2375 2357; x_wconf 88' lang='lat' dir='ltr'><strong>omnium</strong></span> <span class='ocrx_word' id='word_1_641' title='bbox 2416 2300 2674 2355; x_wconf 88' lang='lat' dir='ltr'><strong>Dominus</strong></span> <span class='ocrx_word' id='word_1_642' title='bbox 2714 2297 2955 2367; x_wconf 88' lang='lat' dir='ltr'><strong>permisit</strong></span> <span class='ocrx_word' id='word_1_643' title='bbox 2980 2296 3136 2350; x_wconf 87' lang='lat' dir='ltr'><strong>simul</strong></span> <span class='ocrx_word' id='word_1_644' title='bbox 3172 2295 3375 2350; x_wconf 84' lang='lat' dir='ltr'><strong>versari</strong></span> 
     </span>
    </p>
   </div>
   <div class='ocr_carea' id='block_1_85' title="bbox 1788 2383 3375 2462">
    <p class='ocr_par' dir='ltr' id='par_1_85' title="bbox 1788 2383 3375 2462">
     <span class='ocr_line' id='line_1_85' title="bbox 1788 2383 3375 2462; baseline -0.006 -14"><span class='ocrx_word' id='word_1_645' title='bbox 1788 2394 1959 2448; x_wconf 90' lang='lat' dir='ltr'><strong>bonos</strong></span> <span class='ocrx_word' id='word_1_646' title='bbox 1976 2401 2031 2447; x_wconf 91' lang='lat' dir='ltr'><strong>et</strong></span> <span class='ocrx_word' id='word_1_647' title='bbox 2055 2391 2246 2457; x_wconf 87' lang='lat' dir='ltr'><strong>malos,</strong></span> <span class='ocrx_word' id='word_1_648' title='bbox 2276 2393 2397 2462; x_wconf 89' lang='lat' dir='ltr'><strong>pios</strong></span> <span class='ocrx_word' id='word_1_649' title='bbox 2423 2402 2477 2445; x_wconf 91' lang='lat' dir='ltr'><strong>et</strong></span> <span class='ocrx_word' id='word_1_650' title='bbox 2505 2388 2721 2459; x_wconf 81' lang='lat' dir='ltr'><strong>impios,</strong></span> <span class='ocrx_word' id='word_1_651' title='bbox 2775 2396 2833 2443; x_wconf 88' lang='lat' dir='ltr'><strong>ut</strong></span> <span class='ocrx_word' id='word_1_652' title='bbox 2863 2386 2989 2440; x_wconf 88' lang='lat' dir='ltr'><strong>boni</strong></span> <span class='ocrx_word' id='word_1_653' title='bbox 3043 2383 3375 2440; x_wconf 88' lang='lat' dir='ltr'><strong>lucrifaciant</strong></span> 
     </span>
    </p>
   </div>
   <div class='ocr_carea' id='block_1_86' title="bbox 1788 2477 3376 2553">
    <p class='ocr_par' dir='ltr' id='par_1_86' title="bbox 1788 2477 3376 2553">
     <span class='ocr_line' id='line_1_86' title="bbox 1788 2477 3376 2553; baseline -0.009 -10"><span class='ocrx_word' id='word_1_654' title='bbox 1788 2485 1982 2551; x_wconf 83' lang='lat' dir='ltr'><strong>malos,</strong></span> <span class='ocrx_word' id='word_1_655' title='bbox 2005 2493 2069 2540; x_wconf 88' lang='lat' dir='ltr'><strong>et</strong></span> <span class='ocrx_word' id='word_1_656' title='bbox 2101 2484 2193 2553; x_wconf 90' lang='lat' dir='ltr'><strong>qui</strong></span> <span class='ocrx_word' id='word_1_657' title='bbox 2243 2482 2295 2537; x_wconf 90' lang='lat' dir='ltr'><strong>in</strong></span> <span class='ocrx_word' id='word_1_658' title='bbox 2319 2482 2518 2537; x_wconf 88' lang='lat' dir='ltr'><strong>malitia</strong></span> <span class='ocrx_word' id='word_1_659' title='bbox 2564 2480 2739 2535; x_wconf 90' lang='lat' dir='ltr'><strong>adhuc</strong></span> <span class='ocrx_word' id='word_1_660' title='bbox 2764 2480 3087 2545; x_wconf 89' lang='lat' dir='ltr'><strong>detinentur,</strong></span> <span class='ocrx_word' id='word_1_661' title='bbox 3120 2477 3376 2531; x_wconf 85' lang='lat' dir='ltr'><strong>mauudu-</strong></span> 
     </span>
    </p>
   </div>
   <div class='ocr_carea' id='block_1_87' title="bbox 1786 2570 3376 2645">
    <p class='ocr_par' dir='ltr' id='par_1_87' title="bbox 1786 2570 3376 2645">
     <span class='ocr_line' id='line_1_87' title="bbox 1786 2570 3376 2645; baseline -0.007 -13"><span class='ocrx_word' id='word_1_662' title='bbox 1786 2587 1972 2632; x_wconf 89' lang='lat' dir='ltr'><strong>cantur</strong></span> <span class='ocrx_word' id='word_1_663' title='bbox 1995 2575 2062 2630; x_wconf 89' lang='lat' dir='ltr'><strong>ad</strong></span> <span class='ocrx_word' id='word_1_664' title='bbox 2087 2575 2358 2645; x_wconf 90' lang='lat' dir='ltr'><strong>pietatem.</strong></span> <span class='ocrx_word' id='word_1_665' title='bbox 2387 2573 2532 2628; x_wconf 85' lang='lat' dir='ltr'><strong>Nihil</strong></span> <span class='ocrx_word' id='word_1_666' title='bbox 2572 2572 2714 2629; x_wconf 92' lang='lat' dir='ltr'><strong>enim</strong></span> <span class='ocrx_word' id='word_1_667' title='bbox 2764 2570 2898 2626; x_wconf 88' lang='lat' dir='ltr'><strong>adeo</strong></span> <span class='ocrx_word' id='word_1_668' title='bbox 2936 2570 3177 2625; x_wconf 85' lang='lat' dir='ltr'><strong>studiose</strong></span> <span class='ocrx_word' id='word_1_669' title='bbox 3218 2575 3376 2623; x_wconf 89' lang='lat' dir='ltr'><strong>curat</strong></span> 
     </span>
    </p>
   </div>
   <div class='ocr_carea' id='block_1_88' title="bbox 1789 2662 3376 2736">
    <p class='ocr_par' dir='ltr' id='par_1_88' title="bbox 1789 2662 3376 2736">
     <span class='ocr_line' id='line_1_88' title="bbox 1789 2662 3376 2736; baseline -0.009 -9"><span class='ocrx_word' id='word_1_670' title='bbox 1789 2672 1951 2736; x_wconf 88' lang='lat' dir='ltr'><strong>Deus,</strong></span> <span class='ocrx_word' id='word_1_671' title='bbox 1978 2679 2036 2724; x_wconf 89' lang='lat' dir='ltr'><strong>ut</strong></span> <span class='ocrx_word' id='word_1_672' title='bbox 2061 2669 2290 2724; x_wconf 89' lang='lat' dir='ltr'><strong>salutem</strong></span> <span class='ocrx_word' id='word_1_673' title='bbox 2317 2666 2640 2721; x_wconf 89' lang='lat' dir='ltr'><strong>animarum.</strong></span> <span class='ocrx_word' id='word_1_674' title='bbox 2666 2662 2903 2719; x_wconf 86' lang='lat' dir='ltr'><strong>Proinde</strong></span> <span class='ocrx_word' id='word_1_675' title='bbox 2921 2662 3169 2726; x_wconf 89' lang='lat' dir='ltr'><strong>obsecro,</strong></span> <span class='ocrx_word' id='word_1_676' title='bbox 3194 2674 3263 2715; x_wconf 85' lang='lat' dir='ltr'><strong>ne</strong></span> <span class='ocrx_word' id='word_1_677' title='bbox 3286 2674 3376 2714; x_wconf 88' lang='lat' dir='ltr'><strong>cu-</strong></span> 
     </span>
    </p>
   </div>
   <div class='ocr_carea' id='block_1_89' title="bbox 1786 2753 3374 2832">
    <p class='ocr_par' dir='ltr' id='par_1_89' title="bbox 1786 2753 3374 2832">
     <span class='ocr_line' id='line_1_89' title="bbox 1786 2753 3374 2832; baseline -0.009 -13"><span class='ocrx_word' id='word_1_678' title='bbox 1786 2779 1898 2819; x_wconf 84' lang='lat' dir='ltr'><strong>ram</strong></span> <span class='ocrx_word' id='word_1_679' title='bbox 1923 2761 2241 2832; x_wconf 83' lang='lat' dir='ltr'><strong>abjiciamus</strong></span> <span class='ocrx_word' id='word_1_680' title='bbox 2269 2774 2444 2829; x_wconf 88' lang='lat' dir='ltr'><strong>neque</strong></span> <span class='ocrx_word' id='word_1_681' title='bbox 2476 2757 2665 2823; x_wconf 90' lang='lat' dir='ltr'><strong>nostri,</strong></span> <span class='ocrx_word' id='word_1_682' title='bbox 2710 2770 2883 2825; x_wconf 88' lang='lat' dir='ltr'><strong>neque</strong></span> <span class='ocrx_word' id='word_1_683' title='bbox 2909 2755 3155 2808; x_wconf 87' lang='lat' dir='ltr'><strong>aliorum.</strong></span> <span class='ocrx_word' id='word_1_684' title='bbox 3201 2753 3374 2819; x_wconf 84' lang='lat' dir='ltr'><strong>Quan-</strong></span> 
     </span>
    </p>
   </div>
   <div class='ocr_carea' id='block_1_90' title="bbox 1788 2845 3372 2919">
    <p class='ocr_par' dir='ltr' id='par_1_90' title="bbox 1788 2845 3372 2919">
     <span class='ocr_line' id='line_1_90' title="bbox 1788 2845 3372 2919; baseline -0.008 -7"><span class='ocrx_word' id='word_1_685' title='bbox 1788 2866 1897 2912; x_wconf 91' lang='lat' dir='ltr'><strong>tum</strong></span> <span class='ocrx_word' id='word_1_686' title='bbox 1924 2856 1990 2914; x_wconf 91' lang='lat' dir='ltr'><strong>ad</strong></span> <span class='ocrx_word' id='word_1_687' title='bbox 2021 2853 2355 2919; x_wconf 87' lang='lat' dir='ltr'><strong>uosattinet,</strong></span> <span class='ocrx_word' id='word_1_688' title='bbox 2385 2852 2458 2907; x_wconf 91' lang='lat' dir='ltr'><strong>ita</strong></span> <span class='ocrx_word' id='word_1_689' title='bbox 2506 2850 2847 2906; x_wconf 89' lang='lat' dir='ltr'><strong>instituamus</strong></span> <span class='ocrx_word' id='word_1_690' title='bbox 2896 2849 3056 2902; x_wconf 89' lang='lat' dir='ltr'><strong>vitam</strong></span> <span class='ocrx_word' id='word_1_691' title='bbox 3081 2888 3098 2911; x_wconf 92' lang='lat'><strong>,</strong></span> <span class='ocrx_word' id='word_1_692' title='bbox 3146 2854 3206 2900; x_wconf 89' lang='lat' dir='ltr'><strong>ut</strong></span> <span class='ocrx_word' id='word_1_693' title='bbox 3258 2845 3372 2900; x_wconf 90' lang='lat' dir='ltr'><strong>Deo</strong></span> 
     </span>
    </p>
   </div>
   <div class='ocr_carea' id='block_1_91' title="bbox 1786 2936 3373 3018">
    <p class='ocr_par' dir='ltr' id='par_1_91' title="bbox 1786 2936 3373 3018">
     <span class='ocr_line' id='line_1_91' title="bbox 1786 2936 3373 3018; baseline -0.008 -16"><span class='ocrx_word' id='word_1_694' title='bbox 1786 2948 2036 3018; x_wconf 88' lang='lat' dir='ltr'><strong>placitum</strong></span> <span class='ocrx_word' id='word_1_695' title='bbox 2058 2954 2144 3000; x_wconf 88' lang='lat' dir='ltr'><strong>est</strong></span> <span class='ocrx_word' id='word_1_696' title='bbox 2170 2959 2186 2997; x_wconf 94' lang='lat'><strong>:</strong></span> <span class='ocrx_word' id='word_1_697' title='bbox 2217 2952 2477 3015; x_wconf 88' lang='lat' dir='ltr'><strong>quantum</strong></span> <span class='ocrx_word' id='word_1_698' title='bbox 2505 2950 2681 2996; x_wconf 87' lang='lat' dir='ltr'><strong>autem</strong></span> <span class='ocrx_word' id='word_1_699' title='bbox 2702 2939 2768 2993; x_wconf 90' lang='lat' dir='ltr'><strong>ad</strong></span> <span class='ocrx_word' id='word_1_700' title='bbox 2796 2938 3118 3008; x_wconf 81' lang='lat' dir='ltr'><strong>proximum,</strong></span> <span class='ocrx_word' id='word_1_701' title='bbox 3167 2937 3246 2991; x_wconf 90' lang='lat' dir='ltr'><strong>sic</strong></span> <span class='ocrx_word' id='word_1_702' title='bbox 3290 2936 3373 2990; x_wconf 57' lang='lat' dir='ltr'><strong>lu-</strong></span> 
     </span>
    </p>
   </div>
   <div class='ocr_carea' id='block_1_92' title="bbox 1785 3027 3371 3098">
    <p class='ocr_par' dir='ltr' id='par_1_92' title="bbox 1785 3027 3371 3098">
     <span class='ocr_line' id='line_1_92' title="bbox 1785 3027 3371 3098; baseline -0.008 -5"><span class='ocrx_word' id='word_1_703' title='bbox 1785 3055 2002 3097; x_wconf 85' lang='lat' dir='ltr'><strong>ceamus</strong></span> <span class='ocrx_word' id='word_1_704' title='bbox 2028 3037 2338 3098; x_wconf 84' lang='lat' dir='ltr'><strong>virtutibus,</strong></span> <span class='ocrx_word' id='word_1_705' title='bbox 2364 3044 2424 3090; x_wconf 92' lang='lat' dir='ltr'><strong>ut</strong></span> <span class='ocrx_word' id='word_1_706' title='bbox 2450 3033 2611 3090; x_wconf 89' lang='lat' dir='ltr'><strong>etiam</strong></span> <span class='ocrx_word' id='word_1_707' title='bbox 2639 3030 2928 3086; x_wconf 89' lang='lat' dir='ltr'><strong>silentibus</strong></span> <span class='ocrx_word' id='word_1_708' title='bbox 2955 3027 3135 3093; x_wconf 89' lang='lat' dir='ltr'><strong>nobis,</strong></span> <span class='ocrx_word' id='word_1_709' title='bbox 3183 3040 3371 3081; x_wconf 89' lang='lat' dir='ltr'><strong>omnes</strong></span> 
     </span>
    </p>
   </div>
   <div class='ocr_carea' id='block_1_93' title="bbox 1783 3106 3369 3204">
    <p class='ocr_par' dir='ltr' id='par_1_93' title="bbox 1783 3106 3369 3204">
     <span class='ocr_line' id='line_1_93' title="bbox 1783 3106 3369 3204; baseline -0.011 -15"><span class='ocrx_word' id='word_1_710' title='bbox 1783 3142 2045 3204; x_wconf 89' lang='lat' dir='ltr'><strong>quotquot</strong></span> <span class='ocrx_word' id='word_1_711' title='bbox 2073 3145 2172 3185; x_wconf 90' lang='lat' dir='ltr'><strong>nos</strong></span> <span class='ocrx_word' id='word_1_712' title='bbox 2214 3128 2399 3185; x_wconf 92' lang='lat' dir='ltr'><strong>vident</strong></span> <span class='ocrx_word' id='word_1_713' title='bbox 2436 3127 2567 3182; x_wconf 84' lang='lat' dir='ltr'><strong>satis</strong></span> <span class='ocrx_word' id='word_1_714' title='bbox 2606 3124 2921 3180; x_wconf 88' lang='lat' dir='ltr'><strong>doceantur.</strong></span> <span class='ocrx_word' id='word_1_715' title='bbox 2970 3120 3101 3175; x_wconf 88' lang='lat' dir='ltr'><strong>Nam</strong></span> <span class='ocrx_word' id='word_1_716' title='bbox 3149 3106 3299 3191; x_wconf 12' lang='lat' dir='ltr'><strong>sicut}</strong></span> <span class='ocrx_word' id='word_1_717' title='bbox 3325 3117 3369 3172; x_wconf 88' lang='lat' dir='ltr'><strong>si</strong></span> 
     </span>
    </p>
   </div>
   <div class='ocr_carea' id='block_1_94' title="bbox 1784 3211 3371 3292">
    <p class='ocr_par' dir='ltr' id='par_1_94' title="bbox 1784 3211 3371 3292">
     <span class='ocr_line' id='line_1_94' title="bbox 1784 3211 3371 3292; baseline -0.009 -15"><span class='ocrx_word' id='word_1_718' title='bbox 1784 3224 1979 3279; x_wconf 86' lang='lat' dir='ltr'><strong>virtute</strong></span> <span class='ocrx_word' id='word_1_719' title='bbox 2002 3221 2206 3292; x_wconf 70' lang='lat' dir='ltr'><strong>prmditi</strong></span> <span class='ocrx_word' id='word_1_720' title='bbox 2225 3222 2413 3284; x_wconf 90' lang='lat' dir='ltr'><strong>simus,</strong></span> <span class='ocrx_word' id='word_1_721' title='bbox 2436 3217 2669 3275; x_wconf 81' lang='lat' dir='ltr'><strong>maxima</strong></span> <span class='ocrx_word' id='word_1_722' title='bbox 2697 3227 2752 3272; x_wconf 82' lang='lat' dir='ltr'><strong>et</strong></span> <span class='ocrx_word' id='word_1_723' title='bbox 2773 3214 2875 3283; x_wconf 88' lang='lat' dir='ltr'><strong>ipsi</strong></span> <span class='ocrx_word' id='word_1_724' title='bbox 2898 3211 3223 3268; x_wconf 89' lang='lat' dir='ltr'><strong>lucrabimur</strong></span> <span class='ocrx_word' id='word_1_725' title='bbox 3248 3249 3265 3275; x_wconf 92' lang='lat'><strong>,</strong></span> <span class='ocrx_word' id='word_1_726' title='bbox 3314 3218 3371 3263; x_wconf 90' lang='lat' dir='ltr'><strong>et</strong></span> 
     </span>
    </p>
   </div>
   <div class='ocr_carea' id='block_1_95' title="bbox 1784 3300 3368 3376">
    <p class='ocr_par' dir='ltr' id='par_1_95' title="bbox 1784 3300 3368 3376">
     <span class='ocr_line' id='line_1_95' title="bbox 1784 3300 3368 3376; baseline -0.013 -5"><span class='ocrx_word' id='word_1_727' title='bbox 1784 3306 2092 3373; x_wconf 84' lang='lat' dir='ltr'><strong>infidelibus</strong></span> <span class='ocrx_word' id='word_1_728' title='bbox 2118 3312 2240 3368; x_wconf 89' lang='lat' dir='ltr'><strong>usui</strong></span> <span class='ocrx_word' id='word_1_729' title='bbox 2258 3312 2461 3367; x_wconf 88' lang='lat' dir='ltr'><strong>erimus</strong></span> <span class='ocrx_word' id='word_1_730' title='bbox 2487 3326 2501 3364; x_wconf 91' lang='lat'><strong>:</strong></span> <span class='ocrx_word' id='word_1_731' title='bbox 2530 3309 2603 3363; x_wconf 87' lang='lat' dir='ltr'><strong>ita</strong></span> <span class='ocrx_word' id='word_1_732' title='bbox 2633 3308 2678 3361; x_wconf 89' lang='lat' dir='ltr'><strong>si</strong></span> <span class='ocrx_word' id='word_1_733' title='bbox 2706 3306 3041 3376; x_wconf 87' lang='lat' dir='ltr'><strong>negligentes</strong></span> <span class='ocrx_word' id='word_1_734' title='bbox 3068 3300 3322 3355; x_wconf 88' lang='lat' dir='ltr'><strong>fuerimus</strong></span> <span class='ocrx_word' id='word_1_735' title='bbox 3351 3338 3368 3362; x_wconf 93' lang='lat'><strong>,</strong></span> 
     </span>
    </p>
   </div>
   <div class='ocr_carea' id='block_1_96' title="bbox 1784 3391 3373 3476">
    <p class='ocr_par' dir='ltr' id='par_1_96' title="bbox 1784 3391 3373 3476">
     <span class='ocr_line' id='line_1_96' title="bbox 1784 3391 3373 3476; baseline -0.013 -13"><span class='ocrx_word' id='word_1_736' title='bbox 1784 3418 1839 3463; x_wconf 86' lang='lat' dir='ltr'><strong>et</strong></span> <span class='ocrx_word' id='word_1_737' title='bbox 1858 3406 1959 3476; x_wconf 91' lang='lat' dir='ltr'><strong>ipsi</strong></span> <span class='ocrx_word' id='word_1_738' title='bbox 1988 3419 2234 3475; x_wconf 87' lang='lat' dir='ltr'><strong>magnam</strong></span> <span class='ocrx_word' id='word_1_739' title='bbox 2261 3401 2501 3458; x_wconf 87' lang='lat' dir='ltr'><strong>feremus</strong></span> <span class='ocrx_word' id='word_1_740' title='bbox 2524 3413 2760 3468; x_wconf 72' lang='lat' dir='ltr'><strong>ptenam,</strong></span> <span class='ocrx_word' id='word_1_741' title='bbox 2792 3407 2847 3452; x_wconf 88' lang='lat' dir='ltr'><strong>et</strong></span> <span class='ocrx_word' id='word_1_742' title='bbox 2865 3395 2987 3449; x_wconf 93' lang='lat' dir='ltr'><strong>aliis</strong></span> <span class='ocrx_word' id='word_1_743' title='bbox 2998 3391 3209 3447; x_wconf 89' lang='lat' dir='ltr'><strong>occasio</strong></span> <span class='ocrx_word' id='word_1_744' title='bbox 3224 3405 3373 3445; x_wconf 85' lang='lat' dir='ltr'><strong>scan-</strong></span> 
     </span>
    </p>
   </div>
   <div class='ocr_carea' id='block_1_97' title="bbox 1782 3481 3361 3556">
    <p class='ocr_par' dir='ltr' id='par_1_97' title="bbox 1782 3481 3361 3556">
     <span class='ocr_line' id='line_1_97' title="bbox 1782 3481 3361 3556; baseline -0.015 0"><span class='ocrx_word' id='word_1_745' title='bbox 1782 3499 1890 3556; x_wconf 88' lang='lat' dir='ltr'><strong>dali</strong></span> <span class='ocrx_word' id='word_1_746' title='bbox 1908 3498 2128 3554; x_wconf 90' lang='lat' dir='ltr'><strong>erimus.</strong></span> <span class='ocrx_word' id='word_1_747' title='bbox 2152 3496 2300 3551; x_wconf 86' lang='lat' dir='ltr'><strong>Sicut</strong></span> <span class='ocrx_word' id='word_1_748' title='bbox 2325 3493 2467 3549; x_wconf 89' lang='lat' dir='ltr'><strong>enim</strong></span> <span class='ocrx_word' id='word_1_749' title='bbox 2486 3491 2735 3546; x_wconf 90' lang='lat' dir='ltr'><strong>virtutem</strong></span> <span class='ocrx_word' id='word_1_750' title='bbox 2764 3485 3053 3556; x_wconf 76' lang='lat' dir='ltr'><strong>amplexati</strong></span> <span class='ocrx_word' id='word_1_751' title='bbox 3095 3481 3361 3552; x_wconf 89' lang='lat' dir='ltr'><strong>duplicem</strong></span> 
     </span>
    </p>
   </div>
   <div class='ocr_carea' id='block_1_98' title="bbox 1784 3575 3370 3655">
    <p class='ocr_par' dir='ltr' id='par_1_98' title="bbox 1784 3575 3370 3655">
     <span class='ocr_line' id='line_1_98' title="bbox 1784 3575 3370 3655; baseline -0.014 -8"><span class='ocrx_word' id='word_1_752' title='bbox 1784 3590 2089 3647; x_wconf 89' lang='lat' dir='ltr'><strong>mercedem</strong></span> <span class='ocrx_word' id='word_1_753' title='bbox 2117 3604 2147 3643; x_wconf 92' lang='lat' dir='ltr'><strong>a</strong></span> <span class='ocrx_word' id='word_1_754' title='bbox 2176 3588 2291 3643; x_wconf 92' lang='lat' dir='ltr'><strong>Deo</strong></span> <span class='ocrx_word' id='word_1_755' title='bbox 2318 3585 2632 3655; x_wconf 90' lang='lat' dir='ltr'><strong>accipimus,</strong></span> <span class='ocrx_word' id='word_1_756' title='bbox 2678 3591 2787 3636; x_wconf 92' lang='lat' dir='ltr'><strong>tum</strong></span> <span class='ocrx_word' id='word_1_757' title='bbox 2813 3578 2956 3649; x_wconf 90' lang='lat' dir='ltr'><strong>quod</strong></span> <span class='ocrx_word' id='word_1_758' title='bbox 2987 3575 3086 3645; x_wconf 85' lang='lat' dir='ltr'><strong>ipsi</strong></span> <span class='ocrx_word' id='word_1_759' title='bbox 3116 3575 3370 3628; x_wconf 89' lang='lat' dir='ltr'><strong>virtutem</strong></span> 
     </span>
    </p>
   </div>
   <div class='ocr_carea' id='block_1_99' title="bbox 1783 3666 3367 3746">
    <p class='ocr_par' dir='ltr' id='par_1_99' title="bbox 1783 3666 3367 3746">
     <span class='ocr_line' id='line_1_99' title="bbox 1783 3666 3367 3746; baseline -0.015 -7"><span class='ocrx_word' id='word_1_760' title='bbox 1783 3694 2154 3745; x_wconf 77' lang='lat' dir='ltr'><strong>exerceamus,</strong></span> <span class='ocrx_word' id='word_1_761' title='bbox 2179 3687 2288 3733; x_wconf 91' lang='lat' dir='ltr'><strong>tum</strong></span> <span class='ocrx_word' id='word_1_762' title='bbox 2304 3674 2448 3746; x_wconf 89' lang='lat' dir='ltr'><strong>quod</strong></span> <span class='ocrx_word' id='word_1_763' title='bbox 2469 3673 2605 3728; x_wconf 91' lang='lat' dir='ltr'><strong>alios</strong></span> <span class='ocrx_word' id='word_1_764' title='bbox 2625 3671 2691 3726; x_wconf 91' lang='lat' dir='ltr'><strong>ad</strong></span> <span class='ocrx_word' id='word_1_765' title='bbox 2706 3669 2919 3726; x_wconf 90' lang='lat' dir='ltr'><strong>virtutis</strong></span> <span class='ocrx_word' id='word_1_766' title='bbox 2936 3666 3367 3723; x_wconf 89' lang='lat' dir='ltr'><strong>communionem</strong></span> 
     </span>
    </p>
   </div>
   <div class='ocr_carea' id='block_1_100' title="bbox 1786 3758 3369 3837">
    <p class='ocr_par' dir='ltr' id='par_1_100' title="bbox 1786 3758 3369 3837">
     <span class='ocr_line' id='line_1_100' title="bbox 1786 3758 3369 3837; baseline -0.013 -7"><span class='ocrx_word' id='word_1_767' title='bbox 1786 3774 2096 3830; x_wconf 77' lang='lat' dir='ltr'><strong>trahemus:</strong></span> <span class='ocrx_word' id='word_1_768' title='bbox 2124 3773 2197 3828; x_wconf 90' lang='lat' dir='ltr'><strong>ita</strong></span> <span class='ocrx_word' id='word_1_769' title='bbox 2238 3772 2285 3826; x_wconf 91' lang='lat' dir='ltr'><strong>si</strong></span> <span class='ocrx_word' id='word_1_770' title='bbox 2312 3769 2367 3824; x_wconf 91' lang='lat' dir='ltr'><strong>in</strong></span> <span class='ocrx_word' id='word_1_771' title='bbox 2412 3766 2651 3837; x_wconf 88' lang='lat' dir='ltr'><strong>nequitia</strong></span> <span class='ocrx_word' id='word_1_772' title='bbox 2692 3777 3007 3829; x_wconf 86' lang='lat' dir='ltr'><strong>versemur,</strong></span> <span class='ocrx_word' id='word_1_773' title='bbox 3047 3774 3152 3827; x_wconf 85' lang='lat' dir='ltr'><strong>non</strong></span> <span class='ocrx_word' id='word_1_774' title='bbox 3197 3758 3369 3813; x_wconf 91' lang='lat' dir='ltr'><strong>solum</strong></span> 
     </span>
    </p>
   </div>
   <div class='ocr_carea' id='block_1_101' title="bbox 1787 3847 3372 3938">
    <p class='ocr_par' dir='ltr' id='par_1_101' title="bbox 1787 3847 3372 3938">
     <span class='ocr_line' id='line_1_101' title="bbox 1787 3847 3372 3938; baseline -0.01 -19"><span class='ocrx_word' id='word_1_775' title='bbox 1787 3867 2037 3938; x_wconf 79' lang='lat' dir='ltr'><strong>punimur</strong></span> <span class='ocrx_word' id='word_1_776' title='bbox 2063 3862 2207 3934; x_wconf 92' lang='lat' dir='ltr'><strong>quod</strong></span> <span class='ocrx_word' id='word_1_777' title='bbox 2256 3862 2356 3931; x_wconf 91' lang='lat' dir='ltr'><strong>ipsi</strong></span> <span class='ocrx_word' id='word_1_778' title='bbox 2384 3858 2760 3933; x_wconf 81' lang='lat' dir='ltr'><strong>peccavimus,</strong></span> <span class='ocrx_word' id='word_1_779' title='bbox 2815 3852 2912 3909; x_wconf 91' lang='lat' dir='ltr'><strong>sed</strong></span> <span class='ocrx_word' id='word_1_780' title='bbox 2963 3861 3019 3907; x_wconf 93' lang='lat' dir='ltr'><strong>et</strong></span> <span class='ocrx_word' id='word_1_781' title='bbox 3060 3848 3201 3919; x_wconf 89' lang='lat' dir='ltr'><strong>quod</strong></span> <span class='ocrx_word' id='word_1_782' title='bbox 3252 3847 3372 3903; x_wconf 88' lang='lat' dir='ltr'><strong>aliis</strong></span> 
     </span>
    </p>
   </div>
   <div class='ocr_carea' id='block_1_102' title="bbox 1785 3940 3372 4015">
    <p class='ocr_par' dir='ltr' id='par_1_102' title="bbox 1785 3940 3372 4015">
     <span class='ocr_line' id='line_1_102' title="bbox 1785 3940 3372 4015; baseline -0.014 0"><span class='ocrx_word' id='word_1_783' title='bbox 1785 3958 2039 4015; x_wconf 82' lang='lat' dir='ltr'><strong>seandalo</strong></span> <span class='ocrx_word' id='word_1_784' title='bbox 2066 3955 2285 4011; x_wconf 87' lang='lat' dir='ltr'><strong>fuimus.</strong></span> <span class='ocrx_word' id='word_1_785' title='bbox 2323 3952 2522 4008; x_wconf 82' lang='lat' dir='ltr'><strong>Verum</strong></span> <span class='ocrx_word' id='word_1_786' title='bbox 2551 3949 2694 4003; x_wconf 88' lang='lat' dir='ltr'><strong>absit</strong></span> <span class='ocrx_word' id='word_1_787' title='bbox 2721 3956 2781 4002; x_wconf 90' lang='lat' dir='ltr'><strong>ut</strong></span> <span class='ocrx_word' id='word_1_788' title='bbox 2807 3945 3003 4015; x_wconf 88' lang='lat' dir='ltr'><strong>aliquis</strong></span> <span class='ocrx_word' id='word_1_789' title='bbox 3045 3956 3232 3998; x_wconf 90' lang='lat' dir='ltr'><strong>eorum</strong></span> <span class='ocrx_word' id='word_1_790' title='bbox 3258 3940 3372 4015; x_wconf 16' lang='lat' dir='ltr'><strong>Aqui</strong></span> 
     </span>
    </p>
   </div>
   <div class='ocr_carea' id='block_1_103' title="bbox 1786 4033 3372 4116">
    <p class='ocr_par' dir='ltr' id='par_1_103' title="bbox 1786 4033 3372 4116">
     <span class='ocr_line' id='line_1_103' title="bbox 1786 4033 3372 4116; baseline -0.015 -9"><span class='ocrx_word' id='word_1_791' title='bbox 1786 4052 1874 4108; x_wconf 89' lang='lat' dir='ltr'><strong>hic</strong></span> <span class='ocrx_word' id='word_1_792' title='bbox 1898 4058 2046 4116; x_wconf 91' lang='lat' dir='ltr'><strong>sunt,</strong></span> <span class='ocrx_word' id='word_1_793' title='bbox 2068 4049 2119 4103; x_wconf 91' lang='lat' dir='ltr'><strong>in</strong></span> <span class='ocrx_word' id='word_1_794' title='bbox 2148 4044 2454 4116; x_wconf 87' lang='lat' dir='ltr'><strong>hujusmodi</strong></span> <span class='ocrx_word' id='word_1_795' title='bbox 2475 4050 2618 4097; x_wconf 88' lang='lat' dir='ltr'><strong>statu</strong></span> <span class='ocrx_word' id='word_1_796' title='bbox 2643 4045 2910 4101; x_wconf 89' lang='lat' dir='ltr'><strong>versetur,</strong></span> <span class='ocrx_word' id='word_1_797' title='bbox 2939 4033 3033 4091; x_wconf 87' lang='lat' dir='ltr'><strong>sed</strong></span> <span class='ocrx_word' id='word_1_798' title='bbox 3054 4048 3153 4089; x_wconf 87' lang='lat' dir='ltr'><strong>nos</strong></span> <span class='ocrx_word' id='word_1_799' title='bbox 3182 4045 3372 4087; x_wconf 88' lang='lat' dir='ltr'><strong>omnes</strong></span> 
     </span>
    </p>
   </div>
   <div class='ocr_carea' id='block_1_104' title="bbox 1785 4124 3372 4204">
    <p class='ocr_par' dir='ltr' id='par_1_104' title="bbox 1785 4124 3372 4204">
     <span class='ocr_line' id='line_1_104' title="bbox 1785 4124 3372 4204; baseline -0.016 -6"><span class='ocrx_word' id='word_1_800' title='bbox 1785 4142 1853 4198; x_wconf 89' lang='lat' dir='ltr'><strong>ad</strong></span> <span class='ocrx_word' id='word_1_801' title='bbox 1873 4138 2246 4198; x_wconf 65' lang='lat' dir='ltr'><strong>aedificandum</strong></span> <span class='ocrx_word' id='word_1_802' title='bbox 2267 4150 2362 4192; x_wconf 90' lang='lat' dir='ltr'><strong>eos</strong></span> <span class='ocrx_word' id='word_1_803' title='bbox 2378 4134 2469 4204; x_wconf 91' lang='lat' dir='ltr'><strong>qui</strong></span> <span class='ocrx_word' id='word_1_804' title='bbox 2490 4147 2588 4187; x_wconf 90' lang='lat' dir='ltr'><strong>nos</strong></span> <span class='ocrx_word' id='word_1_805' title='bbox 2603 4130 2804 4196; x_wconf 89' lang='lat' dir='ltr'><strong>vident,</strong></span> <span class='ocrx_word' id='word_1_806' title='bbox 2823 4128 2989 4181; x_wconf 91' lang='lat' dir='ltr'><strong>vitam</strong></span> <span class='ocrx_word' id='word_1_807' title='bbox 3012 4124 3372 4187; x_wconf 88' lang='lat' dir='ltr'><strong>instituamus,</strong></span> 
     </span>
    </p>
   </div>
   <div class='ocr_carea' id='block_1_105' title="bbox 1789 4210 3356 4305">
    <p class='ocr_par' dir='ltr' id='par_1_105' title="bbox 1789 4210 3356 4305">
     <span class='ocr_line' id='line_1_105' title="bbox 1789 4210 3356 4305; baseline -0.017 -13"><span class='ocrx_word' id='word_1_808' title='bbox 1789 4245 1844 4293; x_wconf 92' lang='lat' dir='ltr'><strong>ut</strong></span> <span class='ocrx_word' id='word_1_809' title='bbox 1868 4234 2137 4305; x_wconf 90' lang='lat' dir='ltr'><strong>possimus</strong></span> <span class='ocrx_word' id='word_1_810' title='bbox 2172 4243 2362 4298; x_wconf 89' lang='lat' dir='ltr'><strong>magna</strong></span> <span class='ocrx_word' id='word_1_811' title='bbox 2390 4225 2582 4281; x_wconf 87' lang='lat' dir='ltr'><strong>fiducia</strong></span> <span class='ocrx_word' id='word_1_812' title='bbox 2626 4232 2773 4277; x_wconf 89' lang='lat' dir='ltr'><strong>stare</strong></span> <span class='ocrx_word' id='word_1_813' title='bbox 2800 4217 2945 4291; x_wconf 90' lang='lat' dir='ltr'><strong>apud</strong></span> <span class='ocrx_word' id='word_1_814' title='bbox 2972 4214 3203 4271; x_wconf 89' lang='lat' dir='ltr'><strong>tribunal</strong></span> <span class='ocrx_word' id='word_1_815' title='bbox 3229 4210 3356 4266; x_wconf 81' lang='lat' dir='ltr'><strong>Cltri</strong></span> 
     </span>
    </p>
   </div>
   <div class='ocr_carea' id='block_1_106' title="bbox 1787 4304 3373 4394">
    <p class='ocr_par' dir='ltr' id='par_1_106' title="bbox 1787 4304 3373 4394">
     <span class='ocr_line' id='line_1_106' title="bbox 1787 4304 3373 4394; baseline -0.016 -10"><span class='ocrx_word' id='word_1_816' title='bbox 1787 4304 1883 4394; x_wconf 72' lang='lat' dir='ltr'><strong>sti,</strong></span> <span class='ocrx_word' id='word_1_817' title='bbox 1901 4337 1956 4383; x_wconf 91' lang='lat' dir='ltr'><strong>et</strong></span> <span class='ocrx_word' id='word_1_818' title='bbox 1971 4324 2255 4382; x_wconf 73' lang='lat' dir='ltr'><strong>ineffabilia</strong></span> <span class='ocrx_word' id='word_1_819' title='bbox 2279 4323 2367 4377; x_wconf 88' lang='lat' dir='ltr'><strong>illa</strong></span> <span class='ocrx_word' id='word_1_820' title='bbox 2387 4320 2525 4375; x_wconf 89' lang='lat' dir='ltr'><strong>bona</strong></span> <span class='ocrx_word' id='word_1_821' title='bbox 2553 4314 2810 4385; x_wconf 88' lang='lat' dir='ltr'><strong>consequi</strong></span> <span class='ocrx_word' id='word_1_822' title='bbox 2838 4329 2851 4365; x_wconf 90' lang='lat'><strong>:</strong></span> <span class='ocrx_word' id='word_1_823' title='bbox 2876 4326 2996 4383; x_wconf 63' lang='lat' dir='ltr'><strong>quae</strong></span> <span class='ocrx_word' id='word_1_824' title='bbox 3024 4308 3177 4364; x_wconf 90' lang='lat' dir='ltr'><strong>nobis</strong></span> <span class='ocrx_word' id='word_1_825' title='bbox 3202 4304 3373 4360; x_wconf 58' lang='lat' dir='ltr'><strong>omni.</strong></span> 
     </span>
    </p>
   </div>
   <div class='ocr_carea' id='block_1_107' title="bbox 1787 4395 3373 4485">
    <p class='ocr_par' dir='ltr' id='par_1_107' title="bbox 1787 4395 3373 4485">
     <span class='ocr_line' id='line_1_107' title="bbox 1787 4395 3373 4485; baseline -0.019 -6"><span class='ocrx_word' id='word_1_826' title='bbox 1787 4422 1890 4479; x_wconf 89' lang='lat' dir='ltr'><strong>bus</strong></span> <span class='ocrx_word' id='word_1_827' title='bbox 1919 4418 2309 4482; x_wconf 86' lang='lat' dir='ltr'><strong>concedantur,</strong></span> <span class='ocrx_word' id='word_1_828' title='bbox 2341 4413 2510 4485; x_wconf 86' lang='lat' dir='ltr'><strong>gratia</strong></span> <span class='ocrx_word' id='word_1_829' title='bbox 2537 4419 2594 4465; x_wconf 92' lang='lat' dir='ltr'><strong>et</strong></span> <span class='ocrx_word' id='word_1_830' title='bbox 2611 4407 2942 4478; x_wconf 88' lang='lat' dir='ltr'><strong>benignitate</strong></span> <span class='ocrx_word' id='word_1_831' title='bbox 2966 4401 3176 4458; x_wconf 92' lang='lat' dir='ltr'><strong>Domini</strong></span> <span class='ocrx_word' id='word_1_832' title='bbox 3206 4395 3373 4454; x_wconf 87' lang='lat' dir='ltr'><strong>nostri</strong></span> 
     </span>
    </p>
   </div>
   <div class='ocr_carea' id='block_1_108' title="bbox 1787 4491 3377 4578">
    <p class='ocr_par' dir='ltr' id='par_1_108' title="bbox 1787 4491 3377 4578">
     <span class='ocr_line' id='line_1_108' title="bbox 1787 4491 3377 4578; baseline -0.017 -7"><span class='ocrx_word' id='word_1_833' title='bbox 1787 4515 1916 4572; x_wconf 81' lang='lat' dir='ltr'><strong>JeSu</strong></span> <span class='ocrx_word' id='word_1_834' title='bbox 1941 4511 2167 4577; x_wconf 77' lang='lat' dir='ltr'><strong>Christi,</strong></span> <span class='ocrx_word' id='word_1_835' title='bbox 2210 4524 2330 4567; x_wconf 89' lang='lat' dir='ltr'><strong>cum</strong></span> <span class='ocrx_word' id='word_1_836' title='bbox 2371 4522 2485 4578; x_wconf 87' lang='lat' dir='ltr'><strong>quo</strong></span> <span class='ocrx_word' id='word_1_837' title='bbox 2530 4504 2673 4560; x_wconf 86' lang='lat' dir='ltr'><strong>Patri</strong></span> <span class='ocrx_word' id='word_1_838' title='bbox 2722 4510 2777 4557; x_wconf 93' lang='lat' dir='ltr'><strong>et</strong></span> <span class='ocrx_word' id='word_1_839' title='bbox 2826 4507 3013 4555; x_wconf 88' lang='lat' dir='ltr'><strong>sancto</strong></span> <span class='ocrx_word' id='word_1_840' title='bbox 3046 4492 3268 4566; x_wconf 88' lang='lat' dir='ltr'><strong>Spiritui</strong></span> <span class='ocrx_word' id='word_1_841' title='bbox 3306 4491 3377 4545; x_wconf 86' lang='lat' dir='ltr'><strong>sit</strong></span> 
     </span>
    </p>
   </div>
   <div class='ocr_carea' id='block_1_109' title="bbox 1788 4584 3380 4679">
    <p class='ocr_par' dir='ltr' id='par_1_109' title="bbox 1788 4584 3380 4679">
     <span class='ocr_line' id='line_1_109' title="bbox 1788 4584 3380 4679; baseline -0.017 -15"><span class='ocrx_word' id='word_1_842' title='bbox 1788 4607 1980 4679; x_wconf 81' lang='lat' dir='ltr'><strong>gloria,</strong></span> <span class='ocrx_word' id='word_1_843' title='bbox 2005 4604 2178 4660; x_wconf 90' lang='lat' dir='ltr'><strong>honor</strong></span> <span class='ocrx_word' id='word_1_844' title='bbox 2205 4609 2259 4657; x_wconf 90' lang='lat' dir='ltr'><strong>et</strong></span> <span class='ocrx_word' id='word_1_845' title='bbox 2289 4597 2598 4669; x_wconf 90' lang='lat' dir='ltr'><strong>imperium,</strong></span> <span class='ocrx_word' id='word_1_846' title='bbox 2627 4607 2771 4649; x_wconf 89' lang='lat' dir='ltr'><strong>nunc</strong></span> <span class='ocrx_word' id='word_1_847' title='bbox 2794 4600 2850 4648; x_wconf 92' lang='lat' dir='ltr'><strong>et</strong></span> <span class='ocrx_word' id='word_1_848' title='bbox 2865 4603 3105 4661; x_wconf 87' lang='lat' dir='ltr'><strong>semper,</strong></span> <span class='ocrx_word' id='word_1_849' title='bbox 3130 4584 3260 4645; x_wconf 89' lang='lat' dir='ltr'><strong>etin</strong></span> <span class='ocrx_word' id='word_1_850' title='bbox 3276 4597 3380 4638; x_wconf 70' lang='lat' dir='ltr'><strong>sac-</strong></span> 
     </span>
    </p>
   </div>
   <div class='ocr_carea' id='block_1_110' title="bbox 1789 4692 2493 4756">
    <p class='ocr_par' dir='ltr' id='par_1_110' title="bbox 1789 4692 2493 4756">
     <span class='ocr_line' id='line_1_110' title="bbox 1789 4692 2493 4756; baseline -0.018 0"><span class='ocrx_word' id='word_1_851' title='bbox 1789 4699 1907 4756; x_wconf 86' lang='lat' dir='ltr'><strong>cula</strong></span> <span class='ocrx_word' id='word_1_852' title='bbox 1929 4696 2269 4754; x_wconf 64' lang='lat' dir='ltr'><strong>sicculorum.</strong></span> <span class='ocrx_word' id='word_1_853' title='bbox 2299 4692 2493 4746; x_wconf 82' lang='lat' dir='ltr'><strong>Amen.</strong></span> 
     </span>
    </p>
   </div>
   <div class='ocr_carea' id='block_1_111' title="bbox 2360 4816 2810 4877">
    <p class='ocr_par' dir='ltr' id='par_1_111' title="bbox 2360 4816 2810 4877">
     <span class='ocr_line' id='line_1_111' title="bbox 2360 4816 2810 4877; baseline -0.018 0"><span class='ocrx_word' id='word_1_854' title='bbox 2360 4818 2641 4877; x_wconf 82' lang='lat' dir='ltr'><strong>IIOMILIA</strong></span> <span class='ocrx_word' id='word_1_855' title='bbox 2670 4816 2810 4873; x_wconf 80' lang='lat' dir='ltr'><strong>XLI.</strong></span> 
     </span>
    </p>
   </div>
   <div class='ocr_carea' id='block_1_112' title="bbox 1792 4915 3377 5014">
    <p class='ocr_par' dir='ltr' id='par_1_112' title="bbox 1792 4915 3377 5014">
     <span class='ocr_line' id='line_1_112' title="bbox 1792 4915 3377 5014; baseline -0.021 -14"><span class='ocrx_word' id='word_1_856' title='bbox 1792 4940 2043 5014; x_wconf 81' lang='lat' dir='ltr'><strong>Apparuit</strong></span> <span class='ocrx_word' id='word_1_857' title='bbox 2087 4948 2252 4993; x_wconf 87' lang='lat' dir='ltr'><strong>autem</strong></span> <span class='ocrx_word' id='word_1_858' title='bbox 2299 4934 2433 4988; x_wconf 84' lang='lat' dir='ltr'><strong>Deus</strong></span> <span class='ocrx_word' id='word_1_859' title='bbox 2488 4930 2703 4984; x_wconf 78' lang='lat' dir='ltr'><strong>Abrahaz</strong></span> <span class='ocrx_word' id='word_1_860' title='bbox 2736 4925 2875 4997; x_wconf 86' lang='lat' dir='ltr'><strong>apud</strong></span> <span class='ocrx_word' id='word_1_861' title='bbox 2914 4936 3151 4991; x_wconf 81' lang='lat' dir='ltr'><strong>quercum</strong></span> <span class='ocrx_word' id='word_1_862' title='bbox 3209 4915 3377 5014; x_wconf 58' lang='lat' dir='ltr'><strong>llam.</strong></span> 
     </span>
    </p>
   </div>
   <div class='ocr_carea' id='block_1_113' title="bbox 1864 5005 3381 5100">
    <p class='ocr_par' dir='ltr' id='par_1_113' title="bbox 1864 5005 3381 5100">
     <span class='ocr_line' id='line_1_113' title="bbox 1864 5005 3381 5100; baseline -0.019 -12"><span class='ocrx_word' id='word_1_863' title='bbox 1864 5005 1949 5088; x_wconf 60' lang='lat' dir='ltr'><strong>ore</strong></span> <span class='ocrx_word' id='word_1_864' title='bbox 1972 5075 1986 5100; x_wconf 93' lang='lat'><strong>,</strong></span> <span class='ocrx_word' id='word_1_865' title='bbox 2013 5031 2215 5087; x_wconf 80' lang='lat' dir='ltr'><strong>sedente</strong></span> <span class='ocrx_word' id='word_1_866' title='bbox 2248 5028 2357 5099; x_wconf 89' lang='lat' dir='ltr'><strong>ipso</strong></span> <span class='ocrx_word' id='word_1_867' title='bbox 2382 5025 2449 5079; x_wconf 89' lang='lat' dir='ltr'><strong>ad</strong></span> <span class='ocrx_word' id='word_1_868' title='bbox 2477 5025 2687 5096; x_wconf 77' lang='lat' dir='ltr'><strong>ianuam</strong></span> <span class='ocrx_word' id='word_1_869' title='bbox 2718 5013 3029 5072; x_wconf 86' lang='lat' dir='ltr'><strong>tabernaculi</strong></span> <span class='ocrx_word' id='word_1_870' title='bbox 3067 5009 3147 5065; x_wconf 88' lang='lat' dir='ltr'><strong>sui</strong></span> <span class='ocrx_word' id='word_1_871' title='bbox 3171 5005 3381 5089; x_wconf 73' lang='lat' dir='ltr'><strong>meridie</strong></span> 
     </span>
    </p>
   </div>
   <div class='ocr_carea' id='block_1_114' title="bbox 1868 5118 2277 5198">
    <p class='ocr_par' dir='ltr' id='par_1_114' title="bbox 1868 5118 2277 5198">
     <span class='ocr_line' id='line_1_114' title="bbox 1868 5118 2277 5198; baseline -0.024 -15"><span class='ocrx_word' id='word_1_872' title='bbox 1868 5125 2036 5198; x_wconf 80' lang='lat' dir='ltr'><strong>(Gen.</strong></span> <span class='ocrx_word' id='word_1_873' title='bbox 2066 5123 2154 5180; x_wconf 74' lang='lat' dir='ltr'><strong>is.</strong></span> <span class='ocrx_word' id='word_1_874' title='bbox 2189 5118 2277 5191; x_wconf 84' lang='lat' dir='ltr'><strong>l).</strong></span> 
     </span>
    </p>
   </div>
   <div class='ocr_carea' id='block_1_115' title="bbox 1869 5209 3383 5295">
    <p class='ocr_par' dir='ltr' id='par_1_115' title="bbox 1869 5209 3383 5295">
     <span class='ocr_line' id='line_1_115' title="bbox 1869 5209 3383 5295; baseline -0.019 -1"><span class='ocrx_word' id='word_1_875' title='bbox 1869 5240 1921 5295; x_wconf 78' lang='lat' dir='ltr'><strong>l.</strong></span> <span class='ocrx_word' id='word_1_876' title='bbox 1948 5230 2365 5293; x_wconf 88' lang='lat' dir='ltr'><strong>Cunctabundus</strong></span> <span class='ocrx_word' id='word_1_877' title='bbox 2402 5227 2582 5291; x_wconf 91' lang='lat' dir='ltr'><strong>hodie,</strong></span> <span class='ocrx_word' id='word_1_878' title='bbox 2611 5238 2711 5280; x_wconf 89' lang='lat' dir='ltr'><strong>nec</strong></span> <span class='ocrx_word' id='word_1_879' title='bbox 2739 5219 3027 5277; x_wconf 90' lang='lat' dir='ltr'><strong>admodum</strong></span> <span class='ocrx_word' id='word_1_880' title='bbox 3076 5214 3268 5270; x_wconf 90' lang='lat' dir='ltr'><strong>alacris</strong></span> <span class='ocrx_word' id='word_1_881' title='bbox 3314 5209 3383 5267; x_wconf 88' lang='lat' dir='ltr'><strong>ad</strong></span> 
     </span>
    </p>
   </div>
   <div class='ocr_carea' id='block_1_116' title="bbox 1796 5304 3386 5387">
    <p class='ocr_par' dir='ltr' id='par_1_116' title="bbox 1796 5304 3386 5387">
     <span class='ocr_line' id='line_1_116' title="bbox 1796 5304 3386 5387; baseline -0.018 0"><span class='ocrx_word' id='word_1_882' title='bbox 1796 5327 2093 5387; x_wconf 91' lang='lat' dir='ltr'><strong>docendum</strong></span> <span class='ocrx_word' id='word_1_883' title='bbox 2128 5320 2598 5387; x_wconf 88' lang='lat' dir='ltr'><strong>enarrandumque</strong></span> <span class='ocrx_word' id='word_1_884' title='bbox 2639 5312 2856 5369; x_wconf 88' lang='lat' dir='ltr'><strong>accedo.</strong></span> <span class='ocrx_word' id='word_1_885' title='bbox 2891 5308 3025 5365; x_wconf 89' lang='lat' dir='ltr'><strong>Nam</strong></span> <span class='ocrx_word' id='word_1_886' title='bbox 3052 5304 3175 5361; x_wconf 86' lang='lat' dir='ltr'><strong>cum</strong></span> <span class='ocrx_word' id='word_1_887' title='bbox 3206 5311 3386 5358; x_wconf 85' lang='lat' dir='ltr'><strong>mente</strong></span> 
     </span>
    </p>
   </div>
   <div class='ocr_carea' id='block_1_117' title="bbox 1798 5396 3385 5493">
    <p class='ocr_par' dir='ltr' id='par_1_117' title="bbox 1798 5396 3385 5493">
     <span class='ocr_line' id='line_1_117' title="bbox 1798 5396 3385 5493; baseline -0.02 -13"><span class='ocrx_word' id='word_1_888' title='bbox 1798 5429 2010 5493; x_wconf 88' lang='lat' dir='ltr'><strong>reputo,</strong></span> <span class='ocrx_word' id='word_1_889' title='bbox 2030 5418 2182 5473; x_wconf 90' lang='lat' dir='ltr'><strong>nobis</strong></span> <span class='ocrx_word' id='word_1_890' title='bbox 2197 5413 2434 5486; x_wconf 89' lang='lat' dir='ltr'><strong>quotidie</strong></span> <span class='ocrx_word' id='word_1_891' title='bbox 2452 5404 2913 5468; x_wconf 87' lang='lat' dir='ltr'><strong>concionantibus,</strong></span> <span class='ocrx_word' id='word_1_892' title='bbox 2949 5396 3385 5457; x_wconf 72' lang='lat' dir='ltr'><strong>admonentibus;</strong></span> 
     </span>
    </p>
   </div>
   <div class='ocr_carea' id='block_1_118' title="bbox 1798 5486 3391 5582">
    <p class='ocr_par' dir='ltr' id='par_1_118' title="bbox 1798 5486 3391 5582">
     <span class='ocr_line' id='line_1_118' title="bbox 1798 5486 3391 5582; baseline -0.021 -10"><span class='ocrx_word' id='word_1_893' title='bbox 1798 5486 2154 5582; x_wconf 40' lang='lat' dir='ltr'><strong>et&#39;Spirituale</strong></span> <span class='ocrx_word' id='word_1_894' title='bbox 2181 5507 2286 5562; x_wconf 91' lang='lat' dir='ltr'><strong>hoc</strong></span> <span class='ocrx_word' id='word_1_895' title='bbox 2313 5501 2464 5559; x_wconf 90' lang='lat' dir='ltr'><strong>vobis</strong></span> <span class='ocrx_word' id='word_1_896' title='bbox 2491 5498 2793 5556; x_wconf 91' lang='lat' dir='ltr'><strong>convivium</strong></span> <span class='ocrx_word' id='word_1_897' title='bbox 2816 5489 3224 5565; x_wconf 87' lang='lat' dir='ltr'><strong>apponentibus,</strong></span> <span class='ocrx_word' id='word_1_898' title='bbox 3253 5486 3391 5542; x_wconf 81' lang='lat' dir='ltr'><strong>mul-</strong></span> 
     </span>
    </p>
   </div>
   <div class='ocr_carea' id='block_1_119' title="bbox 1802 5578 3388 5671">
    <p class='ocr_par' dir='ltr' id='par_1_119' title="bbox 1802 5578 3388 5671">
     <span class='ocr_line' id='line_1_119' title="bbox 1802 5578 3388 5671; baseline -0.02 -8"><span class='ocrx_word' id='word_1_899' title='bbox 1802 5619 1885 5664; x_wconf 93' lang='lat' dir='ltr'><strong>tos</strong></span> <span class='ocrx_word' id='word_1_900' title='bbox 1912 5578 2001 5660; x_wconf 65' lang='lat' dir='ltr'><strong>ex</strong></span> <span class='ocrx_word' id='word_1_901' title='bbox 2041 5603 2125 5658; x_wconf 91' lang='lat' dir='ltr'><strong>his</strong></span> <span class='ocrx_word' id='word_1_902' title='bbox 2152 5599 2283 5671; x_wconf 92' lang='lat' dir='ltr'><strong>ipsis</strong></span> <span class='ocrx_word' id='word_1_903' title='bbox 2333 5596 2423 5668; x_wconf 88' lang='lat' dir='ltr'><strong>qui</strong></span> <span class='ocrx_word' id='word_1_904' title='bbox 2449 5592 2667 5661; x_wconf 90' lang='lat' dir='ltr'><strong>adsunt,</strong></span> <span class='ocrx_word' id='word_1_905' title='bbox 2707 5599 2762 5647; x_wconf 92' lang='lat' dir='ltr'><strong>et</strong></span> <span class='ocrx_word' id='word_1_906' title='bbox 2790 5585 3080 5660; x_wconf 89' lang='lat' dir='ltr'><strong>spiritualis</strong></span> <span class='ocrx_word' id='word_1_907' title='bbox 3107 5582 3266 5651; x_wconf 85' lang='lat' dir='ltr'><strong>hujus</strong></span> <span class='ocrx_word' id='word_1_908' title='bbox 3290 5578 3388 5671; x_wconf 85' lang='lat' dir='ltr'><strong>do-</strong></span> 
     </span>
    </p>
   </div>
   <div class='ocr_carea' id='block_1_120' title="bbox 1804 5668 3386 5770">
    <p class='ocr_par' dir='ltr' id='par_1_120' title="bbox 1804 5668 3386 5770">
     <span class='ocr_line' id='line_1_120' title="bbox 1804 5668 3386 5770; baseline -0.021 -10"><span class='ocrx_word' id='word_1_909' title='bbox 1804 5700 2015 5770; x_wconf 67' lang='lat' dir='ltr'><strong>ctrinae,</strong></span> <span class='ocrx_word' id='word_1_910' title='bbox 2040 5713 2102 5755; x_wconf 91' lang='lat' dir='ltr'><strong>ac</strong></span> <span class='ocrx_word' id='word_1_911' title='bbox 2124 5668 2421 5763; x_wconf 72' lang='lat' dir='ltr'><strong>tremendae</strong></span> <span class='ocrx_word' id='word_1_912' title='bbox 2447 5684 2803 5757; x_wconf 85' lang='lat' dir='ltr'><strong>terribilisque</strong></span> <span class='ocrx_word' id='word_1_913' title='bbox 2832 5694 3034 5740; x_wconf 77' lang='lat' dir='ltr'><strong>mensa:</strong></span> <span class='ocrx_word' id='word_1_914' title='bbox 3071 5685 3197 5736; x_wconf 87' lang='lat' dir='ltr'><strong>sunt</strong></span> <span class='ocrx_word' id='word_1_915' title='bbox 3218 5668 3386 5745; x_wconf 82' lang='lat' dir='ltr'><strong>parti-</strong></span> 
     </span>
    </p>
   </div>
  </div>
