3792 6262
330 273 440 332 376

328 387 499 457 cipcs,
539 392 680 440 totos
703 382 818 438 dies
849 382 900 436 in
927 379 1226 450 Spectandis
1255 378 1390 432 ludis
1429 377 1766 446 equestribus
1795 390 1914 444 per-

332 479 495 541 dt-rc,
550 485 605 533 et
657 474 876 544 perinde
923 483 1082 542 atque
1137 471 1182 523 si
1241 485 1346 524 non
1389 469 1738 530 doceremus,
1789 464 1920 520 nihil

332 569 614 637 prolicere,
639 567 732 620 sed
769 565 919 635 quasi
947 557 1317 618 consuetudini
1353 561 1581 628 cuipiam
1603 559 1918 624 servientes,

333 659 378 713 si
424 669 625 713 tantum
664 665 864 711 annuat
890 656 967 710 eis
997 654 1263 718 diabolus,
1305 667 1399 706 sua
1428 662 1618 721 Sponte
1644 665 1923 705 accurrere

333 751 402 805 ad
431 751 590 821 impia
620 750 707 805 illa
753 748 1079 818 Spectacula,
1111 756 1162 801 et
1204 747 1410 815 seipsos
1455 745 1682 800 libenter
1708 744 1921 814 maligni

333 841 594 895 dzemonis
633 840 926 910 illaqueare
955 838 1179 904 retibus,
1207 847 1262 891 et
1287 850 1458 906 neque
1480 845 1714 889 nostram
1742 835 1927 888 admo-

334 933 616 998 nitionem,
671 945 843 1000 neque
892 929 1186 1000 periculum
1231 929 1424 996 ipsum,
1475 940 1647 996 neque
1682 924 1923 978 inutilem

335 1025 504 1092 ipsam
528 1021 1007 1092 frequentationem
1035 1020 1295 1075 doctrinae
1322 1020 1441 1073 loco
1470 1019 1550 1074 eis
1571 1032 1692 1072 esse
1715 1031 1874 1087 posse
1909 1034 1923 1073 :

333 1130 444 1184 quo
473 1129 602 1184 ergo
626 1113 850 1184 posthac
874 1113 1053 1166 animo
1097 1111 1391 1165 doctrinam
1446 1108 1744 1177 impertiam
1797 1107 1927 1160 viris

339 1224 411 1262 ex
434 1207 591 1262 dictis
611 1207 808 1260 nostris
846 1205 973 1259 nihil
1001 1205 1132 1259 lucri
1165 1203 1339 1257 facere
1362 1201 1738 1272 cupientibus?
1768 1201 1834 1255 Et
1861 1216 1927 1256 ne

340 1298 572 1353 mireris.
599 1297 873 1368 Siquidem
903 1305 957 1350 et
982 1294 1233 1365 agricola,
1258 1307 1379 1350 cum
1408 1302 1528 1361 post
1553 1291 1749 1347 multos
1776 1292 1929 1346 labo-

338 1399 428 1445 res
454 1398 507 1443 et
527 1403 794 1443 :erumnas
820 1388 1059 1443 sterilem
1093 1386 1238 1440 videt
1263 1400 1468 1456 agrum,
1517 1400 1689 1454 neque
1714 1383 1928 1454 dignam

340 1483 611 1538 laboribus
638 1480 940 1537 mercedem
987 1479 1323 1544 reddentem,
1370 1477 1586 1547 segnior
1620 1478 1685 1533 ad
1726 1478 1931 1547 jacien-

339 1576 468 1628 dunt
497 1589 700 1638 semen,
731 1589 837 1627 non
859 1572 969 1642 pari
999 1572 1274 1628 alacritate
1297 1571 1674 1641 agriculturam
1692 1580 1928 1626 exeruit.

345 1667 405 1720 Et
425 1665 662 1720 medicus
683 1665 868 1720 videns
889 1663 1156 1719 inﬁrmum
1177 1663 1289 1718 suis
1306 1663 1570 1717 mandatis
1593 1678 1702 1718 non
1727 1663 1935 1718 obtent-

344 1774 553 1828 perare,
597 1757 690 1812 sed
734 1766 1009 1812 vacantem
1049 1756 1285 1825 quotidie
1312 1755 1378 1811 iis
1405 1771 1524 1826 qua:
1561 1757 1806 1811 morbum
1832 1771 1932 1811 au-

341 1860 489 1921 gent,
524 1865 892 1919 sarpenumem
922 1849 975 1902 in
1013 1864 1108 1904 sua
1133 1848 1280 1903 illum
1321 1847 1636 1918 argritudine
1661 1847 1929 1918 relinquit,

348 1953 404 2018 ut
430 1943 759 2012 experientia
791 1942 904 2011 ipsa
945 1950 1120 1995 utatur
1161 1941 1436 2010 magistra,
1477 1949 1535 1994 ut
1566 1955 1630 1995 ea
1673 1955 1795 2010 quae
1833 1941 1934 1996 sibi

345 2034 550 2102 prosint
588 2033 809 2087 ediscat.
849 2031 1106 2087 Similiter
1139 2041 1193 2087 et
1239 2032 1332 2102 qui
1381 2030 1694 2101 disciplinas
1739 2046 1936 2102 pueros

344 2126 559 2193 docent,
589 2126 832 2180 videntes
885 2126 1002 2179 illos
1058 2125 1235 2195 priora
1283 2138 1559 2194 respuere,
1606 2133 1662 2181 et
1704 2125 1938 2196 abjicere

347 2232 534 2270 eorum
563 2230 681 2284 quae
709 2225 865 2268 antea
892 2214 1069 2270 edocti
1092 2224 1217 2270 sunt
1242 2219 1572 2281 memoriam,
1606 2230 1752 2286 saepe
1777 2232 1936 2272 aver-

348 2317 534 2361 santur
553 2348 567 2371 ,
596 2307 674 2360 sic
699 2305 1072 2375 negligentiam
1103 2320 1288 2360 eorum
1314 2306 1630 2374 correcturi,
1652 2315 1707 2364 et
1724 2307 1793 2362 ad
1817 2322 1935 2363 ma-

345 2402 434 2469 jus
456 2399 687 2453 studium
722 2397 1012 2452 reducturi.

425 2492 712 2547 Saeculares
756 2492 953 2545 labores
1001 2507 1113 2544 cum
1163 2491 1510 2562 spiritualibus
1551 2504 1932 2564 comparantur.

351 2583 406 2638 Ν
410 2601 474 2637 on
495 2583 766 2653 fraudetur
786 2583 1026 2648 mercede,
1045 2585 1130 2652 qui
1148 2583 1401 2638 auditores
1425 2600 1524 2638 non
1548 2586 1721 2656 ﬂectit.
1739 2615 1812 2627 ——
1826 2586 1935 2644 Ve-

351 2685 648 2730 rumtamen
666 2675 895 2744 agricola
908 2674 1121 2745 quidem
1136 2675 1327 2730 merito
1342 2677 1556 2746 segnior
1573 2691 1718 2748 saepe
1737 2679 1934 2749 evadit,

348 2768 470 2836 quia
500 2768 642 2822 videt
660 2767 910 2821 damnum
948 2780 1104 2821 suum
1137 2767 1309 2836 majus
1341 2767 1476 2833 ﬁeri,
1521 2777 1705 2838 utpote
1728 2772 1818 2841 qui
1856 2771 1939 2828 la-

351 2858 536 2912 borem
563 2866 873 2928 etsutnptus
901 2856 1058 2923 ferat,
1081 2867 1136 2912 et
1179 2859 1439 2914 fructibus
1463 2858 1801 2918 destituatur.
1830 2863 1941 2920 Me-

276 3015 283 3023 ,
349 2953 502 3007 dicus
551 2962 862 3007 autemnon
894 2952 1159 3007 immerito
1196 2967 1397 3024 aegrum
1450 2968 1594 3024 saepe
1641 2956 1936 3028 relinquit:

349 3057 548 3113 corpus
589 3044 732 3098 enim
766 3053 848 3098 cst
875 3042 1014 3112 quod
1039 3052 1275 3110 curatur,
1308 3053 1362 3099 et
1391 3053 1609 3115 propter
1634 3046 1737 3103 hoc
1761 3048 1941 3105 dimit-

352 3135 449 3200 tit,
475 3148 532 3188 ut
560 3135 758 3189 doloris
788 3135 1024 3189 accessio
1053 3135 1106 3188 in
1133 3133 1305 3188 morbi
1327 3149 1545 3190 sensum
1571 3136 1749 3205 ducat,
1783 3149 1838 3196 et
1861 3141 1940 3197 sic

351 3226 564 3280 tandem
586 3225 904 3280 medicinam
931 3241 1034 3280 non
1064 3235 1302 3295 reSpuat.
1327 3226 1577 3296 Magister
1601 3239 1780 3286 autem
1805 3232 1937 3301 ludi,

350 3333 418 3368 c0
445 3314 585 3385 quod
613 3323 792 3370 tenera
820 3323 942 3370 sunt
968 3324 1146 3381 aeta-te,
1177 3316 1375 3371 utiliter
1400 3333 1797 3390 nonnumquam
1829 3323 1939 3392 pla-

351 3409 434 3478 gis
463 3421 656 3477 pueros
689 3408 933 3476 castigat.
991 3405 1190 3463 Verum
1231 3423 1330 3464 nos
1359 3407 1518 3464 hodie
1564 3421 1787 3467 cunctos
1817 3413 1941 3470 illos

353 3511 700 3570 superantes,
753 3500 854 3554 hoc
904 3515 1122 3570 agemus
1167 3511 1225 3556 ut
1263 3511 1544 3572 paternum
1589 3521 1714 3577 erga
1762 3507 1943 3579 lapsos

352 3607 592 3646 amorem
617 3591 968 3654 declaremus,
1001 3602 1053 3647 et
1092 3591 1400 3660 doceamus,
1434 3596 1479 3649 si
1521 3595 1573 3650 in
1625 3597 1713 3652 illa
1769 3600 1940 3671 negli-

351 3686 528 3756 gentia
557 3685 849 3740 manserint
874 3726 888 3752 ,
919 3700 1013 3740 eos
1053 3686 1173 3741 inde
1199 3688 1456 3756 majorem
1480 3689 1940 3750 condetnnationis

351 3793 566 3834 causam
616 3777 909 3832 habituros.
965 3777 1097 3832 Nam
1145 3781 1377 3850 agricola
1414 3782 1628 3851 quidem
1665 3799 1772 3839 non
1827 3787 1938 3855 pari

351 3871 627 3929 alacritate
647 3870 916 3937 seminat,
945 3871 1188 3939 cogitans
1217 3881 1461 3941 sumptus
1486 3873 1746 3930 hactenus
1776 3876 1942 3935 fuisse

351 3965 568 4026 inutiles
597 3982 614 4022 :
639 3977 738 4019 nos
760 3975 939 4020 autem
971 3964 1039 4018 ab
1069 3963 1169 4020 hac
1212 3979 1338 4020 cura
1366 3965 1517 4020 liberi
1567 3982 1770 4023 sumus.
1805 3969 1940 4026 Nam

356 4058 479 4116 licet
512 4055 658 4125 jacto
684 4056 944 4126 spirituali
984 4057 1189 4112 semine
1209 4097 1224 4121 ,
1252 4057 1320 4112 ob
1349 4058 1647 4114 auditorum
1679 4062 1940 4132 ignaviam

353 4150 582 4209 fructum
608 4162 714 4202 non
739 4147 1031 4217 capiamus,
1056 4150 1291 4217 perfecta
1338 4150 1491 4205 nobis
1533 4161 1708 4208 tamen
1766 4155 1940 4212 futura

356 4254 565 4300 merces
595 4255 610 4300 :
635 4240 916 4309 pecuniam
961 4240 1102 4294 enim
1134 4240 1496 4296 concreditam
1547 4246 1897 4314 expendimus
1921 4291 1936 4317 ,

354 4342 408 4387 et
438 4332 745 4387 mandatum
783 4332 992 4387 Domini
1023 4332 1361 4403 implevimus
1394 4345 1685 4392 :caaterum
1718 4342 1940 4410 posthac

354 4422 623 4480 auditores
676 4423 936 4478 rationem
979 4423 1204 4478 reddent
1240 4424 1290 4479 ei
1332 4424 1422 4494 qui
1469 4429 1771 4483 concredita
1817 4448 1939 4487 cum

358 4532 515 4574 usura
551 4517 874 4587 repetiturus
923 4527 1026 4573 est.
1061 4517 1256 4572 Verum
1282 4516 1387 4574 hoc
1428 4534 1527 4574 nos
1557 4536 1661 4577 non
1689 4524 1944 4579 conside-

355 4624 554 4676 ramus,
581 4625 677 4665 nos
701 4618 850 4664 extra
887 4610 1138 4665 damnum
1163 4625 1303 4676 esse,
1335 4621 1389 4666 et
1415 4612 1556 4682 quod
1587 4624 1827 4670 nostrum
1858 4625 1943 4672 est

356 4703 582 4773 implere
613 4721 628 4758 :
657 4703 750 4758 sed
779 4703 1022 4758 volumus
1052 4711 1109 4758 ut
1137 4712 1191 4758 et
1229 4718 1326 4759 vos
1353 4719 1420 4760 ex
1458 4705 1806 4762 dinumeratis
1845 4723 1939 4777 pe-

352 4796 523 4850 cuniis
553 4797 777 4851 multum
820 4795 1182 4866 negotiemini,
1231 4805 1288 4851 ut
1314 4813 1381 4852 ne
1423 4797 1636 4853 obnoxii
1662 4799 1780 4855 sitis
1808 4817 1942 4872 sup-

354 4888 509 4957 plicio
544 4886 686 4956 quod
715 4887 810 4942 luit
837 4887 925 4942 ille
953 4889 1040 4957 qui
1069 4887 1323 4941 talentum
1344 4888 1660 4952 recondidit,
1688 4899 1742 4945 et
1767 4890 1939 4946 domi-

351 4981 524 5036 nicam
557 4979 834 5049 pecuniam
878 4994 982 5032 non
1007 4979 1179 5034 solum
1215 4994 1320 5034 non
1351 4979 1738 5051 multiplicavit,
1769 4983 1861 5038 sed
1887 4993 1942 5040 et

351 5072 518 5141 ipsam
563 5072 615 5125 in
645 5082 784 5126 terra
813 5070 1034 5128 defodit.
1063 5070 1219 5126 Tales
1260 5080 1404 5139 sunt,
1431 5072 1521 5141 qui
1542 5071 1797 5128 doctrina:
1821 5090 1939 5130 ser-

350 5179 536 5223 inones
584 5163 804 5218 audiunt
853 5163 1154 5236 (talentum
1203 5164 1344 5218 enim
1393 5164 1494 5218 hoc
1522 5176 1675 5220 vocat
1702 5173 1754 5221 et
1781 5181 1940 5236 pecu.

351 5255 562 5329 niam),
613 5272 783 5326 neque
824 5272 1040 5326 operam
1090 5256 1218 5310 dant
1271 5263 1328 5309 ut
1366 5255 1595 5311 fructum
1635 5257 1859 5312 all'erant
1885 5267 1939 5314 et

349 5346 578 5404 multum
641 5347 995 5417 negotientur.
1047 5345 1152 5401 Sed
1215 5345 1352 5402 forte
1404 5345 1595 5401 dixerit
1635 5348 1936 5418 quispiam,

352 5439 654 5510 parabolam
691 5439 845 5495 istam
895 5439 1214 5493 talentorum
1262 5438 1329 5494 de
1372 5439 1677 5494 doctoribus
1707 5457 1825 5496 esse
1851 5442 1935 5496 di-

351 5541 512 5588 ctam.
541 5530 597 5587 ld
626 5548 724 5602 ego
753 5546 962 5602 quoque
986 5531 1174 5587 lateor.
1208 5531 1406 5587 Verum
1433 5532 1477 5587 si
1508 5532 1792 5604 diligenter
1817 5550 1934 5590 eam

350 5625 686 5693 scrutemini,
726 5625 905 5682 scietis
942 5625 1218 5681 doctorum
1250 5625 1460 5695 quidem
1504 5627 1736 5682 cilicium
1780 5644 1931 5696 esse,

344 5719 690 5784 dinumerare
711 5718 990 5792 pecuniam
1020 5735 1033 5772 :
1063 5717 1157 5774 sed
1187 5731 1282 5774 vos
1303 5733 1408 5774 non
1437 5719 1610 5775 solum
1635 5720 1929 5791 depositam

1084 270 1140 325 S.
1179 268 1456 324 JOANNIS
1491 259 1968 322 CllllYSOSTOMI
2007 260 2324 318 ARCHIEP.
2365 263 2905 320 CONSTANTINOP.

3518 269 3624 331 375

2033 373 2345 439 custodire,
2399 374 2496 430 sed
2544 376 2706 430 etiam
2752 375 3012 446 negotiari
3073 376 3300 434 debetis.
3353 380 3510 447 Quod
3569 395 3625 437 ut

2026 464 2200 519 discas
2217 504 2234 530 ,
2266 479 2444 533 operat
2471 469 2699 536 pretium
2721 467 2884 522 fuerit
2919 483 3039 524 eam
3063 469 3116 522 in
3143 471 3376 525 medium
3403 472 3622 528 afferre.

2030 551 2410 627 Paterfamilias
2456 559 2661 611 assidam
2679 599 2693 622 ,
2745 559 2934 630 inquit,
3000 577 3205 632 peregre
3257 564 3588 633 proﬁciscens
3607 607 3622 623 .

2028 649 2216 701 vomit
2240 664 2408 702 servos
2427 666 2567 714 suos,
2598 661 2646 705 et
2665 652 2803 705 dedit
2827 653 2916 706 uni
2935 654 3138 722 quidm
3162 656 3352 710 talenta
3380 658 3622 728 quinque.

2029 737 2120 791 alii
2172 749 2342 792 autem
2380 741 2504 805 duo,
2552 743 2642 795 alii
2687 759 2802 797 vero
2843 760 3018 797 unum.
3051 745 3178 800 Post
3206 748 3424 802 multum
3454 760 3625 804 autem

2031 838 2245 898 tempus,
2290 847 2404 885 cunt
2455 833 2735 888 advenisset
2786 835 2912 905 ipse,
2951 848 3190 892 uenerunt
3234 841 3364 894 servi
3390 857 3411 895 :
3438 852 3490 895 et
3542 843 3628 897 illc

2029 920 2229 988 quidem
2258 923 2345 990 qui
2389 934 2651 992 acceperat
2688 925 2906 995 quinque
2930 928 3142 996 talenta,
3176 932 3382 986 accessit
3410 932 3586 987 dicens
3606 950 3625 987 .'

2032 1010 2265 1078 Domine,
2299 1014 2516 1085 quinque
2539 1016 2725 1070 talenta
2763 1019 3019 1073 tradidisti
3047 1021 3192 1090 mihi,
3214 1039 3325 1077 ecce
3337 1025 3443 1078 alia
3488 1025 3628 1092 quin-

2032 1120 2128 1171 que
2153 1106 2342 1158 talenta
2371 1106 2754 1176 superlucmlus
2780 1126 2894 1162 sum
2937 1110 3163 1182 (Matth.
3189 1113 3280 1170 25.
3306 1114 3395 1170 14.
3420 1116 3511 1170 15.
3538 1117 3625 1172 19.

2032 1193 2158 1260 20).
2193 1196 2378 1266 Magna
2411 1199 2550 1252 servi
2589 1199 2760 1268 gratia
2788 1209 2843 1255 et
2870 1201 3126 1270 probitas,
3172 1204 3317 1276 larga
3346 1207 3510 1261 etiam
3531 1207 3632 1262 do-

2035 1289 2163 1342 mini
2201 1289 2520 1361 benignitas.
2552 1292 2617 1349 Et
2660 1294 2788 1362 quid
2819 1295 2984 1350 dicit?
3027 1295 3193 1366 Euge,
3227 1314 3366 1353 serve
3412 1299 3547 1354 bone
3581 1309 3630 1353 et

2035 1379 2220 1447 ﬁdelis,
2251 1398 2405 1451 super
2433 1399 2596 1452 pauca
2623 1385 2768 1454 fuisti
2789 1385 2976 1454 ﬁdelis,
3009 1402 3160 1457 super
3185 1390 3342 1441 multa
3370 1400 3418 1443 te
3443 1393 3633 1444 consti-

2037 1481 2175 1525 tuam
2195 1487 2216 1527 :
2235 1474 2495 1544 ingredere
2520 1476 2571 1529 in
2597 1477 2840 1546 gaudium
2862 1479 3052 1532 domini
3077 1480 3150 1532 tui
3169 1479 3378 1549 (Matth.
3396 1481 3490 1536 25.
3511 1483 3627 1550 Ἦ).

2037 1563 2323 1631 Quoniam,
2351 1566 2542 1636 inquit,
2574 1568 2626 1622 in
2650 1568 2720 1622 iis
2741 1583 2861 1637 quae
2899 1569 2992 1625 tibi
3017 1570 3217 1626 credita
3239 1581 3385 1639 sunt,
3415 1584 3632 1642 gratum

2041 1672 2152 1726 prae
2181 1667 2234 1712 te
2259 1659 2426 1714 tulisti
2451 1661 2713 1726 animum,
2737 1661 2928 1731 dignus
2970 1677 3032 1718 es
3071 1664 3158 1716 cui
3198 1673 3254 1717 et
3284 1665 3488 1734 majora
3518 1675 3631 1719 tra-

2038 1746 2252 1800 dantur.
2293 1747 2513 1806 Accessit
2540 1761 2707 1804 autem
2747 1761 2793 1805 et
2839 1753 2925 1822 qui
2977 1752 3080 1806 duo
3113 1752 3302 1806 talenta
3334 1767 3627 1825 acceperat,

2039 1838 2210 1894 dicens
2239 1859 2258 1895 :
2286 1839 2474 1897 Nonne
2505 1842 2609 1896 duo
2637 1843 2828 1897 talenta
2853 1845 2979 1896 milii
3009 1845 3305 1899 tradidisti?
3350 1845 3488 1901 Ecce
3529 1851 3634 1902 alia

2042 1931 2143 1986 duo
2173 1933 2396 1987 lucratus
2435 1952 2550 1990 sum
2589 1937 2796 2007 insuper
2825 1937 2845 2007 (
2862 1936 2890 1990 l
2897 1938 3001 1991 bid.
3034 1955 3083 1992 υ.
3109 1937 3239 2009 22).
3264 1939 3448 2008 Magna
3476 1942 3636 2011 hujus

2041 2040 2254 2096 quoque
2275 2027 2417 2082 circa
2447 2030 2696 2098 pecunias
2720 2029 2922 2090 domini
2957 2031 3038 2086 sui
3058 2046 3185 2087 cura
3207 2041 3263 2088 et
3289 2033 3634 2099 sollicitudo;

2045 2118 2186 2174 unde
2209 2127 2264 2174 et
2289 2119 2478 2176 eadem
2505 2136 2624 2192 qua
2648 2123 2892 2192 superior
2937 2124 3160 2180 meritus
3209 2136 3313 2179 est.
3357 2126 3427 2181 Et
3467 2143 3638 2196 quare

2044 2210 2134 2266 ille
2153 2211 2242 2281 qui
2265 2211 2370 2267 duo
2389 2214 2564 2268 attulit
2585 2214 2802 2282 talenta,
2825 2215 3071 2272 eumdem
3093 2220 3438 2287 consequitur
3459 2220 3638 2275 hono-

2045 2317 2182 2367 rem,
2209 2317 2368 2372 queat
2402 2304 2488 2359 ille
2501 2305 2592 2374 qui
2617 2306 2808 2361 talenta
2831 2307 3065 2376 quinque
3086 2309 3375 2364 attulerat?
3403 2311 3596 2366 Merito
3620 2333 3636 2370 :

2046 2396 2404 2451 accretionem
2437 2397 2583 2451 enim
2613 2406 2669 2452 et
2716 2397 3138 2454 imminutionem
3188 2415 3297 2454 non
3339 2402 3425 2456 vel
3477 2404 3639 2472 hujus

2047 2487 2349 2558 diligentia,
2378 2488 2459 2542 vel
2484 2485 2624 2544 illius
2659 2490 2980 2559 negligentia
3002 2491 3150 2555 fecit,
3183 2493 3276 2547 sed
3301 2495 3638 2550 concredita-

2046 2597 2165 2636 rum
2191 2581 2400 2636 modus.
2427 2581 2560 2636 Nam
2587 2583 2728 2652 quod
2756 2584 2823 2637 ad
2875 2583 3201 2652 diligentiam
3227 2589 3437 2654 attinet,
3477 2590 3639 2642 ambo

2045 2687 2201 2744 pares
2224 2673 2474 2741 luerunt;
2520 2674 2744 2745 proinde
2784 2683 2839 2732 et
2885 2676 3124 2732 eamdem
3150 2682 3640 2737 remunerationem

2046 2765 2185 2820 nacti
2220 2773 2362 2820 sunt.

2107 2856 2163 2911 2.
2191 2856 2386 2912 Verum
2411 2856 2550 2913 alius
2585 2857 2675 2912 ille
2717 2858 2846 2913 nihil
2904 2859 3008 2914 tale
3063 2859 3260 2915 fecerat
3289 2861 3422 2917 :sed
3470 2865 3639 2933 quid?

2044 2949 2305 3012 Accessit,
2332 2949 2515 3004 dicens
2543 2967 2558 3004 :
2582 2950 2802 3021 Cognovi
2837 2960 2904 3019 te,
2931 2951 3067 3022 quod
3107 2962 3338 3008 austeras
3367 2955 3520 3010 homo
3546 2959 3635 3024 sis,

2047 3052 2234 3096 metens
2255 3042 2341 3096 ubi
2369 3059 2471 3095 non
2505 3043 2781 3109 seminasti,
2812 3053 2858 3097 et
2878 3060 3187 3115 congregans
3208 3047 3290 3099 ubi
3316 3065 3416 3102 non
3436 3052 3640 3119 sparsi-

2046 3135 2162 3189 sti:
2191 3145 2237 3188 et
2290 3143 2513 3189 metuens
2557 3136 2657 3188 abii
2702 3144 2749 3188 et
2797 3136 3046 3190 occultavi
3091 3139 3330 3191 talentum
3373 3140 3425 3193 in
3479 3152 3638 3195 terra.

2047 3225 2180 3281 Ecce
2206 3227 2359 3281 habes
2385 3227 2515 3296 quod
2554 3235 2697 3279 tuum
2737 3235 2808 3280 est
2837 3225 3011 3298 (Ibid.
3042 3243 3090 3280 υ.
3134 3228 3224 3284 24.
3255 3230 3385 3297 25).
3414 3230 3457 3285 Ο
3487 3234 3642 3286 mali-

2048 3319 2175 3371 tiam
2220 3316 2434 3371 famuli!
2481 3332 2515 3370 ο
2553 3331 2815 3372 summam
2865 3318 3287 3386 improbitatem!
3314 3338 3419 3376 non
3459 3323 3640 3378 solum

2047 3409 2181 3465 nihil
2233 3409 2534 3479 negotiatus
2580 3419 2663 3463 est
2707 3425 2776 3464 ex
2815 3411 3012 3464 talento
3041 3411 3143 3466 sibi
3186 3412 3412 3478 credito,
3442 3415 3540 3469 sed
3584 3426 3644 3471 et

2047 3515 2144 3570 pro
2169 3501 2370 3555 talento
2412 3501 2805 3555 accusationem
2835 3502 3029 3556 attulit.
3063 3501 3135 3556 ita
3178 3503 3320 3557 enim
3348 3505 3490 3560 solet
3518 3521 3641 3559 ma-

2049 3593 2192 3658 litia;
2224 3591 2540 3647 obtenebrat
2581 3592 2840 3646 rationem
2872 3601 2926 3647 et
2965 3608 3086 3647 eum
3116 3594 3205 3662 qui
3233 3596 3399 3650 semel
3427 3611 3457 3650 a
3493 3608 3640 3652 recta

2045 3683 2130 3737 via
2159 3692 2243 3738 est
2292 3696 2532 3748 aversus,
2590 3683 2642 3736 in
2688 3684 2976 3752 praecipitia
3019 3685 3252 3754 conjicit.
3298 3684 3422 3742 Haec
3455 3698 3640 3744 autem

2046 3775 2224 3830 omnia
2251 3773 2319 3829 de
2344 3773 2612 3844 magistris
2631 3773 2773 3829 dicta
2802 3783 2946 3841 sunt,
2987 3785 3042 3828 ιιι
3069 3776 3259 3830 talenta
3287 3777 3389 3831 sibi
3409 3793 3638 3834 concrc-

2046 3869 2155 3923 dita
2182 3883 2289 3922 non
2315 3867 2665 3933 abscondant,
2694 3867 2786 3922 sed
2817 3867 2960 3922 omni
2996 3868 3260 3937 diligentia
3288 3867 3500 3924 discere
3541 3887 3638 3925 ους

2049 3959 2315 4030 pientibus
2361 3965 2653 4028 apponant.
2695 3957 2891 4012 Verum
2927 3957 3179 4026 deinceps
3204 3959 3328 4013 audi
3355 4001 3370 4022 ,
3400 3960 3596 4015 dilecte
3619 4003 3638 4028 ,

2047 4067 2113 4106 ex
2144 4050 2509 4121 indignatione
2529 4063 2653 4119 erga
2676 4049 2848 4115 illum,
2875 4048 3143 4118 quomodo
3172 4050 3332 4103 etiam
3360 4051 3640 4107 auditores

2046 4143 2125 4199 rei
2154 4143 2404 4208 evadant,
2436 4153 2491 4197 et
2518 4156 2626 4197 non
2671 4141 2842 4196 solum
2882 4141 2974 4196 illa
3025 4152 3331 4210 repetantur
3356 4159 3478 4212 quae
3504 4159 3640 4198 con-

2046 4237 2248 4294 credita
2274 4246 2418 4302 sunt,
2450 4238 2547 4292 sed
2573 4244 2765 4291 etcum
2795 4249 2955 4290 usura
2982 4237 3312 4291 exactionem
3343 4238 3636 4304 patiantur.

2046 4329 2182 4398 Quid
2216 4330 2377 4400 igitur
2426 4328 2555 4384 dicit
2603 4328 2680 4382 illi
2725 4328 3007 4382 dominus?
3035 4328 3191 4382 Serve
3210 4344 3423 4397 nequam
3452 4328 3636 4397 (Ibid.

2046 4438 2095 4475 ν.
2125 4420 2256 4492 26).
2301 4420 2583 4476 Terribilis
2613 4420 2926 4490 indignatio,
2978 4428 3034 4474 et
3080 4419 3240 4474 mina:
3270 4421 3513 4475 valentes
3542 4437 3639 4490 per

2047 4531 2105 4570 se
2132 4514 2425 4584 percellere
2474 4513 2731 4567 animum.
2783 4513 3010 4577 Sciebas,
3038 4513 3224 4581 inquit,
3269 4513 3405 4582 quod
3449 4526 3641 4566 metant

2049 4607 2131 4661 ubi
2182 4623 2285 4660 non
2326 4605 2588 4668 seminaui,
2640 4613 2687 4657 et
2738 4621 3034 4674 congregem
3086 4605 3170 4657 ubi
3223 4621 3322 4657 non
3367 4606 3585 4673 dispersi
3619 4622 3641 4660 :

2048 4699 2308 4770 oportebat
2348 4698 2503 4769 igitur
2540 4704 2586 4749 te
2632 4697 2898 4766 pecuniam
2941 4712 3102 4749 meam
3138 4696 3454 4749 dinumerare
3493 4714 3637 4749 uten-

2046 4791 2229 4855 sariis,
2273 4800 2320 4844 et
2370 4806 2461 4861 ego
2494 4805 2610 4843 cum
2657 4789 2922 4856 venissem,
2973 4804 3086 4841 cum
3111 4791 3302 4858 fanore
3327 4789 3638 4857 repetiisscm

2046 4884 2209 4938 illam.
2236 4883 2521 4938 Pecuniam
2552 4882 2934 4950 vocateIOquia
2964 4881 3212 4950 pretiosa,
3245 4881 3638 4937 nummularius

2046 4987 2224 5031 autem
2267 4991 2362 5031 vos
2411 4977 2501 5046 qui
2532 4976 2822 5046 suscipitis.
2855 4975 3026 5030 Tuum
3059 4975 3270 5044 quidem
3298 4975 3490 5043 fuerat,
3524 4979 3635 5044 ait,

2048 5079 2252 5125 tantum
2281 5069 2642 5136 dinumerare,
2696 5085 2872 5124 meum
2902 5079 3080 5124 autem
3103 5080 3342 5138 repetere
3391 5069 3456 5123 ab
3493 5071 3597 5125 illis
3618 5111 3634 5135 ,

2047 5176 2153 5216 non
2207 5161 2380 5216 solum
2424 5160 2782 5229 dinumerata,
2823 5160 2918 5216 sed
2943 5171 2995 5215 et
3034 5175 3266 5214 usuram.
3296 5159 3522 5228 Videtis,
3555 5162 3644 5215 di-

2047 5256 2190 5319 lecti,
2219 5265 2449 5323 quantus
2480 5256 2533 5309 in
2555 5255 2712 5309 dictis
2743 5264 2935 5309 terror.
2968 5254 3106 5322 Quid
3137 5269 3262 5325 ergo
3297 5254 3500 5322 dicent,
3546 5257 3633 5324 qui

2045 5348 2350 5403 concredita
2386 5363 2604 5402 servare
2642 5347 2935 5418 negligunt,
2962 5347 3172 5417 quando
3192 5348 3350 5403 etiam
3377 5362 3538 5404 usura
3566 5350 3635 5403 ab

2044 5442 2124 5497 eis
2169 5443 2457 5511 requiritur
2477 5441 2499 5494 ?

2120 5532 2290 5588 Usura
2323 5550 2413 5586 cur
2441 5533 2714 5603 prohibita.
2757 5562 2816 5574 -—
2843 5532 2912 5588 Et
2948 5533 3069 5586 vide
3113 5531 3497 5588 humanitatem
3533 5535 3632 5590 Do-

2043 5626 2194 5682 mini.
2226 5625 2282 5679 ln
2312 5625 2394 5679 his
2414 5624 2760 5680 sensibilibus
2803 5625 3044 5696 pecuniis
3081 5623 3350 5695 prohibuit
3403 5641 3469 5680 ne
3514 5628 3630 5697 quis

2048 5733 2260 5774 usuram
2291 5717 2574 5787 acciperet.
2615 5718 2810 5784 Quare,
2847 5727 2901 5773 et
2925 5717 2996 5774 ob
3035 5731 3194 5788 quam
3221 5719 3626 5785 causatniQuta
