3792 6256
197 279 312 339 375

198 397 345 467 κτῆς
380 404 475 449 και
517 393 757 466 φοϐερᾶς
794 389 1106 464 τραπέζης,
1156 390 1248 444 ἐπὶ
1284 390 1384 453 τὰς
1423 389 1785 463 ἱπποδρομίας

198 475 611 548 διημερεύουσι.
642 476 740 530 καὶ
768 475 919 528 οὐδὲν
936 474 1118 537 αὑτοῖς
1144 473 1305 527 πλέον
1327 473 1435 527 ἀπὸ
1460 474 1560 543 τῆς
1589 473 1787 545 ἡμετέ-

203 577 309 632 ρας
342 560 634 630 γεγένηται
664 558 922 629 σπουδῆς,
956 556 1094 611 ἀλλά
1122 556 1375 629 καθάπερ
1403 556 1659 628 συνηθείᾳ
1681 555 1788 610 τινὶ

203 643 363 716 [ιιι]
383 642 762 710 δουλεύοντες,
796 642 1020 697 ἐπειδάν
1057 641 1222 714 νεύσῃ
1262 642 1420 713 μόνον
1442 642 1474 695 6
1505 641 1784 705 διάϐολος,

198 727 505 799 αὐτόματοι
525 727 844 781 σπεύδουσιν
857 726 951 780 ἐπὶ
967 726 1039 781 τὰ
1052 725 1346 796 παράνομα
1362 726 1545 779 ἐκεῖνα
1561 725 1786 795 θέατρα,

200 810 303 864 καὶ
337 809 567 873 ἑαυτοὺς
618 810 838 873 ἑκόντες
880 811 994 872 τοῖς
1021 808 1256 871 δικτύοις
1296 807 1657 861 ὑποϐάλλουσι
1691 807 1788 863 τοῦ

200 893 448 965 πονηροῦ
473 894 747 965 δαίμονος,
771 893 865 947 καὶ
890 892 1014 946 οὔτε
1039 892 1284 964 ἡμετέρα
1308 891 1579 952 νουθεσία,
1606 889 1728 944 οὔτε
1751 893 1785 961 ἡ

202 978 375 1047 πεῖρα
404 977 564 1047 αὑτὴ,
596 977 692 1029 καὶ
726 977 789 1029 τὸ
813 976 1072 1049 ἀνόνητον
1106 976 1206 1046 τῆς
1236 977 1354 1029 ἐκεῖ
1376 974 1677 1046 διατριϐῆς,
1713 974 1790 1028 δι-

201 1059 505 1122 δασκαλίας
531 1060 717 1123 αὑτοῖς
745 1059 1003 1123 ὑπόθεσις
1030 1060 1221 1127 γέγονε
1241 1073 1257 1090 ο
1282 1059 1412 1130 ποίᾳ
1438 1057 1623 1111 λοιπὸν
1652 1074 1787 1128 προ-

204 1144 382 1214 θυμία
429 1143 492 1195 τά
537 1142 638 1212 τῆς
687 1142 1033 1206 διδασκαλίας
1072 1143 1363 1213 ποιήσαιμι
1410 1140 1548 1213 πρὸς
1592 1140 1788 1212 ἄνδρας

201 1228 363 1282 οὐδὲν
397 1226 698 1299 κερδαίνειν
726 1226 1079 1297 βουλομένους
1114 1228 1178 1280 ἐκ
1211 1228 1318 1280 τῶν
1354 1226 1484 1297 παρ’
1516 1224 1672 1295 ἡμῶν
1710 1221 1789 1274 λε-

206 1311 488 1381 γομένωνς
534 1310 644 1363 Καὶ
699 1308 775 1379 μὴ
827 1308 1132 1380 θαυμάσῃς.
1189 1308 1341 1362 Ἐπεὶ
1394 1310 1489 1361 καὶ
1522 1308 1787 1379 γηπόνος,

205 1394 431 1447 ἐπειδὰν
479 1394 564 1465 ἴδῃ
613 1393 750 1462 μετά
780 1393 975 1455 πόνους
1016 1391 1243 1453 πολλοὺς
1279 1391 1375 1444 καὶ
1420 1390 1790 1460 ταλαιπωρίας

206 1478 404 1545 ἄγονον
433 1476 726 1546 γινομένην
753 1475 853 1547 τὴν
884 1476 1008 1545 γῆν,
1045 1476 1139 1529 καὶ
1164 1476 1263 1529 οὑκ
1294 1474 1453 1541 ἀξίαν
1476 1473 1583 1526 τῶν
1612 1473 1789 1524 πόνων

204 1559 308 1630 τὴν
337 1558 570 1629 ἀμοιϐὴν
597 1559 999 1630 παρεχομένην,
1022 1559 1381 1629 ὀκνηρότερος
1412 1558 1623 1625 γίνεται
1662 1554 1791 1625 περὶ

204 1644 310 1714 τὴν
340 1642 450 1694 τῶν
479 1643 811 1713 σπερμάτων
834 1642 1157 1712 καταϐολὴν,
1185 1642 1281 1695 καὶ
1302 1642 1403 1695 οὑκ
1423 1641 1502 1693 ἔτι
1526 1638 1664 1709 μετὰ
1689 1637 1789 1706 τῆς

206 1726 382 1796 αὐτῆς
439 1725 746 1797 προθυμίας
805 1725 907 1795 τῆς
952 1729 1223 1796 γεωργίας
1268 1724 1627 1778 καθάπτεται.
1680 1719 1790 1775 Kal

211 1808 396 1879 ἰατρὸς
437 1808 493 1861 δὲ
522 1808 740 1861 ἐπειδὰν
779 1809 863 1881 ἴδῃ
903 1809 997 1861 τὸν
1042 1809 1325 1880 ἄρρωστον
1367 1807 1442 1879 μὴ
1469 1807 1790 1877 πειθόμενον

206 1890 378 1944 αὑτοῦ
404 1892 517 1952 τοῖς
546 1891 937 1961 ἐπιτάγμασιν,
968 1892 1104 1945 ἀλλὰ
1130 1892 1229 1963 τὴν
1261 1892 1416 1946 νόσον
1449 1890 1634 1956 αὔξειν
1666 1889 1790 1944 καθ’

206 1976 450 2043 ἑκάστην
471 1973 874 2044 ἐπιτηδεύοντα,
908 1976 1168 2038 πολλάκις
1190 1975 1411 2045 ἀφίησιν
1436 1976 1793 2046 ἐναπομεῖναι

205 2063 274 2130 τῇ
315 2059 477 2129 νόσῳ,
507 2059 597 2111 ἴνα
625 2058 817 2129 αὑτὴή
843 2060 1007 2130 πεῖρα
1036 2059 1355 2122 διδάσκαλος
1391 2059 1539 2129 αὑτῷ
1566 2060 1791 2129 γένηται

205 2143 321 2195 τῶν
350 2141 757 2214 συμφερόντων.
786 2142 897 2196 Kal
923 2141 1063 2197 οἰτά
1094 2143 1395 2215 μαθήματα
1424 2143 1482 2197 δὲ
1513 2145 1640 2207 τοὺς
1667 2146 1793 2197 παῖ-

204 2229 309 2291 δας
344 2226 789 2289 ἐκπαιδεύοντες,
822 2227 1040 2281 ἐπειδὰν
1094 2227 1245 2281 ἴδωσι
1290 2228 1359 2282 τὰ
1391 2227 1634 2299 πρότερα
1658 2229 1793 2281 ἀπο-

208 2312 505 2375 πτύοντας,
525 2311 619 2364 καὶ
643 2311 740 2382 τὴν
764 2312 984 2381 μνήμην
1004 2310 1113 2365 τῶν
1136 2310 1236 2382 ἤδη
1265 2311 1528 2365 δοθέντων
1556 2311 1795 2365 ἀποϐάλ-

206 2396 422 2458 λοντας,
450 2394 707 2457 πολλάκις
735 2392 1165 2464 ἀποστρέφονται
1190 2394 1288 2465 τὴν
1312 2407 1338 2435 ι
1362 2395 1634 2466 ρᾳθυμίαν
1651 2395 1795 2466 διορ-

207 2478 464 2549 θούμενοι
488 2519 502 2541 ,
535 2478 632 2531 καὶ
686 2477 821 2547 πρὸς
854 2476 1088 2549 σπουδὴν
1134 2478 1355 2533 πλείονα
1405 2479 1789 2547 ἐπανάγοντες.

225 2562 364 2616 Ἀλλ’
386 2562 415 2614 6
448 2563 545 2632 μὲν
572 2562 809 2632 γηπόνος
828 2562 1051 2626 εἰκότως
1067 2563 1424 2635 ὀκνηρότερος
1444 2564 1652 2631 γίνεται
1668 2562 1793 2617 πολ-

203 2648 391 2710 λάκις,
422 2644 612 2717 ἐπειδὴ
637 2641 775 2699 οἶδεν
807 2646 888 2699 ὃτι
915 2646 984 2699 τὰ
1008 2650 1107 2717 τῆς
1136 2646 1338 2717 ζημίας
1360 2647 1506 2718 αὐτῷ
1534 2648 1795 2701 ἐπιτείνε-

206 2749 324 2795 ται,
354 2734 487 2786 ὅταν
509 2731 602 2785 τὸν
639 2731 737 2800 μὲν
769 2732 931 2785 πόνον
964 2734 1058 2785 καὶ
1103 2733 1203 2805 τὴν
1233 2734 1477 2804 δαπάνην
1511 2732 1754 2804 ὑπομένῃ
1774 2774 1789 2797 ,

207 2818 325 2871 τῶν
363 2818 421 2871 δὲ
469 2815 698 2887 καρπῶν
737 2818 1127 2889 άποστερῆται.
1176 2816 1279 2870 Καὶ
1328 2819 1357 2870 6
1388 2817 1571 2888 ἰατρὸς
1609 2818 1665 2870 δέ
1693 2817 1794 2870 οὑκ

209 2900 520 2963 ἀπεικότως
542 2898 860 2952 καταλείπει
881 2901 1139 2964 πολλάκις
1168 2900 1259 2954 τὸν
1292 2900 1604 2972 ἄρρωστον*
1636 2902 1793 2971 σῶμα

209 2985 327 3056 γάρ
368 2986 486 3037 ἐστι
512 2983 573 3037 τὸ
618 2983 1069 3054 θεραπευόμενον,
1101 2984 1195 3039 καὶ
1240 2984 1327 3037 διά
1358 2984 1516 3036 τοῦτο
1544 2984 1791 3054 ἀφίησιν,

210 3069 303 3121 ἴνα
330 3068 365 3137 ἡ
393 3067 496 3137 τῆς
526 3064 718 3136 ὀδύνης
747 3068 997 3131 ἐπίτασις
1024 3068 1415 3140 παρασκευάσῃ
1441 3068 1519 3130 εἰς
1541 3067 1793 3139 αἴσθησιν

207 3151 314 3221 τῆς
335 3150 491 3202 νόσου
522 3148 694 3202 ἐλθεῖν
718 3150 811 3202 καλ⁸
832 3149 975 3202 οὑτω
995 3150 1094 3219 τὴν
1116 3150 1354 3221 ἰατρείαν
1375 3150 1790 3216 καταδέξασθαι.

209 3233 327 3289 Kal
349 3234 379 3285 6
408 3231 519 3285 τῶν
566 3231 771 3284 παίδων
805 3232 1120 3295 διδάσκαλος
1143 3232 1228 3286 διά
1254 3233 1313 3286 τὸ
1344 3233 1531 3296 ἀτελὲς
1559 3234 1655 3303 τῆς
1674 3234 1793 3304 ἡλι-

210 3314 339 3378 κίας
371 3314 755 3385 συμφερόντως
785 3314 1048 3378 πολλάκις
1073 3315 1173 3378 τάς
1201 3315 1414 3384 πληγὰς
1444 3318 1793 3370 ἐπανατείνε-

208 3417 301 3453 ται
324 3400 438 3461 τοῖς
464 3398 673 3451 παισίν.
699 3397 838 3451 Ἀλλ’
856 3398 1016 3468 ἡμεῖς
1043 3400 1283 3471 σήμερον
1298 3400 1521 3464 τούτους
1547 3401 1794 3466 ἅπαντας

211 3482 715 3553 ὑπερϐαλλόμενοι,
770 3482 1299 3552 παρασκευαζόμεθα
1340 3484 1611 3556 πατρικὴν
1654 3485 1797 3555 φιλο-

213 3568 477 3638 στοργίαν
523 3566 649 3638 περὶ
688 3566 813 3628 τοὺς
860 3566 1184 3629 ἐπταικότας
1240 3567 1643 3631 ἐπιδείξασθαι,
1698 3570 1795 3623 καὶ

208 3649 425 3716 διδάξαι
448 3650 644 3711 αὐτοὺς
666 3649 769 3710 ὅτι,
792 3650 840 3701 εἰ
869 3649 1178 3718 ἐπιμένοιεν
1202 3650 1260 3701 ἐν
1281 3653 1347 3719 τῇ
1368 3651 1503 3721 αὐτῇ
1530 3651 1792 3722 ῥαθυμίᾳ,

210 3733 376 3786 τοῦτο
422 3731 555 3785 αὑτὸ
606 3728 850 3800 μείζονος
898 3732 1079 3795 αὐτοῖς
1133 3734 1506 3804 κατακρίσεως
1541 3733 1797 3797 ὑπόθεσις

211 3817 391 3871 ἔσται.
431 3815 489 3868 Ὀ
518 3816 615 3886 μὲν
646 3815 754 3886 γὰρ
792 3815 1028 3887 γηπόνος
1068 3816 1127 3869 οὑ
1167 3816 1303 3887 μετὰ
1332 3816 1430 3887 τῆς
1462 3818 1632 3888 αὑτῆς
1664 3836 1797 3890 προ-

212 3899 417 3967 θυμίας
436 3897 764 3952 καταϐάλλει
784 3897 853 3951 τά
874 3898 1183 3971 σπέρματα,
1212 3899 1310 3970 τὴν
1332 3900 1576 3971 δαπάνην
1600 3902 1796 3954 ἐννοῶν

212 3982 341 4052 εἰκῆ
376 3982 470 4035 καὶ
504 3982 679 4053 μάτην
729 3982 828 4053 ῆδη
871 3982 1271 4053 γεγενημένην⁶
1315 3986 1474 4054 ἡμεῖς
1504 3986 1559 4038 δὲ
1592 3985 1796 4055 ταύτης

212 4065 617 4137 ἀπηλλάγμεθα
657 4064 758 4135 τῆς
800 4065 1057 4132 ἀγωνίας.
1099 4066 1221 4119 Κᾶν
1249 4068 1359 4138 γὰρ
1399 4069 1797 4133 καταϐαλόντες

212 4152 310 4205 τὸν
339 4152 541 4222 σπόρον
560 4149 748 4204 τοῦτον
766 4148 859 4202 τὸν
884 4150 1270 4221 πνευματικὸν,
1292 4152 1380 4207 διά
1404 4155 1504 4225 τὴν
1525 4154 1796 4226 ρᾳθυμίαν

211 4234 328 4289 τῶν
357 4234 661 4288 ἀκουόντων
677 4232 769 4286 τὸν
798 4232 1008 4303 καρπὸν
1038 4234 1112 4305 μὴ
1136 4235 1438 4305 δεχώμεθα,
1460 4239 1594 4307 ἡμῖν
1619 4238 1799 4310 ἀπηρ-

211 4316 474 4387 τισμένος
510 4316 539 4369 ὁ
563 4316 752 4387 μισθὸς
780 4316 963 4368 ἔσται·
995 4316 1053 4369 τὸ
1090 4316 1199 4387 γάρ
1236 4320 1596 4389 ἐμηστευθέν
1629 4321 1800 4393 ἀργύ-

216 4417 337 4472 ριον
361 4399 756 4470 κατεϐάλομεν,
783 4399 877 4452 καί⁸
906 4399 1271 4470 τδέπιταχθέν
1298 4402 1450 4472 παρὰ
1470 4403 1564 4457 τοῦ
1597 4404 1799 4457 Δεσπό-

212 4500 313 4537 του
356 4484 436 4545 είς
483 4482 643 4554 ἔργον
675 4482 983 4553 ὴγάγομεν·
1031 4483 1215 4537 λοιπὸν
1263 4487 1376 4548 τοῖς
1430 4486 1721 4558 ἀκηκοὸσιν
1769 4489 1797 4541 6

213 4566 377 4634 λόγος
422 4565 560 4637 πρὸς
593 4566 797 4619 ἐκεῖνόν
830 4568 945 4619 ἐστι
987 4567 1078 4620 τὸν
1134 4567 1394 4638 μέλλοντα
1442 4570 1580 4640 μετά
1624 4572 1799 4625 τόκων

213 4651 472 4704 ἀπαιτεῖν
490 4650 559 4704 τὰ
585 4649 1013 4721 καταϐληθέντα.
1041 4650 1181 4703 Ἀλλ’
1207 4651 1268 4704 οὑ
1288 4651 1445 4706 τοῦτο
1468 4653 1796 4725 σκοποῦμεν,

213 4734 301 4786 ὄτι
334 4733 496 4803 ἡμεῖς
530 4732 684 4796 ἐκτός
711 4734 876 4803 ἐσμεν
902 4734 999 4804 τῆς
1024 4734 1248 4805 ζημίας,
1274 4736 1447 4790 καὶτὸ
1476 4737 1683 4791 ἑαυτῶν
1704 4755 1799 4792 πε-

213 4815 613 4886 πληρῶκαμεν,
649 4815 783 4869 ἀλλά
823 4816 1121 4888 βουλόμεθα
1151 4819 1246 4873 καὶ
1277 4821 1421 4891 ὑμᾶς
1463 4821 1663 4892 πολλὴν
1689 4824 1798 4878 τῶν

213 4897 675 4969 καταϐληθέντων
694 4900 796 4968 τὴν
827 4902 1210 4971 πραγματείαν
1230 4906 1579 4976 ποιήσασθαι,
1611 4906 1699 4961 ἵνα
1723 4906 1797 4980 μὴ

210 4984 285 5053 τῇ
315 4982 558 5051 τιμωρίᾳ
593 4980 775 5055 ἐκείνη
806 4981 1096 5038 ὑπεύθυνοι
1132 4985 1383 5059 γένησθε,
1413 4989 1480 5061 ῆν
1507 4990 1799 5061 ὑπέμεινεν

213 5066 429 5127 ἐκεῖνος
450 5065 480 5117 6
517 5064 578 5117 τὸ
604 5064 864 5120 τάλαντον
888 5066 1239 5136 καταχώσαςί,
1273 5072 1365 5124 καὶ
1398 5072 1459 5126 τὸ
1485 5072 1800 5129 δεσποτικὸν

214 5145 485 5217 ἀργύριον
507 5147 571 5199 οὑ
603 5147 764 5217 μόνον
790 5148 850 5200 οὑ
876 5148 1339 5217 πολυπλασιάσας,
1365 5153 1515 5226 [412]
1539 5155 1675 5209 ἀλλά
1708 5160 1799 5211 καὶ

216 5227 547 5299 κατορύξας.
576 5229 815 5284 Τοιοῦτοί
839 5232 975 5285 εἰσιν
990 5234 1038 5285 οἱ
1061 5234 1151 5287 τὸν
1164 5235 1319 5306 λόγον
1338 5237 1436 5307 τῆς
1454 5237 1798 5303 διδασκαλίας

212 5313 499 5384 δεχόμενοι
528 5313 810 5383 (τάλαντον
841 5316 948 5386 γάρ
987 5318 1081 5371 κα)⁸
1108 5319 1369 5393 ἀργύριον
1400 5321 1558 5375 τοῦτο
1583 5324 1796 5394 καλεῖ),

213 5396 314 5449 καὶ
345 5396 405 5448 οὺ
437 5396 828 5461 σπουδάζοντες
855 5401 1294 5472 καρποφορῆσαι,
1329 5406 1425 5458 καὶ
1467 5405 1666 5477 πολλὴν
1699 5409 1799 5480 τὴν

213 5481 602 5565 πραγματείαν
623 5483 966 5565 ποιήσασθαι.
999 5486 1137 5539 Ἀλλ’
1162 5488 1289 5552 ἴσως
1312 5491 1454 5543 εἴποι
1477 5508 1560 5553 τις
1585 5490 1671 5557 ἂν,
1700 5493 1799 5565 τὴν

215 5564 535 5633 παραϐολὴν
565 5564 769 5634 ταύτην
802 5568 902 5638 τὴν
930 5567 1037 5621 τῶν
1076 5570 1355 5625 ταλάντων
1401 5574 1527 5645 περὶ
1570 5574 1678 5627 τῶν
1716 5574 1797 5628 δι-

213 5646 503 5701 δασκάλων
543 5648 815 5719 εἰρῆσθαι.
875 5650 1049 5719 Κάγὼ
1083 5653 1241 5706 τοῦτό
1288 5672 1451 5726 φημι.
1518 5657 1661 5711 Ἀλλ’
1702 5659 1797 5712 ἐάν

212 5732 535 5803 ἐπέλθωμεν
568 5734 740 5805 αὑτὴν
773 5734 1015 5806 ἀκριϐῶς
1037 5775 1051 5799 ,
1078 5738 1285 5792 εἴσεσθε
1323 5740 1404 5794 ὅτι
1434 5740 1484 5793 οἰ
1517 5742 1617 5813 μὲν
1653 5743 1798 5801 διδά-

287 5829 313 5854 ι
344 5815 498 5866 Sam.
520 5820 578 5866 el
595 5820 699 5867 "es
717 5830 833 5868 mss.
858 5818 1084 5877 πολλάκις
1102 5822 1429 5885 ἐπιστρέφουσι
1446 5825 1546 5882 τήν.

1224 272 1296 330 ΙΝ
1330 274 1487 331 CAP.
1529 271 1695 330 XVIII
1732 270 1979 330 GENES.
2022 230 2255 334 ηοκιι..
2288 278 2427 335 XLI.

1896 388 2083 445 σκαλοι
2108 392 2211 462 τῆς
2240 391 2552 462 καταϐολῆς
2587 391 2748 462 μόνον
2777 392 3065 449 ὑπεύθυνοι
3087 395 3465 466 τυγχάνουσιν.

1895 472 2055 543 ὑμεῖς
2084 475 2142 530 δέ
2164 477 2227 530 οὑ
2262 477 2419 547 μόνον
2446 478 2547 548 τῆς
2567 477 2813 548 φυλακῆς
2853 479 2962 533 τῶν
2985 479 3431 550 καταϐληθέντων
3448 522 3466 547 ,

1891 557 2030 612 ἀλλὰ
2054 560 2267 631 καὶτῆς
2285 561 2690 633 πραγματείας.
2712 562 2824 617 Kal
2845 562 2929 617 ῖνα
2954 562 3152 636 μάθῃς,
3176 564 3470 633 ἀναγκαῖον

1893 640 2064 712 αὑτὴν
2099 643 2180 707 εἰς
2209 643 2371 713 μέσον
2400 646 2648 713 ἀγαγεῖν.
2667 645 3108 715 Οικοδεσπότης
3132 664 3257 713 τις,
3281 650 3470 720 φησὶν,
3512 640 3517 643 ’

1894 724 2218 793 ἀποδημῶν
2244 726 2498 783 ἐκάλεσε
2523 728 2663 795 τοὺς
2685 729 2873 795 ἰδίους
2902 728 3180 795 δούλους,
3209 728 3309 783 καί
3330 726 3472 784 ἔδω·
3512 794 3517 801 ,

1894 825 2005 861 κεν
2037 801 2085 874 ᾧ
2108 809 2227 878 μὲν
2262 810 2441 865 πέντε
2476 812 2773 879 τάλαντα,
2810 810 2856 876 ᾧ
2893 810 2961 864 δὲ
3007 813 3116 866 δύο
3137 854 3154 880 ,
3191 806 3239 879 ᾧ
3276 813 3345 867 δὲ
3377 813 3467 869 ἓν.

1892 894 2057 946 Μετὰ
2086 888 2152 946 δὲ
2178 896 2401 963 χρόνον
2447 895 2931 966 παραγενομένου
2967 896 3153 951 αὐτοῦ
3191 896 3384 966 ἦλθον
3415 900 3471 951 οἱ
3508 970 3511 973 η

1895 974 2101 1029 δοῦλοι
2120 992 2135 1009 ’
2157 978 2251 1029 καί
2272 980 2305 1031 ό
2344 978 2416 1031 τὰ
2445 978 2625 1031 πέντε
2655 977 2918 1031 τάλαντα
2943 978 3145 1033 λαϐὼν
3163 976 3475 1049 προσῆλθε

1895 1057 2121 1127 λέγων’
2162 1060 2360 1127 Κύριε,
2410 1060 2589 1114 πέντε
2636 1060 2902 1114 τάλαντά
2944 1079 3045 1132 μοι
3089 1060 3337 1127 ἔδωκας,
3380 1060 3472 1113 ἴδε
3508 1054 3511 1057 λ

1895 1144 2055 1197 ἄλλα
2083 1134 2261 1199 πέντε
2293 1145 2556 1200 τάλαντα
2586 1146 2881 1215 ἐκέρδησα
2907 1148 2999 1199 ἐπ’
3032 1147 3254 1214 αὐτοῖς.
3295 1147 3473 1219 Πολλὴ

1896 1225 1989 1280 τοῦ
2022 1229 2231 1281 οἰκέτου
2276 1231 2309 1301 ἠ
2360 1230 2744 1300 εὐγνωμοσύνη
2774 1270 2790 1294 ,
2835 1229 3056 1302 δαψιλὴς
3084 1232 3118 1301 ή
3157 1232 3252 1283 τοῦ
3278 1232 3471 1284 δεσπό-

1895 1328 1989 1363 του
2022 1311 2423 1382 φιλανθρωπία.
2462 1312 2666 1383 Τί’γάρ
2700 1328 2893 1382 φησιν;
2930 1308 3041 1373 Εὖ,
3072 1312 3255 1367 δοῦλε
3291 1311 3478 1381 ἀγαθὲ

1896 1396 1993 1448 καὶ
2028 1395 2205 1448 πιστέ
2230 1411 2246 1427 ·
2286 1396 2385 1448 ἐπὶ
2428 1396 2601 1463 ὀλίγα
2632 1391 2708 1464 ἦς
2742 1396 2977 1461 πιστὸς,
3003 1396 3100 1449 ἐπὶ
3130 1396 3375 1449 πολλῶν
3399 1413 3478 1448 σε
3508 1402 3513 1403 ⁷

1897 1478 2286 1547 καταστήσω·
2326 1480 2565 1532 εἴσελθε
2605 1480 2693 1544 είς
2728 1476 2844 1545 τὴν
2892 1480 3085 1547 χαρὰν
3112 1478 3221 1532 τοῦ
3262 1479 3476 1546 κυρίου
3510 1490 3511 1493 ‘

1898 1576 2034 1613 σου.
2078 1560 2314 1631 Ἐπειδὴ,
2346 1563 2517 1630 φησὶ,
2548 1561 2745 1633 πολλὴν
2771 1561 2978 1626 ἔδειξας
3010 1562 3069 1614 ἐν
3099 1564 3213 1625 τοῖς
3250 1562 3350 1632 ὴδη
3379 1577 3475 1614 πι-

1900 1642 2171 1696 στευθεῖσι
2207 1643 2308 1715 τὴν
2352 1645 2805 1717 εὐγνωμοσύνην,
2845 1644 2992 1709 άξιος
3039 1639 3090 1697 εῐ
3121 1645 3216 1698 καὶ
3254 1640 3477 1698 πλείονα

1897 1726 2327 1798 ἐγχειρισθῆναι.
2360 1727 2676 1796 Προσῆλθε
2697 1728 2766 1781 δὲ
2800 1725 2898 1780 καί
2920 1730 2953 1782 ό
2985 1726 3057 1780 τὰ
3075 1726 3183 1781 δύο
3210 1725 3476 1780 τάλαντα

1896 1809 2179 1879 εἰληφὼς,
2204 1810 2400 1880 λέγων
2418 1826 2432 1839 ·
2452 1811 2601 1879 Οὐχί
2639 1811 2749 1865 δύο
2774 1810 3042 1865 τάλαντά
3064 1828 3167 1880 μοι
3210 1810 3473 1879 παρέδω-

1898 1908 2009 1958 κας
2029 1907 2047 1956 ;
2069 1893 2191 1947 Ἴδε
2216 1892 2378 1947 ἄλλα
2402 1893 2511 1947 δύο
2532 1894 2797 1948 τάλαντα
2815 1894 3113 1962 ἐκέρδησα
3131 1893 3223 1947 ἐπ’
3244 1892 3471 1959 αὐτοῖς.

1899 1976 2075 2047 Πολλὴ
2104 1976 2198 2029 καὶ
2221 1976 2412 2030 τούτου
2441 1978 2475 2047 ἡ
2504 1977 2634 2048 περὶ
2670 1976 2741 2029 τά
2768 1976 3062 2031 δεσποτικά
3095 1978 3352 2047 χρήματα
3380 1976 3474 2030 εὖ-

1897 2076 2037 2123 νοια,
2073 2059 2153 2112 διὸ
2182 2059 2277 2113 καὶ
2308 2059 2420 2111 τῶν
2453 2059 2632 2112 αὐτῶν
2665 2056 2911 2123 ἀξιοῦται
2940 2060 3021 2130 τῷ
3062 2048 3332 2132 προτέρῳ.
3364 2060 3475 2113 Kal

1897 2142 2043 2206 τίνος
2095 2142 2281 2195 ἐνεκεν
2325 2141 2419 2195 δύο
2459 2140 2839 2213 προσενεγκὼν
2886 2143 3125 2198 τάλαντα
3166 2143 3265 2213 τῆς
3302 2142 3503 2211 αὐτῆς

1899 2226 2093 2297 ἐκείνῳ
2136 2224 2217 2296 τῷ
2250 2224 2319 2279 τά
2350 2225 2511 2279 πέντε
2553 2226 2953 2296 προσαγαγόντι
2987 2226 3231 2294 ἀξιοῦται
3272 2229 3474 2298 τιμῆς;

1901 2310 2141 2374 Εἰκότως
2158 2326 2174 2344 ·
2195 2309 2286 2362 τὸν
2317 2310 2413 2380 μέν
2437 2308 2544 2380 γὰρ
2568 2309 2906 2380 πλεονασμὸν
2940 2310 3035 2363 καὶ
3060 2310 3156 2381 τὴν
3182 2311 3475 2365 ἐλάττωσιν

1899 2394 1997 2462 οὑχ
2029 2395 2064 2463 ὴ
2094 2391 2285 2446 τούτου
2314 2392 2546 2463 σπουδὴ,
2566 2392 2688 2445 οὑδὲ
2714 2394 2748 2463 ὴ
2769 2392 2976 2446 ἐκείνου
2997 2392 3238 2465 ῥᾳθυμία
3258 2392 3481 2463 πεποίη-

1902 2493 2016 2541 κεν,
2045 2475 2159 2529 ἀλλ’
2192 2477 2227 2546 ἡ
2256 2474 2364 2528 τῶν
2387 2474 2856 2544 ἐμπιστευθέντων
2899 2476 3152 2546 ποσότης.
3184 2473 3266 2529 Τά
3292 2476 3479 2546 μέντοι

1899 2559 2000 2628 τῆς
2035 2559 2272 2629 σπουδῆς
2307 2559 2397 2612 ἴσα
2423 2558 2518 2611 καὶ
2547 2556 2697 2629 παρά
2726 2556 2915 2610 τούτου
2935 2597 2951 2622 ,
2988 2558 3081 2611 καὶ
3104 2557 3234 2628 παρ’
3269 2556 3478 2610 ἐκείνου

1901 2643 2308 2711 εἰσενήνεκται’
2342 2640 2430 2694 διά
2455 2639 2613 2693 τοῦτο
2650 2641 2743 2693 καὶ
2772 2641 2871 2711 τῆς
2898 2630 3133 2713 ἀμοιϐῆς
3173 2640 3271 2712 τῆς
3308 2639 3480 2712 αὑτῆς

1902 2725 2249 2795 ἀπήλαυσαν.

1972 2896 2039 2968 β’.
2074 2896 2213 2950 Ἀλλ’
2235 2896 2262 2949 6
2287 2896 2471 2965 ἕτερος
2501 2894 2652 2948 οὐδὲν
2686 2891 2924 2948 τοιοῦτον
2960 2892 3286 2967 διεπράξατο
3305 2912 3319 2926 ·
3343 2894 3479 2950 ἀλλὰ

1900 2981 1990 3046 τί;
2043 2979 2321 3051 Προσῆλθε
2355 2978 2562 3047 λέγων·
2598 2980 2824 3047 ’Ἐγ-νων
2865 2994 2959 3043 σε,
2998 2978 3086 3033 ὅτι
3124 2980 3392 3047 σκληρὸς
3426 2976 3486 3034 εἷ

1901 3064 2209 3132 ἄνθρωπος
2227 3101 2241 3128 ,
2270 3059 2505 3132 θερίζῑυν
2546 3061 2697 3115 ὅπου
2726 3064 2837 3117 οὐκ
2867 3062 3174 3133 ἔσπειρας,
3201 3064 3299 3117 καί
3327 3082 3479 3120 συν-

1901 3145 2061 3215 άγων
2093 3147 2232 3201 ὅθεν
2261 3148 2333 3200 οὺ
2364 3144 2831 3213 διεσκόρπισας·
2879 3147 2978 3200 καὶ
3024 3149 3326 3217 φοϐηθεὶς,
3363 3150 3479 3203 ἀπο

1900 3228 2094 3283 ελθὼν
2120 3228 2358 3297 ἔκρυψα
2394 3228 2461 3280 τὸ
2494 3226 2794 3283 τάλαντον
2822 3228 2891 3283 ἐν
2908 3228 2983 3299 τῇ
3008 3230 3107 3301 τῇ.
3145 3230 3293 3284 Ἰδοὺ
3320 3232 3482 3300 ἔχεις

1901 3312 1966 3365 τὸ
2012 3312 2147 3365 σόν.
2196 3311 2260 3363 Ὢ
2302 3310 2472 3364 κακία
2517 3310 2763 3364 οἰκέτουῐ
2808 3312 2855 3365 ὣ
2886 3315 3279 3385 ἀγνωμοσύνης
3314 3316 3481 3387 ὑπερ-

1904 3393 2034 3464 ϐολὴ
2061 3434 2075 3455 ,
2115 3394 2176 3447 οὑ
2207 3394 2364 3464 μόνον
2406 3391 2496 3446 δτι
2531 3394 2683 3447 οὐδὲν
2713 3396 3009 3466 εἰργάσατο
3038 3397 3131 3451 ἐπὶ
3170 3398 3247 3468 τῷ
3273 3398 3479 3451 δοθέντι

1903 3477 2052 3548 αὑτῷ
2080 3478 2329 3548 ταλάντῳ
2351 3517 2366 3542 ,
2404 3476 2522 3529 ἀλλ’
2550 3477 2631 3531 δτι
2676 3479 2771 3532 καὶ
2804 3481 2924 3533 ἀντὶ
2951 3480 3216 3534 ταλάντου
3248 3498 3481 3552 κατηγο-

1905 3560 2026 3631 ρίαν
2069 3559 2443 3631 προσήνεγκεί
2490 3560 2744 3614 Τοιοῦτον
2771 3562 2880 3633 γὰρ
2919 3564 2953 3633 ἠ
2996 3564 3246 3634 πονηρίαο
3301 3567 3485 3618 σκοτοῖ

1902 3644 1993 3697 τὸν
2022 3644 2299 3714 λογισμὸν,
2337 3645 2432 3698 καὶ
2469 3644 2609 3697 κατά
2643 3645 2905 3715 κρημνῶν
2931 3649 3075 3699 ποιεῖ
3098 3646 3359 3718 φέρεσθαι
3388 3649 3483 3701 τὸν

1904 3726 2049 3792 ἀπαξ
2079 3726 2176 3795 τῆς
2217 3726 2429 3788 εὐθείας
2460 3728 2803 3797 ἐκτραπέντα
2834 3727 2975 3783 ὀδοῦ.
3009 3729 3194 3782 Ταῦτα
3217 3730 3273 3783 δὲ
3305 3732 3482 3784 πάντα

1904 3810 2033 3879 περὶ⁹
2060 3808 2167 3862 τῶν
2197 3808 2538 3864 διδασκάλων
2568 3810 2807 3880 εἴρηται,
2836 3809 2974 3863 ὥστε
3011 3811 3086 3881 μὴ
3139 3812 3484 3884 ἀποκρύπτε-

1906 3892 2029 3944 σθαι
2061 3891 2130 3945 τά
2174 3891 2630 3961 ὲμπισθευθέντα,
2676 3892 2814 3945 ἀλλά
2846 3893 2983 3963 μετά
3027 3893 3209 3964 πάσης
3245 3895 3483 3963 σπουδῆς

1906 3974 2263 4046 παρατιθέναι
2305 3976 2417 4038 τοῖς
2460 3974 2941 4046 μαθητευομένοις.
2986 3976 3125 4029 Ἀλλ’
3166 3976 3330 4030 ἄκουε
3370 3978 3481 4031 λοι-

1904 4058 2028 4121 πὸν,
2058 4058 2311 4128 ἀγαπητέ
2333 4096 2349 4121 ,
2380 4059 2441 4112 ὲκ
2485 4059 2583 4128 τῆς
2625 4058 2763 4128 πρὸς
2793 4060 3000 4113 ἐκεῖνον
3030 4060 3477 4132 ἀγανακτήσεως,

1904 4143 2051 4205 ὅπως
2078 4142 2174 4195 καὶ
2208 4143 2259 4195 οἱ
2308 4142 2736 4215 μαθητευόμενοι
2771 4142 3064 4197 ὑπεύθυνοι
3090 4145 3351 4212 γίνονται,
3386 4147 3481 4199 καὶ

1905 4227 2005 4280 οὑκ
2050 4228 2233 4281 ἐκεῖνα
2294 4227 2454 4297 μόνον
2511 4227 2866 4283 ἀπαιτοῦνται
2917 4227 2989 4281 τὰ
3051 4228 3479 4300 καταϐληθέντι,

1907 4312 2042 4366 ἀλλὰ
2068 4314 2163 4366 καὶ
2185 4313 2321 4384 μετά
2337 4312 2432 4366 τοῦ
2453 4312 2613 4367 τόκου
2662 4313 2762 4382 τὴν
2792 4311 3015 4384 μέθοδον
3042 4314 3393 4385 ὑπομένουσι.
3416 4316 3481 4368 Ἰί

1905 4390 2000 4449 οὖν
2051 4406 2183 4466 φησι
2238 4396 2374 4468 πρὸς
2431 4396 2595 4450 αὑτὸν
2649 4398 2678 4450 6
2722 4395 3017 4466 δεσπότηςς
3049 4395 3201 4469 [415]
3250 4398 3485 4467 Πονηρὲ

1906 4477 2111 4532 δοῦλε.
2142 4479 2350 4550 Φοϐερά
2394 4479 2846 4551 ὴάγανάκτησις,
2884 4479 3043 4551 ἱκανὴ
3070 4481 3410 4552 καταπλῆξαι
3451 4483 3478 4551 ὴ

1907 4562 2127 4632 ἀπειλή.
2174 4563 2242 4615 El
2282 4562 2486 4632 ᾔδεις,
2550 4564 2745 4635 φησὶν,
2790 4564 2880 4618 ὅτι
2931 4564 3125 4635 θερίζω
3168 4564 3322 4619 ὅπου
3371 4567 3483 4619 οὐκ

1906 4644 2180 4716 ἔσπειρα,
2196 4647 2293 4700 καὶ
2316 4647 2559 4719 συνάγω
2580 4648 2732 4702 ὅπου
2751 4650 2821 4702 οὐ
2832 4647 3247 4718 διεσκόρπισα,
3266 4649 3385 4703 ἔδει
3409 4666 3484 4703 σε

1907 4729 2267 4783 καταϐαλεῖν
2282 4730 2347 4783 τὸ
2364 4731 2648 4801 ἀργύριόν
2670 4750 2791 4802 μου
2818 4730 2915 4785 ἐπὶ
2942 4733 3083 4797 τοὺς
3107 4729 3478 4799 τραπεζῖτας,

1907 4812 2005 4865 καὶ
2042 4812 2157 4882 ἐγὼ
2188 4812 2384 4868 ἐλθὼν
2423 4814 2575 4884 μετὰ
2618 4816 2798 4869 τόκου
2839 4814 3126 4883 ἀπῄτησα
3174 4813 3251 4868 ἂν
3293 4815 3479 4867 αὐτό·

1905 4896 2168 4969 ἀργύριον
2199 4896 2375 4967 λέγων
2420 4898 2490 4952 τὰ
2533 4896 2689 4967 λόγια
2726 4898 2794 4953 τὰ
2826 4898 3017 4969 τίμια,
3065 4896 3395 4968 τραπεζίτας
3425 4896 3482 4949 δὲ

1907 4980 2048 5051 ὑμᾶς
2082 4979 2264 5034 καλῶν
2309 4984 2434 5046 τοὺς
2461 4981 2910 5053 ὑποδεχομένους.
2940 4980 3037 5033 Σὺν
3070 4980 3170 5051 μὲν
3194 4975 3283 5051 ἦν,
3321 4980 3479 5050 φησὶ,

1906 5062 2233 5117 καταϐαλεῖν
2280 5065 2461 5136 μόνον,
2516 5064 2648 5135 ἐμὸν
2706 5065 2764 5118 δέ
2818 5059 2889 5135 ἦν
2950 5063 3011 5116 τὸ
3062 5064 3195 5132 παρ’
3256 5061 3482 5115 ἐκείνων

1904 5146 2241 5217 ἀπαιτῆσαι,
2294 5148 2369 5220 μὴ
2415 5148 2573 5220 μόνον
2617 5147 2688 5203 τά
2726 5147 3168 5219 καταϐληθέντα,
3213 5146 3347 5201 ἀλλά
3384 5147 3481 5201 καὶ

1904 5228 1995 5280 τὸν
2048 5230 2187 5302 ὑπὲρ
2233 5230 2440 5285 τούτων
2492 5232 2666 5287 τόκον.
2704 5232 2931 5303 Ὁρᾶτε,
2985 5230 3262 5301 ἀγαπητοὶ
3289 5270 3303 5294 ς
3360 5230 3480 5293 πῶς

1907 5312 2074 5377 πολὺς
2118 5316 2147 5367 6
2190 5315 2353 5385 φόϐος
2396 5316 2504 5371 τῶν
2548 5315 2872 5388 εἰρημένων.
2914 5314 2979 5369 Τί
3026 5316 3092 5369 ἂν
3136 5311 3229 5368 οὖν
3274 5315 3482 5368 εἴποιεν

1905 5396 1955 5447 οἱ
1986 5397 2082 5449 καὶ
2110 5396 2210 5466 τῆς
2240 5398 2484 5470 φυλακῆς
2512 5399 2621 5453 τῶν
2643 5398 3089 5468 καταϐληθέντων
3123 5398 3474 5469 ἀμελοῦντες,

1903 5479 2035 5533 ὅταν
2074 5482 2167 5534 καὶ
2190 5481 2281 5535 τὸν
2309 5483 2451 5555 ὑπὲρ
2482 5483 2685 5537 τούτων
2719 5483 2874 5537 τόκον
2901 5482 3295 5554 μεθοδεύωνται
3321 5498 3336 5547 ;

1977 5564 2087 5618 Kal
2130 5566 2231 5637 ὅρα
2270 5566 2680 5640 φιλανθρωπίαν
2729 5569 3020 5625 Δεσπότου.
3062 5569 3187 5622 Ἐπὶ
3232 5569 3331 5637 μὲν
3369 5568 3479 5620 τῶν

1906 5648 2205 5719 χρημάτων
2233 5651 2341 5703 τῶν
2367 5652 2638 5723 αἰσθητῶν
2664 5652 3007 5724 ἀπηγόρευσε
3038 5652 3128 5706 τὸν
3155 5652 3313 5704 τόκον
3340 5651 3479 5719 λαμ-

1907 5730 2114 5785 ϐάνειν.
2146 5733 2301 5797 Τίνος
2323 5735 2526 5799 ἕνεκεν,
2552 5737 2647 5789 καὶ
2666 5736 2755 5789 διὰ
2774 5736 2824 5790 τί
2844 5754 2859 5801 ;
2884 5738 2999 5790 ’Ότι
3021 5738 3276 5806 ἑκάτερος
3295 5735 3477 5787 αὐτῶν

1906 5813 2103 5886 πολλὴν
2142 5819 2389 5875 ἐντεῦθεν
2415 5820 2676 5891 ὑπομένει
2718 5820 2815 5892 τὴν
2841 5821 3063 5893 βλάϐην.
3096 5823 3139 5873 Τ
3140 5821 3201 5873 οὖ
3244 5820 3342 5891 μὲν
3366 5821 3478 5887 γὰρ
