3792 6274
258 291 368 353 377

257 411 294 482 ἡ
329 403 491 461 πενία
537 401 895 474 ἐπιτρίϐεται,
939 399 969 451 6
1007 398 1064 450 δέ
1114 395 1251 466 μετά
1286 392 1380 446 :06
1430 386 1771 459 πλεονασμοῦ
1819 387 1930 439 τῶν

260 475 560 568 χρημάτων
590 492 683 544 καὶ
715 485 1126 559 ἁμαρτημάτων
1150 482 1351 552 πλῆθος
1376 478 1553 547 ἐαυτῷ
1579 475 1925 547 ἐπισωρεύει.

390 579 548 635 τοῦτο
592 578 651 644 ἐξ
699 576 875 647 ἀρχῆς
920 573 1012 627 καὶ
1054 573 1119 625 ἐκ
1167 569 1468 641 προοιμίων
1521 565 1792 627 Ἰουδαίοις
1818 565 1930 625 τοῖς

263 670 567 742 παχύτερον
617 663 974 733 διακειμένοις
1013 658 1218 731 ταύτην
1262 658 1360 727 τὴν
1411 654 1628 724 ἐντολὴν
1682 649 1932 722 ἐνομοθέ-

260 737 395 830 τησε
426 737 624 823 λέγων’
671 754 791 806 Οὐκ
836 747 1125 812 ἐκτοκιεῖς
1168 745 1249 811 τῷ
1289 743 1530 812 ἀδελφῷ
1568 757 1684 796 σου
1717 741 1813 793 καὶ
1851 737 1931 803 τῷ

262 826 530 913 πλησίον
555 859 693 897 σου.
726 838 888 901 Ποίας
913 833 1015 891 οὖν
1034 836 1099 890 ἀν
1130 830 1240 887 εἶεν
1270 831 1564 899 ἀπολογίας
1590 830 1729 895 ἄξιοι
1753 828 1801 880 οί
1836 826 1931 879 καὶ

260 933 369 988 τῶν
408 929 673 985 Ἰουδαίων
707 926 975 996 ὠμότεροι
1012 922 1313 991 γινόμενοι,
1350 920 1443 973 καὶ
1475 917 1610 988 μετὰ
1647 914 1744 985 τὴν
1771 914 1931 984 χάριν

263 1020 359 1075 καὶ
401 1019 500 1087 τὴν
547 1014 816 1084 τοσαύτην
871 1010 1020 1081 παρά
1065 1008 1158 1062 τοῦ
1208 1006 1475 1060 Δεσπότου
1522 1001 1931 1072 φιλανθρωπίαν

262 1108 373 1161 τῶν
394 1107 452 1160 ἐν
482 1104 559 1175 τῷ
590 1104 739 1173 νόμῳ
785 1100 1038 1159 ἐλάττους
1077 1094 1482 1166 εὑρισκόμενοι,
1522 1090 1717 1175 μᾶλλον
1750 1088 1805 1140 δὲ
1839 1087 1932 1140 καὶ

264 1192 511 1264 χείρουςς
556 1186 681 1239 Ἐπὶ
716 1185 897 1254 μέντοι
932 1180 1040 1234 τῶν
1073 1177 1452 1249 πνευματικῶν
1495 1174 1656 1236 αὐτὸς
1683 1174 1932 1225 ἀπαιτεῖν

265 1279 605 1348 ὑπισχνεῖται
634 1274 759 1336 :06;
784 1268 1001 1333 τόκους.¹
1033 1267 1131 1320 Διά
1171 1267 1261 1330 τί.;
1315 1262 1529 1333 Ἐπειδὴ
1561 1262 1652 1313 ἀπ’
1687 1259 1932 1322 ἐναντίας

262 1370 375 1428 τοῖς
414 1364 690 1434 αἰσθητοῖς
731 1361 1006 1432 χρήμασιν
1033 1349 1187 1417 06:6;
1224 1355 1371 1405 ἐστιν
1400 1352 1426 1404 6
1451 1351 1605 1412 τόκος
1636 1351 1662 1401 ό
1692 1365 1933 1434 πνευμα-

263 1453 435 1515 τικός,
474 1432 620 1503 Ἐκεῖ
653 1449 753 1519 μέν
780 1446 887 1515 γάρ
920 1448 947 1499 6
984 1439 1324 1514 μεθοδευθείς
1358 1440 1436 1498 εἰς
1475 1436 1707 1505 ἐσχάτην
1744 1432 1933 1487 πενίαν

264 1540 459 1611 ἀθρόον
489 1537 885 1607 καταφέρεται·
922 1530 1154 1586 ἐνταῦθα
1188 1529 1243 1581 δὲ
1270 1530 1297 1581 6
1334 1524 1772 1596 μεθοδευόμενος,
1806 1522 1932 1574 ὅταν

267 1610 467 1696 πολλὴν
493 1621 912 1693 εὐγνωμοσύνην
940 1616 1419 1687 ἐπιδείξηται,ὅσῳ
1439 1612 1503 1665 ἂν
1532 1612 1751 1664 πλείονα
1778 1610 1934 1662 τόκον

268 1694 574 1783 εἰσενέγκῃ,
609 1707 846 1777 τοσούτῳ
876 1704 1271 1775 δαψιλεστέρας
1302 1696 1563 1753 ἀπολαύει
1590 1696 1688 1765 τῆς
1730 1694 1933 1748 ἀνωθεν

268 1782 533 1871 ἀμοιϐἧςς
573 1798 843 1858 Ἕκαστος
897 1793 1070 1847 τοίνυν
1123 1789 1316 1860 ὑμῶν,
1368 1786 1661 1856 ἀγαπητοὶ,
1717 1782 1935 1835 ἐπειδάν

268 1869 692 1955 καταϐάλλωμεν
717 1885 883 1954 ἡμεῖς
904 1880 971 1934 :6
1002 1876 1455 1949 ἐμπιστευθέντα,
1484 1871 1703 1926 διπλοῦν
1732 1869 1937 1940 ὀφείλει

266 1977 359 2032 τδν
382 1976 540 2030 πόνον
565 1974 663 2027 καὶ
686 1973 782 2043 τὴν
810 1970 1114 2041 ἀγρυπνίαν
1144 1966 1564 2029 ἐπιδείκνυσθαι,
1596 1964 1686 2017 τὸν
1716 1962 1814 2033 μὲν
1837 1960 1936 2029 τῆς

270 2063 516 2133 φυλακῆς
538 2060 647 2114 τῶν
676 2056 1140 2130 καταϐληθέντων,
1172 2054 1311 2107 ὥστε
1342 2054 1515 2120 πάγια
1537 2051 1707 2103 ταῦτα
1736 2048 1933 2119 μένειν·

268 2152 360 2204 τόν
392 2150 449 2203 δέ
487 2149 585 2219 τῆς
606 2147 889 2218 ἐργασίας,
922 2145 1063 2198 ὥστε
1093 2144 1186 2197 καὶ
1223 2143 1427 2212 ἑτέροις
1464 2137 1818 2209 μεταδιδόναι,
1845 2135 1939 2187 καὶ

270 2238 499 2301 πολλοὺς
532 2236 623 2289 ἐπὶ
652 2236 750 2305 τὴν
772 2232 870 2304 τῆς
892 2232 1091 2303 ἀρετῆς
1112 2230 1230 2283 ὁδὸν
1257 2228 1637 2299 χειραγωγεῖν,
1668 2224 1754 2276 ἴνα
1775 2222 1934 2292 διπλῇ

272 2326 436 2380 πάλιν
485 2325 613 2394 ὐμῖν
658 2323 719 2375 :6
767 2321 959 2392 κέρδος
995 2318 1253 2389 αὔξηται,
1294 2317 1432 2385 ὐπέρ
1476 2331 1535 2367 τε
1589 2313 1689 2382 τῆς
1735 2311 1939 2376 οἰκείας

273 2412 567 2485 σωτηρίας,
598 2411 738 2482 ὑπέρ
765 2426 825 2461 τε
858 2408 956 2477 τῆς
988 2406 1097 2459 τῶν
1136 2406 1309 2459 ἄλλων
1342 2403 1626 2471 ὡφελείας.
1679 2402 1804 2454 Ἐὰν
1832 2401 1939 2471 γάρ

270 2501 431 2556 τοῦτο
474 2500 686 2568 ποιῆτε,
729 2498 822 2551 καὶ
856 2498 1002 2566 ἡμᾶς
1037 2494 1338 2566 μακαρίους
1373 2489 1750 2562 ἀπεργάσεσθε
1791 2489 1941 2558 (Μα-

272 2588 476 2658 κὰριος
507 2586 636 2658 γάρ,
673 2584 859 2655 φησὶν,
892 2585 923 2636 ό
954 2582 1148 2650 λέγων
1174 2583 1260 2645 εἰς
1286 2575 1400 2634 ὦτα
1430 2576 1812 2644 ἀκουόντων),
1847 2575 1942 2627 καὶ

275 2675 726 2748 παρασκευάσετε
788 2670 1178 2740 δαψιλεστὲραν
1234 2669 1363 2737 ὑμῖν
1419 2664 1775 2737 παρατιθέναι
1842 2663 1941 2732 τὴν

275 2762 650 2833 πνευματικὴν
680 2759 883 2827 ταύτην
916 2757 1213 2829 τράπεζαν.
1238 2756 1328 2824 Μὴ
1354 2754 1529 2807 τοίνυν
1561 2750 1809 2821 ἀμελεῖτε
1834 2748 1942 2802 τῶν
1995 2775 1998 2779 ~

273 2850 517 2919 ἀδελφῶν
560 2848 669 2900 τῶν
702 2847 1014 2917 ὑμετέρων,
1063 2845 1197 2915 μηδὲ
1249 2842 1316 2895 :6
1350 2840 1470 2895 καθ’
1510 2838 1734 2900 ἑαυτοὺς
1783 2837 1943 2907 μόνον

277 2940 552 2994 σκοπεῖτε.
583 2935 695 2988 ἀλλ’
726 2934 956 2995 ἕκαστος
1008 2930 1351 2995 σπουδαζέτω
1393 2928 1485 2981 τὸν
1525 2926 1748 2997 πλησίον
1779 2923 1942 2994 ἐξαρ-

275 3020 469 3084 πάζειν
497 3019 594 3088 τῆς
617 3016 710 3069 τοῦ
742 3016 986 3068 διαϐόλου
1018 3016 1318 3085 φάρυγγος,
1350 3011 1445 3064 καί⁵
1474 3010 1581 3062 τῶν
1612 3007 1944 3080 παρανόμων

276 3108 498 3161 ἐκείνων
530 3103 837 3174 θεαμάτων,
879 3102 972 3154 καὶ
1000 3104 1077 3165 εἰς
1104 3102 1204 3169 τὴν
1232 3097 1525 3168 ἐκκλησίαν
1553 3094 1941 3162 ἐπαναγαγεῖν,

275 3194 580 3255 δεικνύντες
620 3189 766 3259 αὐτῷ
788 3202 813 3229 α
846 3189 983 3259 μετά
1026 3186 1227 3256 πολλῆς
1256 3186 1353 3254 τῆς
1396 3182 1693 3245 ἐπιεικείας
1726 3180 1945 3249 καὶτῆς

279 3280 604 3352 πραότητος,
633 3277 728 3330 καὶ
755 3277 852 3346 τῆς
889 3274 1067 3345 λύμης
1100 3274 1199 3343 τὴν
1231 3269 1536 3341 ὑπερϐολὴν
1582 3269 1674 3321 καὶ
1703 3267 1810 3320 τῶν
1856 3267 1945 3317 ἐν-

276 3368 450 3421 ταῦθα
492 3366 709 3434 ἀγαθῶν
754 3365 813 3417 :6
849 3362 1110 3435 μέγεθος·
1142 3360 1235 3414 καὶ
1282 3360 1355 3431 μὴ
1397 3356 1547 3430 [414]
1598 3356 1756 3426 μόνον
1798 3353 1944 3420 ἅπαξ

278 3455 373 3509 καὶ
412 3452 660 3523 δεύτερον
707 3450 865 3503 τοῦτο
921 3452 1157 3511 ποιεῖτε,
1198 3446 1331 3500 ἀλλὰ
1370 3446 1463 3520 καὶ
1506 3442 1785 3512 διηνεκῶς.
1829 3441 1945 3495 Κᾶν

277 3541 387 3611 γὰρ
415 3543 654 3611 σήμερον
685 3539 759 3610 μὴ
785 3539 1037 3607 πείθηται
1079 3539 1191 3598 τοῖς
1221 3534 1372 3606 παρά
1400 3533 1491 3587 σοῦ
1517 3532 1848 3601 λεγομένοις,
1878 3532 1943 3600 τῇ

279 3629 407 3699 ἐξῆς
441 3627 791 3699 πεισθήσεται
813 3644 825 3656 ·
851 3626 955 3679 κᾶν
991 3625 1065 3695 μὴ
1091 3627 1156 3694 τῇ
1192 3622 1339 3692 ἑξῆς,
1373 3621 1532 3675 πάλιν
1563 3618 1703 3690 ὁρῶν
1733 3635 1791 3671 σε
1823 3619 1945 3670 ἐπι-

278 3717 547 3787 κείμενον,
594 3718 722 3778 ἴσως
764 3714 1187 3784 ἐντραπὴσεται,
1240 3710 1334 3763 καί
1392 3708 1658 3770 αἰδεσθείς
1707 3723 1800 3759 σου
1847 3704 1945 3775 τὴν

278 3804 626 3875 κηδεμονίαν,
661 3802 1028 3871 ἀποστήσεται
1074 3799 1183 3851 τῶν
1230 3796 1592 3865 βλαπτόντων.
1635 3794 1751 3869 Καὶ)
1781 3793 1945 3863 μηδέ-

278 3908 409 3943 ποτε
446 3890 589 3958 λέγε,
621 3890 701 3942 ὅτι
741 3890 848 3942 Καὶ
887 3886 1049 3951 ἅπαξ,
1085 3886 1181 3939 καὶ
1208 3882 1477 3955 δεύτερον,
1512 3882 1603 3935 καὶ
1625 3880 1827 3951 τρίτον,
1854 3879 1949 3931 καὶ

279 3977 539 4039 πολλάκις
585 3973 769 4038 εἷπον,
818 3977 911 4027 καί⁵
949 3974 1101 4027 οὐδὲν
1134 3974 1327 4043 ἡνυσα.
1378 3970 1471 4040 Μὴ
1505 3968 1689 4040 παύση
1740 3968 1943 4033 λέγων’

279 4067 390 4135 ὅσῳ
419 4065 528 4135 γάρ
560 4063 626 4116 ἂν
657 4064 948 4134 ἐπιμένῃς,
989 4059 1227 4129 τοσούτῳ
1258 4075 1351 4110 σου
1384 4058 1477 4109 καὶ
1516 4057 1545 4107 ὁ
1578 4053 1764 4124 μισθὸς
1795 4052 1948 4118 αὔξε-

279 4170 390 4206 ται.
431 4152 546 4219 Οὐχ
589 4150 750 4219 ὁρᾶτε
784 4148 960 4218 πόσης
1000 4145 1345 4216 ἀπολαύομεν
1379 4142 1759 4214 μακροθυμίας
1797 4140 1946 4211 παρὰ

280 4238 373 4292 τοῦ
419 4237 526 4289 τῶν
575 4236 711 4288 ὅλων
764 4235 920 4295 Θεοῦ,
973 4235 1065 4285 καί
1121 4233 1238 4295 πῶς
1280 4231 1398 4285 καθ’
1448 4230 1682 4299 ἐκάστην
1735 4228 1948 4297 ἡμέραν

283 4322 669 4395 παρακούομεν
693 4319 857 4373 αὐτοῦ
884 4319 991 4372 τῶν
1017 4318 1470 4387 προσταγμάτων,
1488 4317 1581 4369 καὶ
1600 4315 1700 4368 οὐκ
1719 4314 1950 4383 ἀφίστα-

281 4428 372 4463 ται
403 4411 501 4479 τῆς
524 4408 649 4478 περὶ
673 4409 818 4479 ἡμᾶς
841 4406 1180 4477 κηδεμονίας,
1210 4404 1347 4457 ἀλλά
1378 4406 1471 4457 καὶ
1496 4403 1565 4456 τὰ
1595 4403 1724 4473 παρ’
1749 4399 1943 4454 ἑαυτοῦ

285 4499 465 4552 πάντα
515 4499 758 4567 χορηγεῖ,
805 4494 896 4547 τὸν
919 4494 1069 4564 ἡλιον
1113 4493 1439 4555 ἀνατέλλων,
1476 4493 1601 4555 τοὺς
1646 4491 1833 4552 65:06;
1873 4489 1949 4541 δι-

283 4589 428 4650 δούς,
471 4585 540 4638 τὰ
571 4585 703 4638 ἀλλα
748 4584 957 4647 πάντας
999 4581 1103 4635 Τὸν
1131 4582 1290 4634 αὐτὸν
1337 4579 1400 4650 δὴ
1437 4578 1634 4650 τρόπον
1664 4579 1757 4631 καὶ
1788 4579 1950 4647 ἡμεῖς

286 4675 415 4744 περί
449 4674 574 4736 τοὺς
622 4670 878 4739 ἀδελφοὺς
917 4672 1039 4733 :06;
1084 4668 1385 4739 ἡμετέρους
1420 4666 1617 4736 πολλὴν
1670 4664 1950 4735 ποιώμεθα
1986 4696 1991 4701 ι

286 4764 383 4833 τὴν
432 4762 683 4831 σπουδὴν,
718 4761 811 4813 καὶ
860 4756 1301 4827 ἁντιταττώμεθα
1473 4754 1692 4827 πονηρῷ
1736 4754 1948 4824 δαίμονι

285 4852 500 4923 ἐκείνῳ,
563 4852 650 4905 ἵνα
710 4852 885 4919 ἄκυρα
932 4847 1094 4904 αὐτοῦ
1144 4847 1382 4919 ποιῶμεν
1435 4848 1502 4899 τά
1558 4845 1947 4916 μηχανήματα.

300 4940 426 4994 Ἐάν
456 4939 563 5010 γάρ
592 4938 818 5000 ἕκαστος
846 4936 951 4990 τῶν
980 4935 1211 4989 ἐνταῦθα
1246 4935 1535 4987 συνιόντων
1566 4932 1662 4985 ἕνα
1696 4931 1952 5003 κερδᾶναι

286 5025 518 5099 δυνηθῇ,
565 5026 811 5095 ἐννόησον
850 5022 996 5088 ὅπως
1028 5026 1155 5095 ἡμῖν
1195 5024 1285 5075 καὶ
1326 5024 1358 5093 ἡ
1405 5020 1699 5091 Ἐκκλησία
1748 5019 1839 5070 ἐπὶ
1875 5016 1954 5087 τῷ

288 5115 480 5185 πλήθει
517 5114 624 5167 τῶν
663 5113 874 5166 οἰκείων
908 5112 1112 5165 τέκνων
1157 5110 1355 5180 πολλὴν
1394 5108 1601 5172 δέξεται
1631 5107 1726 5178 τὴν
1754 5107 1951 5178 εὐφρο-

287 5203 473 5269 σύνην,
507 5202 598 5253 καὶ
628 5203 655 5252 6
692 5199 935 5261 διάϐολος
964 5197 1489 5268 καταισχυνθήσεται
1533 5194 1677 5265 ὁρῶν
1708 5195 1828 5263 εἰκῆ
1860 5192 1954 5245 καὶ

289 5288 466 5358 μάτην
523 5284 685 5338 αὐτοῦ
740 5284 809 5336 τά
862 5285 1051 5337 δίκτυα
1097 5285 1386 5352 τεταμένα.
1449 5282 1575 5337 Ἐἀν
1631 5281 1740 5352 γὰρ
1796 5279 1953 5331 τοῦτο

286 5374 500 5442 ποιῆτε,
540 5371 836 5425 ἀκούσεσθε
869 5371 965 5423 καὶ
994 5372 1150 5441 ὑμεῖς
1180 5371 1319 5424 κατά
1344 5370 1442 5441 τὴν
1464 5368 1676 5439 ἡμέραν
1709 5367 1947 5434 ἐκείνην·

284 5459 394 5520 Εὖ.
430 5460 611 5513 δοῦλε
647 5459 829 5527 ἀγαθὲ
875 5457 972 5513 καί
1014 5457 1215 5521 πιστέ,
1247 5457 1348 5511 ἐπὶ
1383 5458 1557 5526 ὀλίγα
1602 5452 1677 5525 ἦς
1713 5456 1953 5516 πιστὸς,

287 5550 382 5602 ἐπὶ
419 5544 663 5601 πολλῶν
696 5562 769 5599 σε
798 5545 1179 5610 καταστήσω.

354 5634 424 5703 γ’.
442 5634 581 5687 Ἀλλ’
597 5635 677 5687 ὅτι
699 5633 795 5702 μὲν
817 5632 973 5686 τούτο
992 5634 1263 5703 ποιήσετε,
1282 5633 1485 5702 σφόδρα
1508 5624 1945 5695 πέπεισμαι’όρῶ

286 5723 395 5797 γάρ
428 5721 581 5793 ὐμῶν
621 5722 714 5773 καὶ
746 5719 812 5772 τὰ
850 5722 1133 5789 πρόσωπα,
1164 5722 1258 5781 καὶ
1285 5719 1614 5796 στογάζομαι
1636 5715 1783 5775 ὅπως
1823 5710 1941 5781 μεθ’

351 5907 375 5935 ⁸
404 5905 553 5956 Savil.
582 5914 633 5973 ει
652 5918 742 5953 sex
769 5917 879 5952 mss.
908 5903 1146 5950 δεικνύντα
1169 5901 1317 5963 αὖτῷ.

1068 283 1126 337 8.
1160 275 1444 335 JOANNIS
1470 266 1962 330 CHRYSOSTOIII
1997 264 2316 323 ARCHIEP.
2356 266 2905 328 CONSTANTINOP.

3599 262 3707 322 578

2028 382 2219 454 ἡδονῆς
2246 384 2497 449 ἐδέξασθε
2521 385 2621 457 τὴν
2648 386 2778 455 παρ’
2804 383 2961 455 ήμῶν
2988 381 3289 448 νουθεσίαν,
3308 381 3404 437 καί
3428 381 3519 437 ὂιά
3545 384 3711 438 τοῦτο

2029 472 2233 536 ἐλπίζω
2261 475 2355 526 καὶ
2382 474 2453 526 τὰ
2483 475 2614 544 παρ’
2644 473 2799 544 ὐμῶν
2828 472 3317 543 εἰσενεχθήσεσθαι.
3350 473 3441 526 Διὸ
3464 472 3570 542 τὴν
3610 473 3711 543 μὲν

2030 560 2159 629 περὶ
2186 560 2378 613 τούτου
2406 562 2725 632 παραίνεσιν
2764 559 2999 613 ἐνταῦθα
3028 561 3314 630 στήσωμεν
3333 578 3348 591 ·
3384 560 3712 630 παραθήσο-

2006 680 2009 685 ι
2035 658 2134 713 μεν
2160 641 2217 695 δέ
2243 643 2373 711 ὑμῖν
2394 642 2493 712 τὴν
2519 642 2742 713 πτωχὴν
2766 641 2926 712 ἡμῶν
2952 642 3047 694 καὶ
3074 642 3267 711 εὐτελῆ
3292 643 3605 713 τράπεζαν,
3624 643 3712 694 ἵνα

2002 724 2132 793 .τῆς
2178 723 2439 793 συνήθους
2482 723 2886 786 ἀπολαύσαντες
2923 723 3268 786 διδασκαλίας
3306 723 3483 786 οὕτως
3518 724 3710 777 οἶκαδε

2030 808 2381 877 ἐπανέλθητε.
2434 808 2751 877 Ἀναγκαῖον
2779 807 2889 879 γάρ
2917 807 3012 862 καὶ
3041 810 3277 878 σήμερον
3311 808 3402 860 τὸν
3430 809 3711 877 πατριάρ-

2030 907 2133 961 χην
2176 891 2424 962 Ἀϐραὰμ
2459 892 2539 955 εἰς
2582 890 2743 960 μέσον
2771 891 3019 958 ἀγαγεῖν,
3065 891 3150 942 ἵνα
3190 888 3395 959 μάθητε
3432 891 3557 952 οῖας
3596 891 3711 941 ἐδέ-

2032 972 2160 1037 ξατο
2193 974 2292 1043 τῆς
2322 973 2625 1043 φιλοξενίας
2655 972 2808 1043 παρά
2835 972 2928 1025 τοῦ
2949 970 3083 1025 Θεοῦ
3109 972 3206 1034 τὰς
3232 971 3489 1040 ἀμοιϐάς.
3515 971 3709 1037 Ὠερθη

2031 1060 2098 1111 δὲ
2137 1057 2316 1123 αὐτῷ,
2353 1060 2538 1127 φησὶν,
2590 1062 2621 1112 ό
2653 1058 2797 1123 Θεὸς
2827 1056 2973 1124 πρὸς
3010 1057 3083 1125 τῇ
3133 1057 3268 1124 δρυῒ
3309 1056 3385 1125 τῇ
3423 1056 3707 1126 Μαμϐρῆ,

2032 1142 2369 1210 καθημένου
2410 1139 2597 1194 αὑτοῦ
2627 1140 2722 1193 ἐπὶ
2767 1138 2878 1207 τῆς
2905 1141 3089 1207 θύρας
3114 1138 3225 1206 τῆς
3247 1138 3491 1206 σκηνῆς
3517 1141 3708 1193 αὐτοῦ

2028 1223 2420 1291 μεσημϐρίας.
2453 1223 2722 1275 Ἕκαστον
2772 1222 2879 1274 τῶν
2933 1224 3193 1292 ῥημάτων
3234 1221 3372 1292 μετὰ
3413 1221 3709 1292 ἀκριϐείας

2003 1305 2411 1375 ἐξετάσωμεν,
2469 1306 2564 1358 καὶ
2626 1304 3023 1375 ἀναπτύξωμεν
3082 1306 3175 1359 τὸν
3238 1307 3558 1377 θησαυρὸν,
3617 1308 3708 1357 καὶ

2034 1388 2252 1441 ᾶπαντα
2265 1388 2357 1440 τὸν
2374 1387 2629 1440 ἐναποκεί
2635 1404 2794 1457 μενον
2814 1387 3045 1440 πλοῦτον
3073 1389 3500 1459 καταμάθωμεν.
3511 1391 3705 1458 Ὠρθη

2032 1470 2102 1523 δὲ
2123 1468 2303 1534 αὐτῷ,
2343 1471 2529 1540 φησὶν,
2568 1474 2601 1523 d
2642 1471 2805 1535 Θεός.
2839 1471 2993 1534 Τίνος
3035 1471 3219 1524 ἕνεκεν
3261 1472 3432 1536 οὔτως
3477 1473 3705 1543 ἤρξατο,

2036 1556 2226 1621 Ὄφθη
2264 1554 2329 1605 δὲ
2355 1551 2513 1618 αὐτῷ
2534 1556 2566 1606 ὁ
2588 1553 2760 1618 Θεός;
2796 1553 2935 1623 Ὅρα
2965 1555 3237 1608 Δεσπότου
3269 1555 3705 1626 φιλανθρωπίαν,

2035 1639 2128 1690 καὶ
2171 1638 2364 1691 σκόπει
2400 1655 2490 1706 μοι
2522 1636 2731 1689 οἰκέτου
2782 1637 3220 1709 εὐγνωμοσύνην.
3250 1639 3479 1709 ,Ἐπειδὴ
3510 1641 3629 1710 γάρ
3653 1645 3707 1694 ἐν

2033 1723 2146 1783 τοῖς
2175 1718 2538 1789 προλαϐοῦσιν
2568 1719 2754 1788 ὀφθεὶς
2810 1719 2979 1789 αὐτῷ,
3016 1721 3151 1790 μετά
3190 1721 3295 1774 τῶν
3323 1723 3504 1776 ἄλλων
3531 1726 3706 1777 ἀπάν-

2034 1821 2142 1856 των
2168 1805 2260 1856 καὶ
2286 1803 2384 1874 τὴν
2404 1802 2647 1873 περὶτῆς
2664 1806 2963 1873 περιτομῆς
2988 1803 3135 1873 αὐτῷ
3156 1805 3374 1875 ἐντολὴν
3396 1805 3703 1872 διετάξατο,

2035 1887 2064 1938 ὁ
2091 1886 2147 1939 δέ
2177 1885 2487 1956 θαυμαστὸς
2514 1881 2666 1948 οὗτος
2691 1885 2779 1939 ἀεὶ⁵
2800 1885 2869 1938 :6
2898 1886 3049 1956 παρά
3073 1886 3167 1940 τοῦ
3204 1887 3338 1941 Θεοῦ
3370 1888 3707 1959 κελευόμενα

2036 1970 2116 2032 είς
2152 1968 2311 2038 ἔργον
2341 1968 2585 2022 σπεύδων
2613 1968 2787 2036 ἄγειν,
2816 1967 3019 2032 εὐθέως
3047 1969 3167 2023 οὐδὲ
3194 1970 3255 2023 :6
3282 1973 3444 2041 τυχὸν
3472 1974 3708 2026 ἀναϐαλ-

2037 2051 2260 2121 λόμενος
2291 2051 2451 2114 αὐτός
2476 2068 2536 2104 τε
2558 2052 2963 2121 περιετέμνετο,
2988 2051 3049 2104 :6
3077 2052 3221 2123 παρά
3245 2052 3337 2105 τοῦ
3364 2054 3506 2107 Θεοῦ
3534 2072 3707 2125 προσ-

2037 2134 2233 2204 ταχθὲν
2266 2133 2518 2205 πληρῶν,
2569 2134 2661 2187 καὶ
2690 2134 2780 2187 τὸν
2817 2132 3039 2203 Ἰσμαὴλ
3074 2135 3365 2205 περιέτεμε
3385 2175 3399 2198 ,
3451 2139 3552 2190 καὶ
3582 2138 3709 2200 :06;

2036 2219 2327 2285 οἰκογενεῖς
2361 2218 2639 2279 ἅπαντας,
2666 2216 2760 2269 καὶ
2806 2214 3006 2279 ἔδειξεν
3047 2216 3211 2270 αὐτοῦ
3253 2220 3353 2287 τὴν
3381 2218 3587 2290 πολλὴν
3617 2222 3711 2273 ὐπ-

2039 2300 2229 2369 ακοὴν,
2246 2300 2408 2353 πάλιν
2435 2298 2582 2369 αὐτῷ
2611 2299 2974 2369 ἐπιφαίνεται.
2990 2300 3236 2362 Τοιοῦτος
3255 2302 3364 2371 γὰρ
3387 2305 3707 2373 όΔεσπότης

2039 2384 2068 2435 6
2116 2384 2412 2452 ἡμέτερος·
2460 2382 2682 2435 ἐπειδάν
2732 2383 2842 2445 τοῖς
2888 2382 2989 2452 ήδη
3043 2382 3309 2450 φθάσασιν
3354 2386 3708 2456 εὐγνώμονας

2040 2465 2363 2535 γενομένους
2412 2466 2532 2536 ἴδῃ,
2574 2464 3011 2533 ἐπιδαψιλεύεται
3053 2467 3144 2519 καὶ
3188 2467 3439 2521 οὐδέποτε
3494 2471 3709 2522 ἵσταται

2042 2549 2141 2618 τῆς
2163 2549 2480 2618 εὐεργεσίας
2501 2586 2516 2612 ,
2560 2548 2916 2619 ἀμειϐόμενος
2940 2548 3037 2618 τὴν
3065 2549 3171 2602 τῶν
3203 2551 3589 2606 ὑπακουόντων
3620 2555 3709 2606 εὐ-

1990 2676 1993 2679 ,
2042 2629 2414 2700 γνωμοσύνην.
2466 2629 2565 2683 Διά
2616 2629 2769 2682 τοῦτο
2814 2626 2927 2694 οὖν,
2976 2631 3160 2701 ἐπειδὴ
3205 2633 3507 2703 ὑπήκουσε,
3558 2636 3707 2709 [815]

2044 2714 2197 2784 φησὶ,
2227 2714 2387 2767 πάλιν
2410 2713 2564 2783 ὤφθη
2586 2712 2752 2783 αὐτῷ.
2781 2713 2993 2783 Ταύτης
3018 2715 3194 2767 τοίνυν
3220 2716 3379 2769 ἕνεκα
3400 2718 3505 2786 τῆς
3532 2722 3711 2785 αἰτίας

2042 2797 2213 2860 οὕτως
2259 2796 2462 2866 ἡρξατο
2499 2798 2526 2849 6
2575 2796 2844 2866 μακάριος
2885 2797 3122 2865 Μωῦσῆς
3167 2796 3372 2865 λέγων·
3416 2802 3609 2869 Ὠφθη
3646 2805 3712 2856 δὲ

2043 2880 2202 2945 αὐτῷ
2250 2884 2282 2935 ό
2325 2879 2468 2945 Θεὸς
2500 2878 2650 2946 πρὸς
2690 2878 2763 2946 τῇ
2790 2879 2926 2945 δρυῒ
2952 2877 3027 2943 τῇ
3064 2878 3331 2947 Μαμϐρῆ,
3364 2886 3713 2950 καθημένου

2044 2962 2230 3017 αὑτοῦ
2278 2963 2375 3014 ἐπὶ
2419 2960 2530 3029 τῆς
2566 2963 2748 3028 θύρας
2804 2959 2913 3027 τῆς
2963 2961 3201 3029 σκηνῆς
3240 2965 3427 3018 αὐτοῦ
3473 2985 3712 3035 μεσημ-

2045 3048 2231 3115 ὄριάς.
2273 3046 2472 3099 Σκόπει
2520 3062 2610 3115 μοι
2666 3044 2898 3097 ἐνταῦθα
2942 3044 3034 3098 :06
3077 3045 3286 3098 δικαίου
3332 3049 3435 3117 τὴν
3481 3052 3710 3123 ἀρετήν.

2044 3130 2412 3199 Καθημένου,
2474 3130 2657 3198 φησὶν,
2699 3129 2797 3180 ἐπὶ
2850 3127 2960 3196 τῆς
3001 3127 3258 3195 σκηνῆς.
3314 3129 3507 3196 Οὕτως
3552 3136 3712 3206 ἔργον

2044 3216 2279 3267 ἐποιεῖτο
2302 3214 2399 3283 τὴν
2434 3211 2756 3280 φιλοξενίαν,
2786 3211 2861 3274 ὡς
2892 3212 3023 3282 μηδὲ
3052 3212 3375 3281 ἀνασχέσθαι
3409 3217 3585 3289 ἑτέρῳ
3606 3224 3713 3274 τινὶ

2043 3300 2152 3353 τῶν
2200 3298 2584 3369 προσηκόντων
2624 3296 2910 3366 ἐπιτρέψαι
2966 3295 3063 3367 τὴν
3103 3295 3302 3349 τούτων
3336 3297 3542 3370 θήραν⁸

2042 3383 2385 3454 τριακοσίους
2418 3382 2548 3433 δέκα
2582 3381 2676 3434 καὶ
2715 3379 2859 3431 ὀκτὼ
2893 3381 3182 3447 οἰκογενεῖς
3221 3380 3377 3449 έχων,
3420 3383 3710 3455 ἄνθρωπος

2046 3465 2378 3536 πρεσϐύτης,
2429 3465 2521 3517 καὶ
2550 3465 2630 3526 εἰς
2662 3462 2797 3532 βαθύ
2835 3463 3010 3532 γῆρας
3054 3460 3249 3524 ἐλάσας
3294 3464 3711 3537 (έκατονταέτης

2046 3552 2152 3620 γάρ
2185 3548 2494 3618 ἐτύγχανε),
2541 3548 2690 3617 παρὰ
2720 3547 2816 3617 τὴν
2840 3546 3009 3614 θύραν
3067 3546 3373 3608 ἐκαθέζετο.
3421 3551 3534 3602 Καὶ
3559 3547 3711 3615 οὗτος

2050 3635 2148 3703 μὲν
2179 3633 2337 3687 τοῦτο
2373 3633 2532 3703 ἔργον
2571 3633 2822 3691 ἐποιεῖτο,
2858 3630 2950 3681 καὶ
2984 3628 3102 3682 οὐδὲ
3132 3628 3193 3680 τὸ
3222 3629 3395 3699 γῆρας
3422 3633 3576 3703 αὐτῷ
3606 3636 3711 3686 κά..

2045 3718 2189 3787 λυμα
2237 3717 2474 3785 ἐγένετο,
2523 3714 2642 3767 οὐδέ
2672 3714 2769 3783 τῆς
2808 3711 3009 3774 οἰκείας
3063 3712 3419 3776 ἀναπαύσεως
3450 3710 3546 3784 ἦν,
3593 3719 3712 3771 οὐδὲ

2047 3802 2155 3854 ἔσω
2177 3802 2268 3852 ἐπὶ
2299 3801 2397 3869 τῆς
2427 3799 2612 3867 κλίνης
2638 3793 2705 3867 ἧν
2740 3795 3108 3863 ἀνακείμενος,
3136 3795 3270 3848 ἀλλά
3292 3797 3443 3865 παρὰ
3489 3799 3590 3867 τὴν
3621 3800 3708 3850 θύα

2052 3903 2151 3956 ραν
2181 3884 2499 3947 ἐκαθέζετο·
2544 3881 2721 3949 ἐτεροι
2760 3879 2816 3931 δὲ
2850 3878 3108 3940 πολλάκις
3133 3879 3191 3929 οὐ
3223 3877 3381 3947 μόνον
3409 3880 3617 3949 ταύτην
3652 3884 3706 3933 06

2049 3968 2323 4022 ποιοῦνται
2359 3967 2456 4038 τὴν
2492 3965 2758 4032 σπουδὴν,
2791 3963 2925 4016 ἀλλά
2958 3964 3050 4014 καὶ
3086 3962 3146 4015 τὸ
3187 3962 3444 4023 ἐναντίον,
3476 3965 3571 4016 καὶ
3618 3968 3707 4018 ὲκ-

2047 4052 2249 4109 κλίνειν
2278 4048 2611 4119 ἐπιχειροῦσι
2656 4049 2764 4101 τῶν
2810 4045 3216 4115 ἐπιδημούντων
3248 4045 3346 4108 τάς
3394 4050 3707 4117 συντυχίας,

2030 4128 2107 4193 ὡς
2138 4129 2203 4183 ἀν
2240 4130 2313 4199 μὴ
2346 4129 2437 4181 καὶ
2472 4131 2695 4193 ἄκοντες
2722 4131 3115 4197 ἀναγκασθεῖεν
3138 4131 3525 4197 ὐποδέξασθαι.

2031 4214 2177 4283 οὐχό
2217 4212 2423 4274 δίκαιος
2467 4211 2660 4274 οὕτως,
2691 4212 2828 4265 ἀλλά
2861 4213 3011 4284 παρὰ
3044 4214 3141 4284 τὴν
3173 4214 3339 4285 θύραν
3369 4217 3468 4288 τῆς
3502 4221 3708 4291 σκηνῆς

2032 4294 2323 4359 ἐκαθέζετο
2370 4294 2740 4366 μεσημϐρίας·
2788 4294 2960 4349 Τοῦτο
2990 4297 3162 4367 γὰρῆ
3208 4298 3374 4369 πολ)ὴ
3414 4300 3517 4369 τῆς
3561 4304 3706 4372 φιλο-

2034 4380 2210 4444 ξενίας
2246 4378 2516 4441 ἐπίτασις,
2553 4380 2648 4432 καὶ
2689 4378 2789 4447 τῆς
2826 4381 3025 4451 ἀρετῆς
3064 4380 3158 4434 :06
3211 4382 3423 4435 δικαίου
3462 4387 3497 4455 ἡ
3534 4387 3703 4458 ὑπερ-

2031 4468 2179 4537 ϐολὴ.
2209 4467 2291 4519 ὅτι
2311 4467 2402 4518 καὶ
2426 4467 2482 4518 ἐν
2508 4468 2824 4539 μεσημϐρίᾳ
2852 4468 3006 4522 τοῦτο
3039 4467 3406 4539 διεπράττετο.
3439 4472 3703 4537 Εἰκότως·

2031 4547 2219 4618 ἐπειδὴ
2258 4548 2367 4618 γὰρ
2398 4548 2514 4618 ᾔδει
2551 4550 2677 4611 τοὺς
2716 4550 3015 4621 ὁδοιπορεῖν
3052 4552 3535 4623 ἀναγκαζομένους
3578 4558 3703 4609 κατ’

2031 4634 2236 4685 ἐκεῖνον
2267 4632 2358 4684 τὸν
2390 4631 2579 4702 καιρὸν
2605 4631 2841 4701 μάλιστα
2878 4633 3165 4702 δεομένους
3198 4632 3399 4703 πολλῆς
3416 4635 3517 4705 τῆς
3551 4637 3706 4708 θερα.

2034 4717 2213 4778 πείας,
2241 4714 2330 4767 διὰ
2353 4715 2513 4767 τοῦτο
2541 4713 2618 4778 ὡς
2642 4716 2945 4784 ἐπιτήδειον
2970 4716 3160 4786 καιρὸν
3185 4715 3369 4773 τοῦτον
3399 4718 3701 4789 ἐξελέγετο,

2028 4800 2123 4851 καὶ
2154 4798 2463 4869 καθήμενος
2494 4798 2668 4869 ἐθήρα
2702 4800 2826 4862 :06;
2862 4801 3179 4869 παριόντας,
3204 4801 3415 4854 οἰκείαν
3444 4804 3702 4857 ἀνάπαυε-

2029 4898 2111 4933 σιν
2145 4880 2345 4951 κρίνων
2363 4881 2459 4950 τὴν
2491 4880 2600 4934 τῶν
2636 4881 2825 4937 όδιτῶν
2860 4882 3178 4951 θεραπείαν,
3208 4884 3300 4936 καὶ
3329 4886 3457 4948 :06;
3478 4887 3586 4939 ὑπὸ
3606 4889 3699 4941 :06

2028 4964 2308 5027 καύσωνος
2331 4963 2697 5035 φλεγομένους
2727 4965 2832 5018 ὐπὸ
2862 4967 2963 5036 τὴν
2993 4967 3203 5038 σκέπην
3230 4969 3470 5038 εἰσάγειν
3504 4973 3701 5025 ἐσπού-

2023 5048 2205 5113 δαζεν,
2234 5050 2293 5099 οὐ
2325 5048 2822 5119 περιεργαζόμενος
2851 5051 2976 5111 τοὺς
3014 5052 3329 5121 παριόντας,
3352 5054 3474 5106 οὐδὲ
3509 5055 3696 5118 655:6-

2026 5131 2133 5194 ζων
2165 5131 2214 5182 εί
2246 5128 2533 5200 γνώριμοι,
2569 5128 2602 5201 ἢ
2638 5132 2906 5197 ἄγνωστοι
2952 5128 3082 5186 εἷεν.
3128 5134 3204 5186 Οὐ
3244 5134 3553 5203 φιλοξενίας
3590 5140 3697 5209 γάρ

2023 5211 2083 5262 τὸ
2151 5209 2221 5262 :6
2275 5211 2501 5263 τοιαῦτα
2552 5211 3033 5284 περιεργάζεσθαι,
3089 5216 3228 5269 ἀλλά
3278 5217 3338 5270 :6
3398 5220 3535 5272 πᾶσι
3586 5225 3696 5283 τοῖς

2024 5289 2281 5360 παριοῦσι
2334 5292 2434 5361 τῆς
2491 5293 2697 5355 οἰκείας
2745 5294 3083 5362 μεταδιδόναι
3131 5297 3554 5369 φιλοφροσύνης.
3588 5302 3693 5353 Καὶ

2022 5377 2206 5449 ἐπειδὴ
2243 5378 2459 5449 ἡπλωσε
2499 5382 2597 5451 τῆς
2627 5380 2930 5449 φιλοξενίας
2957 5384 3056 5453 τὴν
3087 5386 3347 5456 σαγήνην,
3381 5388 3691 5459 κατηξιώθη

2021 5462 2113 5513 καὶ
2159 5461 2251 5514 τὸν
2296 5461 2404 5515 τῶν
2451 5462 2590 5517 ὅλων
2644 5465 2921 5536 Δεσπότην
2970 5467 3327 5533 ὐποδέξασθαι
3383 5471 3522 5541 μετά
3586 5473 3690 5523 τῶν

2019 5543 2273 5610 ἀγγέλων
2322 5544 2507 5600 αὐτοῦ.
2559 5547 2659 5600 Διά
2710 5548 2869 5602 τοῦτο
2920 5552 3014 5604 καὶ
3068 5552 3279 5615 Παῦλος
3333 5554 3523 5623 ἔλεγε·
3580 5555 3692 5621 Τῆς

2018 5627 2368 5699 φιλοξενίας
2441 5628 2529 5699 μὴ
2576 5630 3087 5689 ἐπιλανθάνεσθε·
3148 5635 3246 5690 διὰ
3303 5639 3526 5703 ταύτης
3580 5639 3689 5707 γάρ

2015 5708 2238 5804 ξλαθύν
2287 5728 2446 5804 τινες
2512 5713 2867 5804 ξενίσαντες
2939 5718 3266 5787 ἀγγέλουςσ
3344 5721 3437 5773 τὸν
3499 5738 3688 5793 πατρι-

2012 5793 2188 5858 άρχην
2231 5793 2447 5856 πάντως
2487 5796 2875 5867 αἰνιττόμενος.
2923 5800 3022 5852 Διά
3062 5800 3220 5854 τοῦτο
3260 5801 3352 5855 καὶ
3396 5802 3426 5854 6
3463 5803 3685 5872 Χριστὸς

2012 5872 2231 5945 ἐλεγενο
2271 5876 2375 5945 Ὃς
2400 5876 2477 5932 ἂν
2502 5878 2751 5947 δέξηται
2780 5882 2889 5936 ἕνα
2938 5884 3166 5939 τούτων
3207 5884 3326 5940 τῶν
3351 5886 3682 5955 ἐλαχίστων
