3750 6302
85 309 167 366 δτι
660 328 678 336 ς
1016 291 1082 349 ιΝ
1118 290 1271 349 CAP.
1316 285 1498 345 XVIII.
1538 283 1783 342 GENES.
1824 282 2052 342 HOMIL.
2086 282 2220 341 XLI.

92 429 279 489 uterque
303 424 495 485 magno
521 408 718 467 damno
741 405 987 464 allicitur.
1017 404 1150 460 Nam
1176 402 1385 458 debitor
1409 397 1623 470 quidem

87 509 232 579 inopia
294 503 581 565 atteritur,
627 498 862 556 creditor
914 504 1090 550 autem
1136 506 1335 563 augens
1382 489 1629 552 divitias,

88 608 389 675 peccatorum
415 592 711 651 accumulat
731 591 831 646 sibi
859 585 1275 675 multitudinem.
1306 580 1535 638 Proinde
1565 580 1633 634 ab

90 673 218 747 initio
242 686 364 741 olim
389 683 585 740 Judaeis
608 678 961 737 crassioribus
985 676 1087 730 tale
1116 673 1263 730 dedit
1288 680 1632 742 prteceptum,

86 784 275 839 dicens:
304 773 427 830 Non
457 770 775 845 faneraberis
825 767 973 839 fratri
1020 774 1106 819 tuo
1160 773 1207 831 et
1264 763 1496 832 proximo
1547 770 1634 813 tuo

84 874 242 941 (Deut.
271 868 362 923 23.
394 866 521 936 l9).
552 864 665 932 Qua
707 861 869 931 igitur
896 855 1237 913 excusatione
1286 851 1430 922 digni
1476 859 1635 907 erunt

86 965 161 1034 qui
198 958 386 1016 Judzeis
434 963 561 1012 sunt
599 950 1021 1016 inbumaniores,
1065 954 1122 1002 et
1177 952 1299 1016 post
1331 942 1552 1013 gratiam
1582 950 1635 1034 et

88 1029 257 1108 tantam
295 1061 326 1102 a
360 1045 586 1100 Domino
622 1041 1000 1112 benignitatem
1051 1033 1392 1091 inveniuntur
1441 1031 1505 1085 iis
1547 1029 1635 1100 qui

87 1142 169 1197 sub
189 1141 295 1208 lege
322 1134 535 1191 fuerunt
562 1131 859 1196 inferiores,
902 1128 1010 1183 imo
1031 1122 1277 1197 pejores?
1310 1122 1362 1176 ln
1386 1122 1635 1190 spiritua-

86 1234 201 1287 libus
225 1228 363 1284 enim
405 1225 755 1295 repetiturum
799 1235 858 1275 se
896 1218 1154 1290 promittit
1183 1228 1391 1269 usuras.
1421 1209 1636 1279 Quare?

86 1322 198 1390 Quia
221 1316 486 1373 contrario
532 1327 753 1385 prorsus
798 1310 957 1365 modo
1006 1322 1066 1362 se
1114 1305 1309 1360 habent
1348 1301 1637 1373 Spiritualis

89 1427 243 1475 usura,
269 1418 324 1465 et
345 1406 631 1465 sensibilis.
672 1404 783 1459 lllic
826 1402 968 1457 enim
1024 1400 1070 1454 is
1121 1413 1152 1453 a
1203 1410 1309 1467 quo
1352 1395 1638 1464 requiritur

86 1517 266 1568 severe,
320 1500 495 1555 subito
542 1498 595 1552 in
651 1506 943 1551 extremam
984 1490 1213 1561 inepiam
1249 1487 1483 1543 defertur
1510 1503 1525 1540 :
1551 1485 1637 1540 hic

86 1603 238 1647 autem
266 1591 313 1646 is
339 1607 368 1646 a
394 1605 498 1661 quo
524 1585 1002 1664 exiguum-quando
1033 1591 1238 1653 gratum
1265 1581 1500 1634 animum
1527 1593 1639 1648 prie

86 1698 135 1736 se
180 1680 376 1746 tulerit,
416 1690 614 1749 quanto
663 1676 916 1745 majorem
965 1687 1179 1728 usuram
1227 1670 1445 1735 all‘eret,
1495 1677 1641 1722 tanto

88 1771 274 1844 largiori
325 1771 532 1827 fruetur
590 1769 792 1825 caelesti
844 1765 1295 1823 remuneratione.
1343 1762 1637 1829 Quocirca,

87 1865 262 1931 dilecti,
284 1878 408 1919 cum
433 1862 584 1918 vobis
609 1859 915 1917 concredita
942 1855 1472 1920 dinumeraverimus,
1493 1851 1642 1907 vobis

90 1955 423 2013 necessarium
453 1954 555 2009 erit
595 1951 861 2022 duplicem
890 1949 1082 2004 all'erre
1120 1946 1357 2001 laborem
1408 1952 1462 1998 et
1512 1942 1642 2013 vigi-

88 2045 303 2109 lantiam,
359 2051 471 2097 tum
515 2041 652 2113 quod
688 2040 1017 2095 dinumerata
1041 2034 1384 2092 custodienda
1408 2041 1552 2098 sunt,
1585 2038 1643 2086 ut

89 2138 176 2191 lixa
201 2143 446 2190 maneant
474 2151 489 2189 :
521 2143 633 2188 tum
663 2131 802 2203 quod
832 2128 1160 2200 operandum
1193 2137 1249 2181 ut
1273 2136 1326 2181 et
1348 2125 1466 2180 aliis
1490 2136 1642 2178 com-

86 2228 422 2294 municentttr,
454 2235 507 2282 et
536 2224 732 2280 multos
772 2225 824 2279 in
857 2224 994 2276 viam
1034 2221 1242 2276 virtutis
1267 2219 1517 2275 inducant
1548 2235 1562 2271 :
1589 2225 1645 2271 ut

87 2319 305 2373 bifariam
335 2316 486 2372 vobis
512 2317 714 2372 lucrum
752 2323 1038 2378 accrescat,
1069 2322 1178 2367 tum
1218 2327 1312 2382 pro
1339 2310 1512 2365 salute
1544 2323 1641 2363 ve-

86 2417 201 2476 stra,
230 2418 340 2463 tum
375 2422 471 2478 pro
491 2407 715 2462 aliorum
746 2405 989 2461 utilitate.
1020 2403 1171 2471 Quod
1197 2404 1240 2458 si
1266 2402 1367 2458 hoc
1391 2400 1641 2465 feceritis,

86 2509 131 2554 et
156 2515 245 2554 nos
270 2498 506 2555 reddetis
528 2498 715 2554 beatos
759 2515 774 2552 :
803 2495 988 2551 Beatus
1006 2496 1157 2561 enim,
1192 2494 1381 2565 inquit,
1407 2492 1494 2562 qui
1524 2491 1644 2545 dicit

84 2594 287 2645 inaures
325 2590 638 2644 audientium
696 2588 897 2661 (Eccli.
922 2588 1018 2645 25.
1078 2586 1177 2659 η)
1206 2596 1297 2643 :et
1340 2584 1543 2641 facietis
1591 2592 1649 2638 ut

86 2682 263 2752 largior
292 2680 447 2736 vobis
469 2680 583 2736 hanc
611 2680 897 2751 spiritualis
917 2687 1214 2750 apponatur
1251 2692 1456 2733 mensa.
1486 2675 1649 2746 Igitur

84 2773 261 2828 fratres
284 2782 492 2827 vestros
514 2772 676 2827 nolite
701 2770 989 2843 negligere,
1017 2784 1186 2841 neque
1214 2769 1387 2824 solum
1413 2776 1649 2839 spectate

84 2880 188 2934 quae
213 2864 276 2920 ad
301 2880 401 2920 vos
426 2864 649 2919 attinent
681 2882 693 2918 :
716 2864 809 2920 sed
837 2863 1120 2935 unicuique
1144 2878 1270 2918 cura
1292 2863 1360 2917 sit
1384 2860 1649 2933 quomodo

86 2958 372 3025 proximum
396 2971 549 3012 suum
586 2972 617 3012 e
662 2956 857 3011 diaboli
885 2955 1125 3010 faucibus
1145 2955 1354 3025 eripiat,
1385 2962 1439 3010 et
1462 2952 1531 3007 ab
1554 2952 1651 3005 im-

84 3048 171 3116 piis
190 3048 290 3103 illis
311 3048 629 3118 spectaculis
655 3048 706 3103 in
730 3048 1008 3103 ecclesiam
1033 3047 1281 3114 adducat,
1307 3043 1651 3101 monstrando

83 3141 125 3194 ei
154 3140 311 3193 multa
335 3139 555 3194 lenitate
581 3148 636 3194 et
677 3138 1082 3194 mansuetudine
1123 3147 1232 3193 tum
1282 3138 1461 3193 damni
1508 3139 1649 3211 quod

83 3231 214 3285 illine
242 3231 345 3286 fert
377 3231 711 3301 gravitatem,
746 3240 856 3285 tum
886 3231 1147 3286 bonorum
1195 3248 1313 3301 quire
1343 3232 1431 3288 hic
1456 3250 1645 3290 conceo

83 3320 268 3376 duntur
318 3321 788 3391 magnitudinem:
830 3330 1011 3377 etnon
1061 3322 1232 3377 solum
1284 3323 1451 3378 semel
1492 3332 1651 3394 atque

82 3413 259 3467 iterum
285 3413 392 3468 hoc
416 3412 593 3479 facile,
622 3413 715 3469 sed
746 3428 976 3483 semper.
998 3412 1129 3468 Nam
1159 3413 1259 3468 etsi
1292 3413 1448 3469 hodie
1474 3415 1651 3471 verbis

82 3502 177 3555 tuis
228 3518 334 3557 non
376 3502 726 3572 obtemperat,
784 3512 967 3573 postea
1009 3503 1395 3572 obtemperabit
1449 3521 1461 3556 :
1508 3512 1562 3559 et
1604 3505 1648 3559 si

81 3610 239 3663 neque
264 3592 506 3650 secundo
531 3594 835 3648 adtuonenti
883 3593 1269 3663 obtemperabit
1295 3634 1310 3660 ,
1343 3595 1535 3649 iterum
1568 3603 1649 3649 ta-

79 3701 188 3739 men
213 3695 263 3741 te
292 3686 481 3741 videns
504 3694 799 3756 urgentem,
824 3683 959 3739 forte
984 3686 1281 3748 erubescet,
1312 3696 1364 3740 et
1392 3687 1651 3742 reveritus

78 3787 208 3829 luam
237 3793 449 3842 curam,
498 3792 528 3831 a
571 3776 881 3847 perniciosis
930 3775 1033 3830 illis
1061 3775 1364 3831 abstinebit.
1397 3777 1464 3831 Et
1492 3794 1650 3831 num-

77 3884 222 3933 quam
270 3871 461 3923 dicas:
488 3866 685 3932 Semel,
725 3876 780 3922 et
813 3868 1036 3935 iterum,
1081 3878 1133 3922 et
1184 3869 1337 3923 tertio
1376 3879 1431 3925 et
1456 3870 1650 3939 szepius

74 3960 243 4011 munni
266 4000 282 4023 ,
317 3971 374 4013 et
422 3958 551 4012 nihil
584 3957 804 4028 profeci.
860 3957 937 4014 Ne
977 3975 1195 4013 mouere
1240 3960 1452 4016 desinas
1482 3979 1495 4018 :
1526 3978 1650 4017 nam

73 4059 261 4115 quanto
290 4050 461 4118 magis
491 4056 545 4103 tu
576 4051 997 4119 perseveraveris
1016 4090 1029 4111 ,
1069 4057 1216 4105 tanto
1238 4052 1402 4122 magis
1432 4063 1482 4107 et
1504 4069 1649 4109 mer-

70 4155 153 4195 ces
183 4142 275 4196 tibi
328 4151 556 4195 crescet.
610 4139 727 4196 Non
776 4140 966 4196 videtis
1016 4152 1211 4210 quanta
1239 4145 1472 4197 omnium
1513 4144 1651 4199 Deus

72 4245 163 4284 nos
192 4232 454 4301 patientia
477 4232 688 4299 tolerat,
717 4242 769 4287 et
796 4233 1063 4302 quomodo
1081 4232 1314 4302 quotidie
1338 4234 1652 4305 negligimus

70 4324 441 4394 obtemperare
479 4324 594 4394 ejus
646 4324 929 4393 mandatis,
977 4332 1031 4379 et
1073 4339 1245 4395 neque
1283 4325 1363 4381 sic
1399 4334 1572 4381 cessat
1620 4342 1649 4380 a

68 4431 188 4469 cura
246 4427 460 4483 nostra,
494 4416 590 4472 sed
618 4416 795 4471 omnia
847 4430 941 4470 sua
972 4416 1291 4486 suppeditat,
1321 4418 1488 4472 solem
1522 4417 1648 4472 oriri

66 4517 227 4574 curat,
258 4509 473 4577 pluvias
510 4507 774 4575 concedit,
799 4508 1008 4577 aliaque
1028 4507 1239 4562 omnia?
1272 4508 1439 4563 Simili
1491 4508 1652 4564 modo

64 4607 114 4649 et
148 4613 245 4652 nos
270 4613 404 4669 erga
434 4595 625 4653 fratres
653 4607 864 4652 nostros
891 4598 1028 4653 bene
1071 4596 1269 4666 allecti,
1324 4614 1511 4670 magna
1538 4608 1648 4654 uta-

64 4702 182 4741 mur
207 4687 515 4759 diligentia,
562 4698 615 4744 et
661 4688 996 4744 obluctemur
1024 4688 1256 4758 maligno
1284 4689 1358 4743 illi
1397 4689 1647 4760 dremoni,

62 4778 328 4834 utirritos
370 4778 489 4849 ejus
530 4779 782 4834 faciamus
819 4790 1060 4835 conatus.
1103 4779 1234 4835 Nam
1266 4780 1311 4836 si
1340 4781 1531 4853 singuli
1560 4784 1648 4853 qui

59 4867 270 4934 adsunt,
315 4884 487 4922 unutn
530 4868 837 4924 lucrifacere
882 4879 1114 4939 possent,
1174 4871 1344 4940 cogita
1394 4882 1646 4942 quantam

59 4956 209 5012 nobis
232 4959 479 5014 lmtitiam
525 4959 757 5014 Ecclesia
800 4961 1132 5015 multitudine
1175 4960 1405 5016 ﬁliorum
1431 4977 1647 5018 suorum

58 5051 369 5107 ostenderet
428 5066 446 5108 :
486 5061 540 5107 et
588 5052 829 5107 diabolus
874 5052 1308 5121 confunderetur,
1359 5055 1545 5111 videns
1592 5057 1647 5111 in

56 5153 250 5196 vanum
304 5152 365 5196 et
412 5142 606 5198 frustra
657 5144 872 5199 extendi
930 5159 1023 5199 sua
1068 5145 1221 5200 retia.
1266 5146 1418 5212 Quod
1462 5149 1507 5202 si
1546 5148 1649 5204 hoc

56 5228 317 5299 feceritis,
362 5234 591 5289 audietis
637 5244 691 5290 et
735 5250 828 5289 vos
874 5235 925 5289 in
972 5236 1059 5291 die
1110 5236 1201 5291 illo
1251 5253 1265 5288 :
1308 5236 1470 5308 Euge,
1511 5255 1650 5294 serve

51 5322 175 5378 boue
214 5336 267 5378 et
286 5325 486 5392 fidelis,
513 5326 564 5379 in
593 5342 754 5395 pauca
793 5327 936 5397 fuisti
982 5328 1168 5396 ﬁdelis,
1206 5346 1363 5399 supra
1406 5329 1564 5384 multa
1601 5341 1648 5386 te

50 5419 383 5471 constituam.

114 5509 167 5562 3.
209 5508 491 5563 Caeterum
522 5509 658 5565 bona
685 5526 780 5581 spe
803 5527 921 5566 sum
951 5525 1045 5566 vos
1065 5511 1165 5567 hoc
1191 5512 1421 5567 facturos
1447 5528 1461 5566 :
1490 5513 1647 5569 video

48 5601 185 5653 enim
217 5603 410 5654 vultus
440 5610 665 5665 vestros,
694 5613 747 5656 et
775 5603 1134 5671 conjecturam
1162 5618 1315 5657 sumo
1336 5619 1430 5659 vos
1455 5603 1643 5662 admo-

47 5693 310 5748 nitionem
347 5705 587 5748 nostram
628 5711 816 5765 magna
844 5698 1111 5767 voluptate
1142 5696 1410 5767 accepisse
1433 5737 1450 5766 ,
1484 5708 1645 5772 atque

3218 278 3324 336 378

1744 392 1870 452 hinc
1907 412 2066 468 spero
2108 412 2235 465 vos,
2265 396 2404 469 quod
2432 404 2666 453 vestrum
2695 395 2849 452 fuerit
2867 438 2883 465 ,
2914 396 3163 452 facturos.
3193 396 3326 453 Pro-

1741 488 1864 543 inde
1896 482 2487 544 hanc'admonitionem
2527 487 2613 543 hic
2641 487 2886 543 finiamus
2918 506 2933 543 :
2964 501 3331 558 proponamus

1742 588 1921 633 autem
1950 577 2101 633 vobis
2131 587 2343 634 tenuem
2384 591 2619 634 nostram
2650 594 2711 634 ac
2741 592 3029 650 pauperem
3057 592 3323 641 mensam,

1740 679 1797 725 ut
1822 686 1941 725 eum
1962 670 2172 726 solitam
2201 672 2510 742 acceperitis
2531 671 2843 736 doctrinam,
2870 670 3087 727 domum
3126 684 3326 725 conce-

1741 762 1897 817 datis.
1931 761 2120 832 Operae
2140 764 2367 835 pretium
2391 763 2532 819 enim
2562 762 2722 819 fuerit
2746 772 2800 818 et
2821 763 2977 819 hodie
3008 762 3059 817 in
3086 762 3319 818 medium

1739 854 1932 910 all‘erre
1961 855 2312 925 patriarcham
2335 855 2622 922 Abraham,
2646 864 2705 910 ut
2732 856 2949 911 discetis
2978 865 3227 926 quantam
3249 854 3320 909 ab

1741 944 2096 1016 hospitalitate
2133 946 2432 1002 mercedem
2472 947 2752 1017 acceperit.
2787 947 2812 1002 l
2849 947 3034 1017 (Caput
3077 945 3187 1018 l8).
3214 944 3323 1015 Ap-

1742 1040 1910 1108 paruit
1938 1039 1984 1092 ei
2006 1047 2171 1093 autem
2198 1038 2332 1092 Deus
2350 1080 2366 1107 ,
2400 1039 2603 1108 inquit,
2632 1038 2770 1109 apud
2793 1055 3031 1108 quercum
3073 1037 3322 1103 Mambre,

1740 1130 1939 1184 sedente
1962 1131 2072 1200 ipso
2094 1130 2162 1184 ad
2177 1132 2394 1201 januam
2422 1129 2728 1183 tabernaculi
2749 1131 2828 1185 sui
2850 1130 3073 1184 meridie.
3100 1129 3317 1200 Singula

1742 1222 1901 1279 verba
1919 1222 2198 1292 diligenter
2211 1222 2560 1290 excutiamus,
2577 1232 2628 1277 et
2644 1232 2827 1292 aperto
2845 1223 3115 1288 thesauro,
3140 1235 3326 1277 omnes

1743 1306 1796 1371 in
1841 1331 1908 1372 eo
1942 1316 2164 1372 latentes
2206 1314 2416 1371 divitias
2461 1315 2749 1371 discamus.
2781 1313 2955 1381 Quare
2996 1314 3073 1368 sic
3104 1328 3329 1368 exorsus

1738 1416 1843 1479 est.
1876 1410 2122 1479 Apparuit
2152 1419 2319 1462 autem
2348 1408 2393 1462 ei
2418 1407 2590 1462 Deus?
2613 1407 2802 1478 Specta
2835 1405 3040 1460 Domini
3082 1404 3325 1475 benigni-

1745 1508 1928 1566 tatem,
1951 1509 2004 1553 et
2029 1499 2306 1554 considera
2334 1498 2511 1552 famuli
2534 1510 2739 1569 gratum
2764 1497 3018 1551 animum.
3040 1496 3323 1566 Postquam

1744 1589 1885 1644 enim
1913 1588 2154 1658 superius
2174 1588 2414 1658 apparuit
2442 1588 2514 1655 ei,
2537 1598 2590 1643 et
2612 1596 2805 1658 praeter
2826 1595 3016 1640 caetera
3044 1586 3201 1639 etiam
3230 1586 3330 1639 cir-

1744 1679 2082 1735 cumcisionis
2108 1679 2413 1733 mandatum
2452 1679 2703 1750 praecepit
2730 1696 2743 1730 :
2775 1677 3000 1732 eximius
3027 1682 3203 1731 autem
3228 1675 3327 1730 iste

1747 1774 1827 1828 vir
1855 1788 2067 1842 semper
2086 1787 2203 1841 qua:
2232 1787 2263 1827 a
2295 1771 2403 1827 Deo
2431 1781 2694 1842 pracepta
2725 1779 2874 1825 erant
2896 1768 3178 1839 diligenter
3201 1784 3324 1839 per-

1746 1863 1905 1919 licere
1928 1904 1942 1929 ,
1975 1862 2173 1931 rejeela
2217 1862 2359 1916 omni
2405 1876 2586 1929 mora,
2621 1860 2824 1917 curavit
2856 1868 2950 1915 :et
2986 1858 3328 1914 circumcisus

1746 1962 1829 2010 est
1877 1952 2017 2024 ipse,
2050 1952 2276 2022 implens
2307 1950 2610 2006 mandatum
2640 1951 2767 2016 Dei,
2810 1959 2864 2005 et
2901 1948 3177 2004 lsmaelem
3220 1948 3327 2003 cir-

1747 2045 2018 2108 cumcidit,
2049 2055 2103 2099 et
2129 2044 2442 2099 vernaculos
2476 2058 2697 2110 omnes,
2727 2050 2781 2098 et
2808 2042 2858 2097 in
2900 2055 3104 2097 summa
3133 2041 3322 2095 miram

1748 2136 2033 2192 declaravit
2058 2134 2411 2190 obedientiam
2434 2152 2447 2188 :
2467 2135 2656 2189 iterum
2683 2134 2729 2188 ei
2760 2143 2995 2205 apparet.
3016 2132 3158 2187 Talis
3183 2133 3324 2188 enim

1748 2237 1829 2283 est
1854 2227 2111 2281 Dominus
2132 2234 2331 2289 noster,
2358 2233 2413 2279 ut
2441 2225 2484 2279 si
2515 2225 2725 2294 quando
2762 2224 2954 2279 viderit
2983 2226 3080 2278 nos
3109 2222 3160 2276 in
3188 2220 3332 2293 prio-

1748 2318 1894 2373 ribus
1919 2327 2118 2389 gratos,
2146 2318 2444 2373 accumulet
2468 2317 2723 2372 beneficia
2745 2358 2759 2382 ,
2789 2324 2843 2371 et
2870 2330 3152 2385 numquam
3181 2330 3209 2368 a
3235 2329 3331 2369 sua

1748 2409 2093 2465 beneﬁcentia
2134 2409 2387 2475 desistat,
2422 2423 2769 2463 remunerans
2803 2407 3163 2462 obedientium
3206 2422 3330 2475 gra-

1751 2512 1859 2556 tum
1889 2499 2220 2571 obsequium.
2253 2501 2476 2569 Propter
2519 2498 2621 2554 hoc
2669 2501 2825 2569 igitur
2848 2538 2863 2563 ,
2907 2498 3028 2567 quia
3060 2496 3289 2551 obedivit
3315 2536 3330 2561 ,

1751 2595 1940 2649 iterum
1970 2594 2212 2663 apparuit
2237 2592 2306 2646 ei.
2334 2592 2445 2659 Qua
2472 2591 2539 2645 de
2564 2606 2720 2645 causa
2751 2591 2826 2645 sic
2856 2604 3011 2644 orsus
3036 2598 3118 2644 est
3144 2588 3332 2643 beatus

1750 2685 1925 2741 Moses
1953 2701 1965 2737 :
1995 2684 2244 2753 Apparuit
2276 2692 2442 2735 autent
2469 2684 2512 2735 ei
2554 2680 2689 2734 Deus
2722 2680 2861 2749 apud
2894 2696 3128 2750 quercum
3160 2679 3333 2732 Mam-

1753 2778 1855 2844 brc,
1887 2776 2088 2831 sedente
2111 2793 2167 2829 eo
2191 2777 2257 2828 ad
2263 2776 2477 2845 januam
2504 2773 2810 2827 tabernaculi
2839 2772 2916 2825 sui
2947 2771 3171 2825 meridie.
3192 2771 3333 2825 Con-

1752 2868 1925 2923 sidera
1949 2908 1963 2930 ,
1995 2881 2091 2921 oro
2114 2908 2130 2932 ,
2162 2865 2247 2920 hic
2274 2866 2523 2919 virtutem
2548 2863 2697 2932 justi.
2741 2861 2959 2916 Scdcnte
2982 2902 2995 2922 ,
3029 2860 3193 2929 inquit
3218 2901 3231 2922 ,
3264 2858 3332 2911 ad
3362 2860 3367 2863 ’

1754 2964 1887 3031 fores
1916 2958 2222 3013 tabernaculi
2266 2957 2366 3011 sui.
2401 2955 2699 3023 Tantopere
2736 2953 2955 3006 curabat
2999 2950 3334 3020 h05pitalita-

1754 3058 1882 3114 tem,
1915 3056 1973 3103 ut
2002 3048 2166 3102 nollet
2196 3047 2460 3116 hospitum
2492 3046 2826 3099 venationem
2852 3041 3081 3111 cuipiam
3108 3040 3335 3094 familia-

1753 3146 1888 3198 rium
1910 3142 2243 3197 committere
2268 3158 2281 3195 :
2327 3140 2419 3195 sed
2444 3146 2708 3193 trecentas
2724 3137 2905 3192 decem
2923 3144 2976 3190 et
2991 3144 3113 3189 octo
3130 3133 3336 3187 habens

1752 3235 2097 3301 Vernaculos,
2140 3233 2300 3287 homo
2340 3246 2503 3287 senex
2557 3238 2611 3285 et
2651 3245 2789 3284 nunc
2840 3228 3122 3296 decrepita:
3166 3225 3338 3279 aetatis

1759 3323 2140 3398 (centenarius
2183 3321 2324 3377 enim
2362 3331 2474 3376 erat
2506 3319 2546 3391 ),
2580 3319 2718 3389 apud
2751 3318 2966 3389 januam
3006 3315 3241 3371 sedebat.
3271 3315 3338 3370 Et

1758 3417 1841 3471 hic
1869 3415 2080 3487 quidem
2123 3410 2224 3469 hoc
2249 3429 2458 3469 summo
2486 3413 2663 3468 studio
2686 3410 2938 3475 curabat,
2969 3419 3022 3463 et
3054 3422 3224 3477 neque
3251 3421 3338 3462 se-

1754 3519 1942 3564 nectus
1968 3507 2040 3562 illi
2067 3506 2341 3561 obstaculo
2365 3514 2499 3569 erat,
2528 3518 2698 3572 neque
2723 3517 2833 3556 sua:
2860 3499 3050 3570 quietis
3076 3515 3225 3566 cura,
3245 3514 3339 3552 ne-

1755 3619 1857 3673 que
1897 3603 2037 3655 intus
2073 3614 2233 3669 super
2272 3598 2467 3653 lectum
2504 3595 2878 3658 recumbebat,
2909 3593 3001 3649 sed
3045 3592 3109 3647 ad
3140 3592 3335 3648 ostium

1754 3692 1973 3747 sedebat
2001 3708 2014 3745 :
2046 3690 2134 3744 alii
2160 3698 2335 3743 autem
2362 3704 2505 3757 Saepe
2534 3702 2637 3740 non
2666 3688 2834 3739 solum
2867 3694 3069 3738 tantum
3100 3683 3331 3738 studium

1755 3798 1859 3838 non
1891 3780 2162 3845 adhibent,
2193 3780 2284 3833 sed
2327 3793 2381 3833 et
2408 3779 2560 3848 plane
2588 3777 2874 3838 diversum,
2904 3786 2959 3831 et
2986 3776 3174 3830 horum
3204 3789 3335 3829 con-

1754 3888 1965 3946 gressus
1994 3872 2197 3943 fugiunt
2222 3881 2275 3925 et
2304 3872 2522 3934 evitant,
2550 3880 2693 3923 utne
2723 3868 2870 3923 inviti
2900 3878 3157 3939 cogantur
3183 3868 3335 3922 exci-

1757 3981 1902 4037 pere.
1934 3964 2128 4019 Verum
2166 3979 2271 4017 non
2294 3961 2466 4032 justus
2505 3963 2592 4015 ille
2639 3961 2709 4014 ita
2736 3960 2963 4031 agebat,
2992 3960 3083 4014 sed
3114 3958 3337 4015 sedebat

1755 4058 1821 4111 ad
1864 4056 2078 4127 januam
2108 4055 2348 4109 meridie.
2383 4054 2515 4109 llinc
2543 4054 2683 4109 enim
2716 4052 2885 4121 major
2909 4051 3240 4123 hospitalitas
3283 4058 3340 4107 et

1758 4149 1928 4202 virtus
1966 4147 2082 4217 ejus
2123 4146 2350 4209 ducitur,
2384 4144 2522 4215 quod
2551 4145 2602 4199 in
2632 4143 2851 4198 meridie
2880 4142 2983 4197 hoc
3019 4141 3234 4196 faceret.
3269 4140 3340 4196 Et

1755 4240 1947 4295 merito
1984 4238 2195 4308 quidem
2222 4254 2235 4292 :
2259 4238 2379 4308 quia
2409 4238 2549 4291 enim
2581 4234 2801 4302 sciebat,
2829 4251 2941 4301 eos,
2973 4235 3059 4303 qui
3099 4236 3337 4304 pert-gri-

1755 4344 1885 4385 nare
1926 4337 2185 4399 coguntur
2207 4369 2224 4394 ,
2255 4343 2321 4382 eo
2354 4327 2583 4381 maxime
2624 4334 2862 4396 tempore
2900 4324 3136 4395 indigere
3171 4339 3297 4379 cura
3318 4363 3337 4391 ,

1757 4432 1964 4492 tempus
1992 4421 2093 4475 hoc
2120 4419 2367 4475 iduneum
2392 4418 2639 4489 eligebat,
2667 4428 2723 4473 et
2752 4417 2944 4473 sedens
2968 4431 3062 4472 eos
3086 4417 3175 4487 qui
3202 4432 3339 4488 pra:-

1756 4514 1982 4567 teribant
1999 4511 2306 4577 venabatur,
2322 4511 2550 4581 quietem
2572 4508 2671 4564 sibi
2692 4508 2892 4563 ducens
2918 4507 3218 4563 ministrare
3236 4507 3341 4563 via-

1757 4602 1961 4658 toribus
1995 4620 2008 4656 :
2037 4610 2092 4657 et
2133 4616 2225 4655 eos
2250 4601 2336 4671 qui
2369 4600 2547 4655 Calore
2572 4599 2883 4663 :estuabant,
2904 4600 3004 4655 sub
3032 4608 3224 4654 tectum
3252 4598 3339 4653 in-

1755 4692 2036 4747 troducere
2078 4692 2355 4757 studebat,
2388 4706 2496 4744 non
2539 4690 2749 4746 curiose
2792 4688 3076 4760 explorans
3114 4703 3209 4744 eos
3247 4688 3340 4758 qui

1755 4785 2130 4856 praeteribant,
2162 4798 2331 4853 neque
2361 4782 2638 4855 requirens
2665 4798 2731 4837 an
2765 4783 2872 4837 noti
2893 4824 2908 4850 ,
2941 4781 3023 4836 vel
3064 4780 3224 4852 ignoti
3254 4795 3339 4837 es-

1754 4883 1895 4932 sent.
1924 4873 2109 4945 Neque
2134 4874 2275 4929 enim
2318 4874 2688 4945 hospitalitatis
2718 4873 2877 4928 fuerit
2920 4873 3200 4943 diligenter
3224 4873 3338 4926 sin-

1752 4969 1870 5039 gula
1900 4966 2242 5039 perscrutari.
2272 4965 2365 5020 sed
2396 4966 2641 5020 omnibus
2671 4965 2987 5035 simpliciter
3014 4979 3164 5017 suam
3193 4977 3339 5017 com—

1752 5060 2023 5115 municare
2063 5059 2459 5129 benignitatem,
2478 5066 2532 5113 et
2558 5057 2675 5126 quia
2695 5055 3063 5127 hospitalitatis
3088 5069 3340 5127 sagenam

1753 5148 2108 5220 expanderat,
2151 5148 2344 5202 meruit
2390 5157 2444 5202 et
2485 5148 2855 5203 universorum
2887 5146 3172 5201 Dominum
3216 5161 3340 5200 cum

1753 5240 1953 5309 angelis
2010 5239 2122 5293 suis
2169 5238 2456 5308 suscipere.
2492 5239 2787 5307 Eapropter
2830 5236 3026 5292 Paulus
3071 5237 3281 5296 dicebat
3322 5255 3337 5291 :

1757 5328 2134 5399 Hospitalitatis
2160 5345 2222 5381 ne
2261 5328 2621 5381 obliviscamini
2649 5343 2667 5382 :
2697 5344 2786 5398 per
2814 5328 2943 5382 Itane
2975 5329 3107 5382 enim
3135 5326 3341 5398 quidam

1753 5420 1906 5474 nescii
1929 5461 1944 5485 ,
1972 5419 2176 5490 angelos
2203 5410 2497 5490 exceperunt
2525 5420 2742 5488 hospitio
2772 5419 2791 5492 (
2814 5418 2969 5474 Hebr.
3007 5420 3091 5475 l3.
3116 5420 3173 5491 ἓ)
3198 5437 3209 5471 :
3241 5434 3338 5491 pa-

1753 5514 2041 5572 triarcham
2083 5517 2302 5569 omnino
2352 5514 2644 5569 insinuans.
2673 5516 2844 5585 Atque
2868 5513 2937 5568 ob
2962 5512 3064 5567 hoc
3100 5513 3342 5567 Christus

1753 5607 1964 5662 dicebat
1994 5625 2006 5660 :
2041 5606 2141 5674 Qui
2177 5608 2449 5675 susceperit
2489 5623 2647 5660 unum
2673 5623 2735 5661 ea:
2773 5607 2851 5661 Itis
2882 5606 3099 5659 minimis
3119 5645 3134 5671 ,
3166 5606 3218 5659 in
3244 5623 3339 5659 no-

1756 5699 1889 5752 mine
1913 5714 2039 5766 men,
2067 5713 2142 5752 me
2167 5699 2371 5768 suscipit
2401 5697 2611 5770 (Matth.
2648 5698 2735 5753 18.
2760 5698 2838 5769 5).
2870 5697 3179 5760 Audiamus,
3202 5694 3338 5749 dile-
