3792 6252
382 338 492 398 370

383 452 480 518 eti,
503 457 556 504 et
576 440 807 512 hospitio
826 430 1097 505 excepturi
1122 430 1139 461 ¹
1172 436 1461 493 numquam
1480 410 1970 518 quairamus,Qu.is,

384 553 439 597 et
462 501 626 596 unde.
654 501 787 589 .‘lam
825 528 869 584 si
898 501 1197 597 patriarcha
1236 516 1290 571 in
1318 509 1555 583 rogando
1582 504 1772 561 fuisset
1798 501 1975 557 curio-

386 595 515 699 sus,
543 629 680 684 forte
708 595 1001 695 peccasset.
1027 612 1134 670 Sed
1162 606 1398 670 sciebat,
1431 598 1606 671 inquis
1625 639 1640 665 ,
1680 595 1974 650 advenien-

388 683 522 778 tiu—nvi
547 683 876 786 dignitatem.
901 705 1052 763 Unde
1095 704 1196 755 hoc
1226 694 1317 752 tibi
1351 691 1550 764 liquet?
1581 683 1856 756 Quomodo
1883 696 1977 786 au-

390 823 500 869 tem
527 811 577 865 si
600 774 671 863 ita
704 812 869 868 esset,
901 791 1237 854 admirationi
1268 786 1489 844 luisset?
1515 782 1697 851 Neque
1731 778 1873 834 enim
1903 774 1981 830 sic

389 898 704 960 admirabile
746 866 933 950 fuisset
959 930 974 949 .
1003 889 1047 945 si
1075 880 1414 955 suscipiendo
1444 874 1681 947 hospites
1718 866 1981 925 curiosius

391 994 728 1064 explorasset
753 985 843 1056 qui
873 987 1075 1045 essent,
1105 977 1244 1031 sicut
1272 985 1411 1025 nunc
1437 982 1559 1023 cum
1587 964 1838 1035 ignorans
1867 957 1984 1028 qui-

393 1045 911 1139 nam—advenei‘int,
943 1075 1089 1124 tanta
1134 1062 1407 1119 alacritate
1444 1066 1499 1112 et
1536 1056 1740 1109 honore
1781 1045 1986 1102 accedit

394 1171 546 1246 quasi
577 1181 765 1226 servus
809 1162 875 1218 ad
918 1157 1199 1219 dominos,
1231 1151 1447 1221 suisque
1487 1144 1667 1199 verbis
1705 1151 1988 1211 propemo-

395 1236 522 1321 dum
546 1258 755 1317 vincula
785 1252 984 1325 injicit,
1014 1257 1068 1305 et
1094 1244 1357 1316 supplicat
1386 1241 1463 1295 eis
1484 1278 1500 1304 ,
1529 1244 1584 1291 ut
1612 1249 1681 1288 ne
1721 1236 1984 1325 renuant,

398 1370 573 1427 neque
599 1368 659 1409 se
682 1316 915 1406 maxime
939 1316 1136 1399 damno
1169 1335 1423 1391 afﬁciant.
1443 1325 1656 1386 Sciebat
1685 1322 1829 1379 enim
1861 1316 1988 1390 quid

401 1417 634 1507 faceret;
672 1449 886 1514 propter
930 1434 1033 1490 hoc
1056 1444 1249 1501 magno
1277 1441 1399 1481 eum
1428 1419 1617 1478 ardore
1647 1417 1874 1472 fructum
1900 1424 1993 1465 co-

407 1502 633 1609 piosum-
658 1502 1001 1604 percipiebat.
1035 1522 1140 1580 Sed
1180 1519 1459 1574 audiamus
1497 1510 1658 1568 verba
1712 1502 1991 1609 scriptoris

405 1594 572 1702 ipsius
592 1666 609 1693 ,
639 1594 699 1679 tit
732 1594 911 1676 videas
939 1616 993 1673 in
1034 1621 1271 1671 extrema
1308 1613 1523 1664 senecta
1562 1598 1855 1673 juvenilem
1881 1594 1996 1649 ala-

405 1691 669 1784 critatem,
710 1724 765 1771 et
798 1725 985 1769 senem
1028 1705 1179 1777 quasi
1227 1701 1480 1774 juvenem
1521 1691 1911 1752 exsultantem,
1940 1693 1995 1741 et

412 1820 687 1886 putantem
715 1821 775 1863 se
816 1801 1085 1872 invenisse
1119 1796 1430 1853 thesaurum
1469 1786 1784 1858 quemdam,
1816 1778 1995 1849 hospi-

408 1871 520 1960 ;um
538 1915 727 1971 nempe
746 1897 1053 1953 adventum.
1070 1889 1127 1945 2.
1150 1886 1369 1942 Elevatis
1389 1890 1575 1946 autent,
1599 1874 1788 1947 inquit,
1814 1871 1993 1939 oculis,

407 1996 550 2064 vidit,
573 2004 618 2048 et
632 1965 744 2047 ecce
766 1999 864 2044 tres
880 1984 974 2041 viri
989 1988 1226 2038 steterunt
1248 1991 1402 2047 supra
1427 1987 1542 2027 eum
1564 1985 1582 2024 :
1606 1978 1652 2023 et
1675 1975 1730 2022 ut
1753 1965 1895 2029 vidit,
1919 1978 1996 2017 oc-

408 2056 566 2143 currit
583 2088 637 2140 in
661 2097 921 2139 occursum
945 2078 1017 2132 eis
1042 2074 1104 2128 ab
1130 2072 1255 2128 ostio
1277 2061 1583 2123 tabernaculi
1606 2058 1706 2115 sui.
1720 2056 1918 2123 Currit,
1946 2062 2000 2110 et

408 2183 553 2238 volat
578 2192 779 2235 senex:
812 2173 944 2227 vidit
979 2168 1122 2226 enim
1146 2162 1385 2238 praedam
1405 2172 1564 2228 quam
1586 2153 1876 2209 venabatur
1897 2190 1912 2214 ,
1947 2156 2001 2203 et

410 2271 555 2327 nulla
613 2263 935 2323 inﬁrmitatis
979 2274 1089 2316 sure
1142 2255 1353 2311 ratione
1406 2247 1620 2309 habita,
1654 2243 1719 2298 ad
1761 2244 2002 2296 venatio-

414 2376 537 2415 nem
565 2357 801 2414 cucurrit
830 2371 845 2409 :
878 2368 983 2408 non
1013 2347 1220 2403 vocavit
1250 2340 1496 2401 famulos,
1526 2350 1699 2406 neque
1724 2331 2004 2403 imperavit

414 2464 602 2520 puero,
635 2447 868 2516 nihilque
903 2438 1209 2498 rusticitatis
1250 2449 1423 2504 neque
1451 2428 1668 2485 desidia:
1695 2441 1803 2496 pra:
1834 2437 1892 2477 se
1924 2430 2005 2474 tu-

412 2516 497 2610 lit,
524 2540 620 2597 sed
637 2542 748 2610 ipse
771 2536 1036 2594 cucurrit:
1065 2530 1214 2604 quasi
1236 2528 1457 2588 diceret,
1482 2522 1701 2591 Magnus
1723 2516 2007 2572 thesaurus

415 2645 498 2691 est
518 2676 534 2700 ,
564 2608 752 2704 magna
794 2628 1116 2700 negotiatio:
1149 2638 1242 2694 per
1276 2615 1650 2683 memetipsum
1689 2608 1828 2664 hanc
1860 2621 2005 2661 mer-

416 2742 541 2783 cem
571 2700 766 2780 inferre
795 2721 986 2786 debeo,
1015 2733 1082 2773 ne
1107 2715 1347 2771 elabatur
1374 2707 1505 2763 mihi
1538 2712 1741 2759 tantum
1771 2700 2004 2755 lucrum.

419 2820 486 2875 Et
513 2819 627 2874 haec
669 2816 891 2873 faciebat
920 2817 1114 2884 justus,
1139 2808 1383 2864 homines
1411 2803 1667 2858 obscuros
1697 2806 1751 2854 et
1779 2796 2009 2851 viatores

418 2912 694 2983 suscipere
722 2924 779 2965 se
803 2907 1133 2964 existimans.

490 3005 545 3060 4.
569 2979 655 3056 ᾏά
685 2999 1072 3072 hospitalitatem
1098 2995 1344 3047 hortatur.
1378 2984 1579 3042 Laudat
1618 2979 2008 3053 hospitalitatem

425 3093 663 3156 Abrahaz,
693 3069 833 3145 illam
858 3084 1163 3144 «mutationi
1186 3090 1371 3137 nostra:
1397 3091 1703 3149 proponens.
1732 3100 1804 3112 —
1835 3069 2013 3125 Disca-

431 3200 554 3241 mus
579 3192 633 3239 et
662 3196 779 3248 nos,
816 3194 879 3235 ac
908 3177 1179 3232 imitemur
1216 3172 1345 3242 justi
1375 3169 1647 3222 virtutem.
1680 3163 1813 3218 Nam
1838 3161 1881 3215 si
1909 3158 2014 3215 hoc

428 3275 743 3337 fecerimus,
768 3267 1058 3326 verisimile
1083 3271 1166 3322 est
1202 3272 1256 3318 et
1293 3274 1392 3315 nos
1433 3253 1720 3327 aliquando
1750 3247 2011 3321 ejusmodi

426 3365 608 3438 prieda
651 3362 948 3435 petituros;
980 3357 1087 3411 imo
1114 3368 1326 3422 semper
1364 3346 1729 3417 assequimur,
1758 3342 1805 3397 si
1843 3350 2015 3396 atten-

426 3434 623 3514 dimus.
650 3434 730 3511 Oh
757 3453 901 3507 illam
931 3448 1073 3505 enim
1102 3458 1319 3501 causam
1344 3440 1604 3508 benignus
1643 3434 1927 3496 Dominus,
1955 3440 2017 3485 ut

429 3567 499 3609 ne
528 3548 593 3602 ad
622 3546 779 3601 talem
806 3539 1189 3611 benignitatem
1213 3547 1402 3605 segnes
1431 3531 1618 3593 simus,
1643 3540 1816 3595 neque
1841 3523 2018 3579 curio-

428 3642 542 3698 sius
582 3652 674 3695 eos
703 3635 793 3707 qui
833 3631 1120 3688 adveniunt
1149 3634 1471 3688 scrutemur,
1502 3617 1670 3690 inquit
1699 3634 1713 3671 :
1744 3616 1844 3681 Qui
1870 3630 2014 3668 acce-

431 3733 560 3803 perit
589 3744 743 3782 uuunt
771 3742 834 3781 ea:
872 3724 948 3777 his
984 3719 1205 3775 minimis
1247 3716 1300 3769 iu
1330 3713 1530 3768 nomine
1565 3724 1695 3775 meo,
1725 3723 1802 3760 me
1837 3704 2019 3774 accipit

431 3796 656 3896 Ulutth.
688 3820 773 3875 18.
802 3817 879 3887 5).
908 3815 982 3870 Ne
1025 3812 1184 3884 igitur
1224 3808 1290 3863 ad
1333 3805 1590 3861 vilitatem
1646 3796 2017 3871 prietereuntis

432 3923 665 3987 spectes,
697 3886 866 3981 neque
890 3923 955 3963 ex
987 3905 1053 3960 iis
1080 3919 1197 3974 qua:
1220 3898 1367 3954 vides
1392 3897 1551 3951 vilem
1579 3906 1698 3947 esse
1722 3901 1893 3961 putes,
1923 3886 2019 3941 sed

434 3982 607 4077 cogita
662 4014 713 4058 te
774 4016 870 4071 per
932 3998 1146 4066 ipsum,
1196 3990 1480 4046 Dominum
1531 3995 1679 4039 tuum
1725 3982 2016 4052 suscipere.

436 4073 661 4163 Quando
690 4092 833 4146 enim
868 4095 1084 4158 propter
1112 4084 1226 4152 ejus
1265 4094 1458 4135 nomen
1488 4073 1842 4131 ministerium
1872 4081 2022 4126 tuum

438 4162 491 4240 in
521 4186 667 4238 illum
696 4176 999 4236 exhibueris
1024 4217 1039 4241 ,
1071 4170 1373 4228 mercedem
1401 4168 1631 4236 accipies
1651 4206 1667 4229 ,
1708 4178 1771 4218 ac
1801 4163 1844 4217 si
1875 4162 2023 4216 illum

439 4273 787 4341 suscepisses.
818 4268 969 4331 Esto,
992 4266 1062 4319 sit
1098 4262 1256 4318 deses
1285 4269 1336 4316 et
1366 4254 1763 4329 negligentioris
1785 4254 1909 4308 vita:
1935 4250 2025 4323 qui

443 4377 531 4421 tua
564 4364 750 4419 fruitur
793 4360 1154 4431 benignitate,
1184 4371 1289 4410 non
1329 4352 1398 4409 sit
1444 4351 1535 4406 tibi
1578 4348 1693 4420 ejus
1740 4348 1817 4402 rei
1848 4362 1975 4403 cura
2010 4364 2023 4400 :

444 4458 600 4528 plena
627 4454 770 4509 enim
793 4452 883 4509 tibi
908 4461 964 4507 et
988 4448 1223 4523 perlecta
1254 4458 1462 4502 merces
1486 4440 1719 4507 dabitur,
1746 4440 1797 4494 in
1819 4437 2028 4494 Domini

446 4548 705 4602 honorem
750 4544 849 4599 hoc
888 4543 1133 4610 facienti,
1162 4549 1218 4595 et
1242 4536 1467 4593 imitanti
1508 4530 1827 4605 patriarchae
1867 4528 2033 4583 virtu-

453 4651 579 4694 tein.
616 4635 681 4690 Et
708 4647 758 4688 ut
789 4634 929 4698 vidit,
963 4632 1150 4704 inquit,
1194 4628 1411 4684 accurrit
1451 4626 1504 4679 in
1546 4637 1809 4678 occursum
1855 4618 1927 4672 eis
1972 4614 2032 4669 ab

448 4733 574 4786 ostio
596 4726 920 4785 tabernaculi.
947 4726 1089 4780 Bene
1117 4734 1170 4779 et
1200 4723 1302 4777 hoc
1340 4719 1589 4779 verbum,
1615 4712 1843 4768 Accurrit
1861 4751 1876 4772 ,
1900 4723 2035 4780 qua—

449 4823 589 4890 drat,
615 4833 671 4877 ut
687 4822 862 4877 discas
878 4834 970 4875 eos
986 4818 1133 4889 quasi
1159 4817 1368 4886 ignotos
1390 4808 1727 4882 prmteriisse.
1747 4813 1921 4859 etnon
1942 4814 2037 4856 sua

452 4926 645 4986 sponte
671 4912 738 4968 ad
770 4908 1170 4967 tabernaculum
1194 4905 1427 4961 venisse.
1457 4901 1746 4969 Pmpteiea
1764 4937 1778 4962 ,
1810 4909 1879 4949 ne
1908 4891 2037 4948 sub-

457 5009 744 5079 terfugeret
767 5020 891 5062 eum
916 5000 1191 5073 spirituale
1229 4997 1330 5051 hoc
1360 4995 1565 5048 lucrum
1586 5033 1601 5057 ,
1624 4989 1713 5061 qui
1758 4994 2003 5043 senuerat
2024 5024 2040 5048 ,

455 5099 788 5163 iueauuerat,
811 5107 867 5153 et
890 5090 1228 5150 centonarius
1247 5096 1382 5153 erat,
1410 5081 1660 5143 accurrit,
1676 5088 1730 5135 et
1755 5092 1914 5134 cursu
1934 5074 2045 5127 ala-

455 5192 699 5247 critatem
711 5190 960 5245 declarat.
983 5185 1045 5239 Et
1062 5183 1374 5253 conspicatus
1386 5193 1489 5241 eos,
1512 5174 1703 5245 inquit,
1717 5170 1958 5224 adorabat
1971 5183 2049 5220 su-

468 5298 556 5350 per
572 5292 776 5344 terram,
800 5280 850 5333 ‘5.
872 5286 916 5331 et
942 5277 1105 5331 dixit:
1131 5271 1368 5336 Domine,
1395 5268 1439 5323 si
1467 5266 1630 5320 inveni
1645 5262 1860 5334 gratiam
1880 5272 2050 5313 coram

461 5384 536 5436 te,
564 5388 624 5423 ne
642 5382 867 5425 transeas
905 5383 1100 5422 seruum
1138 5375 1296 5419 tuum.
1326 5363 1378 5416 4.
1404 5359 1648 5415 Sumatur
1671 5370 1791 5409 sane
1819 5367 1971 5422 aqua,
2004 5359 2049 5402 et

463 5463 623 5513 lavent
674 5461 824 5528 pedes
851 5469 1040 5512 uestros
1058 5498 1071 5519 ,
1104 5465 1149 5508 et
1175 5449 1543 5523 refrigeramiui
1583 5446 1673 5499 sub
1702 5443 1899 5505 arbore,
1927 5442 1981 5495 5.
2006 5447 2052 5492 et

451 5551 703 5619 accipiam
733 5567 909 5619 panem
932 5591 944 5611 ,
990 5557 1034 5603 et
1063 5547 1358 5610 comedetis,
1388 5551 1435 5597 et
1461 5539 1667 5611 posthac
1702 5536 2018 5608 prmterihilis
2038 5574 2051 5596 ,

460 5686 790 5799 ἀεέαιὲιιεενίι.
827 5693 879 5737 et
899 5694 1105 5750 quatuor
1127 5689 1231 5733 Mss.
1258 5681 1333 5729 ita
1360 5689 1524 5728 voces.
1550 5671 1751 5735 hospitio
1772 5670 2019 5733 excepturi
2038 5708 2053 5731 ,

1131 317 1189 376 S.
1229 306 1509 372 JOANNIS
1543 296 1999 362 CilliYSOSTOM

2168 291 2382 351 CHIEP.
2424 254 2961 346 consummet».

3560 277 3665 332 380

2078 406 2223 476 cujus
2252 402 2417 474 gratia
2444 399 2731 454 declinastis
2750 396 2817 451 ad
2843 409 3040 449 servum
3064 400 3301 447 vestrum.
3332 387 3513 444 Verba
3542 387 3679 458 justi

2079 495 2319 550 sublimia
2350 491 2505 546 valde
2538 497 2679 544 sunt.
2708 487 2891 557 Neque
2922 494 3125 539 tantum
3164 480 3503 543 miraculum,
3531 478 3681 548 quod

2080 600 2175 639 eos
2203 580 2517 653 susceperit,
2549 588 2801 650 quantuni
2846 570 2987 645 quod
3025 586 3145 628 cum
3184 581 3329 626 tanta
3356 570 3642 625 alacritate
3667 609 3683 632 ,

2081 682 2137 729 et
2154 674 2350 740 studio,
2379 680 2431 727 et
2460 686 2565 725 non
2589 677 2788 723 attenta
2813 676 2904 720 ant
2930 680 3045 726 sua,
3064 673 3156 717 aut
3179 677 3388 729 eorum,
3406 661 3497 731 qui
3518 659 3686 714 adve-

2085 774 2313 829 nerant,
2342 772 2499 817 tetate
2529 779 2544 814 :
2575 775 2696 815 nam
2744 757 2984 812 fortassis
3025 754 3328 810 videbantm
3378 753 3479 825 ipsi
3518 752 3683 821 juve-

2084 871 2220 922 nes;
2256 868 2427 926 neque
2465 850 2785 907 existimavit
2816 846 3066 902 sufﬁcere
3101 854 3160 900 ut
3198 844 3377 900 verbis
3404 843 3690 897 dumtaxat

2085 946 2460 1001 adhortaretur
2488 985 2504 1010 ,
2536 942 2828 1008 Adorabat,
2861 938 3051 1008 inquit,
3094 951 3245 1007 super
3267 944 3453 989 terram
3481 948 3502 988 :
3530 935 3687 1004 quasi
3776 932 3777 935 “

2087 1036 2388 1107 supplicans
2412 1076 2428 1102 ,
2458 1040 2513 1089 et
2552 1031 2821 1087 efﬁcacem
2858 1026 3284 1084 exhortationem
3332 1022 3589 1088 aﬁ‘erens,
3634 1033 3692 1077 tit

2089 1144 2159 1185 ne
2185 1137 2461 1199 putaretur
2480 1124 2838 1197 perfunctorie
2864 1119 3155 1179 adhortari.
3177 1118 3242 1172 Et
3266 1116 3471 1172 idcirco
3500 1115 3690 1169 divina

2091 1220 2365 1290 Scriptura
2388 1226 2691 1273 monstrans
2716 1214 2869 1270 nobis
2890 1211 3019 1283 justi
3048 1212 3297 1266 virtutem
3328 1206 3687 1269 ineffabilem.
3776 1200 3777 1209 “

2091 1313 2292 1383 inquit,
2318 1308 2575 1364 Adorabat
2612 1322 2763 1378 super
2792 1315 2998 1367 terrant,
3027 1311 3081 1357 et
3125 1298 3379 1372 gestibus,
3409 1306 3468 1353 et
3510 1297 3692 1351 verbis

2093 1417 2342 1474 magnum
2396 1399 2689 1465 fervorem,
2739 1395 3005 1466 egregiam
3061 1390 3224 1446 animi
3287 1388 3690 1450 humilitatem,

2095 1510 2356 1551 summam
2390 1490 2804 1561 hostiitalitatem
2848 1496 2901 1541 et
2930 1487 3242 1540 immensam
3270 1480 3690 1535 sollicitudinem

2095 1585 2420 1644 declarabat.
2452 1583 2520 1639 Et
2543 1597 2664 1637 eum
2696 1568 2991 1641 adorasset,
3021 1576 3215 1647 inquit,
3239 1574 3367 1628 dixit
3396 1590 3414 1629 :
3444 1574 3691 1635 Domine,
3776 1636 3777 1647 χ

2096 1680 2140 1734 si
2166 1679 2330 1734 inveni
2362 1675 2578 1749 gratiam
2606 1690 2777 1728 coram
2807 1680 2853 1725 te
2870 1714 2884 1736 ,
2910 1687 2971 1724 ne
2992 1678 3257 1740 prsetereas
3286 1682 3488 1720 servum
3526 1677 3691 1718 tumin.

2100 1773 2230 1841 Quis
2256 1786 2351 1841 pro
2378 1765 2638 1839 dignitate
2682 1762 2974 1819 laudaverit
3012 1761 3213 1831 justum
3259 1757 3443 1812 hunc?
3472 1755 3555 1811 vel
3589 1770 3697 1826 quo

2103 1876 2256 1941 pacto
2297 1879 2418 1920 eum
2446 1860 2565 1932 quis
2594 1857 2886 1915 innumeris
2915 1854 3074 1910 etiam
3111 1852 3263 1908 labiis
3290 1850 3544 1921 pnedicet
3562 1851 3589 1902 2
3613 1846 3699 1902 ῐιί-
3776 1892 3777 1901 χ

2104 1940 2228 2014 cere
2256 1955 2425 2019 enim,
2447 1950 2684 2012 Domine,
2718 1963 2821 2017 non
2850 1945 3043 2001 insoliti
3079 1952 3159 1998 est
3193 1956 3358 2007 usus;
3388 1940 3573 1995 dicere
3599 1954 3699 1993 au-
3776 1980 3777 1983 η

2103 2061 2232 2113 tem,
2263 2047 2323 2105 Si
2353 2045 2517 2101 inveni
2543 2043 2758 2115 gratiam
2788 2040 2838 2093 in
2882 2038 3043 2092 oculis
3076 2035 3192 2102 tuis,
3223 2034 3324 2089 hoc
3349 2043 3429 2092 est
3459 2031 3699 2087 admira-

2105 2142 2231 2197 bile.
2264 2139 2608 2200 Beneficium,
2640 2132 2828 2203 inquit,
2860 2129 2977 2196 das,
3006 2142 3110 2181 non
3140 2125 3361 2196 accipis.
3387 2123 3529 2179 Vere
3554 2125 3698 2178 enim

2106 2230 2407 2304 hujusmodi
2454 2242 2542 2284 res
2591 2223 2923 2295 hospitalitas
2967 2230 3085 2288 est,
3135 2234 3238 2289 qua
3285 2218 3453 2287 magis
3508 2218 3704 2287 accipit

2107 2340 2264 2397 quam
2292 2322 2402 2387 dat,
2433 2318 2523 2391 qui
2570 2318 2714 2374 illam
2745 2323 2987 2386 prompte
3014 2321 3069 2368 et
3095 2310 3338 2365 alacriter
3368 2318 3607 2362 exercet.
3638 2313 3704 2362 At

2108 2432 2176 2471 ne
2202 2414 2320 2485 quis
2349 2412 2650 2467 auditorum
2690 2407 2818 2479 justi
2849 2405 3097 2460 virtutem
3129 2402 3395 2465 minuens,
3426 2398 3705 2455 existiun-t

2109 2523 2228 2563 eum
2256 2518 2481 2577 gnarum
2518 2500 2704 2572 quales
2732 2498 2808 2553 illi
2840 2497 3054 2563 fuerint,
3089 2494 3203 2549 haec
3230 2494 3508 2563 loquutum
3536 2507 3696 2546 esse:

2112 2611 2285 2674 neque
2308 2594 2473 2659 enim,
2493 2602 2551 2647 ut
2574 2605 2716 2661 saepe
2738 2588 2896 2645 etiam
2925 2587 3124 2641 dictum
3151 2592 3251 2649 est,
3272 2600 3522 2654 magnum
3547 2585 3702 2651 quid-

2111 2687 2232 2742 dam
2257 2686 2361 2741 tale
2379 2682 2583 2751 fuisset,
2616 2681 2659 2736 si
2691 2680 2867 2735 sciens
2894 2677 3116 2732 dixisset
3141 2692 3156 2742 ;
3184 2674 3278 2729 sed
3307 2673 3628 2728 admirabile
3656 2684 3707 2727 et

2112 2778 2429 2848 stupendum
2458 2786 2562 2844 est,
2587 2789 2708 2830 eum
2729 2773 2877 2843 quasi
2901 2770 3143 2824 homines
3169 2768 3553 2837 alloquentem,
3578 2770 3704 2821 talia

2113 2869 2277 2926 verba
2306 2867 2471 2938 loqui.
2496 2864 2572 2921 Ne
2592 2863 2872 2919 admireris
2897 2872 3093 2923 autem,
3112 2859 3249 2930 quod
3275 2874 3394 2913 cum
3419 2867 3532 2912 tres
3552 2875 3712 2913 esce-

2116 2964 2273 3035 perit,
2294 2960 2361 3015 ad
2392 2973 2550 3014 unum
2578 2972 2637 3013 se
2663 2954 2984 3011 converterit
3006 2953 3202 3021 justus,
3232 2950 3436 3018 dicens,
3468 2949 3707 3004 Domine.

2115 3054 2381 3112 Fortassis
2409 3051 2549 3109 cnim
2593 3065 2727 3104 unus
2767 3047 3023 3103 illustrior
3049 3044 3256 3101 creteris
3281 3044 3614 3113 apparebat,
3643 3044 3707 3096 ad

2115 3162 2272 3219 quem
2316 3141 2741 3201 exhortationem
2792 3154 2941 3194 suam
2988 3138 3269 3191 convertit.
3291 3134 3495 3190 Deinde
3530 3145 3710 3189 autent

2118 3253 2239 3292 cum
2265 3233 2619 3306 progreditur,
2645 3244 2981 3287 communem
3012 3227 3136 3282 facit
3161 3241 3459 3282 sermonem
3488 3266 3503 3287 ,
3538 3236 3593 3280 et
3620 3227 3703 3280 in-

2118 3328 2267 3398 quit:
2292 3327 2537 3381 Sumatur
2554 3338 2706 3393 aqua,
2733 3332 2779 3376 et
2800 3322 2965 3374 lavent
2992 3318 3143 3390 pedes
3166 3326 3351 3371 vestros
3369 3333 3387 3369 :
3409 3324 3464 3371 et
3497 3317 3711 3380 iterum,

2120 3418 2509 3492 Refrigeramini
2532 3418 2624 3472 sub
2649 3413 2845 3479 arbore,
2867 3422 2913 3468 et
2940 3409 3206 3466 comedetis
3234 3426 3431 3480 panem,
3455 3420 3506 3463 et
3537 3420 3711 3479 postea

2120 3512 2417 3576 transibitis,
2451 3508 2597 3580 cujus
2623 3506 2788 3578 gratia
2813 3503 3101 3558 declinastis
3126 3501 3194 3555 ad
3220 3517 3426 3572 puerum
3465 3510 3711 3553 vestmiz.
3776 3564 3777 3569 η

2122 3604 2284 3659 Vides
2326 3600 2593 3673 quomodo
2634 3598 2884 3669 ignorans
2918 3595 3009 3666 qui
3048 3595 3191 3661 sint,
3220 3595 3367 3659 quasi
3409 3592 3717 3647 hominibus
3776 3648 3777 3667 η

2123 3697 2345 3766 loquens
2373 3690 2789 3753 transeuntibus,
2820 3687 2891 3742 ita
2921 3685 3187 3742 communi
3214 3683 3591 3739 exhortatione
3616 3686 3714 3736 ttti-
3776 3736 3777 3741 η

2125 3798 2231 3853 tur,
2274 3785 2437 3841 semel
2482 3793 2640 3853 atque
2674 3783 2864 3836 iterum
2906 3794 3116 3835 servum
3148 3793 3206 3833 se
3233 3777 3471 3832 vocans?
3498 3778 3565 3830 Et
3595 3777 3717 3829 vide
3776 3824 3777 3835 χ

2125 3876 2391 3948 quomodo
2443 3872 2681 3945 przedicit
2726 3880 2781 3927 et
2822 3884 3022 3925 mensae
3065 3883 3176 3923 sua:
3222 3867 3535 3922 tenuitatem
3568 3907 3584 3931 ,
3614 3869 3718 3919 into

2124 3968 2374 4024 lautitias.
2418 3967 2692 4030 Sumatur,
2726 3964 2927 4034 inquit,
2970 3978 3133 4031 aqua,
3165 3969 3210 4015 et
3238 3961 3401 4014 lavent
3442 3962 3599 4029 pedes
3643 3978 3721 4013 τεο
3776 3992 3777 3999 η

2125 4074 2257 4117 stros
2280 4104 2295 4129 ,
2338 4070 2383 4115 et
2425 4058 2790 4131 refrigeramini
2831 4058 2924 4112 sub
2961 4056 3156 4110 arbore.
3185 4054 3318 4124 Quia
3346 4054 3493 4109 enim
3524 4054 3719 4126 fatigati

2128 4157 2279 4220 estis,
2303 4164 2355 4209 et
2379 4153 2600 4208 multum
2630 4150 2822 4205 tulistis
2842 4158 3053 4213 mstum,
3077 4148 3203 4209 ideo
3224 4162 3320 4202 oro
3337 4163 3404 4202 ne
3429 4157 3721 4217 prmterea-
3776 4172 3777 4193 ι

2136 4250 2203 4304 tis
2232 4262 2443 4303 servum
2474 4255 2730 4300 vestrum.
2758 4243 2893 4298 Num
2924 4243 3064 4297 enim
3091 4255 3337 4313 magnum
3366 4240 3621 4310 quiddam
3643 4251 3723 4294 est
3776 4250 3777 4277 1

2133 4341 2186 4397 id
2212 4338 2351 4410 quod
2386 4351 2485 4409 ego
2522 4334 2796 4393 exhibeo?
2834 4334 3038 4405 Aquam
3074 4332 3224 4388 vobis
3255 4332 3425 4386 solum
3468 4342 3725 4401 prastare
3776 4354 3777 4361 η

2136 4446 2374 4504 possum,
2406 4445 2507 4499 qua
2546 4428 2667 4483 lotis
2704 4425 2929 4497 pedibus
2956 4424 3151 4480 vestris
3179 4423 3278 4478 sub
3303 4422 3495 4476 arbore
3537 4422 3723 4493 fatiga-

2137 4521 2336 4576 tionem
2368 4518 2664 4590 deponatis.
2698 4517 2919 4587 Insuper
2961 4524 3016 4572 et
3055 4529 3253 4570 mensae
3294 4513 3423 4569 dicit
3463 4514 3722 4583 speciem.

2138 4612 2215 4668 Ne
2241 4608 2465 4681 putetis,
2494 4609 2700 4680 inquit,
2724 4624 2811 4664 me
2836 4606 3113 4678 splendida
3144 4607 3292 4660 vobis
3319 4606 3690 4674 appositurum
3710 4647 3723 4664 ,

2140 4705 2224 4761 vel
2244 4702 2703 4758 condimentorum
2728 4700 3110 4760 diversitatem,
3137 4697 3221 4751 vel
3251 4696 3599 4766 epsoniorttm
3638 4712 3726 4747 va—

2142 4795 2382 4851 rietatem
2416 4810 2429 4846 :
2462 4806 2649 4862 panem
2686 4789 2998 4855 comedetis,
3026 4800 3079 4844 et
3118 4789 3197 4844 sic
3222 4786 3560 4854 Transibitis,
3587 4790 3727 4855 cujus

2143 4888 2310 4962 gratia
2331 4885 2616 4940 declinastis
2636 4883 2703 4937 ad
2731 4898 2930 4937 servum
2959 4890 3193 4935 uestrum.
3546 4848 3558 4854 '
3641 4848 3660 4855 '
3775 4942 3777 4962 4

2220 4980 2273 5035 5.
2318 4976 2503 5032 Vidisti
2531 4974 2799 5047 quomodo
2844 4973 3004 5027 variis
3044 4972 3215 5025 utitur
3256 4969 3452 5034 modis,
3482 4969 3729 5038 precibus

2150 5074 2364 5129 vincere
2390 5076 2789 5142 praetereuntes,
2816 5074 2869 5119 et
2895 5064 3152 5135 gestibus,
3178 5071 3232 5117 et
3253 5061 3449 5123 verbis,
3474 5070 3532 5114 et
3550 5062 3729 5131 quavis

2152 5167 2360 5219 ratione
2393 5159 2658 5216 attrahere
2691 5172 2785 5213 eos
2814 5155 3032 5210 volens?
3059 5153 3291 5208 Primum
3337 5152 3503 5218 enim,
3544 5151 3726 5219 inquit.

2154 5256 2413 5320 adoravit,
2442 5252 2635 5308 deinde
2656 5251 2902 5305 dominos
2928 5256 3101 5310 vocat,
3125 5255 3177 5300 et
3195 5260 3254 5300 se
3285 5244 3456 5314 ipsum
3484 5258 3725 5299 servum;

2158 5359 2339 5420 postea
2369 5346 2496 5400 dicit
2518 5359 2636 5414 quae
2679 5342 2783 5395 illis
2809 5338 3141 5395 exhibiturus
3179 5334 3267 5400 sit,
3314 5346 3607 5389 extenuans
3644 5348 3725 5385 res

2158 5450 2213 5497 et
2240 5438 2388 5495 nihili
2409 5451 2527 5493 esse
2550 5433 2870 5505 signiﬁcans.
2896 5430 2982 5484 Ait
3002 5428 3166 5493 enim,
3188 5428 3397 5496 Aquam
3418 5426 3554 5479 hanc
3576 5425 3729 5478 omni-

2161 5534 2258 5588 bus
2283 5529 2581 5605 expositam
2618 5526 2788 5579 habeo
2816 5523 2879 5577 ad
2924 5519 3175 5574 lavandos
3215 5517 3399 5589 pedes,
3431 5526 3483 5570 et
3524 5531 3727 5585 panem,

2163 5636 2217 5682 et
2238 5634 2434 5678 tectum
2462 5620 2529 5674 ab
2557 5618 2768 5672 arbore.
2796 5615 2871 5670 Ne
2898 5612 3275 5683 parvifeceritis
3296 5625 3473 5665 meum
3506 5610 3729 5663 taberna-

2168 5720 2367 5780 culum.
2415 5729 2481 5769 ne
2511 5707 2875 5780 despexeritis‘
2904 5713 3252 5767 senectutem,
3293 5717 3360 5755 ne
3401 5701 3633 5757 renuatis
3672 5700 3729 5750 ad

3776 4494 3777 4545 1

3776 4592 3777 4623 1

3776 4682 3777 4723 1

3776 4766 3777 4801 1

3776 4864 3777 4887 1

3775 4942 3777 4973 1

3776 5032 3777 5065 1

3775 5112 3777 5151 1

3776 5282 3777 5323 1

3776 5386 3777 5409 1

3776 5456 3777 5509 1

3775 5556 3777 5591 1

3775 5642 3777 5693 1
