3750 6240
33 308 92 363 gs]
998 298 1063 355 IN
1102 299 1252 354 CAP.
1296 297 1478 354 XVIII.
1520 298 1757 355 GENI‘JS.
1811 300 2035 355 IIOMIL.
2080 301 2213 356 XLI.

34 418 400 475 shurtationem
420 430 611 471 meam.
638 414 761 469 Scio
782 422 1035 484 quantum
1057 414 1279 469 tuleritis
1301 414 1557 479 laborem,

34 514 226 582 onjecto
252 520 476 581 quantus
516 509 585 564 sit
610 508 805 563 caloris
830 516 993 561 aestus
1022 523 1036 559 :
1064 516 1343 577 propterea
1372 505 1564 575 paulu-

33 625 105 664 um
131 621 218 661 vos
262 618 504 658 recreare
532 602 673 657 volo.
709 600 839 667 Quis
868 608 1016 670 pater
1044 600 1179 654 Iilios
1222 614 1349 654 suos
1379 607 1564 655 tenere

33 699 228 767 liligcns,
257 703 453 748 tantam
481 693 603 747 filiis
630 691 847 747 exhibet
877 690 1280 760 benignitatem,
1313 697 1566 758 quantam

33 792 86 845 lle
114 788 294 859 ignotis
319 797 371 841 et
406 786 716 856 peregrinis,
748 794 803 839 et
848 799 1137 854 numquam
1163 782 1263 837 sibi
1307 781 1568 852 cognitis?

33 883 185 936 (crum
214 878 330 949 quia
388 893 577 948 magna
625 878 899 932 alacritate
953 876 1212 945 processit
1247 889 1309 930 ac
1349 882 1570 929 conten-

34 974 153 1035 ione,
196 978 508 1039 asseqnutus
538 978 622 1025 est
664 970 1021 1033 venationem,
1062 977 1117 1023 et
1156 967 1389 1036 praedam
1428 968 1567 1021 intra

37 1068 123 1121 etia
161 1064 472 1120 concludere
514 1067 705 1132 potuit.
740 1063 804 1117 Et
845 1064 1099 1128 dixerunt,
1132 1063 1337 1132 inquit:
1371 1062 1460 1117 Sic
1489 1065 1568 1134 fa-

36 1161 186 1220 iemus,
215 1165 265 1208 ut
304 1155 495 1209 dixisti.
528 1154 683 1209 Senis
724 1155 985 1209 excitatus
1015 1162 1097 1210 est
1117 1153 1368 1223 juvenilis
1395 1154 1564 1224 vigor.

34 1267 59 1302 n
90 1248 338 1311 manibus,
373 1246 563 1317 inquit,
594 1244 766 1302 habeo
794 1246 1122 1310 thesaurum,
1171 1246 1384 1300 divitias
1413 1261 1569 1301 asse-

33 1350 181 1409 ptutus
207 1354 345 1404 sum,
389 1338 680 1393 senectutis
718 1338 1022 1393 obliviscar.
1055 1338 1121 1391 Et
1159 1336 1278 1391 vide
1317 1352 1441 1392 eum
1470 1350 1569 1391 ex-

39 1432 264 1484 ultantem
289 1430 339 1483 in
382 1445 565 1501 opere,
611 1439 665 1485 et
704 1430 853 1500 quasi
884 1445 993 1500 pra:
1033 1428 1226 1498 gaudio
1255 1430 1563 1492 saltantem,

34 1522 200 1576 ierinde
226 1532 383 1593 atque
409 1524 575 1577 multa
606 1522 741 1577 bona
776 1524 827 1577 in
854 1522 1107 1577 manibus
1137 1521 1373 1588 afferret,
1407 1522 1477 1577 ita
1511 1536 1569 1576 se

33 1615 354 1669 iblectantem.
381 1614 435 1669 6.
466 1614 529 1668 Et
569 1615 839 1684 festinavit,
877 1615 1066 1685 inquit,
1097 1614 1353 1668 Abraham
1392 1615 1444 1668 in
1488 1625 1569 1668 ta-

34 1704 319 1758 eruaculum.
354 1704 521 1768 Sicut,
561 1705 774 1774 quando
811 1705 876 1758 ad
904 1706 1243 1760 venationem
1272 1706 1568 1761 contende-

34 1803 105 1861 iat,
136 1796 443 1866 signiﬁcavit
492 1796 609 1866 ejus
653 1796 982 1851 alacritatem
1026 1807 1079 1853 et
1111 1798 1345 1852 laborem
1386 1798 1565 1853 divina

33 1888 272 1954 Scriptura,
296 1885 481 1941 dicens
511 1904 525 1941 :
560 1886 790 1940 Accurrit
810 1896 976 1941 autem
1001 1888 1054 1940 in
1076 1904 1336 1941 occursum
1359 1904 1567 1943 eorum:

35 1987 73 2032 ta
99 1988 145 2032 et
162 1992 294 2033 nunc
319 1978 444 2049 quia
474 1979 602 2032 vidit
630 1980 794 2043 viros,
823 1988 877 2034 et
903 1979 953 2033 id
982 1980 1122 2049 quod
1149 1981 1365 2049 optabat
1386 1980 1565 2049 perfe-

34 2073 86 2135 :it,
115 2085 273 2140 neque
312 2070 392 2124 sic
432 2071 501 2124 ah
538 2070 809 2126 alacritate
853 2070 1095 2136 desistit;
1129 2070 1220 2126 sed
1258 2073 1428 2141 magis
1458 2071 1569 2126 fer-

34 2171 192 2215 ientem
218 2160 451 2215 declarat
492 2176 753 2226 amorem,
800 2177 971 2232 neque
1006 2162 1127 2232 quia
1160 2176 1377 2217 securus
1426 2172 1563 2231 erat,

34 2254 112 2307 deo
138 2254 573 2323 ﬁtnegligentior.
605 2252 657 2308 Id
686 2254 827 2323 quod
857 2254 1010 2309 nobis
1035 2252 1341 2325 frequenter
1364 2256 1564 2321 evenit,

34 2354 64 2399 ει
86 2345 322 2416 principio
355 2345 513 2400 valde
552 2346 773 2400 studiosi
818 2360 1041 2400 sumus:
1069 2346 1281 2416 quando
1305 2354 1483 2402 autem
1513 2347 1567 2402 in

35 2437 247 2507 negotium
284 2446 505 2493 ventum
550 2447 653 2504 est,
704 2452 811 2492 non
856 2454 950 2508 par
995 2438 1227 2493 studium
1272 2438 1565 2495 al‘ferimus.

33 2531 181 2585 l’erum
205 2532 382 2601 justus
424 2547 531 2586 non
564 2533 661 2597 sic,
714 2532 807 2586 sed
833 2531 1002 2601 quid?
1034 2531 1231 2587 lterum
1260 2533 1475 2587 festinat
1513 2542 1568 2589 et

36 2631 246 2691 imperat,
274 2631 328 2677 et
354 2624 685 2678 curritsenio
707 2622 978 2678 confectus
1000 2624 1050 2677 in
1078 2624 1474 2679 tabernaculum
1501 2625 1567 2679 ad

33 2713 212 2780 Sarram,
243 2711 306 2766 Et
336 2714 469 2768 dixit
506 2715 553 2769 ei
581 2730 601 2768 :
627 2714 885 2781 Accelera,
916 2724 962 2770 et
996 2716 1152 2769 misce
1174 2724 1272 2769 tres
1306 2732 1567 2770 mensuras

33 2807 182 2860 similae.
205 2807 493 2863 Considera
516 2807 790 2877 quomodo
822 2817 877 2863 et
909 2808 1125 2864 Sarram
1149 2809 1445 2864 venationis
1474 2824 1566 2864 so-

34 2896 126 2949 :iam
151 2898 383 2964 assumit,
411 2908 467 2953 et
488 2898 757 2968 quomodo
782 2913 901 2953 eam
926 2898 1120 2965 erudit,
1145 2908 1203 2954 ut
1229 2914 1379 2954 suam
1400 2900 1563 2956 imite-

34 3003 85 3039 .nr
107 2988 357 3042 virtutem.
391 2988 604 3042 Etenim
652 2997 705 3043 et
736 2989 879 3042 illam
912 2988 1097 3044 incitat
1130 3004 1197 3043 ne
1241 2989 1419 3044 ofﬁcio
1465 3004 1565 3046 suo

34 3080 306 3148 iegligenter
344 3079 616 3151 fungatur,
662 3080 777 3147 sed,
813 3080 1069 3147 Accelera,
1102 3080 1291 3150 inquit.
1324 3080 1565 3152 Magnam

36 3172 385 3238 negotiationem
432 3173 703 3242 asscquuti
754 3188 960 3236 sumus,
1011 3188 1076 3225 ne
1122 3173 1408 3242 perdamus
1448 3173 1568 3228 the-

38 3275 214 3328 aurum,
252 3263 341 3318 sed
367 3262 625 3327 Accelera,
658 3273 704 3317 et
746 3265 895 3315 misce
921 3273 1020 3316 tres
1048 3280 1307 3317 mensuras
1358 3264 1558 3318 similw.

39 3353 239 3416 Quoniam
266 3355 473 3409 sciebat
502 3354 625 3407 boni
666 3354 843 3423 operis
884 3354 1321 3423 magnitudinem,
1357 3355 1566 3410 volebat

48 3447 113 3501 ita:
142 3464 243 3503 sua:
283 3450 484 3504 sociam
528 3450 689 3504 etiam
738 3448 1096 3503 retribuendze
1143 3449 1407 3504 mercedis
1444 3465 1566 3505 esse

44 3542 302 3611 artieipem.
334 3542 513 3611 Quare
555 3542 718 3607 enim,
760 3541 846 3596 die
895 3540 1045 3605 mihi,
1080 3541 1207 3595 nulli
1250 3543 1562 3597 ancillarum

50 3648 99 3686 oc
129 3637 385 3707 przecepit,
420 3636 512 3690 sed
544 3635 696 3689 uxori
723 3644 827 3688 tam
858 3643 1121 3703 provectzn
1161 3635 1370 3689 aetatis?
1399 3651 1568 3689 nona-

48 3727 129 3782 inta
160 3730 295 3785 enim
348 3744 612 3783 annorum
662 3734 799 3782 erat.
850 3726 966 3781 Non
1011 3734 1268 3797 repugnat
1314 3726 1566 3784 mandato

50 3836 161 3886 arra,
193 3822 284 3877 sed
323 3837 509 3892 parem
532 3821 691 3876 etiam
729 3821 842 3890 ipsa
881 3819 1209 3874 alacritatem
1250 3818 1423 3874 aﬁ‘ert.
1452 3820 1564 3874 Au-

52 3912 133 3967 iant
155 3915 262 3979 viri,
289 3915 508 3969 audiant
535 3912 788 3967 mulieres
814 3930 827 3966 :
855 3911 953 3965 viri
981 3909 1218 3981 quidem,
1248 3918 1306 3964 ut
1330 3910 1409 3965 sic
1439 3924 1564 3966 suas

54 4009 380 4064 intubernales
430 4006 699 4073 erudiant,
743 4015 801 4059 ut
836 4005 880 4059 si
920 4003 1136 4074 quando
1179 4003 1455 4072 spirituale
1482 4004 1564 4059 lu-

56 4113 133 4151 -ιιιη
158 4100 363 4165 incidat,
413 4115 481 4154 ne
511 4114 607 4169 per
634 4097 858 4152 famulos
886 4096 987 4151 hoc
1018 4096 1313 4166 perﬁciant,
1343 4097 1436 4152 sed
1468 4112 1565 4167 per

57 4189 184 4257 :ipsos
209 4192 400 4247 faciant
429 4191 607 4244 onmia
634 4206 648 4254 ;
672 4189 924 4243 mulieres
967 4198 1165 4255 autem,
1212 4180 1269 4243 ut
1308 4188 1561 4243 festinent

63 4295 162 4336 vare
198 4284 334 4338 viros
368 4284 422 4337 in
456 4290 562 4337 tam
607 4281 761 4336 bonis
806 4280 1078 4349 cperibus,
1126 4288 1179 4335 et
1222 4296 1327 4335 non
1366 4280 1562 4335 erube-

62 4383 137 4427 ant
155 4374 557 4444 hospitalitatem
590 4374 643 4428 in
670 4373 875 4442 aliquos
900 4387 1172 4435 exercere,
1196 4372 1405 4442 illisque
1432 4389 1565 4427 con-

64 4479 170 4519 uum
198 4467 434 4537 praebere
468 4467 822 4522 ministerium
851 4484 863 4518 :
893 4466 986 4520 sed
1020 4465 1293 4519 imitentur
1338 4465 1556 4520 Sarram

66 4557 228 4625 tulam,
258 4560 307 4614 in
336 4570 480 4615 tanta
510 4568 725 4615 senecta
748 4559 981 4613 laborem
1013 4558 1239 4613 libenter
1269 4558 1559 4628 suscipien-

67 4662 119 4713 ω,
138 4660 186 4705 et
206 4651 517 4707 famularum
538 4666 697 4721 opera
730 4651 1116 4720 perﬁcientem.

74 4741 313 4799 lare/titur
336 4748 389 4801 in
414 4755 651 4802 ornatum
680 4746 967 4799 mulierum.
995 4775 1065 4786 —-
1095 4746 1288 4801 Verum
1314 4748 1425 4802 scio
1450 4747 1563 4804 fore

84 4839 240 4894 nullus
268 4840 403 4896 ferat
430 4855 492 4896 ea
520 4855 639 4909 qua:
679 4854 708 4892 a
746 4840 901 4894 nobis
926 4839 1196 4895 dicuntur.
1228 4839 1380 4894 Nunc
1420 4841 1562 4903 enim

73 4946 172 4988 mes
195 4935 342 5003 plane
371 4934 641 4989 contraria
664 4934 749 4988 via
780 4933 1051 4999 incedunt,
1079 4942 1134 4988 et
1179 4933 1343 4988 multa
1373 4934 1561 4989 mulie-

75 5038 113 5077 tn
143 5037 215 5080 est
256 5026 527 5092 mollities,
577 5040 844 5095 omneque
902 5026 1136 5081 studium
1179 5025 1231 5080 in
1279 5025 1425 5080 cultu
1473 5041 1565 5080 ve-

77 5130 167 5183 um,
191 5120 241 5173 in
278 5120 457 5175 aureis
495 5118 831 5175 ornamentis
876 5128 932 5174 et
975 5118 1261 5173 monilibus
1289 5126 1447 5187 atque
1473 5133 1567 5173 ex-

79 5222 144 5262 uo
160 5221 364 5276 ornatu,
392 5212 585 5267 animae
610 5225 739 5266 vero
765 5210 909 5264 nulla
938 5218 1021 5265 est
1044 5224 1191 5264 cura.
1220 5208 1404 5278 Neque
1430 5208 1566 5262 Pau-

81 5315 185 5356 leas
206 5314 520 5369 commovet,
562 5302 747 5357 dicens
772 5319 784 5355 ε
817 5300 938 5355 Non
965 5302 1019 5355 in
1043 5301 1262 5354 crinibus
1292 5302 1454 5366 tortis,
1488 5302 1565 5355 vel

83 5404 138 5453 ro,
164 5395 235 5448 vel
253 5396 558 5465 margaritis,
582 5395 658 5449 vel
682 5404 976 5463 sumptuosa
1002 5402 1131 5447 veste
1157 5392 1233 5461 (ι.
1256 5391 1386 5445 Tim.
1407 5392 1462 5444 ‘2.
1483 5394 1562 5462 9).

86 5482 129 5538 Ie
153 5488 373 5543 animam
414 5488 548 5542 hanc
578 5487 753 5558 ipsum
800 5486 991 5540 caelum
1030 5486 1396 5556 attingentem,
1429 5502 1566 5557 quo-

87 5577 150 5631 ido
174 5595 270 5634 non
290 5581 493 5650 putavit
513 5580 787 5651 indignum
812 5592 871 5635 se
897 5588 949 5634 et
970 5578 1093 5643 vile,
1121 5580 1280 5633 etiam
1303 5579 1370 5634 de
1395 5579 1564 5648 capil-

88 5682 164 5722 uin
188 5674 507 5728 ornamentis
549 5674 860 5728 admonere.
892 5671 1078 5726 lllerito
1106 5689 1115 5723 :
1142 5686 1301 5726 omne
1343 5672 1486 5726 enim
1515 5672 1564 5726 ei

90 5757 221 5815 dium
242 5773 355 5820 erat
383 5765 434 5819 in
469 5763 755 5821 excolenda
782 5764 977 5820 anima.
1007 5762 1140 5831 Quia
1177 5762 1334 5833 igitur
1364 5763 1563 5819 sciebat

3186 304 3289 361 53?.

1680 414 1793 469 haec
1819 416 2044 471 maxime
2068 417 2261 471 anima:
2286 416 2572 487 perniciem
2604 432 2876 488 generare,
2905 418 3027 473 ideo
3053 434 3157 474 non
3196 437 3251 477 re
3270 442 3284 466 '-

1675 504 1807 575 fugit
1833 506 1917 561 illa
1951 507 2140 563 afferre
2170 524 2289 579 qua:
2318 509 2706 565 conveniebant
2743 510 2811 565 ad
2840 510 3143 566 docendum
3171 528 3264 568 cas

1672 614 1791 667 qua:
1820 598 1909 651 illo
1931 600 2116 653 morbo
2138 600 2481 664 laborabant;
2513 601 2613 656 sed
2633 602 2802 671 inquit
2838 620 2849 656 :
2880 603 2933 658 Si
2959 604 3038 657 vis
3060 603 3264 668 ornari,

1675 703 1802 743 vero
1830 698 1881 743 te
1910 699 2100 744 ornatu
2126 692 2260 756 cole,
2286 708 2440 761 quem
2466 692 2621 748 decet
2647 693 2899 749 mulieres
2929 694 3041 764 pias
3070 714 3083 749 :
3116 696 3271 751 bonis

1676 791 1728 836 te
1748 783 2000 852 operibus
2028 798 2182 837 orna.
2214 784 2310 839 Hic
2348 785 2540 839 anima:
2586 787 2759 842 cultus
2800 798 2902 853 est,
2936 787 3021 843 hic
3049 804 3079 843 a
3109 790 3269 843 nullis

1675 876 1912 929 externis
1942 876 2348 939 condemnatur,
2378 878 2518 933 hunc
2562 881 2735 934 nullus
2765 881 3063 951 deprmdari
3111 893 3262 953 potc-

1676 968 1766 1034 rit,
1804 967 1888 1023 hic
1914 978 2173 1038 perpetuo
2202 980 2381 1026 manet
2413 980 2557 1025 tutus
2587 979 2639 1026 et
2668 973 2891 1043 integer.
2926 975 2967 1029 Α
2996 976 3141 1030 cultu
3168 992 3266 1030 au-

1679 1069 1783 1114 tem
1825 1071 2050 1115 externo
2087 1062 2363 1116 innumera
2395 1064 2639 1118 oriuntur
2678 1066 2815 1119 mala
2848 1068 3119 1122 :nondum
3150 1069 3272 1124 dico

1676 1153 1867 1207 anima:
1899 1164 2237 1220 noeumenta,
2282 1158 2640 1225 arrogantiam
2674 1174 2793 1226 qua:
2840 1159 2963 1215 inde
3004 1163 3262 1229 nascitur,

1677 1242 1984 1312 despectum
2030 1246 2277 1313 proximi,
2325 1246 2516 1301 fastum
2563 1247 2804 1316 spiritus,
2855 1250 3045 1304 anima:
3083 1268 3269 1307 carru-

1678 1334 1936 1402 ptioncm,
1966 1336 2300 1405 voluptatum
2330 1337 2631 1392 illicitarum
2684 1354 2943 1407 examen;
2986 1342 3079 1397 sed
3122 1344 3272 1399 facile

1676 1424 1925 1494 diripitur
1958 1426 2047 1479 ille
2082 1426 2255 1481 cultus
2292 1436 2346 1482 et
2380 1427 2699 1483 famulorum
2733 1431 3063 1501 malignitate
3100 1435 3265 1487 Iatro-

1680 1531 1914 1586 numque
1943 1517 2169 1583 insidiis,
2202 1533 2410 1574 necnon
2453 1521 2904 1591 sycophantarum
2949 1525 3264 1591 calumniis;

1676 1616 1732 1663 et
1774 1608 1977 1663 inﬁnita
2019 1611 2157 1665 mala
2208 1610 2450 1668 invenire
2502 1614 2553 1667 in
2601 1630 2668 1670 eo
2700 1616 2843 1681 licet,
2886 1634 2949 1673 ac
2986 1629 3269 1690 perpetuas

1676 1701 2077 1756 amaritudines.
2108 1703 2267 1773 Atqui
2298 1702 2456 1759 Sarra
2483 1706 2601 1761 talis
2633 1722 2737 1761 non
2778 1721 2927 1775 erat;
2960 1711 3054 1766 sed
3086 1729 3267 1767 verum

1678 1792 1986 1861 possidebat
2016 1803 2260 1849 ornatum
2287 1814 2300 1851 :
2323 1795 2443 1851 ideo
2468 1806 2522 1852 et
2548 1797 2703 1868 digna
2728 1798 2824 1853 fuit
2848 1802 3146 1870 patriarcha
3174 1822 3187 1857 :
3214 1817 3270 1858 et

1676 1883 1814 1937 sicut
1852 1883 1942 1939 ille
1978 1883 2269 1951 festinavit,
2300 1895 2354 1941 et
2390 1886 2445 1941 in
2486 1888 2882 1944 tabernaculum
2914 1894 3167 1957 cucurrit,
3197 1894 3266 1948 ita

1675 1984 1729 2029 ct
1772 1975 1884 2043 ipsa
1927 1990 2120 2046 magno
2159 1977 2336 2033 studio
2382 1977 2506 2033 fecit
2550 1995 2666 2050 qum
2699 1980 2953 2050 imperata
2998 1994 3170 2050 erant,
3216 1999 3269 2039 et

1678 2067 1892 2121 miscuit
1924 2076 2033 2123 tres
2081 2083 2360 2124 mensuras
2399 2070 2609 2125 similae.
2651 2072 2779 2126 Nam
2810 2074 2929 2144 quia
2971 2084 3080 2129 tres
3109 2089 3265 2131 erant

1675 2160 1765 2227 qui
1800 2160 2148 2227 advenerant,
2182 2170 2290 2215 tres
2320 2176 2597 2217 mensuras
2620 2163 2782 2233 jussit
2824 2166 3057 2230 misceri,
3106 2177 3159 2221 ut
3189 2169 3262 2221 ci-

1678 2252 1780 2305 tius
1807 2266 1971 2320 panes
2007 2260 2341 2322 pararentur.
2372 2253 2441 2307 Et
2468 2263 2524 2308 ut
2555 2254 2655 2309 hoc
2685 2257 2959 2326 pratcepit,
3000 2257 3065 2311 ad
3100 2259 3261 2314 boves

1675 2343 1790 2412 ipse
1837 2344 2029 2401 iterum
2069 2346 2302 2401 cucurrit
2340 2344 2408 2419 (v.
2456 2344 2534 2418 7).
2565 2347 2609 2403 0
2660 2349 2803 2404 senis
2827 2349 3196 2420 juventntem!
3239 2374 3270 2406 υ

1674 2436 1867 2490 animas
1900 2434 2173 2506 vigorem!
2206 2437 2377 2491 currit
2419 2436 2486 2491 ad
2533 2437 2717 2505 boves,
2751 2449 2805 2494 et
2856 2457 2960 2495 non
3003 2444 3265 2512 permittit

1674 2528 1903 2598 aliquem
1933 2528 2246 2583 famulorum
2276 2544 2342 2585 eo
2365 2544 2617 2600 pergere:
2642 2547 2736 2600 per
2758 2532 2933 2585 omnia
2963 2544 3271 2589 monstrans

1675 2620 1739 2674 iis
1769 2620 1857 2691 qui
1900 2619 2245 2686 advenerant,
2277 2632 2473 2691 quanta
2520 2622 2788 2692 voluptate
2828 2626 3075 2692 perfusus
3102 2641 3266 2690 esset.

1675 2721 1728 2766 et
1756 2712 1936 2782 quanti
1972 2711 2174 2769 faceret
2203 2728 2389 2768 eorum
2422 2715 2781 2783 praesentiam,
2813 2729 2976 2784 seque
3007 2716 3148 2772 hunc
3173 2735 3268 2786 pt‘n

1677 2803 1927 2857 thesauro
1951 2804 2148 2859 habere
2173 2804 2456 2859 honorem.
2491 2805 2554 2858 Et
2583 2807 2799 2875 accepit,
2829 2807 3015 2877 inquit,
3052 2810 3269 2863 vitulum-

1677 2897 1915 2951 tenellam
1944 2906 1990 2951 et
2047 2896 2251 2951 bonum.
2309 2897 2424 2967 Ipse
2468 2913 2563 2967 per
2604 2899 2947 2967 semetipsum
3001 2900 3265 2956 delectum

1676 2987 1821 3052 fecit,
1854 2997 1909 3043 et
1934 2988 2192 3058 Optimum
2229 2989 2317 3058 qui
2352 2988 2537 3043 aderat
2561 2998 2837 3059 acceptum
2886 3006 3054 3060 puero
3080 2992 3224 3046 dedit
3249 3035 3263 3053 .

1678 3091 1732 3136 et
1780 3082 1926 3143 illum
1975 3098 2186 3152 quoque
2212 3091 2388 3153 urget,
2422 3090 2480 3136 ut
2528 3082 2645 3137 sine
2696 3098 2841 3136 mora
2866 3093 3119 3153 quantum
3154 3085 3277 3140 lieti

1676 3181 1852 3241 potest
1875 3182 2215 3242 approperet.

1746 3264 1800 3320 6.
1843 3266 2222 3321 Animadverte
2261 3266 2529 3336 quomodo
2572 3267 2748 3320 omnia
2796 3283 2915 3321 cum
2965 3268 3263 3332 νριυρίιιιιμ,

1674 3371 1796 3413 cum
1823 3358 2047 3414 ferventi
2076 3360 2372 3425 alacritate,
2408 3375 2528 3413 cum
2567 3358 2853 3426 hilaritate,
2899 3375 3019 3414 cum
3050 3362 3265 3431 gaudio,

1673 3464 1795 3505 cum
1845 3465 2033 3520 magna
2056 3450 2388 3519 jncunditate
2430 3451 2579 3505 ﬁant.
2634 3450 2698 3504 Et
2730 3452 2980 3521 festinavit
3018 3469 3141 3520 puer
3177 3454 3269 3506 huc

1676 3543 1864 3611 facere.
1902 3540 2086 3610 Neque
2114 3541 2198 3595 hic
2221 3556 2381 3595 senex
2411 3540 2655 3608 quiescit,
2690 3541 2783 3595 sed
2812 3542 3000 3595 iterum
3027 3544 3077 3594 in
3109 3544 3269 3595 mini-

1673 3634 1769 3686 stri
1796 3633 2038 3688 ordinem
2066 3632 2272 3688 transit.
2303 3634 2357 3689 8.
2391 3632 2458 3686 Et
2480 3642 2532 3685 ut
2553 3633 2745 3702 accepit
2776 3634 3011 3704 butyrum
3042 3645 3088 3688 et
3113 3635 3193 3687 lac
3222 3647 3269 3688 ct

1673 3725 1904 3792 vitulum,
1937 3741 2085 3795 quem
2126 3733 2454 3792 mactaverat,
2488 3725 2726 3795 apposuit
2767 3725 2888 3778 illis.
2921 3726 3012 3779 Sic
3044 3743 3136 3795 per
3179 3744 3267 3781 se-

1674 3818 1959 3887 metipsum
2001 3817 2180 3871 omnia
2210 3816 2337 3873 facit
2380 3827 2435 3873 et
2476 3818 2713 3886 apponit.
2747 3817 2814 3871 Et
2843 3834 3016 3887 neque
3046 3820 3263 3888 (Iiglllllll

1673 3910 2023 3979 semetipsum
2051 3910 2260 3965 censuit
2289 3910 2379 3980 qui
2411 3909 2716 3965 consideret
2746 3925 2865 3965 cum
2896 3913 2993 3976 eis,
3033 3914 3125 3967 sed
3161 3916 3268 3969 illis

1673 4001 2078 4057 comedentibus
2114 4001 2363 4056 adstabat
2390 4001 2505 4070 ipse
2536 4002 2635 4054 sub
2665 4003 2877 4056 arbore.
2921 4001 2965 4057 Ο
2997 4006 3266 4073 magnitu-

1672 4093 1851 4147 dinem
1895 4092 2306 4162 hospitalitatis!
2348 4107 2382 4148 ο
2422 4092 2736 4148 humilitatis
2782 4094 3187 4152 excellentiam!
3234 4119 3267 4150 υ

1674 4196 1907 4241 mentem
1935 4184 2221 4240 admodum
2268 4186 2601 4256 religiosam!
2636 4186 2881 4242 adstabat
2922 4191 3263 4244 centenarias

1672 4282 1833 4337 homo
1860 4282 2261 4338 comedentibus
2294 4282 2419 4337 illis.
2448 4282 2574 4336 Mihi
2603 4283 2812 4337 videtur
2838 4292 2962 4337 tunc
2993 4300 3102 4355 pra:
3131 4302 3265 4355 gau-

1671 4376 1760 4431 dio
1776 4375 2156 4444 alacritateqne
2188 4374 2374 4438 multa,
2407 4374 2770 4429 imbecillitate
2795 4391 2887 4427 sua
2913 4374 3079 4430 factus
3106 4393 3263 4447 supe-

1673 4470 1801 4532 rior,
1852 4478 1906 4522 et
1946 4468 2111 4522 robur
2138 4467 2405 4538 quoddam
2446 4468 2737 4538 accepisse.
2773 4467 2926 4537 Saepe
2956 4471 3095 4523 enim
3130 4488 3262 4526 ron-

1672 4561 1849 4617 suevit
1891 4561 2141 4616 alacritas
2187 4560 2402 4625 animm,
2449 4559 2493 4615 si
2534 4562 2746 4631 quando
2793 4563 3038 4618 roborata
3086 4566 3263 4627 fuerit,

1672 4654 1885 4708 vincere
1907 4651 2150 4721 corporis
2178 4652 2623 4708 imbecillitatem.
2654 4652 2837 4708 Stabat
2861 4654 3018 4724 igitur
3042 4658 3260 4719 patriar-

1672 4743 1769 4800 cha
1799 4743 1948 4814 quasi
1979 4743 2230 4810 famulus,
2264 4743 2366 4799 hoc
2392 4760 2603 4799 summo
2644 4746 2833 4800 honori
2870 4744 3090 4809 habens,
3124 4750 3262 4817 quod

1674 4836 2028 4904 praesentibus
2053 4836 2400 4905 ministraret,
2440 4848 2494 4892 et
2539 4837 2805 4893 solaretur
2833 4838 3039 4892 itineris
3078 4855 3265 4893 eorum

1673 4929 1931 4985 laborem.
1978 4930 2171 4985 Vidisti
2223 4942 2419 5000 quanta
2466 4930 2597 5000 justi
2650 4930 3032 4999 hospitalitas?
3082 4930 3265 5000 Neque

1673 5023 1812 5077 enim
1845 5023 1944 5078 hoc
1967 5022 2137 5078 solum
2160 5023 2465 5090 considam,
2494 5022 2636 5093 quod
2657 5038 2821 5093 panes
2851 5025 3187 5092 proposuerit
3204 5035 3257 5079 et

1674 5114 1899 5169 vitulum
1928 5132 1939 5168 :
1970 5115 2063 5170 sed
2117 5114 2242 5169 illud
2288 5114 2496 5185 cogita,
2543 5128 2663 5167 cum
2717 5120 2917 5182 quanto
2963 5113 3166 5169 honore
3211 5124 3265 5168 et

1673 5214 1872 5276 quanta
1897 5205 2158 5261 modestia
2200 5204 2435 5260 exhibita
2480 5204 2549 5259 sit
2580 5203 2932 5274 hospitalitas.
2976 5204 3091 5260 Non
3129 5204 3266 5261 sicut

1674 5298 1849 5365 multi,
1874 5298 1964 5368 qui
1995 5295 2186 5367 siquid
2231 5296 2337 5351 tale
2375 5294 2619 5359 fecerint,
2653 5295 2968 5364 superbiunt
3002 5305 3057 5351 et
3082 5296 3262 5366 despi~

1673 5391 1820 5444 ciunt
1865 5400 2139 5458 susceptos
2182 5389 2441 5458 hOspites,
2476 5403 2542 5442 eo
2572 5386 2716 5457 quod
2761 5387 3115 5443 ministerium
3160 5389 3267 5446 illis

1674 5482 1978 5538 exhibeant.
2011 5482 2122 5536 Hoc
2154 5491 2330 5535 autem
2363 5479 2585 5550 perinde
2615 5488 2717 5544 est,
2752 5494 2813 5533 ac
2843 5480 2886 5534 si
2915 5479 3034 5548 quis
3056 5480 3267 5537 divitias

1673 5583 1961 5644 congreget
1997 5583 2057 5629 et
2096 5572 2477 5629 circumferat:
2507 5581 2560 5627 et
2603 5587 2723 5626 cum
2761 5571 3057 5642 collegerit,
3087 5574 3266 5628 omnia

1674 5668 1831 5722 simul
1866 5683 1895 5723 e
1918 5666 2164 5722 manibus
2188 5664 2455 5736 projiciat.
2489 5665 2743 5736 Quisquis
2776 5667 2921 5721 enim
2966 5683 3084 5721 cum
3117 5682 3267 5721 arro-

1679 5763 1856 5831 gantia
1904 5770 2153 5833 operatur
2196 5760 2487 5831 quidpiam,
2548 5770 2600 5815 et
2649 5759 2727 5816 sic
2780 5758 2905 5816 facit
2956 5761 3105 5831 quasi
3150 5760 3266 5829 plus
