3750 6242
387 290 495 346 333

387 405 651 478 pratbcret
681 413 836 472 quam
860 397 1146 466 acciperet,
1175 394 1346 450 nescit
1369 391 1494 463 quid
1521 385 1678 445 faciat
1706 403 1720 440 :
1745 383 1970 458 proinde

390 509 445 552 et
469 493 792 555 mercedem,
817 505 934 560 quae
966 489 1088 543 hinc
1118 486 1446 557 proveniret,
1469 481 1749 552 disperdit.
1780 478 1975 532 Verum

393 591 563 662 justus
595 587 685 648 ille
721 585 898 638 sciens
942 579 1070 651 quid
1124 588 1451 648 operaretur,
1506 592 1601 645 per
1641 571 1818 626 omnia
1861 583 1979 639 qum

394 681 637 744 faciebat,
667 674 980 730 ostendebat
1008 672 1335 726 alacritatem
1365 669 1578 722 mentis.
1614 666 1682 720 Et
1703 673 1983 733 postquam

393 771 610 839 largiter
637 778 690 822 et
719 780 906 834 magna
936 763 1204 817 hilaritate
1232 759 1517 815 seminavit
1543 755 1978 826 hospitalitatem,

393 860 572 915 statim
620 868 672 911 ct
704 853 1007 924 manipulos
1046 852 1347 906 uberrimos
1375 849 1616 905 messuit.
1647 845 1778 900 Nam
1807 844 1894 896 ubi
1919 856 1979 896 ea

396 966 513 1022 quae
543 965 607 1004 ex
658 963 716 1002 se
763 955 919 1002 erant
966 944 1226 1014 implevit,
1258 952 1313 996 et
1350 940 1483 996 nihil
1516 936 1881 1010 prxtcrmisit,
1923 947 1986 987 ac

397 1046 555 1099 tinent
583 1046 923 1110 acceperunt,
949 1054 1066 1108 qua:
1088 1036 1155 1090 ad
1182 1034 1596 1106 hospitalitatem
1627 1027 1982 1100 pertinebant,

399 1135 774 1204 declarataque
801 1131 897 1186 fuit
919 1130 1045 1200 justi
1070 1130 1236 1183 virtus
1267 1145 1278 1180 :
1316 1136 1442 1180 tunc
1477 1124 1693 1179 demum
1727 1129 1784 1174 ut
1814 1119 1987 1174 disce-

402 1240 483 1284 ret
531 1227 705 1297 justus
758 1231 1079 1294 quantorum
1123 1230 1176 1275 et
1225 1220 1459 1289 qualium
1518 1217 1776 1270 bonorum
1828 1227 1986 1266 causa

403 1322 561 1377 fuerit
602 1316 955 1387 hospitalitas,
995 1313 1302 1369 manifestat
1347 1326 1407 1365 se
1443 1311 1487 1365 is
1534 1309 1626 1378 qui
1668 1305 1986 1369 advenerat,

405 1426 563 1485 atque
600 1410 851 1481 paulatim
886 1409 1090 1480 justum
1126 1421 1238 1462 sum
1275 1401 1692 1474 magnitudinem
1740 1398 1992 1469 potentia:

405 1507 582 1560 docet.
614 1503 745 1558 Nam
778 1501 867 1555 uhi
895 1499 1021 1553 vidit
1050 1513 1170 1554 eum
1203 1505 1433 1552 stantem
1464 1492 1604 1563 apud
1631 1505 1907 1562 quercmu,
1938 1498 1994 1542 et

411 1597 602 1651 stando
645 1610 892 1664 magnum
953 1593 1209 1645 honorem
1266 1597 1320 1642 ct
1374 1585 1730 1642 ministerium.
1777 1581 1989 1645 alfcrre,

408 1689 543 1743 dixit
583 1688 630 1743 ci
660 1706 671 1740 :
704 1686 759 1742 9.
797 1685 894 1740 Ubi
938 1693 1009 1737 est
1057 1682 1218 1736 Sarra
1259 1696 1389 1734 uxor
1433 1679 1556 1732 tua?
1585 1675 1776 1732 Statim
1816 1683 1994 1728 autem

409 1797 505 1850 per
532 1779 1001 1848 interrogationem
1043 1771 1399 1829 suhindicavit
1442 1770 1491 1825 ei
1537 1785 1597 1824 se
1642 1784 1749 1823 non
1780 1781 1901 1824 esse
1929 1781 1996 1820 ex

411 1871 716 1942 vulgaribus
739 1868 992 1938 aliquem,
1026 1875 1212 1935 utpote
1239 1864 1326 1931 qui
1349 1871 1402 1918 et
1427 1863 1608 1916 uxoris
1635 1860 1776 1914 illius
1801 1872 1995 1912 nomen

413 1965 600 2020 sciret.
653 1965 747 2018 Ille
802 1969 980 2015 autem
1027 1955 1398 2027 inquitzEcce
1440 1956 1494 2008 in
1539 1951 1882 2008 tabernaculo.
1930 1949 1999 2004 Et

410 2058 534 2126 quia
576 2055 780 2118 statim,
811 2060 1081 2121 tamquam
1110 2049 1274 2115 Deus,
1305 2047 1635 2117 polliciturus
1665 2053 1780 2100 erat
1808 2044 1856 2098 ei
1882 2056 2003 2112 qua:

412 2165 572 2218 supra
616 2155 858 2201 naturam
886 2152 1063 2210 erant,
1093 2151 1310 2212 propter
1341 2140 1444 2195 hoc
1469 2147 1525 2194 et
1549 2137 1778 2194 dicendo
1803 2149 2002 2192 nomen

415 2242 591 2296 Sarra:
631 2237 948 2308 signiticavit
986 2251 1143 2304 supra
1191 2233 1460 2288 hominem
1505 2245 1624 2286 esse
1661 2244 1784 2285 eum
1813 2228 1903 2298 qui
1950 2226 2004 2281 in

420 2330 819 2386 tabernaculum
847 2327 964 2396 ejus
994 2325 1304 2381 diverterat.
1335 2322 1424 2377 10.
1451 2321 1720 2376 Revertens
1746 2319 1898 2382 enim,
1927 2319 2008 2372 in-

419 2421 555 2491 quit,
587 2420 777 2473 veniam
820 2418 887 2471 ad
918 2426 966 2471 te
990 2415 1263 2470 secundum
1307 2425 1503 2482 tempus
1542 2411 1635 2464 hoc
1670 2411 1723 2463 in
1761 2409 1930 2473 horas,
1962 2417 2009 2460 et

423 2510 620 2567 habebit
646 2511 811 2580 ﬁlium
841 2506 1003 2563 Sarra
1026 2522 1154 2560 uxor
1175 2515 1281 2558 tua.
1311 2504 1451 2558 Ecce
1486 2500 1866 2571 hospitalitatis
1898 2501 2010 2553 fru-

425 2613 566 2666 ctus,
597 2615 722 2656 ecce
752 2598 1045 2653 alacritatis
1078 2597 1220 2650 illius
1249 2595 1399 2650 mira:
1429 2607 1658 2658 merces,
1702 2605 1827 2646 ecce
1863 2590 2012 2644 labo-

431 2710 548 2748 rmu
577 2692 749 2748 Sarra:
789 2689 1190 2745 retributiones.
1223 2685 1328 2740 Illa
1366 2695 1554 2744 autem,
1599 2684 1788 2754 inquit,
1821 2681 2012 2736 audivit

420 2788 572 2856 juxta
603 2785 783 2838 ostium
806 2781 1135 2846 tabernaculi,
1158 2790 1296 2833 stans
1327 2786 1436 2847 post
1457 2776 1604 2831 illud.
1640 2776 1723 2829 12.
1748 2773 1816 2828 Ει
1843 2784 1896 2826 ut
1921 2773 2016 2825 hac

428 2880 638 2945 audivit,
667 2879 776 2931 risit
801 2893 989 2940 secum,
1033 2874 1201 2927 dicens
1226 2890 1243 2927 :
1274 2870 1516 2924 Nondum
1545 2868 1747 2940 quidem
1773 2867 1894 2922 mihi
1919 2865 2015 2934 fuit

429 2987 585 3041 usque
608 2984 778 3034 nunc;
809 2967 1042 3020 dominus
1069 2973 1234 3017 autem
1262 2978 1399 3015 meus
1419 2975 1589 3014 senex.
1619 2958 1687 3012 Et
1717 2965 1773 3011 ut
1799 2963 2020 3012 excusa

436 3065 612 3118 divina
641 3061 914 3131 Scriptura
942 3059 1182 3123 Sarram,
1206 3055 1352 3125 prius
1380 3051 1721 3122 significavit:
1744 3050 1826 3104 11.
1859 3048 2022 3102 Abra-

441 3157 557 3208 ltam
585 3163 752 3206 autem
791 3161 835 3205 et
881 3150 1042 3204 Sarra
1069 3146 1318 3218 progressi
1346 3153 1485 3198 erant
1518 3144 1571 3195 in
1600 3142 1772 3196 diebus
1807 3141 1930 3194 suis.
1960 3139 2025 3193 Et

441 3260 615 3316 neque
653 3243 754 3297 hoc
787 3248 1036 3295 contenta
1073 3236 1256 3306 adjicit
1284 3253 1296 3290 :
1325 3234 1391 3287 Et
1432 3233 1680 3287 desierant
1715 3231 1888 3285 Sarra:
1916 3230 2026 3298 ﬁeri

438 3330 723 3391 muliebria.
772 3332 1052 3389 Arefactus
1099 3337 1235 3394 crat,
1283 3328 1472 3396 inquit,
1529 3325 1678 3389 fons,
1731 3332 2028 3378 cxcmcatus

440 3429 648 3493 oculus,
683 3424 894 3480 ofﬁcina
943 3423 1054 3492 ipsa
1097 3431 1207 3476 erat
1256 3419 1456 3472 inutilis
1497 3417 1652 3470 facta.
1685 3414 1766 3469 Ad
1791 3430 1908 3485 quzn
1946 3429 2029 3468 re-

444 3522 676 3592 spiciens
720 3518 901 3582 Sarra,
948 3515 1212 3585 cogitabat
1253 3510 1392 3581 apud
1429 3510 1770 3577 semetipsum
1819 3517 2031 3572 semen]

449 3628 604 3666 suam
649 3620 701 3665 ct
731 3615 1058 3663 senectutem
1098 3601 1412 3674 patriarchm
1440 3601 1508 3673 (υ.
1541 3599 1653 3668 12).
1681 3598 1876 3652 Verum
1907 3598 2034 3652 dum

451 3706 539 3759 illa
569 3705 706 3758 intra
740 3698 1134 3756 tabernaculum
1161 3698 1230 3749 ita
1270 3695 1484 3766 cogitat,
1515 3692 1558 3746 is
1590 3692 1678 3764 qui
1716 3692 1816 3746 scit
1843 3705 2035 3744 arcana

447 3794 665 3865 ruentis,
688 3794 1056 3851 demonstrare
1086 3788 1267 3846 volens
1295 3795 1348 3844 et
1373 3786 1584 3846 virtutis
1627 3799 1737 3842 sua:
1765 3783 2037 3840 cxcellcn~

451 3893 599 3954 tiam,
645 3898 701 3943 ct
750 3888 879 3940 nihil
930 3884 1198 3938 occultum
1242 3896 1301 3936 se
1343 3881 1528 3942 latere,
1586 3877 1714 3931 dicit
1763 3876 2035 3931 librabat:

449 3985 537 4038 15.
574 3980 677 4036 Cur
722 3979 832 4032 risit
878 3977 1043 4030 Sarra
1068 3974 1207 4044 apud
1255 3973 1495 4041 seipsam,
1527 3970 1697 4023 dicens
1727 3985 1744 4022 :
1775 3966 2041 4038 Numquid

450 4092 562 4129 vere
583 4071 819 4144 pariam?
845 4087 936 4138 ego
962 4078 1131 4123 autem
1159 4065 1320 4120 senui.
1351 4063 1476 4120 Ηωο
1501 4063 1642 4118 enim
1672 4062 1758 4116 illa
1785 4059 1924 4131 apud
1952 4074 2042 4114 se-

454 4165 735 4233 metipsum
791 4159 1077 4229 cogitabat.
1135 4156 1224 4210 14.
1283 4154 1422 4208 Nam
1465 4151 1794 4224 impossibile,
1851 4150 2043 4220 inquit,

456 4254 597 4324 apud
635 4253 793 4306 Deum
822 4249 1062 4304 verbum?
1093 4247 1234 4302 Ecce
1261 4246 1539 4300 manilcstc
1564 4233 1796 4312 seipsum
1823 4240 2041 4310 detegit.

458 4349 572 4404 Non
619 4347 786 4412 scitis,
829 4342 1019 4413 inquit,
1063 4355 1172 4406 me,
1213 4348 1415 4392 natura:
1458 4336 1717 4390 Dominus
1756 4349 1878 4389 cum
1917 4334 2039 4397 sim,

461 4439 640 4496 omnia
687 4451 843 4507 posse
884 4431 1098 4505 quando
1143 4431 1385 4496 voluero,
1433 4438 1488 4484 et
1533 4438 1797 4483 mortuam
1840 4440 2051 4496 quoque

464 4531 674 4586 vulvam
728 4526 1006 4582 fecundam
1051 4533 1105 4580 ct
1150 4523 1322 4594 partui
1363 4519 1606 4575 idoneam
1659 4519 1871 4574 lacere?
1908 4515 2050 4571 Num

463 4619 805 4693 impossibile,
872 4617 1077 4687 inquit,
1144 4612 1285 4684 apud
1342 4611 1509 4666 Deum
1571 4610 1806 4682 aliquid?
1864 4608 2053 4664 Nonne

471 4712 650 4768 omnia
702 4709 834 4764 facio
883 4717 938 4762 ct
979 4705 1333 4761 transformo?
1382 4718 1561 4758 nonne
1601 4704 1725 4756 vitae
1766 4709 1820 4757 et
1866 4700 2056 4754 mortis

469 4810 789 4877 potestatem
837 4798 1044 4855 habeo?
1074 4796 1218 4851 Num
1243 4796 1549 4867 impossibile
1589 4804 1660 4848 est
1695 4792 1890 4862 aliquid
1916 4792 2055 4861 ἄρηα

469 4895 679 4952 Deum?
708 4893 896 4948 Nonne
932 4891 1078 4960 prius
1117 4887 1217 4943 hoc
1263 4887 1530 4958 pollicitus
1568 4885 1725 4941 sum?
1767 4884 1904 4938 Num
1961 4899 2056 4954 p0-

471 4997 577 5042 test
609 4984 878 5056 quidpiam
909 4998 936 5034 a
967 4997 1052 5036 me
1085 4980 1284 5035 dictum
1311 4995 1416 5033 non
1456 4979 1509 5032 in
1546 4993 1680 5046 Opus
1703 4977 1888 5032 exire?
1917 4975 2054 5030 Audi

472 5079 653 5149 igitur,
685 5074 825 5146 quod
854 5073 919 5127 In
952 5073 1289 5143 temporehoc
1316 5081 1538 5125 revertar
1557 5071 1624 5124 ad
1651 5059 1780 5124 te'in
1806 5069 1980 5136 horas,
2015 5079 2060 5122 et

474 5173 567 5227 erit
606 5171 782 5226 Sarra!
811 5169 971 5240 ﬁlius.
1019 5168 1304 5237 Postquam
1350 5174 1640 5230 revertere,
1692 5163 1881 5233 inquit,
1928 5172 2061 5216 tem-

475 5278 605 5334 pore
635 5263 754 5327 hoc,
790 5269 914 5316 tunc
941 5260 1074 5316 sciet
1097 5276 1155 5314 re
1185 5259 1297 5328 ipsa
1333 5257 1496 5313 Sarra
1524 5255 1666 5326 quod
1697 5268 1869 5324 neque
1899 5269 2059 5308 senc-

475 5366 594 5408 ctus
616 5354 664 5410 ci
686 5353 958 5407 obstaculo
990 5350 1171 5416 fuerit,
1196 5365 1370 5421 neque
1400 5349 1652 5403 sterilitas
1681 5365 1694 5401 :
1724 5347 1817 5402 scd
1840 5345 2061 5401 verbum

478 5458 659 5499 meum
691 5458 795 5496 non
822 5442 1016 5512 poterit
1037 5442 1242 5496 irritum
1265 5440 1436 5505 reddi,
1470 5450 1520 5495 et
1551 5448 1730 5509 partus
1751 5454 1869 5494 eam
1899 5439 2060 5494 doce-

477 5534 559 5589 bit
583 5548 769 5588 eorum
799 5549 915 5603 quae
944 5549 974 5587 a
1003 5549 1087 5587 me
1112 5533 1252 5587 dicta
1295 5542 1418 5587 sunt
1455 5533 1767 5601 potentiam.
1796 5530 2064 5586 Cteterum

483 5634 540 5678 ut
567 5623 655 5679 illa
687 5623 907 5688 audivit,
939 5639 1110 5693 neque
1132 5624 1220 5677 illa
1244 5639 1362 5694 quae
1388 5625 1643 5692 cogitaret
1672 5639 1790 5681 esse
1815 5625 2064 5694 praesenti

484 5717 712 5784 occulta,
753 5715 839 5770 15.
888 5713 1104 5786 Negavit
1144 5715 1353 5771 dicens:
1383 5713 1506 5770 Non
1548 5716 1658 5770 risi.
1697 5715 1880 5772 Timor
1923 5716 2066 5771 enim

1103 281 1160 338 S.
1200 278 1476 337 .IOANNIS
1514 266 1986 333 CHRYSOSTOMI
2027 265 2342 323 ARCIIIEP.
2384 262 2916 320 CONSTANTINOP.

3572 260 3662 314 3M

2087 390 2431 437 concusserat
2469 380 2586 451 ejus
2629 389 2884 436 mentem.
2929 379 3218 449 Propterea
3259 376 3537 447 Scriptura
3579 377 3668 432 hoc

2089 482 2258 527 totout
2299 472 2592 528 inﬁrmitati
2633 471 2750 542 ejus
2791 471 3029 526 tribuens
3067 469 3255 540 inquit,
3301 468 3509 522 Timore
3549 471 3668 520 enim

2089 565 2352 632 perterrita
2389 564 2508 636 fuit.
2549 563 2744 619 Verum
2785 561 3084 633 patriarcha
3117 563 3246 617 dicit
3282 561 3329 616 ei
3357 577 3374 616 :
3401 559 3544 623 Non,
3595 568 3668 614 sed

2087 657 2264 712 risisti.
2292 655 2369 711 Ne
2399 664 2572 726 putes,
2606 655 2796 726 inquit,
2825 654 2950 710 licet
2977 655 3029 708 in
3057 654 3236 707 animo
3265 652 3380 708 lucc
3409 660 3663 706 tractave-

2088 748 2186 814 ris,
2215 755 2270 803 et
2297 748 2349 802 in
2379 749 2589 802 occulto
2627 746 2832 810 riseris,
2865 747 2980 800 haec
3001 758 3162 816 posse
3187 743 3442 798 abscondi
3483 741 3551 794 ab
3573 744 3672 809 ejus

2090 841 2178 910 qui
2211 839 2429 894 advenit
2451 840 2648 894 virtute
2672 847 2727 893 et
2759 836 3006 894 scicntia.
3041 836 3220 905 Itaque
3247 849 3448 905 negare
3490 832 3671 886 facturn

2092 935 2220 999 noli,
2250 949 2317 990 ne
2359 932 2526 988 addas
2564 931 2631 986 ad
2673 939 2979 1002 peccatum.
3011 929 3197 998 Magna
3240 930 3386 982 enim
3421 927 3585 980 hodie
3619 928 3673 980 ab

2095 1023 2196 1080 hac
2221 1023 2582 1092 hoSpitalitate
2611 1023 2766 1077 nobis
2794 1020 3113 1091 provenient
3135 1019 3294 1072 bona.

2165 1118 2218 1171 7.
2264 1115 2478 1170 Muralis
2524 1114 2826 1168 exhortatio.
2861 1111 3108 1166 —Huuc
3155 1109 3428 1164 imitemur
3477 1122 3679 1172 omnes,

2095 1220 2148 1266 et
2172 1223 2414 1278 magnam
2447 1221 2697 1278 geramus
2723 1203 3098 1274 hospitalitatis
3124 1215 3306 1258 curam
3334 1219 3348 1255 :
3381 1214 3493 1255 non
3521 1209 3580 1253 ut
3603 1201 3680 1253 llu~

2095 1315 2282 1356 xorum
2306 1307 2360 1353 et
2382 1295 2804 1366 corruptibilium
2845 1292 3252 1350 retributionem
3275 1291 3454 1347 solum
3478 1291 3684 1359 accipi»

2027 1402 2034 1410 '
2097 1407 2216 1445 mus
2235 1432 2249 1454 ,
2273 1389 2368 1445 sed
2395 1397 2452 1443 ut
2477 1403 2796 1458 reponamus
2825 1386 2979 1440 nobis
3003 1383 3163 1439 etiam
3193 1382 3582 1439 immortaliu
3610 1382 3685 1435 bo-

2097 1497 2286 1536 norum
2313 1480 2636 1534 fruitionem.
2676 1477 2807 1532 Nam
2832 1479 2878 1531 si
2901 1478 3001 1530 hoc
3037 1475 3258 1530 facimus
3279 1517 3295 1541 ,
3314 1488 3419 1529 nos
3438 1472 3598 1527 etiam
3617 1472 3687 1525 hic

2097 1571 2365 1626 Christum
2391 1571 2744 1639 suscipiemus
2766 1609 2782 1636 ,
2813 1577 2870 1624 et
2897 1568 3147 1638 suscipiet
3173 1567 3338 1622 etiam
3385 1566 3506 1632 ipso
3532 1580 3624 1617 nos
3647 1565 3686 1618 in

2101 1664 2463 1720 mansionibus
2500 1663 2603 1718 illis
2627 1678 2745 1733 quae
2771 1662 2838 1716 ab
2858 1670 3060 1715 artemo
3088 1665 3399 1729 praeparata:
3429 1667 3560 1712 sunt
3587 1655 3690 1710 dili-

2099 1755 2340 1826 gentibus
2369 1754 2540 1824 ipsutn
2561 1801 2576 1820 ,
2617 1751 2996 1821 audiemusque
3024 1748 3094 1803 ab
3118 1762 3183 1804 eo
3224 1767 3236 1801 :
3275 1746 3489 1809 Venite,
3519 1747 3692 1800 baiuli-

2102 1849 2170 1902 cti
2185 1846 2368 1903 Patris
2392 1847 2517 1910 mei,
2543 1845 2598 1899 in
2618 1845 2945 1899 hereditatem
2969 1843 3180 1911 accipite
3213 1850 3566 1911 prwpammn
3584 1841 3696 1893 ubis

2104 1954 2314 2008 regnum
2337 1937 2398 1990 ab
2423 1937 2614 2007 origine
2640 1935 2814 1989 mundi
2833 1933 3048 2004 (Matth.
3071 1934 3161 1988 25.
3187 1931 3397 2001 54.36).
3414 1929 3584 1998 Cujus
3599 1944 3696 1998 grs-

2109 2031 2178 2084 tia
2219 2039 2272 2085 et
2327 2037 2543 2099 propter
2593 2027 2763 2098 quid?
2791 2025 3001 2080 Esurivi
3049 2023 3219 2090 enim,
3248 2032 3294 2076 et
3334 2020 3552 2075 dedistis
3600 2021 3697 2072 mihi

2109 2121 2454 2174 manducare:
2488 2119 2621 2173 sitiui
2642 2159 2660 2183 ,
2689 2126 2735 2172 et
2776 2116 2986 2186 potestis
3013 2131 3092 2168 me
3114 2129 3134 2168 :
3185 2113 3490 2183 peregrinus
3533 2111 3628 2181 fui,
3663 2121 3698 2163 et

2110 2213 2381 2282 collegistis
2399 2229 2475 2266 me
2491 2213 2573 2266 :in
2589 2227 2785 2265 carcere
2809 2211 2907 2282 fui,
2927 2219 2971 2263 et
2996 2209 3234 2262 invisistis
3262 2223 3361 2260 me.
3383 2206 3526 2271 Quid
3553 2207 3700 2258 minus

2113 2305 2396 2360 molestum
2441 2318 2598 2373 quam
2650 2302 2802 2357 hinc?
2847 2301 2982 2355 Num
3029 2297 3271 2369 praecipit
3309 2296 3470 2352 nobis
3516 2298 3700 2350 uriose

2112 2394 2339 2450 scrutari
2368 2403 2425 2449 et
2472 2391 2762 2463 inquirere,
2804 2391 3118 2462 quibusnam
3169 2388 3495 2444 deberemus
3539 2401 3698 2441 curam

2114 2485 2406 2541 exhibere?
2441 2484 2520 2540 Tu
2567 2485 2710 2555 quod
2747 2493 2894 2539 tuum
2924 2490 3038 2548 est,
3073 2479 3270 2551 inquit,
3305 2478 3564 2544 ostende,
3606 2479 3704 2532 licet

2116 2576 2356 2647 abjecttts
2401 2587 2455 2634 et
2480 2578 2600 2633 vilis
2625 2577 2715 2643 sit,
2769 2587 2828 2631 ut
2849 2585 3108 2647 apparet,
3141 2587 3300 2642 quem
3355 2571 3559 2628 foves:
3611 2589 3706 2643 quae

2118 2672 2261 2724 enim
2283 2669 2335 2724 in
2363 2669 2481 2725 illos
2501 2670 2635 2724 facta
2655 2677 2801 2735 sunt,
2825 2681 2926 2738 ego
2945 2677 3003 2722 ut
3027 2667 3156 2722 mihi
3181 2667 3280 2739 ipsi
3304 2666 3446 2722 facta
3477 2679 3707 2734 agnoseo.

2123 2764 2409 2833 Propterea
2428 2761 2633 2817 addidit
2654 2778 2667 2813 :
2689 2760 2753 2814 In
2775 2771 3020 2830 quantuni
3045 2760 3233 2831 fecistis
3253 2759 3342 2814 uni
3359 2761 3586 2829 fratrum
3604 2773 3712 2809 uico-

2123 2869 2240 2906 rum
2268 2853 2621 2918 minimarum,
2649 2850 2774 2904 milii
2802 2849 2986 2920 fecistis
3016 2847 3175 2920 (Ibid.
3199 2864 3250 2904 tt.
3271 2849 3388 2918 40).
3425 2847 3591 2916 Igitur
3615 2862 3712 2899 cum

2127 2954 2271 3000 tanta
2299 2959 2365 3000 ex
2397 2943 2754 3014 hospitalitate
2789 2944 2898 2997 sint
2929 2941 3108 3007 lucra,
3137 2956 3242 2995 non
3291 2949 3713 3000 contemnamus,

2127 3038 2225 3096 scd
2252 3035 2490 3106 quotidie
2535 3035 2693 3104 hujus
2724 3035 2878 3090 bona;
2905 3031 3278 3103 negotiationis
3307 3044 3521 3088 merces
3548 3028 3716 3083 inferre

2129 3116 2459 3196 Studeamus,
2512 3129 2742 3184 scientes
2791 3127 3070 3182 Dominum
3117 3134 3359 3182 nostrum
3412 3123 3716 3178 alacritatem

2133 3234 2398 3291 magnam,
2446 3234 2551 3272 non
2596 3217 2836 3273 ciborum
2884 3216 3091 3285 pondus
3118 3217 3394 3286 requirere
3415 3255 3428 3276 ,
3449 3230 3562 3269 non
3588 3227 3714 3267 taen-

2133 3327 2245 3370 sam
2273 3317 2659 3379 sumptuosam,
2690 3307 2786 3362 sed
2831 3317 3062 3362 mentem
3090 3306 3317 3362 hilarem
3338 3348 3352 3371 ,
3381 3320 3488 3359 non
3545 3313 3722 3358 tantum

2135 3401 2492 3456 ministerium
2525 3415 2553 3453 a
2584 3398 2740 3454 nudis
2769 3398 2968 3463 verbis,
2997 3397 3091 3452 sed
3112 3399 3388 3454 caritatem
3420 3411 3450 3450 a
3479 3411 3615 3466 puro
3635 3397 3717 3448 siu-

2138 3508 2368 3564 ceroque
2418 3493 2599 3548 corde.
2631 3491 2832 3546 Idcirco
2883 3501 2939 3546 et
2991 3491 3203 3561 sapiens
3241 3489 3458 3560 quidam
3505 3489 3721 3543 dicelnt:

2141 3586 2326 3640 Melior
2364 3601 2526 3638 sermo
2548 3601 2699 3653 quant
2721 3600 2901 3638 manus
2933 3583 3121 3655 (Eccli.
3151 3583 3239 3638 I8.
3266 3582 3379 3654 Mi).
3426 3582 3589 3652 Saepe
3613 3582 3724 3635 enim

2142 3678 2405 3736 sermonis
2428 3678 2742 3750 obsequium
2771 3675 2940 3747 magis
2962 3686 3171 3733 recreat
3195 3675 3526 3747 indigentem
3552 3716 3568 3740 ,
3596 3689 3724 3744 quam

2144 3776 2346 3831 donum
2371 3776 2563 3844 ipsum.
2594 3773 2720 3826 Ilaec
2755 3788 2877 3826 cum
2905 3774 3172 3836 sciamus,
3205 3786 3272 3825 ne
3297 3771 3466 3826 simus
3513 3769 3728 3824 dilticii-s

2147 3885 2269 3940 erga
2299 3883 2392 3922 eos
2433 3868 2522 3939 qui
2552 3865 2617 3922 ad
2649 3845 2746 3920 nos
2773 3863 3032 3920 accedunt
3057 3882 3072 3918 :
3098 3864 3192 3918 sed
3224 3863 3268 3918 si
3311 3862 3642 3932 potuerimus
3663 3875 3730 3913 co-

2147 3979 2266 4018 rum
2296 3963 2528 4030 inopiam
2551 3960 2862 4021 sublevare,
2891 3958 2993 4013 hoc
3019 3957 3273 4012 faciamus
3301 3971 3425 4010 cum
3438 3954 3636 4025 gaudio
3659 3955 3733 4004 Le-

2151 4057 2371 4126 titiaque
2406 4070 2598 4125 magna
2627 4071 2640 4108 :
2675 4061 2859 4108 nonut
2901 4052 3197 4122 praebentes
3227 4049 3426 4120 aliquid
3446 4091 3461 4113 ,
3496 4048 3592 4103 sed
3619 4049 3733 4100 utab

2152 4149 2228 4203 cis
2255 4148 2482 4202 tnaxima
2510 4145 2831 4216 accipientes
2863 4161 2876 4197 :
2905 4143 3046 4213 quod
3094 4143 3136 4199 si
3185 4158 3291 4198 non
3340 4156 3626 4212 possumus
3646 4181 3661 4206 ,
3688 4155 3734 4191 ne

2153 4243 2321 4300 simus
2347 4241 2523 4312 asperi
2552 4241 2604 4295 in
2658 4255 2752 4294 eos
2783 4256 2795 4294 :
2827 4237 2922 4294 sed
2951 4237 3128 4292 verbis
3152 4237 3345 4292 saltem
3370 4249 3564 4290 eorum
3587 4247 3734 4288 cum:

2155 4350 2408 4404 agamus,
2471 4343 2525 4388 et
2573 4348 2694 4387 cum
2745 4329 3149 4386 mansuetudine
3192 4327 3619 4398 restiondeamus
3662 4329 3734 4378 eis.

2156 4426 2332 4493 Quare
2368 4425 2511 4480 enim
2537 4423 2668 4478 dure
2692 4421 2983 4492 compellas
3023 4419 3172 4476 eum?
3218 4419 3356 4476 Num
3401 4420 3592 4489 cogit?
3643 4429 3734 4469 null

2160 4519 2268 4572 vim
2296 4516 2461 4572 facit?
2492 4516 2622 4570 Orat
2645 4557 2659 4580 ,
2689 4515 2970 4584 supplicat,
3001 4512 3246 4572 obsecrat
3269 4529 3283 4564 :
3311 4512 3400 4580 qui
3444 4499 3734 4565 autcmﬁrc

2163 4609 2322 4674 facit,
2352 4607 2674 4662 contumelia
2701 4604 2891 4675 dignus
2920 4619 3026 4657 non
3055 4613 3156 4656 est.
3189 4601 3327 4667 Quid
3367 4599 3530 4664 dico,
3564 4611 3672 4654 orat
3704 4603 3734 4650 ά

2163 4696 2445 4769 supplicat?
2477 4697 2754 4752 Innumera
2800 4695 2937 4750 bene
2964 4703 3280 4763 apprecatur
3302 4732 3317 4756 ,
3345 4700 3404 4745 et
3449 4691 3566 4744 haec
3594 4689 3734 4742 omni]

2169 4790 2294 4846 facit
2323 4804 2419 4860 pro
2443 4804 2546 4843 uno
2578 4787 2736 4843 obolo
2755 4828 2772 4853 ,
2803 4800 2975 4856 neque
3002 4793 3177 4838 tamen
3207 4784 3354 4837 illum
3380 4796 3678 4852 erogantus.
3702 4780 3733 4830 LI

2165 4899 2325 4954 quam
2368 4897 2717 4953 assequemur
2747 4878 2998 4935 veniam?
3027 4892 3186 4947 quam
3227 4877 3546 4931 habebimus
3589 4874 3734 4927 deleo

2167 4977 2407 5034 sionem?
2439 4977 2543 5046 Ipsi
2585 4975 2800 5046 quidem
2830 4973 3066 5044 quotidie
3109 4972 3306 5026 lautam
3335 4985 3576 5024 mensam
3627 4969 3734 5022 uois-ii

2167 5071 2359 5142 apponi
2390 5084 2640 5125 curamus
2659 5109 2674 5136 ,
2720 5078 2774 5122 et
2823 5082 2968 5136 saepe
2998 5065 3118 5136 plus
3147 5079 3310 5134 quam
3339 5077 3465 5117 usus
3519 5062 3718 5130 requirit

2173 5165 2529 5220 iusumimus:
2565 5163 2668 5219 illis
2708 5177 2835 5217 vero
2875 5177 3049 5230 neque
3076 5174 3300 5229 parvum
3321 5157 3450 5228 quid
3489 5155 3734 5213 cei-tmarii

2171 5273 2376 5323 camus,
2400 5256 2556 5327 idque
2572 5269 2693 5310 cum
2712 5255 2986 5309 innumera
3011 5251 3147 5306 bona
3168 5266 3259 5320 per
3277 5249 3375 5304 hos
3400 5265 3498 5304 nos
3512 5248 3734 5302 habitura

2173 5358 2566 5420 exspectemus.
2631 5347 2737 5402 Sed
2781 5361 2817 5400 ο
2868 5359 3112 5414 magnam
3180 5341 3476 5396 desidiam!
3524 5339 3734 5407 Quantae

2174 5441 2314 5495 enim
2372 5439 2496 5494 hinc
2530 5439 2793 5509 jacturam
2844 5434 3104 5491 facimus?
3145 5442 3405 5503 quantum
3437 5427 3560 5486 lucri
3591 5448 3620 5484 e
3662 5443 3734 5480 nia

2174 5519 2330 5587 Illde
2385 5532 2585 5586 nostris
2661 5529 2924 5585 excedere
2992 5527 3390 5596 permittimus?
3442 5524 3734 5579 Occasionem

2176 5634 2373 5678 nostra:
2401 5623 2591 5677 salutis
2628 5639 2657 5676 a
2682 5623 2788 5676 Deo
2818 5620 2973 5674 nobis
2997 5619 3172 5672 datam
3204 5618 3586 5681 amandanms,
3616 5627 3734 5679 aestu

2175 5717 2496 5785 Cogitamus,
2527 5716 2604 5770 vel
2649 5715 2699 5770 in
2749 5723 2928 5769 mente
2987 5726 3265 5767 versamus
3312 5710 3435 5764 hinc
3479 5710 3734 5780 patritam
