3750 6240
90 245 197 302 385

102 359 243 413 Ἀλλ’
266 362 295 414 6
325 359 381 414 δέ
410 358 618 423 δίκαιος
649 350 805 423 οὗτος
836 356 991 421 είδὼς
1039 358 1182 430 ὅπερ
1218 355 1503 427 εἰργάζετο
1524 395 1539 419 ,
1581 353 1673 407 διὰ

88 445 197 496 τῶν
234 443 522 510 γινομένων
556 442 810 497 ἁπάντων
840 442 1048 495 ἐδείκνυ
1068 440 1166 511 τῆς
1199 439 1377 511 ψυχῆς
1402 439 1501 509 τὴν
1533 455 1672 508 προ-

88 522 308 595 θυμίαν.
344 523 454 576 Καὶ
492 522 677 595 ἐπειδὴ
706 522 842 594 μετά
874 523 1151 593 δαψιλείας
1185 524 1279 576 καὶ
1331 520 1529 592 πολλῆς
1572 521 1675 588 τῆς

97 607 411 677 ἱλαρότητος
439 605 657 676 ἔσπειρε
689 606 788 676 τὴν
817 604 1150 675 φιλοξενίαν,
1200 605 1539 677 παραχρῆμα
1577 602 1674 655 δα-

85 690 235 754 ψιλεῖ
284 691 348 758 τῇ
388 689 532 759 χειρὶ
586 690 654 742 τὰ
706 688 994 759 δράγματα
1028 689 1259 760 ἐδέχετο.
1302 688 1518 759 Ἐπειδὴ
1569 686 1676 757 γὰρ

87 775 302 826 ἅπαντα
322 772 391 824 τά
417 774 548 843 παρ’
575 772 768 826 ἐαυτοῦ
795 774 1105 844 ἐπλήρωσε,
1162 774 1259 827 καὶ
1292 772 1444 826 οὐδὲν
1472 775 1673 839 ἐγκατ-

83 858 296 920 έλιπεν,
333 854 467 909 ἀλλά
493 856 646 920 τέλος
680 856 839 911 ἔλαϐε
864 858 929 912 τὰ
954 859 1049 929 τῆς
1069 857 1392 926 φιλοξενίας,
1422 856 1514 908 καὶ
1536 853 1673 907 ἐδεί-

84 939 191 1010 χθη
224 938 316 993 τοῦ
345 940 555 994 δικαίου
583 943 617 1010 ή
652 942 822 1012 ἀρετή
849 958 863 972 ·
920 941 1045 994 τότε
1075 941 1260 994 λοιπὸν
1286 981 1300 1005 ,
1337 940 1423 993 ἵνα
1471 939 1614 1010 μάθῃ
1644 940 1674 991 6

83 1022 293 1085 δίκαιος
339 1024 470 1076 οἴων
502 1023 754 1094 ἐπέτυχε,
807 1024 902 1078 καὶ
938 1025 1060 1078 ὅσον
1108 1023 1257 1093 αὐτῷ
1290 1024 1399 1077 τῶν
1455 1021 1673 1091 ἀγαθῶν

85 1106 237 1158 αἰτία
269 1106 560 1175 γεγένηται
590 1109 625 1176 ἡ
652 1108 752 1176 τῆς
785 1106 1090 1176 φιλοξενίας
1126 1107 1380 1168 ὑπόθεσις
1400 1148 1415 1171 ,
1442 1104 1676 1158 ἐκκαλύ-

84 1204 213 1240 πτει
242 1189 479 1241 ἐαυτὸνό
499 1189 912 1259 παραγεγονὼς,
945 1190 1039 1243 καὶ⁵
1068 1190 1211 1243 κατὰ
1242 1188 1433 1259 μικρὸν
1458 1188 1670 1240 ὑποδεί-

84 1287 244 1324 κνυσι
279 1270 357 1341 τῷ
377 1272 570 1342 δικαίῳ
606 1275 705 1343 τῆς
764 1274 968 1337 οἰκείας
997 1272 1276 1343 δυνάμεως
1322 1270 1383 1323 τὸ
1422 1271 1669 1341 μέγεθος.

97 1353 246 1406 Ἰδὼν
270 1355 378 1425 γὰρ
416 1355 578 1408 αὑτὸν
609 1356 936 1427 παρεστῶτα
967 1357 1120 1428 παρὰ
1145 1356 1241 1427 τὴν
1276 1353 1406 1426 δρῦν
1428 1395 1441 1415 ,
1469 1355 1561 1406 καὶ
1585 1354 1672 1408 διὰ

80 1437 186 1507 τῆς
243 1438 483 1501 στάσεως
516 1437 613 1508 τὴν
648 1440 848 1511 πολλὴν
877 1440 1046 1511 τιμὴν
1098 1440 1192 1493 καὶ
1226 1438 1326 1509 τὴν
1374 1437 1672 1508 θεραπείαν

81 1518 545 1591 ἐπιδεικνύμενον,
565 1522 697 1591 φησὶ
714 1522 850 1593 πρὸς
872 1523 1035 1576 αὐτόν
1054 1538 1070 1551 ‘
1099 1520 1225 1576 Ποῦ
1240 1521 1437 1589 Σάέρα
1456 1521 1494 1588 η
1516 1518 1669 1590 γυνή

81 1616 235 1665 σονς
294 1603 506 1666 Εὐθέως
546 1604 634 1657 διὰ
678 1605 775 1675 τῆς
826 1606 1149 1676 ἐρωτήσεως
1173 1602 1469 1675 παρῄνιξεν
1498 1601 1666 1673 αὐτῷ,

80 1686 297 1749 δεικνὺς
322 1685 396 1749 ὼς
426 1687 523 1756 οὐχ
557 1688 587 1740 6
608 1687 786 1757 τυχών
814 1689 961 1741 ἐστιν
992 1691 1021 1741 6
1065 1685 1487 1758 παραγεγονὼς,
1521 1686 1573 1738 εί
1603 1701 1668 1753 γε

82 1771 180 1822 καὶ
211 1769 311 1839 τῆς
338 1770 597 1838 γυναικὸς
631 1770 795 1824 αὑτοῦ
839 1771 937 1843 τήν
977 1771 1347 1842 προσηγορίαν
1376 1768 1664 1839 ἠπίστατο.

94 1854 155 1905 '0
186 1852 244 1905 δέ
295 1870 459 1923 φησιν
482 1866 494 1877 ’
536 1854 680 1907 Ἰδοὺ
705 1856 774 1907 ἐν
798 1854 873 1924 τῇ
902 1852 1127 1923 σκηνῇ.
1181 1855 1291 1907 Καὶ
1320 1854 1443 1907 ἐπεὶ
1475 1852 1668 1923 ἔμελλε

80 1936 285 1999 λοιπὸν,
311 1937 385 1999 ὡς
417 1936 568 2000 Θεὸς,
615 1937 992 2007 ὑπισχνεῖσθαι
1025 1936 1174 2010 αὐτῷ
1210 1937 1279 1991 τά
1310 1937 1450 2003 ὺπέρ
1484 1938 1666 2006 φύσιν,

78 2020 170 2073 διά
194 2019 352 2072 τοῦτο
383 2020 473 2073 καὶ
502 2020 582 2091 τῷ
605 2023 779 2074 εἰπεῖν
803 2021 901 2093 τήν
933 2022 1303 2094 προσηγορίαν
1327 2023 1424 2093 τῆς
1454 2022 1668 2093 Σάρρας

78 2104 377 2173 ἐσήμανεν,
401 2103 481 2155 ὅτι
512 2104 653 2175 ύπέρ
679 2103 963 2174 ἄνθρωπόν
993 2108 1142 2161 ἐστιν
1175 2107 1203 2159 6
1228 2105 1308 2169 είς
1332 2106 1430 2175 τὴν
1465 2104 1667 2176 σκηνὴν

78 2185 243 2238 αὐτοῦ
267 2186 579 2256 καταχθείς.
617 2187 1122 2256 Ἐπαναστρέςρων
1142 2187 1252 2257 γὰρ
1273 2226 1290 2253 ,
1330 2187 1516 2258 φησὶν,
1544 2187 1669 2255 ἥξω

76 2269 229 2336 πρὸς
264 2270 341 2322 σὲ
376 2269 527 2323 κατὰ
564 2268 671 2322 τὸν
706 2270 918 2337 καιρὸν
956 2268 1173 2325 τοῦτον
1209 2274 1296 2337 είς
1331 2270 1509 2336 ὥρας,
1564 2270 1664 2324 καί

75 2354 197 2417 ἔξει
253 2353 390 2407 υἱὸν
444 2354 644 2422 Σάρρα
681 2356 718 2422 ἡ
765 2352 919 2424 γυνή
959 2369 1111 2408 σου·
1184 2355 1315 2408 Ἰδοὺ
1362 2355 1459 2423 τῆς
1518 2353 1669 2422 φιλο-

76 2436 255 2500 ξενίας
291 2437 342 2488 οἱ
380 2438 622 2507 καρποὶ,
668 2437 775 2491 ἰδοὺ
809 2437 908 2507 τῆς
940 2436 1247 2507 προθυμίας
1282 2437 1381 2508 τῆς
1414 2439 1665 2489 ἐπιτετα-

77 2521 248 2589 μένης
288 2522 317 2572 6
359 2520 579 2590 μισθὸς,
627 2519 735 2573 ίδοὺ
775 2520 884 2574 τῶν
924 2521 1186 2590 καμάτων
1223 2521 1325 2591 τῆς
1364 2521 1581 2592 Σάρρας
1610 2522 1664 2574 αί

71 2602 320 2672 ἀμοιϐαί.
374 2602 608 2669 Ἔκείνη
659 2601 748 2669 δὲ,
800 2603 1003 2673 φησὶν,
1053 2602 1285 2671 ἤκουσε
1332 2607 1493 2672 παρὰ
1551 2602 1667 2671 τὴν

71 2688 263 2754 θύραν
302 2685 412 2755 τῆς
448 2685 712 2754 σκηνῆς,
753 2685 995 2740 ἑστῶσα
1031 2686 1305 2741 ὄπισθεν.
1341 2688 1452 2742 Καὶ
1488 2687 1665 2741 τοῦτο

68 2771 417 2833 ἀκούσασα,
445 2771 699 2841 ἐγέλασε
724 2773 854 2825 καθ’
880 2770 1127 2839 ἑαυτὴν,
1147 2771 1418 2841 λέγουσα
1437 2788 1451 2801 ·
1491 2772 1665 2825 Οὔπω

63 2854 183 2924 μέν
216 2874 279 2921 μί
303 2873 322 2908 ι
357 2854 605 2923 γέγονεν
640 2853 755 2921 ἕως
787 2856 893 2910 τοῦ
931 2856 1082 2910 νῦν·
1124 2858 1157 2910 ό
1195 2855 1266 2909 δὲ
1304 2856 1510 2924 κύριός
1544 2872 1664 2924 μου

63 2939 493 3007 πρεσϐύτερος.
535 2939 645 2992 Καὶ
685 2939 772 2994 ἵνα
798 2940 1208 3017 ἀπολογήσηται
1243 2942 1277 3011 ή
1316 2939 1437 2995 θεία
1470 2940 1663 3012 Γραφή

62 3021 211 3092 ὑπὲρ
258 3021 359 3092 τῆς
408 3022 662 3093 Σάρρας,
710 3022 1058 3094 προλαϐοῦσα
1108 3024 1524 3094 ἐπεσημήνατο,
1581 3024 1663 3077 ὅτι

72 3105 331 3175 Ἀϐραὰμ
385 3105 453 3159 δὲ
488 3106 583 3160 καί
615 3105 848 3177 Σάρρα,
901 3110 1336 3177 προϐεϐηκότες
1377 3104 1541 3178 ἦσαν
1593 3108 1664 3161 ἐν

58 3192 199 3258 ταῖς
237 3192 483 3260 ἡμέραις
507 3192 724 3251 αὐτῶν.
752 3195 861 3247 Καὶ
886 3194 1007 3248 ούδέ
1037 3208 1063 3236 ι
1102 3196 1266 3266 μέχρι
1285 3193 1474 3247 τούτου
1504 3191 1658 3264 ἔστη,

56 3275 204 3329 ἀλλά
224 3273 379 3347 [421]
412 3293 597 3346 φησιν·
644 3276 922 3341 Ἐξέλιπε
956 3277 1025 3330 δὲ
1055 3277 1253 3345 Σάρῤᾳ
1294 3278 1563 3347 γίνεσθαι
1590 3279 1663 3332 τὰ

53 3358 398 3430 γυναικεῖα.
451 3359 838 3431 Ἐξηραμμένη
896 3356 986 3431 ἦν,
1038 3361 1224 3431 φησὶν,
1276 3363 1309 3431 ή
1349 3360 1540 3432 πηγὴ,
1576 3378 1662 3415 τε-

53 3444 321 3513 τύφλωτο
348 3444 377 3496 6
402 3442 699 3513 ὀφθαλμὸς,
737 3443 871 3496 αὐτὸ
903 3443 964 3496 τὸ
992 3445 1351 3514 ἐργαστήριον
1383 3439 1451 3514 ἦν
1482 3462 1661 3516 πεπη-

56 3528 337 3599 ρωμένον.
376 3528 452 3578 Δι’
480 3526 509 3579 6
541 3526 802 3597 ἀιρορῶσα
841 3526 978 3597 πρὸς
1016 3526 1188 3581 ταῦτα
1218 3529 1250 3597 ή
1294 3526 1503 3599 Σάρρα,
1539 3528 1659 3582 καθ’

55 3612 270 3681 ἑαυτὴν
295 3609 565 3677 ἐλογίζετο
589 3611 687 3680 τήν
718 3626 779 3662 τε
818 3611 1018 3680 ἑαυτῆς
1046 3610 1282 3680 ήλικίαν,
1314 3611 1376 3663 τό
1404 3629 1460 3663 τε
1486 3612 1659 3682 γῆρας

53 3694 157 3747 τοῦ
186 3692 551 3763 πατριάρχου.
573 3692 712 3745 Ἀλλ’
741 3692 957 3763 ἐκείνης
978 3692 1118 3746 κατὰ
1138 3693 1237 3761 τὴν
1264 3695 1466 3765 σκηνὴν
1488 3694 1660 3750 ταῦτα

54 3776 445 3847 λογιζομένης,
476 3777 505 3828 6
540 3774 609 3829 τὰ
637 3776 924 3847 ἀπόρρητα
954 3776 1052 3846 τῆς
1081 3776 1318 3840 διανοίας
1358 3778 1656 3849 ἐπιστάμε-

56 3879 175 3925 νος,
205 3859 377 3924 δεῖξαι
408 3858 730 3929 βουλόμενος
758 3861 853 3912 καὶ
884 3859 984 3929 τῆς
1010 3859 1217 3924 οίκείας
1243 3860 1525 3931 δυνάμεως
1558 3862 1657 3933 τὴν

57 3944 399 4015 ὑπερϐολὴν,
435 3944 530 3997 καὶ
559 3944 642 3996 ὅτι
671 3942 825 3996 οὐδὲν
854 3943 1018 3995 αὑτὸν
1062 3943 1317 4000 λανθάνει
1355 3944 1462 3998 τῶν
1487 3946 1659 4018 ἀπορ-

61 4030 273 4098 ρήτων,
310 4027 444 4096 φησὶ
497 4025 635 4097 πρὸς
695 4026 789 4079 τὸν
840 4026 1108 4098 Ἀϐραάμ·
1148 4027 1215 4080 Τί
1265 4028 1355 4082 ὅτι
1400 4027 1658 4097 ἐγέλασε

60 4110 267 4179 Σάρῤα
285 4111 354 4163 ἐν
376 4109 559 4177 ἑαυτῇ
571 4108 859 4178 λέγουσα·
879 4105 1032 4179 Ἀρά
1048 4128 1113 4179 γε
1133 4111 1368 4179 ἀληθῶς
1381 4111 1652 4182 τέξομαι,

58 4193 180 4262 ἐγὼ
211 4193 282 4245 δὲ
315 4192 635 4261 γεγήρακα.
672 4192 857 4246 Ταῦτα
900 4194 1006 4265 γὰρ
1046 4195 1227 4265 ἐκείνη
1259 4196 1317 4249 ἐν
1346 4196 1513 4266 ἑαυτῇ
1540 4196 1658 4250 ἐλο-

59 4278 269 4345 γίζετο.
307 4276 402 4343 Μὴ
437 4274 742 4337 ἀδυνατεῖ,
779 4276 931 4347 φησὶ,
964 4268 1129 4345 παρὰ
1165 4274 1245 4342 τῷ
1298 4277 1418 4343 Θεῷ
1449 4280 1616 4348 ῥῆμα
1637 4296 1655 4343 ;

72 4360 212 4413 Ἰδοὺ
245 4359 493 4430 φανερῶς
532 4360 721 4412 ἐαυτὸν
744 4359 1095 4429 ἐξεκάλυψεν.
1129 4360 1242 4413 Οὐκ
1277 4361 1421 4426 ἴστε,
1451 4364 1614 4432 φησὶν
1638 4403 1655 4430 ,

46 4446 145 4540 ἔτι
313 4441 628 4540 φλύρεωςῖὺν
652 4442 946 4540 ρεσπότης
982 4444 1159 4540 ’πάντα
1191 4442 1466 4540 δύναμαι,
1512 4448 1655 4540 άπερ

58 4524 129 4579 ἄν
167 4524 437 4596 βουληθῶ,
474 4527 568 4579 καὶ
612 4526 710 4597 τήν
737 4526 1107 4597 νεκρωθεῖσαν
1138 4528 1351 4597 μήτραν
1384 4528 1655 4599 ζωογονῆ-

57 4628 179 4674 σαι,
213 4611 307 4664 καὶ
340 4610 650 4679 ἐπιτηδείαν
699 4612 1139 4676 κατασκευάσαι;
1185 4612 1281 4679 Μὴ
1327 4611 1652 4676 ἀδυνατεῖ,

56 4695 252 4764 φησὶν,
289 4692 591 4748 ἀδύνατόν
632 4711 686 4747 τι
712 4693 791 4760 τῷ
825 4694 947 4759 Θεῷ
970 4695 1037 4761 ι);
1093 4695 1230 4765 Οὐχὶ
1270 4696 1446 4749 πάντα
1481 4696 1651 4763 ποιῶ,

55 4778 158 4829 καὶ
197 4778 619 4848 μετασκευάζω;
664 4780 783 4848 οὐχὶ
827 4780 970 4850 ζωῆς
1003 4778 1096 4831 καὶ
1131 4778 1363 4832 θανάτου
1406 4780 1654 4845 ἐξουσίαν

54 4862 203 4929 ἐχως
240 4862 335 4927 Μὴ
376 4860 666 4915 ἀδυνατεῖ
701 4862 861 4929 παρὰ
910 4860 990 4927 τῷ
1036 4860 1157 4926 Θεῷ
1202 4861 1327 4917 πᾶν
1351 4862 1552 4932 ῥῆμα;
1578 4865 1651 4919 Οὐ

55 4945 279 5014 φθάσας
313 4944 634 5015 ὑπεσχόμην
666 4944 730 5014 δή
762 4944 919 4997 τοῦτο
945 4962 959 5011 ;
991 4946 1083 5016 Μὴ
1139 4947 1375 5017 ἐγχωρεῖ
1416 4948 1475 4999 τὸ
1523 4952 1652 5020 παρ’

52 5029 199 5099 ἐμοῦ
234 5027 398 5099 ῥηθὲν
433 5028 507 5097 μὴ
535 5029 613 5089 είς
641 5027 800 5096 ἔργον
830 5027 1041 5095 ἐλθεῖν;
1082 5030 1282 5082 ’Ἄκουε
1314 5031 1515 5096 τοίνυν,
1572 5034 1651 5086 ὅτι

49 5115 160 5178 El;
196 5112 308 5164 τὸν
346 5112 554 5177 καιρὸν
594 5110 810 5165 τοῦτον
856 5111 1217 5181 ἀναστρέψω
1257 5114 1407 5180 πρὸς
1448 5116 1524 5169 σέ
1564 5121 1652 5185 εἰς

54 5196 242 5263 ὧρας,
279 5195 377 5247 καὶ
410 5195 583 5249 ἔσται
612 5194 687 5263 τῇ
723 5194 923 5263 Σάρῤᾳ
953 5198 1102 5262 υίός.
1148 5196 1423 5261 Ἐπειδὰν,
1464 5201 1649 5270 φησὶν,

52 5279 389 5348 ἀναστρέψω
422 5278 565 5331 κατὰ
592 5280 683 5331 τὸν
728 5279 915 5349 καιρὸν
943 5278 1162 5343 τοῦτον,
1215 5282 1337 5334 τότε
1384 5282 1651 5351 γνώσεται

52 5363 145 5415 διὰ
182 5361 291 5414 τῶν
344 5363 683 5432 πραγμάτων
725 5366 757 5434 ή
816 5365 1029 5436 Σάρρα,
1072 5366 1155 5418 ὅτι
1200 5365 1322 5419 οὔτε
1372 5368 1433 5419 τὸ
1471 5368 1651 5439 γῆρας

53 5448 233 5519 αὑτῆς
264 5447 490 5517 κώλυμα
520 5450 828 5517 γενήσεται,
859 5448 982 5502 ούτε
1018 5451 1051 5520 ή
1086 5450 1390 5521 στείρωσις·
1427 5452 1650 5506 άλλάιτὸ

57 5532 219 5600 ῥῆμα
247 5530 309 5583 τὸ
336 5530 469 5597 ἐμὸν
498 5531 848 5602 ἀπαράϐατον
891 5532 1074 5599 ἔσται,
1108 5532 1201 5585 καὶ
1232 5535 1259 5586 6
1291 5533 1448 5597 τόκος
1480 5536 1649 5607 αὐτήν

51 5614 261 5680 διδάξει
289 5613 397 5667 τῶν
434 5614 563 5686 παρ’
594 5614 727 5683 ἐμοῦ
764 5615 1039 5687 ῥηθέντων
1084 5616 1182 5687 τὴν
1218 5617 1468 5688 δύναμιν.
1515 5617 1648 5672 Είτα

54 5700 247 5769 ἐκείνη
294 5699 593 5764 ἀκούσασα,
627 5701 708 5754 ὅτι
760 5700 886 5755 οὔτε
936 5701 1003 5755 τά
1033 5702 1090 5753 ἐν
1130 5703 1195 5772 τῇ
1231 5702 1437 5773 διανοίᾳ
1472 5703 1646 5773 αὐτῆς

120 5783 168 5847 ⁸,
190 5781 342 5847 Bibl”
368 5783 525 5847 Saij
560 5792 627 5847 el,
656 5785 876 5847 quinque
916 5800 1029 5832 mss.
1057 5785 1402 5844 προϐεϐηκότες
1438 5789 1641 5847 ἡμερῶν.

75 5844 172 5914 Καὶ
203 5843 332 5895 οὐδέ.
400 5844 424 5881 b
448 5843 591 5893 Cuisl.
618 5846 695 5895 hic
718 5843 838 5896 infra
866 5867 874 5895 :
916 5849 994 5902 Μὴ
1040 5843 1253 5894 ἀδυνατεῖ
1294 5849 1421 5909 παρὰ
1444 5843 1510 5912 τῷ
1536 5843 1645 5913 Θεῴ

78 5918 237 5964 ἵκηῖἀὲ

1075 241 1143 297 ΙΝ
1180 241 1333 299 CAP.
1372 237 1541 296 XVIII
1578 237 1832 296 GENES.
1876 238 2109 298 IIOMIL.
2156 239 2298 299 XLI.
3260 244 3364 300 εει

1782 355 2073 424 κινηθέντα
2093 356 2249 410 ἔλαθε
2280 356 2370 411 τὸν
2403 356 2666 428 παρόντα,
2698 355 3047 425 Ἠρνήσατο,
3071 356 3360 426 λέγουσα·

1781 438 1903 489 Οὐκ
1931 437 2213 506 ἐγέλασα.
2268 439 2325 492 Ὀ
2358 439 2467 510 γὰρ
2510 438 2672 507 φόϐος
2700 440 3012 493 κατέσεισεν
3052 440 3221 509 αὐτῆς
3267 440 3365 511 τὴν

1776 518 2033 574 διάνοιαν.
2075 522 2173 574 Διά
2202 522 2360 576 τοῦτο
2390 526 2455 594 τῇ
2506 523 2757 593 ἀσθενείᾳ¹
2801 524 2971 593 αὐτῆς
3003 523 3036 593 ἡ
3076 523 3269 595 Γραφὴ
3303 525 3364 577 τὸ

1778 601 1886 654 πᾶν
1918 603 2241 675 λογιζομένη
2273 607 2458 677 φησὶν,
2504 606 2799 675 Ἐροϐήθη
2844 606 2974 676 γάρ,
3029 607 3167 659 Ἀλλ’
3205 609 3233 660 6
3261 624 3363 660 πα·

1775 685 2045 756 τριάρχης
2079 688 2211 759 φησὶ
2241 689 2377 761 πρὸς
2407 690 2592 761 αὐτὴν,
2633 690 2779 760 Οὐχὶ
2800 732 2815 755 ,
2851 689 3013 745 ἀλλὰ
3043 691 3359 760 ἐγέλασας.

1776 770 1869 839 Μὴ
1890 770 2137 841 νομίσῃς,
2167 774 2354 840 φησὶν,
2394 775 2442 825 εί
2487 774 2581 826 καὶ
2636 775 2692 826 ἐν
2738 774 2945 845 διανοίᾳ
2984 773 3159 827 ταῦτα
3209 775 3364 829 ἐϐοοο

1776 850 1973 917 λεύσω,
2013 853 2108 907 καὶ
2161 854 2301 907 κατὰ
2352 854 2414 907 τὸ
2458 854 2680 924 λεληθὸς
2711 857 2923 924 γέλωτα
2956 859 3233 927 ἐποιήσω,
3280 859 3361 911 ὅτι

1773 934 1869 988 τοῦ
1917 936 2362 1007 παραγενομένου
2413 938 2513 1009 τὴν
2557 938 2784 1009 δύναμιν
2823 939 3007 993 λαθεῖν
3056 936 3221 1011 εἶχες.
3268 942 3361 1012 Μὴ

1774 1018 1952 1072 τοίνυν
1982 1019 2147 1089 άρνοῦ
2170 1021 2233 1073 τὸ
2255 1020 2496 1088 γεγονὸς,
2518 1021 2652 1091 μηδὲ
2687 1022 3002 1093 προσθήκην
3033 1024 3267 1093 ἐργάζου
3284 1024 3362 1095 τῷ

1776 1102 2158 1174 ἁμαρτήματι.
2197 1105 2426 1173 Μεγάλα
2461 1104 2571 1175 γὰρ
2604 1106 2753 1174 ἡμᾶς
2802 1107 3039 1177 σήμερον
3062 1106 3361 1170 διαδέξεται

1774 1186 1986 1254 ἀγαθά,
2030 1187 2130 1258 τῆς
2165 1187 2469 1257 φιλοξενίας
2511 1190 2640 1258 ήμῖν
2682 1186 2889 1242 τούτων
2923 1188 3141 1243 πάντων
3183 1190 3361 1252 αίτίας

1781 1269 2094 1340 γινομένης.

1844 1351 1908 1416 ζ’.
1928 1351 2126 1405 Τοῦτον
2145 1352 2381 1419 ἆπαντες
2402 1373 2456 1424 μι
2468 1352 2622 1425 μησώ
2631 1354 2787 1425 μεθα,
2808 1355 2901 1407 καὶ
2914 1354 3112 1425 πολλὴν
3125 1372 3189 1407 πε
3200 1356 3253 1427 ρὶ
3263 1356 3362 1429 τὴν

1772 1432 2076 1501 φιλοξενίαν
2111 1446 2133 1474 ο
2170 1437 2268 1507 τὴν
2318 1438 2554 1508 σπουδὴν
2591 1436 2909 1506 ποιώμεθα,
2969 1438 3067 1508 οὐχ
3118 1437 3205 1492 ἵνα
3252 1438 3362 1492 τῶν

1772 1516 2051 1588 ἐπικήρων
2080 1520 2282 1573 τούτων
2326 1521 2418 1574 καὶ¹
2451 1520 2825 1591 φθειρομένων
2855 1519 3109 1591 λάϐωμεν
3139 1521 3237 1593 τὴν
3266 1523 3362 1575 άν-

1771 1597 1971 1652 τίδοσιν
2007 1600 2186 1671 μόνον,
2242 1601 2356 1655 ἀλλ’
2393 1604 2478 1657 ἕνα
2519 1604 2614 1656 καὶ
2659 1603 2765 1655 τῶν
2818 1600 3100 1657 ἀθανάτων
3140 1602 3362 1672 ἀγαθῶν

1773 1680 1869 1750 τὴν
1909 1683 2204 1736 ἀπόλαυσιν
2244 1686 2460 1749 ἑαυτοῖς
2506 1684 2858 1756 ἀποθώμεθα.
2898 1685 3026 1740 Ἐάν
3055 1686 3164 1758 γάρ
3201 1686 3363 1740 τοῦτο

1774 1764 2036 1835 ποιῶμεν,
2063 1767 2438 1839 ύποδεξόμεθα
2453 1770 2546 1822 καὶ
2565 1770 2724 1839 ἡμεῖς
2740 1768 2976 1823 ἐνταῦθα
2995 1770 3085 1823 τὸν
3100 1770 3358 1839 Χριστὸν,

1772 1849 1865 1902 καὶ
1895 1850 2209 1915 ὑποδέξεται
2243 1854 2391 1923 ἡμᾶς
2432 1855 2523 1908 καὶ⁵
2553 1854 2713 1917 αὐτὸς
2747 1856 2803 1907 ἐν
2839 1856 2956 1916 ταῖς
2994 1856 3181 1923 μοναῖς
3214 1855 3360 1907 ὲκεί-

1770 1949 1889 1995 ναις
1911 1936 2029 1997 ταῖς
2075 1936 2508 2006 ήτοιμασμέναις
2558 1939 2669 1999 τοῖς
2715 1935 3001 2005 ἀγαπῶσιν
3041 1936 3223 1999 αὑτὸν,
3268 1939 3361 1989 καὶ

1771 2016 2115 2088 ἀκουσόμεθα
2144 2020 2273 2090 παρ’
2300 2020 2485 2073 αὑτοῦ·
2524 2020 2728 2083 Δεῦτε,
2753 2022 2807 2073 οί
2834 2022 3223 2089 εὐλογημένοι
3255 2022 3360 2075 τοῦ

1770 2097 2001 2162 Πατρός
2036 2114 2174 2165 μου,
2211 2098 2705 2168 κληρονομήσατε
2744 2099 2859 2167 τὴν
2904 2100 3361 2171 ἡτοιμασμένην

1770 2180 1912 2248 ὑμῖν
1956 2182 2285 2246 βασιλείαν
2327 2186 2445 2239 ἀπὸ
2497 2185 2836 2253 καταϐολῆς
2888 2188 3143 2255 κόσμου.
3202 2187 3359 2250 Τίνος

1769 2263 1955 2317 ἕνεκεν
1981 2266 2074 2319 καὶ
2099 2266 2188 2320 διὰ
2208 2267 2260 2320 τί
2282 2285 2295 2333 ;
2333 2269 2654 2321 Ἐπείνασα
2681 2268 2811 2337 γὰρ,
2851 2270 2951 2323 καί
2975 2268 3233 2323 ἐδώκατέ
3256 2288 3359 2337 μοι

1769 2351 1999 2421 φαγεῖν·
2033 2353 2321 2422 ἐδίψησα,
2354 2354 2452 2408 καί
2474 2355 2795 2409 ἐποτίσατέ
2825 2372 2923 2425 με·
2961 2356 3140 2423 ξένος
3171 2356 3356 2425 ἥμην,

1768 2436 1866 2488 καὶ
1900 2436 2275 2506 συνηγάγετέ
2300 2454 2391 2503 με·
2424 2438 2496 2491 ἐν
2518 2437 2787 2507 φυλακῇ,
2814 2439 2906 2492 καί
2932 2438 3360 2509 ἐπεσκέψασθέ

1764 2535 1859 2587 με.
1888 2519 1952 2570 Τί
1979 2520 2185 2573 τούτων
2235 2520 2743 2591 ἀνεπαχθέστερον;
2792 2523 2884 2592 Μὴ
2937 2522 3047 2591 γὰρ
3099 2523 3361 2588 ἐπέταξεν

1768 2604 1899 2673 ήμῖν
1929 2601 2391 2674 περιεργάζεσθαι
2428 2602 2582 2676 [422]
2608 2605 2701 2657 καὶ
2728 2604 3201 2676 πολυπραγμονεῖν
3230 2609 3357 2670 τοὺς

1768 2687 1895 2757 παρ’
1923 2685 2078 2757 ἡμῶν
2117 2686 2411 2756 μέλλοντας
2444 2686 2845 2756 θεραπεύεσθαι
2870 2704 2885 2752 ;
2928 2688 2999 2741 Σὺ
3030 2688 3092 2740 τὸ
3120 2687 3317 2741 σαυτοῦ
3339 2728 3356 2752 ,

1766 2771 1950 2841 φησὶν,
1982 2770 2275 2837 ἐπίδειξαι,
2316 2769 2418 2823 κᾶν
2448 2766 2671 2838 εύτείὴς
2709 2767 2766 2843 ᾖ,
2812 2768 2915 2823 κᾶν
2949 2771 3357 2843 ἀπερριμμένος

1766 2852 1909 2906 κατά
1940 2853 2000 2905 τὸ
2038 2854 2402 2921 φαινόμενον·
2450 2852 2520 2905 τά
2561 2852 2668 2922 γὰρ
2716 2855 2796 2917 είς
2830 2853 3049 2917 τούτους
3096 2856 3358 2924 γινόμενα

1765 2932 1875 3000 ἐγὼ
1919 2933 2244 3002 οίκειοῦμαι.
2280 2933 2379 2986 Διά
2424 2933 2581 2985 τοῦτο
2632 2932 2992 3003 προσέθηκεν·
3051 2935 3174 3003 Ἐφ’
3205 2935 3357 2988 ὅσον

1764 3014 2086 3082 ἐποιήσατε
2116 3016 2205 3069 ἐνὶ
2236 3014 2354 3068 τῶν
2379 3013 2663 3084 ἀδελφῶν
2686 3031 2807 3084 μου
2840 3015 2961 3069 τῶν
2990 3017 3351 3086 ἐλαχίστων,

1764 3099 1890 3168 ἐμοὶ
1913 3098 2255 3167 ἐποιήσατε.
2294 3099 2385 3169 Μὴ
2414 3099 2593 3152 τοίνυν
2632 3098 2726 3151 τοῦ
2761 3100 2870 3153 ἀπὸ
2906 3099 3004 3169 τῆς
3051 3100 3354 3169 φιλοξενίας

1763 3182 2019 3235 τοσούτου
2073 3182 2296 3253 κέρδους
2348 3180 2741 3251 ἐπιγενομένου
2805 3185 3349 3253 καταφρονήσωμεν,

1762 3265 1899 3318 ἀλλὰ
1928 3264 2048 3317 καθ’
2078 3266 2318 3334 ἐκάστην
2358 3265 2571 3334 ἡμέραν
2608 3264 3011 3335 ἐμπορεύεσθαι
3052 3266 3151 3336 τὴν
3180 3266 3351 3339 καλὴν

1760 3347 1964 3417 ταύτην
1991 3348 2262 3419 ἐμπορίαν
2298 3347 2710 3418 σπουδάζωμεν,
2743 3348 2942 3411 εἰδότες
2981 3349 3060 3401 ὅτι
3087 3350 3115 3401 6
3148 3352 3351 3405 Δεσπό-

1762 3450 1861 3504 της
1906 3436 1934 3487 6
1962 3433 2230 3504 ήμέτερος
2281 3432 2587 3504 προθυμίας
2623 3431 2918 3501 δαψίλειαν,
2942 3432 3002 3485 06
3047 3432 3348 3505 βρωμάτων

1761 3520 1923 3586 ὄγκον
1946 3520 2184 3579 ἀπαιτεῖ,
2214 3517 2273 3570 06
2304 3517 2583 3589 τράπεζαν
2618 3516 2904 3585 πολυτελῆ,
2948 3516 3083 3570 ἀλλά
3119 3518 3347 3589 γνώμην

1766 3602 1975 3673 ἱλαρὰν,
2030 3603 2091 3653 06
2128 3600 2424 3672 θεραπείαν
2460 3600 2644 3663 ἁπλῶς
2670 3600 2770 3670 τὴν
2808 3600 2897 3653 διὰ
2936 3599 3045 3653 τῶν
3086 3602 3346 3671 ῥημάτων

1767 3684 1944 3755 μόνον,
1980 3682 2117 3737 ἀλλά
2162 3685 2256 3737 καὶ
2300 3683 2397 3755 τήν
2448 3683 2557 3737 ἀπὸ
2601 3683 2828 3753 καρδίας
2881 3684 2973 3736 καὶ
3024 3685 3347 3754 εἰλικρινοῦς

1762 3767 2000 3828 διανοίας
2027 3767 2266 3837 ἀγάπην.
2318 3767 2417 3821 Διὰ
2470 3766 2629 3820 τοῦτο
2673 3764 2768 3819 καί
2816 3784 2901 3829 τις
2944 3768 3105 3837 σοφὸς
3152 3769 3344 3837 ἔλεγε·

1761 3849 2061 3917 Κρεῒσσον
2112 3850 2316 3918 λόγος,
2370 3850 2409 3913 ἢ
2463 3848 2655 3915 δόσις.
2710 3849 2977 3913 Πολλάκις
3026 3850 3134 3921 γὰρ
3186 3851 3345 3920 λόγου

1763 3933 2027 4004 θεραπεία
2050 3931 2210 3986 πλέον
2241 3933 2339 4001 τῆς
2361 3932 2560 3995 δόσεως
2588 3933 2925 4002 ἀνεκτήσατο
2950 3932 3041 3986 τὸν
3065 3934 3341 4004 δεόμενον.

1761 4015 1949 4069 Ταῦτα
2000 4012 2094 4069 οὖν
2148 4014 2348 4077 εἰδότες
2408 4015 2677 4085 μηδέποτε
2723 4015 3161 4086 δυσχεραίνωμεν
3210 4019 3346 4089 πρὸς

1759 4102 1885 4164 τοὺς
1914 4099 2256 4170 προσιόντας·
2305 4099 2420 4151 ἀλλ’
2468 4099 2535 4153 ἂν
2588 4099 2685 4170 μὲν
2726 4098 3044 4171 δυνηθῶμεν
3078 4118 3343 4172 παραμυο

1762 4183 1972 4239 θεῖσθαι
2001 4181 2180 4236 αὐτῶν
2200 4182 2300 4253 τὴν
2322 4182 2534 4245 πενίαν,
2556 4182 2715 4236 τοῦτο
2739 4183 2984 4253 ποιῶμεν
3014 4185 3149 4254 μετὰ
3172 4186 3346 4256 χαρᾶς

1761 4273 1856 4327 καὶ
1892 4268 2094 4339 πολλῆς
2145 4269 2245 4339 τῆς
2292 4264 2674 4337 εὐφροσύνης,
2716 4266 2813 4334 οὐχ
2851 4266 2925 4330 ώς
2974 4268 3341 4338 παρέχοντες,

1756 4341 1876 4406 ἀλλ’
1903 4353 1980 4417 ώς
2001 4354 2069 4407 τὰ
2097 4352 2326 4422 μέγιστα
2358 4349 2756 4420 κερδαίνοντες·
2792 4352 2840 4402 εί
2866 4350 2921 4403 δὲ
2946 4352 3020 4420 μὴ
3043 4352 3341 4421 δυνάμεθα,

1760 4436 1835 4507 μὴ
1885 4434 2282 4507 τραχυνώμεθα
2327 4434 2464 4503 πρὸς
2513 4433 2731 4496 αὐτούς·
2764 4434 2898 4488 ἀλλὰ
2951 4435 3051 4488 κᾶν
3106 4436 3204 4506 τὴν
3257 4437 3343 4491 διά

1757 4518 1850 4571 τοῦ
1880 4519 2037 4588 λόγου
2061 4518 2353 4589 θεραπείαν
2384 4518 2734 4588 παρέχωμεν,
2761 4519 2853 4572 καὶ
2873 4520 3009 4588 μετὰ
3044 4522 3341 4586 ἐπιεικείας

1758 4604 1941 4668 αὐτοῖς
1990 4600 2435 4673 ἀποκρινώμεθα.
2490 4602 2646 4665 Τίνος
2700 4603 2807 4673 γὰρ
2863 4603 3050 4657 ἕνεκεν
3097 4608 3342 4677 τραχέως

1757 4686 1905 4757 αὐτῷ
1933 4686 2252 4757 προσφέρη;
2298 4685 2388 4753 Μὴ
2424 4684 2532 4754 γὰρ
2572 4684 2905 4753 ἀναγκάζεις
2960 4687 3034 4757 μὴ
3068 4689 3177 4759 γὰρ
3220 4690 3341 4758 βιά-

1757 4768 1937 4833 ζεταις
1972 4769 2157 4832 Ἀξιοῖ,
2188 4767 2440 4831 ἱκετεύει,
2476 4768 2803 4838 παρακαλεῖ·
2823 4770 2851 4821 6
2872 4770 2927 4822 δέ
2950 4770 3121 4823 ταῦτα
3148 4772 3336 4836 ποιῶν,

1756 4855 1857 4924 ούχ
1887 4852 2099 4923 ὕϐρεως
2132 4854 2299 4917 ἄξιος.
2356 4852 2419 4903 Τί
2462 4851 2624 4920 λέγω,
2676 4852 2815 4918 ἀξιοῖ
2863 4856 2954 4907 καὶ
2988 4857 3334 4925 παρακαλεῖς

1755 4938 1941 5008 Μυρία
1963 4938 2276 5007 ἐπεύχεται,
2305 4938 2400 4990 καὶ
2434 4938 2610 4989 πάντα
2637 4937 2811 4990 ταῦτα
2859 4941 3005 4991 ποιεῖ
3047 4940 3188 5009 ὑπὲρ
3218 4941 3336 5005 ἐνὸς

1754 5021 1964 5083 ὀϐολοῦ,
2014 5022 2107 5073 καὶ
2148 5020 2269 5073 οὐδὲ
2316 5019 2501 5073 τοῦτον
2547 5019 2873 5090 προϊέμεθα.
2913 5022 3021 5074 Καὶ
3076 5022 3233 5084 ποίας
3270 5024 3337 5077 ἂν

1761 5104 2021 5174 τύχοιμεν
2047 5103 2400 5173 συγγνώμης;
2434 5102 2591 5155 ποίαν
2621 5102 2676 5155 δέ
2716 5102 2977 5171 σχοίημεν
3017 5103 3332 5173 ἀπολογίαν,

1752 5187 1908 5240 αὐτοὶ
1938 5186 2035 5256 μὲν
2078 5186 2220 5239 οὓτω
2275 5186 2397 5240 καθ’
2441 5186 2676 5255 ἑκάστην
2712 5186 2926 5257 ἡμέραν
2963 5187 3159 5256 δαψιλῆ
3203 5190 3335 5259 τρά-

1753 5270 1925 5335 πεζαν
1947 5270 2390 5342 παρατιθέμενοι,
2421 5269 2516 5321 καί
2543 5268 2799 5332 πολλάκις
2823 5269 2920 5341 τὴν
2949 5270 3135 5340 χρείαν
3166 5273 3333 5344 ὑπερ-

1752 5353 2045 5417 ϐαίνοντες.
2084 5352 2312 5415 ἐκείνοις
2366 5350 2421 5404 δέ
2472 5350 2606 5419 μηδέ
2658 5350 2752 5403 τοῦ
2803 5354 3056 5421 τυχόντος
3116 5356 3333 5425 μεταδι-

1749 5437 1947 5501 δόντες,
1995 5437 2091 5491 καὶ
2134 5434 2307 5488 ταῦτα
2355 5434 2527 5503 μυρία
2574 5433 2755 5501 ἀγαθά
2804 5434 2892 5486 διὰ
2938 5436 3127 5489 τούτου
3176 5456 3333 5508 κομι-

1751 5519 1963 5590 ζόμενοι
1988 5537 2002 5585 ;
2045 5518 2183 5572 Ἀλλ’
2212 5518 2257 5570 ὣ
2287 5518 2383 5589 τῆς
2410 5516 2609 5586 πολλῆς
2640 5516 2944 5587 ρᾳθυμίαςί
2975 5513 3079 5572 Οἷα
3103 5522 3212 5593 γὰρ
3236 5524 3329 5576 ἀπ’

1750 5604 1919 5671 αὐτῆς
1941 5602 2283 5674 ζημιούμεθα
2302 5619 2318 5667 ;
2340 5600 2435 5653 καὶ
2454 5601 2577 5652 ὅσον
2602 5600 2794 5669 κέρδος
2820 5601 2885 5652 ἐκ
2912 5602 3020 5655 τῶν
3045 5605 3328 5677 ἡμετέρων

1752 5685 1949 5757 χειρῶν
1977 5684 2301 5755 προῖέμεθας
2348 5684 2456 5737 Καὶ
2495 5682 2594 5751 τὴν
2626 5682 2881 5735 ὑπόθεσιν
2908 5685 3005 5753 τῆς
3050 5689 3322 5757 σωτηρίας

1757 5768 1912 5840 ήμῶν
1943 5769 2038 5837 τὴν
2070 5767 2220 5836 παρὰ
2253 5766 2346 5819 τοῦ
2386 5764 2518 5819 Θεοῦ
2553 5766 2685 5836 ήμῖν
2720 5769 3155 5836 παρασχεθεῖσαν
3188 5774 3327 5826 ἁπο-

1820 5920 1838 5941 '
1871 5911 2017 5963 SMU.
2036 5916 2082 5961 Cl
2114 5919 2304 5975 SQpIcm
2334 5911 2540 5961 m53.xa.i
2567 5910 2799 5967 τοσαύτην
2827 5912 2926 5974 πτρί
2946 5914 3027 5970 τὴν
3056 5913 3143 5970 ξε).
