  <div class='ocr_page' id='page_1' title='image "/cluster/home/n/w/nwhite01/storage/ocr_20150623/53-54/hvd.32044012465829/385.png"; bbox 0 0 3750 6240; ppageno 0'>
   <div class='ocr_carea' id='block_1_1' title="bbox 372 250 477 307">
    <p class='ocr_par' dir='ltr' id='par_1_1' title="bbox 372 250 477 307">
     <span class='ocr_line' id='line_1_1' title="bbox 372 250 477 307; baseline -0.019 0"><span class='ocrx_word' id='word_1_1' title='bbox 372 250 477 307; x_wconf 75' lang='lat'><strong>385</strong></span> 
     </span>
    </p>
   </div>
   <div class='ocr_carea' id='block_1_2' title="bbox 375 367 1939 441">
    <p class='ocr_par' dir='ltr' id='par_1_2' title="bbox 375 367 1939 441">
     <span class='ocr_line' id='line_1_2' title="bbox 375 367 1939 441; baseline 0 -19"><span class='ocrx_word' id='word_1_2' title='bbox 375 367 874 438; x_wconf 74' lang='grc' dir='ltr'>πεμπόμεθα,οὖτε</span> <span class='ocrx_word' id='word_1_3' title='bbox 923 369 1229 440; x_wconf 77' lang='grc' dir='ltr'>ἐννοοῦμεν,</span> <span class='ocrx_word' id='word_1_4' title='bbox 1279 370 1401 424; x_wconf 73' lang='grc' dir='ltr'>οὗτε</span> <span class='ocrx_word' id='word_1_5' title='bbox 1449 371 1556 441; x_wconf 84' lang='grc' dir='ltr'>μὴν</span> <span class='ocrx_word' id='word_1_6' title='bbox 1613 369 1939 440; x_wconf 78' lang='grc' dir='ltr'><strong>λογιζόμεθα</strong></span> 
     </span>
    </p>
   </div>
   <div class='ocr_carea' id='block_1_3' title="bbox 372 459 1939 531">
    <p class='ocr_par' dir='ltr' id='par_1_3' title="bbox 372 459 1939 531">
     <span class='ocr_line' id='line_1_3' title="bbox 372 459 1939 531; baseline 0.001 -19"><span class='ocrx_word' id='word_1_7' title='bbox 372 459 494 513; x_wconf 75' lang='grc' dir='ltr'>οὒτε</span> <span class='ocrx_word' id='word_1_8' title='bbox 522 460 628 511; x_wconf 84' lang='grc' dir='ltr'><strong>τῶν</strong></span> <span class='ocrx_word' id='word_1_9' title='bbox 675 459 962 528; x_wconf 78' lang='grc' dir='ltr'><strong>διδομένων</strong></span> <span class='ocrx_word' id='word_1_10' title='bbox 998 460 1055 512; x_wconf 84' lang='grc' dir='ltr'>τὸ</span> <span class='ocrx_word' id='word_1_11' title='bbox 1094 461 1310 523; x_wconf 80' lang='grc' dir='ltr'>εὐτελὲς</span> <span class='ocrx_word' id='word_1_12' title='bbox 1330 503 1345 526; x_wconf 92' lang='grc'><strong>,</strong></span> <span class='ocrx_word' id='word_1_13' title='bbox 1372 462 1495 514; x_wconf 75' lang='grc' dir='ltr'>οὔτε</span> <span class='ocrx_word' id='word_1_14' title='bbox 1526 460 1625 531; x_wconf 81' lang='grc' dir='ltr'><strong>τὴν</strong></span> <span class='ocrx_word' id='word_1_15' title='bbox 1661 460 1801 531; x_wconf 80' lang='grc' dir='ltr'>ὑπὲρ</span> <span class='ocrx_word' id='word_1_16' title='bbox 1832 460 1939 514; x_wconf 85' lang='grc' dir='ltr'><strong>τῶν</strong></span> 
     </span>
    </p>
   </div>
   <div class='ocr_carea' id='block_1_4' title="bbox 374 550 1938 623">
    <p class='ocr_par' dir='ltr' id='par_1_4' title="bbox 374 550 1938 623">
     <span class='ocr_line' id='line_1_4' title="bbox 374 550 1938 623; baseline 0 -20"><span class='ocrx_word' id='word_1_17' title='bbox 374 551 629 603; x_wconf 81' lang='grc' dir='ltr'>τοιούτων</span> <span class='ocrx_word' id='word_1_18' title='bbox 682 550 925 619; x_wconf 77' lang='grc' dir='ltr'>ἀμοιόὦν</span> <span class='ocrx_word' id='word_1_19' title='bbox 964 551 1288 623; x_wconf 77' lang='grc' dir='ltr'>ὑπερϐολὴν,</span> <span class='ocrx_word' id='word_1_20' title='bbox 1321 551 1456 605; x_wconf 79' lang='grc' dir='ltr'>ἀλλὰ</span> <span class='ocrx_word' id='word_1_21' title='bbox 1512 553 1690 605; x_wconf 86' lang='grc' dir='ltr'>πάντα</span> <span class='ocrx_word' id='word_1_22' title='bbox 1718 552 1832 614; x_wconf 81' lang='grc' dir='ltr'>τοῖς</span> <span class='ocrx_word' id='word_1_23' title='bbox 1853 568 1938 604; x_wconf 82' lang='grc' dir='ltr'><strong>κι-</strong></span> 
     </span>
    </p>
   </div>
   <div class='ocr_carea' id='block_1_5' title="bbox 377 640 1939 713">
    <p class='ocr_par' dir='ltr' id='par_1_5' title="bbox 377 640 1939 713">
     <span class='ocr_line' id='line_1_5' title="bbox 377 640 1939 713; baseline 0 -20"><span class='ocrx_word' id='word_1_24' title='bbox 377 641 590 703; x_wconf 78' lang='grc' dir='ltr'>ϐωτίοις</span> <span class='ocrx_word' id='word_1_25' title='bbox 623 640 1063 710; x_wconf 78' lang='grc' dir='ltr'>ὲναποκλείομεν,</span> <span class='ocrx_word' id='word_1_26' title='bbox 1094 642 1185 694; x_wconf 56' lang='grc' dir='ltr'><strong>καὶ⁸</strong></span> <span class='ocrx_word' id='word_1_27' title='bbox 1216 642 1277 694; x_wconf 81' lang='grc' dir='ltr'><strong>τὸ</strong></span> <span class='ocrx_word' id='word_1_28' title='bbox 1314 643 1414 712; x_wconf 79' lang='grc' dir='ltr'><strong>μὲν</strong></span> <span class='ocrx_word' id='word_1_29' title='bbox 1445 644 1668 713; x_wconf 82' lang='grc' dir='ltr'>χρυσίον</span> <span class='ocrx_word' id='word_1_30' title='bbox 1707 641 1812 695; x_wconf 82' lang='grc' dir='ltr'>ὑπὸ</span> <span class='ocrx_word' id='word_1_31' title='bbox 1846 640 1939 693; x_wconf 82' lang='grc' dir='ltr'>τοῦ</span> 
     </span>
    </p>
   </div>
   <div class='ocr_carea' id='block_1_6' title="bbox 381 724 1943 803">
    <p class='ocr_par' dir='ltr' id='par_1_6' title="bbox 381 724 1943 803">
     <span class='ocr_line' id='line_1_6' title="bbox 381 724 1943 803; baseline -0.001 -18"><span class='ocrx_word' id='word_1_32' title='bbox 381 732 459 785; x_wconf 75' lang='grc' dir='ltr'><strong>ἰοῦ</strong></span> <span class='ocrx_word' id='word_1_33' title='bbox 492 732 829 785; x_wconf 74' lang='grc' dir='ltr'><strong>δαπανᾶσθαι</strong></span> <span class='ocrx_word' id='word_1_34' title='bbox 872 724 1277 803; x_wconf 73' lang='grc' dir='ltr'>συγχωροῦμεν</span> <span class='ocrx_word' id='word_1_35' title='bbox 1300 750 1315 763; x_wconf 78' lang='grc' dir='ltr'><strong>ο</strong></span> <span class='ocrx_word' id='word_1_36' title='bbox 1360 734 1557 803; x_wconf 83' lang='grc' dir='ltr'>μᾶλλον</span> <span class='ocrx_word' id='word_1_37' title='bbox 1602 734 1657 787; x_wconf 82' lang='grc' dir='ltr'>δὲ</span> <span class='ocrx_word' id='word_1_38' title='bbox 1690 736 1810 797; x_wconf 81' lang='grc' dir='ltr'>ταῖς</span> <span class='ocrx_word' id='word_1_39' title='bbox 1835 731 1943 784; x_wconf 85' lang='grc' dir='ltr'><strong>τῶν</strong></span> 
     </span>
    </p>
   </div>
   <div class='ocr_carea' id='block_1_7' title="bbox 378 821 1943 893">
    <p class='ocr_par' dir='ltr' id='par_1_7' title="bbox 378 821 1943 893">
     <span class='ocr_line' id='line_1_7' title="bbox 378 821 1943 893; baseline -0.001 -18"><span class='ocrx_word' id='word_1_40' title='bbox 378 823 623 875; x_wconf 81' lang='grc' dir='ltr'>κλεπτῶν</span> <span class='ocrx_word' id='word_1_41' title='bbox 654 823 809 893; x_wconf 73' lang='grc' dir='ltr'>χερσὶ</span> <span class='ocrx_word' id='word_1_42' title='bbox 837 822 1161 892; x_wconf 77' lang='grc' dir='ltr'>προτίθεμεν</span> <span class='ocrx_word' id='word_1_43' title='bbox 1181 840 1195 852; x_wconf 89' lang='grc'><strong>·</strong></span> <span class='ocrx_word' id='word_1_44' title='bbox 1231 823 1300 876; x_wconf 78' lang='grc' dir='ltr'>τὰ</span> <span class='ocrx_word' id='word_1_45' title='bbox 1320 824 1374 877; x_wconf 82' lang='grc' dir='ltr'>δὲ</span> <span class='ocrx_word' id='word_1_46' title='bbox 1403 824 1594 892; x_wconf 76' lang='grc' dir='ltr'>ἱμάτια</span> <span class='ocrx_word' id='word_1_47' title='bbox 1627 823 1697 876; x_wconf 82' lang='grc' dir='ltr'>τὰ</span> <span class='ocrx_word' id='word_1_48' title='bbox 1721 821 1943 876; x_wconf 79' lang='grc' dir='ltr'><strong>ποικίλα</strong></span> 
     </span>
    </p>
   </div>
   <div class='ocr_carea' id='block_1_8' title="bbox 380 914 1941 985">
    <p class='ocr_par' dir='ltr' id='par_1_8' title="bbox 380 914 1941 985">
     <span class='ocr_line' id='line_1_8' title="bbox 380 914 1941 985; baseline -0.001 -19"><span class='ocrx_word' id='word_1_49' title='bbox 380 915 483 966; x_wconf 82' lang='grc' dir='ltr'><strong>ὑπὸ</strong></span> <span class='ocrx_word' id='word_1_50' title='bbox 528 914 622 967; x_wconf 76' lang='grc' dir='ltr'>τοῦ</span> <span class='ocrx_word' id='word_1_51' title='bbox 667 915 827 984; x_wconf 79' lang='grc' dir='ltr'><strong>σητὺς</strong></span> <span class='ocrx_word' id='word_1_52' title='bbox 855 914 1237 968; x_wconf 83' lang='grc' dir='ltr'>ἀναλίσκεσθαι</span> <span class='ocrx_word' id='word_1_53' title='bbox 1273 915 1535 985; x_wconf 79' lang='grc' dir='ltr'>ἀφίεμεν,</span> <span class='ocrx_word' id='word_1_54' title='bbox 1572 916 1665 968; x_wconf 75' lang='grc' dir='ltr'>καὶ</span> <span class='ocrx_word' id='word_1_55' title='bbox 1708 915 1809 967; x_wconf 76' lang='grc' dir='ltr'><strong>οὐκ</strong></span> <span class='ocrx_word' id='word_1_56' title='bbox 1846 914 1941 966; x_wconf 85' lang='grc' dir='ltr'><strong>ἀν-</strong></span> 
     </span>
    </p>
   </div>
   <div class='ocr_carea' id='block_1_9' title="bbox 380 1006 1941 1078">
    <p class='ocr_par' dir='ltr' id='par_1_9' title="bbox 380 1006 1941 1078">
     <span class='ocr_line' id='line_1_9' title="bbox 380 1006 1941 1078; baseline 0.003 -22"><span class='ocrx_word' id='word_1_57' title='bbox 380 1006 615 1075; x_wconf 82' lang='grc' dir='ltr'>εχόμεθα</span> <span class='ocrx_word' id='word_1_58' title='bbox 638 1007 707 1060; x_wconf 83' lang='grc' dir='ltr'>τὰ</span> <span class='ocrx_word' id='word_1_59' title='bbox 736 1007 920 1069; x_wconf 82' lang='grc' dir='ltr'>ἁπλῶς</span> <span class='ocrx_word' id='word_1_60' title='bbox 951 1008 1177 1075; x_wconf 81' lang='grc' dir='ltr'>κείμενα</span> <span class='ocrx_word' id='word_1_61' title='bbox 1205 1008 1431 1071; x_wconf 81' lang='grc' dir='ltr'>δεόντως</span> <span class='ocrx_word' id='word_1_62' title='bbox 1462 1008 1857 1078; x_wconf 76' lang='grc' dir='ltr'>οἰκονομεῖσθαι</span> <span class='ocrx_word' id='word_1_63' title='bbox 1891 1020 1941 1068; x_wconf 71' lang='grc' dir='ltr'>ι,</span> 
     </span>
    </p>
   </div>
   <div class='ocr_carea' id='block_1_10' title="bbox 383 1098 1945 1169">
    <p class='ocr_par' dir='ltr' id='par_1_10' title="bbox 383 1098 1945 1169">
     <span class='ocr_line' id='line_1_10' title="bbox 383 1098 1945 1169; baseline 0 -19"><span class='ocrx_word' id='word_1_64' title='bbox 383 1099 468 1150; x_wconf 80' lang='grc' dir='ltr'>ἵνα</span> <span class='ocrx_word' id='word_1_65' title='bbox 518 1098 678 1151; x_wconf 77' lang='grc' dir='ltr'>πάλιν</span> <span class='ocrx_word' id='word_1_66' title='bbox 712 1101 842 1168; x_wconf 80' lang='grc' dir='ltr'>ἡμῖν</span> <span class='ocrx_word' id='word_1_67' title='bbox 888 1098 1330 1169; x_wconf 78' lang='grc' dir='ltr'><strong>διαφυλάττηται,</strong></span> <span class='ocrx_word' id='word_1_68' title='bbox 1362 1100 1457 1152; x_wconf 56' lang='grc' dir='ltr'><strong>καὶ⁵</strong></span> <span class='ocrx_word' id='word_1_69' title='bbox 1480 1100 1567 1153; x_wconf 84' lang='grc' dir='ltr'>διὰ</span> <span class='ocrx_word' id='word_1_70' title='bbox 1604 1099 1806 1152; x_wconf 80' lang='grc' dir='ltr'>τούτων</span> <span class='ocrx_word' id='word_1_71' title='bbox 1834 1098 1945 1150; x_wconf 83' lang='grc' dir='ltr'>τῶν</span> 
     </span>
    </p>
   </div>
   <div class='ocr_carea' id='block_1_11' title="bbox 380 1185 1946 1261">
    <p class='ocr_par' dir='ltr' id='par_1_11' title="bbox 380 1185 1946 1261">
     <span class='ocr_line' id='line_1_11' title="bbox 380 1185 1946 1261; baseline 0.001 -20"><span class='ocrx_word' id='word_1_72' title='bbox 380 1190 706 1259; x_wconf 64' lang='grc' dir='ltr'>ἀπορρήτων</span> <span class='ocrx_word' id='word_1_73' title='bbox 726 1189 942 1256; x_wconf 84' lang='grc' dir='ltr'>ἀγαθῶν</span> <span class='ocrx_word' id='word_1_74' title='bbox 953 1189 1247 1260; x_wconf 79' lang='grc' dir='ltr'>ἀξιωθῆναι</span> <span class='ocrx_word' id='word_1_75' title='bbox 1264 1189 1579 1261; x_wconf 83' lang='grc' dir='ltr'>δυνηθῶμεν</span> <span class='ocrx_word' id='word_1_76' title='bbox 1605 1205 1619 1219; x_wconf 80' lang='lat'><strong>&#39;</strong></span> <span class='ocrx_word' id='word_1_77' title='bbox 1648 1185 1723 1244; x_wconf 82' lang='grc' dir='ltr'>ὧν</span> <span class='ocrx_word' id='word_1_78' title='bbox 1739 1190 1946 1259; x_wconf 83' lang='grc' dir='ltr'>γένοιτο</span> 
     </span>
    </p>
   </div>
   <div class='ocr_carea' id='block_1_12' title="bbox 381 1279 1944 1353">
    <p class='ocr_par' dir='ltr' id='par_1_12' title="bbox 381 1279 1944 1353">
     <span class='ocr_line' id='line_1_12' title="bbox 381 1279 1944 1353; baseline 0 -21"><span class='ocrx_word' id='word_1_79' title='bbox 381 1281 587 1342; x_wconf 79' lang='grc' dir='ltr'>πάντας</span> <span class='ocrx_word' id='word_1_80' title='bbox 626 1281 773 1348; x_wconf 75' lang='grc' dir='ltr'><strong>ἡμᾶς</strong></span> <span class='ocrx_word' id='word_1_81' title='bbox 797 1282 1092 1351; x_wconf 76' lang='grc' dir='ltr'>ἐπιτυχεῖν,</span> <span class='ocrx_word' id='word_1_82' title='bbox 1120 1282 1300 1353; x_wconf 82' lang='grc' dir='ltr'>χάριτι</span> <span class='ocrx_word' id='word_1_83' title='bbox 1334 1283 1426 1335; x_wconf 71' lang='grc' dir='ltr'><strong>καὶ</strong></span> <span class='ocrx_word' id='word_1_84' title='bbox 1455 1281 1830 1351; x_wconf 65' lang='grc' dir='ltr'>φιλανθρωπίᾳ</span> <span class='ocrx_word' id='word_1_85' title='bbox 1852 1279 1944 1332; x_wconf 76' lang='grc' dir='ltr'>τοῦ</span> 
     </span>
    </p>
   </div>
   <div class='ocr_carea' id='block_1_13' title="bbox 383 1368 1943 1443">
    <p class='ocr_par' dir='ltr' id='par_1_13' title="bbox 383 1368 1943 1443">
     <span class='ocr_line' id='line_1_13' title="bbox 383 1368 1943 1443; baseline 0.001 -21"><span class='ocrx_word' id='word_1_86' title='bbox 383 1371 586 1440; x_wconf 83' lang='grc' dir='ltr'>Κυρίου</span> <span class='ocrx_word' id='word_1_87' title='bbox 635 1370 788 1439; x_wconf 76' lang='grc' dir='ltr'>ἡμῶν</span> <span class='ocrx_word' id='word_1_88' title='bbox 846 1370 1023 1440; x_wconf 82' lang='grc' dir='ltr'>Ἰησοῦ</span> <span class='ocrx_word' id='word_1_89' title='bbox 1087 1372 1346 1441; x_wconf 81' lang='grc' dir='ltr'>Χριστοῦ,</span> <span class='ocrx_word' id='word_1_90' title='bbox 1384 1374 1500 1441; x_wconf 79' lang='grc' dir='ltr'>μεθ’</span> <span class='ocrx_word' id='word_1_91' title='bbox 1539 1368 1598 1426; x_wconf 73' lang='grc' dir='ltr'>οὗ</span> <span class='ocrx_word' id='word_1_92' title='bbox 1630 1372 1707 1441; x_wconf 80' lang='grc' dir='ltr'>τῷ</span> <span class='ocrx_word' id='word_1_93' title='bbox 1749 1373 1943 1443; x_wconf 75' lang='grc' dir='ltr'>Πατρὶ,</span> 
     </span>
    </p>
   </div>
   <div class='ocr_carea' id='block_1_14' title="bbox 385 1460 1949 1535">
    <p class='ocr_par' dir='ltr' id='par_1_14' title="bbox 385 1460 1949 1535">
     <span class='ocr_line' id='line_1_14' title="bbox 385 1460 1949 1535; baseline 0.001 -20"><span class='ocrx_word' id='word_1_94' title='bbox 385 1462 499 1531; x_wconf 80' lang='grc' dir='ltr'><strong>ἅμα</strong></span> <span class='ocrx_word' id='word_1_95' title='bbox 526 1460 600 1531; x_wconf 81' lang='grc' dir='ltr'><strong>τῷ</strong></span> <span class='ocrx_word' id='word_1_96' title='bbox 628 1462 767 1532; x_wconf 73' lang='grc' dir='ltr'>ἁγίῳ</span> <span class='ocrx_word' id='word_1_97' title='bbox 792 1461 1070 1532; x_wconf 83' lang='grc' dir='ltr'>Πνεύματι</span> <span class='ocrx_word' id='word_1_98' title='bbox 1104 1462 1248 1527; x_wconf 80' lang='grc' dir='ltr'>δόξα,</span> <span class='ocrx_word' id='word_1_99' title='bbox 1284 1464 1502 1534; x_wconf 68' lang='grc' dir='ltr'>κράτος,</span> <span class='ocrx_word' id='word_1_100' title='bbox 1535 1464 1692 1535; x_wconf 84' lang='grc' dir='ltr'>τιμὴ,</span> <span class='ocrx_word' id='word_1_101' title='bbox 1732 1462 1827 1517; x_wconf 80' lang='grc' dir='ltr'><strong>νῦν</strong></span> <span class='ocrx_word' id='word_1_102' title='bbox 1854 1464 1949 1516; x_wconf 74' lang='grc' dir='ltr'>καὶ</span> 
     </span>
    </p>
   </div>
   <div class='ocr_carea' id='block_1_15' title="bbox 383 1555 1605 1629">
    <p class='ocr_par' dir='ltr' id='par_1_15' title="bbox 383 1555 1605 1629">
     <span class='ocr_line' id='line_1_15' title="bbox 383 1555 1605 1629; baseline 0.003 -21"><span class='ocrx_word' id='word_1_103' title='bbox 383 1555 491 1622; x_wconf 73' lang='grc' dir='ltr'>ἀεὶ,</span> <span class='ocrx_word' id='word_1_104' title='bbox 522 1558 599 1619; x_wconf 84' lang='grc' dir='ltr'>είς</span> <span class='ocrx_word' id='word_1_105' title='bbox 627 1556 749 1619; x_wconf 84' lang='grc' dir='ltr'>τοὺς</span> <span class='ocrx_word' id='word_1_106' title='bbox 774 1556 975 1621; x_wconf 78' lang='grc' dir='ltr'>αἰῶνας</span> <span class='ocrx_word' id='word_1_107' title='bbox 1003 1556 1112 1611; x_wconf 85' lang='grc' dir='ltr'><strong>τῶν</strong></span> <span class='ocrx_word' id='word_1_108' title='bbox 1136 1557 1365 1612; x_wconf 74' lang='grc' dir='ltr'>αἰώνων.</span> <span class='ocrx_word' id='word_1_109' title='bbox 1414 1558 1605 1629; x_wconf 80' lang='grc' dir='ltr'>Ἀμήν.</span> 
     </span>
    </p>
   </div>
   <div class='ocr_carea' id='block_1_16' title="bbox 1055 240 2857 310">
    <p class='ocr_par' dir='ltr' id='par_1_16' title="bbox 1055 240 2857 310">
     <span class='ocr_line' id='line_1_16' title="bbox 1055 240 2857 310; baseline -0.003 -1"><span class='ocrx_word' id='word_1_110' title='bbox 1055 252 1114 309; x_wconf 92' lang='lat' dir='ltr'><strong>S.</strong></span> <span class='ocrx_word' id='word_1_111' title='bbox 1153 252 1440 310; x_wconf 77' lang='lat' dir='ltr'><strong>JOANNIS</strong></span> <span class='ocrx_word' id='word_1_112' title='bbox 1480 251 1971 308; x_wconf 78' lang='lat' dir='ltr'><strong>CHRYSOSTOMI</strong></span> <span class='ocrx_word' id='word_1_113' title='bbox 2020 247 2087 302; x_wconf 78' lang='lat' dir='ltr'><strong>IN</strong></span> <span class='ocrx_word' id='word_1_114' title='bbox 2114 242 2272 303; x_wconf 81' lang='lat' dir='ltr'><strong>GEN.</strong></span> <span class='ocrx_word' id='word_1_115' title='bbox 2306 240 2489 297; x_wconf 76' lang='lat' dir='ltr'><strong>XVIII.</strong></span> <span class='ocrx_word' id='word_1_116' title='bbox 2518 240 2688 299; x_wconf 70' lang='grc' dir='ltr'><strong>ΠΟΜ.</strong></span> <span class='ocrx_word' id='word_1_117' title='bbox 2724 244 2857 303; x_wconf 75' lang='lat' dir='ltr'><strong>XLI.</strong></span> 
     </span>
    </p>
   </div>
   <div class='ocr_carea' id='block_1_17' title="bbox 3505 255 3615 307">
    <p class='ocr_par' dir='ltr' id='par_1_17' title="bbox 3505 255 3615 307">
     <span class='ocr_line' id='line_1_17' title="bbox 3505 255 3615 307; baseline -0.018 0"><span class='ocrx_word' id='word_1_118' title='bbox 3505 255 3615 307; x_wconf 65' lang='grc'><strong>586</strong></span> 
     </span>
    </p>
   </div>
   <div class='ocr_carea' id='block_1_18' title="bbox 2038 367 3619 439">
    <p class='ocr_par' dir='ltr' id='par_1_18' title="bbox 2038 367 3619 439">
     <span class='ocr_line' id='line_1_18' title="bbox 2038 367 3619 439; baseline 0 -14"><span class='ocrx_word' id='word_1_119' title='bbox 2038 384 2231 425; x_wconf 89' lang='lat' dir='ltr'><strong>eorum</strong></span> <span class='ocrx_word' id='word_1_120' title='bbox 2261 384 2381 438; x_wconf 66' lang='lat' dir='ltr'><strong>qua:</strong></span> <span class='ocrx_word' id='word_1_121' title='bbox 2406 369 2621 433; x_wconf 91' lang='lat' dir='ltr'><strong>damus,</strong></span> <span class='ocrx_word' id='word_1_122' title='bbox 2654 369 2780 426; x_wconf 89' lang='lat' dir='ltr'><strong>inde</strong></span> <span class='ocrx_word' id='word_1_123' title='bbox 2808 367 3229 424; x_wconf 87' lang='lat' dir='ltr'><strong>immensitatem</strong></span> <span class='ocrx_word' id='word_1_124' title='bbox 3261 384 3452 423; x_wconf 89' lang='lat' dir='ltr'><strong>eorum</strong></span> <span class='ocrx_word' id='word_1_125' title='bbox 3487 386 3619 439; x_wconf 70' lang='lat' dir='ltr'><strong>qua:</strong></span> 
     </span>
    </p>
   </div>
   <div class='ocr_carea' id='block_1_19' title="bbox 2039 458 3616 530">
    <p class='ocr_par' dir='ltr' id='par_1_19' title="bbox 2039 458 3616 530">
     <span class='ocr_line' id='line_1_19' title="bbox 2039 458 3616 530; baseline 0.001 -18"><span class='ocrx_word' id='word_1_126' title='bbox 2039 476 2140 530; x_wconf 91' lang='lat' dir='ltr'><strong>pro</strong></span> <span class='ocrx_word' id='word_1_127' title='bbox 2162 460 2248 515; x_wconf 88' lang='lat' dir='ltr'><strong>bis</strong></span> <span class='ocrx_word' id='word_1_128' title='bbox 2273 460 2573 530; x_wconf 86' lang='lat' dir='ltr'><strong>accipimus</strong></span> <span class='ocrx_word' id='word_1_129' title='bbox 2603 478 2616 514; x_wconf 92' lang='lat'><strong>:</strong></span> <span class='ocrx_word' id='word_1_130' title='bbox 2642 460 2761 525; x_wconf 87' lang='lat' dir='ltr'><strong>sed,</strong></span> <span class='ocrx_word' id='word_1_131' title='bbox 2790 461 2971 515; x_wconf 89' lang='lat' dir='ltr'><strong>omnia</strong></span> <span class='ocrx_word' id='word_1_132' title='bbox 3007 460 3210 514; x_wconf 89' lang='lat' dir='ltr'><strong>arculis</strong></span> <span class='ocrx_word' id='word_1_133' title='bbox 3238 458 3616 519; x_wconf 85' lang='lat' dir='ltr'><strong>includentes,</strong></span> 
     </span>
    </p>
   </div>
   <div class='ocr_carea' id='block_1_20' title="bbox 2040 550 3621 622">
    <p class='ocr_par' dir='ltr' id='par_1_20' title="bbox 2040 550 3621 622">
     <span class='ocr_line' id='line_1_20' title="bbox 2040 550 3621 622; baseline -0.003 -17"><span class='ocrx_word' id='word_1_134' title='bbox 2040 566 2232 605; x_wconf 87' lang='lat' dir='ltr'><strong>aurum</strong></span> <span class='ocrx_word' id='word_1_135' title='bbox 2260 552 2481 621; x_wconf 87' lang='lat' dir='ltr'><strong>quidem</strong></span> <span class='ocrx_word' id='word_1_136' title='bbox 2506 568 2535 606; x_wconf 89' lang='lat' dir='ltr'><strong>a</strong></span> <span class='ocrx_word' id='word_1_137' title='bbox 2556 552 2807 622; x_wconf 78' lang='lat' dir='ltr'><strong>rubigine</strong></span> <span class='ocrx_word' id='word_1_138' title='bbox 2832 550 3047 606; x_wconf 83' lang='lat' dir='ltr'><strong>absumi</strong></span> <span class='ocrx_word' id='word_1_139' title='bbox 3068 550 3469 620; x_wconf 79' lang='lat' dir='ltr'><strong>permittimus,</strong></span> <span class='ocrx_word' id='word_1_140' title='bbox 3503 550 3621 602; x_wconf 81' lang='grc' dir='ltr'>ἰιιιυ</span> 
     </span>
    </p>
   </div>
   <div class='ocr_carea' id='block_1_21' title="bbox 2041 642 3623 713">
    <p class='ocr_par' dir='ltr' id='par_1_21' title="bbox 2041 642 3623 713">
     <span class='ocr_line' id='line_1_21' title="bbox 2041 642 3623 713; baseline -0.004 -16"><span class='ocrx_word' id='word_1_141' title='bbox 2041 644 2222 698; x_wconf 82' lang='lat' dir='ltr'><strong>furum</strong></span> <span class='ocrx_word' id='word_1_142' title='bbox 2253 643 2502 698; x_wconf 86' lang='lat' dir='ltr'><strong>manibus</strong></span> <span class='ocrx_word' id='word_1_143' title='bbox 2537 644 2927 713; x_wconf 85' lang='lat' dir='ltr'><strong>proponimus;</strong></span> <span class='ocrx_word' id='word_1_144' title='bbox 2984 651 3165 698; x_wconf 79' lang='lat' dir='ltr'><strong>vestes</strong></span> <span class='ocrx_word' id='word_1_145' title='bbox 3187 656 3405 710; x_wconf 89' lang='lat' dir='ltr'><strong>quoque</strong></span> <span class='ocrx_word' id='word_1_146' title='bbox 3428 642 3623 693; x_wconf 71' lang='lat' dir='ltr'><strong>varias</strong></span> 
     </span>
    </p>
   </div>
   <div class='ocr_carea' id='block_1_22' title="bbox 2042 733 3625 799">
    <p class='ocr_par' dir='ltr' id='par_1_22' title="bbox 2042 733 3625 799">
     <span class='ocr_line' id='line_1_22' title="bbox 2042 733 3625 799; baseline -0.003 -13"><span class='ocrx_word' id='word_1_147' title='bbox 2042 749 2073 786; x_wconf 92' lang='lat' dir='ltr'><strong>a</strong></span> <span class='ocrx_word' id='word_1_148' title='bbox 2102 733 2263 788; x_wconf 83' lang='lat' dir='ltr'><strong>tineis</strong></span> <span class='ocrx_word' id='word_1_149' title='bbox 2295 733 2482 788; x_wconf 88' lang='lat' dir='ltr'><strong>arrodi</strong></span> <span class='ocrx_word' id='word_1_150' title='bbox 2508 734 2773 797; x_wconf 81' lang='lat' dir='ltr'><strong>sinimus,</strong></span> <span class='ocrx_word' id='word_1_151' title='bbox 2808 734 3064 787; x_wconf 91' lang='lat' dir='ltr'><strong>nolumus</strong></span> <span class='ocrx_word' id='word_1_152' title='bbox 3087 740 3272 787; x_wconf 87' lang='lat' dir='ltr'><strong>autem</strong></span> <span class='ocrx_word' id='word_1_153' title='bbox 3307 738 3367 784; x_wconf 88' lang='lat' dir='ltr'><strong>ut</strong></span> <span class='ocrx_word' id='word_1_154' title='bbox 3388 746 3454 784; x_wconf 86' lang='lat' dir='ltr'><strong>ea</strong></span> <span class='ocrx_word' id='word_1_155' title='bbox 3493 746 3625 799; x_wconf 60' lang='lat' dir='ltr'><strong>qua&quot;:</strong></span> 
     </span>
    </p>
   </div>
   <div class='ocr_carea' id='block_1_23' title="bbox 2042 822 3627 895">
    <p class='ocr_par' dir='ltr' id='par_1_23' title="bbox 2042 822 3627 895">
     <span class='ocr_line' id='line_1_23' title="bbox 2042 822 3627 895; baseline -0.004 -16"><span class='ocrx_word' id='word_1_156' title='bbox 2042 826 2248 894; x_wconf 90' lang='lat' dir='ltr'><strong>absque</strong></span> <span class='ocrx_word' id='word_1_157' title='bbox 2274 842 2375 880; x_wconf 89' lang='lat' dir='ltr'><strong>usu</strong></span> <span class='ocrx_word' id='word_1_158' title='bbox 2393 826 2578 895; x_wconf 88' lang='lat' dir='ltr'><strong>jacent</strong></span> <span class='ocrx_word' id='word_1_159' title='bbox 2606 825 2745 879; x_wconf 85' lang='lat' dir='ltr'><strong>bene</strong></span> <span class='ocrx_word' id='word_1_160' title='bbox 2767 824 3177 894; x_wconf 70' lang='lat' dir='ltr'><strong>dispensentur,</strong></span> <span class='ocrx_word' id='word_1_161' title='bbox 3207 831 3267 875; x_wconf 89' lang='lat' dir='ltr'><strong>ut</strong></span> <span class='ocrx_word' id='word_1_162' title='bbox 3291 822 3496 875; x_wconf 88' lang='lat' dir='ltr'><strong>iterum</strong></span> <span class='ocrx_word' id='word_1_163' title='bbox 3524 836 3627 873; x_wconf 82' lang='lat' dir='ltr'><strong>no-</strong></span> 
     </span>
    </p>
   </div>
   <div class='ocr_carea' id='block_1_24' title="bbox 2042 910 3625 985">
    <p class='ocr_par' dir='ltr' id='par_1_24' title="bbox 2042 910 3625 985">
     <span class='ocr_line' id='line_1_24' title="bbox 2042 910 3625 985; baseline -0.006 -14"><span class='ocrx_word' id='word_1_164' title='bbox 2042 917 2129 973; x_wconf 85' lang='lat' dir='ltr'><strong>bis</strong></span> <span class='ocrx_word' id='word_1_165' title='bbox 2160 916 2541 970; x_wconf 75' lang='lat' dir='ltr'><strong>custodiantur</strong></span> <span class='ocrx_word' id='word_1_166' title='bbox 2564 952 2582 981; x_wconf 86' lang='lat'><strong>,</strong></span> <span class='ocrx_word' id='word_1_167' title='bbox 2635 930 2699 970; x_wconf 90' lang='lat' dir='ltr'><strong>ac</strong></span> <span class='ocrx_word' id='word_1_168' title='bbox 2729 931 2826 985; x_wconf 86' lang='lat' dir='ltr'><strong>per</strong></span> <span class='ocrx_word' id='word_1_169' title='bbox 2846 930 2912 969; x_wconf 87' lang='lat' dir='ltr'><strong>ea</strong></span> <span class='ocrx_word' id='word_1_170' title='bbox 2952 915 3117 969; x_wconf 86' lang='lat' dir='ltr'><strong>etiam</strong></span> <span class='ocrx_word' id='word_1_171' title='bbox 3141 911 3440 967; x_wconf 78' lang='lat' dir='ltr'><strong>inen‘abilia</strong></span> <span class='ocrx_word' id='word_1_172' title='bbox 3469 910 3625 963; x_wconf 84' lang='lat' dir='ltr'><strong>bona</strong></span> 
     </span>
    </p>
   </div>
   <div class='ocr_carea' id='block_1_25' title="bbox 2046 999 3629 1074">
    <p class='ocr_par' dir='ltr' id='par_1_25' title="bbox 2046 999 3629 1074">
     <span class='ocr_line' id='line_1_25' title="bbox 2046 999 3629 1074; baseline -0.006 -13"><span class='ocrx_word' id='word_1_173' title='bbox 2046 1022 2355 1061; x_wconf 82' lang='lat' dir='ltr'><strong>mereamur</strong></span> <span class='ocrx_word' id='word_1_174' title='bbox 2399 1005 2616 1074; x_wconf 88' lang='lat' dir='ltr'><strong>assequi</strong></span> <span class='ocrx_word' id='word_1_175' title='bbox 2665 1022 2678 1057; x_wconf 92' lang='lat'>:</span> <span class='ocrx_word' id='word_1_176' title='bbox 2719 1020 2841 1074; x_wconf 69' lang='lat' dir='ltr'><strong>quae</strong></span> <span class='ocrx_word' id='word_1_177' title='bbox 2872 1004 3032 1059; x_wconf 91' lang='lat' dir='ltr'><strong>nobis</strong></span> <span class='ocrx_word' id='word_1_178' title='bbox 3059 1003 3318 1057; x_wconf 88' lang='lat' dir='ltr'><strong>omnibus</strong></span> <span class='ocrx_word' id='word_1_179' title='bbox 3343 999 3629 1055; x_wconf 68' lang='lat' dir='ltr'><strong>conced~t</strong></span> 
     </span>
    </p>
   </div>
   <div class='ocr_carea' id='block_1_26' title="bbox 2045 1088 3625 1169">
    <p class='ocr_par' dir='ltr' id='par_1_26' title="bbox 2045 1088 3625 1169">
     <span class='ocr_line' id='line_1_26' title="bbox 2045 1088 3625 1169; baseline -0.008 -17"><span class='ocrx_word' id='word_1_180' title='bbox 2045 1099 2215 1169; x_wconf 85' lang='lat' dir='ltr'><strong>gratia</strong></span> <span class='ocrx_word' id='word_1_181' title='bbox 2242 1107 2299 1151; x_wconf 87' lang='lat' dir='ltr'><strong>et</strong></span> <span class='ocrx_word' id='word_1_182' title='bbox 2320 1096 2655 1165; x_wconf 81' lang='lat' dir='ltr'><strong>benignitate</strong></span> <span class='ocrx_word' id='word_1_183' title='bbox 2675 1111 2773 1149; x_wconf 92' lang='lat' dir='ltr'><strong>sua</strong></span> <span class='ocrx_word' id='word_1_184' title='bbox 2797 1095 3062 1149; x_wconf 90' lang='lat' dir='ltr'><strong>Dominus</strong></span> <span class='ocrx_word' id='word_1_185' title='bbox 3084 1088 3597 1148; x_wconf 81' lang='lat' dir='ltr'><strong>nosterJesusChri</strong></span> <span class='ocrx_word' id='word_1_186' title='bbox 3620 1120 3625 1123; x_wconf 90' lang='lat'><strong><em>-</em></strong></span> 
     </span>
    </p>
   </div>
   <div class='ocr_carea' id='block_1_27' title="bbox 2046 1181 3628 1255">
    <p class='ocr_par' dir='ltr' id='par_1_27' title="bbox 2046 1181 3628 1255">
     <span class='ocr_line' id='line_1_27' title="bbox 2046 1181 3628 1255; baseline -0.008 -11"><span class='ocrx_word' id='word_1_187' title='bbox 2046 1202 2183 1250; x_wconf 84' lang='lat' dir='ltr'><strong>stus,</strong></span> <span class='ocrx_word' id='word_1_188' title='bbox 2203 1189 2291 1244; x_wconf 91' lang='lat' dir='ltr'><strong>cui</strong></span> <span class='ocrx_word' id='word_1_189' title='bbox 2314 1204 2436 1242; x_wconf 89' lang='lat' dir='ltr'><strong>cum</strong></span> <span class='ocrx_word' id='word_1_190' title='bbox 2454 1189 2614 1242; x_wconf 87' lang='lat' dir='ltr'><strong>Patre</strong></span> <span class='ocrx_word' id='word_1_191' title='bbox 2634 1196 2687 1242; x_wconf 87' lang='lat' dir='ltr'><strong>et</strong></span> <span class='ocrx_word' id='word_1_192' title='bbox 2704 1195 2892 1241; x_wconf 88' lang='lat' dir='ltr'><strong>sancto</strong></span> <span class='ocrx_word' id='word_1_193' title='bbox 2910 1185 3119 1255; x_wconf 87' lang='lat' dir='ltr'><strong>Spiritu</strong></span> <span class='ocrx_word' id='word_1_194' title='bbox 3141 1184 3213 1239; x_wconf 89' lang='lat' dir='ltr'><strong>sit</strong></span> <span class='ocrx_word' id='word_1_195' title='bbox 3228 1182 3423 1253; x_wconf 71' lang='lat' dir='ltr'><strong>gloria,</strong></span> <span class='ocrx_word' id='word_1_196' title='bbox 3442 1181 3628 1249; x_wconf 84' lang='lat' dir='ltr'><strong>impe-</strong></span> 
     </span>
    </p>
   </div>
   <div class='ocr_carea' id='block_1_28' title="bbox 2046 1271 3624 1348">
    <p class='ocr_par' dir='ltr' id='par_1_28' title="bbox 2046 1271 3624 1348">
     <span class='ocr_line' id='line_1_28' title="bbox 2046 1271 3624 1348; baseline -0.009 -13"><span class='ocrx_word' id='word_1_197' title='bbox 2046 1282 2210 1343; x_wconf 89' lang='lat' dir='ltr'><strong>rium,</strong></span> <span class='ocrx_word' id='word_1_198' title='bbox 2230 1280 2428 1342; x_wconf 84' lang='lat' dir='ltr'><strong>honor,</strong></span> <span class='ocrx_word' id='word_1_199' title='bbox 2446 1293 2594 1333; x_wconf 87' lang='lat' dir='ltr'><strong>nunc</strong></span> <span class='ocrx_word' id='word_1_200' title='bbox 2608 1285 2663 1333; x_wconf 88' lang='lat' dir='ltr'><strong>et</strong></span> <span class='ocrx_word' id='word_1_201' title='bbox 2676 1292 2891 1348; x_wconf 86' lang='lat' dir='ltr'><strong>semper</strong></span> <span class='ocrx_word' id='word_1_202' title='bbox 2906 1283 2961 1330; x_wconf 88' lang='lat' dir='ltr'><strong>et</strong></span> <span class='ocrx_word' id='word_1_203' title='bbox 2978 1276 3033 1329; x_wconf 88' lang='lat' dir='ltr'><strong>in</strong></span> <span class='ocrx_word' id='word_1_204' title='bbox 3050 1274 3247 1329; x_wconf 64' lang='lat' dir='ltr'><strong>saecula</strong></span> <span class='ocrx_word' id='word_1_205' title='bbox 3262 1271 3624 1328; x_wconf 60' lang='lat' dir='ltr'><strong>seculorum.</strong></span> 
     </span>
    </p>
   </div>
   <div class='ocr_carea' id='block_1_29' title="bbox 2046 1371 2240 1425">
    <p class='ocr_par' dir='ltr' id='par_1_29' title="bbox 2046 1371 2240 1425">
     <span class='ocr_line' id='line_1_29' title="bbox 2046 1371 2240 1425; baseline -0.01 0"><span class='ocrx_word' id='word_1_206' title='bbox 2046 1371 2240 1425; x_wconf 87' lang='lat' dir='ltr'><strong>Amen.</strong></span> 
     </span>
    </p>
   </div>
   <div class='ocr_carea' id='block_1_30' title="bbox 1383 2712 2625 2784">
    <p class='ocr_par' dir='ltr' id='par_1_30' title="bbox 1383 2712 2625 2784">
     <span class='ocr_line' id='line_1_30' title="bbox 1383 2712 2625 2784; baseline -0.006 -10"><span class='ocrx_word' id='word_1_207' title='bbox 1383 2712 1563 2776; x_wconf 80' lang='lat' dir='ltr'><strong>FINIS</strong></span> <span class='ocrx_word' id='word_1_208' title='bbox 1599 2714 1765 2775; x_wconf 80' lang='lat' dir='ltr'><strong>TOMI</strong></span> <span class='ocrx_word' id='word_1_209' title='bbox 1803 2714 2342 2784; x_wconf 77' lang='lat' dir='ltr'><strong>QUINQUAGESIMI</strong></span> <span class='ocrx_word' id='word_1_210' title='bbox 2381 2712 2625 2769; x_wconf 75' lang='lat' dir='ltr'><strong>TEll&#39;I&#39;ll.</strong></span> 
     </span>
    </p>
   </div>
   <div class='ocr_carea' id='block_1_31' title="bbox 3032 5498 3421 5507">
    <p class='ocr_par' dir='ltr' id='par_1_31' title="bbox 3032 5498 3421 5507">
     <span class='ocr_line' id='line_1_31' title="bbox 3032 5498 3421 5507; baseline -0.008 0"><span class='ocrx_word' id='word_1_211' title='bbox 3032 5498 3421 5507; x_wconf 59' lang='lat' dir='ltr'><strong>m</strong></span> 
     </span>
    </p>
   </div>
   <div class='ocr_carea' id='block_1_32' title="bbox 3426 5498 3632 5506">
    <p class='ocr_par' dir='ltr' id='par_1_32' title="bbox 3426 5498 3632 5506">
     <span class='ocr_line' id='line_1_32' title="bbox 3426 5498 3632 5506; baseline 0.01 -2"><span class='ocrx_word' id='word_1_212' title='bbox 3426 5498 3467 5505; x_wconf 57' lang='grc' dir='ltr'><strong><em>ο</em></strong></span> <span class='ocrx_word' id='word_1_213' title='bbox 3504 5498 3632 5506; x_wconf 42' lang='grc' dir='ltr'><strong>,ν-ρ-</strong></span> 
     </span>
    </p>
   </div>
   <div class='ocr_carea' id='block_1_33' title="bbox 2422 5499 3638 5611">
    <p class='ocr_par' dir='ltr' id='par_1_33' title="bbox 2422 5499 3638 5611">
     <span class='ocr_line' id='line_1_33' title="bbox 2422 5499 3638 5611; baseline -0.002 -17"><span class='ocrx_word' id='word_1_214' title='bbox 2422 5542 2497 5596; x_wconf 76' lang='lat' dir='ltr'><strong>Ex</strong></span> <span class='ocrx_word' id='word_1_215' title='bbox 2529 5540 2694 5611; x_wconf 77' lang='lat' dir='ltr'><strong>&#39;I&#39;ypis</strong></span> <span class='ocrx_word' id='word_1_216' title='bbox 2742 5499 3080 5599; x_wconf 39' lang='lat' dir='ltr'><strong>mosi—au</strong></span> <span class='ocrx_word' id='word_1_217' title='bbox 3133 5499 3638 5591; x_wconf 58' lang='grc' dir='ltr'><strong>Ρειίι-λιηιςῖηέιῖξξ</strong></span> 
     </span>
    </p>
   </div>
  </div>
