3750 6250
210 223 313 278 5εὲ
1012 227 1067 281 S.
1108 226 1389 283 JOANNIS
1435 224 1925 283 CHRYSOSTOMI
1977 228 2291 285 ARCIIIEI‘.
2335 228 2876 287 CONSTANTINOP.

3551 238 3649 291 336

1475 412 1625 485 [ηδ]
1699 424 2095 513 ΟΜΙΛΙΑ
2169 422 2361 515 MB'.

655 576 1129 647 Ἐξαναστάντες
1164 578 1234 631 δὲ
1273 582 1327 633 οἰ
1352 579 1569 649 ἄνδρες
1596 580 1945 652 ἐπέϐλεψαν
1971 584 2070 638 ἐπὶ
2099 585 2421 653 πρόσωπον
2448 584 2726 656 Σοδόμων
2758 583 2855 639 καί
2888 584 3218 656 Γομόρῤας.

277 723 348 773 α’.
387 710 695 785 Ἓμάθομεν
725 714 789 766 ἐκ
818 711 927 765 τῶν
956 711 1081 781 χθὲς
1100 712 1549 781 ἀνεγνωσμένων,
1582 714 1875 784 ἀγαπητοὶ,

206 810 306 881 τὴν
336 808 641 882 ὑπερϐολὴν
671 808 769 877 τῆς
797 805 889 859 τοῦ
914 806 1123 859 δικαίου
1161 805 1463 875 φιλοξενίας
1482 823 1493 835 ’
1528 807 1660 878 φέρε
1693 806 1755 879 δὴ
1788 808 1882 860 καὶ

206 903 447 974 σήμερον
493 902 562 954 τά
614 900 740 971 ἐξῆς
789 900 1124 963 ἐπελθόντες,
1161 900 1323 954 πάλιν
1353 902 1754 973 καταμάθωμεν
1787 903 1881 957 τοῦ

207 999 543 1069 πατριάρχου
572 996 634 1050 :6
663 996 1015 1066 φιλόστοργον
1043 995 1138 1049 καὶ
1164 997 1464 1065 συμπαθές.
1482 998 1751 1068 Ἐκάστην
1775 998 1882 1069 γὰρ

206 1096 313 1148 τῶν
346 1094 555 1168 ἀρετῶν
607 1092 723 1165 μεθ’
746 1091 1051 1163 ὑπερϐολῆς
1083 1094 1111 1145 6
1147 1092 1355 1156 δίκαιος
1405 1089 1556 1158 οὗτος
1600 1094 1880 1165 ἐκέκτητο.

209 1191 343 1244 Οὐδὲ
394 1190 505 1261 γὰρ
566 1187 726 1261 μόνον
778 1188 1151 1259 φιλόστοργος,
1182 1189 1302 1243 οὐδὲ
1350 1189 1622 1259 φιλόξενος
1672 1186 1740 1262 ἦν
1790 1193 1885 1248 καὶ

210 1284 523 1356 συμπαθής,
560 1284 695 1338 ἀλλά
744 1284 836 1337 καὶ
883 1282 983 1346 τάς
1022 1282 1183 1346 ἄλλας
1230 1284 1431 1355 ἀρετάς
1478 1286 1694 1351 ἁπάσας
1747 1288 1885 1358 μετὰ

208 1380 486 1450 δαψιλείας
521 1380 882 1433 ἐπεδείκνυτο.
906 1380 1003 1430 "Av
1030 1395 1089 1430 τε
1126 1377 1233 1449 γὰρ
1268 1378 1539 1450 ὑπομονὴν
1565 1380 1660 1454 δέῃ
1689 1382 1887 1435 ἐπιδεί-

212 1476 429 1541 ξασθαι,
476 1475 731 1546 εὑρήσεις
764 1473 927 1526 αὐτὸν
952 1473 1030 1536 εἰς
1062 1472 1231 1543 αὐτὴν
1272 1474 1370 1545 τὴν
1419 1474 1593 1545 ἄκραν
1642 1478 1886 1549 κορυφὴν

212 1572 627 1644 ἀναϐεϐηκότα·
668 1571 734 1625 ἀν
769 1587 828 1623 τε
873 1569 1391 1641 ταπεινοφροσύνην,
1420 1570 1539 1640 δψει
1586 1572 1747 1626 πάλιν
1792 1572 1888 1626 καὶ

212 1664 448 1720 ἐνταῦθα
478 1664 656 1719 οὐδενὶ
690 1663 1142 1736 παραχωροῦντα,
1173 1663 1310 1717 ἀλλά
1350 1664 1555 1727 πάντας
1588 1665 1888 1736 ὑπερακον-

211 1762 429 1825 τίζοντα
448 1778 462 1792 ο
494 1760 599 1814 κᾶν
628 1760 809 1813 πίστιν
836 1757 1205 1823 ἐπιδείξασθαι
1230 1759 1345 1831 δέῃ,
1380 1760 1472 1813 καὶ
1499 1761 1556 1813 ἐν
1588 1761 1761 1831 τούτῳ
1790 1762 1890 1815 πά-

213 1862 297 1915 λιν
325 1858 523 1930 μᾶλλον
555 1856 907 1928 εὑρεθήσεται
932 1855 1039 1908 τῶν
1067 1854 1242 1909 ἄλλων
1278 1855 1533 1909 ἀπάντων
1562 1856 1883 1927 εὐδοκιμῶν.

217 1955 479 2025 Καθάπερ
505 1954 610 2025 γάρ
640 1950 801 2005 εἰκών
839 1969 925 2014 τις
967 1951 1204 2022 ἔμψυχός
1244 1954 1389 2004 ἐστιν
1422 1953 1455 2020 ή
1494 1951 1687 2004 τούτου
1716 1951 1883 2023 ψυχὴ,

214 2054 282 2106 τά
320 2052 551 2122 διάφορα
593 2048 695 2119 τῆς
740 2048 943 2118 ἀρετῆς
969 2046 1237 2119 χρώματα
1266 2047 1324 2101 ἐν
1354 2049 1522 2119 ἑαυτῇ
1546 2046 1884 2104 δεικνύουσα.

218 2149 351 2201 Ποία
392 2144 493 2202 οῦν
535 2148 665 2217 ἡμῖν
693 2145 1045 2198 ὑπολείπεται
1072 2142 1263 2198 λοιπὸν
1299 2143 1587 2212 ἀπολογία,
1615 2145 1741 2197 ὅταν
1770 2146 1899 2227 ἐνὸς

217 2241 504 2315 ἀνθρώπου
543 2243 720 2306 πάσας
760 2240 859 2305 τὰς
906 2241 1105 2313 ἀρετάς
1150 2242 1208 2293 ἐν
1254 2239 1433 2311 ἐαυτῴ
1480 2242 1887 2313 περιφέροντος,

221 2344 378 2414 ἡμεῖς
408 2340 578 2403 οὑτως
612 2340 807 2411 ἔρημοι
848 2337 1227 2409 τυγχάνωμεν,
1269 2337 1345 2401 ὡς
1386 2337 1655 2409 μηδεμίαν
1686 2339 1891 2411 ἀρετήν

221 2439 503 2512 βούλεσθαι
535 2436 832 2509 κατορθοῦν
853 2454 868 2501 ;
890 2437 1013 2491 ’Ὀτι
1036 2435 1143 2506 γὰρ
1168 2435 1228 2489 οὐ
1260 2434 1412 2507 παρά
1430 2434 1492 2488 :6
1514 2435 1591 2507 μὴ
1608 2435 1889 2501 δύνασθαι,

216 2539 354 2593 ἀλλά
383 2536 534 2608 παρά
575 2535 637 2590 :6
677 2533 751 2606 μὴ
791 2533 1075 2604 βούλεσθαι
1105 2532 1305 2604 ἔρημοι
1336 2531 1556 2587 πάντων
1580 2532 1756 2603 ἐσμὲν
1779 2532 1909 2586 τῶν

218 2636 457 2704 ἀγαθῶν,
490 2631 664 2703 σαφὴς
690 2630 960 2697 ἀπόδειξις
988 2630 1047 2683 :6
1072 2628 1301 2692 πολλοὺς
1328 2628 1436 2683 τῶν
1462 2628 1739 2700 ὁμογενῶν
1760 2630 1891 2701 ήμῖν

218 2730 395 2801 εὑρεῖν
426 2728 827 2797 διαλάμποντας
864 2728 920 2779 ἐν
948 2727 1136 2798 ἀρετῇ.
1177 2725 1288 2779 Καὶ
1319 2724 1451 2778 αὐτὸ
1481 2724 1538 2778 δέ
1570 2724 1727 2779 τοῦτο
1741 2738 1790 2790 ι,
1829 2727 1892 2780 τὺ

217 2826 309 2879 τὸν
336 2822 681 2896 πατριάρχην
703 2822 797 2877 καὶ
829 2822 936 2893 πρὸ
958 2823 1056 2893 τῆς
1081 2821 1323 2892 χάριτος,
1350 2820 1448 2875 καὶ
1474 2821 1582 2893 πρὸ
1609 2822 1703 2876 τοῦ
1730 2823 1893 2896 νόμου

219 2922 500 2993 γεγονότα,
547 2918 758 2974 οἴκοθεν
797 2918 893 2973 καὶ
931 2918 1041 2972 ἀπὸ
1082 2917 1182 2988 τῆς
1231 2918 1289 2970 ἐν
1318 2919 1385 2988 τῇ
1431 2916 1603 2987 φύσει
1636 2919 1897 2992 κειμένης

219 3019 473 3089 γνώσεως
497 3017 577 3082 εἰς
596 3013 848 3071 τοσοῦτον
878 3014 1071 3087 μέτρον
1093 3014 1297 3086 ἀρετῆς
1323 3013 1521 3079 ἐλθεῖν,
1549 3014 1731 3087 πάσης
1748 3018 1896 3088 ἡμᾶς

223 3112 521 3182 ἀπολογίας
568 3109 943 3182 ἀποστερῆσαι
992 3110 1301 3181 δυνήσεται.
1342 3108 1481 3163 Ἀλλ’
1536 3109 1666 3173 ῖσως
1711 3110 1896 3181 ἐροῦσι

223 3228 392 3275 τινες,
423 3210 504 3263 ὅτι
533 3206 734 3278 πολλῆς
760 3206 1036 3261 ἀπέλαυσε
1062 3205 1163 3276 τῆς
1194 3204 1346 3277 παρά
1375 3204 1472 3259 τοῦ
1500 3204 1634 3258 Θεοὺ
1662 3206 1895 3278 κηδεμο-

226 3308 345 3371 νίας
372 3308 401 3359 ό
427 3304 588 3375 ἀνὴρ,
610 3303 704 3357 καί⁸
733 3300 931 3373 πολλὴν
959 3301 1272 3365 ἐπεδείξατο
1298 3301 1395 3373 τὴν
1425 3302 1552 3373 περὶ
1583 3301 1744 3355 αὐτὸν
1772 3303 1901 3373 πρό-

224 3419 374 3457 νοιαν
405 3402 433 3455 6
457 3400 565 3453 τῶν
607 3397 742 3452 ὅλων
765 3396 918 3461 Θεός.
951 3394 1078 3461 Ναὶ,
1108 3396 1355 3467 ὁμολογῶ
1378 3414 1393 3429 -
1428 3396 1544 3451 ἀλλ’
1572 3399 1620 3450 εἰ
1668 3396 1742 3468 μὴ
1769 3396 1901 3467 πρό-

225 3515 380 3570 τερος
410 3498 478 3551 τά
507 3494 639 3566 παρ’
659 3492 851 3549 ἑαυτοῦ
881 3493 976 3546 καὶ
1006 3492 1168 3555 αὐτὸς
1197 3490 1531 3559 ἐπεδείξατο,
1563 3493 1663 3545 οὐκ
1698 3493 1764 3547 ἂν
1792 3493 1901 3547 τῶν
1930 3508 1933 3509 ⁷

228 3596 377 3668 παρά
414 3592 507 3648 τοῦ
552 3591 819 3646 Δεσπότου
868 3589 1171 3662 ἀπήλαυσε.
1208 3589 1301 3662 Μὴ
1332 3588 1515 3644 τοίνυν
1542 3590 1702 3644 τοῦτο
1740 3592 1901 3661 μόνον

228 3694 350 3765 ὅρα,
400 3689 537 3745 ἀλλά
584 3688 705 3743 καθ’
728 3687 957 3741 ἕκαστον
997 3683 1266 3751 ἐξετάζων
1317 3686 1725 3757 καταμάνθανε,
1784 3687 1903 3751 πῶς

229 3788 489 3859 πρότερον
514 3786 610 3856 τῆς
638 3783 838 3846 οἰκείας
866 3783 1067 3855 ἀρετῆς
1096 3783 1154 3836 ὲν
1184 3783 1319 3835 πᾶσι
1350 3782 1448 3852 τὴν
1478 3781 1710 3853 βάσανον
1760 3800 1903 3854 παρ-

229 3884 499 3956 εσχηκὼς.
537 3880 710 3944 οὑτως
736 3879 950 3949 ἠξιοῦτο
977 3879 1074 3948 τῆς
1105 3878 1254 3949 παρά
1282 3878 1377 3932 τοῦ
1402 3877 1536 3931 Θεοῦ
1563 3878 1900 3949 συμμαχίας.

231 3983 340 4035 Καὶ
367 3980 539 4033 ταῦτα
572 3976 829 4039 πολλάκις
856 3976 983 4046 ὑμῖν
1012 3974 1316 4045 ἐδείξαμεν,
1347 3973 1511 4044 ἡνίκα
1540 3973 1607 4026 τὰ
1642 3974 1784 4027 κατὰ
1803 3973 1902 4046 τὴν

237 4075 560 4149 μετάστασιν
595 4072 757 4125 αὑτοῦ
789 4070 887 4139 τὴν
932 4072 999 4123 ἐκ
1043 4071 1147 4141 γῆς
1193 4071 1293 4142 τῆς
1336 4068 1595 4141 πατρῴας
1644 4070 1900 4136 ἐποιεῖτο,

233 4175 379 4235 ὅπως
402 4170 522 4224 οὑδέ
542 4170 649 4222 ἀπὸ
670 4168 947 4238 προγόνων
968 4166 1257 4237 σπέρματα
1282 4165 1563 4229 εὐσεϐείας
1590 4164 1902 4233 δεξάμενος,

234 4270 442 4325 οἴκοθεν
469 4266 562 4319 καὶ
592 4265 720 4336 παρ’
752 4261 950 4317 ἐαυτοῦ
985 4261 1121 4314 πολὺ
1151 4260 1212 4313 τὸ
1251 4260 1496 4330 φιλόθεον
1539 4260 1901 4327 ἐπεδείκνυτο,

236 4366 329 4420 κοιλ⁸
376 4365 660 4434 ἄνθρωπος
709 4361 832 4431 ἀρτι
882 4360 982 4430 τῆς
1018 4357 1290 4421 Χαλδαίας
1324 4355 1684 4426 μεταναστὰς.
1712 4356 1905 4428 ἀθρόον

236 4452 589 4521 κελευόμενος
636 4448 734 4521 τὴν
776 4446 1062 4518 ἀλλοτρίαν
1091 4445 1190 4518 τῆς
1217 4445 1424 4507 οἰκείας
1450 4443 1901 4511 ἀνταλλάξασθαι,

236 4542 337 4594 οὐκ
365 4538 684 4601 ἐνεδοίασεν,
712 4535 811 4589 οὐκ
833 4531 1177 4599 ἀνεϐάλλετο,
1207 4532 1321 4586 ἀλλ’
1344 4531 1545 4596 εὐθέως
1580 4531 1819 4603 ἐπλήρου
1843 4531 1904 4584 :6

238 4625 547 4697 ἐπιταχθὲν,
582 4624 675 4677 καὶ
705 4622 877 4676 ταῦτα
903 4622 1002 4675 οὐκ
1033 4619 1188 4683 εἰδὼς
1214 4621 1349 4674 ὅπου
1374 4620 1628 4691 στήσεται
1653 4617 1803 4689 αὐτῷ
1836 4619 1905 4671 τὰ.

236 4716 336 4786 τῆς
380 4713 609 4782 πλάνης,
647 4713 742 4765 καὶ
770 4708 993 4763 ἔσπευδε
1023 4708 1117 4761 κα)⁸
1155 4707 1432 4777 ἠπείγετο,
1466 4706 1540 4771 ὼς
1572 4707 1664 4760 ἐπὶ
1694 4706 1904 4776 ώμολο-

240 4801 518 4873 γημένοις.
544 4803 655 4864 τοῖς
690 4798 927 4868 ἀδήλοις,
957 4796 1019 4849 τὸ
1042 4795 1135 4848 τοῦ
1169 4795 1305 4848 Θεοῦ
1331 4794 1657 4864 πρόσταγμα
1690 4794 1906 4847 πάντων

240 4883 631 4957 προτιμότερον
668 4880 987 4951 ⁴ἡγούμενος.
1021 4875 1176 4940 Εἶδες
1208 4876 1325 4940 πῶς
1375 4876 1433 4942 ἐξ
1476 4875 1652 4947 ἀρχῆς
1700 4874 1795 4929 καὶ
1842 4876 1907 4928 ἐκ

240 4974 536 5047 προοιμίων
580 4972 648 5026 τά
688 4972 816 5042 παρ’
851 4968 1044 5023 ἐαυτοῦ
1078 4967 1350 5038 εἰσέφερε,
1379 4966 1473 5019 καί
1501 4965 1591 5018 διά
1619 4964 1777 5019 τοῦτο
1813 4964 1907 5018 καὶ

243 5065 310 5116 τὰ
338 5061 486 5131 παρά
515 5060 608 5113 τοῦ
636 5058 769 5111 Θεοῦ
800 5057 920 5110 καθ’
952 5056 1187 5125 ἐκάστην
1210 5052 1517 5124 ἐκαρποῦτο
1546 5053 1684 5123 μετά
1708 5052 1908 5122 πολλῆς

243 5144 345 5215 τῆς
384 5144 695 5211 δαψιλείαςς
743 5138 895 5213 [428]
928 5139 1033 5193 Τὸν
1060 5137 1221 5191 αὐτὸν
1250 5135 1313 5208 δή
1341 5136 1541 5207 τρόπον
1590 5135 1685 5190 καὶ
1723 5137 1903 5206 ἡμεῖς,

245 5228 539 5298 ἀγαπητοὶ,
566 5227 615 5278 εἰ
648 5224 971 5296 βουλοίμεθα
999 5223 1099 5293 τῆς
1125 5221 1328 5277 ἀνωθεν
1352 5220 1645 5274 ἀπολαύειν
1672 5218 1905 5283 εὐνοίας,

248 5314 581 5386 ζηλώσωμεν
606 5313 698 5366 τὸν
730 5311 1092 5381 πατριάρχην,
1123 5310 1213 5362 καὶ
1262 5307 1334 5378 μή
1378 5304 1734 5376 ἀναδυώμεθα
1771 5307 1907 5376 πρὸς

246 5398 342 5469 τὴν
392 5394 613 5467 ἀρετήν,
658 5395 771 5449 ἀλλ’
813 5395 1048 5462 ἑκάστην
1090 5391 1474 5456 ἀπολαϐόντες,
1520 5389 1662 5443 οὑτω
1706 5388 1906 5458 ταύτην

252 5483 387 5556 μετά
421 5482 653 5551 σπουδῆς
690 5480 1076 5551 μετερχώμεθα
1096 5520 1109 5543 ,
1142 5477 1217 5541 ὡς
1250 5478 1340 5530 τὸν
1374 5477 1674 5547 ἀκοίμητον
1702 5477 1908 5529 ἐκεῖνον

252 5566 521 5637 ὀφθαλμὸν
542 5564 946 5619 ἐπισπάσασθαι
968 5563 1103 5634 πρὸς
1122 5562 1218 5632 τήν
1242 5563 1339 5631 τῆς
1364 5562 1598 5632 ἀμοιϐῆς
1617 5560 1904 5615 ἀντίδοσιν.

260 5656 317 5709 '0
361 5654 471 5724 γὰρ
514 5652 581 5705 τά
613 5651 900 5721 ἀπόρρητα
926 5652 1026 5719 τῆς
1052 5649 1285 5711 διανοίας
1328 5647 1483 5719 ἡμῶν
1526 5647 1905 5719 ἐπιστάμενος,

311 5764 337 5792 ⁸
363 5760 493 5809 Savil
534 5761 581 5808 εἰ
608 5758 690 5809 alii
719 5758 793 5805 καὶ
818 5757 933 5804 αὒτὸ
956 5757 1041 5818 γὰρ
1065 5754 1223 5803 τοῦτο.

1984 718 2204 771 ἐπειδὰν
2234 718 2317 789 ίδῃ
2342 719 2468 789 ὑγιῆ
2495 718 2719 792 γνώμην
2750 718 3245 790 ἐπιδεικνυμένους,
3263 718 3357 771 καὶ
3379 717 3523 790 πρὸς
3543 722 3661 785 τοὺς

1984 819 2086 890 τῆς
2134 821 2336 893 ἀρετῆς
2389 821 2606 891 ἀγῶνας
2651 820 2983 875 ἀποδύεσθαι
3020 819 3446 884 ἐσπουδακότας,
3485 836 3662 890 παρα·

1984 922 2172 993 χρῆμα
2216 922 2308 976 καὶ
2340 922 2440 994 τὴν
2474 924 2606 994 παρ’
2629 921 2824 976 ἐαυτοῦ
2870 921 3100 992 παρέχει
3148 920 3341 991 ῥοπὴν,
3391 920 3535 991 ὁμοῦ
3579 924 3661 973 καὶ

1983 1023 2109 1086 τοὺς
2138 1022 2331 1086 πόνους
2359 1023 2489 1093 ἡμῖν
2518 1022 2903 1091 ἐπικουφίζων,
2928 1022 3020 1074 καὶ
3052 1019 3113 1073 :6
3145 1019 3368 1083 ἀσθενὲς
3399 1020 3507 1089 τῆς
3538 1022 3663 1090 ήμεο

1984 1124 2149 1197 τέρας
2192 1123 2407 1194 φύσεως
2440 1123 2797 1195 ἐπιρῤωννὺς,
2839 1121 2934 1175 καὶ
2978 1118 3220 1189 δαψιλεῖς
3267 1120 3368 1183 τάς
3420 1120 3661 1189 ἀμοιϐὰς

1986 1223 2254 1294 χορηγῶν.
2286 1224 2395 1277 Καὶ
2441 1223 2535 1276 ἐπὶ
2581 1221 2681 1292 μὲν
2721 1220 2830 1274 τῶν
2865 1219 3253 1289 Ὀλυμπιακῶν
3286 1218 3526 1287 ἀγώνων
3572 1222 3662 1273 οὐκ

1985 1326 2051 1381 ἀν
2089 1343 2217 1379 ποτε
2266 1325 2445 1397 εὑροις
2495 1342 2548 1378 τι
2596 1324 2836 1378 τοιοῦτον
2876 1323 3193 1394 γινόμενονο
3228 1322 3344 1376 ἀλλ’
3366 1322 3601 1391 ἕστηκεν
3639 1325 3663 1373 6

1987 1425 2359 1496 παιδοτρίϐης,
2380 1423 2577 1496 θεατὴς
2601 1423 2761 1495 μόνον
2782 1422 3062 1493 γινόμενος
3091 1422 3196 1475 τῶν
3221 1421 3660 1490 ἀγωνιζομένων,

1988 1526 2084 1579 καὶ
2113 1526 2264 1579 οὐδὲν
2296 1526 2484 1597 ἕτερον
2521 1525 2948 1591 συνεισενεγκεῖν
2976 1522 3290 1593 δυνάμενος,
3320 1522 3440 1576 ἀλλ’
3465 1522 3662 1590 ἀναμέ-

1988 1642 2095 1678 νων
2124 1625 2223 1697 τὴν
2250 1625 2404 1695 νίκην
2432 1623 2681 1694 γενέσθαι
2707 1640 2721 1654 ·
2752 1624 2781 1675 6
2805 1623 2862 1675 δὲ
2891 1622 3169 1693 Δεσπότης
3200 1624 3229 1675 6
3257 1621 3546 1692 ἡμέτερος
3572 1623 3663 1691 οὐχ

1988 1726 2179 1790 οὑτως,
2204 1725 2339 1779 ἀλλά
2382 1726 2475 1779 καί
2509 1723 2952 1793 συναγωνίζεται,
2988 1723 3083 1776 καὶ
3125 1725 3282 1793 χεῖρα
3328 1722 3541 1793 ὀρέγει,
3579 1726 3665 1772 καὶ

1991 1823 2409 1892 συνεφάπτεται.
2441 1825 2532 1877 καί
2568 1821 2855 1892 μονονουχὶ
2887 1820 3220 1891 πανταχόθεν
3252 1821 3347 1873 τὸν
3375 1820 3665 1874 ἀντίπαλον

1991 1925 2420 1995 ὑποτεταγμένον
2468 1926 2597 1995 ἡμῖν
2646 1920 3004 1993 παραδίδωσι,
3043 1920 3137 1972 καὶ
3170 1920 3349 1974 πάντα
3398 1920 3552 1971 ποιεῖ
3580 1922 3664 1971 καὶ

1993 2023 2461 2094 πραγματεύεται,
2494 2022 2634 2075 ὥστε
2661 2020 2956 2091 δυνηθῆναι
2982 2020 3133 2092 ἡμᾶς
3166 2019 3665 2088 καταγωνίσασθαι,

1993 2123 2088 2176 καὶ
2129 2124 2228 2194 τήν
2276 2123 2433 2193 νίκην
2480 2122 2737 2195 ἄρασθαι,
2770 2121 2858 2175 ἵνα
2888 2119 2981 2176 τὸν
3014 2118 3379 2192 ἀμαράντινον
3410 2121 3667 2190 στέφανον

1994 2221 2154 2294 ἐπιθῇ
2182 2225 2249 2293 τῇ
2281 2223 2524 2293 ἡμετέρᾳ.
2562 2220 2793 2291 κεφαλῇ.
2831 2219 3142 2289 Στέφανον
3174 2218 3302 2288 γάρ,
3338 2220 3533 2289 φησίν,
3568 2237 3667 2288 χη-

1988 2322 2170 2390 ρίτων
2197 2321 2341 2390 δέξῃ
2371 2321 2455 2389 σῇ
2490 2319 2744 2391 κορυφῇ.
2774 2319 2886 2374 Καὶ
2919 2320 2977 2373 ἐν
3006 2320 3104 2391 μὲν
3130 2321 3243 2384 τοῖς
3278 2319 3668 2390 Ὀλυμπιακοῖς

1994 2421 2203 2485 τούτοις
2237 2421 2444 2491 ἀγῶσιν
2468 2423 2495 2474 6
2524 2421 2785 2489 στέφανος
2821 2419 2957 2491 μετά
2993 2419 3092 2490 τὴν
3120 2419 3275 2490 νίκην
3304 2420 3465 2473 οὐδὲν
3489 2421 3669 2490 ἕτερόν

1997 2520 2223 2593 ἐστιν,ή
2266 2520 2438 2590 φύλλα
2481 2519 2708 2591 δάφνης,
2746 2518 2842 2572 καλ⁸
2874 2518 3085 2590 κρότος,
3118 2519 3213 2573 καὶ
3252 2518 3349 2589 βοὴ
3393 2518 3554 2589 παρά
3584 2518 3667 2570 τοῦ

1996 2621 2168 2691 δήμου
2200 2620 2478 2691 γινομένη,
2499 2619 2641 2690 ἀπερ
2670 2618 2908 2682 ἅπαντα,
2940 2619 3038 2690 τῆς
3067 2619 3306 2689 ἑσπέρας
3332 2619 3668 2672 καταλαϐού-

2001 2736 2121 2792 σης,
2145 2720 2532 2792 κατεμαράνθη
2564 2721 2657 2774 καὶ
2686 2719 2932 2774 ἀπώλετο
2950 2735 2965 2752 ·
3016 2722 3044 2774 6
3084 2720 3138 2774 δὲ
3173 2720 3315 2792 ὑπὲρ
3344 2720 3451 2791 τῆς
3476 2722 3671 2793 ἀρετῆς

2000 2822 2095 2874 καὶ
2120 2820 2226 2874 τῶν
2263 2821 2463 2891 ταύτης
2493 2820 2727 2893 ἱδρώτων
2760 2821 3020 2891 στέφανος
3050 2821 3201 2875 οὐδὲν
3246 2820 3512 2892 αἰσθητὸν
3540 2821 3670 2892 ἔχει,

1994 2919 2119 2973 ὀὐδὲ
2145 2922 2203 2974 ἐν
2222 2921 2299 2992 τῷ
2322 2922 2477 2975 αἰῶνι
2496 2922 2669 2994 τούτῳ
2691 2923 3217 2995 συγκαταλυόμενον,
3240 2923 3375 2978 ἀλλά
3395 2922 3668 2994 διηνεκὴς.

1999 3020 2282 3084 ἀθάνατος,
2314 3021 2485 3075 ἀπασι
2518 3022 2629 3083 τοῖς
2669 3021 2827 3074 αἰῶσι
2853 3021 3485 3093 συμπαρεκτεινόμενος.
3517 3021 3624 3073 Καὶ
3649 3023 3673 3072 6

2006 3121 2104 3192 μέν
2148 3120 2311 3185 πόνος
2355 3122 2491 3193 πρὸς
2519 3122 2708 3193 χρόνον
2744 3121 2972 3193 βραχὺν,
3003 3123 3035 3193 ή
3067 3122 3126 3174 δέ
3154 3120 3295 3192 ὑπὲρ
3336 3121 3450 3174 τῶν
3498 3121 3673 3174 ⁴κόνων

2003 3220 2204 3292 ἀμοιϐὴ
2231 3221 2382 3285 τέλος
2424 3222 2523 3276 οὐκ
2568 3217 2729 3287 οἶδεν,
2760 3222 2879 3277 οὐδὲ
2911 3222 3047 3275 εἴκει
3074 3221 3153 3293 τῷ
3180 3221 3383 3293 χρόνῳ,
3417 3222 3545 3275 οὐδέ
3576 3240 3670 3291 μα-

2006 3327 2262 3400 ραίνεται.
2290 3329 2400 3382 Καὶ
2431 3329 2517 3381 ἴνα
2553 3328 2781 3399 μάθητε,
2816 3328 2924 3382 ἰδοὺ
2949 3327 3090 3381 πόσα
3122 3326 3219 3397 ἐτη
3248 3324 3557 3396 διελήλυθε,
3591 3328 3673 3377 καὶ

2002 3428 2165 3481 πόσαι
2209 3428 2412 3497 γενεαὶ,
2440 3427 2503 3493 ἐξ
2528 3422 2588 3482 οὗ
2621 3428 2963 3500 πατριάρχης
3006 3420 3159 3490 οὗτος
3204 3426 3428 3495 γέγονε·
3468 3426 3567 3477 καὶ
3605 3426 3671 3488 ὡς

2001 3528 2127 3598 χθές
2153 3529 2248 3581 καὶ
2277 3530 2535 3601 σήμερον,
2566 3529 2707 3583 οὑτω
2736 3528 3131 3598 διαλάμπουσιν
3152 3527 3316 3580 αὑτοῦ
3341 3526 3393 3579 οἰ
3415 3526 3561 3596 ὑπὲρ
3582 3526 3672 3593 τῆς

2001 3628 2200 3700 ἀρετῆς
2234 3628 2506 3697 στέφανοι,
2538 3628 2633 3683 καὶ
2668 3628 2831 3699 μέχρι
2862 3627 2963 3695 τῆς
3000 3625 3309 3689 συντελείας
3338 3624 3521 3695 αὐτῆς
3548 3627 3671 3677 πᾶσι

2002 3728 2114 3791 τοῖς
2150 3722 2209 3782 εὖ
2239 3726 2495 3800 φρονοῦσι
2522 3726 2872 3791 διδασκαλίας
2902 3726 3161 3788 ὑπόθεσις
3186 3724 3422 3793 γίνεται.

2074 3826 2139 3897 β’.
2184 3828 2336 3881 Ἐπεὶ
2356 3822 2448 3881 οὖν
2475 3826 2698 3897 τοιαύτη
2718 3826 2811 3880 τοῦ
2835 3825 3045 3880 δικαίου
3084 3825 3273 3879 τούτου
3303 3825 3337 3895 ή
3365 3822 3567 3895 ἀρετή,
3602 3824 3671 3884 εἰς

2004 3926 2161 3998 ζῆλον
2182 3926 2371 3979 τούτου
2398 3926 2784 3999 διεγερθῶμεν,
2815 3927 2909 3980 καὶ
2928 3926 3024 3995 όψέ
3046 3924 3176 3995 γοῦν
3197 3941 3327 3977 ποτε
3350 3922 3452 3995 τὴν
3471 3924 3671 3975 οἰκείαν

2003 4027 2313 4097 ἐπιγνόντες
2346 4027 2641 4097 εὐγένειαν,
2670 4028 2761 4082 τὸν
2790 4028 3133 4100 πατριάρχην
3164 4023 3562 4098 μιμησώμεθα,
3587 4027 3671 4077 καί

2004 4128 2209 4181 ἔννοιάν
2234 4145 2354 4181 τινα
2385 4127 2638 4199 λάϐωμεν
2676 4127 2777 4199 τῆς
2820 4126 3090 4198 σωτηρίας
3125 4127 3223 4197 τῆς
3253 4124 3558 4195 ἡμετέρας,
3585 4126 3671 4175 καὶ

2004 4228 2202 4300 πολλὴν
2247 4227 2561 4298 ἐπιμέλειαν
2607 4227 2910 4300 ποιώμεθα,
2957 4226 3097 4280 ὥστε
3132 4227 3207 4298 μὴ
3232 4225 3295 4278 :6
3324 4224 3485 4295 σῶμα
3519 4224 3669 4295 μόνον

2006 4328 2285 4396 ὑγιαίνειν,
2320 4327 2456 4381 ἀλλά
2483 4329 2698 4400 καὶτῆς
2724 4328 2903 4401 ψυχῆς
2926 4326 2997 4381 τά
3017 4326 3247 4397 διάφορα
3271 4324 3564 4395 νοσήματα
3595 4326 3671 4375 ία-

2004 4428 2381 4501 τρεύειν.⁹Εάν
2418 4428 2528 4501 γὰρ
2556 4428 2872 4501 βουλώμεθα
2900 4429 3093 4501 νήφειν
3141 4426 3233 4481 καὶ
3284 4424 3670 4496 ἐγρηγορέναι.

2003 4531 2112 4585 τῶν
2156 4530 2250 4584 τοῦ
2297 4528 2549 4602 σώματος
2590 4530 2778 4583 παθῶν
2834 4528 3200 4598 εὐκολώτερον
3237 4525 3309 4579 τά
3350 4524 3454 4592 τῆς
3500 4524 3673 4593 ψυχῆς

2011 4632 2270 4700 ἰασόμεθα
2297 4632 2599 4703 νοσήματα.
2629 4625 2753 4685 Οίον
2774 4628 2882 4701 γὰρ
2909 4626 2976 4683 ἂν
3002 4626 3192 4698 ἐνοχλῇ
3221 4626 3352 4696 ἡμῖν
3375 4622 3572 4687 πάθος,
3586 4623 3671 4675 ἐὰν

2008 4724 2278 4796 ἐθέλωμεν
2305 4726 2520 4779 εὐσεϐεῖ
2544 4723 2789 4795 λογισμῷ
2816 4724 2873 4776 ἐν
2904 4720 2980 4792 νῷ
3001 4718 3288 4774 ἀναλαϐεῖν
3309 4716 3369 4770 :6
3396 4715 3671 4785 κριτήριον

2004 4820 2107 4891 τῆς
2134 4821 2368 4893 φοϐερᾶς
2405 4822 2617 4894 ἐκείνης
2640 4820 2871 4893 ἡμέρας,
2898 4818 2992 4872 καὶ
3024 4816 3099 4888 μὴ
3131 4813 3265 4887 πρὸς
3293 4812 3354 4866 :6
3379 4812 3558 4883 παρὸν
3579 4812 3667 4881 ήδῂ

2007 4916 2237 4981 ἀπιδεῖν,
2273 4917 2406 4971 ἀλλά
2428 4917 2525 4988 τὴν
2554 4917 2691 4988 μετὰ
2716 4915 2887 4969 ταῦτα
2908 4912 3099 4984 ὀδύνην
3128 4908 3485 4981 ἐγγινομένην
3525 4910 3668 4979 ἡμῖν,

2008 5013 2350 5085 παραχρῆμα
2373 5015 2745 5085 ἀποπτήσεται
2771 5011 2865 5065 καὶ
2881 5008 3222 5080 ἀποπηδήσει
3238 5005 3267 5045 ιδ
3288 5005 3386 5075 τῆς
3405 5006 3668 5075 ἡμετέρα,

2007 5107 2204 5180 ψυχῆς.
2230 5110 2319 5180 Μὴ
2344 5110 2522 5164 τοίνυν
2549 5107 2900 5180 ρᾳθυμῶμεν,
2922 5104 3036 5159 ἀλλ’
3058 5102 3254 5165 εἰδότες
3276 5102 3359 5155 ὅτι
3389 5099 3542 5169 ἀγών
3564 5102 3664 5153 ἐστι

2007 5197 2104 5250 καὶ
2130 5197 2501 5268 παλαίσματα.
2534 5198 2663 5249 καὶο
2699 5195 2779 5248 δεῖ
2816 5189 3221 5265 παρατετάχθαι
3272 5186 3411 5259 πρὸς
3442 5188 3546 5255 τὴν
3579 5189 3666 5256 μὰρ

1989 5300 2129 5354 ⁹χην,
2158 5285 2279 5337 καθ’
2300 5284 2533 5354 ἑκάστην
2556 5282 2934 5354 ἡμέρανήμῶν
2961 5278 3052 5332 τὸν
3076 5274 3331 5346 λογισμὸν
3361 5274 3666 5344 ἀκμάζοντα

2010 5370 2101 5423 καὶ
2127 5372 2317 5443 νεαρὸν
2338 5372 2570 5443 ἔχωμεν,
2590 5372 2677 5424 ἵνα
2696 5371 2795 5441 τῆς
2816 5368 3021 5423 ἀνωθεν
3046 5362 3361 5435 συμμαχίας
3382 5362 3666 5415 ἀπολαύον-

2007 5475 2119 5523 τες,
2150 5458 2240 5511 τοῦ
2289 5458 2521 5529 πονηροῦ
2572 5458 2761 5511 τούτου
2800 5454 3010 5527 θηρίου,
3237 5448 3331 5501 τοῦ
3391 5447 3663 5500 ἐπιϐούλου

2008 5544 2150 5615 λέγω
2170 5546 2267 5616 τῆς
2288 5547 2559 5617 σωτηρίας
2582 5546 2680 5613 τῆς
2701 5543 2993 5615 ἡμετέρας,
3010 5540 3105 5611 τήν
3132 5535 3372 5607 κεφαλὴν
3395 5534 3661 5602 συντρῖψαι

2071 5694 2269 5767 ἓὲειη-
2302 5698 2557 5767 malim!“
2572 5712 2699 5767 μιν·
2722 5688 3642 5767 παρακρῆμηάοίπτκῑπε,ξῗὶέξοξιέδξ

2077 5713 2099 5733 υ
2121 5713 2269 5744 nam.
2302 5713 2353 5745 et
2372 5713 2557 5759 aliqum
2584 5713 2699 5745 mss.
2722 5714 2881 5761 παραχ
2910 5713 3010 5757 ημα
3041 5713 3297 5741 cuman:
3326 5713 3411 5736 xu;
3431 5713 3642 5759 πωςφε

2077 5759 2099 5786 θ
2123 5758 2435 5819 Cunjnncliva
2460 5759 2695 5822 parlicula
2716 5774 2743 5809 e
2767 5713 2913 5811 L‘oisr.
2939 5763 2991 5805 et
3014 5755 3125 5806 Sav.
3151 5752 3385 5817 suppleta
3409 5759 3504 5801 est.
3535 5752 3655 5800 km.
