3750 6250
1179 283 1246 340 ΙΝ
1283 286 1432 341 CAP.
1475 288 1658 345 XVIII.
1701 293 1941 354 GENES.
1984 298 2215 356 HOMIL.
2257 300 2417 358 XLII.

1313 633 1838 731 HOMILIA
1901 642 2213 736 XLII.

369 872 498 927 Cum
537 877 890 934 surrexissent
922 890 1099 938 autem
1125 886 1247 952 viri,
1292 899 1632 958 respexerunt
1659 893 1713 946 in
1745 895 1934 965 [aciem
1969 899 2317 959 Sodomorum
2354 913 2403 958 ct
2441 907 2742 964 Gomorrha:
2784 909 2933 978 (Gen.
2977 914 3057 968 18.
3099 915 3208 985 16).

243 1128 294 1188 vl.
328 1125 617 1192 Didicimus
644 1147 707 1193 ex
748 1133 995 1197 hesterna
1027 1144 1276 1213 lectione,
1307 1149 1592 1216 Carissimi,
1635 1151 1749 1204 exi-

169 1226 324 1280 miam
364 1228 488 1295 jnSti
532 1211 939 1300 hospitalitatem
969 1252 983 1288 :
1012 1251 1108 1306 age
1141 1247 1195 1293 et
1224 1254 1284 1294 ea
1315 1255 1431 1310 qua:
1454 1252 1750 1311 sequuntur

169 1325 477 1384 tractantes,
510 1319 666 1375 hodie
687 1323 954 1380 discamus
985 1325 1360 1397 benignitatem
1388 1341 1442 1386 et
1461 1334 1745 1389 commise-

168 1406 426 1461 rationem
443 1409 777 1478 patriarcha}.
799 1408 1046 1471 Possedit
1071 1419 1214 1473 enim
1242 1421 1436 1476 eximie
1458 1423 1634 1492 justus
1660 1425 1750 1481 ille

167 1498 390 1555 virtutes
435 1509 642 1559 o'mnes.
688 1504 874 1576 Neque
920 1509 1061 1563 enim
1110 1517 1311 1567 tantum
1350 1512 1484 1568 bene
1526 1515 1745 1574 affectus

165 1599 283 1644 erat
305 1591 356 1646 in
389 1595 678 1663 proximos,
710 1599 884 1668 neque
911 1599 1186 1670 hospitalis
1219 1612 1419 1658 tantum
1447 1616 1499 1661 et
1534 1607 1744 1665 miseri-

165 1697 308 1750 cors,
355 1685 448 1740 sed
480 1695 534 1741 et
559 1687 690 1744 alias
720 1690 943 1747 virtutes
971 1703 1157 1749 omnes
1185 1694 1411 1751 ubertitn
1436 1698 1737 1756 exhibebat.

167 1772 296 1828 Nam
338 1776 451 1831 sive
494 1779 799 1847 patientiam
841 1782 1093 1839 exhibere
1133 1780 1266 1855 opus
1295 1786 1384 1856 sit,-
1413 1788 1649 1845 invcnies
1676 1793 1742 1847 il-

166 1865 270 1919 lum
304 1866 356 1920 in
379 1883 644 1926 summum
666 1865 804 1930 illius
830 1875 1082 1932 Verticem
1105 1875 1441 1948 progressum
1472 1900 1486 1936 :
1518 1884 1628 1939 sive
1643 1883 1743 1939 hu-

164 1957 438 2013 militatem
463 1962 720 2032 requiras,
752 1965 958 2022 videbis
986 1978 1040 2024 et
1070 1970 1121 2024 in
1152 1971 1250 2027 hac
1279 1973 1409 2028 nulli
1440 1975 1738 2046 cedentem,

161 2046 251 2100 sed
273 2063 460 2105 omnes
482 2055 944 2114 transcendentem
969 2078 982 2115 :
1012 2062 1125 2118 sive
1156 2063 1286 2120 fides
1312 2065 1629 2124 declaranda
1648 2071 1737 2140 sit,

161 2148 210 2192 ct
241 2139 290 2193 in
331 2140 433 2196 hoc
479 2159 589 2213 pra:
617 2148 862 2205 omnibus
905 2153 1021 2209 aliis
1049 2152 1258 2210 laudem
1301 2159 1611 2216 merebitur.
1645 2157 1740 2220 Est

160 2229 295 2283 enim
325 2232 500 2287 anima
531 2235 646 2306 ejus
674 2238 847 2311 imago
873 2245 1113 2312 quaedam
1146 2248 1397 2315 animata,
1430 2254 1607 2309 varios
1628 2256 1739 2310 vir-

161 2327 324 2375 tutum
353 2324 558 2382 colores
577 2328 627 2382 in
650 2342 708 2385 se
735 2339 1032 2389 ostentans.
1065 2337 1194 2404 Qua:
1220 2339 1376 2410 igitur
1406 2344 1557 2399 nobis
1586 2355 1735 2415 post;

160 2408 256 2466 hac
283 2413 466 2470 relicta
505 2427 589 2473 est
617 2424 908 2491 excusatio,
953 2440 1073 2482 cum
1115 2444 1250 2486 unus
1300 2431 1460 2488 homo
1516 2443 1735 2494 cunetas

158 2500 207 2553 in
235 2515 292 2556 se
321 2504 545 2562 virtutes
574 2511 862 2581 possideat,
891 2530 990 2571 nos
1019 2533 1146 2573 vero
1177 2520 1244 2574 ita
1275 2533 1521 2592 expertes
1549 2543 1731 2584 earum

155 2593 339 2662 simus,-
376 2607 434 2652 ut
475 2607 544 2654 ne
592 2617 749 2658 unam
779 2607 992 2675 quidem
1044 2625 1297 2669 exercere
1341 2616 1534 2684 juvet?
1580 2621 1732 2689 Quod

155 2685 290 2738 enim
339 2701 444 2742 non
485 2690 604 2759 quia
657 2708 761 2748 non
796 2712 1094 2766 possumus,
1129 2702 1222 2757 sed
1252 2706 1371 2774 quia
1403 2709 1670 2780 nolumus,
1699 2723 1730 2769 a‘

155 2772 304 2831 bonis
354 2781 599 2837 omnibus
633 2784 802 2841 simus
829 2789 1005 2857 alieni,
1042 2791 1171 2848 illud
1205 2798 1486 2857 manifeste
1531 2803 1731 2862 indicat

151 2867 288 2935 quod
311 2870 464 2925 multi
490 2873 726 2942 ejusdem
750 2889 955 2937 naturae
986 2883 1228 2944 homines
1256 2891 1591 2952 inveniantur
1616 2899 1726 2954 vir-

151 2957 348 3014 tutibus
388 2965 682 3034 conspicui.
716 2969 780 3024 Et
809 2987 933 3028 vero
961 2975 1098 3032 istud
1124 2979 1294 3049 ipsum
1329 2986 1468 3054 quod
1497 2990 1726 3057 patriar-

147 3047 262 3115 cha,
310 3053 404 3121 qui
448 3064 572 3112 ante
617 3061 803 3128 gratia-4
853 3071 1062 3137 tempus
1103 3047 1157 3124 et
1193 3081 1316 3129 ante
1347 3047 1518 3146 legem
1550 3079 1665 3147 fuit,
1695 3097 1725 3138 a

147 3140 317 3210 seipse
345 3150 398 3198 et
421 3159 449 3199 a
479 3145 700 3206 scientia
729 3167 848 3222 quae
891 3166 1095 3216 naturae
1121 3161 1278 3218 insita
1307 3177 1410 3236 est,
1439 3169 1489 3225 in
1518 3179 1721 3230 tantum

146 3235 384 3300 pervenit
406 3237 614 3296 virtutis
651 3241 939 3316 fastigium,
977 3251 1174 3309 sumcit
1198 3266 1254 3310 ut
1298 3235 1486 3316 omnes
1514 3275 1722 3322 nostras

142 3330 510 3387 excusationes
541 3334 754 3392 refutet.
787 3341 856 3395 At
885 3341 1020 3400 forte
1049 3346 1226 3404 dicent
1251 3349 1413 3423 aliqui
1448 3370 1462 3410 :
1498 3356 1588 3413 Vir
1633 3359 1721 3416 ille

142 3417 358 3474 multam
385 3435 415 3474 a
461 3422 568 3478 Deo
593 3430 815 3497 gratiam
845 3445 1204 3508 consequutus
1242 3453 1322 3498 est
1354 3486 1368 3509 ,
1402 3457 1456 3501 ct
1483 3451 1716 3508 omnimn

145 3508 393 3568 Dominus
417 3515 533 3586 ejus
556 3520 880 3592 singularem
908 3527 1088 3586 habuit
1117 3548 1319 3590 curam.
1352 3538 1548 3608 Etiam,
1582 3544 1633 3599 id
1665 3555 1719 3601 et

139 3609 233 3672 ego
260 3604 430 3663 fateor
475 3626 492 3664 :

138 3703 246 3749 erat
286 3697 519 3768 fecisset,
568 3711 672 3761 n'on
701 3716 843 3766 tanta
885 3727 914 3767 a
961 3716 1185 3772 Dom'ino
1223 3697 1561 3783 obtinuisset.
1612 3730 1716 3785 Ea-

138 3797 349 3855 propter
373 3801 484 3847 non
509 3794 610 3851 hoc
635 3799 808 3856 solum
837 3806 1064 3874 respiCe,
1089 3809 1181 3864 sed
1205 3811 1255 3867 in
1284 3830 1602 3889 unoquoque
1632 3821 1713 3878 di-

137 3873 356 3944 ligenter
397 3886 633 3954 attende,
665 3873 940 3960 qudmodoﬁ
977 3899 1205 3967 primum
1239 3903 1289 3959 in
1329 3873 1575 3966 omnibus
1601 3913 1711 3969 vir-

135 3970 257 4024 tutis
283 3985 397 4029 sua:
417 3980 839 4046 esperimentum
851 3989 1168 4061 exhibuerit,
1192 4004 1350 4069 atque
1373 4002 1450 4056 sic
1469 4001 1706 4064 divinum

131 4065 379 4120 meruerit
411 4071 732 4138 praesidium.
777 4077 901 4136 Haec
939 4096 1080 4154 saepe
1108 4088 1257 4145 vobis
1299 4091 1705 4169 declaravimus,

130 4150 272 4209 illum
313 4172 526 4230 nempe,
555 4167 766 4234 quando
810 4185 838 4224 a
872 4150 1037 4242 patria
1068 4193 1163 4234 sua
1197 4181 1477 4254 migrabat,
1520 4205 1626 4246 non

130 4248 549 4314 progenitoribus
586 4266 770 4314 semen
814 4262 936 4319 fidei
983 4248 1300 4340 accepisse;
1329 4277 1424 4332 sed
1462 4248 1702 4352 aseipso

127 4335 272 4393 valde
303 4341 606 4412 religiosam
627 4359 786 4421 atque
816 4355 953 4424 piam
993 4335 1229 4419 men—terti
1264 4367 1570 4430 exhibuisse
1599 4391 1614 4442 ;
1647 4387 1701 4433 et

125 4423 390 4489 hominem
421 4436 588 4506 illum,
620 4456 743 4498 cum
768 4423 939 4516 nuper
962 4464 990 4504 a
1011 4450 1262 4512 Chaldaea
1295 4463 1583 4523 translatus
1608 4483 1699 4524 es-

121 4527 214 4581 set,
265 4522 460 4582 iterum
505 4532 682 4589 subito
724 4538 933 4606 jussum
969 4542 1075 4598 alio
1102 4558 1341 4618 pergere,
1388 4563 1442 4610 et
1465 4555 1696 4617 alienam

121 4615 309 4669 terram
325 4629 436 4673 sum
462 4623 734 4694 praeferre,
765 4644 870 4686 non
896 4615 1182 4694 fluctuasse
1199 4642 1378 4699 animo
1397 4685 1413 4713 ,
1443 4661 1548 4704 non
1577 4651 1693 4707 disd

118 4700 316 4768 tulisse,
349 4708 443 4764 sed
489 4714 667 4771 statim
693 4719 948 4790 imperata
989 4724 1180 4785 fecisse
1203 4771 1218 4797 ,
1250 4700 1412 4804 idque
1447 4747 1570 4796 cttm
1600 4758 1695 4800 ne-

114 4793 265 4848 sciret
282 4796 497 4858 ubinam
523 4809 734 4864 errandi
756 4810 962 4870 futurus
986 4828 1127 4874 esset
1152 4821 1292 4891 ﬁnis,
1314 4835 1366 4881 et
1390 4827 1684 4902 festinasse,

114 4893 163 4940 et
189 4897 517 4961 properasse,
563 4907 619 4954 ut
645 4902 734 4972 qui
774 4904 827 4959 in
858 4905 921 4962 iis
945 4923 1062 4980 qua:
1090 4913 1245 4982 plane
1277 4917 1474 4977 incerta
1504 4893 1681 4996 erant,

117 4996 377 5064 tamquam
404 5010 547 5056 certa
587 5016 787 5075 essent,
818 5015 1125 5073 mandatum
1155 5018 1246 5076 Dei
1272 5022 1517 5082 omnibus
1539 5037 1676 5097 prte-

107 5077 377 5142 ferendum
400 5087 637 5150 duceret.

174 5274 406 5334 Facient:
430 5285 566 5350 quod
588 5284 641 5339 in
669 5299 723 5341 se
750 5294 826 5341 est
864 5286 997 5343 Deus
1015 5293 1262 5351 auxilium
1289 5313 1390 5354 non
1415 5316 1579 5372 negat.
1608 5333 1678 5347 -ο

112 5367 286 5425 Vidisti
313 5375 580 5442 quomodo
608 5377 676 5433 ab
708 5379 859 5437 initio
887 5395 1006 5453 quze
1049 5400 1078 5440 a
1108 5391 1393 5462 semetipso
1422 5367 1572 5452 erant
1601 5407 1674 5454 at-

107 5456 299 5528 tulerit,
327 5470 381 5516 et
401 5475 680 5533 propterea
702 5468 878 5526 divina
907 5475 1144 5543 quotidie
1171 5456 1402 5537 ubertim
1426 5498 1671 5557 suscepe-

107 5548 210 5602 rit?
251 5551 455 5610 Eodem
499 5559 679 5626 modo,
717 5560 918 5632 dilecti,
947 5566 1108 5623 etiam
1137 5585 1254 5638 nos,
1279 5573 1322 5628 si
1355 5576 1676 5638 voluerimus

107 5651 326 5710 superna
377 5645 476 5704 frui
516 5652 706 5720 gratia,
755 5653 1024 5714 imitemur
1072 5664 1448 5737 patriarcham,
1502 5681 1557 5728 et
1610 5691 1675 5732 ne

108 5744 414 5797 eunctemur
463 5743 612 5801 abire
663 5747 936 5819 virtutem,
985 5755 1078 5810 sed
1127 5772 1550 5838 unamquamque
1605 5770 1673 5824 ita

541 3618 725 3671 verum
770 3619 873 3675 nisi
915 3624 1120 3692 primus
1163 3637 1217 3682 et
1247 3630 1359 3700 ipse
1388 3635 1529 3703 quod
1558 3652 1740 3695 suum-

1853 1157 2218 1230 exerceamus,
2249 1164 2305 1221 ut
2333 1169 2542 1227 oculum
2571 1177 2737 1246 tltttm,
2766 1179 2854 1250 qui
2881 1186 3042 1254 SOpiri
3070 1194 3258 1261 nescit,
3301 1213 3458 1264 cou-,

1852 1246 2092 1305 ciliemus
2117 1254 2270 1310 nobis
2297 1255 2362 1312 ad
2392 1265 2694 1321 mercedem
2718 1270 3068 1333 tribuendam.
3102 1280 3315 1342 Etenim
3345 1293 3433 1357 qui

1849 1338 1950 1392 scit
1977 1355 2170 1398 arcana
2221 1353 2417 1406 mentis
2459 1366 2674 1424 nostra},
2703 1373 2825 1417 cum
2857 1366 3046 1424 viderit
3071 1386 3256 1431 sanam
3282 1396 3432 1435 mcu-

1850 1435 1956 1484 tem
2004 1434 2262 1506 nostram,
2293 1449 2348 1496 et
2377 1459 2474 1500 nos
2503 1450 2683 1528 conari
2715 1461 2769 1508 et
2808 1457 2934 1513 eniti
2966 1462 3029 1515 ad
3073 1465 3282 1542 virtutis
3307 1487 3430 1528 cer-

1849 1526 2064 1595 tamina,
2092 1533 2270 1589 statim
2295 1546 2422 1592 nutu
2440 1526 2742 1602 ctsubsidio
2767 1565 2863 1605 suo
2889 1568 2986 1609 nos
3011 1537 3245 1631 adjuvat,
3271 1566 3430 1622 simul

1845 1625 1898 1673 et
1938 1619 2148 1679 labores
2179 1637 2388 1685 nostros
2417 1633 2734 1694 imminuens
2755 1681 2770 1709 ,
2813 1654 2864 1698 et
2894 1631 3156 1708 infirmam
3187 1666 3428 1716 naturam

1845 1723 2081 1769 nostram
2112 1717 2389 1789 roborans,
2428 1725 2724 1800 uberesque
2769 1729 3149 1800 retributiones
3174 1753 3428 1819 suppedi-

1847 1809 1984 1859 tans.
2017 1795 2157 1864 Sane
2189 1809 2241 1866 in
2263 1812 2556 1886 Olympicis
2582 1795 2958 1908 certaminibus
2981 1795 3290 1909 neutiquaml
3305 1847 3426 1914 quis

1845 1895 1946 1952 tale
1967 1899 2092 1969 quid
2126 1903 2359 1962 inveniet
2388 1927 2401 1963 :
2434 1911 2527 1967 sed
2554 1902 2657 1970 stat
2685 1903 2999 1993 pardutriba,
3035 1895 3197 2002 fitque
3218 1895 3424 2006 specta-

1843 1997 1924 2042 tor
1947 1991 2152 2049 tantum
2181 2001 2517 2085 certantium,
2549 2021 2720 2078 neque
2750 2012 2804 2067 in
2852 2017 2954 2072 ulla
2984 2035 3041 2075 re
3069 2034 3237 2092 potest
3267 2031 3422 2096 adju-

1840 2093 1984 2147 vare,
2015 2085 2108 2138 sed
2141 2099 2417 2160 exspectat
2463 2083 2635 2155 donec
2678 2103 2896 2162 victoria
2940 2111 3239 2174 declaretur
3269 2138 3280 2174 :
3313 2123 3420 2177 Du-

1840 2172 2012 2228 minus
2058 2173 2236 2236 a‘utem
2282 2196 2463 2243 noster
2501 2206 2606 2247 non
2654 2195 2746 2264 ita,
2795 2196 2888 2255 sed
2938 2205 3096 2282 simul
3145 2213 3420 2273 uobiscum

1837 2276 2024 2336 certat,
2066 2279 2136 2374 et,
2169 2289 2382 2334 manum
2424 2284 2663 2356 porrigit,
2697 2299 2750 2344 et
2786 2277 2944 2350 simul
2974 2299 3336 2374 congreditur,
3369 2323 3420 2366 ct

2574 2353 2593 2356 _
3018 2353 3336 2374 ,,,,,--_.-_.,
3369 2353 3414 2366 ..

1835 2359 1982 2424 quasi
2010 2353 2244 2434 undique
2268 2370 2486 2427 enititur
2512 2384 2569 2430 ut
2603 2377 2965 2442 adversarium
2989 2403 3230 2452 nostrum
3263 2402 3414 2456 nobis

1838 2449 2027 2515 tradat,
2060 2454 2294 2528 nihilque
2337 2477 2444 2518 non
2487 2467 2617 2536 agit,
2666 2482 2911 2545 satagens
2945 2481 3077 2555 utin
3129 2493 3418 2549 certamine

1837 2543 2234 2617 przevaleat'nus,
2259 2563 2313 2606 et
2338 2555 2631 2627 vincamus,
2659 2579 2766 2634 quo
2791 2551 2950 2639 capiti
2991 2581 3174 2634 austro
3196 2581 3413 2641 immar-

1833 2631 2132 2694 cescibilcm
2162 2641 2399 2712 imponat
2436 2664 2710 2712 coronam.
2743 2660 2992 2718 Coronam
3023 2670 3188 2744 enim,
3225 2674 3414 2746 inquit,

1831 2725 2110 2793 gratiarum
2149 2734 2368 2806 accipies
2411 2740 2463 2795 in
2499 2744 2665 2814 capite
2693 2757 2778 2803 tuo
2809 2740 2991 2823 (Prov.
3025 2741 3075 2814 l.
3109 2745 3184 2825 9).
3216 2725 3331 2822 Jat'n
3362 2772 3414 2826 in

1833 2815 1937 2870 illis
1985 2818 2278 2894 Olympicis
2319 2835 2704 2894 certaminibus
2739 2840 2935 2901 corona
2982 2861 3102 2919 pOSt
3135 2856 3412 2917 victoriam

1830 2907 1959 2964 nihil
2001 2911 2141 2968 aliud
2181 2927 2282 2986 est,
2315 2937 2474 2992 quam
2505 2927 2627 2984 folia
2658 2931 2816 3003 lauri,
2844 2907 3002 3008 quam
3041 2907 3413 3015 applausus‘ct

1827 3004 2141 3064 acclamatio
2168 3011 2332 3083 vulgi,
2356 3032 2474 3088 qua:
2504 3014 2682 3079 omnia
2712 3027 2994 3100 appetente
3024 3038 3243 3110 vespera
3271 3061 3411 3103 mar-

1826 3106 2044 3151 cescum
2068 3108 2119 3154 ει
2148 3116 2409 3171 Pereunt:
2439 3120 2494 3165 at
2518 3127 2713 3192 corona
2740 3134 2859 3190 quae
2880 3138 2976 3203 pro
3001 3106 3260 3190 virtutect
3290 3138 3408 3208 ejus

1826 3184 2102 3208 -...³,.-ξι.-,-
2157 3193 2168 3208 I
2210 3203 2221 3208 -
2392 3199 2422 3208 ..
2448 3200 2481 3208 -.
2526 3195 2542 3208 .-
2599 3206 2608 3208 _

1824 3184 2108 3245 sudoribus
2137 3193 2310 3264 datur,
2350 3199 2481 3256 nihil
2526 3187 2685 3263 habet
2717 3184 2993 3283 seuSibile,
3016 3235 3196 3292 neque
3224 3228 3277 3282 in
3308 3184 3410 3292 hoc

1822 3276 2018 3333 smnio
2048 3282 2325 3342 nobiscum
2354 3290 2686 3364 dissolvitur,
2717 3303 2812 3358 sed
2842 3320 3094 3378 perpetua
3111 3276 3204 3371 lest
3232 3331 3286 3374 et
3309 3322 3409 3377 im-

1823 3370 2082 3440 mortalis,
2128 3379 2423 3436 eitcndens
2461 3399 2518 3440 se
2571 3387 2623 3442 in
2673 3395 2850 3450 omnia
2903 3403 3117 3458 sa‘c‘ula.
3166 3408 3230 3463 Et
3259 3411 3407 3470 labor

1822 3460 2032 3529 quidem
2075 3477 2156 3521 est
2194 3474 2340 3538 parvi
2371 3481 2626 3548 tcntpOris
2657 3499 2672 3549 ;
2701 3502 2908 3546 merces
2937 3494 3114 3552 autem
3165 3501 3404 3563 laborum

1820 3547 1978 3606 finem
2022 3571 2126 3611 non
2154 3557 2334 3630 habet,
2376 3547 2547 3639 neque
2577 3574 2717 3629 cedit
2750 3582 2994 3651 tempori,
3043 3603 3214 3660 neque
3256 3611 3402 3653 mar-

1817 3645 2000 3703 cescit.
2032 3649 2100 3706 Et
2142 3661 2197 3708 ut
2225 3656 2463 3728 diseatis,
2513 3678 2639 3721 ecce
2681 3674 2811 3738 quot
2849 3676 2975 3730 anni
3007 3645 3397 3757 jtrmtericrunt,

1815 3745 1944 3805 quot
1959 3743 2353 3816 generationes,
2377 3764 2407 3804 a
2433 3767 2539 3822 quo
2565 3758 2859 3823 patriarcha
2893 3765 2978 3822 hic
3010 3770 3061 3824 in
3095 3773 3226 3831 vivis
3256 3778 3354 3835 fuit
3383 3802 3395 3837 :

1814 3834 1867 3880 et
1889 3828 2026 3883 sicut
2044 3829 2159 3887 heri
2185 3843 2238 3890 et
2266 3836 2445 3904 hodie,
2474 3842 2544 3898 ita
2567 3844 2768 3918 fulgent
2804 3853 2920 3924 ejus
2949 3869 3044 3928 pro
3077 3864 3267 3922 virtute
3295 3886 3392 3926 co-

1814 3931 1981 3987 route,
2013 3923 2068 3977 σε
2097 3933 2263 3996 υείιυθ
2289 3929 2356 3984 ad
2394 3940 2908 4000 conSummationem
2936 3923 3114 4008 sreCuli
3149 3962 3396 4020 omnibus
3441 3966 3446 3972 ’

1810 4013 1899 4082 qui
1946 4025 2090 4072 recte
2140 4021 2377 4091 sapiunt,
2408 4030 2775 4099 argumentum
2807 4045 2889 4096 est
2931 4050 3192 4106 sermonis
3221 4064 3272 4108 ct
3297 4056 3392 4110 do-

1808 4103 2013 4160 ctrinaa.

1877 4196 1932 4250 2.
1962 4197 2191 4258 Facilius
2216 4207 2473 4264 medemur
2495 4211 2680 4270 animo?
2702 4258 2716 4283 ,
2748 4235 2899 4290 quam
2927 4229 3151 4298 corporis
3178 4239 3385 4296 morbis.

1805 4302 1876 4329 -—'
1903 4285 2134 4350 Proinde
2149 4297 2270 4367 quia
2302 4300 2424 4357 talis
2447 4312 2529 4359 est
2557 4307 2725 4365 virtus
2748 4285 2900 4384 justi,
2933 4285 3387 4388 ad'mmulandum

1805 4379 1955 4437 illum
2003 4389 2456 4462 expergiscamnr,
2507 4405 2561 4453 et
2598 4402 2680 4455 vel
2723 4418 2846 4462 sero
2895 4411 3105 4470 tandem
3153 4429 3386 4480 nostr-ni

1804 4479 2161 4542 agnoscentes
2205 4481 2557 4556 nobilitatem,
2601 4489 2952 4561 patriarcham
3015 4504 3302 4579 imitemur,
3335 4533 3388 4570 tl

1799 4565 1867 4621 de
1897 4567 2066 4626 salute
2096 4576 2277 4630 nostra
2319 4579 2635 4650 cogitemus,
2668 4589 2834 4645 multa
2881 4593 3115 4653 adhibita
3159 4565 3380 4675 diriget:-

1801 4656 1893 4724 tia,
1926 4668 1983 4713 ut
2011 4675 2116 4717 non
2147 4664 2318 4722 solum
2349 4681 2544 4741 corpus
2573 4685 2759 4735 sartum
2786 4682 2874 4750 sit,
2905 4685 2998 4742 sed
3022 4698 3073 4744 et
3101 4703 3156 4745 ut
3180 4656 3376 4754 divin-si

1797 4751 1988 4807 animae
2007 4755 2176 4813 morbi
2204 4765 2474 4819 curentur.
2513 4765 2644 4822 Nam
2667 4769 2711 4825 si
2735 4770 3056 4834 voluerimus
3069 4782 3234 4840 sobrii
3264 4803 3383 4846 esse

1794 4857 1858 4898 ac
1872 4845 2073 4917 vigiles,
2093 4847 2298 4908 facilius
2313 4857 2532 4912 morbos
2551 4861 2740 4916 anima:
2759 4879 2914 4935 quam
2937 4875 3177 4942 corporis
3192 4893 3376 4935 emen-

1791 4933 2057 4994 dabimus.
2107 4939 2240 4997 Nam
2268 4949 2478 5014 quoties
2509 4965 2607 5006 nos
2634 4933 2846 5010 affectio
2875 4933 3136 5030 quazpiam
3168 4979 3381 5036 pertur-

1791 5028 1902 5097 bat,
1934 5031 1979 5086 si
2007 5033 2332 5092 volucrimus
2371 5041 2456 5110 pia
2508 5041 2860 5116 religiosaque
2900 5063 3078 5110 mente
3135 5061 3373 5130 cogitare

1783 5119 2040 5190 judicium
2070 5124 2173 5181 diei
2223 5125 2366 5184 illius
2401 5133 2673 5205 terribilis,
2715 5148 2769 5193 et
2811 5155 2915 5196 non
2953 5144 3018 5200 ad
3047 5119 3368 5218 prmsmttem

1788 5213 2112 5285 voluptatem
2146 5228 2412 5290 spectare,
2462 5226 2557 5282 sed
2597 5227 2664 5284 ad
2687 5233 2953 5292 cruciatus
2987 5213 3126 5310 quos
3156 5257 3375 5318 propter

1787 5304 1935 5360 illam
1956 5306 2204 5375 feremus,
2234 5315 2413 5370 statim
2442 5316 2511 5373 ab
2530 5320 2705 5376 anima
2735 5333 2916 5382 nostra
2947 5332 3147 5391 resiliet
3167 5347 3221 5392 et
3238 5354 3370 5398 avo-

1782 5394 1931 5451 labit.
1975 5397 2271 5472 Eapropter
2301 5421 2368 5461 ne
2410 5406 2582 5466 simus
2609 5415 2961 5487 negligentes,
2998 5423 3094 5480 sed
3138 5394 3370 5489 scicntcs

1781 5499 2006 5556 agonem
2034 5503 2154 5547 esse
2193 5502 2248 5549 et
2276 5505 2572 5568 certamen,
2601 5513 2659 5557 ut
2701 5505 2752 5560 in
2781 5509 2965 5577 prailio
2994 5511 3237 5575 hostibus
3267 5539 3367 5580 uos

1778 5579 2092 5650 objiciamus
2136 5596 2382 5658 oportet,
2414 5594 2654 5663 quotidie
2693 5612 3001 5676 renovetur,
3035 5623 3098 5665 ac
3124 5612 3361 5684 vigorem

1772 5672 2061 5744 juvenilem
2107 5682 2328 5742 recipiat
2359 5687 2569 5745 animus
2611 5703 2812 5763 noster,
2861 5708 2919 5755 ut
2962 5719 3195 5774 superno
3239 5709 3361 5767 freti

1779 5768 2046 5839 prtesidio,
2079 5774 2230 5829 malze
2261 5774 2415 5848 hujus
2447 5783 2651 5854 uestitu,
2679 5786 3002 5875 insidiatoris
3029 5795 3149 5854 dico
3170 5799 3361 5857 salutis
