3750 6254
279 248 382 305 387

285 377 499 435 uoslra‘,
525 373 685 436 caput
722 364 898 421 statim
937 372 1216 420 conterere
1254 363 1544 418 valeamus.
1574 362 1690 433 ipse
1716 360 1859 416 enim

288 459 547 514 Dominus
576 456 728 511 nobis
752 455 1015 527 promisit,
1038 454 1222 509 dicens
1252 469 1266 507 :
1299 453 1428 508 Ecce
1463 452 1577 506 dedi
1604 452 1742 506 vobis
1768 467 1864 521 po-

284 561 506 605 testatem
531 548 762 602 calcandi
783 563 936 617 super
963 555 1215 616 serpentes
1235 555 1281 599 el
1308 545 1616 616 scorpioncs,
1645 552 1694 598 el
1712 559 1868 613 super

283 658 477 696 omnem
506 642 737 695 virtutem
766 639 959 693 inimici
987 638 1137 709 (Luc.
1172 637 1259 692 10.
1293 638 1406 709 l9).
1438 638 1731 709 \‘igilemus
1765 634 1864 708 igi-

281 744 387 799 tur,
418 734 663 795 obsecro,
699 740 755 785 ut
790 707 1010 800 vestigia
1038 730 1194 800 lmjns
1236 707 1549 799 patriarcha:
1580 707 1869 800 sequentes

278 826 345 880 ad
393 825 641 879 virtutem
681 823 1037 878 exercendam
1074 864 1089 889 ,
1135 822 1348 877 easdem
1394 836 1623 877 corums
1672 820 1867 876 mereri

278 917 570 988 possimus,
592 926 647 971 et
673 915 736 970 ad
763 917 881 986 ejus
917 918 1065 970 sinus
1104 916 1401 985 pervenire,
1436 925 1489 968 et
1514 910 1751 984 efﬂigere
1777 929 1869 983 ge-

281 1011 473 1066 hennae
507 1024 740 1079 poenam,
766 1019 820 1065 et
863 1008 1080 1078 assequi
1130 1009 1267 1062 bona
1299 1008 1385 1062 illa
1419 1006 1718 1062 ineil‘abilia.
1756 1005 1865 1061 Ve-

280 1118 397 1159 rum
426 1112 483 1157 ut
520 1102 748 1171 amplior
794 1101 883 1155 liat
925 1109 1102 1155 vestra
1152 1100 1442 1166 :emulatio,
1484 1109 1538 1155 et
1586 1099 1752 1170 magis
1798 1098 1865 1153 ad

280 1195 595 1252 imitandum
624 1194 979 1265 ltunejustum
1002 1207 1095 1247 vos
1125 1206 1479 1262 provocemus
1511 1210 1524 1246 :
1549 1206 1649 1263 age
1674 1192 1864 1247 iterum

276 1307 339 1346 ex
366 1290 583 1347 historia
607 1290 747 1344 illius
766 1304 888 1344 cum
907 1298 1084 1344 vestra
1112 1288 1335 1341 caritate
1364 1286 1754 1356 colloquentes,
1779 1300 1863 1340 se-

277 1386 495 1456 quentia
529 1366 925 1455 aggrediamur.
954 1379 1113 1452 Igitur
1145 1386 1261 1449 post
1293 1380 1488 1449 largam
1513 1378 1655 1433 illam
1684 1374 1868 1447 hospi-

280 1480 559 1545 talitatem,
594 1492 751 1547 quam
780 1474 1017 1530 exercuit
1038 1515 1051 1538 ,
1084 1489 1188 1528 non
1225 1470 1425 1526 lautitia
1447 1471 1533 1526 vel
1564 1470 1867 1540 multiplici-

276 1579 389 1627 tate
414 1570 736 1626 ierenlbrmn
761 1610 777 1635 ,
810 1567 903 1622 sed
932 1562 1205 1622 alacritate
1233 1575 1285 1620 et
1329 1564 1645 1619 liberalitate
1673 1560 1866 1617 mentis

278 1663 615 1727 aestimatam,
648 1659 826 1715 statim
854 1656 1224 1728 hospitalitatis
1255 1654 1556 1710 mercedem
1583 1653 1811 1709 obtinuit
1846 1670 1861 1706 :

278 1765 330 1811 et
358 1755 542 1810 didicit
567 1753 808 1823 quisnam
842 1763 1078 1821 przesens
1124 1749 1211 1803 ille
1239 1756 1412 1811 esset,
1437 1756 1490 1802 et
1514 1746 1711 1818 quanta
1750 1745 1867 1815 ejus

280 1848 469 1902 virtus.
503 1845 755 1900 Abitnros
783 1842 929 1898 illinc
952 1839 1021 1896 ad
1049 1838 1405 1895 subvertenda
1437 1834 1667 1892 Sodoma
1689 1835 1869 1906 sequi-

279 1949 363 1993 tur
386 1936 685 2009 patriarcha
709 1976 725 2001 ,
755 1940 811 1990 et
853 1931 1072 1988 honoris
1112 1944 1269 1986 causa
1309 1931 1593 1986 comitatur
1615 1971 1627 1994 ,
1673 1928 1864 1999 inquit.

281 2029 415 2085 Vide
441 2028 649 2084 Domini
668 2026 1006 2081 clementiam
1034 2032 1088 2078 et
1118 2032 1313 2093 quanta
1345 2019 1863 2092 benignitateindul-

278 2126 559 2193 gentiaqne
580 2135 727 2187 usus,
759 2114 1077 2187 simnljnst'o
1101 2113 1358 2171 honorem
1390 2114 1666 2183 impendit,
1688 2112 1866 2168 etvir-

281 2226 444 2272 tutem
476 2215 527 2270 in
566 2214 741 2267 anima
782 2214 898 2282 ejus
938 2212 1190 2265 latentem
1231 2209 1481 2279 detegere
1535 2206 1715 2261 voluit.
1775 2204 1862 2262 l6.

280 2308 965 2368 Cunt‘surrcxisscnlautem,
998 2303 1187 2373 inquit,
1218 2303 1335 2368 viri,
1366 2306 1687 2373 respexerunt
1713 2302 1762 2354 in
1785 2302 1868 2373 fa-

281 2405 405 2457 ciem
437 2400 777 2457 Sodomortmt
804 2408 849 2453 et
874 2396 1190 2451 Go‘ntorrhw.

352 2496 495 2550 Deus
512 2494 767 2548 Abraham
781 2490 1109 2546 consiliorum
1130 2498 1336 2542 suorum
1351 2486 1642 2558 participat.
1665 2486 1871 2555 Quanto

283 2591 472 2645 honore
487 2589 685 2659 justum
704 2584 944 2656 dignatur
964 2578 1121 2636 Deus.
1146 2610 1220 2621 —-
1249 2579 1322 2636 De
1342 2580 1545 2650 angelis
1571 2574 1867 2633 dicit.Nam

286 2685 372 2739 hic
397 2681 611 2754 quidem
640 2681 692 2734 in
724 2677 1066 2734 tabernaculo
1096 2672 1345 2742 Ahral‘ue,
1389 2682 1442 2729 et
1472 2672 1666 2743 angeli,
1692 2681 1746 2727 et
1773 2686 1869 2726 co-

286 2791 401 2831 rum
433 2772 686 2828 Dominus
716 2770 967 2843 pcridcm
998 2776 1207 2837 tempus
1236 2767 1332 2821 visi
1351 2774 1510 2822 sunt:
1537 2773 1720 2835 postea
1742 2778 1871 2818 vero

286 2866 361 2922 illi
401 2864 617 2938 quidem
648 2872 705 2918 ut
734 2856 963 2917 ministri
993 2860 1138 2915 missi
1184 2866 1308 2913 sunt
1355 2846 1422 2913 ad
1466 2855 1869 2913 subversionem

286 2960 497 3016 illarum
525 2956 838 3023 “civitatum,
891 2954 1007 3024 ipse
1049 2960 1227 3007 autem
1281 2949 1535 3006 Dominus
1576 2947 1788 3013 mansit,
1821 2959 1874 3002 et

285 3051 435 3123 quasi
456 3050 658 3105 amicus
687 3047 860 3102 amico
881 3046 1028 3116 justo
1055 3043 1483 3100 communimbat
1511 3056 1756 3111 quaenam
1797 3034 1877 3093 fa-

293 3122 478 3201 cturus
504 3150 666 3198 esset.
693 3136 853 3196 Unde
890 3136 995 3193 illis
1032 3135 1307 3207 prolectis,
1345 3134 1434 3190 17.
1474 3128 1636 3199 Dixit,
1683 3122 1872 3201 inquit,

293 3236 592 3291 Dominus:
639 3216 760 3285 Non
798 3228 969 3284 celabo
995 3226 1249 3282 Abraham
1278 3230 1490 3298 puerum
1535 3239 1719 3285 meum,
1764 3235 1877 3292 qua!

289 3347 379 3402 rgo
399 3328 603 3401 faciam.
632 3324 815 3396 Magna
846 3322 937 3379 Dei
968 3319 1314 3390 indulgentia,
1345 3331 1399 3373 et
1422 3331 1633 3371 omnem
1673 3330 1881 3369 sermo-

291 3438 413 3480 nem
453 3434 711 3493 superans
737 3419 879 3489 justo
930 3418 1100 3469 honor
1128 3413 1435 3469 exhibetur.
1482 3409 1617 3464 \‘itle
1649 3422 1878 3477 namque

291 3532 396 3589 quo
434 3523 589 3588 pacto
624 3510 796 3584 ipsum
838 3510 1139 3579 alloqttatur
1184 3505 1335 3575 quasi
1381 3505 1541 3575 homo
1581 3499 1877 3569 hominem,

294 3612 673 3666 demonstrans
701 3604 875 3670 nobis,
906 3609 1106 3674 quanto
1134 3600 1337 3654 honore
1362 3598 1609 3668 dignetur
1637 3594 1881 3650 homines

295 3704 486 3757 virtute
509 3697 777 3770 przcditos.
802 3696 864 3750 Et
886 3704 941 3750 ut
967 3708 1037 3748 ne
1053 3702 1204 3764 putes
1231 3691 1489 3745 honorem
1513 3697 1717 3743 tantum
1732 3682 1880 3757 justo

293 3805 605 3849 concessum
618 3791 787 3846 solius
808 3787 1003 3843 divina:
1032 3790 1153 3841 esse
1180 3782 1453 3847 bonitatis,
1474 3772 1594 3836 vide
1614 3778 1887 3851 quomodo

293 3889 471 3943 divina
499 3884 773 3957 Scriptura
817 3883 1006 3938 doceat
1052 3895 1174 3948 nos,
1203 3878 1376 3950 ipsum
1405 3874 1503 3930 sibi
1536 3874 1632 3953 ipsi
1665 3872 1885 3928 honoris

301 3982 463 4037 fuisse
496 3989 771 4034 auctorem
789 4018 805 4042 ,
848 3972 1111 4030 mandatis
1138 3985 1330 4042 nempe
1359 3967 1552 4023 divinis
1581 3980 1769 4037 magna
1798 3979 1885 4019 sc-

294 4074 518 4130 dulilate
546 4071 927 4140 obsequutum.
955 4066 1243 4134 Postquam
1271 4061 1414 4117 enim
1446 4052 1579 4117 dixit
1609 4076 1620 4112 :
1654 4056 1775 4112 Non
1793 4073 1881 4111 ce-

295 4167 410 4222 labo
434 4165 691 4219 Abraham
716 4176 927 4231 puerum
954 4173 1139 4223 meum,
1169 4170 1284 4228 qua:
1308 4170 1399 4226 ego
1422 4154 1635 4225 faciant,
1658 4165 1765 4205 non
1779 4159 1888 4204 sta-

296 4259 389 4314 tim
432 4256 563 4313 dicit
591 4252 721 4325 qnid
761 4250 996 4307 futurum
1040 4248 1108 4303 sit
1142 4265 1156 4302 :
1202 4258 1535 4316 consequens
1562 4240 1706 4299 enim
1747 4252 1884 4309 erat,

298 4359 355 4407 ut
380 4360 604 4420 pergens
628 4346 830 4401 diceret
846 4358 906 4399 se
936 4344 1276 4398 incensurum
1299 4330 1554 4394 Sodoma.
1578 4335 1648 4391 At
1671 4334 1889 4404 dignum

296 4449 400 4507 est,
430 4447 486 4495 ut
511 4450 686 4509 neque
715 4432 845 4491 illud
885 4436 1266 4506 praetereamus
1301 4449 1314 4484 :
1349 4444 1522 4500 neque
1547 4428 1690 4484 enim
1718 4420 1886 4499 sylla-

300 4536 443 4600 bam,
498 4544 674 4601 neque
715 4527 920 4599 apicem
963 4526 1016 4581 in
1065 4522 1242 4581 divina
1290 4516 1564 4593 Scriptura
1615 4517 1890 4591 praeterire

299 4629 531 4696 oportet.
576 4621 799 4689 Quanta:
847 4619 992 4673 enim
1015 4614 1287 4688 dignitatis
1322 4626 1442 4670 esse
1484 4620 1635 4682 putas
1665 4609 1715 4666 id
1746 4604 1888 4681 quod

301 4715 451 4780 dicit,
479 4706 738 4768 Abraham
763 4720 973 4782 puerum
1005 4725 1167 4762 meum
1187 4700 1407 4777 ?qtl3!lli
1423 4700 1686 4760 allectus?
1706 4702 1887 4773 quanti

303 4802 546 4863 amoris?
575 4804 687 4860 iioc
710 4800 854 4860 enim
887 4800 1218 4872 potissimum
1245 4797 1507 4853 monstrat
1533 4790 1780 4851 eximiam
1809 4795 1891 4849 di-

302 4902 559 4973 gnitatem
587 4902 640 4954 et
661 4896 919 4952 ltottorem
942 4894 1086 4965 justo
1109 4886 1425 4948 exhibitutn.
1456 4884 1655 4945 Deinde
1673 4889 1725 4942 id
1750 4885 1891 4961 quod

301 4994 571 5058 dicebam,
599 4998 878 5063 postquam
909 4984 1063 5055 dixit,
1099 4982 1217 5041 Non
1247 4983 1417 5038 celabo
1447 4999 1463 5038 :
1492 4999 1594 5037 non
1621 4980 1895 5037 statimal-

303 5092 407 5143 fert
431 5088 485 5143 et
508 5078 638 5141 dicit
666 5081 813 5153 quod
834 5090 948 5137 erat
977 5080 1208 5136 futurum
1236 5095 1250 5143 ;
1284 5075 1377 5131 sed
1407 5068 1566 5147 quid?
1611 5066 1675 5130 Ut
1713 5072 1889 5128 disca»

306 5188 424 5237 mus
449 5186 555 5236 neu
603 5177 804 5249 absque
842 5190 1027 5242 causa,
1056 5188 1228 5244 neque
1266 5181 1470 5227 temere
1496 5164 1659 5224 Deum
1689 5178 1892 5223 tantum

305 5282 429 5345 erga
474 5270 621 5329 illum
661 5270 934 5327 declarare
962 5268 1219 5334 studium,
1259 5262 1472 5337 inquit:
1504 5262 1592 5319 i8.
1638 5262 1899 5316 Abraham

306 5375 474 5418 autem
499 5364 699 5431 futurus
726 5362 796 5414 es!
839 5360 891 5413 in
924 5368 1120 5431 gentem
1148 5373 1383 5429 magnam
1420 5366 1467 5410 et
1495 5353 1731 5419 multam,
1760 5362 1808 5408 et
1843 5353 1899 5407 in

306 5460 419 5524 ipso
459 5454 812 5510 benedicentur
838 5468 1010 5508 clunes
1037 5462 1209 5524 gentes
1249 5463 1414 5507 teme.
1450 5449 1535 5506 19.
1585 5447 1721 5503 Novi
1765 5448 1899 5502 enim

312 5552 447 5619 quod
472 5544 737 5602 constituet
760 5540 880 5616 ﬁliis
907 5556 953 5599 el
973 5546 1149 5600 dontui
1168 5560 1275 5599 sure
1295 5552 1403 5615 post
1431 5558 1506 5609 se,
1534 5552 1580 5597 et
1616 5540 1898 5596 custodierit

311 5643 424 5694 uias
468 5640 673 5696 Domini
712 5638 829 5704 Dei,
870 5648 922 5692 ut
969 5641 1159 5709 faciant
1182 5638 1436 5708 justitiam
1476 5645 1523 5690 et
1542 5635 1818 5707 judicium,
1847 5647 1901 5687 ut

315 5731 538 5795 adducat
566 5734 813 5792 Dominus
834 5749 982 5803 super
1007 5733 1265 5787 Abraham
1293 5730 1460 5784 omnia
1483 5728 1900 5801 qtttecumquelo-

1028 244 1069 302 S
1123 244 1399 302 JOANNIS
1435 242 1913 301 CliRYSDSTlml
1943 242 2259 302 ARCillEP.
2300 245 2833 306 CONSTANTINOP.

3460 251 3570 307 388

1976 369 2163 428 quulus
2187 372 2260 417 est
2284 364 2353 416 ad
2377 380 2511 417 eum.
2543 364 2719 435 Papm,
2750 374 2944 435 quanta
2968 364 3314 437 benignitatis
3347 364 3564 421 Domini

1978 452 2313 521 magnitudo!
2345 454 2604 523 Quoniam
2626 467 2807 526 postea
2836 458 3149 513 inducturus
3164 459 3569 514 eratexcidium

1975 542 2354 608 Sodomorum,
2403 562 2543 601 nunc
2592 548 2738 617 prius
2780 549 3139 619 patriarcham
3189 550 3255 604 ad
3312 549 3569 605 ﬁduciam

1976 628 2237 709 (inlicitas,
2262 635 2419 691 sitm!
2443 638 2699 706 pollicens
2723 640 2769 692 ei
2795 640 3221 694 benedictionem
3248 641 3561 703 maximam,

1976 728 2254 796 ipsumque
2297 728 2349 781 in
2390 743 2637 798 magnam
2677 730 3068 785 multitudinem
3110 732 3344 785 futurum
3397 745 3525 785 esse
3551 748 3569 785 τ

1973 816 2175 873 docens
2221 834 2341 872 eum
2394 821 2535 889 quod
2587 821 2888 877 mercedem
2931 822 3066 877 itane
3105 823 3204 892 piae
3230 839 3342 879 sua:
3372 823 3570 877 iurantis

1972 920 2291 980 accepturus
2339 912 2425 965 sit.
2473 913 2655 983 cogita
2699 915 2842 968 enim
2884 924 3078 983 quanta
3130 914 3199 968 sit
3248 914 3571 983 patriarchze

1973 1004 2162 1069 virtus,
2202 1004 2416 1074 quando
2448 1006 2584 1060 Deus
2605 1005 2734 1061 dicit
2762 1022 2778 1064 :
2807 1006 2930 1060 Scio
2955 1010 3091 1059 enim
3118 1013 3253 1078 quod
3295 1005 3572 1060 constituet

1972 1096 2093 1164 ﬁliis
2123 1096 2227 1148 suis
2253 1105 2363 1165 post
2402 1112 2475 1161 se,
2505 1106 2550 1150 et
2578 1097 2857 1151 custodierit
2878 1098 2992 1151 vias
3012 1096 3215 1151 Domini
3236 1096 3353 1150 Dei.
3379 1097 3569 1167 Magna

1973 1189 2086 1245 haec
2108 1201 2188 1244 cst
2208 1191 2415 1245 virtutis
2439 1191 2707 1246 accessio:
2732 1206 2835 1245 non
2863 1194 3006 1247 enim
3035 1200 3233 1246 tantum
3260 1189 3577 1246 mercedem

1971 1282 2163 1352 accipit
2189 1283 2311 1352 quia
2334 1284 2446 1353 ipse
2473 1281 2608 1338 bene
2628 1283 2767 1353 egit;
2797 1284 2895 1339 sed
2922 1293 2975 1338 ct
3003 1284 3121 1353 quia
3151 1284 3406 1354 pra‘ccpit
3430 1283 3579 1336 natis

1971 1374 2105 1439 suis,
2139 1374 2310 1444 largas
2340 1374 2715 1430 retributiones
2756 1376 2965 1444 accitus.
3013 1375 3172 1444 idque
3197 1376 3393 1429 merito
3438 1391 3455 1427 :
3490 1375 3569 1426 si-

1971 1464 2184 1534 quidem
2234 1466 2345 1535 ipse
2384 1466 2633 1523 omnibus
2671 1467 2928 1536 deinceps
2965 1466 3217 1537 magister
3271 1477 3327 1520 et
3378 1466 3573 1520 docuit

1970 1560 2156 1613 evasit.
2189 1560 2237 1614 is
2261 1561 2401 1615 enim
2427 1561 2517 1630 qui
2541 1560 2858 1630 principium
2893 1560 3099 1629 praebet
3120 1574 3181 1614 ac
3203 1560 3374 1622 initia,
3402 1559 3579 1613 etiam

1972 1667 2156 1705 eorum
2191 1668 2309 1722 qurc
2330 1653 2860 1720 postcaliuutauctor
2896 1662 3013 1705 est...

2042 1743 2095 1798 5.
2137 1743 2203 1797 Et
2227 1742 2349 1797 vide
2380 1743 2584 1798 Domini
2616 1742 2927 1799 bonitatem.
2951 1742 3069 1798 Non
3096 1742 3267 1798 solum
3297 1757 3397 1814 pro
3428 1756 3573 1810 prce

1974 1835 2127 1890 tcrita
2160 1835 2380 1900 virtute,
2404 1835 2497 1890 sed
2527 1843 2581 1890 et
2609 1850 2706 1906 pro
2738 1833 2910 1889 futura
2942 1834 3145 1905 justum
3167 1842 3566 1890 remuneratur.

1974 1925 2094 1979 Scio
2123 1926 2276 1990 enim,
2309 1926 2500 1996 inquit,
2523 1927 2665 1996 quod—
2683 1927 2950 1981 constituet
2972 1926 3093 1994 ﬁliis
3117 1924 3245 1979 suis.
3276 1923 3569 1992 Quoniam,

1972 2017 2173 2087 inquit,
2228 2018 2459 2086 prrenovi
2482 2018 2609 2086 justi
2641 2028 2899 2082 mentem,
2939 2017 3140 2072 ideirco
3170 2016 3571 2070 remuneratio.

1973 2106 2132 2162 nibus
2160 2109 2446 2179 praevenit).
2476 2108 2585 2164 Scit
2631 2109 2775 2163 enim
2813 2107 2991 2163 abdita
3031 2108 3210 2163 cordis
3252 2108 3464 2172 nostri,
3517 2118 3573 2160 et

1972 2200 2186 2267 quando
2229 2203 2369 2257 videt
2412 2202 2756 2258 consulentes
2787 2211 2842 2255 nl
2867 2210 3079 2271 oportet
3120 2216 3183 2255 ac
3226 2214 3415 2254 sanam
3461 2216 3573 2269 pra

1974 2308 2032 2350 se
2062 2292 2293 2349 ferentes
2320 2304 2577 2360 mentem,
2608 2310 2821 2347 manum
2852 2293 3092 2364 porrigit,
3124 2302 3179 2346 et
3205 2302 3327 2345 ante
3356 2291 3587 2363 labores

1974 2386 2278 2442 mercedem
2312 2385 2516 2453 tribuit,
2567 2386 2856 2441 alacriores
2903 2387 3002 2438 hac
3043 2385 3250 2439 ratione
3279 2383 3569 2439 cilicium:

1974 2479 2026 2534 id
2064 2479 2205 2550 quod
2257 2480 2308 2534 in
2350 2479 2512 2549 justis
2553 2479 2801 2535 omnibus
2826 2478 2936 2532 ﬁeri
2967 2477 3221 2532 invenies.
3273 2476 3414 2530 Nam
3448 2491 3571 2529 cuin

1974 2572 2108 2627 sciat
2129 2570 2545 2626 imbecillitatem
2572 2571 2816 2625 humana:
2844 2577 3069 2635 natura),
3087 2578 3145 2623 ut
3172 2582 3277 2623 non
3308 2569 3363 2622 in
3386 2566 3576 2622 arduis

1978 2663 2140 2718 homo
2158 2662 2393 2716 animum
2420 2661 2765 2732 despondeat,
2788 2661 2924 2716 inter
2945 2660 3291 2716 laborandum
3318 2659 3397 2713 ita
3412 2674 3577 2713 suum

1975 2755 2232 2812 auxilium
2268 2763 2322 2809 et
2351 2755 2810 2809 remunerationes
2836 2753 3055 2824 prtebet,
3100 2760 3238 2809 utet
3260 2751 3413 2806 labor
3441 2751 3575 2804 wh-

1977 2851 2209 2916 lcvetur,
2255 2858 2317 2903 et.
2358 2846 2532 2901 fervor
2574 2852 2801 2901 crescat.
2854 2842 3388 2912 Nooienim,inqti.t,
3435 2844 3576 2910 quod

1976 2945 2241 3000 constituet
2269 2942 2388 3010 ﬁliis
2416 2941 2540 2998 suis.
2568 2948 2614 2993 et
2639 2938 3049 3003 custodientvias
3080 2935 3424 2992 DousiniDei.
3453 2934 3576 2989 Non

1978 3037 2150 3093 solum
2177 3036 2245 3090 de
2272 3034 2388 3104 ipso
2411 3030 2668 3103 praedicit,
2687 3028 2982 3094 Constituet,
3009 3028 3102 3085 sed
3122 3027 3409 3086 etdoiiliis
3432 3026 3576 3096 eius,

1978 3129 2269 3186 Custodicnt
2296 3128 2406 3182 vias
2436 3125 2640 3181 Domini
2667 3123 2793 3190 Dei,
2830 3124 3055 3185 lsaacet.
3079 3122 3251 3178 laeuis
3271 3120 3575 3177 inium

1991 3222 2110 3277 l’ias
2157 3206 2383 3285 Domini,
2428 3218 2533 3274 hoc
2556 3226 2669 3283 est,
2709 3217 2959 3285 mandata
2981 3226 3038 3272 et
3064 3222 3349 3286 "incepta.
3402 3212 3468 3268 Ut
3494 3218 3585 3283 β»

1981 3316 2137 3379 ciant,
2181 3312 2373 3382 inquit,
2387 3309 2648 3382 judicium
2672 3318 2725 3364 et
2739 3308 2995 3379 justitiam
3027 3325 3041 3362 :
3073 3306 3206 3363 nihil
3242 3306 3587 3376 ualerem.

1979 3406 2217 3479 justitim,
2266 3415 2321 3460 et
2362 3403 2591 3460 vivendo
2637 3403 2777 3459 citra
2811 3415 3027 3456 omnem
3065 3398 3407 3470 iniustitiam.
3448 3395 3585 3451 litt-4:

1983 3503 2129 3558 enim
2170 3500 2404 3555 maxime
2433 3499 2601 3554 virtus
2624 3507 2710 3554 est
2736 3514 2750 3551 :
2781 3506 3063 3568 propterea
3100 3493 3359 3548 evenient
3396 3491 3582 3546 omina

1986 3609 2103 3665 qua:
2147 3593 2401 3664 loquutus
2429 3598 2510 3645 est
2534 3590 2581 3645 ei
2616 3588 2897 3645 Dominus.
2918 3586 3121 3655 Opinor
3144 3592 3330 3637 autem
3349 3591 3406 3636 et
3431 3580 3585 3635 aliud

1986 3686 2241 3757 quiddam
2277 3685 2599 3755 signiﬁcare,
2629 3696 2751 3735 cum
2789 3672 2922 3734 dicit
2948 3694 2962 3731 :
2990 3676 3253 3730 Alzraltans
3286 3683 3458 3727 autem
3490 3677 3583 3742 fu-

1988 3788 2135 3832 turus
2158 3788 2227 3831 cst
2260 3778 2312 3830 in
2352 3783 2547 3847 gentem
2588 3788 2826 3842 magnam
2852 3781 2902 3824 et
2931 3769 3151 3823 multant
3174 3783 3193 3821 :
3216 3767 3366 3837 quasi
3394 3765 3583 3820 dicat:

1987 3873 2068 3928 Tu
2097 3866 2312 3943 quidem
2341 3868 2428 3939 qui
2454 3866 2708 3921 virtutem
2737 3861 3077 3932 amplcmis,
3109 3869 3171 3915 ot:
3192 3859 3335 3913 tuuis.
3363 3858 3587 3915 olm-

1992 3981 2147 4038 pcras
2177 3962 2475 4035 praeceptis,
2499 3957 2960 4024 obedientiamth
2985 3969 3093 4023 pne
3121 3963 3177 4007 te
3204 3951 3326 4014 iure.
3365 3950 3423 4004 in
3446 3963 3587 4019 gen-

1993 4072 2099 4116 tem
2139 4072 2387 4133 magnam
2424 4068 2479 4111 et
2502 4050 2861 4115 multameris
2887 4048 3080 4117 :impii
3100 4044 3379 4101 autemilii
3410 4042 3595 4098 Sosio.

1992 4166 2206 4207 morum
2264 4147 2540 4221 regionem
2586 4141 2941 4198 inhabitantes
2983 4134 3316 4206 disposime
3364 4146 3582 4188 omnes.

1991 4245 2126 4301 Nam
2166 4244 2305 4298 sicut
2347 4242 2516 4294 virtus
2552 4236 2925 4291 mimiscsusa
2952 4240 3036 4286 est
3067 4244 3185 4285 eam
3213 4225 3586 4297 opentnubus.

1994 4340 2066 4395 ita
2090 4347 2143 4393 et
2170 4335 2367 4392 malitia
2394 4330 2658 4387 interitus.
2689 4329 2865 4384 Porro
2884 4332 3165 4396 postquam
3194 4318 3587 4375 benedictio-lsi-

1993 4434 2094 4489 bus
2121 4441 2177 4487 ct
2203 4428 2447 4485 laudibus
2474 4424 2725 4487 fiduciam
2742 4419 3011 4490 majorem
3025 4414 3228 4471 addidit
3250 4413 3429 4482 justo,
3446 4411 3587 4465 iaci-

1994 4526 2079 4597 pit.
2108 4524 2162 4580 id
2205 4520 2348 4593 quod
2390 4518 2635 4574 dicturus
2676 4521 2820 4579 erat,
2843 4520 2897 4566 et
2918 4510 2995 4565 ait
3020 4526 3032 4563 :
3061 4507 3150 4564 20.
3184 4505 3391 4562 Clam
3414 4504 3593 4559 Sodo-

1995 4598 2201 4673 morum
2238 4622 2291 4669 et.
2332 4610 2631 4667 Gomorrlue
2669 4604 3039 4673 multiplicatus
3065 4609 3145 4655 θα
3178 4598 3329 4668 apud.
3361 4613 3481 4661 me,
3542 4605 3591 4648 α

1996 4716 2203 4780 peccata
2222 4718 2396 4760 eorum
2422 4716 2607 4771 magna
2622 4694 2900 4752 νηίδα-ει.
2919 4692 3046 4748 Cum
3072 4690 3225 4761 igitur
3254 4686 3589 4747 descendere,

1997 4779 2169 4855 uidebo
2191 4807 2359 4851 utrum
2378 4795 2531 4866 juxta
2557 4792 2835 4849 signarent.
2852 4787 3109 4857 ipsorum,
3134 4782 3220 4853 qui
3247 4780 3317 4834 ad
3336 4792 3417 4835 nte
3433 4779 3591 4843 venit,

2000 4890 2293 4964 perﬁciunt,
2333 4902 2423 4943 nec
2466 4900 2551 4951 ne,
2602 4891 2656 4936 ut
2702 4881 2879 4934 sciam.
2925 4874 3204 4932 Terribilia
3248 4873 3435 4927 verba.
3473 4871 3597 4925 Clu—

2000 4962 2133 5052 mor,
2182 4980 2383 5051 inquit,
2431 4976 2775 5032 Sodomorum
2814 4980 2860 5024 et
2901 4966 3216 5023 Gomorrluc.
3246 4962 3507 5032 Quamvis
3544 4973 3595 5017 es

1999 5076 2117 5130 alia:
2162 5072 2406 5128 civitates
2450 5065 2609 5122 simul
2657 5061 2933 5134 perierint,
2983 5057 3077 5114 sed
3114 5055 3233 5127 quia
3262 5055 3345 5109 ita:
3377 5052 3597 5109 luerunt

2001 5168 2285 5231 clariores,
2335 5164 2478 5234 ipsas
2517 5158 2693 5213 solum
2726 5150 3183 5211 commemoravit.
3220 5147 3599 5217 Multiplicatus

1999 5271 2073 5316 est
2096 5258 2236 5331 apud
2262 5272 2361 5324 me,
2392 5263 2438 5309 ct
2466 5259 2673 5323 peccata
2699 5262 2871 5303 eorum
2896 5258 3079 5315 magna
3109 5240 3273 5295 ualde.
3298 5238 3435 5296 Vide
3458 5254 3596 5309 quo-

2002 5329 2163 5410 modo
2187 5349 2326 5407 maia
2352 5349 2755 5403 conserventur.
2784 5337 2901 5394 Non
2924 5336 3099 5392 solum
3132 5346 3320 5403 magna
3348 5338 3434 5385 est
3463 5329 3599 5384 ωυιο

2006 5434 2177 5503 titndo
2240 5441 2526 5501 clamoris,
2572 5433 2666 5491 sed
2719 5431 2884 5487 etiam
2910 5427 3202 5499 iniustitia).
3260 5423 3397 5479 Nam
3444 5422 3599 5487 illud,

2007 5537 2209 5593 Clamor
2250 5534 2592 5590 Sodomorum
2638 5536 2681 5581 et
2724 5522 3023 5580 Comorrltc
3064 5510 3438 5588 multiplicatus
3484 5527 3597 5583 est,

2005 5632 2196 5700 opinor
2234 5624 2533 5696 signiﬁcare
2554 5663 2572 5687 ,
2596 5620 2742 5689 ipsos
2770 5630 2894 5672 cum
2931 5610 3359 5669 inenarrabiiies
3392 5610 3603 5665 veniam

2010 5724 2210 5780 nullam
2253 5726 2495 5775 merente
2538 5713 2814 5783 iniquitate
2856 5707 3052 5767 multas
3099 5704 3260 5759 etiam
3317 5702 3599 5773 iniustitia
