3792 6274
238 298 343 354 589

237 408 371 462 alias
419 408 731 466 exhibuisse
765 427 777 465 :
807 418 862 466 et
895 410 1246 466 lnsurrexisse
1274 407 1599 480 potentiores
1632 417 1820 464 contra

240 497 606 567 Invalidiores,
656 502 980 571 ditioresque
1024 510 1208 556 contra
1254 516 1534 571 pauperes.
1599 499 1826 554 Proinde

237 604 345 643 non
376 591 571 657 solum,
614 592 802 661 inquit,
848 607 1070 661 magnus
1113 599 1229 645 erat
1274 592 1514 660 planctus
1556 590 1823 657 clamoris,

239 679 335 732 sed
358 690 411 733 ct
443 690 656 749 peccata
683 682 919 750 ipsorum
948 696 1054 735 non
1084 682 1318 751 vulgaria
1365 680 1531 745 fuere,
1579 680 1672 734 sed
1716 694 1828 734 ma-

236 784 363 838 gna,
412 779 571 839 atque
616 771 869 841 ingentia.
919 771 1192 826 Insolitum
1235 772 1379 828 enim
1406 771 1695 842 iniquitatis
1721 784 1828 824 mo-

238 859 367 913 dum
409 861 875 930 excogitaveruut,
904 870 961 917 et
1002 862 1205 917 alienas
1253 871 1305 917 et
1351 862 1564 917 illicitas
1601 860 1825 915 coeundi

238 950 386 1020 leges
436 953 771 1008 invenerunt.
818 954 992 1026 Atque
1032 964 1175 1009 tanta
1220 963 1336 1009 erat
1377 954 1592 1010 malitiae
1637 954 1829 1025 procli-

235 1045 396 1110 vitas,
448 1054 504 1099 ut
546 1060 734 1101 omnes
780 1047 922 1102 omni
967 1048 1108 1102 malo
1154 1048 1508 1118 replerentur,
1548 1057 1602 1103 et
1628 1047 1827 1103 nullam

238 1144 428 1204 postea
480 1138 866 1193 correctionem
914 1139 1292 1205 admitterent,
1354 1140 1603 1211 dignique
1647 1149 1827 1197 essent

235 1226 329 1295 qui
388 1230 597 1297 penitus
636 1229 980 1284 abuterentur
1020 1248 1035 1285 :
1084 1245 1258 1301 neque
1307 1232 1453 1287 enim
1506 1233 1826 1289 incurabiles

236 1318 450 1374 illorum
477 1321 645 1376 morbi
674 1322 913 1377 medicos
938 1323 1199 1379 ferebant.
1226 1324 1416 1379 Postea
1442 1324 1640 1380 docens
1667 1340 1826 1381 omne

235 1412 516 1470 hominum
543 1430 734 1486 genus,
778 1417 903 1471 licet
929 1432 1119 1488 magna
1151 1417 1307 1487 valt’e
1335 1428 1391 1473 et
1417 1418 1688 1488 explorata
1719 1417 1825 1474 sint

234 1517 474 1573 peccata,
503 1522 607 1561 non
627 1517 783 1562 antea
814 1517 988 1563 tamen
1010 1509 1456 1578 pronuntiandam
1481 1510 1822 1577 sententiam,

233 1613 394 1666 quam
439 1600 734 1655 manifesta:
783 1601 1123 1671 probationes
1165 1601 1363 1669 adsint,
1414 1602 1585 1672 inquit
1633 1619 1648 1657 :
1691 1600 1820 1657 Cum

232 1692 557 1761 descendere,
606 1694 781 1749 uidebo
836 1704 1003 1747 utrum
1037 1698 1191 1765 juxta
1240 1695 1509 1749 clamorem
1556 1694 1782 1764 ipsorum
1804 1734 1821 1761 ,

230 1784 323 1853 qui
366 1784 435 1837 ad
480 1801 560 1840 me
602 1787 753 1852 venit,
791 1787 1073 1856 perficiant,
1118 1802 1291 1851 necne,
1343 1794 1397 1838 ut
1424 1786 1599 1840 sciant.

309 1876 431 1931 Non
476 1889 595 1932 sunt
644 1879 825 1932 auditu
872 1878 980 1932 solo
1025 1878 1397 1932 condemnandi
1444 1877 1537 1931 rei.
1579 1906 1653 1917 --
1687 1876 1823 1944 Quid

232 1969 338 2023 sibi
382 1970 516 2035 vult,
556 1978 612 2025 et
656 1985 755 2025 cur
798 1984 1102 2025 sermonem
1152 1984 1306 2024 suum
1351 1970 1419 2024 ita
1469 1970 1825 2040 attemperat?

234 2060 363 2113 Cum
389 2061 710 2127 descendero,
744 2061 947 2132 inquit,
981 2061 1175 2116 uidebo.
1206 2062 1467 2132 Numquid
1506 2063 1574 2119 de
1614 2064 1730 2119 loco
1771 2065 1822 2119 in

232 2150 412 2204 locum
459 2152 650 2207 transit
698 2152 1068 2208 universorum
1114 2152 1411 2208 Dominus?
1480 2154 1651 2209 Absit.
1707 2154 1823 2211 Non

234 2242 338 2298 hoc
378 2243 479 2297 sibi
526 2244 675 2310 vult;
730 2244 824 2300 sed
873 2254 929 2299 ut
975 2244 1106 2312 dixi,
1138 2244 1386 2300 crassiori
1437 2260 1685 2301 sermone
1727 2261 1824 2301 nos

233 2336 513 2391 instituere
555 2336 735 2405 cupit,
795 2350 983 2407 magna
1036 2350 1170 2405 opus
1216 2350 1337 2391 esse
1381 2335 1650 2407 diligentia
1705 2353 1718 2391 :
1769 2346 1825 2392 et.

233 2443 340 2481 non
400 2428 582 2482 auditu
635 2428 752 2483 solo
816 2438 1123 2497 peccatores
1182 2429 1618 2485 condemnandos
1661 2444 1821 2499 esse,

232 2535 408 2588 neque
436 2519 756 2575 sententiam
786 2519 1075 2585 ferendam,
1122 2519 1224 2575 nisi
1279 2521 1647 2591 comprobatio
1675 2537 1818 2592 pra:-

229 2612 407 2666 νεύει.
464 2611 756 2667 Audiamus
782 2611 897 2667 huic
921 2627 1127 2668 omnes.
1157 2612 1273 2668 Non
1303 2612 1446 2669 enim
1474 2615 1648 2669 solum
1674 2615 1707 2669 ii
1732 2615 1822 2685 qui

235 2718 334 2772 pro
362 2702 615 2758 tribunali
654 2703 864 2771 sedent,
907 2703 1201 2760 observare
1228 2705 1368 2760 hanc
1402 2705 1574 2777 legem
1603 2706 1816 2775 debent,

233 2798 330 2852 sed
360 2807 417 2853 et
447 2798 625 2853 nullus
664 2814 915 2869 umquam
945 2798 1014 2855 ob
1042 2798 1238 2854 nudam
1276 2799 1668 2855 accusationem
1694 2816 1820 2870 pro-

229 2892 437 2945 simum
469 2892 810 2947 condemnet.
861 2891 1064 2947 Idcirco
1098 2892 1242 2946 enim
1266 2900 1320 2947 et
1349 2900 1476 2962 post
1495 2892 1607 2947 hmo
1636 2892 1821 2948 beatus

232 2984 411 3038 Moses
445 2983 644 3054 Spiritu
674 2993 860 3039 sancto
888 2983 1099 3037 afﬂatus
1114 2983 1402 3047 admonet,
1448 2983 1633 3039 dicens
1661 2999 1675 3037 :
1709 2982 1816 3037 Au-

229 3078 394 3131 ditum
430 3093 615 3131 vanum
656 3094 719 3131 ne
760 3076 981 3148 accipias
1029 3075 1244 3148 (Exod.
1269 3074 1485 3144 23.1).
1528 3075 1596 3129 Et
1637 3075 1821 3132 beatus

231 3169 451 3235 Paulus,
506 3168 769 3235 scribens,
815 3167 1079 3223 clamabat
1112 3186 1126 3221 :
1156 3166 1234 3220 Tu
1273 3177 1443 3220 autem
1491 3182 1583 3219 cur
1614 3167 1821 3237 judicas

230 3262 443 3330 fratrem
469 3271 611 3313 tuum
660 3258 837 3330 (Rom.
866 3259 953 3314 14.
982 3258 1113 3329 I0)?
1139 3258 1381 3314 Christus
1424 3273 1635 3329 quoque
1681 3274 1818 3329 pra:—

226 3351 437 3421 cipiens
478 3349 751 3419 discipulis
777 3350 908 3415 suis,
940 3359 995 3405 et
1017 3349 1217 3404 docens
1245 3348 1553 3404 Judmorum
1579 3348 1822 3403 multitu-

227 3444 435 3506 dinem,
480 3444 684 3498 scribas
719 3458 929 3509 eorum,
960 3452 1016 3496 et
1045 3440 1363 3506 Pharisatos,
1400 3440 1592 3509 Nolite,
1629 3441 1819 3512 inquit,

216 3534 485 3605 judicare,
527 3547 578 3589 ut
617 3553 719 3590 non
744 3534 1045 3607 judicemini
1087 3534 1300 3606 (Matth.
1334 3536 1387 3589 7.
1422 3535 1494 3605 I).
1519 3535 1625 3589 Cur
1653 3536 1817 3603 enim,

228 3629 424 3698 inquit.
471 3638 599 3684 ante
641 3637 850 3698 tempus
889 3627 1094 3686 invadis
1138 3627 1333 3697 judicis
1363 3628 1489 3697 jus?
1530 3644 1627 3683 cur
1677 3643 1818 3698 prae-

230 3723 386 3776 venis
412 3722 555 3777 diem
584 3720 731 3775 illum
761 3719 1089 3779 terribilem?
1122 3720 1211 3775 \‘is
1230 3719 1393 3789 judex
1424 3721 1590 3776 esse?
1636 3720 1820 3776 Judica

231 3813 600 3883 temetipsum,
642 3822 699 3868 et
727 3820 815 3867 tua
843 3811 1055 3869 delicta.
1083 3811 1270 3866 Nullus
1293 3822 1375 3866 est
1402 3811 1491 3881 qui
1514 3821 1676 3868 vetet.
1732 3811 1821 3868 Sic

229 3907 379 3959 cnim
419 3914 475 3960 et
515 3914 733 3976 peccata
763 3915 848 3959 tua
874 3903 1206 3969 emendabis,
1235 3912 1289 3959 et
1318 3903 1447 3959 nihil
1477 3920 1543 3958 ex
1587 3904 1690 3960 hoc
1740 3908 1821 3960 in-

227 3995 502 4050 commodi
541 3995 739 4066 capies.
769 3994 920 4063 Quod
950 3993 997 4049 si
1024 3994 1223 4050 relictis
1247 3993 1408 4049 rebus
1433 3994 1537 4050 tuis
1570 3995 1726 4051 sedes
1751 3994 1819 4051 ad

225 4086 579 4156 iudicandum
612 4086 767 4153 alios,
817 4084 1048 4155 majores
1076 4092 1128 4140 te
1156 4084 1248 4139 tibi
1278 4084 1375 4155 ipsi
1403 4084 1655 4155 colligere
1694 4099 1821 4156 pee—

229 4188 478 4233 catorum
510 4177 747 4233 sarcinas
772 4191 878 4231 non
906 4176 1092 4231 sentis.
1124 4175 1349 4241 Idcirco,
1379 4176 1626 4242 obsecro,
1657 4175 1823 4248 fugia-

232 4285 357 4324 tnus
378 4270 598 4323 omnino
620 4283 651 4323 a
675 4266 1094 4323 condemnandis
1120 4266 1262 4323 aliis.
1302 4266 1437 4322 Nam
1472 4268 1570 4325 etsi
1596 4267 1823 4337 judicia-

234 4366 332 4417 τίω
362 4362 638 4431 potestatis
674 4375 780 4416 non
818 4362 893 4416 sis
937 4360 1236 4431 particeps,
1294 4369 1527 4417 attamen
1571 4361 1819 4430 judicasti

233 4461 442 4518 mente,
468 4460 523 4507 et
550 4460 769 4521 peccato
807 4450 978 4506 fecisti
1014 4459 1065 4507 te
1090 4451 1400 4519 obnoxium,
1441 4451 1654 4523 quando
1682 4454 1822 4508 nulla

233 4543 694 4597 demonstratione
729 4551 980 4612 accepta,
1029 4541 1124 4596 sed
1165 4557 1536 4609 sarpeuumero
1576 4543 1688 4598 sola
1732 4558 1820 4599 su-

234 4638 501 4707 spicione,
521 4644 575 4691 et
592 4636 735 4691 tenui
762 4635 1099 4690 accusatione
1124 4634 1469 4691 condemnas.
1489 4635 1822 4706 Quapropter

239 4732 430 4785 beatus
466 4729 634 4785 David
661 4729 924 4785 clamabat
959 4728 1143 4783 dicens
1185 4745 1198 4780 :
1233 4726 1589 4781 Detrahentem
1634 4737 1823 4783 secreto

239 4824 473 4893 proximo
509 4840 623 4885 suo,
665 4823 798 4877 hunc
837 4820 1166 4892 persequebar
1203 4819 1376 4889 (Psal.
1423 4820 1546 4877 100.
1580 4818 1658 4892 5).

310 4916 366 4968 Δ.
406 4913 600 4969 Aliena:
623 4916 774 4984 fam
798 4909 1126 4982 parcendum.
1148 4938 1221 4951 --
1238 4908 1424 4965 Vidisti
1448 4909 1659 4966 virtutis
1687 4910 1825 4966 emi-

240 5006 520 5059 nentiam?
552 5003 669 5059 Non
693 5004 869 5060 solum
895 5017 1002 5058 non
1023 5001 1312 5072 recipiebat
1338 5017 1459 5072 quae
1484 5001 1819 5069 dicebantur,

238 5097 337 5152 scd
365 5104 420 5150 et
438 5094 688 5165 abigebat
711 5093 977 5149 volentem
996 5094 1144 5149 fratri
1172 5108 1271 5148 suo
1292 5092 1628 5150 maledicere.
1662 5093 1826 5164 Igitur

237 5192 283 5244 si
333 5200 388 5244 et
435 5202 534 5244 nos
578 5195 793 5258 peccata
837 5196 1019 5242 nostra
1053 5186 1369 5242 imminuere
1394 5186 1668 5252 volumus,
1723 5185 1826 5242 hoc

242 5280 477 5336 maxime
519 5280 759 5334 omnium
803 5292 1100 5344 servemus,
1143 5291 1242 5333 nec
1279 5277 1699 5333 condemnemus
1724 5276 1827 5333 tra-

242 5384 356 5429 tres
381 5381 612 5435 nostros,
642 5383 814 5439 neque
838 5368 1122 5425 detrahere
1147 5369 1421 5438 cupientes
1447 5368 1825 5424 admittamus:

245 5468 355 5520 imo
381 5463 672 5520 secundum
699 5462 1009 5533 prophetam
1029 5460 1322 5532 abigamus,
1348 5470 1403 5516 et
1432 5461 1648 5515 omnino
1676 5475 1828 5516 aver.

243 5574 447 5615 semur.
472 5556 585 5611 Hoc
603 5555 745 5611 enim
774 5555 963 5625 opinor
981 5563 1035 5609 et
1064 5552 1375 5624 prophetam
1407 5552 1606 5608 Mosem
1628 5552 1828 5606 insinu-

242 5665 360 5715 are,
399 5662 521 5703 cum
560 5647 718 5702 dicit:
747 5644 990 5700 Auditum
1031 5660 1213 5698 vanum
1255 5660 1315 5698 ne
1347 5644 1595 5713 acceperis
1633 5640 1828 5712 (Exod.

247 5741 337 5799 25.
390 5738 462 5813 I).
502 5740 567 5797 Et
602 5738 698 5796 hac
733 5736 799 5796 dc
832 5751 992 5794 causa
1035 5735 1194 5793 etiam
1235 5750 1374 5793 nunc
1418 5733 1674 5795 Dominus
1720 5740 1827 5789 tam

1256 295 1321 351 IN
1357 294 1507 353 CAP.
1552 289 1734 347 XVIII.
1774 286 2015 348 GENES.
2048 285 2277 343 IIOMIL.
2319 284 2477 343 XLII.

3397 294 3505 353 sua

1931 420 2112 461 crasso
2155 421 2403 466 sermone
2459 420 2587 462 usus
2630 414 2715 463 est
2772 406 2825 463 in
2868 406 3148 464 utilitatem
3209 410 3505 465 animarum

1929 509 2250 552 nostrarum.
2278 498 2414 554 Dicit
2435 499 2577 553 enim
2611 512 2626 553 :
2653 497 2781 553 Cum
2804 498 3107 555 descendam
3129 504 3517 567 autem,eidebb.

1926 588 2037 644 Cur
2083 589 2267 644 enim?
2310 589 2444 643 Num
2504 588 2809 644 nesciebat?
2861 591 3209 660 ignorabatne
3264 605 3508 663 peccato-

1930 694 2046 733 rum
2091 680 2552 750 magnitudinem?
2591 695 2659 735 an
2694 680 2968 737 nesciebat
3010 681 3187 753 lapsos
3215 686 3506 740 correctio.

1931 783 2051 824 nem
2082 786 2187 825 non
2214 771 2600 839 suscepturus?
2642 773 2812 827 Absit.
2858 773 3055 829 Verum
3097 776 3245 846 quasi
3292 777 3505 832 satisfa-

1928 863 2159 919 ctionem
2186 864 2468 933 quamdam
2504 863 2657 920 aII‘ert
2702 865 2766 921 iis
2802 867 2891 936 qui
2919 867 3140 938 posthac
3172 868 3510 939 impudenter

1928 970 2181 1012 accusare
2231 957 2435 1024 volent,
2488 968 2543 1013 et
2569 946 3118 1015 monstrandoeorum
3158 962 3506 1032 pervicaciam

1928 1057 1982 1102 et
2017 1048 2226 1104 virtutis
2259 1050 2570 1121 penuriam,
2622 1059 2921 1107 tanta-usus
2951 1062 3033 1109 est
3056 1057 3327 1125 patientia.
3373 1058 3503 1113 For-

1930 1142 2084 1197 tassis
2109 1151 2287 1198 autent
2318 1157 2422 1198 non
2452 1151 2670 1213 propter
2693 1143 2794 1199 hoc
2817 1145 3011 1211 solum,
3060 1148 3172 1202 scd'
3196 1157 3336 1204 et'ut
3364 1149 3511 1220 justo

1908 1232 2084 1289 vdetur
2108 1235 2318 1290 occasio
2341 1234 2647 1290 declarandi
2686 1245 2931 1291 mentem
2950 1252 3100 1292 suam
3132 1240 3509 1296 misericordis)

1927 1327 2162 1397 plenam,
2208 1338 2261 1383 et
2288 1328 2424 1383 bene
2449 1328 2502 1382 in
2527 1328 2659 1383 alios
2687 1326 2953 1385 aﬂectam.
2995 1331 3188 1401 kngeii
3228 1334 3404 1401 enim,
3452 1344 3512 1391 ut.

1927 1419 2059 1484 dixi,
2108 1419 2351 1475 abierant
2396 1420 2452 1474 in
2495 1419 2727 1476 Sodoma
2779 1420 2981 1490 (tr-.22)
3007 1439 3020 1477 :
3050 1425 3349 1493 patriarcha
3384 1442 3511 1483 vero

1927 1510 2106 1566 stabat
2151 1527 2334 1567 coram
2378 1512 2605 1567 Domino
2649 1528 2663 1566 :
2708 1512 2799 1568 25.
2846 1513 2913 1567 Et
2958 1523 3017 1568 ut
3055 1516 3512 1587 appropinquavit,

1929 1602 2116 1671 inquit,
2139 1601 2419 1670 Abraham,
2457 1602 2586 1656 dixit
2612 1618 2636 1657 :
2659 1601 2924 1674 Numquid
2943 1605 3120 1675 perdes
3139 1606 3292 1661 simul
3313 1608 3512 1677 justum

1928 1707 2044 1744 cum
2079 1692 2258 1760 impio,
2303 1701 2351 1747 et
2388 1693 2485 1748 erit
2502 1693 2677 1763 justus
2712 1693 2843 1747 sicut
2879 1694 3113 1767 impius?
3146 1697 3193 1753 0
3236 1697 3364 1766 justi
3412 1699 3511 1753 viri

1928 1782 2210 1839 filuciam!
2242 1784 2370 1850 imo,
2415 1801 2448 1838 ο
2489 1794 2683 1856 quanta
2725 1780 2887 1840 animi
2927 1790 3351 1844 commiseratio!
3380 1806 3511 1861 quo-

1927 1874 2088 1929 modo
2128 1875 2607 1931 commiserationis
2635 1876 2893 1933 ebrietate
2919 1890 3167 1948 gravatus
3193 1882 3359 1937 nescit
3382 1883 3509 1952 quid

1927 1965 2086 2019 dicat.
2123 1966 2190 2019 Et
2217 1967 2508 2022 ostendens
2536 1966 2712 2022 divina
2740 1967 3042 2038 Scriptura,
3098 1971 3269 2040 ipsum
3318 1989 3511 2045 magno

1928 2057 2119 2114 timore
2138 2067 2192 2113 et
2221 2071 2453 2115 tremore
2480 2074 2665 2130 preces
2692 2060 2943 2128 fundere,
2973 2063 3047 2117 ait
3074 2079 3089 2117 :
3126 2062 3194 2119 Ut
3231 2070 3511 2138 appropin-

1926 2150 2095 2220 quatit
2134 2151 2408 2215 Abraham,
2451 2153 2579 2207 dixit
2606 2167 2626 2206 :
2652 2151 2918 2224 Numquid
2945 2157 3121 2225 perdes
3148 2157 3301 2211 simul
3311 2159 3512 2229 justum

1926 2257 2039 2293 cum
2064 2242 2257 2313 impio?
2276 2242 2411 2309 Quid
2440 2242 2588 2309 facis,
2621 2260 2654 2299 o
2678 2243 2831 2300 beate
2855 2247 3187 2316 patriarcha?
3213 2250 3348 2318 Quid
3378 2267 3512 2322 opus

1929 2332 2088 2389 habet
2127 2345 2214 2390 tua
2253 2338 2630 2409 deprecatione
2660 2339 2934 2407 Dominus,
2986 2350 3046 2397 ut
3084 2359 3153 2400 ne
3188 2344 3290 2401 hoc
3319 2346 3513 2402 faciat?

1928 2426 2125 2483 Verum
2166 2445 2233 2486 ne
2272 2430 2372 2486 hoc
2414 2432 2711 2502 cogitemus
2746 2448 2893 2489 :non
2934 2435 3076 2490 enim
3104 2439 3254 2507 quasi
3283 2438 3515 2495 Domino

1928 2517 2032 2573 hoc
2059 2518 2261 2573 facturo
2292 2518 2437 2588 dicit,
2482 2522 2575 2577 sed
2605 2523 2729 2592 quia
2758 2523 3040 2580 manifeste
3077 2537 3296 2600 prepter
3326 2528 3509 2585 fratris

1928 2608 2094 2662 lilium
2120 2608 2299 2664 dicere
2323 2624 2429 2665 non
2458 2612 2723 2679 audebat,
2769 2628 3083 2671 communes
3124 2631 3221 2686 pro
3261 2618 3512 2676 omnibus

1926 2699 2098 2756 fundit
2140 2716 2345 2771 preces,
2387 2702 2571 2758 volens
2609 2721 2730 2760 cum
2778 2707 2897 2762 aliis
2942 2716 2995 2763 et
3045 2707 3187 2764 hunc
3251 2724 3506 2781 servare,

1922 2803 1981 2849 et
2026 2809 2148 2849 cum
2185 2795 2286 2850 hoc
2314 2795 2474 2850 etiam
2504 2798 2637 2852 alios
2667 2799 2916 2867 eripere:
2950 2799 3239 2871 incipitque
3275 2806 3508 2873 patroci-

1925 2885 2064 2953 nari,
2110 2900 2174 2941 ac
2218 2886 2346 2941 dicit
2391 2902 2406 2941 :
2454 2885 2546 2942 24.
2577 2888 2637 2943 Si
2668 2890 2858 2960 fuerint
2891 2891 3254 2962 quinquaginta
3281 2895 3414 2965 justi
3455 2896 3510 2952 in

1923 2978 2140 3044 ciuitate,
2184 2978 2509 3036 num-perdes
2547 2980 2672 3033 eos?
2696 2979 2817 3034 Non
2838 2997 3014 3051 parces
3056 2986 3145 3038 toti
3170 2985 3280 3039 loco
3304 2996 3510 3059 propter

1923 3069 2286 3140 quinquaginta
2330 3074 2515 3136 iustos,
2544 3071 2589 3124 si
2626 3072 2813 3126 inventi
2852 3074 3042 3144 fuerint
3075 3075 3128 3130 in
3156 3077 3258 3132 ea?
3279 3077 3370 3135 25.
3397 3078 3509 3135 Ne-

1924 3176 2177 3231 quaquam
2219 3162 2381 3235 facies
2416 3164 2623 3218 urbm
2674 3163 2788 3228 hoc,
2832 3174 2886 3218 ut
2930 3166 3133 3223 occidas
3161 3169 3361 3239 justum
3397 3188 3511 3229 cum

1923 3252 2107 3324 impio,
2154 3260 2201 3307 et
2228 3253 2292 3307 sit
2301 3254 2480 3327 justus
2501 3257 2629 3311 sicut
2656 3254 2862 3325 impius.
2898 3255 3258 3329 Nequaquam.
3292 3261 3394 3330 Qui
3420 3265 3514 3336 ju-

1924 3342 2064 3397 dicas
2098 3359 2297 3398 omnem
2321 3354 2527 3409 terram,
2562 3362 2663 3399 non
2690 3347 2845 3417 facies
2877 3348 3132 3417 judicium
3154 3350 3195 3405 7‘
3218 3350 3349 3409 Vide
3377 3369 3512 3424 quo-

1925 3433 2086 3491 modo
2129 3444 2185 3490 et
2219 3435 2273 3489 in
2326 3434 2426 3492 hac
2469 3439 2711 3492 oratione
2742 3451 2893 3494 suam
2933 3440 3234 3511 religiosam
3270 3452 3326 3499 et
3366 3445 3513 3516 piam

1925 3537 2160 3585 mentem
2206 3527 2483 3593 declarat,
2537 3540 2591 3585 et
2631 3530 2867 3600 judicem
2905 3534 3083 3589 omnis
3132 3543 3288 3592 terrae
3337 3538 3511 3593 confl-

1927 3628 2087 3686 tetur,
2158 3629 2513 3691 precaturque
2560 3636 2629 3676 ne
2675 3630 2858 3692 pereat
2897 3622 3074 3691 justus
3116 3640 3240 3680 cum
3286 3627 3510 3697 injuste.

1926 3713 2114 3768 Postea
2144 3713 2289 3769 mitis
2314 3722 2371 3769 et
2405 3713 2668 3783 benignus
2715 3715 2969 3771 Dominus
3016 3718 3204 3773 annuit
3246 3720 3509 3789 petitioni,

1924 3812 1980 3859 et
2028 3803 2158 3860 dicit
2198 3822 2213 3859 :
2262 3804 2424 3860 Facio
2466 3803 2520 3858 id
2558 3804 2684 3874 quid
2709 3804 2908 3869 dixisti,
2937 3816 2993 3861 ct
3019 3809 3222 3879 accipio
3245 3818 3387 3865 tuam
3416 3826 3512 3881 pe-

1927 3895 2189 3951 titionem.
2232 3894 2324 3951 26.
2375 3895 2439 3952 Si
2499 3896 2814 3950 invenientur
2868 3897 3233 3970 quinquaginta
3280 3900 3414 3971 justi
3455 3903 3512 3958 in

1926 3989 2143 4055 ciuitate,
2189 3999 2396 4060 propter
2422 3988 2539 4043 illos
2592 4005 2797 4059 parcam
2840 3992 2931 4044 toti
2970 3991 3101 4047 loco.
3165 3993 3312 4050 Dabo
3361 3994 3507 4063 hoc,

1928 4082 2117 4152 inquit,
2158 4082 2535 4153 quinquaginta
2555 4082 2736 4152 justis,
2766 4082 2813 4137 si
2842 4083 3045 4139 inventi
3067 4083 3288 4153 fuerint,
3310 4097 3365 4144 et
3389 4090 3510 4146 aliis

1926 4176 2150 4230 salutem
2201 4175 2539 4245 impertiam,
2597 4184 2652 4230 et
2692 4176 3004 4246 peti-tionem
3054 4185 3201 4234 tuam
3254 4179 3507 4251 implebo.

1930 4266 2126 4322 Verum
2180 4266 2453 4322 videamus
2486 4266 2686 4337 justum
2739 4267 2925 4336 illum,
2984 4272 3254 4337 quomodo
3297 4286 3510 4346 arrepta

1929 4358 2144 4425 fiducia,
2179 4368 2232 4414 et
2254 4358 2430 4428 agnita
2455 4357 2740 4413 clementia
2781 4357 2913 4427 Dei,
2962 4358 3152 4416 iterum
3186 4361 3345 4418 aliam
3375 4366 3511 4433 peti.

1930 4451 2130 4506 tionem
2176 4449 2350 4515 affert,
2396 4458 2450 4505 et
2492 4449 2663 4519 inquit
2710 4465 2725 4503 :
2768 4449 2859 4505 27.
2908 4449 3065 4505 Nunc
3104 4454 3234 4523 αερὶ
3270 4454 3411 4526 loqui
3444 4457 3516 4510 ad

1930 4541 2206 4596 Dominum
2254 4556 2440 4603 meum,
2474 4556 2569 4611 ego
2613 4549 2782 4594 autem
2829 4557 2942 4597 sunt
2988 4552 3121 4597 terra
3162 4554 3211 4598 et
3236 4546 3386 4601 cinis.
3436 4547 3515 4602 Nc

1930 4641 2101 4702 putes,
2152 4632 2341 4701 inquit,
2396 4630 2648 4696 Domine,
2699 4646 2787 4687 me
2833 4632 3079 4703 ignorare
3122 4635 3406 4705 meipsum,
3462 4648 3517 4693 ct

1932 4722 2229 4795 transgredi
2277 4737 2582 4779 mensuram
2608 4762 2623 4787 ,
2679 4730 2735 4778 et
2788 4732 2929 4778 tanta
2975 4724 3049 4781 uti
3105 4724 3316 4782 fiducia.
3385 4727 3514 4784 Scio

1930 4818 2095 4882 enim,
2146 4830 2233 4871 me
2281 4823 2479 4870 terram
2519 4828 2639 4870 esse
2690 4822 2747 4871 et
2787 4814 3022 4874 cinerem
3055 4817 3186 4872 :sed
3231 4818 3371 4873 sicut
3414 4817 3516 4875 hoc

1931 4906 2061 4973 scio,
2092 4915 2146 4960 et
2170 4904 2450 4962 manifeste
2476 4905 2610 4970 scio,
2639 4904 2710 4959 ita
2739 4920 2913 4976 neque
2950 4905 3075 4960 illud
3106 4907 3309 4976 ignoro,
3334 4909 3518 4979 cupio.

1931 5012 2048 5054 sam
2088 5012 2207 5052 esse
2250 5007 2355 5052 tua:
2383 4995 2681 5054 clementiae
2706 4995 3143 5066 magnitudinem,
3185 5004 3240 5051 et
3279 5005 3333 5054 te
3378 4999 3520 5055 divi-

1935 5096 2040 5143 tem
2091 5101 2211 5142 esse
2265 5086 2530 5151 bonitate,
2585 5084 2828 5153 velleque
2853 5099 3041 5140 omnes
3072 5085 3312 5142 homines
3336 5087 3522 5146 salvos

1935 5181 2071 5236 ﬁeri.
2120 5178 2253 5235 Nam
2295 5192 2430 5249 quos
2466 5192 2533 5233 ex
2581 5176 2749 5232 nihilo
2774 5175 3086 5248 produxisti,
3123 5178 3395 5247 quomodo
3445 5180 3522 5234 fa-

1935 5282 2050 5328 ctos
2082 5270 2358 5341 perderes,
2396 5268 2498 5325 nisi
2536 5282 2726 5339 magna
2774 5275 2919 5324 esset
2958 5278 3299 5338 peccatorum
3324 5273 3521 5342 copia?

1936 5364 2137 5421 Idcirco
2172 5363 2366 5423 iterum
2394 5376 2491 5417 oro
2515 5370 2569 5417 et
2595 5375 2804 5431 precor,
2836 5360 2927 5417 28.
2968 5361 3030 5418 Si
3064 5363 3327 5432 pauciores
3364 5368 3519 5435 quin-

1936 5456 2176 5528 quaginta
2228 5454 2416 5511 inventi
2460 5453 2668 5526 fuerint,
2697 5461 2746 5507 et
2781 5452 3117 5524 quadraginta
3159 5456 3380 5527 quinque
3431 5460 3515 5528 [ιι.

1939 5548 2069 5602 crint
2114 5547 2167 5605 in
2214 5546 2413 5602 civitate
2448 5547 2598 5616 justi,
2646 5562 2748 5601 non
2776 5545 2993 5601 salvabis
3021 5546 3314 5602 civitatem?
3338 5547 3407 5603 Et
3435 5551 3529 5603 di-

1937 5639 2013 5691 atit
2060 5654 2080 5692 :
2121 5637 2181 5694 Si
2217 5636 2403 5696 inventi
2424 5641 2612 5710 fuerint
2640 5636 2979 5709 quadraginta
3016 5638 3252 5710 quinque,
3277 5656 3376 5694 non
3400 5658 3519 5709 per-

1944 5733 2081 5787 dant.
2125 5732 2253 5803 Quis
2291 5748 2388 5805 pro
2421 5730 2673 5805 dignitate
2700 5730 2978 5789 Dominum
3007 5731 3244 5788 omnium
3275 5730 3519 5799 laudarit.
