3792 6254
323 227 430 288 593

390 341 641 406 ς’.”οταν
671 335 764 396 οὖν
790 339 926 413 ίδῃς,
947 340 1218 412 άγαπητέ,
1237 340 1406 412 ἄνδρα
1424 339 1642 403 εὐτελὲς
1669 338 1770 410 μὲν
1796 338 1982 408 σχῆμα

320 428 517 495 ἔξωθεν
546 430 945 501 περικείμενον,
970 428 1172 500 ἀρετήν
1193 428 1251 481 δὲ
1267 427 1478 482 ἔνδοθεν
1497 425 1981 498 περιϐεϐλημένον,

324 516 399 585 μὴ
423 515 766 586 ἐξευτελίσῃς
792 515 979 569 τοῦτον
1007 515 1095 568 διὰ
1136 514 1200 568 10
1237 514 1584 584 φαινόμενον,
1603 511 1741 567 ἀλλά
1762 511 1852 564 τὸν
1883 510 1983 580 τῆς

318 602 496 672 ψυχῆς
524 601 751 655 πλοῦτον
776 600 1183 672 καταμάνθανε,
1200 601 1297 656 καὶ
1321 600 1419 671 τήν
1435 600 1582 653 ἐνδον
1604 597 1980 671 περιφάνειαν,

322 688 420 739 καὶ
446 688 564 741 τότε
595 688 714 757 ὄψει
741 688 1075 758 πανταχόθεν
1102 688 1201 759 τὴν
1217 688 1416 760 ἀρετὴν
1440 686 1781 758 λάμπουσαν.
1800 681 1985 737 Τοιοῦ-

321 791 409 837 τος
446 769 513 844 ήν
549 774 578 825 0
619 774 890 846 μακάριος
953 774 1137 840 Ἠλίας
1161 793 1175 807 ·
1229 773 1482 847 μηλωτὴν
1519 772 1679 843 μόνον
1723 767 1855 841 είχε,
1889 770 1986 824 καὶ

318 861 349 911 0
381 862 478 933 τὴν
511 862 816 933 πορφυρίδα
865 862 1331 935 περιϐεϐλημένος
1386 859 1588 930 Ἀχαάϐ
1625 858 1721 930 τῆς
1772 856 1981 911 ἐκείνου

323 947 576 1020 μηλωτῆς
596 948 787 1003 ἐδεῖτο.
812 945 971 1014 Εἶδες
1008 950 1105 1004 τοῦ
1148 952 1246 1021 μὲν
1286 947 1490 1020 ’Δχαάϐ
1523 947 1623 1018 τὴν
1650 945 1860 1010 πενίαν,
1886 943 1981 999 τοῦ

317 1036 376 1089 δέ
417 1036 570 1090 Ἠλία
598 1037 693 1091 τὸν
716 1037 978 1106 πλοῦτον;
1006 1039 1147 1109 Ὅρα
1179 1038 1276 1092 καὶ
1314 1037 1415 1107 τῆς
1440 1036 1721 1105 δυνάμεως
1747 1034 1872 1087 ὅσον
1922 1032 1983 1086 τὸ

322 1123 505 1193 μέσον.
557 1124 626 1177 Ἦ
662 1124 887 1197 μηλωτὴ
930 1124 1124 1179 τούτου
1156 1124 1248 1179 τὸν
1280 1123 1507 1197 οὐρανὸν
1538 1120 1851 1176 ἀπέκλεισεο
1875 1119 1984 1173 τῶν

320 1209 492 1264 ὑετῶν
542 1210 737 1283 ἔστησε
783 1212 881 1283 τὴν
915 1213 1108 1285 φορὰν,
1136 1212 1231 1266 καὶ
1272 1213 1306 1282 ὴ
1333 1210 1554 1281 γλῶσσα
1584 1208 1680 1263 τοῦ
1703 1209 1982 1281 προφήτου

318 1298 535 1368 χαλινὸς
559 1301 775 1368 ἐγένετο
792 1300 871 1371 τῷ
903 1300 1139 1371 οὐρανῷ,
1167 1299 1263 1355 καὶ
1294 1300 1387 1352 ἐπὶ
1414 1298 1543 1370 τρία
1569 1297 1665 1369 ἐτη
1685 1297 1779 1351 καὶ
1810 1296 1983 1367 μῆνας

319 1386 379 1452 ἐξ
406 1387 560 1450 ὑετὸς
580 1388 680 1442 οὐκ
706 1389 921 1458 ἐγένετο
934 1405 949 1421 ο
981 1389 1075 1443 καὶ
1092 1390 1120 1442 0
1132 1388 1229 1459 τὴν
1250 1386 1539 1459 ἁλουργίδα
1557 1387 1651 1440 καὶ
1668 1385 1730 1439 τὸ
1746 1384 1983 1455 διάδημα

320 1475 700 1547 περικείμενος
738 1477 953 1549 περιῄει
975 1475 1125 1549 [452]
1148 1477 1238 1531 τὸν
1264 1477 1549 1548 προφήτην
1577 1473 1983 1546 ἐπιζητῶν,καὶ

318 1563 472 1617 οὐδὲν
497 1564 792 1635 δυνάμενος
832 1565 1088 1637 κερδᾶναι
1121 1566 1187 1619 ἐκ
1219 1565 1317 1636 τῆς
1341 1564 1612 1634 τοσαύτης
1640 1561 1978 1626 δυναστείας.

333 1651 472 1704 Ἀλλ’
503 1652 604 1724 ὅρα
641 1654 911 1707 Δεσπότου
951 1653 1380 1725 φιλανθρωπίαν.
1431 1652 1647 1725 Ἐπειδὴ
1682 1648 1826 1706 εἶδεν
1870 1651 1983 1705 ἀπὸ

320 1738 485 1809 ζήλου
527 1740 618 1794 καὶ
645 1740 843 1812 πολλῆς
885 1740 1216 1813 θερμότητος
1241 1740 1332 1794 τὸν
1358 1741 1645 1812 προφήτην
1668 1738 1979 1811 κινηθέντα,

321 1826 415 1878 καὶ⁵
454 1825 553 1897 τήν
603 1827 844 1900 μεγάλην
886 1827 1092 1900 ταύτην
1138 1826 1407 1897 τιμωρίαν
1454 1827 1808 1896 ἐπαγαγόντα
1841 1826 1984 1880 κατά

320 1914 501 1983 πάσης
525 1914 622 1984 τῆς
652 1917 771 1985 γῆς,
813 1914 955 1969 ὥστε
1000 1915 1075 1987 μὴ
1107 1915 1201 1970 καὶ
1236 1913 1398 1968 αὐτὸν
1435 1912 1841 1969 συναπολαῦσαι
1883 1916 1982 1986 τῆς

317 2001 605 2071 τιμωρίας,
656 2002 750 2056 καὶ
787 2001 988 2072 ὁμοίως
1012 2003 1079 2073 τῇ
1116 2000 1342 2058 ἐκείνων
1372 2001 1610 2073 πονηρίᾳ
1632 2000 1980 2068 κολάξεσθαι,

319 2088 455 2157 φησί
471 2086 607 2158 πρὸς
627 2087 804 2141 αὐτόν’
825 2088 1118 2159 Ἐγερθεὶς
1136 2090 1455 2158 πορεύθητι
1475 2090 1564 2157 εἰς
1586 2089 1861 2158 Σαρεπτὰ
1874 2088 1985 2159 τῆς

320 2175 628 2241 Σιδωνίας.
671 2175 827 2231 Ἐκεῖ
871 2176 985 2245 τὰρ
1014 2176 1370 2247 ὲντελοῦμαι
1396 2176 1635 2248 γυναικί
1674 2176 1832 2246 χήρᾳ
1874 2178 1983 2232 τοῦ

318 2261 659 2329 διατρέφειν
701 2276 796 2316 σε.
844 2261 954 2317 Καὶ
1010 2263 1281 2331 ἀναστὰς
1324 2263 1637 2333 ἐπορεύθη.
1691 2264 1835 2334 Ὅρα
1887 2262 1981 2318 τοῦ

320 2347 637 2418 Ιῐνεύματος
688 2349 788 2420 τὴν
816 2348 998 2421 χάριν,
1032 2352 1304 2424 ἀγαπητέ.
1346 2351 1456 2407 Καὶ
1488 2351 1601 2425 γὰρ
1629 2351 1726 2406 καὶ
1754 2351 1883 2423 χθές
1903 2353 1984 2415 είς

320 2435 619 2504 φιλοξενίαν
646 2438 779 2507 ἡμῖν
797 2440 826 2492 0
848 2437 1005 2507 λόγος
1021 2439 1164 2504 ἄπας
1188 2439 1469 2511 κατέληξε,
1493 2440 1588 2495 καὶ
1615 2442 1855 2512 σήμερον
1873 2440 1981 2494 ίδού

320 2524 355 2593 ὴ
385 2523 659 2592 φιλόξενος
681 2524 823 2596 αὐτη
873 2526 1020 2599 χήρα
1064 2528 1147 2592 εἰς
1179 2527 1332 2592 τέλος
1366 2529 1500 2599 ήμῖν
1528 2528 1684 2597 ἄγειν
1703 2528 1795 2583 τὸν
1826 2528 1983 2597 λόγον

320 2611 655 2679 μέλλει.Καί
691 2614 1073 2683 παρεγένετο,
1108 2614 1261 2685 φησὶ,
1302 2615 1453 2685 πρὸς
1488 2615 1605 2685 τὴν
1636 2616 1851 2686 χήραν,
1883 2615 1983 2670 καί

316 2695 495 2766 εὗρεν
544 2699 739 2769 αὐτὴν
792 2703 1226 2773 συλλέγουσαν
1267 2703 1448 2769 ξύλα,
1499 2706 1603 2760 καί
1639 2721 1791 2774 φησι
1833 2704 1983 2773 πρὸς

315 2788 529 2857 αὐτήν·
568 2790 677 2856 Δός
688 2808 791 2860 μοι
820 2792 1037 2860 μικρὸν
1082 2792 1259 2861 ὕδωρ,
1307 2794 1407 2847 καί
1440 2794 1669 2864 πίομαι.
1706 2792 1770 2847 Ἢ
1791 2794 1848 2847 δέ
1877 2794 1983 2846 ὐπ-

317 2876 541 2945 ήκουσε.
561 2878 674 2931 Καί
717 2891 868 2947 φησι
907 2879 1057 2948 πρὸς
1106 2880 1303 2948 αὐτὴν
1337 2880 1546 2935 πάλιν
1578 2881 1845 2949 Ποίησον
1880 2899 1984 2952 μοι

317 2962 665 3033 ἐγκρυφίας,
696 2968 796 3021 καί
825 2966 1105 3037 φάγομαι.
1151 2968 1215 3021 Ἡ
1238 2967 1295 3021 δέ
1327 2968 1510 3022 λοιπὸν
1534 2968 1865 3022 ἐκκαλύπτει
1884 2969 1984 3023 αὑ-

317 3052 417 3120 τῆς
445 3050 541 3123 τήν
568 3052 669 3105 ὐπε
680 3053 1014 3124 ρϐάλλουσαν
1065 3054 1280 3120 πενίαν,
1320 3055 1519 3126 μᾶλλον
1546 3056 1605 3110 δέ
1627 3056 1722 3109 τὸν
1775 3057 1984 3126 ἄφατον

320 3138 569 3191 πλούτονο
595 3140 628 3209 ή
651 3139 761 3210 γὰρ
781 3141 882 3210 τῆς
903 3140 1094 3206 πενίας
1122 3140 1372 3206 ἐπίτασις
1391 3142 1600 3197 ἐδείκνυ
1633 3143 1728 3197 τοῦ
1750 3143 1982 3199 πλούτου

318 3227 382 3280 τὸ
420 3226 669 3294 μέγεθος.
718 3228 785 3282 Ἠ
807 3229 867 3283 δέ
899 3245 1085 3300 φησιν’
1114 3232 1236 3284 Οὐκ
1262 3232 1395 3285 ἐστι
1422 3230 1500 3300 τῇ
1519 3232 1708 3301 δούλῃ
1763 3247 1903 3298 σου,
1931 3237 1986 3289 εί

316 3316 402 3385 μὴ
428 3316 577 3385 δρὰξ
600 3317 882 3386 ἀλεύρου,
901 3318 1000 3372 καί
1027 3318 1233 3388 ὀλίγον
1253 3319 1460 3374 ἔλαιον
1475 3320 1546 3374 ἐν
1568 3320 1648 3386 τῷ
1671 3322 1980 3391 καμψάκῃ,

321 3403 422 3457 καί
450 3404 756 3473 φαγόμεθα
787 3404 901 3473 ἐγώ
932 3422 997 3458 τε
1028 3405 1221 3460 καὶτὰ
1253 3406 1478 3471 παιδία,
1521 3408 1619 3462 καί
1644 3408 1982 3463 ἀποθανού-

316 3494 489 3559 μεθα.
529 3491 765 3545 Ἐλεεινά
796 3491 867 3545 τὰ
901 3493 1141 3563 ῥήματα,
1172 3494 1268 3548 καὶ
1304 3494 1476 3566 αὐτὴν
1506 3495 1716 3568 λιθίνην
1748 3497 1926 3569 ψυχὴν
1952 3511 1979 3541 ι

324 3578 487 3632 ἰκανά
514 3579 843 3650 ἐπικάμψαι.
882 3580 1123 3653 Οὐδεμία
1163 3580 1368 3649 λοιπὸν,
1406 3584 1591 3656 φησὶν,
1638 3585 1791 3639 ἐσται
1824 3587 1982 3651 ἐλπὶς

322 3666 614 3737 σωτηρίας.
643 3668 765 3721 Ἐπὶ
792 3668 981 3739 θύραις
1000 3668 1069 3723 τά
1088 3669 1181 3723 τοῦ
1218 3668 1467 3726 θανάτου.
1482 3671 1653 3725 Τοῦτο
1670 3674 1829 3743 μόνον
1850 3676 1981 3746 ήμίν

321 3754 707 3809 ὑπολέλειπται
730 3756 866 3827 πρὸς
895 3756 1059 3828 ζωὴν,
1092 3756 1121 3810 0
1159 3757 1314 3828 μόλις
1340 3758 1567 3830 ἀρκέσει
1592 3760 1716 3833 ἐμοὶ
1744 3760 1838 3815 καὶ
1869 3765 1984 3826 τοῖς

320 3842 572 3906 παιδίοις.
618 3841 797 3915 ὀπερ
828 3839 896 3915 ἦν
924 3860 1013 3915 μοι
1044 3844 1289 3909 δυνατὸν,
1329 3846 1623 3917 πεποίηκα·
1663 3848 1759 3901 τοῦ
1791 3847 1983 3913 ὕδατος

323 3924 621 3999 μετέδωκα.
671 3930 811 3984 Ἀλλ’
825 3932 913 3984 ἵνα
940 3932 1198 4003 μάθωμεν
1232 3934 1445 4005 καὶτῆς
1463 3935 1721 4003 γυναικὸς
1743 3934 1806 3989 τὸ
1829 3936 1981 4005 φιλόο

322 4015 492 4083 ξενον,
538 4019 631 4072 καὶ
660 4018 753 4072 τού
798 4018 1007 4072 δικαίου
1050 4020 1148 4091 τὴν
1179 4019 1380 4092 πολλὴν
1434 4022 1768 4092 παρρησίαν,
1797 4025 1899 4096 δρα
1927 4026 1982 4080 τί

320 4105 549 4173 γίνεται.
591 4103 808 4174 Ἐπειδὴ
833 4104 1038 4174 ἐμαθεν
1075 4108 1104 4159 0
1133 4107 1419 4178 προφήτης
1451 4108 1631 4161 πάντα
1673 4110 1811 4179 μετά
1831 4114 1983 4183 ἀκρι-

319 4192 497 4255 ϐείας,
527 4194 613 4246 ἴνα
636 4191 921 4265 ἐκκαλύψῃ
967 4194 1100 4263 ἡμῖν
1149 4194 1248 4264 τήν
1296 4195 1501 4268 ἀρετὴν
1528 4198 1627 4268 τῆς
1654 4202 1911 4268 γυναικὸς
1935 4203 1982 4273 (ὁ

320 4278 432 4349 γὰρ
465 4278 594 4342 Θεὸς
630 4280 658 4331 0
679 4277 869 4343 εἰπὼν,
910 4279 991 4332 ὅτι
1034 4280 1417 4352 Ἐντέταλμαι
1456 4286 1693 4354 γυναικὶ
1721 4287 1828 4341 τοῦ
1855 4289 1982 4343 δια-

323 4366 562 4434 τρέφειν
581 4381 676 4429 σε,
708 4365 868 4426 αὐτὸς
893 4362 962 4438 ἦν
992 4368 1021 4421 0
1052 4367 1140 4422 διά
1160 4369 1253 4423 τού
1285 4372 1566 4443 προφήτου
1586 4374 1870 4445 ἐνεργῶν),
1891 4377 1982 4430 καί

323 4470 455 4523 φησι
480 4454 615 4523 πρὸς
647 4454 835 4524 αὐτήνσ
853 4454 1124 4522 Ποίησον
1146 4456 1275 4527 ἐμοὶ
1296 4459 1548 4526 πρῶτον,
1578 4463 1675 4515 καί
1698 4462 1978 4534 φάγομαι,

323 4540 422 4595 καί
464 4541 597 4594 τότε
632 4540 754 4608 τοῖς
799 4543 1037 4610 τέκνοις
1082 4558 1215 4602 σου.
1274 4547 1545 4613 Ἀκούετε,
1593 4555 1867 4618 γυναῖκες,
1920 4555 1979 4607 αἰ

326 4628 538 4699 πλούτῳ
562 4628 1001 4700 περιρῤεόμεναι,
1032 4631 1128 4686 καὶ
1160 4633 1239 4697 είς
1272 4636 1440 4703 μυρία
1488 4637 1720 4709 ἀνόνητα
1776 4656 1979 4693 καταν-

322 4716 646 4770 αλίσκουσαι
696 4717 795 4788 τὴν
840 4718 1048 4773 οἰκείαν
1113 4723 1469 4791 περιουσίαν,
1524 4724 1620 4779 καὶ
1683 4726 1802 4779 οὐδὲ
1840 4728 1980 4797 μετά

320 4803 419 4874 τὴν
447 4804 650 4857 οἰκείαν
701 4805 999 4860 ἀπόλαυσιν
1060 4808 1319 4873 πολλάκις
1382 4812 1807 4883 καταδεχόμεναι
1860 4816 1981 4869 ὀϐο-

320 4894 445 4956 λοὺς
491 4893 585 4946 δύο
633 4893 894 4966 προέσθαι
934 4898 1047 4959 τοῖς
1099 4897 1391 4969 δεομένοις,
1435 4902 1652 4973 ἢάνδρί
1712 4920 1819 4957 τινι
1869 4904 1979 4959 τῶν

317 4981 588 5053 ἐναρέτων
620 4981 709 5034 διὰ
731 4982 823 5035 τὸν
855 4982 987 5037 Θεὸν
1018 4984 1318 5056 πενομένῳ.
1353 4984 1502 5060 Αὕτη
1523 4989 1581 5043 δὲ
1615 4990 1767 5044 οὐδὲν
1795 4990 1979 5063 ἕτερον

320 5069 654 5139 κεκτημένη,
684 5071 718 5140 ἢ
750 5070 848 5142 τήν
900 5070 1078 5142 δράκα
1123 5072 1216 5126 τοῦ
1272 5072 1522 5146 ἀλεύρου,
1569 5077 1664 5131 καὶ
1714 5078 1977 5148 μέλλουσα

318 5157 459 5210 κατὰ
484 5158 700 5227 μικρὸν,
729 5160 853 5211 ὅσον
883 5159 1025 5212 κατά
1072 5159 1165 5213 τὸν
1193 5160 1389 5232 ἐαυτῆς
1415 5153 1690 5237 λογισμρν,
1714 5166 1821 5220 τῶν
1854 5163 1979 5220 παί‹

315 5244 423 5297 δων
446 5243 537 5295 τόν
576 5243 806 5297 θάνατον
844 5246 996 5316 ὁρᾷν,
1028 5246 1308 5301 ἀκούσασα
1359 5250 1511 5320 παρὰ
1546 5251 1640 5303 τοῦ
1670 5254 1973 5324 προφήτου,

315 5332 399 5383 ὅτι
443 5330 605 5399 Ἐμοί
636 5329 870 5398 πρῶτον
910 5333 1192 5401 ποίησον,
1246 5335 1346 5390 καί
1402 5337 1536 5390 τότε
1570 5337 1673 5391 σοί
1725 5340 1977 5408 καὶτοῖς

316 5417 579 5483 παιδίοις
630 5434 769 5481 σου,
802 5419 903 5472 οὐκ
950 5420 1325 5492 ἐδυσχέρανεν,
1366 5425 1467 5477 οὐκ
1498 5426 1826 5497 ήμέλλησεν,
1860 5429 1976 5483 ἀλλ’

314 5504 489 5557 ἐποίει
516 5502 575 5556 τὸ
605 5505 916 5576 ἐπιταχθὲν,
950 5508 1278 5564 παιδεύουσα
1302 5512 1510 5575 πάντας
1532 5514 1680 5584 ἡμᾶς
1705 5518 1977 5589 προτιμᾷν

375 5635 402 5665 ⁸
427 5635 571 5687 Cois].
595 5639 673 5687 καὶ
697 5638 818 5691 αὐτὰ
836 5642 1012 5702 λιθίνην
1032 5647 1083 5708 ψ.
1115 5644 1265 5695 Savil.
1292 5646 1375 5693 καὶ
1399 5645 1687 5706 αὐτολιθίνην
1709 5650 1877 5713 ψυχήν.

1142 224 1198 282 S.
1232 223 1515 283 JOANNIS
1551 152 2031 280 ειιιιγεὶετοιιι
2064 216 2381 276 ARCHIEP.
2407 212 2639 273 εοιιετ.

1452 224 1515 282 IS
1551 152 2031 280 εηιιγεὶετοιιι
2064 216 2381 276 ARCHIEP.
2407 210 2949 273 CONSTANTINOP.

3648 209 3741 262 ὅθί

2087 335 2186 405 τῆς
2220 334 2426 398 οἰκείας
2448 332 2808 391 ἀναπαύσεως
2827 326 2955 389 τούς
2985 320 3079 378 τοῦ
3108 321 3246 377 Θεοῦ
3271 321 3518 385 δούλως,
3541 324 3639 375 καὶ
3676 326 3744 392 μὴ

2088 422 2272 485 ἄπλῶς
2309 419 2675 492 παρατρέχειν
2700 415 2770 470 τά
2807 413 3035 468 τοιαῦτα
3074 412 3260 481 κέρδη,
3290 410 3405 464 ἀλλ’
3437 409 3641 464 εἰδέναι
3668 412 3745 463 ὅτι

2086 507 2253 579 πολλὴ
2268 510 2300 580 ή
2317 508 2455 578 ὑπὲρ
2480 504 2683 559 τούτων
2695 504 2831 574 ήμῖν
2845 499 3107 562 ἀντίδοσις
3125 497 3300 551 ἐσται.
3318 500 3461 567 Ὅρα
3482 495 3621 564 γοῦν
3634 497 3745 549 ταύ-

2084 613 2184 665 την
2195 595 2294 665 τὴν
2309 595 2499 664 χήραν,
2521 590 2643 648 ἀντὶ
2658 589 2786 660 μιᾶς
2798 587 2995 658 δρακὸς
3012 585 3243 655 ἀλεύρου
3259 584 3350 639 καὶ
3362 583 3555 652 ὀλίγον
3572 584 3744 637 ἐλαίου

2084 681 2204 747 πῶς
2230 681 2453 752 διηνεκῆ
2486 678 2667 732 ἅλωνα
2693 675 2983 746 ἐκτήσατο.
3033 670 3191 726 Μετά
3241 671 3351 742 γάρ
3376 670 3441 723 τὸ
3476 669 3745 740 τραφῆναι

2083 768 2175 822 τὸν
2208 764 2657 839 προφήτην,οὐτε
2687 764 2723 834 ή
2754 760 2891 833 δράξ
2918 759 3011 814 τοῦ
3036 757 3267 829 ἀλεύρου
3289 756 3606 825 ἐπέλειψεν,
3631 756 3745 809 οὐτε

2082 858 2111 909 0
2131 855 2430 927 καμψάκης
2459 853 2555 907 τοῦ
2585 850 2790 912 ἐλαίου,
2808 850 2988 920 πάσης
3010 848 3109 919 τῆς
3130 847 3232 918 γῆς
3258 844 3405 916 λιμῷ
3441 844 3744 913 διαφθειρο-

2088 942 2276 1013 μένης.
2306 940 2416 996 Καὶ
2464 939 2528 993 τὸ
2553 938 2618 1010 δὴ
2673 936 2983 1006 θαυμαστὸν
3020 935 3115 991 καὶ
3148 934 3475 1004 παράδοξον,
3502 934 3593 986 ὅτι
3635 933 3744 985 ούᾶ

2088 1029 2237 1101 [455]
2278 1027 2491 1100 μόχθων
2510 1026 2679 1080 ἐδεῖτο
2708 1023 2913 1089 λοιπὸν,
2939 1021 3054 1077 ἀλλ’
3080 1016 3223 1092 εἶχεν
3244 1022 3467 1090 ἕτοιμον
3490 1020 3745 1090 διηνεκιξ

2084 1117 2146 1171 τὺ
2168 1117 2397 1188 ἄλευρον
2426 1116 2522 1169 καὶ
2574 1112 2635 1167 τὸ
2680 1112 2880 1178 ἔλαιον,
2919 1112 3015 1165 καὶ
3045 1108 3169 1163 οὐτε
3201 1108 3479 1179 γεωργίας
3501 1107 3743 1179 ἔχρῃζεν,

2084 1204 2209 1259 οὐτε
2242 1205 2341 1275 τῆς
2375 1202 2484 1256 τῶν
2516 1199 2653 1272 βοῶν
2702 1198 3012 1271 συνεργίας,
3062 1195 3184 1251 οὐτε
3221 1195 3419 1266 ἐτέρας
3447 1193 3599 1256 τινος
3637 1194 3744 1245 ἐπι·-

2088 1291 2332 1362 μελείας,
2356 1289 2490 1344 άλλά
2522 1286 2677 1359 παρὰ
2698 1286 2859 1355 φύσιν
2873 1281 2941 1357 ἦν
2965 1284 3089 1340 ἰδεῖν
3108 1284 3325 1339 ἄπαντα
3359 1280 3743 1352 συμϐαίνοντα.

2085 1375 2194 1430 Καὶ
2221 1374 2317 1428 τοῦ
2354 1372 2619 1444 βασιλέως
2650 1369 2745 1424 τοῦ
2768 1370 2829 1423 τὸ
2852 1368 3089 1438 διάδημα
3117 1364 3507 1438 περικειμένου
3539 1365 3600 1417 ἐν
3615 1365 3745 1433 ἀμη-

2084 1462 2247 1535 χανίᾳ
2267 1462 2444 1525 ὄντος,
2473 1460 2569 1513 καὶ
2600 1457 2743 1529 λιμῷ
2757 1454 3223 1527 διαφθειρομένου,
3259 1454 3408 1523 χήρα
3430 1454 3469 1522 ἡ
3497 1450 3746 1521 πενιχρὰ,

2083 1551 2120 1621 ἡ
2144 1550 2361 1605 πάντων
2387 1545 2748 1618 ἐστερημένη,
2776 1543 2967 1614 ἐπειδὴ
2995 1542 3085 1596 τὸν
3108 1542 3395 1612 προφήτην
3432 1538 3743 1601 ὑπεδέξατο.

2084 1638 2143 1689 ἐν
2170 1634 2401 1706 εὐπορίᾳ
2434 1632 2698 1703 ἐτύγχανε
2726 1631 2981 1701 διηνεκεῖ.
3025 1628 3124 1683 Διά
3150 1627 3308 1683 τοῦτο
3341 1627 3441 1681 καὶ
3469 1626 3501 1678 0
3519 1624 3744 1697 Χριστὺς

2083 1723 2299 1791 ἐλεγενε.
2331 1720 2396 1774 '0
2422 1719 2746 1790 δεχόμενος
2760 1716 3074 1787 προφήτην
3091 1716 3179 1782 εἰς
3199 1714 3385 1783 ὄνομα
3416 1710 3743 1781 προφήτου,

2078 1808 2300 1879 μισθὸν
2326 1806 2636 1877 προφήτου
2654 1804 2931 1875 λήψεται.
2955 1799 3107 1865 Εἶδες
3131 1801 3256 1871 χθὲς
3285 1801 3464 1853 οἰωνὸ
3488 1800 3745 1869 πατριάρο

2082 1911 2184 1967 χης
2208 1892 2437 1965 ἠξιώθη,
2493 1890 2687 1961 δαψιλῆ
2735 1891 2833 1961 τὴν
2882 1888 3187 1959 φιλοξενίαν
3211 1883 3633 1955 ἐπιδειξάμενος
3666 1885 3744 1937 καὶ

2085 1981 2225 2053 μετᾶ
2245 1981 2440 2050 πολλῆς
2473 1979 2574 2049 τῆς
2599 1978 2949 2048 θερμότητος
2976 1976 3080 2046 δρα
3107 1974 3200 2029 καὶ
3229 1973 3437 2044 ταύτην
3463 1971 3568 2043 τὴν
3596 1971 3744 2023 Σιδωο

2081 2071 2197 2125 νίαν
2230 2068 2424 2139 ἀθρόον
2446 2066 2674 2121 πλοῦτον
2697 2065 2901 2134 ἄφατον
2927 2061 3294 2133 κτησαμένην.
3314 2061 3380 2113 Ἠ
3393 2060 3511 2131 γάρ
3535 2058 3743 2127 γλῶσσα

2081 2155 2175 2210 τοῦ
2209 2154 2511 2227 προφήτου,
2542 2155 2576 2224 ή
2597 2151 2691 2206 τοῦ
2720 2148 2949 2222 οὐρανοῦ
2970 2150 3068 2212 τὰς
3090 2147 3241 2219 ήνίας
3269 2146 3604 2217 ἐπισχοῦσα,
3623 2144 3743 2215 αὐτη

2080 2240 2175 2296 τοῦ
2202 2240 2432 2313 ἀλεύρου
2460 2240 2556 2312 τὴν
2572 2240 2748 2313 δράκα
2776 2236 3022 2310 πηγάσαι
3050 2235 3295 2306 ἐποίησε,
3320 2234 3417 2289 ταὶ
3442 2232 3543 2287 τοῦ
3576 2232 3743 2286 ἐλαίου

2080 2330 2173 2384 τὸν
2210 2328 2532 2401 καμψάκην.

2153 2494 2220 2561 ζ’.
2260 2494 2472 2567 Ταύτην
2497 2493 2698 2558 πάντες
2719 2492 3090 2565 μιμείσθωσαν
3109 2492 3204 2546 καὶ
3227 2490 3423 2562 ἄνδρες
3448 2490 3549 2543 καὶ
3576 2491 3739 2559 γυναῖ-

2082 2601 2197 2649 κες.
2232 2583 2379 2653 Ἐγὼ⁴
2417 2584 2514 2654 μὲν
2548 2582 2657 2653 γὰρ
2708 2580 3008 2653 ἐϐουλόμην
3058 2580 3137 2643 εἰς
3181 2578 3272 2632 τὸν
3313 2576 3411 2631 τοῦ
3474 2578 3745 2649 προφήτου

2083 2672 2243 2743 ζῆλον
2268 2671 2412 2742 ὑμᾶς
2438 2670 2747 2739 ἐναγαγεῖν,
2769 2669 2863 2722 καὶ
2890 2667 2991 2737 τῆς
3010 2666 3211 2738 ἀρετῆς
3231 2665 3329 2737 τὴν
3354 2665 3616 2736 μίμησιν
3645 2664 3746 2718 cur

2082 2759 2270 2832 ἐπειδὴ
2295 2758 2452 2813 τοῦτο
2470 2757 2774 2829 ὑπέρογκον
2803 2757 2833 2809 ὑ
2840 2757 2930 2827 μῖν
2956 2756 3102 2809 δοκεῖ
3120 2751 3278 2819 εἶναι,
3296 2753 3483 2807 καίτοι
3506 2754 3746 2814 κάκεῖνος

2083 2848 2367 2919 ἄνθρωπος
2398 2840 2487 2918 ἦν,
2522 2845 2616 2899 καὶ
2644 2844 2825 2915 σάρκα
2866 2841 3172 2913 περιέκειτο
3204 2839 3389 2904 καθὼς
3430 2842 3532 2895 καὶ
3572 2842 3744 2911 ﬁll-Ek.

2083 2935 2296 3006 καὶτῆς
2324 2933 2496 3003 αὐτῆς
2519 2933 2649 3003 ἡμῖν
2679 2932 2893 3002 μετεῖχε
2912 2929 3145 2999 φύσεως·
3164 2927 3278 2982 ἀλλ’
3294 2926 3491 2999 ἐπειδὴ
3524 2928 3597 2982 τὰ
3625 2927 3745 2994 παρ’

2085 3022 2280 3079 ἑαυτοῦ
2309 3019 2447 3093 μετά
2475 3018 2754 3090 δαψιλείας
2782 3018 3090 3089 εἰσήνεγκε,
3122 3013 3219 3069 καὶ
3246 3015 3346 3086 τὴν
3377 3015 3593 3085 ἀρετὴν
3626 3014 3746 3067 εἴλε-

2083 3130 2163 3179 το,
2196 3110 2399 3182 ήξιώθη
2424 3110 2516 3164 καὶ
2538 3110 2636 3180 τῆς
2667 3106 2874 3162 ἄνωθεν
2905 3106 3143 3177 χάριτος⁸
3182 3104 3321 3157 ἀλλὰ
3346 3104 3496 3167 τέως
3525 3102 3634 3158 κᾶν
3663 3106 3748 3172 τὴν

2083 3199 2319 3267 γυναῖκα
2345 3196 2550 3267 ταύτην
2579 3191 2970 3267 μιμηοώμεθα,
3026 3192 3121 3246 καὶ
3173 3191 3298 3245 τότε
3348 3191 3500 3245 κατᾶ
3563 3190 3748 3262 μικρὸν

2082 3285 2285 3357 ἥξομεν
2309 3284 2403 3338 καὶ
2429 3282 2521 3337 ἐπὶ
2548 3282 2643 3353 τὴν
2659 3280 2752 3336 τοῦ
2784 3281 3060 3351 προφήτου
3081 3278 3333 3350 μίμησιν.
3362 3278 3748 3348 Μιμησπώμεθα

2082 3373 2261 3427 τοίνυν
2295 3372 2395 3443 τὴν
2420 3370 2622 3439 ταύτης
2653 3369 2978 3440 φιλοξενίαν,
3010 3367 3105 3421 καὶ
3128 3366 3318 3439 μηδεὶς
3351 3366 3549 3419 λοιπὸν
3574 3366 3749 3418 πενίαν

2084 3444 2493 3530 προϐαλλέσθω.
2521 3450 2644 3521 Οίος
2670 3457 2776 3527 γλρ
2810 3456 2876 3510 ἂν
2976 3454 3166 3524 πένης,
3209 3454 3307 3507 οὐκ
3337 3455 3405 3507 ἂν
3428 3453 3525 3525 εἴη
3562 3453 3749 3521 ταύτης

2083 3545 2426 3617 πενέστερος,
2442 3544 2476 3614 ἢ
2509 3546 2642 3615 πρὸς
2663 3543 2792 3614 μίαν
2816 3544 3030 3614 ἡμέραν
3059 3543 3215 3614 μόνον
3234 3540 3512 3610 ἐκέκτητο
3531 3542 3748 3612 τροφὴν,

2084 3632 2179 3685 καὶ
2202 3632 2323 3687 οὐδὲ
2350 3631 2522 3695 οὕτως
2555 3629 2887 3702 ὀκνηροτέρα
2914 3630 3103 3699 γέγονε
3129 3628 3256 3704 περὶ
3280 3628 3379 3700 τὴν
3410 3628 3516 3682 τοῦ
3550 3630 3746 3683 δικαὲου

2083 3719 2320 3793 αἴτησιν,
2351 3719 2487 3773 άλλά
2518 3717 2685 3790 πολλῇ
2734 3721 2800 3791 τῇ
2837 3718 3113 3791 προθυμίᾳ
3160 3717 3495 3789 χρησαμένη
3540 3720 3747 3788 ταχεῖαν

2084 3809 2182 3879 τὴν
2214 3808 2445 3879 ἀμοιϐὴν
2474 3805 2785 3876 ἐκομίσατο.
2812 3806 3048 3859 Τοιαῦτα
3066 3806 3173 3877 γὰρ
3205 3804 3271 3859 τά
3304 3805 3463 3876 παρὰ
3484 3805 3585 3858 τοῦ
3605 3804 3743 3858 Θεοῦ.

2099 3895 2245 3950 Ἀντὶ
2285 3893 2497 3966 μικρῶν
2538 3893 2658 3958 ἐθος
2700 3893 2851 3964 αὐτῷ
2894 3894 3107 3964 μεγάλα
3146 3893 3465 3964 δωρεῖσθαι.
3524 3894 3595 3946 Τί
3632 3894 3747 3963 γὰρ,

2083 3981 2205 4036 εἰπέ
2240 3999 2354 4052 μοι,
2389 3978 2640 4033 τοσοῦτον
2666 3979 3003 4049 εἰσήνεγκεν,
3031 3980 3154 4034 ὅσον
3181 3979 3518 4049 ἐκομίσατο;
3566 3978 3704 4031 Ἀλλ’
3725 3982 3749 4031 0

2082 4069 2357 4139 Δεσπότης
2385 4068 2412 4121 0
2435 4068 2702 4140 ἡμέτερος
2742 4068 2802 4121 οὐ
2832 4070 2899 4139 τῇ
2936 4068 3192 4138 ποσότητι
3218 4066 3517 4138 προσέχειν
3546 4069 3748 4130 εἴωθεν,

2081 4158 2216 4214 ἀλλά
2248 4160 2314 4228 τῇ
2337 4155 2589 4227 δαψιλείᾳ
2620 4155 2717 4227 τῆς
2750 4155 2995 4226 γνώμης,
3032 4156 3125 4209 καὶ
3162 4154 3269 4208 ἀπὸ
3296 4154 3513 4225 ταύτης
3556 4159 3655 4209 καὶ
3691 4156 3750 4209 τὰ

2086 4246 2260 4318 μικρὰ
2288 4244 2502 4316 μεγάλα
2524 4244 2757 4314 γίνεται,
2801 4245 2895 4297 καλ⁸
2927 4244 2996 4297 τὰ
3050 4243 3259 4313 μεγάλα
3306 4242 3580 4307 πολλάκις
3611 4243 3751 4309 ὲξευ·

2079 4335 2371 4399 τελίζεται,
2408 4334 2537 4386 ὅταν
2586 4330 2661 4402 μὴ
2700 4332 2863 4403 ίλαρᾷ
2890 4333 2956 4402 τῇ
3003 4330 3279 4403 προθυμίᾳ
3309 4331 3647 4401 ἐπιτελῆται
3693 4332 3751 4383 τὰ

2081 4423 2359 4492 γινόμενα.
2400 4419 2500 4472 Διὰ
2523 4418 2681 4473 τοῦτο
2708 4419 2804 4473 καὶ
2828 4420 2860 4490 ή
2882 4421 3026 4491 χήρα
3051 4419 3231 4489 ἐκείνη
3260 4420 3368 4489 ήέν
3389 4419 3475 4490 τῷ
3502 4420 3747 4490 Εὐαγγε-

2080 4510 2200 4581 λίῳ,
2239 4507 2449 4562 πολλῶν
2479 4506 2649 4561 πολλὰ
2700 4505 2969 4577 βαλόντων
3001 4508 3057 4559 ἐν
3106 4506 3184 4577 τῷ
3213 4506 3634 4580 γαζοφυλακίῳ,
3664 4508 3749 4562 δίο

2080 4596 2252 4652 λεπτά
2313 4594 2550 4666 βαλοῦσα
2615 4594 2823 4658 πάντας
2881 4593 3338 4666 ὑπερηκόντισεν,
3391 4594 3500 4647 οὐκ
3560 4597 3747 4663 ἐπειδὴ

2081 4684 2300 4737 πλείονα
2321 4683 2427 4736 τῶν
2449 4683 2620 4737 ἄλλων
2647 4681 2859 4746 ἔϐαλεν,
2901 4681 3017 4735 ἀλλ’
3044 4682 3126 4736 ὅτι
3158 4681 3351 4752 δαψιλῆ
3376 4682 3479 4751 τήν
3519 4684 3746 4752 γνώμην

2081 4772 2487 4837 ἐπεδείξατο.οί
2516 4770 2615 4841 μὲν
2634 4770 2743 4842 γὰρ
2765 4770 2933 4834 ἄλλοι,
2962 4769 3146 4840 φησὶν,
3181 4771 3243 4823 ἐκ
3263 4769 3356 4822 τοῦ
3385 4770 3745 4841 «59:36:00»;-

2080 4878 2170 4924 τος
2190 4859 2374 4921 αὐτοῖς
2404 4857 2559 4910 τοῦτο
2574 4856 2812 4910 ἐποίουν·
2846 4855 2986 4927 αὐτη
3015 4855 3071 4908 δὲ
3094 4854 3304 4910 ἅπαντα
3340 4854 3487 4928 ἅπερ
3517 4857 3753 4925 ἐκέκτηο

2080 4966 2141 5003 το
2180 4946 2390 5000 ἔϐαλεν.
2423 4944 2584 4999 Ὀλον
2618 4944 2726 5016 γὰρ
2771 4944 2861 4997 τὸν
2904 4943 3017 5014 βίον
3067 4943 3238 5013 αὐτῆς
3269 4942 3450 4997 ἔϐαλε.
3488 4945 3619 4997 Κᾶν
3664 4946 3751 5007 τᾶς

2081 5038 2341 5105 γυναῖκας
2368 5032 2738 5106 μιμησώμεθα
2763 5034 2811 5085 οἰ
2842 5032 3050 5104 ἄνδρες,
3076 5032 3168 5085 καὶ
3191 5031 3264 5103 μὴ
3286 5030 3548 5096 ἐλάττους
3571 5035 3747 5086 αὐτῶν

2080 5124 2354 5195 ὀφθῶμεν,
2386 5120 2524 5177 ἀλλά
2547 5120 2936 5191 σπουδάσωμεν
2967 5120 3041 5191 μὴ
3071 5119 3225 5190 μόνον
3253 5118 3387 5190 πρὸς
3416 5119 3521 5189 τὴν
3543 5122 3749 5173 οἰκείαν

2080 5212 2383 5265 ἀπόλαυσιν
2411 5210 2591 5262 πᾶσαν
2624 5208 2723 5279 τήν
2773 5207 2958 5260 οὐσίαν
2991 5206 3424 5270 καταναλίσκειν,
3463 5206 3609 5260 ἀλλὰ
3667 5208 3751 5260 καὶ

2080 5299 2189 5353 τῶν
2210 5297 2477 5369 δεομένων
2508 5296 2707 5367 πολλὴν
2732 5295 2999 5348 ποιεῖσθαι
3025 5294 3297 5365 πρόνοιαν,
3320 5294 3416 5347 καὶ
3446 5294 3596 5364 μετὰ
3626 5313 3751 5366 προ-

2083 5383 2282 5454 θυμίας
2334 5382 2426 5436 καὶ
2473 5381 2827 5452 φαιδρότητος
2856 5378 3012 5431 τοῦτο
3045 5380 3235 5433 ποιεῖν.
3260 5378 3371 5432 Καὶ
3584 5382 3701 5447 γὰρ
3728 5381 3750 5431 0

2085 5469 2328 5542 γεωργὸς
2362 5472 2441 5534 εἰς
2462 5470 2560 5540 τὴν
2588 5468 2691 5538 γῆν
2718 5464 3070 5522 καταϐάλλων
3095 5464 3165 5519 τά
3184 5465 3501 5535 σπέρματα,
3522 5467 3588 5520 οὐ
3616 5466 3747 5538 μετᾶ

2085 5560 2446 5630 στυγνότητος
2481 5556 2636 5612 τοῦτο
2690 5556 3004 5627 ἐργάζεται,
3044 5554 3179 5609 ἀλλὰ
3211 5556 3416 5625 χαίρων
3448 5557 3548 5609 καὶ
3582 5572 3746 5624 γεγη-

2093 5649 2219 5713 θὼς,
2252 5650 2343 5703 καὶ
2373 5649 2471 5716 ἤδη
2504 5649 2567 5717 τῇ
2607 5642 2901 5717 προσδοκίᾳ
2940 5642 3009 5697 τὰ
3034 5643 3319 5715 δράγματα
3348 5642 3575 5713 βλέπειν
3602 5646 3744 5717 νομέα
