3750 6258
110 269 203 328 393

170 366 219 423 6.
257 361 438 434 igitur,
456 362 672 431 dilecte,
695 362 908 435 quando
923 361 1122 420 videris
1143 363 1317 419 virum
1339 360 1432 416 vili
1454 367 1680 416 externo

110 455 275 511 habitu
314 455 587 523 vestitum,
640 457 837 511 virtute
868 470 999 512 vero
1028 454 1355 511 intrinsecus
1400 452 1678 518 amictum,

108 565 166 603 ne
185 547 321 604 hunc
346 548 687 617 vilipenderis
726 556 941 619 propter
990 547 1044 602 id
1095 545 1238 618 quod
1283 552 1505 616 apparet
1538 560 1553 596 :
1584 541 1680 598 sed

106 645 281 698 anima:
332 642 548 698 divitias
573 642 741 709 disce,
776 652 833 698 et
860 643 1124 698 internam
1179 639 1428 712 gloriam,
1471 646 1525 692 et
1552 644 1679 691 tunc

108 733 294 788 videbis
312 734 548 804 undique
580 734 868 805 fulgentem
886 734 1160 788 virtutem.
1188 730 1332 786 Talis
1354 736 1473 785 erat
1492 729 1679 783 beatus

106 827 255 892 Elias,
281 826 372 896 qui
412 826 668 882 melotem
700 836 904 881 tantum
945 824 1160 890 habuit;
1213 832 1270 880 et
1309 822 1400 893 qui
1441 833 1676 892 purpura

103 916 314 972 vestitus
352 924 468 971 erat
493 914 699 982 Achab,
733 916 876 971 illius
905 914 1103 971 melote
1143 912 1435 983 indigebat.
1488 908 1677 966 Vidisti

103 1005 289 1063 Achabi
319 1005 574 1076 inopiam,
607 1006 738 1062 Elia:
780 1016 958 1062 autem
972 1004 1223 1061 divitias?
1268 1002 1401 1059 Vide
1426 1010 1481 1058 et
1503 1016 1677 1071 quan-

104 1109 203 1154 tum
228 1106 490 1167 potestate
531 1098 753 1154 distent.
801 1097 1000 1153 Melcte
1040 1096 1200 1168 hujus
1228 1095 1418 1151 caelum
1463 1092 1674 1159 clausit,

103 1174 386 1260 pluviarum
444 1187 764 1245 descensum
821 1188 1080 1253 inhibuit;
1144 1187 1324 1258 lingua
1399 1182 1674 1255 pr0phet:e

102 1282 297 1337 frenant
341 1281 439 1337 fuit
492 1283 647 1350 caelo,
675 1282 939 1353 annisque
983 1282 1155 1336 tribus
1178 1288 1235 1335 et
1261 1293 1356 1334 sex
1400 1275 1677 1333 mensibus

102 1371 261 1442 pluvia
294 1388 399 1426 non
424 1370 519 1428 fuit
545 1391 559 1428 :
590 1373 679 1428 ille
705 1381 909 1440 autem,
954 1387 1186 1443 purpura
1206 1372 1435 1425 amictus
1458 1377 1515 1425 et
1554 1368 1674 1423 dia-

92 1466 294 1531 demate
324 1465 623 1534 redimitus,
662 1466 978 1522 circumibat
1018 1477 1266 1535 quaerens
1314 1461 1628 1533 prophetam
1653 1499 1671 1527 ,

98 1567 149 1615 ct
195 1556 322 1611 nihil
366 1557 496 1612 lucri
526 1572 591 1612 ex
634 1566 778 1613 tanta
815 1567 1075 1628 potestate
1105 1555 1352 1613 habebat.
1405 1554 1671 1611 Cancrum

99 1649 208 1707 vide
235 1649 443 1704 Domini
463 1650 822 1706 clementiam.
851 1650 983 1717 Quia
1007 1648 1137 1702 vidit
1161 1646 1474 1716 prophetam
1506 1644 1674 1699 multo

98 1746 200 1799 telo
214 1751 266 1796 et
288 1740 495 1798 fervore
524 1742 747 1810 moveri,
769 1751 824 1798 et
840 1755 1082 1811 magnam
1103 1741 1240 1794 hanc
1265 1752 1477 1809 poenam
1491 1736 1673 1792 inferri

93 1843 264 1890 contra
297 1840 461 1888 totam
488 1842 708 1899 terram,
728 1849 797 1889 ne
823 1840 878 1889 et
923 1831 1037 1902 ipse
1060 1830 1221 1886 simul
1271 1829 1325 1884 in
1354 1825 1672 1898 supplicium

96 1926 343 1984 incideret
365 1940 488 1980 cum
544 1925 671 1993 illis,
716 1934 772 1981 et
803 1939 989 1980 eorum
1010 1921 1258 1994 nequitiae
1288 1935 1472 1991 pceuas
1496 1917 1670 1984 daret,

93 2017 211 2074 dicit
234 2017 283 2073 ei
311 2033 326 2071 :
356 2016 541 2089 Surge,
565 2027 615 2073 et
651 2018 779 2072 vade
821 2019 873 2071 in
911 2017 1133 2086 Sarepta
1176 2013 1526 2071 Sidoniorum.
1552 2008 1673 2064 Illic

93 2112 213 2164 enim
244 2111 537 2181 principium
562 2108 765 2165 mulieri
779 2107 960 2173 vidule,
984 2117 1038 2161 ut
1054 2116 1103 2161 te
1124 2113 1317 2177 pascat.
1341 2103 1408 2159 Et
1431 2102 1669 2166 surrexit,

94 2213 135 2262 rt
145 2203 256 2257 abiit
273 2205 353 2273 (5.
375 2203 498 2274 Reg.
520 2203 605 2259 l7.
619 2199 935 2273 ἕλω).νὶόο
945 2199 1175 2272 Spiritus
1196 2198 1441 2271 gratiam,
1457 2194 1670 2250 dilecte.

95 2295 291 2351 Etenim
318 2305 373 2351 et
403 2294 515 2351 heri
533 2294 687 2350 nobis
718 2302 859 2350 totus
889 2308 1068 2349 sermo
1093 2292 1235 2348 circa
1256 2286 1670 2360 hospitalitatem

94 2388 383 2457 insutnptus
410 2396 511 2453 est,
550 2396 605 2443 et
630 2386 789 2443 hodie
830 2385 1107 2457 hospitalis
1132 2383 1235 2440 ista
1263 2382 1419 2439 vidua
1452 2380 1528 2453 (α)
1554 2393 1672 2435 scr-

94 2494 293 2537 tnonetu
348 2490 587 2537 nostrum
617 2481 924 2550 complebit.
961 2479 1029 2535 Et
1057 2479 1212 2547 venit,
1261 2477 1463 2548 inquit,
1492 2475 1563 2529 ad
1597 2475 1673 2529 vi-

93 2574 255 2639 duam,
278 2584 329 2628 et
356 2573 540 2629 invenit
576 2590 687 2628 eam
708 2574 1026 2645 colligentem
1046 2572 1208 2643 ligna,
1236 2580 1283 2626 et
1315 2570 1439 2625 dicit
1466 2569 1513 2623 ei
1539 2584 1559 2621 :
1588 2567 1673 2622 Da

93 2666 205 2719 mihi
241 2682 422 2736 parum
444 2681 608 2734 aquai,
638 2676 684 2720 ct
715 2666 898 2720 bibam.
931 2665 1022 2720 Illa
1071 2662 1325 2719 obedivit.
1364 2662 1426 2715 Et
1453 2661 1584 2715 dixit
1604 2659 1673 2713 ad

90 2778 191 2822 pinu
210 2760 390 2813 iterum
415 2778 432 2813 :
457 2758 561 2813 Fac
580 2760 704 2815 mihi
752 2759 1110 2814 subciuericios
1150 2774 1325 2829 panes,
1346 2766 1391 2811 ct
1412 2755 1672 2811 comedam

91 2852 252 2919 (Ibid.
283 2869 332 2906 υ.
387 2854 505 2926 ιι).
563 2853 651 2910 illa
699 2867 824 2908 vero
868 2862 1048 2922 postea
1093 2850 1292 2920 detegit
1334 2847 1672 2902 immodicam

92 2958 229 2999 suam
242 2954 556 3014 egestatem,
576 2944 683 2998 imo
699 2942 1083 2999 inenarrabiles
1094 2938 1516 3009 divitiasblagna
1529 2940 1670 2994 enim

92 3045 364 3103 paupertas
394 3035 592 3091 indicat
623 3035 929 3092 divitiarum
966 3033 1107 3089 illius
1132 3030 1570 3103 magnitudinem.
1605 3029 1673 3084 Et

90 3129 247 3182 dicit:
278 3128 404 3183 Non
439 3139 513 3184 cst
551 3129 752 3183 ancilla:
778 3139 878 3183 tua:
900 3128 999 3182 uisi
1042 3128 1263 3199 pugillus
1285 3127 1488 3195 furium,
1510 3135 1674 3195 etpa-

92 3237 194 3273 rum
212 3222 308 3274 olei
334 3222 386 3274 in
412 3221 680 3290 amphora.
708 3232 755 3275 et
782 3220 1098 3276 comedenms
1127 3236 1218 3290 ego
1239 3230 1285 3273 et
1316 3220 1481 3289 pueri,
1497 3226 1543 3272 et
1560 3235 1672 3272 mo-

91 3312 267 3365 riemur
299 3312 464 3382 (Ibid.
509 3328 557 3365 υ.
590 3312 703 3383 12).
746 3312 1063 3369 Miserabilia
1099 3311 1259 3367 verba
1284 3351 1299 3375 ,
1338 3326 1459 3380 qua:
1502 3309 1671 3381 ipsam

91 3406 343 3475 lapideam
376 3407 607 3462 animam
662 3406 934 3462 inﬂectere
963 3416 1199 3475 possent.
1250 3404 1403 3459 Nulla
1451 3404 1674 3474 posthac

92 3498 235 3552 nobis
270 3513 397 3569 spes
443 3499 647 3553 salutis.
680 3498 822 3553 Mors
853 3500 903 3553 in
948 3496 1153 3553 foribus
1190 3506 1293 3553 est.
1346 3496 1459 3552 lloc
1499 3497 1671 3551 solum

91 3594 233 3649 nobis
263 3595 511 3651 relictum
560 3604 642 3650 cst
671 3594 739 3649 ad
770 3595 953 3661 vitam,
988 3594 1127 3665 quod
1154 3595 1241 3648 vix
1285 3593 1515 3649 sufﬁciet
1541 3593 1672 3648 mihi

91 3695 138 3738 et
164 3686 415 3755 puerulis.
442 3685 498 3741 Id
519 3685 664 3757 quod
679 3696 794 3742 erat
820 3687 873 3741 in
900 3702 1018 3741 mea
1046 3694 1309 3755 potestate
1331 3684 1450 3748 feci;
1480 3700 1672 3754 aquam

88 3780 491 3834 eonnnunicavi.
524 3779 722 3835 Verum
764 3788 824 3835 ut
849 3779 1118 3834 discamus
1145 3788 1199 3833 et
1227 3778 1465 3833 mulieris
1488 3777 1673 3847 hospi-

90 3874 360 3940 talitatem,
395 3884 449 3929 et
472 3874 599 3943 justi
628 3888 876 3944 magnam
921 3873 1204 3939 ﬁduciam,
1236 3871 1359 3927 vide
1396 3870 1521 3942 quid
1560 3871 1669 3925 fiat.

90 3965 181 4020 Ubi
214 3967 474 4038 propheta
519 3967 800 4039 diligenter
836 3966 949 4021 ha‘c
977 3964 1155 4020 omnia
1176 3965 1379 4028 didicit,
1428 3974 1484 4019 ut
1526 3964 1674 4019 dcte-

88 4068 231 4126 grrrt
253 4059 410 4114 nobis
435 4060 683 4114 virtutem
713 4058 949 4115 mulieris
974 4058 1117 4131 (nam
1152 4058 1292 4113 Deus
1319 4057 1409 4128 qui
1436 4057 1670 4111 dixerat:

94 4148 315 4222 l’ra'cepi
341 4149 567 4219 mulieri,
588 4160 641 4204 ut
663 4159 711 4204 te
734 4159 910 4221 pascat
931 4149 1094 4219 (Ibid.
1115 4166 1162 4204 υ.
1195 4149 1277 4221 9),
1312 4150 1424 4218 ipse
1442 4156 1559 4203 erat
1582 4147 1675 4216 qui

91 4250 207 4297 tunc
250 4258 350 4311 per
381 4228 691 4312 prophetam
715 4243 1037 4311 cperabatur
1056 4246 1095 4312 ),
1125 4240 1253 4296 dicit
1276 4240 1325 4295 ei
1356 4253 1370 4293 :
1405 4238 1515 4292 Fac
1548 4238 1675 4291 mihi

90 4336 321 4401 primum,
352 4344 401 4388 et
419 4333 699 4401 comedam,
728 4344 773 4388 et
794 4344 912 4389 tunc
936 4334 1057 4402 ﬁliis
1082 4335 1200 4388 tuis.
1227 4333 1441 4394 Audite.
1479 4333 1673 4387 mulie-

92 4441 189 4492 res,
216 4443 336 4497 qua:
362 4426 563 4480 divitiis
591 4425 831 4492 allluitis,
864 4434 917 4480 et
943 4425 995 4479 in
1026 4424 1194 4480 multa
1232 4425 1437 4479 inutilia
1470 4435 1675 4480 vestras

92 4517 367 4573 facultates
397 4517 685 4585 insumitis,
713 4532 776 4572 ac
814 4527 934 4587 post
981 4517 1067 4571 illa
1098 4518 1275 4571 omnia
1319 4516 1455 4571 duos
1489 4517 1677 4571 obolos

92 4608 465 4679 indigentibus,
490 4611 573 4666 vel
588 4610 704 4665 viro
728 4612 958 4680 cuipiam
983 4610 1181 4664 virtute
1208 4610 1431 4680 prwdito
1458 4622 1677 4681 propter

96 4700 252 4755 Deum
274 4718 469 4773 egeno,
503 4702 812 4773 impendere
857 4718 963 4757 non
992 4703 1172 4758 vultis.
1204 4702 1307 4757 Ista
1337 4711 1515 4758 autem
1542 4704 1678 4759 nihil

92 4792 274 4846 iturum
295 4795 597 4864 possidens,
623 4796 717 4851 sed
742 4805 942 4850 tantum
967 4796 1220 4866 pugillmn
1238 4795 1445 4861 farinaz,
1472 4806 1520 4851 et
1550 4811 1680 4866 pau-

94 4886 139 4939 lo
180 4900 296 4957 post
339 4890 632 4944 secundum
665 4905 813 4943 suam
841 4890 1147 4960 opinionem
1180 4890 1407 4944 ﬁliorum
1451 4899 1679 4944 mortem

93 4992 411 5049 spectatura,
447 4994 501 5037 ut
526 4983 729 5037 audivit
749 5000 781 5039 a
812 4983 1068 5054 propheta
1099 5002 1113 5037 :
1150 4982 1258 5036 Fac
1282 4983 1408 5037 mihi
1433 4983 1676 5053 primunt,

91 5086 133 5127 et
162 5086 277 5130 tunc
309 5078 400 5130 tibi
429 5086 475 5130 et
507 5076 729 5146 puerulis
761 5078 859 5130 tuis
887 5092 906 5130 :
934 5092 1040 5130 non
1070 5091 1211 5146 :rgre
1237 5076 1375 5141 tulit,
1408 5090 1514 5129 non
1544 5090 1677 5129 cun-

92 5177 225 5219 ctata
269 5179 376 5233 est,
427 5169 521 5224 sed
565 5169 687 5223 fecit
714 5169 969 5238 imperata
999 5186 1013 5223 :
1042 5168 1296 5223 erudiens
1330 5182 1521 5222 omnes
1559 5181 1679 5232 nos,

96 5260 457 5328 prmlerendos
479 5272 674 5315 nostra:
704 5260 1076 5316 refocillationi
1106 5273 1293 5314 servos
1325 5259 1418 5314 Dei
1452 5275 1466 5312 :
1496 5266 1679 5315 etnon

96 5363 294 5407 temere
318 5353 440 5407 talia
461 5355 602 5407 lucra
624 5351 1010 5422 prmterennda,
1027 5351 1123 5407 sed
1144 5348 1679 5406 attendendummul-

98 5455 196 5499 lant
228 5446 356 5502 hinc
382 5447 535 5501 nobis
567 5447 794 5501 futuram
838 5459 959 5500 esse
996 5443 1322 5499 mercedem.
1356 5442 1490 5498 Vide
1522 5441 1682 5512 igitur

156 5603 229 5664 (a)
264 5613 396 5655 Itane
416 5613 721 5669 Sarcptanam
760 5598 1681 5670 viduantpluribus__celebrat_Chryso-

98 5661 277 5774 Evam...-
302 5676 447 5736 Tetuo
472 5661 703 5731 ltt'sujt‘a
729 5681 773 5714 tu
806 5661 1005 5732 llottiilta
1029 5664 1091 5714 de
1124 5662 1257 5714 llelia
1300 5670 1349 5713 et
1390 5661 1530 5712 vidua
1561 5664 1684 5713 circa

128 5742 253 5778 .lL‘IIIo

128 5743 253 5778 .lCIuo

1088 263 1152 325 IN
1188 261 1344 320 car.
1388 258 1574 339 xvtn.
1612 258 1862 319 cenes.
1907 256 2140 320 HOMIL.
2184 263 2345 321 XLII.

3271 275 3376 331 ὄθὸ

1788 359 1929 414 hanc
1955 359 2203 425 viduam,
2245 375 2344 431 pro
2381 361 2577 433 pugillo
2596 361 2816 431 farinae,
2880 372 2938 421 et
2975 366 3211 436 pauxillo
3255 370 3378 426 oleo

1780 449 2056 519 quomodo
2078 461 2394 522 perpetuum
2431 452 2682 510 horreum
2730 455 2832 511 sibi
2861 460 3253 527 comparaverit
3304 462 3376 531 (5

1784 543 1916 615 Reg.
1946 544 2036 602 17.
2060 546 2169 615 14)-
2195 545 2329 602 Nam
2356 558 2636 619 postquam
2664 551 2806 621 pavit
2832 553 3145 622 prophetam
3162 597 3178 620 ,
3201 571 3377 627 neque

1786 634 2013 704 pugillus
2036 634 2223 693 larium
2246 638 2459 703 defecit,
2497 656 2672 711 neque
2697 643 2955 713 amphora
2998 645 3126 711 olei,
3150 661 3271 702 cum
3294 650 3375 703 in-

1785 726 1941 781 terim
1968 725 2107 782 fame
2137 737 2278 783 terra
2313 732 2488 787 omnis
2520 744 2949 792 consumeretur.
2981 737 3075 792 Est
3103 748 3279 794 autem
3320 751 3375 796 ct

1783 815 1887 873 hoc
1913 817 2225 875 admirabile
2257 829 2312 875 et
2348 822 2669 892 stupendum
2715 840 2834 880 eam
2884 841 3055 897 neque
3100 829 3374 886 laboribus

1782 915 1965 976 postea
1992 922 2129 978 opus
2153 909 2438 976 habuisse,
2469 912 2561 968 sed
2599 923 2841 983 paratum
2900 928 3158 988 perpetuo
3208 921 3373 978 fuisse

1781 996 2006 1053 farinam
2060 1008 2115 1055 et
2154 1001 2354 1070 oleum,
2392 1012 2448 1059 et
2488 1019 2663 1075 neque
2693 1007 3013 1078 agricultura
3060 1011 3370 1084 indiguisse,

1781 1104 1959 1160 neque
2002 1089 2166 1148 boum
2216 1096 2634 1164 cooperatione,
2688 1113 2864 1169 neque
2910 1101 3017 1155 ulla
3064 1102 3170 1158 alia
3205 1121 3369 1173 cura;

1780 1182 1877 1237 sed
1902 1182 2082 1240 videre
2110 1194 2227 1241 erat
2273 1188 2454 1242 omnia
2485 1199 2679 1258 prmter
2732 1201 2978 1248 naturam
3024 1198 3259 1253 evenire.
3303 1201 3373 1258 Et

1779 1288 1900 1328 cum
1947 1290 2064 1343 rex,
2096 1277 2184 1347 qui
2224 1293 2477 1335 coronam
2503 1283 2675 1351 capite
2699 1284 2962 1353 gestabat,
2989 1289 3179 1344 anxius
3204 1300 3370 1363 esset,

1770 1374 1835 1425 ct
1882 1364 2024 1422 fame
2064 1367 2368 1437 laboraret,
2415 1370 2571 1441 inops
2609 1372 2764 1427 vidua
2803 1374 3053 1431 omnibus
3092 1379 3368 1449 destituta,

1778 1454 1901 1524 quia
1925 1457 2238 1526 prophetam
2256 1471 2586 1530 susceperat,
2612 1464 2667 1516 in
2697 1472 3005 1534 perpetuam
3028 1471 3170 1524 venit
3197 1470 3370 1527 abun-

1778 1543 2034 1600 dantiam.
2064 1547 2353 1618 Propterea
2382 1561 2437 1605 et
2455 1551 2702 1607 Christus
2716 1553 2927 1609 dicebat
2957 1574 2970 1610 :
3003 1557 3105 1624 Qui
3129 1577 3363 1631 suscepe-

1777 1636 1842 1690 rit
1880 1639 2177 1707 prophetam
2222 1640 2275 1693 in
2316 1642 2518 1696 nomine
2536 1643 2817 1713 prophetae,
2844 1650 3120 1703 mercedem
3147 1656 3368 1723 prophe—

1779 1738 1845 1784 ιω
1870 1731 2076 1803 recipiet
2107 1730 2322 1805 (Matth.
2356 1727 2775 1799 10.“).Vidisti
2789 1733 2901 1791 heri
2917 1739 3045 1807 quid
3064 1745 3363 1811 patriarcha

1777 1825 2034 1882 meruerit
2057 1824 2206 1897 larga
2232 1841 2331 1883 sua
2362 1825 2725 1899 hospitalitate
2777 1837 2833 1882 et
2848 1828 3048 1884 fervida
3069 1830 3362 1889 alacritate:

1776 1908 1899 1966 vide
1922 1920 1975 1967 et
2005 1927 2147 1968 nunc
2176 1914 2312 1969 hanc
2339 1914 2616 1972 Sidoniam
2646 1929 2868 1989 repente
2890 1920 3131 1991 ingentes
3154 1924 3368 1982 divitias

1777 2004 2159 2073 possidentem.
2180 2005 2381 2078 Lingua
2398 2010 2539 2064 enim
2557 2011 2833 2083 prophetae
2852 2029 2970 2082 qua:
2988 2016 3103 2069 cadi
3132 2015 3367 2076 habenas

1775 2096 2173 2164 moderabatur,
2201 2100 2325 2155 fecit
2352 2110 2409 2157 ut
2434 2101 2620 2158 farina:
2641 2104 2869 2175 pugillus
2894 2115 2949 2162 et
2973 2108 3078 2164 olei
3103 2111 3362 2182 amphora

1772 2187 1971 2258 jugiter
2021 2192 2358 2248 seaturirent.

1848 2283 1902 2338 7.
1946 2282 2165 2339 Moralis
2194 2286 2571 2341 exhortatio.-—
2592 2288 2741 2346 lianc
2789 2305 2980 2348 omnes
3012 2294 3291 2352 imitentur
3312 2308 3368 2354 ct

1775 2376 1876 2432 viri
1903 2385 1959 2433 ct
1980 2378 2252 2434 mulieres.
2282 2379 2397 2451 Ego
2417 2382 2630 2450 quidem
2658 2384 2849 2439 vellem
2878 2401 2974 2442 vos
2996 2387 3062 2442 ad
3093 2390 3367 2459 propheta:

1774 2470 1969 2536 zelum,
1998 2481 2051 2526 et
2072 2469 2140 2526 ad
2166 2470 2281 2541 ejus
2309 2472 2520 2528 virtutis
2545 2474 2894 2530 imitationem
2924 2477 3191 2534 deducere
3222 2495 3237 2532 :
3270 2483 3365 2536 sed

1774 2564 1896 2633 quia
1920 2563 2022 2619 hoc
2041 2580 2328 2622 onerosum
2373 2567 2526 2624 vobis
2556 2560 2790 2624 'videtur
2832 2585 2974 2637 esse,
3024 2575 3270 2643 quamvis
3312 2586 3369 2631 et

1776 2658 1868 2712 ille
1894 2657 2057 2713 homo
2084 2667 2218 2725 erat,
2247 2675 2574 2733 carnemque
2618 2664 2757 2719 sicut
2790 2679 2888 2720 nos
2931 2666 3365 2735 circumferebat,

1775 2759 1831 2804 et
1852 2749 2095 2806 eamdem
2118 2767 2276 2822 quam
2318 2768 2418 2808 nos
2458 2753 2685 2810 habebat
2712 2765 2955 2811 naturam
2989 2777 3003 2814 :
3032 2774 3215 2814 verum
3243 2762 3365 2829 quia

1775 2857 1895 2913 qua:
1919 2857 2014 2897 sua
2034 2853 2189 2900 erant
2214 2846 2641 2917 largiterattulit,
2671 2860 2830 2921 atque
2880 2852 3127 2909 virtutem
3154 2855 3364 2924 amplc-

1776 2943 1930 2989 xatus
1958 2944 2061 3005 est,
2093 2952 2380 3007 supernam
2411 2954 2622 3010 quoque
2645 2943 2868 3011 gratiam
2895 2955 3214 3016 assequuntus
3242 2955 3362 3013 est;

1774 3037 2027 3084 cancrum
2054 3029 2267 3086 interim
2309 3047 2410 3087 nos
2450 3033 2532 3087 vel
2566 3034 2848 3090 mulierem
2900 3038 3038 3092 banc
3072 3037 3365 3106 imitemur,

1775 3129 1831 3176 et
1854 3121 1932 3175 sic
1953 3122 2207 3192 paulatim
2237 3139 2303 3179 eo
2330 3124 2627 3193 veniemus,
2671 3139 2728 3182 ut
2749 3129 2908 3183 etiam
2938 3131 3213 3201 prepheta:
3241 3132 3348 3188 imi-

1776 3222 1977 3268 tatores
1996 3213 2182 3269 simus.
2215 3213 2554 3272 Emulemur
2582 3217 2762 3289 itaque
2786 3220 2904 3289 ejus
2929 3221 3365 3291 hocpitalitatem,

1774 3316 1833 3363 et
1876 3307 2054 3364 nullus
2090 3306 2314 3379 posthac
2343 3309 2576 3381 inopiam
2604 3321 2883 3381 przetexat.
2907 3314 3038 3369 Nam
3079 3326 3367 3386 quantum-

1774 3401 1857 3457 vis
1886 3401 2041 3471 inops
2069 3402 2139 3456 sit
2185 3402 2396 3472 aliquis,
2431 3418 2537 3458 non
2582 3408 2685 3459 erit
2716 3405 2825 3461 hac
2872 3408 3135 3478 egentior,
3161 3411 3245 3465 cui
3299 3410 3366 3463 ad

1777 3507 1940 3546 unum
1974 3502 2176 3547 tantum
2220 3492 2363 3548 diem
2415 3504 2531 3549 erat
2579 3495 2934 3552 alimentum:
2966 3507 3023 3554 et
3068 3514 3243 3569 neque
3289 3500 3370 3555 sic

1776 3581 1875 3637 fuit
1900 3584 2115 3653 segnior
2140 3584 2205 3639 ad
2234 3584 2541 3654 petitionem
2575 3587 2872 3657 prophette,
2914 3588 3009 3644 sed
3038 3604 3227 3661 magna
3252 3591 3364 3645 ala-

1776 3677 1967 3731 critate
1992 3677 2040 3731 ei
2070 3678 2263 3745 paruit,
2315 3687 2370 3733 et
2398 3680 2701 3735 mercedem
2738 3681 2979 3751 protinus
3015 3684 3237 3754 recepit.
3265 3685 3368 3739 Ta—

1777 3769 1845 3823 lia
1874 3769 2187 3836 enimsunt,
2227 3785 2344 3841 qua:
2369 3786 2399 3825 a
2447 3771 2555 3826 Deo
2586 3773 2735 3827 fiunt.
2782 3773 2897 3828 Mos
2925 3774 2974 3830 ei
3000 3773 3132 3831 dare
3174 3792 3364 3849 magna

1780 3876 1876 3931 pro
1897 3862 2092 3932 parvis.
2121 3860 2257 3930 Quid
2282 3862 2445 3929 enim,
2476 3863 2583 3931 dic,
2607 3880 2724 3932 oro,
2751 3874 2951 3920 tantum
2972 3868 3167 3937 attulit,
3190 3884 3362 3939 quan-

1779 3963 1889 4009 tum
1930 3952 2185 4023 accepit?
2240 3954 2435 4009 Verum
2496 3955 2755 4010 Dominus
2796 3965 2979 4022 noster
3023 3973 3127 4014 non
3170 3971 3367 4029 quanta

1777 4047 1972 4103 dentur
2014 4047 2293 4102 consuevit
2332 4048 2631 4116 attendere,
2679 4049 2775 4105 sed
2827 4050 3114 4106 voluntatis
3153 4052 3368 4124 largita-

1780 4148 1922 4205 tem;
1966 4149 2023 4194 et
2071 4139 2140 4194 ab
2185 4140 2286 4195 hac
2310 4155 2431 4210 qua:
2460 4158 2619 4211 parva
2664 4147 2788 4197 sunt
2813 4158 3003 4215 magna
3045 4144 3365 4207 redduntur.

1778 4241 1833 4288 et
1858 4247 2047 4302 magna
2088 4245 2233 4301 smpe
2282 4232 2406 4288 vilia
2435 4232 2770 4298 efficiuntur,
2823 4235 3037 4306 quando
3078 4252 3183 4291 non
3210 4237 3366 4293 hilari

1778 4335 1959 4389 animo
1996 4351 2114 4404 qua:
2162 4335 2296 4390 llnnt
2351 4346 2692 4406 peraguntur.
2748 4337 3045 4407 Eapropter
3072 4337 3228 4392 vidua
3280 4337 3368 4390 illa

1779 4426 2107 4497 evangelica,
2132 4427 2314 4482 multis
2354 4428 2519 4483 multa
2571 4428 2623 4482 in
2653 4428 3086 4501 gazOphylacitun
3115 4430 3372 4484 mittenti-

1781 4520 1899 4582 hns,
1954 4519 2205 4590 projectis
2251 4519 2464 4575 duobus
2490 4521 2708 4576 minutis
2734 4535 2922 4575 omnes
2944 4521 3068 4575 vicit
3095 4521 3246 4587 (Luc.
3275 4522 3366 4576 2|.

1780 4613 1833 4667 5.
1863 4612 1937 4681 4),
1969 4628 2073 4667 non
2106 4613 2248 4683 quod
2295 4613 2576 4668 immiserit
2602 4615 2752 4685 plura
2772 4614 2911 4677 aliis,
2942 4614 3035 4668 sed
3065 4614 3206 4685 quod
3237 4616 3369 4669 hbeo

1782 4705 2033 4759 raliorcm
2081 4705 2408 4760 voluntatem
2457 4705 2774 4761 ostenderit.
2809 4707 2913 4761 Alii
2958 4707 3132 4771 enim,
3179 4707 3368 4777 inquit,

1781 4812 1851 4852 ex
1897 4813 1962 4853 eo
1988 4798 2129 4867 quod
2166 4798 2266 4853 sibi
2310 4798 2616 4854 abundabat
2646 4800 3039 4872 eleemosynam
3060 4799 3371 4871 erogabant,

1784 4889 1883 4942 ista
1908 4897 2087 4944 autem
2145 4890 2326 4944 omnia
2376 4906 2726 4961 quaecumque
2775 4892 3083 4961 possidebat
3132 4892 3369 4945 immisit.

1784 4982 2009 5036 Omnem
2061 4982 2204 5037 enim
2232 4983 2427 5037 victum
2474 4978 2649 5048 suum,
2685 4985 2874 5054 inquit,
2918 4984 3117 5054 injecit.

1861 5073 2193 5145 Elcemosyna
2214 5076 2707 5146 eroganda.—Ergo
2725 5075 2976 5130 mulieres
2995 5075 3183 5131 saltem
3209 5075 3375 5129 imite-

1787 5182 1907 5222 mur
1926 5166 2049 5233 viri,
2065 5175 2116 5223 et
2132 5176 2234 5221 non
2254 5167 2533 5223 inferiores
2543 5167 2620 5222 eis
2637 5167 2937 5222 videamur:
2958 5167 3052 5222 sed
3070 5167 3380 5222 Studeamus

1786 5275 1894 5314 non
1914 5259 2088 5314 solum
2107 5252 2173 5314 a'd
2208 5268 2451 5314 nostrum
2476 5274 2630 5314 usum
2658 5275 2872 5315 omnem
2899 5259 3248 5315 substantiam
3279 5275 3379 5313 Itu-

1788 5359 1953 5404 stram
1984 5349 2315 5419 impendere,
2355 5349 2449 5404 sed
2494 5358 2547 5404 et
2590 5365 2879 5420 egenorum
2906 5366 3154 5421 magnam
3183 5348 3382 5404 habere

1790 5456 2006 5506 Curam,
2059 5440 2219 5508 idque
2257 5455 2380 5495 cum
2425 5441 2699 5496 alacritate
2747 5452 2803 5497 et
2840 5441 3125 5496 hilaritate.
3169 5440 3381 5496 Etenim

1791 5532 2021 5602 agricnla
2049 5539 2205 5585 terra:
2244 5531 2576 5588 concredens
2601 5532 2827 5599 semina,
2856 5549 2961 5588 non
3005 5533 3105 5589 hoc
3132 5546 3255 5587 cum
3286 5531 3383 5585 tri-

1793 5626 1933 5680 stitia
1964 5624 2105 5692 facit,
2133 5624 2227 5679 sed
2257 5624 2495 5694 gaudens
2542 5633 2596 5681 et
2625 5625 2976 5692 laetabundus,
3014 5636 3068 5680 et
3095 5625 3247 5696 quasi
3273 5623 3383 5694 jam

1797 5733 1892 5791 spe
1914 5718 2213 5789 manipulos
2235 5716 2415 5774 videre
2440 5733 2498 5774 se
2525 5718 2855 5787 existimans,
2884 5717 2937 5773 in
2969 5725 3111 5773 terra
3135 5708 3367 5767 semini!
