3792 6272
128 274 247 346 397

129 392 338 460 nullam
366 414 545 460 autem
576 403 857 460 utilitatem
886 402 1011 459 inde
1042 403 1336 473 capiemus.
1374 399 1528 467 Quod
1568 404 1625 452 ut
1654 396 1737 451 di-

131 513 277 565 scas,
311 499 438 553 audi
464 501 776 569 prophetam
803 498 1104 553 dicentem:
1132 495 1198 550 In
1223 487 1422 564 infemo
1442 500 1609 546 autem
1624 489 1737 559 quis

127 591 456 660 conﬁtebitur
475 592 563 645 tibi
589 592 610 665 (
638 591 782 646 Psal.
811 591 865 648 ϐ.
893 590 967 662 6)
993 592 1017 644 ‘l
1062 598 1116 644 et
1159 590 1349 643 iterum
1384 605 1397 642 :
1432 584 1612 639 Frater
1633 599 1735 637 non

130 681 359 748 redimit,
386 682 598 735 redimet
617 683 765 734 homo
784 680 955 751 (Psal.
978 680 1067 735 48.
1082 678 1175 750 8)?
1190 676 1398 742 Nullus,
1422 675 1610 745 inquit,
1634 672 1737 727 erit

128 773 243 829 illic
271 774 582 844 postea,qui
597 775 788 843 eripiat
816 788 937 828 eum
963 787 1123 842 quem
1148 786 1240 825 sua
1261 767 1463 824 desidia
1493 764 1735 837 prodide-

125 865 403 937 rit,neque
422 866 465 921 si
491 866 652 921 frater
675 865 850 932 fixerit,
884 880 1052 935 neque
1074 864 1119 920 si
1148 872 1315 933 pater,
1348 874 1521 930 neque
1548 858 1593 912 si
1622 873 1735 912 ma-

126 966 233 1013 ter.
263 958 331 1012 Et
354 958 481 1028 quid
503 958 646 1023 dico,
667 956 851 1024 frater,
873 964 1043 1027 pater,
1075 964 1130 1010 et
1151 963 1322 1010 mater
1339 954 1363 1007 ’ἔ
1380 952 1564 1023 Neque
1578 950 1728 1021 justi,

125 1049 327 1119 quibus
356 1057 501 1103 tanta
543 1049 682 1119 apud
717 1049 881 1103 Deum
924 1047 1117 1101 ﬁducia
1159 1054 1259 1112 est,
1292 1052 1541 1115 poterunt
1577 1042 1731 1098 nobis

129 1150 262 1196 tunc
286 1140 490 1211 aliquid
523 1140 797 1211 prodesse,
837 1140 881 1195 si
919 1154 1059 1194 nunc
1087 1137 1301 1194 desides
1329 1136 1604 1192 fuerimus.
1635 1136 1729 1190 Di-

125 1233 200 1287 cit
225 1233 371 1288 enim
398 1251 411 1287 :
436 1233 499 1288 Si
524 1234 750 1288 steterint
794 1231 910 1287 Noe
940 1241 986 1287 et
1013 1230 1112 1285 Job
1137 1240 1184 1285 et
1212 1229 1415 1294 Daniel,
1446 1230 1582 1298 ﬁlios
1607 1245 1728 1283 suos

126 1334 175 1379 et
199 1326 341 1389 ﬁlias
364 1342 465 1380 non
492 1326 704 1396 eripient
725 1324 934 1399 (Ezech.
956 1326 1045 1380 14.
1071 1323 1187 1392 20).
1222 1323 1288 1378 Et
1312 1322 1433 1377 vide
1461 1318 1723 1376 minarum

136 1418 480 1488 gravitatem,
510 1419 804 1489 qualesque
843 1418 1015 1488 jnstos
1054 1419 1110 1473 in
1150 1415 1383 1472 medium
1420 1414 1721 1470 adduxerit.

124 1512 393 1579 Quoniam
433 1511 507 1566 illi
535 1513 647 1567 suis
669 1510 996 1580 temporibus
1022 1510 1182 1565 etiam
1208 1509 1324 1562 aliis
1348 1507 1533 1561 salutis
1563 1520 1723 1561 causa

125 1603 343 1658 fuerunt
370 1620 383 1657 :
413 1602 526 1662 Noe
550 1604 716 1670 enim,
746 1619 867 1658 cum
911 1602 1163 1657 terribilis
1191 1601 1276 1655 illa
1308 1599 1489 1655 diluvii
1522 1606 1725 1668 tempe-

122 1706 238 1750 stas
266 1706 461 1751 terram
487 1705 819 1766 occupasset,
846 1704 901 1751 et
928 1709 1175 1757 uxorem,
1200 1703 1254 1749 et
1283 1694 1419 1749 ﬁlios
1448 1692 1677 1749 servavit
1704 1709 1719 1745 :

122 1799 177 1843 et
196 1788 301 1844 Job
326 1790 573 1844 similiter
592 1789 712 1843 aliis
739 1788 928 1843 salutis
947 1795 1132 1842 auctor
1152 1785 1247 1842 fuit
1271 1803 1285 1839 :
1310 1785 1492 1841 Daniel
1511 1800 1723 1855 quoque

125 1879 323 1933 multos
366 1879 560 1950 eripuit
602 1894 633 1933 a
663 1886 857 1944 morte,
898 1878 1111 1948 quando
1140 1877 1398 1933 barbams
1429 1877 1516 1932 ille
1545 1876 1721 1946 inqui-

124 1970 279 2025 rebat
325 1987 445 2041 qua:
492 1985 651 2042 supra
701 1971 985 2026 humanam
1028 1978 1153 2025 sunt
1200 1978 1441 2025 naturam
1468 2009 1485 2034 ,
1531 1976 1586 2023 ct
1636 1968 1719 2022 in-

125 2065 380 2121 teritnere
414 2065 627 2121 volebat
661 2063 984 2131 Chaldatos,
1029 2072 1083 2120 et
1127 2063 1304 2134 Magos
1350 2070 1509 2134 atque
1547 2061 1719 2118 Gaza-

122 2170 311 2211 I'l'nOS.

192 2247 250 2301 2.
272 2246 338 2301 In
363 2252 536 2320 futuro
563 2247 749 2302 sarculo
766 2247 1105 2319 unusquisque
1126 2262 1219 2317 pro
1246 2262 1301 2303 se
1308 2245 1722 2316 judicabitur.--

123 2340 188 2394 Et
217 2355 288 2393 ne
314 2347 559 2409 putemus
589 2338 643 2393 in
672 2338 852 2394 futuro
876 2338 1073 2393 saeculo
1103 2337 1216 2393 fore
1257 2337 1400 2401 talia,
1430 2348 1482 2392 et
1506 2351 1599 2392 eos
1627 2336 1717 2407 qni

122 2432 321 2485 virtute
341 2429 548 2500 przcditi
569 2438 712 2495 sunt,
729 2438 784 2486 et
805 2429 1049 2485 ﬁduciam
1071 2429 1268 2485 habent
1286 2431 1336 2483 in
1357 2429 1541 2492 Deum,
1559 2428 1715 2495 alios,

119 2526 211 2595 qui
239 2524 330 2580 hic
348 2524 679 2595 negligenter
696 2525 961 2591 vixerunt,
986 2525 1317 2581 necessarios
1341 2538 1469 2579 suos
1488 2523 1718 2579 liberare

122 2617 229 2674 illic
252 2632 283 2671 a
314 2617 577 2687 supplicio
602 2631 797 2688 posse:
824 2626 1104 2687 prepterea
1132 2616 1350 2673 adduxit
1370 2616 1523 2672 nobis
1543 2615 1717 2685 iustos

119 2710 264 2776 illos,
299 2706 748 2766 terroretn’nobis
788 2710 1041 2775 inferens,
1072 2717 1127 2764 et
1166 2708 1367 2764 docens
1409 2708 1459 2763 in
1485 2707 1717 2778 pr0priis

117 2801 276 2857 bonis
300 2800 557 2871 operibus
582 2816 704 2857 cum
733 2814 964 2872 superna
1002 2800 1171 2871 gratia
1200 2814 1351 2870 spem
1383 2798 1573 2853 salutis
1613 2813 1715 2853 no-

114 2904 243 2950 strm
262 2894 586 2960 habendam,
607 2902 662 2949 et
681 2908 786 2949 non
810 2894 863 2948 in
882 2892 1121 2965 progenit
1160 2906 1277 2947 rum
1297 2889 1599 2957 virtutibus,
1622 2904 1718 2945 ne-

111 3000 222 3056 que
252 2986 307 3039 in
335 2984 440 3040 alio
464 2985 714 3055 quopiam
738 2983 1176 3055 superbiendum,
1199 2981 1283 3038 vel
1312 2980 1710 3048 conﬁdendum,

109 3077 158 3131 si
190 3091 295 3131 nos
324 3077 374 3130 in
408 3077 645 3147 peccatis
668 3089 790 3132 esse
818 3089 923 3132 non
955 3074 1273 3141 desinimus,
1304 3074 1400 3130 sed
1426 3074 1529 3129 hoc
1547 3088 1714 3128 unum

107 3166 439 3232 curandum,
474 3176 531 3222 ut
558 3168 605 3223 si
645 3175 894 3238 parentes
923 3166 1266 3223 habuerimus
1293 3167 1491 3223 virtute
1514 3168 1711 3231 claros,

106 3261 393 3316 imitemur
411 3276 598 3317 eorum
621 3262 909 3318 virtutem:
939 3270 995 3318 et
1018 3261 1064 3318 si
1089 3277 1123 3318 e
1148 3262 1363 3318 diverso
1391 3262 1620 3329 accidat,
1657 3271 1714 3318 et

105 3370 175 3410 ex
209 3353 468 3424 improbis
498 3355 665 3410 simus
694 3353 1038 3425 parentibus,
1074 3368 1178 3408 non
1210 3352 1507 3424 putandum
1554 3353 1710 3408 nobis

106 3445 319 3516 aliquid
370 3444 616 3501 accidere
658 3445 986 3510 nocumeuti,
1030 3445 1323 3503 dummodo
1365 3460 1714 3501 exerceamur

104 3536 179 3591 ad
226 3536 485 3591 virtutum
527 3536 773 3593 labores:
810 3536 1015 3593 nullum
1054 3538 1197 3593 enim
1255 3537 1378 3593 hinc
1423 3537 1578 3594 nobis
1612 3538 1713 3593 da-

105 3643 303 3684 mnum
328 3628 451 3683 erit.
468 3627 602 3683 Nam
624 3628 985 3701 unusquisque
998 3643 1095 3700 per
1113 3643 1175 3683 ea
1192 3628 1276 3684 vel
1299 3638 1605 3694 coronatur,
1624 3630 1711 3685 vel

105 3722 532 3789 condemnatur,
584 3738 704 3793 qua:
754 3723 870 3792 ipse
907 3723 1095 3793 gessit,
1151 3722 1605 3793 quemadmodum
1657 3731 1713 3778 ct

103 3814 307 3871 beatus
343 3812 539 3869 Paulus
565 3813 773 3885 inquit:
808 3813 878 3869 Ut
901 3821 1121 3885 reportet
1148 3814 1489 3883 unusquisque
1510 3830 1570 3867 ea
1597 3829 1713 3883 qua:

104 3923 207 3979 per
236 3923 425 3977 corpus
464 3906 613 3975 ﬁunt,
651 3908 805 3977 juxta
830 3904 887 3960 id
913 3906 1049 3977 quod
1072 3907 1213 3978 fecit,
1243 3906 1346 3961 sive
1370 3904 1577 3971 bonum,
1608 3909 1712 3962 sive

101 3997 537 4067 ntalum(2.Cor.
563 3998 749 4071 5.10);
779 4005 834 4054 et
858 3998 1048 4054 iterum
1073 4015 1087 4052 :
1123 3998 1222 4066 Qui
1246 3997 1419 4052 reddet
1445 3998 1708 4067 unicuique

91 4096 260 4166 juxta
285 4109 442 4163 opera
467 4109 560 4147 sua
582 4092 602 4164 (
625 4091 777 4147 Rom.
802 4092 859 4147 2.
887 4092 922 4148 6
941 4091 983 4165 ).
1014 4091 1145 4160 Qua:
1176 4092 1355 4147 omnia
1404 4107 1527 4147 cum
1564 4092 1706 4148 scia-

100 4203 254 4254 mus,
302 4201 526 4242 excussa
581 4186 727 4241 omni
777 4186 1119 4259 negligentia,
1168 4186 1381 4242 virtutis
1418 4186 1705 4241 maximam

101 4282 409 4338 habeamus
444 4280 727 4335 rationem.
756 4279 825 4334 Et
858 4294 981 4335 cum
1010 4279 1186 4334 adhuc
1212 4279 1266 4333 in
1295 4277 1471 4335 stadio
1496 4292 1702 4345 sumus,

95 4384 159 4431 et
184 4371 431 4430 certandi
461 4379 672 4441 tempus
692 4381 797 4439 est,
826 4370 1131 4441 priusquam
1158 4370 1483 4426 dissolvatur
1502 4380 1706 4441 specta-

95 4468 313 4531 culum,
362 4465 579 4521 solliciti
604 4466 774 4521 simus
811 4464 881 4520 de
921 4473 1103 4519 nostra
1143 4464 1335 4531 salute,
1373 4473 1431 4519 ut
1462 4465 1516 4519 in
1554 4464 1703 4520 brevi

98 4558 205 4615 illo
235 4568 478 4627 tempore
504 4556 734 4611 virtutes
757 4555 1079 4621 exercendo,
1122 4555 1176 4610 in
1215 4555 1414 4611 sreculo
1441 4565 1705 4626 perpetuo

86 4653 322 4708 illarum
373 4650 651 4707 mercedes
693 4649 1012 4720 recipiamus
1044 4665 1058 4702 :
1107 4649 1244 4707 sicut
1283 4659 1338 4704 et
1378 4648 1553 4719 justus
1589 4649 1701 4716 ille,

86 4744 196 4809 qni
238 4742 295 4797 in
340 4742 520 4797 medio
563 4751 642 4796 tot
676 4740 939 4797 malorum
981 4740 1247 4804 habitans,
1279 4751 1333 4797 et
1367 4741 1570 4796 nullum
1600 4741 1698 4797 ha-

82 4838 240 4894 bens
267 4834 359 4905 qui
385 4848 537 4889 suam
564 4833 861 4889 imitaretur
885 4834 1157 4899 virtutem,
1177 4833 1271 4889 sed
1298 4833 1485 4890 videns
1512 4848 1700 4890 omnes

81 4927 397 4983 irridentes
419 4934 475 4981 et
499 4924 891 4981 subsannantes
915 4965 931 4991 ,
957 4940 1061 4981 non
1092 4926 1265 4981 solum
1294 4940 1399 4982 non
1427 4925 1596 4981 factus
1619 4935 1703 4982 est

81 5020 345 5091 segnior.
392 5033 577 5073 verum
607 5022 770 5072 tanta
815 5017 1010 5073 virtute
1039 5018 1279 5084 emicuit,
1317 5024 1375 5072 ut
1399 5026 1456 5073 et
1480 5018 1701 5087 angelos

74 5114 380 5185 suscipere
401 5112 658 5168 meruerit
683 5128 698 5167 :
717 5120 878 5182 atque
900 5126 1023 5166 eum
1050 5110 1125 5167 illi
1156 5111 1315 5166 simul
1343 5125 1534 5167 omnes
1565 5126 1695 5181 per-

78 5211 237 5262 iicnt
260 5246 277 5271 ,
317 5204 464 5257 solus
504 5204 619 5273 ipse
645 5217 766 5257 cum
795 5201 1002 5259 ﬁliabus
1051 5202 1298 5273 eﬁ'ugerit
1324 5218 1540 5275 pinnam
1578 5217 1699 5273 qua:

80 5300 205 5353 illis
253 5295 401 5349 illata
443 5303 544 5349 est.
578 5294 842 5349 Caeterum
876 5294 942 5349 ad
979 5295 1174 5350 seriem
1214 5297 1479 5356 sermonis
1502 5294 1696 5356 redea-

80 5404 241 5444 mus.
284 5385 538 5440 Vencrunt
577 5397 748 5441 autem
798 5387 899 5441 duo
924 5387 1090 5457 angeli
1132 5388 1185 5441 in
1223 5388 1451 5444 Sodoma
1482 5389 1696 5459 vesperi.

77 5481 231 5538 Jnsti
264 5479 422 5543 hujus
442 5478 795 5534 excellentem
822 5480 1075 5535 virtutem
1108 5489 1316 5551 tempus
1359 5481 1459 5536 hoc
1488 5482 1696 5553 potissi-

78 5588 244 5632 mum
295 5572 514 5637 indicat,
548 5571 671 5641 quia
709 5578 767 5626 et
804 5571 1084 5643 ingruente
1121 5588 1343 5644 vespera
1383 5574 1696 5645 permansit,

76 5681 136 5725 et
187 5680 301 5721 non
346 5663 573 5719 destitit.
613 5662 745 5719 Nam
781 5665 902 5736 quia
933 5666 1133 5725 sciebat
1159 5667 1362 5725 lucrum
1394 5668 1533 5740 quod
1576 5668 1698 5725 inde

79 5758 439 5823 nascebatur,
468 5755 590 5811 ideo
612 5756 776 5814 hasce
801 5760 1012 5817 divitias
1041 5766 1253 5836 assequi
1276 5767 1515 5837 cupiens,
1539 5763 1693 5820 valde

1185 285 1251 343 IN
1279 283 1435 342 CAP.
1476 279 1621 341 XIX.
1659 280 1906 341 CENES.
1948 282 2181 340 HOMIL.
2214 283 2398 341 XLIII.

3329 289 3434 345 598

1850 395 2069 454 sedulus
2117 407 2252 465 erat,
2294 406 2349 454 et
2392 413 2566 471 neque
2609 399 2697 456 die
2740 401 2960 471 impleto
2999 401 3324 459 discedebat.
3361 405 3432 460 ha

1844 489 1987 544 enim
2027 506 2088 547 se
2127 492 2288 548 habet
2334 494 2510 547 anima
2560 492 2762 548 fervida
2800 504 2856 549 et
2896 495 3140 564 vigilans,
3180 506 3235 551 ut
3273 496 3432 553 nullis

1844 579 2241 650 impedimentis
2289 584 2664 654 praepediatur,
2708 587 2993 656 quominus
3022 603 3172 643 suam
3198 589 3428 645 declaret

1842 672 2092 730 virtutem
2126 693 2141 731 :
2169 676 2296 746 quin
2334 685 2390 732 et
2433 678 2618 733 istha'c
2657 678 2769 749 ipsa
2799 695 2919 749 qute
2949 681 3234 750 prohibent
3259 684 3426 737 maxi-

1842 780 1951 832 me,
1982 768 2152 837 magis
2179 767 2420 834 incitant,
2451 779 2506 824 et
2531 784 2786 838 majorem
2815 772 3120 840 cupiditatis
3160 772 3430 829 flammam

1838 856 2158 911 accendunt.
2195 856 2262 912 Ut
2304 869 2471 913 autem
2509 860 2662 926 vidit,
2695 861 2896 930 inquit,
2942 861 3076 928 Lot,
3117 864 3333 918 surrexit
3377 866 3429 920 in

1840 964 2104 1007 occursum
2132 951 2253 1006 illis.
2288 951 2520 1006 Audiam.
2548 952 2582 1007 ii
2604 954 2692 1022 qui
2723 954 2956 1010 advenas
2980 966 3199 1012 orantes
3222 966 3280 1012 et
3303 971 3428 1025 sup.

1838 1039 2127 1110 plicantes,
2163 1056 2226 1097 ac
2250 1040 2441 1097 sedulo
2480 1057 2538 1096 se
2572 1056 2752 1097 coram
2784 1044 2862 1098 eis
2890 1044 3233 1100 demittentes
3263 1046 3426 1101 multa

1837 1131 2224 1189 inhumanitate
2271 1144 2589 1188 aversantur
2642 1142 2697 1189 et
2749 1136 3035 1203 repellunt.
3100 1136 3232 1192 Vide
3281 1138 3426 1192 enim

1835 1224 2106 1293 quomodo
2127 1225 2303 1294 justus
2334 1225 2421 1281 ille
2451 1241 2555 1280 non
2580 1228 2909 1295 exspectavit
2938 1227 3110 1283 donec
3135 1229 3199 1282 ad
3230 1245 3290 1285 se
3331 1246 3428 1284 ve-

1836 1314 2031 1381 nirent,
2060 1314 2155 1371 sed
2184 1317 2321 1371 sicut
2345 1316 2644 1387 patriarcha
2664 1359 2678 1383 ,
2710 1317 2960 1389 ignorans
3006 1320 3097 1391 qui
3123 1331 3303 1378 essent
3328 1322 3427 1377 hu-

1833 1405 2019 1475 Spites,
2049 1415 2106 1462 et
2130 1408 2408 1478 suSpicans
2434 1408 2667 1465 viatores
2695 1410 2952 1480 quosdam
2982 1427 3124 1480 esse,
3146 1414 3294 1484 quasi
3314 1431 3424 1485 pra:

1829 1498 2025 1567 gaulio
2066 1499 2312 1567 saltabat,
2348 1501 2466 1571 quia
2496 1511 2815 1574 assequutus
2842 1514 2958 1560 erat
2981 1508 3257 1575 qu:rsitam
3288 1524 3425 1577 prm-

1828 1587 1974 1655 dam,
2018 1600 2072 1645 et
2097 1605 2202 1647 non
2243 1591 2521 1649 aberrarat
2558 1594 2627 1649 ab
2654 1610 2721 1651 eo
2746 1596 2888 1666 quod
2919 1597 3186 1668 cupiebat.
3225 1599 3294 1655 Ut
3330 1617 3426 1654 au-

1828 1688 1926 1734 tem
1950 1681 2092 1747 vidit,
2134 1682 2328 1754 inquit,
2367 1686 2584 1741 surrexit
2625 1689 2679 1740 in
2718 1703 2979 1743 occursum
3004 1690 3130 1758 illis,
3159 1700 3207 1745 et
3232 1692 3421 1746 adora-

1828 1771 1912 1826 bat
1958 1773 2089 1844 {arie
2133 1791 2285 1846 super
2320 1785 2525 1832 terram.
2566 1776 2777 1834 Gratias
2813 1780 2921 1850 egit
2967 1781 3101 1846 Deo,
3152 1783 3295 1853 quod
3339 1783 3422 1838 di-

1827 1871 2018 1933 gnatus
2057 1876 2202 1922 esset
2236 1882 2357 1925 eum
2388 1873 2826 1941 praetereuntium
2848 1876 3207 1944 susceptione.
3233 1878 3420 1931 Anim-

1826 1957 2049 2013 adverte
2094 1959 2233 2015 illius
2275 1962 2468 2018 anima:
2510 1963 2784 2021 virtutem.
2826 1966 3072 2037 Magnum
3118 1968 3209 2022 Dei
3246 1969 3417 2024 bene-

1828 2050 2001 2105 ficium
2029 2052 2387 2111 arbitrabatur
2413 2057 2665 2114 incidisse
2712 2059 2766 2112 in
2810 2059 2909 2115 hos
2937 2061 3080 2117 viros
3100 2102 3113 2126 ,
3147 2070 3205 2117 nt
3233 2077 3416 2120 susce—

1826 2140 1935 2209 ptis
1956 2141 2060 2196 illis
2092 2157 2246 2199 suum
2270 2146 2551 2216 perﬁceret
2569 2148 2917 2206 desiderium.
2947 2151 3065 2207 Jam
3097 2168 3166 2207 ne
3191 2154 3414 2220 dixeris,

1824 2233 1970 2309 ipsos
2010 2237 2235 2307 angelos
2275 2238 2473 2297 fuisse:
2517 2242 2614 2298 sed
2657 2242 2760 2299 hoc
2798 2246 2975 2315 potius
3002 2254 3175 2301 tecum
3202 2257 3415 2317 reputa,

1819 2325 2023 2397 justum
2070 2329 2218 2385 illum
2248 2332 2485 2388 nondum
2529 2334 2634 2389 hoc
2673 2336 2915 2403 scivisse,
2943 2337 3037 2393 sed
3060 2340 3212 2408 quasi
3239 2340 3416 2394 homi-

1823 2433 1920 2473 nes
1947 2418 2158 2490 iguotos
2179 2434 2233 2477 et
2260 2435 2646 2492 przeterenntes
2682 2428 3002 2499 suscipiens,
3044 2430 3113 2485 ita
3160 2431 3413 2486 allectum

1821 2509 2008 2567 fuisse.
2053 2513 2107 2567 2.
2140 2515 2209 2569 Et
2242 2517 2372 2570 dixit
2395 2533 2414 2570 :
2444 2514 2597 2587 Ecce,
2624 2519 2836 2587 domini,
2868 2521 3091 2576 divertite
3123 2523 3175 2576 in
3206 2523 3414 2576 domum

1821 2604 1966 2672 pueri
2003 2606 2179 2672 uestri,
2214 2615 2262 2660 et
2304 2619 2517 2674 manete,
2566 2610 2822 2681 quiescite,
2856 2624 2901 2666 et
2940 2613 3104 2667 lavate
3137 2614 3286 2682 pedes
3326 2631 3413 2669 re—

1820 2702 1971 2757 stros.
2000 2704 2046 2748 et
2079 2696 2302 2752 diluculo
2331 2702 2469 2769 [acto
2497 2702 2889 2770 proﬁciscemini
2922 2704 2973 2756 in
3004 2705 3137 2757 vium
3172 2716 3409 2759 uestram.

1823 2786 2106 2844 Sufﬁciunt
2152 2789 2269 2846 haec
2310 2791 2470 2847 verba
2501 2793 2571 2847 ad
2615 2793 2968 2866 detegendum
3010 2798 3262 2851 virtutem
3286 2813 3413 2866 qua:

1820 2878 1873 2933 in
1899 2889 2115 2948 pectore
2133 2880 2262 2952 justi
2294 2882 2507 2938 latebat.
2536 2884 2606 2940 Et
2624 2886 2749 2956 quid
2778 2888 2970 2943 mirum
2993 2889 3037 2943 si
3066 2890 3188 2959 quis
3219 2889 3415 2945 obstu-

1820 2978 2003 3041 pescat
2038 2973 2296 3029 eximiam
2342 2974 2721 3045 humilitatem,
2765 2994 2829 3034 ac
2868 2979 3134 3036 fervorem
3167 2998 3325 3052 quem
3354 2983 3410 3038 in

1820 3060 2185 3132 hospitalitate
2212 3065 2520 3122 declarabat
2544 3068 2568 3122 ?
2598 3068 2746 3132 Ecce.
2778 3069 2966 3140 inquit,
2999 3070 3211 3138 domini,
3241 3072 3412 3129 dinei"

1818 3154 1906 3207 tite
1930 3154 1984 3208 in
2019 3155 2224 3210 domum
2249 3158 2390 3228 pueri
2415 3159 2583 3213 vestri.
2611 3160 2679 3215 Et
2704 3159 2824 3216 illos
2849 3160 3096 3218 dominos
3128 3173 3303 3231 vocat,
3344 3179 3411 3220 ac

1818 3244 2053 3315 seipsutn
2100 3246 2314 3303 illorum
2354 3264 2567 3305 servum
2588 3250 2851 3322 appellat.
2882 3253 3181 3310 Audiamus
3205 3262 3412 3312 attente

1817 3336 1933 3393 hate
1959 3339 2140 3407 verba,
2178 3341 2535 3410 dilectissimi,
2566 3352 2622 3400 et
2663 3346 2861 3402 similia
2904 3362 3005 3403 nos
3028 3363 3241 3419 quoque
3269 3366 3409 3421 prm-

1818 3440 1961 3487 stare
1986 3432 2278 3490 discamus.
2300 3436 2391 3491 Vir
2418 3432 2705 3508 gloriosus,
2730 3440 2944 3506 nobilis,
2975 3451 3080 3497 tam
3104 3443 3405 3509 abundans,

1818 3532 1998 3582 tantus
2043 3528 2452 3598 paterfamilias,
2506 3531 2762 3599 viatores,
2805 3532 3063 3604 hospites,
3091 3536 3320 3606 ignotos,
3350 3547 3410 3591 ut

1814 3618 2164 3688 apparebant,
2202 3621 2358 3687 viles,
2389 3630 2800 3691 praetereuntes,
2830 3624 3068 3695 nihilque
3097 3625 3166 3681 ad
3195 3641 3254 3681 se
3277 3630 3405 3681 atti-

1815 3719 2027 3776 nentes,
2064 3709 2312 3767 dominos
2348 3713 2609 3780 nominat,
2645 3722 2702 3769 et
2734 3714 2905 3784 inquit
2931 3733 2945 3770 :
2972 3714 3217 3771 Dlvertite
3241 3718 3294 3771 in
3313 3719 3408 3770 do-

1813 3819 1951 3857 mum
1983 3805 2123 3875 pueri
2159 3806 2330 3873 vestri,
2370 3815 2417 3859 et
2442 3806 2699 3876 quiescite.
2728 3806 2961 3876 Vespera
3001 3809 3168 3872 enim.
3209 3809 3401 3878 inquit,

1813 3895 2033 3966 ingruit.
2065 3896 2268 3953 Morem
2300 3896 2432 3952 mihi
2462 3897 2655 3968 gerite,
2698 3906 2753 3953 et
2792 3898 3159 3955 lassitudinem
3183 3899 3288 3954 diei
3315 3914 3403 3953 Sn-

1814 3989 1997 4045 lamini
2026 3991 2080 4046 in
2105 3990 2325 4047 domum
2364 3990 2507 4046 servi
2545 3992 2707 4046 vestri
2746 3991 3099 4049 diverteutes.
3135 3992 3401 4064 Numquid

1813 4096 2063 4154 magnum
2093 4083 2250 4140 vobis
2278 4083 2573 4155 promitto?
2600 4082 2789 4138 Lavate
2823 4084 2973 4154 pedes
2997 4092 3184 4140 vestros
3212 4084 3404 4141 itinere

1812 4175 1969 4246 longo
2010 4173 2278 4248 fatigatos,
2321 4186 2370 4231 et
2411 4176 2635 4231 diluculo
2665 4176 2879 4247 pergctis
2911 4176 2965 4232 in
2999 4178 3130 4232 uiam
3164 4188 3398 4233 uestram.

1814 4267 1961 4323 Hanc
1988 4269 2210 4339 gratiam
2250 4268 2449 4324 donate
2495 4268 2648 4334 mihi,
2678 4276 2735 4324 et
2774 4268 3085 4339 petitionem
3130 4285 3303 4324 meam
3334 4287 3402 4326 ne

1814 4359 2163 4417 frustramini.
2192 4359 2259 4415 Et
2287 4361 2547 4428 dixerunt,
2581 4359 2772 4431 inquit,
2806 4358 3039 4424 Minime,
3077 4361 3164 4415 sed
3199 4362 3253 4415 in
3286 4363 3399 4432 pla-

1815 4461 1894 4507 tea
1943 4453 2273 4507 manebimus.
2325 4452 2498 4507 Etiam
2549 4460 2671 4523 post
2725 4461 2924 4507 tantam
2972 4452 3403 4511 alienationem

1808 4559 1967 4617 quam
2002 4544 2230 4612 fecerat,
2257 4560 2379 4601 cum
2412 4545 2545 4600 vidit
2570 4560 2666 4601 cos
2695 4560 2944 4611 renuere,
2970 4561 3076 4601 non
3108 4546 3401 4618 obtorpuit,

1810 4652 1982 4709 neque
2014 4638 2084 4693 ab
2123 4638 2369 4694 instituto
2411 4652 2510 4693 suo
2554 4636 2786 4704 destitit,
2827 4653 3003 4709 neque
3044 4638 3167 4694 fecit
3197 4640 3271 4695 uti
3302 4656 3403 4695 nos

1810 4729 2077 4785 interdum
2132 4729 2358 4786 facimus
2403 4747 2417 4785 :
2463 4728 2555 4803 qui
2606 4729 2653 4785 si
2712 4728 2925 4801 quando
2980 4730 3209 4800 aliquem
3274 4729 3399 4784 hor-

1809 4825 1911 4881 tari
1955 4824 2256 4896 dignamur,
2298 4832 2355 4880 et
2393 4832 2577 4895 postea
2611 4823 2854 4879 videmus
2890 4838 3174 4894 parumper
3223 4822 3397 4879 detur

1805 4928 2038 4977 ctantem
2081 4927 2138 4975 et
2187 4926 2527 4983 renuentem,
2572 4917 2753 4973 statim
2796 4915 3111 4972 desistimus
3139 4917 3225 4971 :id
3253 4917 3397 4987 quod

1806 5011 2089 5082 contingit,
2141 5011 2265 5081 quia
2316 5010 2447 5066 citra
2512 5006 2844 5064 desiderium
2883 5019 2941 5062 et
2978 5006 3248 5063 fervorem
3288 5007 3392 5064 hoc

1805 5103 2033 5174 agimus,
2061 5111 2116 5157 et
2139 5102 2371 5158 maxime
2396 5099 2519 5171 quia
2550 5108 2797 5170 putamus
2824 5098 3077 5154 sufﬁcere
3096 5101 3397 5154 excusatio-

1806 5212 1953 5263 nem,
1970 5197 2014 5252 si
2036 5197 2217 5252 dicere
2237 5194 2507 5266 possimus
2533 5192 2727 5248 fecisse
2745 5206 2844 5247 nos
2867 5191 3103 5247 ofﬁcium
3125 5199 3393 5248 nostrum.

1878 5289 1933 5344 5.
1960 5287 2097 5356 Quid
2126 5287 2228 5354 ais,
2259 5285 2495 5341 officium
2536 5291 2589 5338 te
2622 5293 2770 5338 tuum
2799 5281 3033 5338 fecisse?
3059 5283 3301 5340 Amisisti
3336 5284 3391 5341 in

1807 5382 2089 5439 venatione
2106 5378 2362 5450 praedam;
2385 5377 2646 5434 aberrasti
2660 5392 2691 5433 a
2709 5375 2982 5442 thesauro;
3005 5386 3059 5431 et
3075 5386 3169 5432 tuo
3181 5376 3397 5433 functus

1805 5490 1864 5533 cs
1874 5472 2085 5530 officio?
2096 5473 2246 5528 'I‘unc
2258 5480 2350 5528 tuo
2365 5469 2579 5525 functus
2593 5484 2743 5526 esses
2763 5467 2961 5536 ofﬁcio,
2977 5468 3022 5524 si
3039 5485 3144 5524 non
3162 5469 3395 5538 abiecis-

1804 5585 1893 5627 ses
1908 5585 1940 5625 e
1962 5567 2206 5623 manibus
2235 5565 2567 5630 thesaurum,
2582 5563 2628 5621 si
2659 5576 2766 5617 non
2792 5562 3126 5633 praeterisses
3145 5562 3205 5626 in
3235 5578 3385 5617 vena-

1806 5665 1952 5721 tione
1964 5660 2220 5734 praedam,
2238 5657 2282 5713 si
2312 5672 2420 5712 non
2437 5653 2803 5727 perfunctorie
2828 5663 2883 5712 et
2908 5653 3074 5711 verbo
3099 5663 3252 5710 tenus
3283 5664 3399 5711 tan—

1811 5768 1921 5816 tttm
1950 5753 2366 5827 hospitalitatem
2394 5749 2708 5808 iudicasses.
2734 5752 2800 5808 At
2834 5763 2940 5806 non
2972 5748 3148 5817 justus
3174 5747 3264 5804 ille
3281 5748 3393 5804 sic:
