3792 6256
366 260 477 313 τέω

372 377 465 430 sed
491 376 659 447 quid?
692 377 912 434 Videbat
930 378 1262 439 obluctantes
1279 383 1393 439 suis
1405 383 1675 456 precibus,
1693 390 1751 438 et
1764 380 1818 435 in
1843 377 1959 450 pla-

374 478 457 523 tea
479 482 700 526 manere
724 470 986 526 volentes.
1011 472 1121 528 lloc
1151 484 1327 530 autem
1356 475 1621 531 faciebant
1642 474 1835 545 angeli,
1853 473 1962 526 vir-

374 570 541 615 tutem
552 560 685 630 justi
703 562 876 631 palam
901 563 1077 620 facere
1096 566 1357 633 volontes,
1375 577 1426 622 et
1448 582 1546 623 nos
1559 580 1747 622 omnes
1767 564 1964 620 docere

374 662 571 719 quanta
593 652 714 722 ejus
737 652 897 708 luerit
923 654 1276 726 hospitalitas.
1308 657 1499 714 Postea
1526 668 1702 713 autem
1726 670 1832 713 non
1852 655 1963 727 jam

374 743 555 797 verbis
572 754 856 801 contentus
878 757 963 801 est
980 748 1274 818 exhortari,
1303 750 1399 807 sed
1437 761 1491 807 et
1517 751 1627 805 vim
1652 749 1798 805 facit.
1832 749 1966 804 Pro-

374 841 559 902 ptcrea
582 844 637 890 et
655 834 898 894 Christus
914 838 1152 895 dice-bat:
1172 841 1386 897 l'iolenti
1411 844 1617 914 rapiunt
1637 858 1847 914 regnum
1866 852 1967 895 cut-

375 924 543 979 lorum
580 927 794 999 (Matth.
828 931 917 985 ll.
952 931 1066 1002 12).
1099 933 1199 990 Ubi
1230 933 1374 990 enim
1404 935 1679 1008 spirituale
1707 932 1967 989 aﬂ‘ulSerlt

376 1015 603 1085 lucrum,
628 1022 939 1091 tempestiva
976 1025 1135 1079 luerit
1171 1025 1445 1094 violentia,
1468 1033 1525 1083 et'
1557 1021 1843 1081 laudabilis
1874 1035 1968 1079 co-

376 1108 539 1164 actio.
572 1110 708 1165 5.13:
738 1114 1087 1186 compellebat,
1119 1117 1310 1188 inquit,
1328 1135 1432 1173 eos.
1460 1118 1586 1174 Mihi
1615 1126 1795 1173 autem
1817 1115 1968 1172 vide-

379 1211 471 1257 tur
500 1212 554 1258 et
589 1204 782 1260 invitos
811 1222 906 1263 eos
934 1211 1228 1266 attrahere.
1264 1210 1470 1267 Deinde
1492 1210 1584 1267 ubi
1606 1209 1858 1266 viderunt
1881 1208 1968 1280 ju-

375 1303 521 1350 stum
552 1296 624 1351 ita
665 1298 980 1367 ferventem,
1010 1301 1389 1374 nolentemque
1412 1303 1696 1369 desistere,
1724 1301 1830 1358 nisi
1854 1301 1967 1357 voti

376 1401 600 1459 comptis
637 1389 808 1458 ﬁeret,
853 1392 1263 1461 Deditionem»,
1312 1396 1501 1468 inquit,
1542 1396 1612 1451 ad
1649 1410 1784 1463 eum,
1815 1403 1861 1449 et
1887 1394 1968 1449 in-

376 1489 636 1535 tramus
659 1481 712 1536 in
728 1483 935 1539 domum
961 1487 1091 1555 ejus.
1113 1485 1183 1541 Et
1196 1487 1316 1558 fecit
1337 1488 1410 1543 eis
1437 1488 1739 1556 convivium,
1766 1494 1814 1541 et
1834 1485 1973 1540 coxit

378 1574 783 1647 infer-mentulas,
814 1588 867 1633 et
891 1581 1232 1647 comederunt,
1273 1580 1323 1638 l.
1370 1591 1639 1653 antequam
1671 1582 1801 1635 irent
1826 1577 1968 1633 cubi-

380 1676 509 1723 tum.
544 1666 732 1726 Vidisti
762 1680 818 1727 et
848 1673 935 1728 hic
963 1686 1073 1730 non
1095 1674 1149 1729 in
1177 1683 1490 1747 sumptuosa
1515 1688 1700 1729 mensa
1725 1672 1967 1744 hospita-

379 1759 585 1817 litatem
637 1764 870 1832 ostendi,
920 1766 1015 1822 sed
1055 1767 1237 1837 potius
1286 1768 1340 1822 in
1376 1765 1695 1822 liberalitate
1724 1762 1977 1819 mentis?

379 1852 513 1909 Nam
539 1857 721 1912 statim
746 1866 803 1913 ut
829 1873 926 1914 eos
950 1858 1204 1916 inducere
1241 1860 1417 1933 potuit
1451 1860 1503 1915 in
1539 1858 1755 1915 domum
1789 1869 1963 1922 suam,

380 1947 587 2003 nullum
634 1948 1012 2022 hospitalitatis
1059 1950 1296 2008 ofﬁcium
1340 1951 1705 2024 praetermisit.
1743 1948 1812 2005 Et
1854 1948 1971 2018 ipse

379 2039 595 2110 quidem
624 2041 678 2097 in
709 2043 1007 2100 ministerio
1037 2055 1333 2118 occupatus
1354 2054 1489 2112 erat,
1521 2052 1576 2101 et
1606 2043 1755 2100 cibos
1798 2054 1968 2114 appo-

381 2132 507 2198 suit,
546 2142 603 2189 et
635 2144 849 2191 omnem
873 2136 1137 2194 honorem
1166 2139 1476 2209 cultumque
1503 2135 1762 2208 impendit
1788 2134 1974 2205 hospi-

384 2220 547 2290 tibus,
582 2222 828 2281 homines
853 2240 951 2282 eos
973 2238 1029 2283 et
1061 2229 1295 2286 viatores
1319 2229 1577 2300 quosdam
1608 2242 1728 2285 csse
1753 2236 1969 2299 putans.

392 2312 503 2369 Viri
527 2325 695 2371 autem
734 2318 948 2375 civitatis
978 2320 1259 2377 Sodamihe
1296 2322 1734 2377 circumdederunt
1764 2320 1977 2376 domum

382 2420 417 2459 α
447 2406 638 2477 juvene
660 2424 820 2480 usque
853 2411 922 2464 ad
959 2426 1147 2479 senem,
1183 2413 1351 2468 omnis
1386 2411 1603 2485 populus
1630 2410 1805 2477 simul,
1844 2411 1898 2470 5.
1924 2419 1981 2467 et

382 2509 712 2555 evocaverunt
731 2500 848 2570 Lat,
881 2512 929 2557 et
957 2504 1192 2559 dixerunt
1216 2506 1296 2561 ei:
1326 2501 1425 2561 Ubi
1451 2516 1571 2561 sunt
1593 2506 1707 2572 viri,
1736 2506 1824 2577 qui
1854 2514 1983 2560 sunt

384 2591 599 2664 ingressi
619 2593 688 2647 ad
717 2603 766 2649 te
792 2596 976 2651 nocte?
996 2595 1147 2651 Edue
1170 2612 1253 2653 eos
1275 2597 1345 2651 ad
1373 2613 1486 2664 nos,
1514 2606 1574 2651 ut
1605 2610 1839 2652 coeamus
1855 2611 1972 2650 cum

382 2682 476 2739 eis.
506 2683 585 2741 Ne
612 2685 973 2756 perfunctorie
1001 2698 1334 2745 transeamus
1361 2704 1481 2761 qua:
1507 2688 1651 2744 dicta
1680 2696 1805 2743 sunt
1824 2728 1840 2755 ,
1884 2701 1975 2743 ca-

383 2775 605 2845 rissimi,
646 2788 704 2834 et
748 2792 855 2834 non
899 2780 1074 2836 solum
1124 2780 1351 2837 istorum
1391 2780 1665 2837 videamus
1708 2778 1973 2835 insaniam

385 2868 532 2924 nulla
560 2869 719 2926 venia
748 2870 1072 2943 diguandam
1105 2889 1125 2940 ;
1152 2872 1248 2929 sed
1277 2881 1335 2929 et
1356 2873 1673 2943 cogitemus,
1704 2870 1975 2943 quomodo

382 2960 559 3032 justus
597 2961 654 3019 in
697 2963 881 3020 medio
906 2974 1012 3021 tam
1044 2963 1466 3022 truculentarum
1497 2965 1786 3021 bestiarum
1818 2962 1981 3018 babi-

384 3066 529 3125 taus,
553 3059 624 3114 ita
644 3059 930 3116 excellenti
949 3060 1146 3117 virtute
1172 3060 1401 3127 fulserit,
1428 3059 1698 3131 quomodo
1720 3058 1862 3114 ferre
1881 3072 1976 3128 po-

388 3151 551 3207 tuerit
581 3152 913 3225 iniquitatem
943 3164 1154 3221 eorum,
1195 3150 1465 3226 quomodo
1504 3168 1609 3209 non
1640 3150 1837 3223 fugerit
1878 3165 1975 3207 eo-

387 3256 507 3298 rum
528 3243 820 3312 civitatem,
843 3245 1114 3317 quomodo
1136 3244 1216 3301 eis
1244 3243 1388 3317 loqui
1415 3242 1975 3316 potuerit.Quomodo,

388 3333 715 3404 ego‘dieani.
746 3333 993 3392 Universi
1024 3336 1285 3392 Dominus
1323 3335 1627 3407 praevidens
1661 3334 1977 3406 stupendam

391 3426 604 3482 illorum
636 3426 949 3499 nequitiam,
979 3427 1328 3498 dispensavit,
1358 3436 1416 3483 ut
1445 3428 1623 3500 justus
1650 3441 1715 3483 eo
1746 3427 1849 3483 loci
1878 3426 1978 3483 do-

393 3519 653 3575 micilium
685 3520 938 3585 haberet,
966 3529 1027 3576 ut
1063 3520 1209 3576 sicut
1230 3521 1463 3590 optimus
1491 3519 1733 3576 medicus
1762 3517 1987 3575 morbos

391 3624 579 3666 eorum
620 3610 950 3667 emendaret.
984 3611 1182 3668 Verum
1221 3609 1414 3667 videns
1450 3626 1511 3667 se
1553 3624 1680 3666 cura
1711 3624 1807 3666 sua
1847 3608 1980 3665 nihil

393 3702 675 3772 prolicere,
723 3707 781 3757 et
820 3701 942 3759 illos
984 3702 1184 3758 nullam
1215 3700 1353 3757 velle
1389 3701 1655 3758 medelam
1681 3700 1978 3771 suscipere,

395 3807 503 3849 non
532 3802 817 3866 propterea
839 3806 873 3849 a
896 3809 1031 3850 cura
1055 3794 1280 3850 destitit.
1324 3793 1497 3850 Habet
1521 3794 1666 3851 enim
1696 3793 1841 3850 hunc
1863 3806 1982 3848 mo-

393 3900 509 3943 rem
534 3887 808 3945 ntedieus:
835 3890 1079 3959 quamvis
1102 3888 1278 3945 videat
1317 3888 1535 3945 morbos
1562 3901 1683 3944 esse
1709 3886 1983 3958 graviores

393 3994 561 4050 quam
586 3988 643 4035 ut
672 3989 789 4036 arte
818 3982 992 4037 curari
1032 3982 1259 4051 possint,
1295 3994 1401 4037 non
1431 3981 1629 4037 omittit
1652 3990 1829 4037 tamen
1858 3977 1982 4036 olli-

394 4070 537 4126 cium
566 4085 746 4139 suum,
770 4081 848 4139 ut,
875 4074 921 4127 si
953 4072 1089 4128 forte
1117 4074 1286 4144 possit
1314 4090 1526 4145 aegrum.
1543 4074 1625 4129 vel
1656 4074 1814 4146 longo
1844 4083 1983 4129 tem-

398 4178 526 4232 pore
548 4176 820 4232 reparare,
849 4164 1209 4233 prmstantiam
1228 4165 1359 4219 artis
1375 4164 1650 4220 ostendat:
1669 4164 1812 4236 quod
1834 4164 1880 4220 sl
1905 4164 1986 4219 ni-

399 4255 473 4311 hil
500 4256 727 4326 amplius
756 4257 1031 4327 proﬁciat,
1052 4257 1243 4313 habeat
1276 4258 1674 4314 excusationem
1702 4258 1983 4328 majorem,

397 4361 465 4401 eo
489 4347 631 4417 quod
661 4347 795 4403 nihil
817 4349 1224 4419 praetermiserit
1250 4348 1389 4420 quod
1417 4349 1483 4405 ad
1510 4364 1569 4405 se
1597 4351 1910 4421 pertineret.

470 4440 803 4495 Erret-renda
829 4440 1211 4496 Sodomitarum
1228 4442 1466 4513 nequitia.
1497 4464 1567 4484 —-
1593 4442 1649 4499 ld
1671 4458 1798 4499 sane
1818 4451 1873 4500 ct
1900 4443 1992 4499 hic

402 4534 596 4587 luctum
619 4540 722 4587 est.
749 4532 939 4589 Justus
964 4534 1111 4590 enim
1136 4534 1224 4588 hic
1260 4534 1350 4604 qui
1380 4534 1694 4590 versabatur
1712 4536 1767 4589 in
1810 4535 1987 4591 medio

403 4626 640 4691 illorum,
670 4626 832 4680 etiam
862 4627 941 4681 sic
957 4626 1152 4682 mansit
1172 4626 1369 4697 justus,
1400 4627 1735 4699 multamque
1748 4628 1986 4698 philoso-

402 4717 585 4785 phimn
633 4717 919 4773 exhibuit:
952 4717 1029 4772 illi
1081 4725 1265 4773 autem
1307 4729 1590 4790 propterea
1642 4710 1993 4775 omni'vcnia

400 4819 525 4866 Sunt
553 4811 813 4880 destituti,
860 4809 1011 4881 quod
1041 4824 1147 4866 non
1194 4811 1366 4866 solum
1389 4822 1421 4867 a
1449 4812 1648 4867 malitia
1678 4826 1787 4867 non
1806 4824 1993 4867 cessu~

400 4906 533 4971 rint,
558 4903 652 4959 sed
677 4912 734 4961 et
755 4902 925 4974 magis
946 4915 1067 4959 eam
1090 4904 1352 4958 auxerint.
1386 4897 1688 4959 Vide—enim
1720 4921 1734 4956 :
1765 4902 1997 4958 Circumu

398 4998 668 5063 dederunt,
714 4996 904 5067 inquit,
947 4994 1154 5050 domm
1188 5010 1222 5049 α
1250 4995 1439 5067 juvene
1481 5008 1634 5063 usque
1685 4995 1754 5049 ad
1796 5009 1987 5060 senem,

401 5091 567 5145 omnis
591 5089 815 5161 populus
836 5089 1007 5144 simul.
1035 5088 1254 5146 Summa
1280 5088 1501 5143 malitia:
1524 5088 1869 5158 conspiratio,
1895 5100 1993 5142 ve-

402 5182 625 5237 hemens
660 5181 803 5237 male
838 5181 1029 5253 ageridi
1060 5182 1317 5251 studium,
1370 5181 1740 5237 inenarrabilis
1766 5194 1993 5252 perver-

404 5272 578 5327 sitatis
618 5273 953 5345 magnitudo,
1003 5282 1228 5331 conatus
1255 5274 1400 5330 nulla
1417 5274 1573 5330 venia
1600 5273 1813 5345 dignus.
1838 5272 1881 5326 Α
1901 5274 1992 5342 ju-

405 5376 561 5427 rene,
599 5361 792 5433 inquit,
847 5378 1006 5436 usque
1045 5366 1114 5419 ad
1148 5381 1337 5422 senem.
1377 5363 1493 5421 Non
1524 5365 1730 5428 solum,
1776 5363 1989 5434 inquit,

401 5456 656 5527 iuventus
687 5455 802 5510 hare
822 5457 966 5511 maia
987 5458 1291 5529 inquirebat
1316 5475 1330 5509 τ
1368 5457 1536 5513 sedet
1574 5464 1841 5528 prereette
1862 5465 1995 5510 teta-

408 5550 478 5603 tis
526 5548 921 5614 viriaaderant,
979 5558 1034 5606 et
1085 5550 1261 5605 omnis
1313 5550 1540 5621 populus
1582 5549 1761 5605 simul.
1805 5547 1997 5618 Neque

409 5639 798 5697 erubescebant
821 5650 926 5695 tam
954 5650 1128 5709 turpe,
1154 5650 1368 5712 tamque
1394 5641 1677 5711 impudens
1709 5639 1993 5711 ﬂagitium,

410 5747 585 5803 neque
614 5734 914 5789 insomnem
942 5728 1153 5785 oculum
1194 5731 1531 5801 cogitabant,
1568 5745 1745 5803 neque
1790 5730 1992 5801 justum

1083 268 1141 323 S.
1183 253 1467 323 JOANNIS
1497 248 1951 313 ειιῐιγεοετοιι

2127 243 2336 303 CHIEP.
2368 241 2900 303 CONSTANTINOP.

3553 237 3657 293 ‘00

2069 357 2483 424 reverebantur,
2499 371 2675 428 neque
2698 357 2765 413 iis
2788 368 2923 425 quos
2951 351 3192 424 hospites
3209 349 3611 409 arbitrabantur
3640 388 3661 413 ,

2070 453 2271 524 quique
2322 450 2463 521 apud
2508 450 2716 521 justum
2745 448 3078 506 diverterant
3110 446 3479 517 hospitalitate
3530 443 3663 497 iusi-

2069 558 2227 615 gnem
2252 582 2268 609 ,
2312 541 2605 612 parcebant
2634 558 2649 597 :
2683 539 2779 597 sed
2811 539 3016 610 absque
3035 536 3257 605 rubore,
3286 544 3343 592 et
3370 533 3559 600 nudo,
3605 541 3671 593 ut

2070 636 2255 700 aiunt,
2285 634 2489 703 capite,
2513 632 2750 693 libidinis
2774 645 2890 689 sua:
2926 630 3088 693 verba
3114 629 3387 696 dicentes,
3403 641 3662 684 accessa.

2070 736 2216 795 runt,
2243 737 2299 784 et
2345 736 2536 785 vocato
2560 726 2731 797 justo,
2762 725 3015 781 dixerunt
3033 723 3084 779 ei
3110 740 3125 778 :
3160 721 3259 778 Ubi
3284 730 3407 778 sunt
3431 719 3539 777 siti
3580 721 3667 789 qui

2069 821 2426 893 ingreuisunt
2452 823 2539 875 ad
2568 820 2694 874 vos?
2714 817 2865 872 Edita
2907 833 3029 881 eos,
3070 823 3124 870 ut
3149 828 3525 885 cognoscamus
3562 827 3671 865 eos.

2070 915 2298 984 Propter
2338 913 2480 971 hunc
2522 927 2711 970 eorum
2759 911 3002 966 illicitum
3025 917 3309 973 conatum,
3337 916 3398 962 et
3444 904 3673 976 impiam

2071 1004 2483 1077 perversitatem
2508 1045 2524 1072 ,
2577 1003 2769 1073 Opinor
2808 1002 3012 1070 justum
3046 1013 3221 1069 usque
3251 997 3322 1057 ad
3373 1010 3673 1067 vesperam

2072 1096 2301 1163 sedisse,
2331 1103 2481 1153 utne
2504 1094 2708 1153 sineret
2736 1093 2971 1149 viatores
2994 1091 3208 1163 ignaros
3232 1088 3479 1145 incidere
3510 1087 3567 1142 in
3596 1088 3668 1143 il-

2071 1188 2248 1245 lorum
2270 1187 2512 1258 laqueos.
2542 1187 2608 1241 Et
2628 1184 2804 1255 justus
2829 1182 3046 1255 quidem
3070 1197 3197 1239 cum
3214 1179 3588 1250 hospitalitate
3611 1188 3675 1235 et

2072 1293 2265 1350 magna
2289 1277 2539 1349 pudicitia
2566 1275 2702 1332 hanc
2726 1290 2940 1346 quoque
2965 1273 3210 1329 adhibuit
3228 1272 3594 1342 diligentiam,
3612 1279 3671 1324 ut

2070 1385 2262 1431 omnes
2284 1379 2669 1441 pmtereuutes
2699 1368 3019 1438 susciperet,
3049 1364 3333 1436 nullusque
3371 1378 3501 1420 eum
3536 1362 3667 1418 late-

2071 1475 2193 1533 ret,
2219 1465 2343 1522 licet
2370 1478 2465 1522 eos
2502 1471 2627 1518 tunc
2673 1478 2784 1517 non
2810 1459 3029 1531 angelos
3060 1500 3078 1525 ,
3117 1457 3217 1514 sed
3258 1455 3513 1512 homines
3550 1469 3671 1510 esse

2077 1566 2311 1631 putaret.
2344 1556 2500 1629 [mpii
2524 1565 2704 1617 autem
2730 1555 2809 1611 illi
2834 1563 3188 1627 praeterquam
3225 1549 3368 1622 quod
3394 1549 3535 1604 nihil
3566 1548 3672 1603 tale

2072 1653 2323 1723 agebant,
2351 1651 2509 1724 quale
2538 1649 2718 1721 justus
2743 1647 2853 1714 ille,
2882 1662 2943 1702 ea
2974 1645 3151 1702 solum
3196 1651 3521 1715 perpetrare
3547 1648 3666 1695 stu-

2072 1744 2275 1802 debant
2295 1785 2313 1811 ,
2353 1758 2473 1816 quur
2498 1742 2789 1815 nequitiam
2811 1754 3025 1797 omnem
3055 1738 3215 1809 longe
3243 1734 3532 1793 intervallo
3578 1748 3669 1790 su-

2074 1845 2347 1910 perarent.
2394 1837 2620 1907 Propter
2641 1835 2744 1891 hoc
2766 1848 2897 1905 ergo
2928 1833 2983 1887 in
3009 1832 3187 1903 platea
3207 1828 3460 1887 volebant
3482 1841 3670 1882 mane-

2072 1947 2154 1999 re,
2185 1940 2244 1987 ut
2271 1930 2467 1986 darent
2497 1928 2649 1999 justo
2673 1920 3345 1985 occasioncmdeclarandi
3376 1919 3670 1990 hospitali-

2076 2034 2241 2083 tatem
2267 2039 2392 2096 crga
2417 2024 2564 2095 ipsos
2583 2034 2757 2087 suam,
2777 2030 2833 2078 et
2856 2028 3218 2081 monstrarent
3241 2017 3292 2074 ei
3308 2017 3487 2087 reipsa
3506 2029 3673 2085 quam

2073 2118 2231 2190 digne
2250 2116 2525 2187 suppliciis
2549 2115 2625 2170 illi
2648 2115 3003 2185 plecterentur
3031 2109 3128 2182 qui
3162 2110 3214 2164 in
3243 2117 3355 2164 tam
3395 2106 3669 2179 stupenda

2073 2209 2273 2281 ﬂagitia
2317 2213 2746 2279 prorumperent.

2146 2303 2202 2359 Δ.
2250 2300 2359 2357 Sed
2402 2300 2681 2356 videamus
2732 2297 2802 2354 de
2835 2305 3035 2353 caetero
3082 2294 3359 2365 ingentem.
3389 2290 3525 2362 justi
3572 2289 3673 2345 viri

2077 2394 2353 2450 virtutem.
2382 2391 2435 2448 6.
2463 2390 2733 2462 Egressus,
2761 2387 2963 2458 inquit,
2989 2386 3059 2441 ad
3081 2401 3166 2440 eos
3206 2384 3276 2439 ad
3318 2382 3625 2439 uestibulum
3649 2420 3673 2447 ,

2068 2490 2290 2561 junuaut
2333 2484 2537 2557 quidem
2562 2482 2749 2539 clausit
2771 2490 2884 2553 post
2902 2496 2982 2545 se,
3006 2479 3231 2549 ditatque
3275 2476 3349 2531 ait
3372 2492 3484 2531 eos.
3536 2473 3674 2528 Vide

2076 2576 2351 2651 quomodo
2379 2577 2532 2635 timet
2554 2574 2761 2646 justus,
2783 2582 2840 2629 et
2870 2570 3055 2628 tremit
3071 2584 3169 2641 pro
3212 2568 3488 2637 hospitum
3516 2580 3673 2621 secu-

2076 2673 2254 2728 ritate.
2290 2668 2472 2740 Neque
2514 2667 2659 2725 enim
2688 2673 2894 2721 tantum
2917 2663 3139 2734 iamiam
3182 2659 3375 2719 clausit
3422 2665 3550 2729 post
3589 2670 3670 2721 se,

2078 2761 2174 2820 sed
2190 2761 2369 2817 sciens
2390 2774 2577 2817 eorum
2608 2756 2869 2815 insaniam
2895 2764 2952 2810 et
2977 2752 3279 2817 audaciam,
3308 2759 3364 2805 et
3387 2748 3672 2820 suspicans

2079 2869 2271 2913 eorum
2298 2852 2679 2918 temeritatem,
2706 2847 2919 2907 deinde
2948 2846 3124 2917 inquit
3160 2843 3235 2900 ad
3280 2858 3418 2898 eos:
3453 2840 3673 2909 Nequa-

2082 2962 2261 3020 quam,
2290 2950 2496 3018 fratres.
2546 2942 2743 3013 Orjnsti
2786 2940 2889 2996 viri
2938 2935 3305 2995 tolerantiam!
3335 2949 3377 2988 or
3396 2933 3675 3004 ingentem

2081 3038 2472 3097 humilitatem!
2508 3036 2635 3094 llee
2670 3048 2799 3091 vera
2826 3032 2995 3091 virtus
3018 3039 3132 3095 est,
3159 3029 3233 3087 ita
3264 3035 3557 3084 mansuete
3594 3024 3677 3079 al.-

2080 3135 2226 3206 loqui
2257 3133 2393 3190 tales
2426 3131 2703 3188 homines.
2728 3127 2915 3185 Nullus
2959 3125 3109 3185 enim
3132 3138 3335 3194 :egrum
3357 3122 3556 3177 volens
3581 3133 3678 3175 cu—

2081 3242 2225 3294 rare,
2250 3235 2304 3282 et
2342 3220 3013 3289 iusanientemeastigare,
3036 3230 3158 3275 eum
3193 3212 3477 3271 iracundia
3500 3221 3561 3268 et
3586 3224 3679 3265 au-

2082 3319 2326 3376 steritate
2355 3315 2460 3372 hoe
2484 3312 2634 3370 facit.
2666 3312 2735 3369 Et
2756 3309 3122 3369 animadverte
3149 3304 3422 3378 quomodo
3444 3318 3565 3369 eos,
3588 3302 3679 3373 qui

2083 3420 2194 3467 tam
2229 3407 2461 3466 absurda
2514 3415 2729 3477 patrare
2774 3403 3051 3467 volebant.
3076 3399 3277 3459 fratres
3306 3406 3489 3462 vocat,
3522 3405 3589 3452 ut
3627 3403 3683 3451 et

2083 3518 2271 3562 eorum
2299 3500 2659 3558 conscientias
2689 3504 2955 3570 tangeret.
2972 3503 3087 3556 eta
3100 3492 3301 3551 nefario
3322 3489 3528 3561 ﬂagitio
3556 3489 3683 3545 illos

2086 3596 2393 3653 abduceret.
2429 3592 2807 3664 Nequaquam,
2859 3588 3047 3659 inquit,
3083 3582 3681 3659 fratres;.notiuiuiqu¢

2087 3704 2256 3763 agere.
2307 3688 2457 3746 Nihil
2484 3688 2595 3743 tale
2620 3684 2867 3757 cogitetis
2890 3723 2907 3752 ,
2934 3696 3007 3738 ne
3029 3677 3323 3739 admittatis
3354 3685 3466 3732 tum
3513 3689 3683 3746 grass

2087 3785 2267 3843 scelus
2288 3783 2344 3838 in
2371 3788 2606 3838 mentem
2631 3788 2891 3840 vestram,
2920 3786 2995 3831 ne
3009 3781 3252 3831 naturam
3291 3770 3467 3840 ipsum
3492 3766 3685 3822 tradu-

2088 3880 2246 3946 catis,
2293 3893 2361 3934 no
2383 3874 2603 3933 illicitos
2630 3870 2945 3943 excogitetis
2967 3868 3142 3925 coitus
3169 3881 3183 3918 :
3205 3862 3300 3923 sed
3324 3864 3372 3918 si
3398 3860 3687 3919 volueritis

2089 3972 2313 4028 insaniae
2361 3976 2559 4025 vestrae
2602 3965 2843 4023 furorem
2886 3958 3229 4024 demulcere,
3266 3968 3367 4026 ego
3421 3951 3685 4023 quiddam

2089 4063 2363 4137 praebebo,
2405 4075 2516 4132 quo
2557 4057 2819 4129 ﬂagitium
2844 4062 3083 4110 vestrum
3110 4049 3278 4107 levius
3302 4047 3417 4104 ﬁat.
3453 4046 3513 4102 8.

2090 4136 2221 4211 inihi
2241 4155 2358 4209 dua:
2384 4153 2529 4223 ﬁliis,
2546 4164 2658 4221 quc
2684 4148 2819 4205 viros
2846 4160 2947 4202 non
2970 4148 3325 4215 cognoverunt.
3356 4137 3576 4207 Adhuc,
3605 4136 3687 4191 in-

2091 4250 2237 4322 quit,
2266 4249 2565 4317 inexperta
2618 4249 2746 4299 situt
2794 4237 3050 4309 nuptialis
3074 4245 3421 4307 congressus,
3467 4232 3688 4287 intacta:

2092 4352 2237 4409 sunt,
2262 4341 2486 4412 juvenes
2510 4342 2656 4402 sunt,
2684 4342 2744 4391 et
2769 4331 2944 4388 adhuc
2972 4330 3025 4389 in
3055 4327 3185 4383 ﬂore
3206 4323 3384 4383 aetatis
3409 4339 3426 4377 :
3458 4336 3557 4379 eas
3569 4337 3688 4377 om-

2093 4436 2251 4491 nibus
2280 4432 2550 4504 expositas
2577 4430 2674 4496 do,
2719 4436 2775 4483 et
2797 4424 3007 4482 utimini
3032 4422 3111 4479 eis
3131 4420 3269 4476 sicut
3295 4415 3457 4473 vobis
3484 4415 3686 4487 placet.

2095 4527 2359 4599 Acceptis
2395 4525 2503 4580 illis
2528 4565 2543 4591 ,
2574 4521 2765 4592 inquit,
2794 4517 3009 4588 explete
3034 4522 3264 4570 vestram
3292 4510 3349 4564 in
3389 4509 3476 4565 eis
3507 4507 3690 4565 libidi-

2095 4637 2219 4678 nem
2245 4663 2260 4686 ,
2308 4627 2365 4675 et
2432 4616 2701 4685 indulgete
2752 4621 2945 4666 vestrm
2986 4606 3140 4665 malae
3190 4599 3686 4673 concupiscebam:

2095 4716 2321 4771 Tantm
2358 4711 2564 4767 invii-es
2588 4708 2705 4762 illos
2732 4705 2860 4760 nihil
2891 4700 3109 4774 feceritis
3135 4697 3386 4768 iniquunt,
3415 4702 3689 4764 praptaea

2094 4808 2230 4881 quod
2253 4808 2565 4861 intraverunt
2591 4800 2685 4856 sub
2702 4809 2834 4853 tecta
2857 4797 3111 4867 tignorum
3132 4805 3374 4846 mearum.
3395 4785 3687 4855 Question,

2100 4899 2291 4969 inquit,
2318 4895 2469 4966 coegi
2499 4908 2593 4949 eos
2615 4902 2673 4947 et
2710 4888 2892 4944 induxi
2922 4885 3249 4941 subiectum
3284 4893 3491 4944 meum,
3520 4885 3585 4935 ut
3624 4890 3691 4930 ne

2100 4968 2228 5045 mihi
2270 4986 2611 5043 adscribatur
2660 4980 2911 5051 iniquitas
2942 4977 2993 5032 in
3022 4989 3119 5032 eos
3141 4980 3371 5043 patrata,
3395 4978 3453 5025 et
3481 4983 3587 5040 ego
3614 4968 3689 5023 eis

2099 5091 2286 5137 auctor
2306 5079 2406 5133 sim
2428 5074 2795 5135 mutumellte,
2822 5070 3022 5127 idcirco
3064 5080 3161 5136 pro
3183 5064 3265 5120 eis
3282 5062 3418 5117 duas
3442 5075 3602 5117 meas
3635 5052 3696 5106 ﬁ-

2098 5174 2198 5228 lias
2224 5172 2315 5233 de,
2347 5178 2407 5225 ut
2438 5168 2513 5223 illi
2560 5180 2591 5221 a
2618 5163 2867 5221 manibus
2892 5159 3089 5215 vestris
3130 5154 3451 5211 liberentur.
3477 5151 3691 5218 Quanta

2096 5266 2223 5339 jtnti
2255 5262 2465 5319 virtus?
2491 5274 2705 5316 munem
2754 5257 3005 5311 virtutem
3058 5246 3439 5319 bospitaiitatis
3467 5258 3691 5316 supera-

2100 5335 2194 5413 vit.
2230 5355 2367 5426 Quid
2399 5354 2542 5410 enim
2590 5351 2710 5423 quis
2755 5348 2885 5420 justi
2942 5345 3102 5414 hujus
3128 5340 3456 5412 benignitate
3485 5348 3571 5393 ut
3604 5335 3689 5392 di-

2100 5465 2263 5522 gnum
2294 5444 2599 5520 protulerit,
2628 5442 2722 5513 qui
2770 5452 2945 5510 neque
2968 5435 3177 5492 ﬁliabus
3216 5444 3442 5503 parcere
3471 5428 3642 5484 voluit
3668 5466 3686 5493 ,

2102 5554 2162 5599 ut
2185 5540 2465 5596 exhiberet
2491 5534 2789 5607 hospitibus
2816 5532 3099 5593 honorem,
3126 5533 3182 5584 et
3228 5524 3485 5580 liberaret
3525 5534 3621 5576 eos
3656 5537 3685 5573 τι

2106 5632 2455 5705 perversitate
2480 5623 2919 5685 Sodomitarum?
2947 5621 3013 5677 Et
3046 5620 3135 5675 ille
3168 5616 3387 5689 quidem
3416 5614 3689 5705 illiasstzas

2109 5702 2397 5797 prostituit,
2445 5730 2504 5779 ut
2550 5718 2788 5792 hospites
2817 5715 3047 5772 viatores
3077 5712 3293 5781 (iterum
3323 5708 3469 5764 enim
3500 5702 3681 5761 eadem
