3792 6310
91 258 202 315 309

82 373 486 438 ἀντιτείνοντας
517 375 611 429 καὶ
633 377 712 439 είς
739 376 838 446 τὴν
874 376 1129 430 πλατεῖαν
1163 377 1466 432 καταλῦσαι
1498 378 1759 450 βουλομέ-

84 478 218 525 νους
239 461 421 530 (τοῦτο
449 461 504 514 δέ
539 462 754 516 ἐποίουν
780 463 829 516 οἱ
856 463 1098 533 ἄγγελοι,
1145 467 1237 520 ἐπὶ
1265 465 1425 520 πλέον
1460 465 1763 536 ἐκκαλύψαι

80 547 188 618 τὴν
209 549 412 619 ἀρετὴν
438 548 747 620 βουλόμενοι
796 551 888 605 τοῦ
935 552 1167 616 δικαίου,
1196 553 1288 607 καὶ
1312 553 1599 608 παιδεῦσαι
1629 553 1765 607 πάν-

80 651 189 698 τας
212 637 382 706 ἡμᾶς,
416 638 515 709 ὅση
545 638 709 691 αὐτοῦ
736 641 769 710 ἡ
802 639 1116 710 φιλοξενία),
1151 641 1337 695 λοιπὸν
1365 642 1524 705 αὐτὸς
1553 643 1652 695 οὐκ
1681 641 1764 694 ἐτι

80 724 346 793 ἀνέχεται
373 725 459 778 διὰ
485 725 660 794 λόγων
687 726 786 795 τὴν
814 727 1157 798 παράκλησιν
1180 728 1466 793 ποιεῖσθαι,
1497 727 1633 782 ἀλλά
1670 730 1764 782 καὶ

81 809 213 880 βίαν
241 811 538 883 ἐπιτίθησι.
562 813 661 868 Διά
689 813 844 867 τοῦτο
864 814 956 867 καὶ
981 817 1009 868 6
1037 815 1270 885 Χριστὸς
1307 814 1481 883 ἐλεγεο
1509 814 1759 869 Βιασταί

77 898 420 967 ἁρπάζουσι
466 900 583 970 τὴν
619 902 948 966 ,βασιλείαν
982 902 1102 955 τῶν
1132 901 1419 970 οὐρανῶν.
1455 902 1620 956 Ἔνθα
1650 905 1759 973 γὰρ

78 986 150 1039 ἂν
188 987 564 1059 πνευματικὸν
602 989 886 1060 πρόκειται
929 990 1141 1060 κέρδος,
1183 988 1436 1061 εὔκαιρος
1478 991 1511 1060 ὴ
1544 990 1757 1062 ἀνάγκη

77 1075 178 1127 καὶ
208 1076 241 1144 ἡ
279 1074 374 1145 βία
405 1077 680 1149 ἐπαινετή.
713 1077 820 1131 Καὶ
848 1075 1230 1142 κατεϐιιίζετο,
1279 1076 1463 1146 φησὶν,
1515 1078 1756 1144 αὐτούς.

89 1163 254 1232 Ἐμοὶ
288 1162 437 1215 δοκεῖ
459 1165 553 1215 καὶ
573 1162 802 1227 ἀκοντας
825 1163 1019 1227 αὐτοὺς
1040 1164 1236 1216 ἐλκειν.
1269 1159 1400 1216 Εἶτα
1419 1163 1607 1235 ἐπειδὴ
1624 1160 1761 1217 εῐδον

71 1247 170 1302 τὸν
194 1249 408 1303 δίκαιον
426 1249 588 1320 ἔργον
625 1250 781 1304 τοῦτο
804 1250 1105 1320 τιθέμενον,
1137 1251 1230 1304 καὶ
1259 1250 1318 1302 οὐ
1344 1250 1612 1322 πρότερον
1656 1251 1762 1320 ἀφ-

73 1337 407 1409 ιστάμενον,
439 1339 488 1390 εἰ
517 1338 594 1410 μὴ
622 1337 683 1392 τὸ
709 1339 1138 1408 σπουδαζόμενον
1169 1337 1317 1408 αὐτῷ
1343 1340 1420 1401 είς
1440 1337 1599 1410 ἔργον
1626 1339 1762 1407 ἀγά-

69 1439 190 1490 γοι,
240 1421 610 1487 Ἐξέκλιναν,
645 1422 797 1492 φησὶ,
821 1421 970 1490 πρὸς
996 1419 1201 1485 αὑτὸν,
1235 1421 1333 1475 καί.
1368 1421 1657 1488 εἰσῆλθον
1676 1424 1762 1487 εὶς

70 1512 185 1564 τὸν
216 1511 619 1566 οἷκοναὺτοῦ.
666 1511 778 1566 Καὶ
819 1510 1109 1577 ἐποίησεν
1138 1509 1341 1576 αὐτοῖς
1370 1508 1520 1582 [459]
1551 1511 1759 1573 πότον,

67 1599 177 1652 καὶ
210 1597 477 1668 ἀζύμους
525 1601 756 1668 ἐπεψεν
815 1597 1041 1662 αὐτοῖς,
1076 1597 1176 1650 καὶ
1232 1598 1462 1666 ἔφατον
1497 1597 1612 1666 πρὸ
1653 1599 1761 1654 τοῦ

66 1681 464 1752 κοιμηθῆναι.
521 1678 675 1746 Εἶδες
707 1683 802 1736 καί⁸
827 1681 1062 1736 ἐνταῦθα
1089 1683 1192 1736 οὐκ
1215 1683 1274 1736 ἐν
1314 1681 1382 1752 τῇ
1441 1682 1762 1753 πολυτελείᾳ

62 1771 172 1840 τῆς
209 1769 497 1842 τραπέζης
518 1769 616 1842 τὴν
637 1770 940 1840 φιλοξενίαν
961 1769 1426 1841 ἐπιδεικνυμένην,
1457 1770 1592 1825 ἀλλά
1605 1771 1662 1824 ἐν
1693 1773 1758 1842 τῇ

61 1859 339 1929 δαψιλείᾳ
363 1859 462 1929 τῆς
489 1857 742 1930 γνώμης;
784 1859 1000 1930 Ἐπειδὴ
1027 1859 1135 1930 γὰρ
1156 1861 1377 1930 ἴσχυσεν
1405 1859 1602 1922 αὐτοὺς
1652 1861 1760 1914 εισ-

62 1949 317 2015 αγαγεῖν
350 1948 431 2010 είς
463 1947 553 2000 τὸν
583 1941 730 2000 οἶκον
755 1945 945 2010 αὐτοῦ,
969 1946 1171 2011 εὐθέως
1200 1946 1270 2000 τά
1312 1947 1414 2018 τῆς
1460 1947 1760 2016 φιλοξενίας

61 2035 448 2088 ἐπεδείκνυτο.
475 2034 586 2088 Καὶ
613 2035 820 2098 ἐκεῖνος
855 2034 952 2105 μὲν
985 2035 1120 2106 πρὸς
1148 2033 1246 2106 τὴν
1267 2034 1560 2107 θεραπείαν
1581 2035 1758 2089 αὐτῶν

60 2122 548 2196 παρεσκευάζετο,
581 2123 673 2174 καὶ
693 2121 761 2174 τά
799 2122 897 2193 τῆς
925 2121 1220 2186 ἑστιάσεως
1245 2124 1496 2194 παρεῖχε,
1528 2125 1622 2176 καὶ
1654 2124 1758 2177 πᾶα

57 2230 168 2266 σαν
191 2211 545 2266 ἐπεδείκνυτο
568 2209 734 2282 τιμὴν
781 2211 875 2264 καὶ
909 2209 1202 2282 θεραπείαν
1260 2210 1396 2281 πρὸς
1428 2213 1554 2276 τοὺς
1581 2229 1760 2284 παρα-

54 2301 430 2371 γενομένους,
475 2298 794 2370 ἀνθρώπους
832 2297 1031 2362 αὐτούς
1090 2315 1242 2361 τινας
1272 2298 1450 2362 δδίτας
1490 2296 1630 2352 εἶναι
1674 2316 1760 2352 νο·

56 2388 272 2458 μίζων.
305 2389 372 2440 Οί
408 2385 478 2439 δὲ
514 2385 730 2454 ἄνδρες
759 2385 870 2454 τῆς
892 2387 1124 2450 πόλεως
1145 2386 1198 2438 oi
1232 2384 1540 2454 Σοδομῖται
1599 2399 1761 2454 περι-

51 2477 441 2530 εκύκλωσαν
465 2474 582 2542 τὴν
613 2475 812 2528 οὶκίαν
856 2472 976 2528 ἀπὸ
1014 2474 1343 2530 νεανίσκου
1369 2474 1480 2540 ἕως
1509 2476 1760 2544 πρεσϐυ-

50 2565 268 2632 τέρου,
309 2561 429 2628 πᾶς
456 2565 490 2617 ό
513 2563 663 2628 λαὸς
692 2561 833 2631 ἅμα,
864 2561 962 2614 καὶ
1007 2561 1409 2626 ἐξεκαλοῦντο
1443 2561 1555 2615 τὸν
1603 2561 1756 2628 Λὼτ,

50 2654 160 2707 καὶ
198 2654 426 2722 ἔλεγον
455 2653 606 2720 πρὸς
641 2653 846 2706 αὐτόν·
880 2650 1007 2727 Ποῦ
1043 2653 1200 2705 εἰσιν
1226 2654 1281 2705 οἱ
1307 2649 1522 2722 ἄνδρες
1549 2657 1602 2707 οι
1632 2656 1758 2706 εισ-

48 2741 357 2806 ελθόντες
439 2740 590 2809 πρὸς
641 2739 718 2793 σὲ
767 2739 884 2808 τὴν
914 2740 1140 2803 νύκτα;
1209 2738 1492 2809 Ἐξὰγαγε
1534 2740 1760 2806 αὐτοὺς

47 2830 219 2898 πρὸς
245 2826 432 2900 ἡμᾶς,
467 2829 569 2882 ἵνα
603 2827 1025 2898 συγγενώμεθα
1045 2827 1266 2894 αὐτοῖς.
1305 2827 1397 2899 Μὴ
1427 2827 1612 2891 ἁπλῶς
1657 2846 1758 2881 πα-

51 2918 476 2989 ραδράμωμεν,
508 2916 805 2986 ἀγαπητοὶ,
837 2915 908 2968 τὰ
935 2914 1218 2987 εἰρημένα,
1254 2915 1388 2986 μηδὲ
1425 2915 1582 2986 μόνον
1634 2914 1757 2970 τού-

44 3024 172 3060 των
205 3005 416 3074 ἴδωμεν
441 3003 538 3074 τὴν
574 3003 772 3075 μανίαν
797 3002 896 3074 τὴν
948 3003 1130 3074 πάσης
1152 3001 1480 3074 συγγνώμης
1527 3003 1756 3057 ἀπεστε-

51 3095 354 3165 ρημένην·
404 3091 519 3144 ἀλλ’
576 3092 961 3163 ἐννοήσωμεν,
1007 3091 1125 3156 πῶς
1175 3093 1203 3145 6
1250 3091 1454 3154 δίκαιος
1511 3094 1567 3144 ἐν
1607 3092 1757 3164 μέσῳ

43 3182 340 3236 τοιούτων
370 3179 575 3252 θηρίων
596 3180 768 3244 οὕτως
801 3180 1103 3240 ἀλλοκίίτων
1125 3179 1308 3244 οἰκῶν,
1326 3179 1468 3232 οὕτω
1497 3180 1756 3251 διέλαμψε

45 3275 153 3327 καὶ
184 3271 466 3342 τοσαύτης
485 3271 688 3343 ἀρετῆς
708 3270 1012 3342 ὑπερϐολὴν
1035 3270 1362 3336 ἐπεδείξατο,
1378 3271 1498 3334 πῶς
1516 3272 1757 3340 ἐνεγκεῖν

44 3359 317 3432 ἠδυνήθη
346 3359 446 3430 τὴν
467 3357 697 3430 ἀνομίαν
728 3358 930 3423 αὐτῶν,
973 3358 1088 3421 πῶς
1109 3359 1210 3411 οὐκ
1247 3359 1414 3429 ἔφυγε
1441 3360 1539 3431 τὴν
1571 3360 1756 3414 αὐτόθι

39 3450 318 3519 οἴκησιν,
351 3446 468 3510 πῶς
485 3449 583 3518 τῆς
613 3447 751 3518 πρὸς
771 3447 968 3508 αὐτοὺς
993 3446 1277 3512 διαλέξεως
1322 3449 1583 3518 ἠνείχετο.
1614 3449 1754 3514 Πῶς,

40 3537 172 3607 ἐγὼ
191 3536 374 3606 λέγω.
406 3535 678 3608 Προειδὼς
711 3537 739 3588 6
757 3536 865 3588 τῶν
890 3534 1030 3588 ὅλων
1061 3535 1336 3606 Δεσπότης
1359 3536 1453 3608 τὴν
1485 3537 1758 3608 ὑπερϐάλ-

38 3628 272 3680 λουσαν
320 3623 498 3676 αὐτῶν
525 3623 808 3695 πονηρίαν,
863 3622 1179 3694 ᾡκονόμησε
1213 3623 1304 3676 τὸν
1329 3624 1536 3678 δίκαιον
1570 3625 1756 3679 τοῦτον

37 3711 263 3768 αὐτόθι
293 3711 640 3788 κατοικῆσαι,
667 3711 753 3764 ἵνα
781 3711 1032 3782 καθάπερ
1068 3712 1249 3783 ἰατρὸς
1275 3711 1495 3782 ἄριστος
1532 3713 1638 3766 τῶν
1655 3715 1756 3785 d9-

37 3800 460 3873 ρωστημάτων
513 3799 692 3854 αὐτῶν
733 3799 1113 3870 περιγενέσθαι
1155 3799 1378 3871 δυνηθῇ.
1437 3800 1577 3853 Ἀλλ’
1615 3799 1757 3872 ὁρῶν

33 3891 274 3952 αὐτοὺς
308 3887 505 3941 ἀνίατα
545 3887 857 3952 νοσοῦντας,
889 3887 982 3940 καὶ
1021 3886 1289 3958 μηδεμίαν
1320 3887 1612 3959 θεραπείαν
1639 3891 1757 3941 ἐπιο

31 3975 340 4045 δέξασθαι
371 3974 755 4046 βουλομένους,
781 3974 902 4028 οὐδὲ
927 3974 1099 4038 οὕτως
1143 3975 1456 4044 ἀφίσταται.
1510 3975 1759 4031 Τοιοῦτον

33 4065 168 4134 γὰρ
204 4062 238 4114 6
277 4059 486 4130 ίατρόςο
527 4057 632 4112 κᾶν
661 4059 744 4130 ἴδῃ
779 4059 845 4112 τά
874 4058 1020 4129 πάθη
1057 4057 1294 4112 νικῶντα
1317 4059 1417 4130 τὴν
1446 4059 1662 4131 τέχνην,
1695 4061 1756 4114 οὐ

31 4146 320 4200 παύεται
348 4143 416 4196 τὰ
443 4144 572 4214 παρ’
618 4141 814 4196 ἐαυτοῦ
843 4142 1086 4214 πληρῶν,
1113 4142 1222 4210 ἵνα,
1257 4141 1323 4196 ἂν
1353 4142 1454 4214 μὲν
1483 4144 1562 4214 τῷ
1585 4145 1758 4217 χρόνῳ

28 4227 491 4299 ἀνακτήσασθαι
509 4239 534 4268 α
574 4228 772 4300 δυνηθῇ
795 4227 886 4280 τὸν
918 4227 1214 4299 κάμνοντα,
1238 4227 1387 4300 δείξῃ
1412 4229 1510 4300 τὴν
1535 4247 1757 4302 περιου-

32 4316 190 4367 σίαν
225 4312 337 4381 τῆς
355 4310 573 4380 τέχνης·
611 4312 659 4363 εί
711 4309 769 4364 δέ
798 4309 966 4382 μηδὲν
996 4310 1156 4363 πλέον
1183 4310 1359 4375 ἀνύει,
1399 4310 1497 4382 ἔχῃ
1531 4311 1631 4382 τὴν
1660 4329 1758 4382 με·

22 4399 267 4466 γίστην
304 4392 621 4460 ἀπολογίαν,
640 4394 722 4446 ὅτι
748 4394 900 4446 οὐδὲν
933 4393 1041 4446 τῶν
1073 4393 1460 4464 προσηκόντων
1490 4395 1570 4457 είς
1599 4393 1759 4447 αὐτὸν

24 4478 402 4552 παρέλιπεν·
435 4475 463 4528 δ
482 4475 547 4546 δὴ
574 4476 664 4528 καὶ
695 4475 928 4529 ἐνταῦθα
967 4475 1276 4546 γεγένηται.
1318 4476 1376 4527 '0
1426 4476 1523 4546 μὲν
1545 4476 1654 4546 γὰρ
1677 4476 1756 4528 δί-

21 4577 225 4623 καιος
251 4553 414 4622 οὗτος
447 4559 541 4612 καὶ
584 4557 790 4612 τούτων
824 4560 882 4612 ἐν
934 4559 1084 4630 μέσῳ
1136 4559 1627 4630 ἀναστρεφόμενος,
1665 4560 1757 4613 καὶ

19 4648 246 4708 οὕτως
283 4643 446 4714 ἔμενε
485 4643 693 4706 δίκαιος
727 4643 929 4714 πολλὴν
977 4643 1078 4712 τὴν
1126 4641 1442 4710 φιλοσοφίαν
1484 4641 1758 4698 ἐκδεικνύ-

18 4745 256 4805 μενος
303 4729 503 4782 ἐκεῖνοι
522 4727 579 4780 δέ
620 4727 714 4782 καὶ
745 4728 833 4782 διὰ
857 4727 1016 4781 τοῦτο
1041 4722 1184 4797 ἦσαν
1209 4726 1390 4798 πάσης
1431 4726 1758 4800 συγγνώμης

13 4811 540 4884 ἀπεστερημένοι,
587 4812 669 4866 δτι
699 4811 759 4864 οὐ
816 4810 976 4883 μόνον
1009 4810 1108 4863 οὐκ
1139 4809 1334 4880 ἔληξαν
1389 4810 1488 4881 τῆς
1537 4813 1753 4879 κακίας,

15 4897 198 4954 ἀλλὰ
226 4894 330 4947 καὶ
363 4892 558 4963 μᾶλλον
593 4895 762 4965 αὐτὴν
793 4894 1095 4948 ἐπέτειναν.
1134 4893 1275 4963 Ὅρα
1324 4893 1454 4964 γάρ’
1484 4897 1754 4963 Περιεκύ-

17 4991 350 5046 κλωσαν,
371 4981 523 5051 φησὶ,
538 4980 654 5049 τὴν
667 4981 863 5035 οὶκίαν
890 4981 1008 5035 ἀπὸ
1024 4981 1350 5035 νεανίσκου
1371 4981 1479 5048 ἕως
1503 4985 1759 5052 πρεσϐὐο

9 5091 188 5134 του,
235 5072 274 5124 ό
303 5067 458 5136 λαὸς
493 5068 633 5138 ἅμα.
688 5069 932 5142 Μεγίστη
967 5069 1068 5139 τῆς
1103 5069 1420 5141 πονηρίαςή
1447 5073 1755 5140 συμφωνία,

9 5153 244 5225 πολλὴ
290 5152 396 5223 τῆς
425 5153 625 5217 κακίας
675 5152 902 5224 ήφορά,
944 5153 1148 5222 ἀφατος
1177 5154 1275 5223 τῆς
1325 5155 1669 5225 παρανομίας
1724 5159 1758 5228 η

7 5240 380 5317 ὑπερϐολὴ,
429 5241 810 5310 ἀσύγγνωστος
859 5242 892 5312 ἠ
943 5241 1305 5312 ἐπιχείρησις.
1370 5241 1513 5296 Ἀπὸ
1563 5244 1758 5296 νεανί-

5 5345 260 5391 σκου,
295 5325 485 5396 φησὶν,
514 5324 627 5392 ἕως
665 5326 1025 5393 πρεσϐύτου.
1061 5326 1135 5378 υύ
1170 5325 1330 5395 μόνον
1356 5327 1390 5397 η
1423 5325 1631 5394 νεότης,
1653 5345 1758 5397 φη-

4 5420 157 5477 σὶν,
199 5406 285 5480 ἦν
323 5409 360 5479 ἠ
395 5407 465 5463 τὰ
486 5410 778 5480 παράνομα
806 5409 982 5464 ταῦτα
1013 5407 1366 5479 ἐπιζητοῦσα,
1426 5407 1563 5462 ἀλλὰ
1589 5409 1683 5463 καὶ
1707 5410 1758 5464 οἱ

4 5492 388 5572 πρεσϐῦται
422 5492 522 5564 τὴν
543 5493 782 5564 ἡλικίαν,
829 5494 926 5547 καὶ
962 5493 1119 5558 πᾶςό
1161 5491 1290 5556 λαὸς
1322 5492 1459 5563 ἅμα.
1495 5493 1605 5547 Καὶ
1635 5491 1758 5548 οὐτε

3 5587 142 5654 τὴν
179 5576 414 5646 τόλμαν
443 5575 542 5647 τὴν
569 5576 761 5647 ἀναιδῆ
791 5578 886 5630 καὶ
907 5577 1261 5647 ἀναίσχυντον
1281 5574 1484 5645 ταύτην
1512 5576 1756 5648 ᾐδοῦντο,

3 5667 180 5722 οὔτε
212 5659 316 5714 τὸν
343 5658 640 5730 ἀκοίμητον
663 5660 938 5731 ὀφθαλμὸν
955 5662 1036 5724 εἰς
1061 5659 1268 5714 ἔννοιαν
1291 5658 1614 5730 ἐλάμϐανον,
1632 5660 1754 5716 οὐτε

97 5801 134 5828 ο
203 5793 464 5858 Savil._el
485 5794 677 5858 quidam
707 5808 820 5858 ms}.
845 5796 914 5856 τῷ
937 5794 1094 5858 χρόνῳ
1122 5793 1440 5858 περιγένηται,
1482 5793 1755 5858 ἀνακτήσα-

7 5865 197 5917 σθαι,
227 5862 340 5918 etc,
365 5855 428 5918 Et
453 5857 598 5916 paulo
621 5865 731 5918 post
767 5855 916 5906 iidem
938 5855 1148 5918 'iiliquot
1169 5855 1454 5907 discrimina
1493 5857 1627 5918 parvi
1651 5870 1755 5907 mo-

4 5917 236 5976 menti
260 5917 523 5968 exhibent.

481 5963 753 6060 θλταοι.
800 6001 917 6062 Gn.
938 5963 1126 6064 ἰπν.

1215 263 1277 318 IN
1319 263 1473 322 CAP.
1513 263 1634 318 XIX
1671 262 1918 321 GENES.
1961 263 2196 322 IIOMIL.
2236 265 2412 322 XLIII.

3427 269 3557 346 ιοο,

1869 380 1959 434 τὸν
1985 381 2190 436 δίκαιον
2219 382 2530 454 ᾐσχύνοντο,
2581 380 2704 437 οὔτε
2737 381 2843 436 τῶν
2871 381 3035 447 ξένων
3054 381 3419 454 νομιζομένων
3442 384 3535 436 καὶ

1866 466 1961 519 ἐπὶ
2007 466 2105 538 τὴν
2157 469 2251 522 τοῦ
2309 468 2517 523 δικαίου
2550 467 2855 540 φιλοξενίαν
2905 467 3090 523 αὐτόθι
3120 468 3535 523 καταλυσάντων

1863 553 2174 622 ἐφείδοντο,
2218 557 2346 609 ἀλλ’
2395 557 2928 630 ἀπηρυθριασμένως
2973 557 3067 612 καί¹
3102 559 3305 630 γυμνῇ,
3337 555 3412 620 ώς
3454 557 3533 609 εί-

1863 643 2004 705 πεῖν,
2056 645 2122 714 τῇ
2154 643 2358 715 κεφαλῇ
2391 645 2459 699 τὰ
2510 645 2609 715 τῆς
2656 645 2940 712 ἀσελγείας
2978 647 3159 698 ἐκεῖνα
3203 648 3420 716 ῥήματα
3447 643 3534 695 λέ-

1863 745 2050 796 γοντες
2081 729 2229 803 [ΗΟ]
2257 733 2531 804 προσίασι,
2573 732 2666 786 καὶ
2694 732 3022 797 καλέσαντες
3053 733 3144 786 τὸν
3176 733 3402 792 δίκαιον,
3426 731 3534 784 ελε-

1863 831 1960 883 γον
1996 817 2133 887 πρὺς
2159 819 2343 871 αὐτόν’
2374 819 2497 873 Ποῦ
2538 821 2695 874 εἰσιν
2733 821 2783 873 οι
2829 818 3044 888 ἄνδρες
3069 821 3124 874 οί
3155 819 3534 884 εἰσελθόντες

1863 903 2014 972 πρὸς
2034 903 2188 973 ὑμᾶς
2213 923 2232 971 ;
2273 905 2559 978 Ἔξάγαγε
2591 907 2832 973 αὐτοὺς,
2859 908 2959 962 ἵνα
2989 907 3408 978 συγγενώμεθα
3427 907 3534 959 αὑ-

1862 992 2005 1059 τοῖς.
2033 992 2133 1047 Διά
2163 989 2365 1066 ταύτην
2397 995 2576 1050 αὐτῶν
2598 991 2750 1068 οἶμαι
2773 997 2870 1068 τὴν
2914 997 3277 1070 ἐπιχείρησιν,
3305 997 3398 1050 καὶ
3434 995 3533 1066 τὴν

1863 1082 2176 1152 παράνομον
2210 1083 2494 1154 πονηρίαν,
2530 1084 2622 1137 καὶ
2648 1085 2739 1156 τδν
2769 1085 2974 1138 δίκαιον
3011 1084 3171 1157 μέχρι
3233 1083 3331 1154 τῆς
3371 1081 3535 1137 ἐσπέ-

1866 1186 1964 1239 ρας
2001 1168 2449 1241 παρακαθῆσθαι,
2497 1169 2639 1224 ὥστε
2678 1172 2870 1243 μηδενὶ
2904 1172 3258 1243 συγχωρῆσαι
3285 1170 3394 1224 τῶν
3426 1171 3536 1224 ὁδι-

1861 1257 1968 1310 τῶν
1998 1258 2276 1326 ἀγνοοῦντι
2308 1262 2624 1328 περιπεσεῖν
2676 1261 2795 1324 ταῖς
2827 1258 3050 1312 ἐκείνων
3083 1258 3308 1328 πάγαις.
3358 1258 3467 1312 Καὶ
3505 1259 3534 1311 6

1865 1343 1963 1413 μὲν
1999 1344 2204 1409 δίκαιος
2234 1346 2371 1417 μετά
2397 1346 2497 1414 τῆς
2550 1345 2876 1414 φιλοξενίας,
2933 1345 3026 1398 καὶ
3051 1345 3150 1416 τῆς
3181 1344 3531 1417 σωφροσύνης

1860 1431 1959 1502 τῆς
2022 1433 2226 1497 οἰκείας
2277 1433 2717 1504 ἐπιδεικνύμενος
2775 1433 2873 1505 τὴν
2922 1432 3267 1506 ὑπερϐολὴν,
3325 1432 3530 1502 ταύτην

1860 1519 2095 1574 ἐποιεῖτο
2126 1521 2225 1589 τὴν
2257 1521 2488 1592 σπουδὴν
2530 1521 2672 1575 ὥστε
2725 1521 2934 1585 πάντας
2964 1522 3090 1585 τοὺς
3140 1519 3532 1592 παροδεύοντας

1860 1605 2234 1677 ὑποδέχεσθαι,
2269 1607 2364 1661 καὶ
2416 1609 2606 1679 μηδεὶς
2633 1608 2796 1662 αὐτὸν
2851 1607 3024 1679 λάθοι.
3061 1608 3110 1661 εί
3140 1607 3234 1662 καὶ
3275 1606 3409 1669 τέως
3433 1608 3533 1662 οὐκ

1861 1692 2143 1762 ἀγγέλους,
2178 1694 2292 1747 ἀλλ’
2327 1694 2649 1766 ἀνθρώπους
2678 1691 2815 1748 εἶναι
2851 1694 3123 1764 ἐνόμιζεν.
3156 1695 3220 1747 Ol
3251 1693 3307 1748 δὲ
3359 1693 3534 1763 παρά-

1859 1797 2013 1850 νομοι
2035 1781 2230 1834 ἐκεῖνοι
2253 1781 2392 1853 μετά
2418 1781 2512 1834 τοῦ
2542 1782 2707 1852 μηδὲν
2728 1780 2969 1835 τοιοῦτον
2993 1780 3396 1836 ἐπιδείκνυσθαι
3421 1775 3532 1833 οἷον

1858 1867 1887 1918 6
1924 1866 2150 1930 δίκαιος,
2175 1869 2244 1920 τὰ
2272 1869 2450 1921 πᾶσαν
2477 1869 2674 1922 κακίαν
2701 1867 3124 1937 ἀποκρύπτοντα
3161 1869 3298 1938 μόνα
3330 1866 3539 1936 τολμᾷν

1859 1954 2199 2025 ἐπετήδευον.
2243 1955 2340 2009 Διά
2381 1955 2538 2008 τοῦτο
2578 1953 2672 2008 οὖν
2710 1957 2789 2019 είς
2828 1956 2927 2026 τὴν
2959 1955 3217 2008 πλατεῖαν
3251 1953 3531 2007 ἐϐούλοντο

1859 2042 2176 2106 καταλῦσαι,
2201 2044 2286 2096 ἵνα
2322 2044 2644 2114 παράσχωσι
2666 2042 2743 2114 τῷ
2764 2043 2958 2114 δικαίῳ
2981 2043 3231 2115 ἀφορμὴν
3265 2040 3532 2105 ἐπιδείξα-

1860 2129 1983 2184 σθαι
2010 2131 2107 2201 τὴν
2135 2133 2264 2200 περὶ
2291 2132 2486 2195 αὐτοὺς
2513 2130 2839 2200 φιλοξενίαν,
2869 2130 2964 2183 καὶ
3003 2130 3248 2196 δείξωσιν
3274 2128 3422 2199 αὐτῷ
3445 2129 3534 2182 διά

1857 2217 1966 2271 τῶν
1995 2217 2170 2290 ἔργων
2191 2219 2264 2282 ώς
2293 2219 2448 2285 ἀξίαν
2477 2218 2759 2289 μέλλουσιν
2783 2217 3110 2285 ὑφίστασθαι
3126 2218 3222 2286 τὴν
3242 2216 3530 2287 τιμωρίαν,

1858 2303 2001 2358 οὓτω
2027 2306 2124 2376 τὴν
2159 2305 2500 2376 παρανομίαν
2530 2304 2649 2375 μεθ’
2676 2303 2977 2375 ὑπερϐολῆς
3012 2302 3460 2373 ἐπιδεικνύμενοι.

1926 2391 1987 2446 δ’.
2043 2391 2182 2446 Ἀλλ’
2217 2393 2414 2463 ἴδωμεν
2466 2391 2649 2445 λοιπὸν
2694 2390 2788 2444 τοῦ
2829 2391 3036 2444 δικαίου
3083 2393 3180 2461 τῆς
3225 2391 3428 2461 ἀρετῆς
3473 2387 3535 2442 τὸ

1861 2479 2106 2550 μέγεθος.
2126 2479 2440 2542 Ἐξελθὼν,
2457 2479 2609 2549 φησὶ,
2629 2477 2778 2548 πρὸς
2807 2477 3029 2543 αὐτοὺς
3058 2477 3207 2545 πρὸς
3234 2476 3301 2530 τὸ
3318 2477 3534 2544 πρόθυ-

1850 2583 1983 2634 ρον,
2004 2565 2119 2633 τὴν
2139 2566 2257 2635 μὲν
2285 2568 2472 2633 θύραν
2499 2561 3010 2634 προσέῳξεν,εῒπε
3039 2563 3104 2617 δὲ
3120 2564 3270 2631 πρὸς
3289 2563 3533 2628 αὐτούς.

1860 2653 2000 2724 Ὅρα
2049 2654 2164 2717 πῶς
2192 2653 2432 2708 δέδοικεν
2475 2655 2503 2706 ὁ
2529 2654 2734 2717 δίκαιος
2762 2653 2856 2706 καὶ
2891 2652 3083 2724 τρέμει
3108 2651 3248 2723 ὑπὲρ
3279 2652 3379 2721 τῆς
3422 2650 3534 2704 τῶν

1858 2741 2024 2806 ξένων
2066 2740 2384 2810 ἀσφαλείας.
2429 2741 2561 2795 Οὐδὲ
2609 2741 2716 2812 γὰρ
2767 2739 2953 2803 ἁπλῶς
3003 2740 3102 2812 τὴν
3158 2739 3327 2811 θύραν
3366 2755 3534 2810 προσ·

1855 2829 2021 2900 έῳξεν
2053 2830 2228 2882 ὀπίσω
2264 2828 2454 2894 αὐτοῦ,
2481 2827 2595 2882 ἀλλ’
2625 2827 2786 2893 εἰδὼς
2831 2827 3012 2882 αὐτῶν
3057 2827 3154 2898 τὴν
3195 2826 3392 2898 μανίαν
3439 2827 3534 2880 καὶ

1853 2919 1914 2971 τὸ
1937 2919 2223 2991 τολμηρὸν.
2262 2920 2357 2972 καὶ
2389 2917 2739 2989 ὑφορώμενος
2780 2918 2959 2972 αὐτῶν
3010 2917 3110 2989 τὴν
3167 2917 3530 2988 προπέτειαν,

1854 3001 1975 3060 εἶτά
2003 3023 2135 3077 φησι
2167 3006 2303 3077 πρὸς
2329 3005 2528 3069 αὐτούς
2552 3021 2564 3036 ·
2599 3005 2912 3076 Μηδαμῶς,
2936 3003 3206 3074 ἀδελφοί.
3232 3006 3295 3056 Ὢ
3315 3005 3414 3076 τῆς
3433 3005 3528 3058 τοῦ

1853 3094 2062 3148 δικαίου
2116 3093 2524 3165 μακροθυμίας,
2565 3093 2611 3146 ὣ
2660 3091 3164 3165 ταπεινοφροσύνης
3223 3092 3522 3164 ὑπερϐολή.

1861 3180 2033 3234 Τοῦτο
2065 3180 2281 3251 ἀληθῶς
2311 3180 2480 3252 ἀρετὴ
2499 3223 2513 3244 ,
2535 3179 2595 3233 τὸ
2637 3180 2754 3250 μετ’
2785 3181 3087 3244 ἐπιεικείας
3128 3182 3244 3242 τοῖς
3271 3178 3534 3246 τοιούτοις

1861 3265 2289 3340 προσφέρεσθαι.
2349 3267 2537 3331 Οὐδεὶς
2589 3268 2698 3338 γὰρ
2744 3267 2834 3322 τὸν
2900 3266 3161 3321 νοσοῦντα
3199 3266 3533 3339 θεραπεῦσαι

1858 3355 2198 3427 βουλόμενος,
2229 3357 2322 3409 καὶ
2351 3355 2443 3408 τὸν
2475 3356 2794 3427 μαινόμενον
2821 3356 3175 3428 σωφρονίσαι,
3198 3356 3334 3426 μετά
3357 3355 3531 3428 θυμοῦ

1855 3445 1949 3498 καὶ
1985 3445 2283 3518 αὐστηρίας
2327 3444 2483 3499 τοῦτο
2530 3447 2673 3498 ποεῖ.
2727 3445 2928 3498 Σκόπει
2983 3443 3111 3516 γὰρ,
3154 3443 3273 3508 πῶς
3303 3441 3431 3504 τούς
3465 3442 3535 3495 τά

1855 3531 2079 3586 τοιαῦτα
2124 3535 2462 3605 παρανομεῖν
2516 3531 2872 3603 βουλομένους
2913 3532 3177 3602 ἀδελφοὺς
3224 3530 3416 3597 καλεῖ,
3443 3530 3535 3585 ἐν·

1823 3633 1825 3635 ‘
1854 3621 2050 3694 τρέψαι
2079 3621 2274 3684 αὐτοὺς
2305 3619 2645 3692 βουλόμενος,
2702 3621 2797 3673 καὶ
2840 3619 3162 3676 καθικέσθαι
3211 3619 3392 3674 αὐτῶν
3427 3618 3531 3689 τῆς

1859 3709 2233 3779 συνειδήσεως,
2264 3709 2360 3762 καὶ
2412 3707 2719 3778 ἀποστῆσαι
2756 3707 2954 3770 αὐτοὺς
2995 3708 3094 3779 τῆς
3136 3708 3532 3778 ἐπιχειρήσεως

1854 3797 1952 3866 τῆς
1988 3796 2205 3866 μιαρᾶς.
2236 3794 2550 3865 Μηδαμῶς,
2586 3795 2768 3866 φησὶν,
2795 3794 3048 3864 ἀδελφοί
3081 3811 3094 3825 ⁸
3118 3793 3206 3864 μὴ
3233 3793 3534 3862 πονηρεύ-

1856 3886 2070 3951 σησθε.
2095 3883 2298 3954 Μηδὲν,
2334 3883 2487 3954 φησὶ,
2515 3882 2755 3935 τοιοῦτον
2786 3881 3096 3954 λογίσησθε,
3129 3882 3202 3952 μὴ
3232 3881 3332 3952 τὴν
3363 3897 3534 3950 πονη-

1862 3973 1959 4044 ρὰν
1997 3973 2202 4044 ταύτην
2232 3971 2432 4043 πρᾶξιν
2457 3971 2781 4043 ἐννοήσητε,
2825 3971 2958 4043 μηδὲ
3005 3969 3104 4041 τὴν
3155 3968 3319 4040 φύσιν
3363 3968 3536 4037 αὐτὴν

1861 4060 2420 4132 παραδειγματίσητε,
2457 4059 2592 4131 μηδέ
2640 4059 2913 4130 ἀθέσμους
2953 4059 3277 4130 ἐπινοήσητε
3307 4057 3480 4128 μίξεις
3517 4071 3532 4087 ·

1861 4149 1975 4205 ἀλλ’
2012 4150 2059 4203 εί
2085 4151 2178 4204 καὶ
2213 4148 2469 4218 βούλεσθε
2497 4149 2597 4218 τῆς
2628 4147 2825 4219 μανίας
2862 4147 3019 4218 ὑμῶν
3055 4147 3148 4200 τον
3178 4144 3392 4218 οἶστρον
3432 4162 3535 4199 πα-

1865 4237 2304 4310 ραμυθήσασθαι,
2343 4235 2454 4306 ἐγὼ
2493 4235 2651 4289 τοῦτο
2712 4234 2970 4308 παρέξω,
3023 4235 3163 4289 ὥστε
3207 4233 3536 4305 κουφότερον

1860 4327 2014 4398 ὐμῶν
2045 4325 2298 4396 γενέσθαι
2325 4325 2387 4379 τὺ
2414 4324 2690 4397 τόλμημα.
2715 4325 2848 4378 Εἰσί
2858 4340 2956 4393 μοι
2977 4322 3086 4377 δύο
3116 4320 3538 4392 θυγατέρες-,ατ

1859 4415 1970 4466 οὐκ
1994 4413 2270 4482 ἔγνωσαν
2298 4411 2546 4480 ἄνδρας.
2594 4411 2738 4477 Ἔτι,
2794 4411 2982 4478 φησὶν,
3023 4410 3240 4482 ἄπειροί
3285 4412 3390 4462 εἱσι
3424 4423 3538 4476 γαη

1862 4502 2026 4572 μικῆς
2058 4500 2379 4565 συνουσίας,
2433 4499 2704 4569 ἀνέπαφοι
2743 4499 3134 4569 τυγχάνουσιν,
3182 4499 3240 4550 ἐν
3283 4497 3422 4568 αὐτῇ
3472 4499 3536 4568 τῇ

1858 4589 2010 4660 ἀκμῇ
2039 4588 2140 4658 τῆς
2173 4587 2388 4661 ἡλικίας
2404 4587 2532 4653 εἰσὶ,
2558 4586 2872 4658 λάμπουσαι
2892 4588 2957 4657 τῇ
2977 4585 3121 4659 ὥραο
3156 4583 3354 4649 ταύτας
3373 4585 3537 4639 πᾶσιν

1860 4676 2109 4739 ἐκδότους
2151 4675 2363 4746 δίδωμι,
2391 4675 2487 4728 καὶ
2535 4673 2736 4746 χρᾶσθε
2771 4675 2963 4739 αὐταῖς
2998 4672 3075 4737 ὡς
3107 4673 3328 4744 ἀρέσκει
3386 4671 3536 4744 ὑμῖν.

1860 4764 2130 4828 Λαϐόντες
2156 4763 2346 4829 αὐτὰς,
2381 4763 2536 4835 φησὶ,
2563 4762 2887 4834 πληρώσατε
2933 4761 3088 4834 ὑμῶν
3121 4762 3202 4826 είς
3244 4759 3416 4823 αὐτὰς
3439 4759 3538 4830 τὴν

1858 4853 2164 4922 ἀσέλγειαν,
2186 4854 2278 4908 καὶ
2307 4852 2656 4924 ἐμφορήθητε
2693 4852 2795 4923 τῆς
2821 4850 3114 4922 ἐπιθυμίας
3140 4849 3295 4921 ὐμῶν
3319 4850 3419 4920 τῆς
3441 4865 3538 4902 πο-

1863 4943 2053 5014 νηρᾶς.
2095 4943 2300 4996 Μόνον
2327 4943 2415 5008 είς
2443 4940 2584 5008 τοὺς
2622 4941 2851 5008 ἄνδρας
2879 4941 3131 5004 τούτους
3145 4936 3341 5006 μηδὲν
3375 4937 3540 5002 ποιή.

1861 5044 2014 5099 ante
2037 5029 2266 5097 ἄδικον,
2305 5025 2377 5086 οὗ
2411 5029 2645 5082 εῖνεκεν
2698 5026 2995 5092 εἰσῆλθον
3014 5025 3133 5082 ὑπὸ
3154 5023 3270 5092 τὴν
3295 5023 3538 5091 σκέπην

1859 5119 1980 5173 τῶν
1998 5115 2194 5173 δοκῶν
2214 5135 2354 5188 μου.
2391 5115 2611 5188 Ἐπειδὴ
2638 5115 2967 5185 ἐϐιασάμην,
2985 5113 3171 5183 φησὶν,
3189 5111 3410 5176 αὐτοὺς,
3439 5113 3535 5166 καὶ

1859 5209 2149 5277 εἰσήγαγον
2180 5205 2287 5259 ὐπὸ
2309 5204 2408 5268 τὰς
2428 5204 2618 5268 δοκούς
2658 5220 2780 5274 μου,
2799 5203 2885 5256 ῖνα
2921 5201 2996 5272 μὴ
3035 5200 3159 5270 ἐμοὶ
3183 5200 3460 5273 ἐπιγραφῇ
3501 5204 3536 5275 ὴ

1861 5294 1941 5359 είς
1975 5293 2174 5357 αὐτοὺς
2204 5291 2466 5364 γινομένη
2496 5289 2810 5364 παρανομία
2830 5329 2845 5352 ,
2877 5289 2973 5342 καὶ
3001 5285 3113 5357 ἐγὼ
3149 5287 3334 5348 αὐτοῖς
3365 5287 3536 5353 αἴτιος

1858 5381 1960 5451 τῆς
2006 5380 2218 5452 ὕϐρεως
2249 5381 2453 5453 ταύτης
2501 5381 2776 5450 γένωμαι,
2823 5377 2912 5432 διὰ
2973 5374 3132 5430 τοῦτο
3181 5375 3324 5447 ὑπὲρ
3356 5376 3538 5432 αὐτῶν

1858 5468 1958 5532 τὰς
1988 5468 2082 5521 δύο
2106 5485 2208 5538 μου
2223 5468 2526 5541 θυγατέρας
2546 5467 2760 5539 δίδωμι,
2780 5467 2920 5520 ὥστε
2932 5465 3154 5528 τούτους
3177 5462 3537 5536 ἐλευθερῶσαι

1859 5556 1967 5611 τῶν
1997 5556 2282 5628 ὑμετέρων
2295 5556 2509 5628 χειρῶν.
2535 5556 2683 5628 Πόση
2709 5554 2802 5610 τοῦ
2825 5553 3035 5609 δικαίου
3067 5554 3104 5626 ἡ
3121 5553 3321 5627 ἀρετή;
3353 5554 3535 5612 πᾶσαν

1863 5645 2069 5718 ἀρετὴν
2098 5646 2407 5714 φιλοξενίας
2435 5646 2673 5716 ἐνίκησε.
2709 5645 2774 5700 Τί
2824 5644 2936 5716 γὰρ
2989 5643 3054 5700 ἄν
3099 5661 3186 5708 τις
3227 5642 3375 5698 εἴποι
3411 5645 3536 5699 κατ’

1866 5733 2026 5800 ἀξίαν
2050 5733 2150 5805 τῆς
2176 5734 2270 5788 τοῦ
2299 5733 2506 5789 δικαίου
2529 5734 2720 5788 τούτου
2750 5732 3168 5806 φιλοφροσύνης,
3196 5731 3256 5794 6;
3283 5730 3404 5785 οὐδέ
3424 5731 3535 5786 τῶν

1867 5821 2183 5894 θυγατέρων
2209 5823 2494 5892 φείσασθαι
2528 5824 2805 5894 ἠνέσχετο,
2844 5823 2933 5876 ἵνα
2966 5821 3063 5892 τὴν
3093 5820 3173 5883 είς
3197 5820 3322 5882 τοὺς
3349 5818 3534 5883 ξένους

1866 5911 2034 5984 τιμὴν
2058 5912 2412 5984 ἐπιδείξηται,
2439 5915 2532 5967 καὶ
2555 5913 2893 5984 ἐλευθερώσῃ
2929 5910 3027 5981 τῆς
3053 5907 3406 5979 παρανομίας
3421 5907 3529 5964 τῶν
