  <div class='ocr_page' id='page_1' title='image "/cluster/home/n/w/nwhite01/storage/ocr_20150623/53-54/hvd.32044012465829/407.png"; bbox 0 0 3750 6298; ppageno 0'>
   <div class='ocr_carea' id='block_1_1' title="bbox 245 255 340 311">
    <p class='ocr_par' dir='ltr' id='par_1_1' title="bbox 245 255 340 311">
     <span class='ocr_line' id='line_1_1' title="bbox 245 255 340 311; baseline 0.011 -1"><span class='ocrx_word' id='word_1_1' title='bbox 245 255 340 311; x_wconf 73' lang='grc'><strong>401</strong></span> 
     </span>
    </p>
   </div>
   <div class='ocr_carea' id='block_1_2' title="bbox 243 363 1908 446">
    <p class='ocr_par' dir='ltr' id='par_1_2' title="bbox 243 363 1908 446">
     <span class='ocr_line' id='line_1_2' title="bbox 243 363 1908 446; baseline 0.002 -22"><span class='ocrx_word' id='word_1_2' title='bbox 243 369 544 443; x_wconf 80' lang='grc' dir='ltr'><strong>Σοδομιτῶν</strong></span> <span class='ocrx_word' id='word_1_3' title='bbox 567 387 581 439; x_wconf 90' lang='grc'><strong>;</strong></span> <span class='ocrx_word' id='word_1_4' title='bbox 609 369 728 446; x_wconf 71' lang='lat' dir='ltr'><strong>[Mi</strong></span> <span class='ocrx_word' id='word_1_5' title='bbox 745 370 763 444; x_wconf 93' lang='lat'><strong>]</strong></span> <span class='ocrx_word' id='word_1_6' title='bbox 783 370 892 428; x_wconf 73' lang='grc' dir='ltr'><strong>Καὶ</strong></span> <span class='ocrx_word' id='word_1_7' title='bbox 920 363 1074 436; x_wconf 77' lang='grc' dir='ltr'><strong>οὗτος</strong></span> <span class='ocrx_word' id='word_1_8' title='bbox 1099 371 1201 444; x_wconf 85' lang='grc' dir='ltr'><strong>μὲν</strong></span> <span class='ocrx_word' id='word_1_9' title='bbox 1226 373 1320 426; x_wconf 58' lang='grc' dir='ltr'><strong>καί⁵</strong></span> <span class='ocrx_word' id='word_1_10' title='bbox 1345 371 1444 437; x_wconf 86' lang='grc' dir='ltr'><strong>τάς</strong></span> <span class='ocrx_word' id='word_1_11' title='bbox 1475 371 1782 444; x_wconf 82' lang='grc' dir='ltr'><strong>θυγατέρας</strong></span> <span class='ocrx_word' id='word_1_12' title='bbox 1809 373 1908 439; x_wconf 84' lang='grc' dir='ltr'><strong>τὰς</strong></span> 
     </span>
    </p>
   </div>
   <div class='ocr_carea' id='block_1_3' title="bbox 199 459 1912 532">
    <p class='ocr_par' dir='ltr' id='par_1_3' title="bbox 199 459 1912 532">
     <span class='ocr_line' id='line_1_3' title="bbox 199 459 1912 532; baseline 0.002 -20"><span class='ocrx_word' id='word_1_13' title='bbox 199 459 205 486; x_wconf 58' lang='grc' dir='ltr'><strong>ί</strong></span> <span class='ocrx_word' id='word_1_14' title='bbox 238 459 433 514; x_wconf 78' lang='grc' dir='ltr'><strong>ἑαυτοῦ</strong></span> <span class='ocrx_word' id='word_1_15' title='bbox 473 459 771 526; x_wconf 78' lang='grc' dir='ltr'><strong>ἐκδίδωσιν,</strong></span> <span class='ocrx_word' id='word_1_16' title='bbox 812 460 902 515; x_wconf 81' lang='grc' dir='ltr'><strong>ἴνα</strong></span> <span class='ocrx_word' id='word_1_17' title='bbox 939 460 1068 525; x_wconf 86' lang='grc' dir='ltr'><strong>τοὺς</strong></span> <span class='ocrx_word' id='word_1_18' title='bbox 1105 459 1311 528; x_wconf 78' lang='grc' dir='ltr'><strong>ξένους,</strong></span> <span class='ocrx_word' id='word_1_19' title='bbox 1352 461 1479 524; x_wconf 80' lang='grc' dir='ltr'><strong>τοὺς</strong></span> <span class='ocrx_word' id='word_1_20' title='bbox 1505 460 1686 526; x_wconf 86' lang='grc' dir='ltr'><strong>όδίτας</strong></span> <span class='ocrx_word' id='word_1_21' title='bbox 1715 461 1912 532; x_wconf 85' lang='grc' dir='ltr'><strong>(πάλιν</strong></span> 
     </span>
    </p>
   </div>
   <div class='ocr_carea' id='block_1_4' title="bbox 236 547 1914 622">
    <p class='ocr_par' dir='ltr' id='par_1_4' title="bbox 236 547 1914 622">
     <span class='ocr_line' id='line_1_4' title="bbox 236 547 1914 622; baseline 0.001 -21"><span class='ocrx_word' id='word_1_22' title='bbox 236 549 346 620; x_wconf 81' lang='grc' dir='ltr'><strong>γὰρ</strong></span> <span class='ocrx_word' id='word_1_23' title='bbox 385 548 453 603; x_wconf 89' lang='grc' dir='ltr'><strong>τά</strong></span> <span class='ocrx_word' id='word_1_24' title='bbox 497 547 635 604; x_wconf 80' lang='grc' dir='ltr'><strong>αὐτὰ</strong></span> <span class='ocrx_word' id='word_1_25' title='bbox 670 547 873 618; x_wconf 69' lang='grc' dir='ltr'><strong>λέγω),</strong></span> <span class='ocrx_word' id='word_1_26' title='bbox 898 549 1025 613; x_wconf 80' lang='grc' dir='ltr'><strong>τοὺς</strong></span> <span class='ocrx_word' id='word_1_27' title='bbox 1073 549 1384 621; x_wconf 82' lang='grc' dir='ltr'><strong>μηδαμόθεν</strong></span> <span class='ocrx_word' id='word_1_28' title='bbox 1425 548 1573 620; x_wconf 84' lang='grc' dir='ltr'><strong>αύτῷ</strong></span> <span class='ocrx_word' id='word_1_29' title='bbox 1604 550 1914 622; x_wconf 80' lang='grc' dir='ltr'><strong>γνωρίμους</strong></span> 
     </span>
    </p>
   </div>
   <div class='ocr_carea' id='block_1_5' title="bbox 237 635 1914 711">
    <p class='ocr_par' dir='ltr' id='par_1_5' title="bbox 237 635 1914 711">
     <span class='ocr_line' id='line_1_5' title="bbox 237 635 1914 711; baseline 0.002 -23"><span class='ocrx_word' id='word_1_30' title='bbox 237 636 524 711; x_wconf 82' lang='grc' dir='ltr'><strong>ἐξαρπάσῃ</strong></span> <span class='ocrx_word' id='word_1_31' title='bbox 557 638 656 709; x_wconf 87' lang='grc' dir='ltr'><strong>τῆς</strong></span> <span class='ocrx_word' id='word_1_32' title='bbox 679 637 790 691; x_wconf 84' lang='grc' dir='ltr'><strong>τῶν</strong></span> <span class='ocrx_word' id='word_1_33' title='bbox 819 637 1158 708; x_wconf 86' lang='grc' dir='ltr'><strong>παρανόμων</strong></span> <span class='ocrx_word' id='word_1_34' title='bbox 1184 635 1396 707; x_wconf 78' lang='grc' dir='ltr'><strong>ὕϐρεως</strong></span> <span class='ocrx_word' id='word_1_35' title='bbox 1417 653 1430 667; x_wconf 79' lang='grc'><strong><em>⁸</em></strong></span> <span class='ocrx_word' id='word_1_36' title='bbox 1472 640 1634 709; x_wconf 82' lang='grc' dir='ltr'><strong>ἡμεῖς</strong></span> <span class='ocrx_word' id='word_1_37' title='bbox 1664 638 1721 694; x_wconf 87' lang='grc' dir='ltr'><strong>δέ</strong></span> <span class='ocrx_word' id='word_1_38' title='bbox 1745 637 1914 711; x_wconf 87' lang='grc' dir='ltr'><strong>ὁρῶν-</strong></span> 
     </span>
    </p>
   </div>
   <div class='ocr_carea' id='block_1_6' title="bbox 235 724 1913 797">
    <p class='ocr_par' dir='ltr' id='par_1_6' title="bbox 235 724 1913 797">
     <span class='ocr_line' id='line_1_6' title="bbox 235 724 1913 797; baseline 0.001 -20"><span class='ocrx_word' id='word_1_39' title='bbox 235 741 328 788; x_wconf 89' lang='grc' dir='ltr'><strong>τες</strong></span> <span class='ocrx_word' id='word_1_40' title='bbox 377 725 635 789; x_wconf 78' lang='grc' dir='ltr'><strong>πολλάκις</strong></span> <span class='ocrx_word' id='word_1_41' title='bbox 667 726 794 789; x_wconf 82' lang='grc' dir='ltr'><strong>τοὺς</strong></span> <span class='ocrx_word' id='word_1_42' title='bbox 842 724 1104 795; x_wconf 77' lang='grc' dir='ltr'><strong>ἀδελφοὺς</strong></span> <span class='ocrx_word' id='word_1_43' title='bbox 1144 725 1271 789; x_wconf 77' lang='grc' dir='ltr'><strong>τοὺς</strong></span> <span class='ocrx_word' id='word_1_44' title='bbox 1313 725 1614 797; x_wconf 80' lang='grc' dir='ltr'><strong>ἡμετέρους</strong></span> <span class='ocrx_word' id='word_1_45' title='bbox 1654 727 1734 790; x_wconf 89' lang='grc' dir='ltr'><strong>είς</strong></span> <span class='ocrx_word' id='word_1_46' title='bbox 1781 726 1913 781; x_wconf 81' lang='grc' dir='ltr'><strong>αὑτὸ</strong></span> 
     </span>
    </p>
   </div>
   <div class='ocr_carea' id='block_1_7' title="bbox 237 809 1912 883">
    <p class='ocr_par' dir='ltr' id='par_1_7' title="bbox 237 809 1912 883">
     <span class='ocr_line' id='line_1_7' title="bbox 237 809 1912 883; baseline 0.001 -22"><span class='ocrx_word' id='word_1_47' title='bbox 237 809 335 879; x_wconf 82' lang='grc' dir='ltr'><strong>τῆς</strong></span> <span class='ocrx_word' id='word_1_48' title='bbox 373 809 625 874; x_wconf 76' lang='grc' dir='ltr'><strong>ἀσεϐείας</strong></span> <span class='ocrx_word' id='word_1_49' title='bbox 657 811 718 864; x_wconf 83' lang='grc' dir='ltr'><strong>τὸ</strong></span> <span class='ocrx_word' id='word_1_50' title='bbox 752 809 1056 883; x_wconf 87' lang='grc' dir='ltr'><strong>βάραθρον,</strong></span> <span class='ocrx_word' id='word_1_51' title='bbox 1090 810 1185 864; x_wconf 75' lang='grc' dir='ltr'><strong>καὶ</strong></span> <span class='ocrx_word' id='word_1_52' title='bbox 1229 811 1414 882; x_wconf 82' lang='grc' dir='ltr'><strong>σχεδὸν</strong></span> <span class='ocrx_word' id='word_1_53' title='bbox 1452 812 1645 876; x_wconf 84' lang='grc' dir='ltr'><strong>εἰπεῖν,</strong></span> <span class='ocrx_word' id='word_1_54' title='bbox 1682 809 1785 863; x_wconf 83' lang='grc' dir='ltr'><strong>ὑπὸ</strong></span> <span class='ocrx_word' id='word_1_55' title='bbox 1815 809 1912 881; x_wconf 82' lang='grc' dir='ltr'><strong>τὴν</strong></span> 
     </span>
    </p>
   </div>
   <div class='ocr_carea' id='block_1_8' title="bbox 240 895 1914 969">
    <p class='ocr_par' dir='ltr' id='par_1_8' title="bbox 240 895 1914 969">
     <span class='ocr_line' id='line_1_8' title="bbox 240 895 1914 969; baseline 0.001 -21"><span class='ocrx_word' id='word_1_56' title='bbox 240 897 500 966; x_wconf 82' lang='grc' dir='ltr'><strong>φάρυγγα</strong></span> <span class='ocrx_word' id='word_1_57' title='bbox 531 895 624 950; x_wconf 85' lang='grc' dir='ltr'><strong>τοῦ</strong></span> <span class='ocrx_word' id='word_1_58' title='bbox 665 896 913 952; x_wconf 89' lang='grc' dir='ltr'><strong>διαϐόλου</strong></span> <span class='ocrx_word' id='word_1_59' title='bbox 966 897 1313 969; x_wconf 82' lang='grc' dir='ltr'><strong>γινομένους,</strong></span> <span class='ocrx_word' id='word_1_60' title='bbox 1368 897 1488 951; x_wconf 88' lang='grc' dir='ltr'><strong>οὑδὲ</strong></span> <span class='ocrx_word' id='word_1_61' title='bbox 1515 897 1697 968; x_wconf 79' lang='grc' dir='ltr'><strong>,λόγου</strong></span> <span class='ocrx_word' id='word_1_62' title='bbox 1748 914 1914 968; x_wconf 81' lang='grc' dir='ltr'><strong>μετα⁴</strong></span> 
     </span>
    </p>
   </div>
   <div class='ocr_carea' id='block_1_9' title="bbox 240 983 1913 1058">
    <p class='ocr_par' dir='ltr' id='par_1_9' title="bbox 240 983 1913 1058">
     <span class='ocr_line' id='line_1_9' title="bbox 240 983 1913 1058; baseline 0 -20"><span class='ocrx_word' id='word_1_63' title='bbox 240 984 423 1040; x_wconf 87' lang='grc' dir='ltr'><strong>δοῦναι</strong></span> <span class='ocrx_word' id='word_1_64' title='bbox 463 985 805 1058; x_wconf 83' lang='grc' dir='ltr'><strong>ἀνεχόμεθα,</strong></span> <span class='ocrx_word' id='word_1_65' title='bbox 859 985 981 1039; x_wconf 85' lang='grc' dir='ltr'><strong>οὑδέ</strong></span> <span class='ocrx_word' id='word_1_66' title='bbox 1048 984 1484 1057; x_wconf 89' lang='grc' dir='ltr'><strong>συμϐουλεῦσαι,</strong></span> <span class='ocrx_word' id='word_1_67' title='bbox 1525 986 1619 1040; x_wconf 75' lang='grc' dir='ltr'><strong>καὶ</strong></span> <span class='ocrx_word' id='word_1_68' title='bbox 1668 983 1767 1057; x_wconf 83' lang='grc' dir='ltr'><strong>τὴν</strong></span> <span class='ocrx_word' id='word_1_69' title='bbox 1823 983 1913 1039; x_wconf 91' lang='grc' dir='ltr'><strong>διά</strong></span> 
     </span>
    </p>
   </div>
   <div class='ocr_carea' id='block_1_10' title="bbox 241 1069 1915 1144">
    <p class='ocr_par' dir='ltr' id='par_1_10' title="bbox 241 1069 1915 1144">
     <span class='ocr_line' id='line_1_10' title="bbox 241 1069 1915 1144; baseline 0.001 -21"><span class='ocrx_word' id='word_1_70' title='bbox 241 1071 347 1126; x_wconf 85' lang='grc' dir='ltr'><strong>τῶν</strong></span> <span class='ocrx_word' id='word_1_71' title='bbox 387 1069 561 1141; x_wconf 73' lang='grc' dir='ltr'><strong>λόγων</strong></span> <span class='ocrx_word' id='word_1_72' title='bbox 587 1071 910 1143; x_wconf 87' lang='grc' dir='ltr'><strong>παραίνεσιν</strong></span> <span class='ocrx_word' id='word_1_73' title='bbox 948 1074 1298 1141; x_wconf 88' lang='grc' dir='ltr'><strong>εἰσενεγκεῖν,</strong></span> <span class='ocrx_word' id='word_1_74' title='bbox 1353 1073 1449 1126; x_wconf 71' lang='grc' dir='ltr'><strong>καὶ</strong></span> <span class='ocrx_word' id='word_1_75' title='bbox 1486 1071 1791 1144; x_wconf 77' lang='grc' dir='ltr'><strong>ἐξαρπάσαι</strong></span> <span class='ocrx_word' id='word_1_76' title='bbox 1815 1071 1915 1142; x_wconf 89' lang='grc' dir='ltr'><strong>τῆς</strong></span> 
     </span>
    </p>
   </div>
   <div class='ocr_carea' id='block_1_11' title="bbox 242 1155 1914 1234">
    <p class='ocr_par' dir='ltr' id='par_1_11' title="bbox 242 1155 1914 1234">
     <span class='ocr_line' id='line_1_11' title="bbox 242 1155 1914 1234; baseline 0.001 -23"><span class='ocrx_word' id='word_1_77' title='bbox 242 1158 456 1226; x_wconf 87' lang='grc' dir='ltr'><strong>κακίας,</strong></span> <span class='ocrx_word' id='word_1_78' title='bbox 480 1159 575 1213; x_wconf 83' lang='grc' dir='ltr'><strong>καὶ</strong></span> <span class='ocrx_word' id='word_1_79' title='bbox 611 1159 750 1231; x_wconf 84' lang='grc' dir='ltr'><strong>πρὸς</strong></span> <span class='ocrx_word' id='word_1_80' title='bbox 785 1159 884 1232; x_wconf 81' lang='grc' dir='ltr'><strong>τὴν</strong></span> <span class='ocrx_word' id='word_1_81' title='bbox 918 1161 1120 1234; x_wconf 81' lang='grc' dir='ltr'><strong>ἀρετὴν</strong></span> <span class='ocrx_word' id='word_1_82' title='bbox 1151 1159 1586 1232; x_wconf 90' lang='grc' dir='ltr'><strong>χειραγωγῆσαι.</strong></span> <span class='ocrx_word' id='word_1_83' title='bbox 1628 1159 1795 1214; x_wconf 89' lang='grc' dir='ltr'><strong>Ποίαν</strong></span> <span class='ocrx_word' id='word_1_84' title='bbox 1822 1155 1914 1213; x_wconf 80' lang='grc' dir='ltr'><strong>οὖν</strong></span> 
     </span>
    </p>
   </div>
   <div class='ocr_carea' id='block_1_12' title="bbox 243 1241 1916 1316">
    <p class='ocr_par' dir='ltr' id='par_1_12' title="bbox 243 1241 1916 1316">
     <span class='ocr_line' id='line_1_12' title="bbox 243 1241 1916 1316; baseline 0.002 -24"><span class='ocrx_word' id='word_1_85' title='bbox 243 1241 505 1314; x_wconf 86' lang='grc' dir='ltr'><strong>σχοίημεν</strong></span> <span class='ocrx_word' id='word_1_86' title='bbox 528 1243 845 1314; x_wconf 88' lang='grc' dir='ltr'><strong>ἀπολογίαν,</strong></span> <span class='ocrx_word' id='word_1_87' title='bbox 877 1242 973 1297; x_wconf 89' lang='grc' dir='ltr'><strong>τοῦ</strong></span> <span class='ocrx_word' id='word_1_88' title='bbox 1008 1244 1106 1316; x_wconf 88' lang='grc' dir='ltr'><strong>μέν</strong></span> <span class='ocrx_word' id='word_1_89' title='bbox 1138 1244 1349 1298; x_wconf 84' lang='grc' dir='ltr'><strong>δικαίου</strong></span> <span class='ocrx_word' id='word_1_90' title='bbox 1378 1244 1513 1316; x_wconf 86' lang='grc' dir='ltr'><strong>μηδέ</strong></span> <span class='ocrx_word' id='word_1_91' title='bbox 1537 1243 1646 1297; x_wconf 87' lang='grc' dir='ltr'><strong>τῶν</strong></span> <span class='ocrx_word' id='word_1_92' title='bbox 1686 1243 1916 1312; x_wconf 84' lang='grc' dir='ltr'><strong>θυγατέ-</strong></span> 
     </span>
    </p>
   </div>
   <div class='ocr_carea' id='block_1_13' title="bbox 245 1330 1911 1404">
    <p class='ocr_par' dir='ltr' id='par_1_13' title="bbox 245 1330 1911 1404">
     <span class='ocr_line' id='line_1_13' title="bbox 245 1330 1911 1404; baseline 0.002 -23"><span class='ocrx_word' id='word_1_93' title='bbox 245 1346 352 1399; x_wconf 86' lang='grc' dir='ltr'><strong>ρων</strong></span> <span class='ocrx_word' id='word_1_94' title='bbox 399 1330 730 1402; x_wconf 89' lang='grc' dir='ltr'><strong>φεισαμένου</strong></span> <span class='ocrx_word' id='word_1_95' title='bbox 780 1330 870 1387; x_wconf 81' lang='grc' dir='ltr'><strong>διὰ</strong></span> <span class='ocrx_word' id='word_1_96' title='bbox 893 1332 992 1404; x_wconf 80' lang='grc' dir='ltr'><strong>τήν</strong></span> <span class='ocrx_word' id='word_1_97' title='bbox 1040 1333 1119 1395; x_wconf 88' lang='grc' dir='ltr'><strong>εἰς</strong></span> <span class='ocrx_word' id='word_1_98' title='bbox 1165 1333 1295 1396; x_wconf 77' lang='grc' dir='ltr'><strong>τοὺς</strong></span> <span class='ocrx_word' id='word_1_99' title='bbox 1335 1331 1519 1398; x_wconf 81' lang='grc' dir='ltr'><strong>ξένους</strong></span> <span class='ocrx_word' id='word_1_100' title='bbox 1551 1330 1911 1403; x_wconf 85' lang='grc' dir='ltr'><strong>κηδεμονίαν·</strong></span> 
     </span>
    </p>
   </div>
   <div class='ocr_carea' id='block_1_14' title="bbox 241 1417 1915 1493">
    <p class='ocr_par' dir='ltr' id='par_1_14' title="bbox 241 1417 1915 1493">
     <span class='ocr_line' id='line_1_14' title="bbox 241 1417 1915 1493; baseline 0.001 -22"><span class='ocrx_word' id='word_1_101' title='bbox 241 1417 398 1489; x_wconf 89' lang='grc' dir='ltr'><strong>ἡμῶν</strong></span> <span class='ocrx_word' id='word_1_102' title='bbox 438 1419 493 1472; x_wconf 83' lang='grc' dir='ltr'><strong>δὲ</strong></span> <span class='ocrx_word' id='word_1_103' title='bbox 527 1418 699 1484; x_wconf 78' lang='grc' dir='ltr'><strong>οὕτως</strong></span> <span class='ocrx_word' id='word_1_104' title='bbox 729 1419 972 1492; x_wconf 85' lang='grc' dir='ltr'><strong>ἀνηλεῶς</strong></span> <span class='ocrx_word' id='word_1_105' title='bbox 999 1421 1126 1493; x_wconf 85' lang='grc' dir='ltr'><strong>περί</strong></span> <span class='ocrx_word' id='word_1_106' title='bbox 1158 1420 1284 1484; x_wconf 75' lang='grc' dir='ltr'><strong>τοὺς</strong></span> <span class='ocrx_word' id='word_1_107' title='bbox 1307 1419 1612 1492; x_wconf 83' lang='grc' dir='ltr'><strong>ἡμετέρους</strong></span> <span class='ocrx_word' id='word_1_108' title='bbox 1639 1420 1915 1491; x_wconf 83' lang='grc' dir='ltr'><strong>διακειμέ-</strong></span> 
     </span>
    </p>
   </div>
   <div class='ocr_carea' id='block_1_15' title="bbox 242 1507 1916 1581">
    <p class='ocr_par' dir='ltr' id='par_1_15' title="bbox 242 1507 1916 1581">
     <span class='ocr_line' id='line_1_15' title="bbox 242 1507 1916 1581; baseline 0.001 -21"><span class='ocrx_word' id='word_1_109' title='bbox 242 1523 370 1570; x_wconf 85' lang='grc' dir='ltr'><strong>νων,</strong></span> <span class='ocrx_word' id='word_1_110' title='bbox 395 1508 490 1561; x_wconf 71' lang='grc' dir='ltr'><strong>καὶ</strong></span> <span class='ocrx_word' id='word_1_111' title='bbox 513 1508 774 1573; x_wconf 86' lang='grc' dir='ltr'><strong>πολλάκις</strong></span> <span class='ocrx_word' id='word_1_112' title='bbox 809 1508 879 1562; x_wconf 82' lang='grc' dir='ltr'><strong>τὰ</strong></span> <span class='ocrx_word' id='word_1_113' title='bbox 902 1508 1086 1581; x_wconf 75' lang='grc' dir='ltr'><strong>ψυχρά</strong></span> <span class='ocrx_word' id='word_1_114' title='bbox 1106 1509 1287 1562; x_wconf 83' lang='grc' dir='ltr'><strong>ἐκεῖνα</strong></span> <span class='ocrx_word' id='word_1_115' title='bbox 1323 1509 1414 1562; x_wconf 75' lang='grc' dir='ltr'><strong>καὶ</strong></span> <span class='ocrx_word' id='word_1_116' title='bbox 1435 1507 1654 1578; x_wconf 83' lang='grc' dir='ltr'><strong>ἀλογίας</strong></span> <span class='ocrx_word' id='word_1_117' title='bbox 1674 1509 1916 1580; x_wconf 85' lang='grc' dir='ltr'><strong>γέμοντα</strong></span> 
     </span>
    </p>
   </div>
   <div class='ocr_carea' id='block_1_16' title="bbox 246 1596 1917 1671">
    <p class='ocr_par' dir='ltr' id='par_1_16' title="bbox 246 1596 1917 1671">
     <span class='ocr_line' id='line_1_16' title="bbox 246 1596 1917 1671; baseline -0.001 -20"><span class='ocrx_word' id='word_1_118' title='bbox 246 1596 465 1668; x_wconf 79' lang='grc' dir='ltr'><strong>ῥήματα</strong></span> <span class='ocrx_word' id='word_1_119' title='bbox 504 1598 880 1671; x_wconf 88' lang='grc' dir='ltr'><strong>προῖεμένων;</strong></span> <span class='ocrx_word' id='word_1_120' title='bbox 917 1598 982 1652; x_wconf 89' lang='grc' dir='ltr'><strong>Τί</strong></span> <span class='ocrx_word' id='word_1_121' title='bbox 1039 1598 1146 1670; x_wconf 87' lang='grc' dir='ltr'><strong>γὰρ</strong></span> <span class='ocrx_word' id='word_1_122' title='bbox 1199 1598 1376 1651; x_wconf 80' lang='grc' dir='ltr'><strong>κοινὸν</strong></span> <span class='ocrx_word' id='word_1_123' title='bbox 1424 1597 1551 1668; x_wconf 75' lang='grc' dir='ltr'><strong>ἔχω,</strong></span> <span class='ocrx_word' id='word_1_124' title='bbox 1588 1599 1741 1668; x_wconf 75' lang='grc' dir='ltr'><strong>φησὶ,</strong></span> <span class='ocrx_word' id='word_1_125' title='bbox 1779 1598 1917 1669; x_wconf 87' lang='grc' dir='ltr'><strong>πρὸς</strong></span> 
     </span>
    </p>
   </div>
   <div class='ocr_carea' id='block_1_17' title="bbox 249 1684 1913 1760">
    <p class='ocr_par' dir='ltr' id='par_1_17' title="bbox 249 1684 1913 1760">
     <span class='ocr_line' id='line_1_17' title="bbox 249 1684 1913 1760; baseline 0.003 -24"><span class='ocrx_word' id='word_1_126' title='bbox 249 1685 450 1752; x_wconf 87' lang='grc' dir='ltr'><strong>αὑτόν;</strong></span> <span class='ocrx_word' id='word_1_127' title='bbox 481 1685 633 1740; x_wconf 87' lang='grc' dir='ltr'><strong>οὑδέν</strong></span> <span class='ocrx_word' id='word_1_128' title='bbox 663 1704 754 1758; x_wconf 92' lang='grc' dir='ltr'><strong>μοι</strong></span> <span class='ocrx_word' id='word_1_129' title='bbox 784 1686 956 1758; x_wconf 83' lang='grc' dir='ltr'><strong>μέλει,</strong></span> <span class='ocrx_word' id='word_1_130' title='bbox 987 1686 1137 1740; x_wconf 74' lang='grc' dir='ltr'><strong>οὐδὲν</strong></span> <span class='ocrx_word' id='word_1_131' title='bbox 1166 1688 1402 1760; x_wconf 81' lang='grc' dir='ltr'><strong>πρᾶγμα</strong></span> <span class='ocrx_word' id='word_1_132' title='bbox 1437 1686 1545 1758; x_wconf 71' lang='grc' dir='ltr'><strong>ἔχω</strong></span> <span class='ocrx_word' id='word_1_133' title='bbox 1571 1687 1688 1758; x_wconf 90' lang='grc' dir='ltr'><strong>μετ’</strong></span> <span class='ocrx_word' id='word_1_134' title='bbox 1727 1684 1913 1741; x_wconf 80' lang='grc' dir='ltr'><strong>αὑτοῦ.</strong></span> 
     </span>
    </p>
   </div>
   <div class='ocr_carea' id='block_1_18' title="bbox 244 1775 1915 1850">
    <p class='ocr_par' dir='ltr' id='par_1_18' title="bbox 244 1775 1915 1850">
     <span class='ocr_line' id='line_1_18' title="bbox 244 1775 1915 1850; baseline 0.003 -23"><span class='ocrx_word' id='word_1_135' title='bbox 244 1776 309 1827; x_wconf 90' lang='grc' dir='ltr'><strong>Τί</strong></span> <span class='ocrx_word' id='word_1_136' title='bbox 333 1775 529 1845; x_wconf 86' lang='grc' dir='ltr'><strong>λέγεις,</strong></span> <span class='ocrx_word' id='word_1_137' title='bbox 563 1777 855 1848; x_wconf 83' lang='grc' dir='ltr'><strong>ἄνθρωπε;</strong></span> <span class='ocrx_word' id='word_1_138' title='bbox 903 1778 1068 1832; x_wconf 86' lang='grc' dir='ltr'><strong>Ούδέν</strong></span> <span class='ocrx_word' id='word_1_139' title='bbox 1115 1778 1293 1833; x_wconf 86' lang='grc' dir='ltr'><strong>κοινὸν</strong></span> <span class='ocrx_word' id='word_1_140' title='bbox 1346 1778 1491 1850; x_wconf 77' lang='grc' dir='ltr'><strong>ἔχεις</strong></span> <span class='ocrx_word' id='word_1_141' title='bbox 1538 1779 1674 1850; x_wconf 88' lang='grc' dir='ltr'><strong>πρὸς</strong></span> <span class='ocrx_word' id='word_1_142' title='bbox 1720 1779 1915 1844; x_wconf 88' lang='grc' dir='ltr'><strong>αὑτόν;</strong></span> 
     </span>
    </p>
   </div>
   <div class='ocr_carea' id='block_1_19' title="bbox 256 1862 1918 1939">
    <p class='ocr_par' dir='ltr' id='par_1_19' title="bbox 256 1862 1918 1939">
     <span class='ocr_line' id='line_1_19' title="bbox 256 1862 1918 1939; baseline 0.004 -24"><span class='ocrx_word' id='word_1_143' title='bbox 256 1862 506 1933; x_wconf 84' lang='grc' dir='ltr'><strong>Ἀδελφός</strong></span> <span class='ocrx_word' id='word_1_144' title='bbox 540 1864 632 1918; x_wconf 89' lang='grc' dir='ltr'><strong>σού</strong></span> <span class='ocrx_word' id='word_1_145' title='bbox 663 1866 803 1930; x_wconf 90' lang='grc' dir='ltr'><strong>ἐστι,</strong></span> <span class='ocrx_word' id='word_1_146' title='bbox 833 1867 933 1938; x_wconf 79' lang='grc' dir='ltr'><strong>τῆς</strong></span> <span class='ocrx_word' id='word_1_147' title='bbox 973 1866 1143 1938; x_wconf 85' lang='grc' dir='ltr'><strong>αὐτῆς</strong></span> <span class='ocrx_word' id='word_1_148' title='bbox 1171 1865 1251 1920; x_wconf 75' lang='grc' dir='ltr'><strong>σοὶ</strong></span> <span class='ocrx_word' id='word_1_149' title='bbox 1294 1867 1508 1939; x_wconf 81' lang='grc' dir='ltr'><strong>μετέχει</strong></span> <span class='ocrx_word' id='word_1_150' title='bbox 1551 1867 1786 1936; x_wconf 83' lang='grc' dir='ltr'><strong>φύσεως,</strong></span> <span class='ocrx_word' id='word_1_151' title='bbox 1814 1867 1918 1921; x_wconf 85' lang='grc' dir='ltr'><strong>ὑπὸ</strong></span> 
     </span>
    </p>
   </div>
   <div class='ocr_carea' id='block_1_20' title="bbox 241 1950 1918 2028">
    <p class='ocr_par' dir='ltr' id='par_1_20' title="bbox 241 1950 1918 2028">
     <span class='ocr_line' id='line_1_20' title="bbox 241 1950 1918 2028; baseline 0.004 -24"><span class='ocrx_word' id='word_1_152' title='bbox 241 1950 334 2005; x_wconf 74' lang='grc' dir='ltr'><strong>τὸν</strong></span> <span class='ocrx_word' id='word_1_153' title='bbox 369 1953 532 2007; x_wconf 87' lang='grc' dir='ltr'><strong>αὑτόν</strong></span> <span class='ocrx_word' id='word_1_154' title='bbox 557 1954 681 2006; x_wconf 89' lang='grc' dir='ltr'><strong>ἐστε</strong></span> <span class='ocrx_word' id='word_1_155' title='bbox 716 1955 1012 2025; x_wconf 84' lang='grc' dir='ltr'><strong>Δεσπότην,</strong></span> <span class='ocrx_word' id='word_1_156' title='bbox 1076 1954 1336 2019; x_wconf 86' lang='grc' dir='ltr'><strong>πολλάκις</strong></span> <span class='ocrx_word' id='word_1_157' title='bbox 1398 1956 1454 2009; x_wconf 89' lang='grc' dir='ltr'><strong>δέ</strong></span> <span class='ocrx_word' id='word_1_158' title='bbox 1494 1957 1586 2009; x_wconf 72' lang='grc' dir='ltr'><strong>καὶ</strong></span> <span class='ocrx_word' id='word_1_159' title='bbox 1613 1956 1710 2028; x_wconf 87' lang='grc' dir='ltr'><strong>τῆς</strong></span> <span class='ocrx_word' id='word_1_160' title='bbox 1747 1957 1918 2028; x_wconf 81' lang='grc' dir='ltr'><strong>αὐτῆς</strong></span> 
     </span>
    </p>
   </div>
   <div class='ocr_carea' id='block_1_21' title="bbox 247 2039 1914 2116">
    <p class='ocr_par' dir='ltr' id='par_1_21' title="bbox 247 2039 1914 2116">
     <span class='ocr_line' id='line_1_21' title="bbox 247 2039 1914 2116; baseline 0.004 -26"><span class='ocrx_word' id='word_1_161' title='bbox 247 2039 500 2110; x_wconf 83' lang='grc' dir='ltr'><strong>μετέχετε</strong></span> <span class='ocrx_word' id='word_1_162' title='bbox 535 2040 834 2113; x_wconf 73' lang='grc' dir='ltr'><strong>τραπέζης,</strong></span> <span class='ocrx_word' id='word_1_163' title='bbox 857 2041 956 2112; x_wconf 88' lang='grc' dir='ltr'><strong>τῆς</strong></span> <span class='ocrx_word' id='word_1_164' title='bbox 986 2042 1361 2114; x_wconf 81' lang='grc' dir='ltr'><strong>πνευματικῆς</strong></span> <span class='ocrx_word' id='word_1_165' title='bbox 1387 2041 1529 2111; x_wconf 86' lang='grc' dir='ltr'><strong>λέγω</strong></span> <span class='ocrx_word' id='word_1_166' title='bbox 1549 2043 1643 2096; x_wconf 74' lang='grc' dir='ltr'><strong>καὶ</strong></span> <span class='ocrx_word' id='word_1_167' title='bbox 1659 2047 1914 2116; x_wconf 83' lang='grc' dir='ltr'><strong>φρικτῆς,</strong></span> 
     </span>
    </p>
   </div>
   <div class='ocr_carea' id='block_1_22' title="bbox 244 2126 1919 2204">
    <p class='ocr_par' dir='ltr' id='par_1_22' title="bbox 244 2126 1919 2204">
     <span class='ocr_line' id='line_1_22' title="bbox 244 2126 1919 2204; baseline 0.002 -24"><span class='ocrx_word' id='word_1_168' title='bbox 244 2129 336 2180; x_wconf 74' lang='grc' dir='ltr'><strong>καὶ</strong></span> <span class='ocrx_word' id='word_1_169' title='bbox 376 2127 576 2197; x_wconf 86' lang='grc' dir='ltr'><strong>λέγεις,</strong></span> <span class='ocrx_word' id='word_1_170' title='bbox 612 2126 780 2183; x_wconf 80' lang='grc' dir='ltr'><strong>Ούδέν</strong></span> <span class='ocrx_word' id='word_1_171' title='bbox 807 2129 982 2184; x_wconf 82' lang='grc' dir='ltr'><strong>κοινὸν</strong></span> <span class='ocrx_word' id='word_1_172' title='bbox 1014 2129 1122 2200; x_wconf 81' lang='grc' dir='ltr'><strong>ἔχω</strong></span> <span class='ocrx_word' id='word_1_173' title='bbox 1173 2129 1310 2202; x_wconf 72' lang='grc' dir='ltr'><strong>πρὸς</strong></span> <span class='ocrx_word' id='word_1_174' title='bbox 1339 2131 1522 2195; x_wconf 74' lang='grc' dir='ltr'><strong>αὑτὸν,</strong></span> <span class='ocrx_word' id='word_1_175' title='bbox 1550 2131 1644 2184; x_wconf 75' lang='grc' dir='ltr'><strong>καὶ</strong></span> <span class='ocrx_word' id='word_1_176' title='bbox 1673 2132 1919 2204; x_wconf 82' lang='grc' dir='ltr'><strong>ἀνηλεῶς</strong></span> 
     </span>
    </p>
   </div>
   <div class='ocr_carea' id='block_1_23' title="bbox 244 2216 1918 2290">
    <p class='ocr_par' dir='ltr' id='par_1_23' title="bbox 244 2216 1918 2290">
     <span class='ocr_line' id='line_1_23' title="bbox 244 2216 1918 2290; baseline 0.004 -22"><span class='ocrx_word' id='word_1_177' title='bbox 244 2216 632 2288; x_wconf 86' lang='grc' dir='ltr'><strong>παρατρέχεις,</strong></span> <span class='ocrx_word' id='word_1_178' title='bbox 698 2217 794 2272; x_wconf 79' lang='grc' dir='ltr'><strong>καὶ</strong></span> <span class='ocrx_word' id='word_1_179' title='bbox 849 2217 949 2271; x_wconf 89' lang='grc' dir='ltr'><strong>οὑκ</strong></span> <span class='ocrx_word' id='word_1_180' title='bbox 1001 2216 1218 2289; x_wconf 84' lang='grc' dir='ltr'><strong>ὀρέγεις</strong></span> <span class='ocrx_word' id='word_1_181' title='bbox 1271 2221 1428 2290; x_wconf 89' lang='grc' dir='ltr'><strong>χεῖρα</strong></span> <span class='ocrx_word' id='word_1_182' title='bbox 1480 2219 1754 2290; x_wconf 87' lang='grc' dir='ltr'><strong>κειμένῳ;</strong></span> <span class='ocrx_word' id='word_1_183' title='bbox 1809 2221 1918 2274; x_wconf 77' lang='grc' dir='ltr'><strong>Καὶ</strong></span> 
     </span>
    </p>
   </div>
   <div class='ocr_carea' id='block_1_24' title="bbox 258 2303 1918 2380">
    <p class='ocr_par' dir='ltr' id='par_1_24' title="bbox 258 2303 1918 2380">
     <span class='ocr_line' id='line_1_24' title="bbox 258 2303 1918 2380; baseline 0.003 -24"><span class='ocrx_word' id='word_1_184' title='bbox 258 2303 533 2368; x_wconf 86' lang='grc' dir='ltr'><strong>Ἰουδαίοις</strong></span> <span class='ocrx_word' id='word_1_185' title='bbox 563 2304 664 2376; x_wconf 91' lang='grc' dir='ltr'><strong>μέν</strong></span> <span class='ocrx_word' id='word_1_186' title='bbox 689 2305 718 2357; x_wconf 88' lang='grc' dir='ltr'><strong>ό</strong></span> <span class='ocrx_word' id='word_1_187' title='bbox 739 2305 903 2376; x_wconf 91' lang='grc' dir='ltr'><strong>νόμος</strong></span> <span class='ocrx_word' id='word_1_188' title='bbox 928 2305 1283 2377; x_wconf 88' lang='grc' dir='ltr'><strong>προσέταττε,</strong></span> <span class='ocrx_word' id='word_1_189' title='bbox 1322 2306 1459 2378; x_wconf 88' lang='grc' dir='ltr'><strong>μηδέ</strong></span> <span class='ocrx_word' id='word_1_190' title='bbox 1482 2307 1590 2361; x_wconf 89' lang='grc' dir='ltr'><strong>τῶν</strong></span> <span class='ocrx_word' id='word_1_191' title='bbox 1616 2307 1825 2380; x_wconf 86' lang='grc' dir='ltr'><strong>ἐχθρῶν</strong></span> <span class='ocrx_word' id='word_1_192' title='bbox 1849 2310 1918 2362; x_wconf 79' lang='grc' dir='ltr'><strong>τὰ</strong></span> 
     </span>
    </p>
   </div>
   <div class='ocr_carea' id='block_1_25' title="bbox 246 2389 1918 2467">
    <p class='ocr_par' dir='ltr' id='par_1_25' title="bbox 246 2389 1918 2467">
     <span class='ocr_line' id='line_1_25' title="bbox 246 2389 1918 2467; baseline 0.004 -23"><span class='ocrx_word' id='word_1_193' title='bbox 246 2389 515 2460; x_wconf 74' lang='grc' dir='ltr'><strong>ὑποζύγια</strong></span> <span class='ocrx_word' id='word_1_194' title='bbox 553 2393 796 2464; x_wconf 79' lang='grc' dir='ltr'><strong>παρορᾷν</strong></span> <span class='ocrx_word' id='word_1_195' title='bbox 825 2394 1152 2448; x_wconf 85' lang='grc' dir='ltr'><strong>πεπτωκότα</strong></span> <span class='ocrx_word' id='word_1_196' title='bbox 1180 2409 1194 2426; x_wconf 75' lang='grc'><strong><em>⁸</em></strong></span> <span class='ocrx_word' id='word_1_197' title='bbox 1229 2396 1293 2449; x_wconf 82' lang='grc' dir='ltr'><strong>σὺ</strong></span> <span class='ocrx_word' id='word_1_198' title='bbox 1337 2395 1394 2448; x_wconf 84' lang='grc' dir='ltr'><strong>δὲ</strong></span> <span class='ocrx_word' id='word_1_199' title='bbox 1439 2394 1531 2450; x_wconf 83' lang='grc' dir='ltr'><strong>τὸν</strong></span> <span class='ocrx_word' id='word_1_200' title='bbox 1555 2395 1782 2467; x_wconf 76' lang='grc' dir='ltr'><strong>ἀδελφὸν</strong></span> <span class='ocrx_word' id='word_1_201' title='bbox 1815 2397 1918 2450; x_wconf 87' lang='grc' dir='ltr'><strong>ὑπὸ</strong></span> 
     </span>
    </p>
   </div>
   <div class='ocr_carea' id='block_1_26' title="bbox 244 2478 1915 2557">
    <p class='ocr_par' dir='ltr' id='par_1_26' title="bbox 244 2478 1915 2557">
     <span class='ocr_line' id='line_1_26' title="bbox 244 2478 1915 2557; baseline 0.005 -26"><span class='ocrx_word' id='word_1_202' title='bbox 244 2478 338 2531; x_wconf 85' lang='grc' dir='ltr'><strong>τοῦ</strong></span> <span class='ocrx_word' id='word_1_203' title='bbox 368 2479 614 2533; x_wconf 88' lang='grc' dir='ltr'><strong>διαϐόλου</strong></span> <span class='ocrx_word' id='word_1_204' title='bbox 650 2481 912 2544; x_wconf 88' lang='grc' dir='ltr'><strong>πολλάκις</strong></span> <span class='ocrx_word' id='word_1_205' title='bbox 939 2481 1282 2554; x_wconf 86' lang='grc' dir='ltr'><strong>τετρωμένον</strong></span> <span class='ocrx_word' id='word_1_206' title='bbox 1315 2483 1409 2536; x_wconf 79' lang='grc' dir='ltr'><strong>καὶ</strong></span> <span class='ocrx_word' id='word_1_207' title='bbox 1435 2483 1688 2555; x_wconf 90' lang='grc' dir='ltr'><strong>κείμενον</strong></span> <span class='ocrx_word' id='word_1_208' title='bbox 1739 2486 1880 2557; x_wconf 83' lang='grc' dir='ltr'><strong>ὀρῶν</strong></span> <span class='ocrx_word' id='word_1_209' title='bbox 1900 2525 1915 2550; x_wconf 92' lang='grc'><strong>,</strong></span> 
     </span>
    </p>
   </div>
   <div class='ocr_carea' id='block_1_27' title="bbox 245 2567 1917 2643">
    <p class='ocr_par' dir='ltr' id='par_1_27' title="bbox 245 2567 1917 2643">
     <span class='ocr_line' id='line_1_27' title="bbox 245 2567 1917 2643; baseline 0.004 -25"><span class='ocrx_word' id='word_1_210' title='bbox 245 2567 344 2619; x_wconf 87' lang='grc' dir='ltr'><strong>οὑκ</strong></span> <span class='ocrx_word' id='word_1_211' title='bbox 374 2569 466 2620; x_wconf 80' lang='grc' dir='ltr'><strong>ἐπὶ</strong></span> <span class='ocrx_word' id='word_1_212' title='bbox 490 2568 591 2639; x_wconf 89' lang='grc' dir='ltr'><strong>τῆς</strong></span> <span class='ocrx_word' id='word_1_213' title='bbox 626 2567 750 2639; x_wconf 89' lang='grc' dir='ltr'><strong>γῆς,</strong></span> <span class='ocrx_word' id='word_1_214' title='bbox 779 2567 896 2623; x_wconf 81' lang='grc' dir='ltr'><strong>ἀλλ’</strong></span> <span class='ocrx_word' id='word_1_215' title='bbox 949 2569 1030 2633; x_wconf 90' lang='grc' dir='ltr'><strong>εἰς</strong></span> <span class='ocrx_word' id='word_1_216' title='bbox 1065 2569 1126 2623; x_wconf 84' lang='grc' dir='ltr'><strong>τὸ</strong></span> <span class='ocrx_word' id='word_1_217' title='bbox 1149 2569 1250 2640; x_wconf 89' lang='grc' dir='ltr'><strong>τῆς</strong></span> <span class='ocrx_word' id='word_1_218' title='bbox 1279 2569 1561 2642; x_wconf 83' lang='grc' dir='ltr'><strong>ἁμαρτίας</strong></span> <span class='ocrx_word' id='word_1_219' title='bbox 1607 2571 1881 2643; x_wconf 86' lang='grc' dir='ltr'><strong>βάραθρον</strong></span> <span class='ocrx_word' id='word_1_220' title='bbox 1901 2612 1917 2638; x_wconf 91' lang='grc'><strong>,</strong></span> 
     </span>
    </p>
   </div>
   <div class='ocr_carea' id='block_1_28' title="bbox 245 2655 1921 2730">
    <p class='ocr_par' dir='ltr' id='par_1_28' title="bbox 245 2655 1921 2730">
     <span class='ocr_line' id='line_1_28' title="bbox 245 2655 1921 2730; baseline 0.005 -23"><span class='ocrx_word' id='word_1_221' title='bbox 245 2655 348 2708; x_wconf 85' lang='grc' dir='ltr'><strong>οὑκ</strong></span> <span class='ocrx_word' id='word_1_222' title='bbox 396 2657 645 2729; x_wconf 77' lang='grc' dir='ltr'><strong>ἀνασπᾷς</strong></span> <span class='ocrx_word' id='word_1_223' title='bbox 700 2656 790 2710; x_wconf 85' lang='grc' dir='ltr'><strong>διὰ</strong></span> <span class='ocrx_word' id='word_1_224' title='bbox 842 2657 942 2729; x_wconf 90' lang='grc' dir='ltr'><strong>τῆς</strong></span> <span class='ocrx_word' id='word_1_225' title='bbox 992 2657 1408 2730; x_wconf 84' lang='grc' dir='ltr'><strong>παραινέσεως,</strong></span> <span class='ocrx_word' id='word_1_226' title='bbox 1464 2659 1585 2714; x_wconf 84' lang='grc' dir='ltr'><strong>οὑδὲ</strong></span> <span class='ocrx_word' id='word_1_227' title='bbox 1639 2660 1921 2716; x_wconf 84' lang='grc' dir='ltr'><strong>νουθεσίαν</strong></span> 
     </span>
    </p>
   </div>
   <div class='ocr_carea' id='block_1_29' title="bbox 247 2743 1918 2821">
    <p class='ocr_par' dir='ltr' id='par_1_29' title="bbox 247 2743 1918 2821">
     <span class='ocr_line' id='line_1_29' title="bbox 247 2743 1918 2821; baseline 0.005 -27"><span class='ocrx_word' id='word_1_228' title='bbox 247 2743 487 2812; x_wconf 80' lang='grc' dir='ltr'><strong>εἰσάγεις</strong></span> <span class='ocrx_word' id='word_1_229' title='bbox 514 2743 613 2816; x_wconf 86' lang='grc' dir='ltr'><strong>τὴν</strong></span> <span class='ocrx_word' id='word_1_230' title='bbox 649 2743 802 2817; x_wconf 77' lang='grc' dir='ltr'><strong>παρὰ</strong></span> <span class='ocrx_word' id='word_1_231' title='bbox 825 2743 1050 2810; x_wconf 83' lang='grc' dir='ltr'><strong>σαυτοῦ,</strong></span> <span class='ocrx_word' id='word_1_232' title='bbox 1077 2745 1195 2800; x_wconf 80' lang='grc' dir='ltr'><strong>οὑδέ</strong></span> <span class='ocrx_word' id='word_1_233' title='bbox 1220 2745 1540 2811; x_wconf 75' lang='grc' dir='ltr'><strong>σπουδάζεις</strong></span> <span class='ocrx_word' id='word_1_234' title='bbox 1563 2748 1656 2802; x_wconf 79' lang='grc' dir='ltr'><strong>καὶ</strong></span> <span class='ocrx_word' id='word_1_235' title='bbox 1677 2748 1918 2821; x_wconf 86' lang='grc' dir='ltr'><strong>ἐτέρους,</strong></span> 
     </span>
    </p>
   </div>
   <div class='ocr_carea' id='block_1_30' title="bbox 247 2826 1920 2910">
    <p class='ocr_par' dir='ltr' id='par_1_30' title="bbox 247 2826 1920 2910">
     <span class='ocr_line' id='line_1_30' title="bbox 247 2826 1920 2910; baseline 0.005 -26"><span class='ocrx_word' id='word_1_236' title='bbox 247 2831 297 2885; x_wconf 86' lang='grc' dir='ltr'><strong>εί</strong></span> <span class='ocrx_word' id='word_1_237' title='bbox 335 2826 444 2886; x_wconf 76' lang='grc' dir='ltr'><strong>οἷόν</strong></span> <span class='ocrx_word' id='word_1_238' title='bbox 481 2850 562 2898; x_wconf 91' lang='grc' dir='ltr'><strong>τε,</strong></span> <span class='ocrx_word' id='word_1_239' title='bbox 584 2836 665 2898; x_wconf 91' lang='grc' dir='ltr'><strong>εἰς</strong></span> <span class='ocrx_word' id='word_1_240' title='bbox 703 2834 1022 2907; x_wconf 87' lang='grc' dir='ltr'><strong>συμμαχίαν</strong></span> <span class='ocrx_word' id='word_1_241' title='bbox 1047 2833 1352 2900; x_wconf 82' lang='grc' dir='ltr'><strong>λαϐεῖν,ῖνα</strong></span> <span class='ocrx_word' id='word_1_242' title='bbox 1384 2836 1485 2906; x_wconf 91' lang='grc' dir='ltr'><strong>τῆς</strong></span> <span class='ocrx_word' id='word_1_243' title='bbox 1520 2837 1802 2910; x_wconf 86' lang='grc' dir='ltr'><strong>φάρυγγος</strong></span> <span class='ocrx_word' id='word_1_244' title='bbox 1825 2839 1920 2893; x_wconf 86' lang='grc' dir='ltr'><strong>τοῦ</strong></span> 
     </span>
    </p>
   </div>
   <div class='ocr_carea' id='block_1_31' title="bbox 249 2918 1923 3001">
    <p class='ocr_par' dir='ltr' id='par_1_31' title="bbox 249 2918 1923 3001">
     <span class='ocr_line' id='line_1_31' title="bbox 249 2918 1923 3001; baseline 0.006 -28"><span class='ocrx_word' id='word_1_245' title='bbox 249 2918 440 2992; x_wconf 87' lang='grc' dir='ltr'><strong>θηρίου</strong></span> <span class='ocrx_word' id='word_1_246' title='bbox 462 2921 524 2976; x_wconf 78' lang='grc' dir='ltr'><strong>τὸ</strong></span> <span class='ocrx_word' id='word_1_247' title='bbox 544 2921 705 2993; x_wconf 87' lang='grc' dir='ltr'><strong>μέλος</strong></span> <span class='ocrx_word' id='word_1_248' title='bbox 720 2922 781 2976; x_wconf 87' lang='grc' dir='ltr'><strong>τὺ</strong></span> <span class='ocrx_word' id='word_1_249' title='bbox 803 2923 895 2977; x_wconf 85' lang='grc' dir='ltr'><strong>σὸν</strong></span> <span class='ocrx_word' id='word_1_250' title='bbox 917 2923 1280 2996; x_wconf 79' lang='grc' dir='ltr'><strong>ἐλευθερῶσαι</strong></span> <span class='ocrx_word' id='word_1_251' title='bbox 1295 2923 1548 2996; x_wconf 82' lang='grc' dir='ltr'><strong>δυνηθῇς,</strong></span> <span class='ocrx_word' id='word_1_252' title='bbox 1565 2926 1657 2980; x_wconf 78' lang='grc' dir='ltr'><strong>καὶ</strong></span> <span class='ocrx_word' id='word_1_253' title='bbox 1674 2927 1810 3000; x_wconf 82' lang='grc' dir='ltr'><strong>πρὸς</strong></span> <span class='ocrx_word' id='word_1_254' title='bbox 1823 2929 1923 3001; x_wconf 83' lang='grc' dir='ltr'><strong>τὴν</strong></span> 
     </span>
    </p>
   </div>
   <div class='ocr_carea' id='block_1_32' title="bbox 248 3013 1923 3084">
    <p class='ocr_par' dir='ltr' id='par_1_32' title="bbox 248 3013 1923 3084">
     <span class='ocr_line' id='line_1_32' title="bbox 248 3013 1923 3084; baseline 0.005 -19"><span class='ocrx_word' id='word_1_255' title='bbox 248 3013 456 3067; x_wconf 80' lang='grc' dir='ltr'><strong>οἰκείαν</strong></span> <span class='ocrx_word' id='word_1_256' title='bbox 493 3015 864 3084; x_wconf 74' lang='grc' dir='ltr'><strong>ἐπαναγαγεῖν</strong></span> <span class='ocrx_word' id='word_1_257' title='bbox 897 3013 1194 3084; x_wconf 84' lang='grc' dir='ltr'><strong>εὐγένειαν,</strong></span> <span class='ocrx_word' id='word_1_258' title='bbox 1239 3013 1324 3067; x_wconf 83' lang='grc' dir='ltr'><strong>ἴνα</strong></span> <span class='ocrx_word' id='word_1_259' title='bbox 1376 3016 1472 3070; x_wconf 81' lang='grc' dir='ltr'><strong>καὶ</strong></span> <span class='ocrx_word' id='word_1_260' title='bbox 1506 3015 1686 3084; x_wconf 82' lang='grc' dir='ltr'><strong>αὐτὸς,</strong></span> <span class='ocrx_word' id='word_1_261' title='bbox 1718 3018 1772 3071; x_wconf 81' lang='grc' dir='ltr'><strong>εί</strong></span> <span class='ocrx_word' id='word_1_262' title='bbox 1793 3036 1923 3073; x_wconf 89' lang='grc' dir='ltr'><strong>ποτε</strong></span> 
     </span>
    </p>
   </div>
   <div class='ocr_carea' id='block_1_33' title="bbox 251 3100 1924 3180">
    <p class='ocr_par' dir='ltr' id='par_1_33' title="bbox 251 3100 1924 3180">
     <span class='ocr_line' id='line_1_33' title="bbox 251 3100 1924 3180; baseline 0.005 -27"><span class='ocrx_word' id='word_1_263' title='bbox 251 3101 577 3174; x_wconf 80' lang='grc' dir='ltr'><strong>περιπέσῃς,</strong></span> <span class='ocrx_word' id='word_1_264' title='bbox 623 3100 650 3155; x_wconf 83' lang='grc' dir='ltr'><strong>ὃ</strong></span> <span class='ocrx_word' id='word_1_265' title='bbox 707 3103 782 3174; x_wconf 84' lang='grc' dir='ltr'><strong>μὴ</strong></span> <span class='ocrx_word' id='word_1_266' title='bbox 834 3102 1066 3172; x_wconf 88' lang='grc' dir='ltr'><strong>γένοιτο,</strong></span> <span class='ocrx_word' id='word_1_267' title='bbox 1116 3104 1228 3167; x_wconf 90' lang='grc' dir='ltr'><strong>τοῖς</strong></span> <span class='ocrx_word' id='word_1_268' title='bbox 1266 3101 1506 3168; x_wconf 77' lang='grc' dir='ltr'><strong>δικτύοις</strong></span> <span class='ocrx_word' id='word_1_269' title='bbox 1541 3104 1637 3159; x_wconf 78' lang='grc' dir='ltr'><strong>τοῦ</strong></span> <span class='ocrx_word' id='word_1_270' title='bbox 1685 3108 1924 3180; x_wconf 89' lang='grc' dir='ltr'><strong>πονηροῦ</strong></span> 
     </span>
    </p>
   </div>
   <div class='ocr_carea' id='block_1_34' title="bbox 251 3189 1927 3268">
    <p class='ocr_par' dir='ltr' id='par_1_34' title="bbox 251 3189 1927 3268">
     <span class='ocr_line' id='line_1_34' title="bbox 251 3189 1927 3268; baseline 0.005 -26"><span class='ocrx_word' id='word_1_271' title='bbox 251 3189 506 3260; x_wconf 70' lang='grc' dir='ltr'><strong>δαίμονος</strong></span> <span class='ocrx_word' id='word_1_272' title='bbox 534 3189 767 3260; x_wconf 88' lang='grc' dir='ltr'><strong>ἐκείνου,</strong></span> <span class='ocrx_word' id='word_1_273' title='bbox 801 3189 1036 3263; x_wconf 79' lang='grc' dir='ltr'><strong>δυνηθῇς</strong></span> <span class='ocrx_word' id='word_1_274' title='bbox 1085 3189 1229 3262; x_wconf 84' lang='grc' dir='ltr'><strong>ἔχειν</strong></span> <span class='ocrx_word' id='word_1_275' title='bbox 1270 3194 1396 3256; x_wconf 78' lang='grc' dir='ltr'><strong>τοὺς</strong></span> <span class='ocrx_word' id='word_1_276' title='bbox 1438 3193 1645 3268; x_wconf 80' lang='grc' dir='ltr'><strong>ἀμῦναι</strong></span> <span class='ocrx_word' id='word_1_277' title='bbox 1692 3195 1927 3268; x_wconf 86' lang='grc' dir='ltr'><strong>δυναμέ-</strong></span> 
     </span>
    </p>
   </div>
   <div class='ocr_carea' id='block_1_35' title="bbox 252 3276 1927 3353">
    <p class='ocr_par' dir='ltr' id='par_1_35' title="bbox 252 3276 1927 3353">
     <span class='ocr_line' id='line_1_35' title="bbox 252 3276 1927 3353; baseline 0.004 -21"><span class='ocrx_word' id='word_1_278' title='bbox 252 3295 397 3342; x_wconf 89' lang='grc' dir='ltr'><strong>νους,</strong></span> <span class='ocrx_word' id='word_1_279' title='bbox 433 3277 530 3332; x_wconf 74' lang='grc' dir='ltr'><strong>καὶ</strong></span> <span class='ocrx_word' id='word_1_280' title='bbox 555 3277 919 3349; x_wconf 83' lang='grc' dir='ltr'><strong>ἐλευθερῶσαι</strong></span> <span class='ocrx_word' id='word_1_281' title='bbox 962 3278 1071 3332; x_wconf 88' lang='grc' dir='ltr'><strong>τῶν</strong></span> <span class='ocrx_word' id='word_1_282' title='bbox 1113 3276 1207 3332; x_wconf 89' lang='grc' dir='ltr'><strong>τοῦ</strong></span> <span class='ocrx_word' id='word_1_283' title='bbox 1245 3280 1492 3334; x_wconf 89' lang='grc' dir='ltr'><strong>διαϐόλου</strong></span> <span class='ocrx_word' id='word_1_284' title='bbox 1512 3281 1738 3353; x_wconf 88' lang='grc' dir='ltr'><strong>χειρῶν;</strong></span> <span class='ocrx_word' id='word_1_285' title='bbox 1772 3283 1927 3338; x_wconf 75' lang='grc' dir='ltr'><strong>Οὕτω</strong></span> 
     </span>
    </p>
   </div>
   <div class='ocr_carea' id='block_1_36' title="bbox 254 3364 1926 3444">
    <p class='ocr_par' dir='ltr' id='par_1_36' title="bbox 254 3364 1926 3444">
     <span class='ocr_line' id='line_1_36' title="bbox 254 3364 1926 3444; baseline 0.005 -26"><span class='ocrx_word' id='word_1_286' title='bbox 254 3364 351 3419; x_wconf 75' lang='grc' dir='ltr'><strong>καὶ</strong></span> <span class='ocrx_word' id='word_1_287' title='bbox 388 3365 593 3429; x_wconf 84' lang='grc' dir='ltr'><strong>Παῦλος</strong></span> <span class='ocrx_word' id='word_1_288' title='bbox 627 3365 892 3439; x_wconf 87' lang='grc' dir='ltr'><strong>διεγεῖραι</strong></span> <span class='ocrx_word' id='word_1_289' title='bbox 947 3365 1274 3438; x_wconf 84' lang='grc' dir='ltr'><strong>βουλόμενος</strong></span> <span class='ocrx_word' id='word_1_290' title='bbox 1309 3368 1554 3434; x_wconf 81' lang='grc' dir='ltr'><strong>Γαλάτας</strong></span> <span class='ocrx_word' id='word_1_291' title='bbox 1589 3371 1666 3434; x_wconf 84' lang='grc' dir='ltr'><strong>εἰς</strong></span> <span class='ocrx_word' id='word_1_292' title='bbox 1695 3373 1795 3444; x_wconf 81' lang='grc' dir='ltr'><strong>τὴν</strong></span> <span class='ocrx_word' id='word_1_293' title='bbox 1817 3372 1926 3428; x_wconf 89' lang='grc' dir='ltr'><strong>τῶν</strong></span> 
     </span>
    </p>
   </div>
   <div class='ocr_carea' id='block_1_37' title="bbox 254 3453 1925 3532">
    <p class='ocr_par' dir='ltr' id='par_1_37' title="bbox 254 3453 1925 3532">
     <span class='ocr_line' id='line_1_37' title="bbox 254 3453 1925 3532; baseline 0.004 -24"><span class='ocrx_word' id='word_1_294' title='bbox 254 3453 472 3508; x_wconf 85' lang='grc' dir='ltr'><strong>οἰκείων</strong></span> <span class='ocrx_word' id='word_1_295' title='bbox 509 3453 688 3526; x_wconf 90' lang='grc' dir='ltr'><strong>μελῶν</strong></span> <span class='ocrx_word' id='word_1_296' title='bbox 718 3454 1000 3526; x_wconf 85' lang='grc' dir='ltr'><strong>πρόνοιαν,</strong></span> <span class='ocrx_word' id='word_1_297' title='bbox 1037 3455 1169 3528; x_wconf 86' lang='grc' dir='ltr'><strong>φησί</strong></span> <span class='ocrx_word' id='word_1_298' title='bbox 1195 3473 1209 3487; x_wconf 78' lang='grc' dir='ltr'><strong>ο</strong></span> <span class='ocrx_word' id='word_1_299' title='bbox 1245 3457 1500 3513; x_wconf 76' lang='grc' dir='ltr'><strong>Σκοπῶν</strong></span> <span class='ocrx_word' id='word_1_300' title='bbox 1530 3459 1813 3526; x_wconf 81' lang='grc' dir='ltr'><strong>σεαυτὸν,</strong></span> <span class='ocrx_word' id='word_1_301' title='bbox 1838 3463 1925 3532; x_wconf 80' lang='grc' dir='ltr'><strong>μὴ</strong></span> 
     </span>
    </p>
   </div>
   <div class='ocr_carea' id='block_1_38' title="bbox 255 3542 1930 3622">
    <p class='ocr_par' dir='ltr' id='par_1_38' title="bbox 255 3542 1930 3622">
     <span class='ocr_line' id='line_1_38' title="bbox 255 3542 1930 3622; baseline 0.005 -27"><span class='ocrx_word' id='word_1_302' title='bbox 255 3542 354 3598; x_wconf 77' lang='grc' dir='ltr'><strong>καί</strong></span> <span class='ocrx_word' id='word_1_303' title='bbox 376 3542 459 3598; x_wconf 88' lang='grc' dir='ltr'><strong>σὺ</strong></span> <span class='ocrx_word' id='word_1_304' title='bbox 492 3542 824 3614; x_wconf 77' lang='grc' dir='ltr'><strong>πειρασθῇς</strong></span> <span class='ocrx_word' id='word_1_305' title='bbox 842 3560 855 3574; x_wconf 81' lang='grc'><strong>’</strong></span> <span class='ocrx_word' id='word_1_306' title='bbox 890 3544 1170 3616; x_wconf 77' lang='grc' dir='ltr'><strong>μονονουχὶ</strong></span> <span class='ocrx_word' id='word_1_307' title='bbox 1192 3544 1388 3616; x_wconf 89' lang='grc' dir='ltr'><strong>λέγων,</strong></span> <span class='ocrx_word' id='word_1_308' title='bbox 1427 3547 1551 3602; x_wconf 85' lang='grc' dir='ltr'><strong>Ἐάν</strong></span> <span class='ocrx_word' id='word_1_309' title='bbox 1588 3548 1930 3622; x_wconf 86' lang='grc' dir='ltr'><strong>ἀσυμπαθῶς</strong></span> 
     </span>
    </p>
   </div>
   <div class='ocr_carea' id='block_1_39' title="bbox 256 3630 1930 3706">
    <p class='ocr_par' dir='ltr' id='par_1_39' title="bbox 256 3630 1930 3706">
     <span class='ocr_line' id='line_1_39' title="bbox 256 3630 1930 3706; baseline 0.005 -21"><span class='ocrx_word' id='word_1_310' title='bbox 256 3632 354 3686; x_wconf 73' lang='grc' dir='ltr'><strong>καὶ</strong></span> <span class='ocrx_word' id='word_1_311' title='bbox 377 3630 622 3704; x_wconf 84' lang='grc' dir='ltr'><strong>ἀνηλεῶς</strong></span> <span class='ocrx_word' id='word_1_312' title='bbox 651 3631 1017 3706; x_wconf 79' lang='grc' dir='ltr'><strong>παραδράμῃς</strong></span> <span class='ocrx_word' id='word_1_313' title='bbox 1050 3632 1140 3688; x_wconf 83' lang='grc' dir='ltr'><strong>τὸν</strong></span> <span class='ocrx_word' id='word_1_314' title='bbox 1173 3633 1421 3706; x_wconf 79' lang='grc' dir='ltr'><strong>ἀδελφὸν,</strong></span> <span class='ocrx_word' id='word_1_315' title='bbox 1464 3633 1593 3700; x_wconf 82' lang='grc' dir='ltr'><strong>ἴσως</strong></span> <span class='ocrx_word' id='word_1_316' title='bbox 1623 3641 1716 3691; x_wconf 73' lang='grc' dir='ltr'><strong>καὶ</strong></span> <span class='ocrx_word' id='word_1_317' title='bbox 1746 3639 1804 3692; x_wconf 87' lang='grc' dir='ltr'><strong>σέ</strong></span> <span class='ocrx_word' id='word_1_318' title='bbox 1833 3657 1930 3693; x_wconf 87' lang='grc' dir='ltr'><strong>πε-</strong></span> 
     </span>
    </p>
   </div>
   <div class='ocr_carea' id='block_1_40' title="bbox 261 3719 1931 3796">
    <p class='ocr_par' dir='ltr' id='par_1_40' title="bbox 261 3719 1931 3796">
     <span class='ocr_line' id='line_1_40' title="bbox 261 3719 1931 3796; baseline 0.005 -23"><span class='ocrx_word' id='word_1_319' title='bbox 261 3719 645 3791; x_wconf 81' lang='grc' dir='ltr'><strong>ριπεπτωκότα</strong></span> <span class='ocrx_word' id='word_1_320' title='bbox 701 3720 888 3793; x_wconf 76' lang='grc' dir='ltr'><strong>ἕτερος</strong></span> <span class='ocrx_word' id='word_1_321' title='bbox 934 3719 1079 3776; x_wconf 81' lang='grc' dir='ltr'><strong>οὕτω</strong></span> <span class='ocrx_word' id='word_1_322' title='bbox 1135 3722 1596 3796; x_wconf 87' lang='grc' dir='ltr'><strong>παραδραμεῖται.</strong></span> <span class='ocrx_word' id='word_1_323' title='bbox 1637 3724 1700 3780; x_wconf 86' lang='grc' dir='ltr'><strong>Εἰ</strong></span> <span class='ocrx_word' id='word_1_324' title='bbox 1752 3728 1931 3782; x_wconf 87' lang='grc' dir='ltr'><strong>τοίνυν</strong></span> 
     </span>
    </p>
   </div>
   <div class='ocr_carea' id='block_1_41' title="bbox 259 3808 1934 3886">
    <p class='ocr_par' dir='ltr' id='par_1_41' title="bbox 259 3808 1934 3886">
     <span class='ocr_line' id='line_1_41' title="bbox 259 3808 1934 3886; baseline 0.003 -22"><span class='ocrx_word' id='word_1_325' title='bbox 259 3808 540 3882; x_wconf 85' lang='grc' dir='ltr'><strong>βούλειμὴ</strong></span> <span class='ocrx_word' id='word_1_326' title='bbox 573 3811 942 3883; x_wconf 83' lang='grc' dir='ltr'><strong>παροφθῆναι,</strong></span> <span class='ocrx_word' id='word_1_327' title='bbox 986 3812 1169 3866; x_wconf 85' lang='grc' dir='ltr'><strong>είποτε</strong></span> <span class='ocrx_word' id='word_1_328' title='bbox 1217 3812 1557 3885; x_wconf 86' lang='grc' dir='ltr'><strong>περιπέσοις,</strong></span> <span class='ocrx_word' id='word_1_329' title='bbox 1605 3814 1745 3886; x_wconf 88' lang='grc' dir='ltr'><strong>μήτε</strong></span> <span class='ocrx_word' id='word_1_330' title='bbox 1772 3816 1934 3880; x_wconf 85' lang='grc' dir='ltr'><strong>αὐτὸς</strong></span> 
     </span>
    </p>
   </div>
   <div class='ocr_carea' id='block_1_42' title="bbox 257 3896 1934 3972">
    <p class='ocr_par' dir='ltr' id='par_1_42' title="bbox 257 3896 1934 3972">
     <span class='ocr_line' id='line_1_42' title="bbox 257 3896 1934 3972; baseline 0.004 -23"><span class='ocrx_word' id='word_1_331' title='bbox 257 3897 528 3969; x_wconf 87' lang='grc' dir='ltr'><strong>παρίδοις,</strong></span> <span class='ocrx_word' id='word_1_332' title='bbox 570 3896 708 3951; x_wconf 87' lang='grc' dir='ltr'><strong>ἀλλά</strong></span> <span class='ocrx_word' id='word_1_333' title='bbox 737 3897 940 3970; x_wconf 82' lang='grc' dir='ltr'><strong>πολλὴν</strong></span> <span class='ocrx_word' id='word_1_334' title='bbox 962 3897 1227 3964; x_wconf 82' lang='grc' dir='ltr'><strong>ἐπίδειξαι</strong></span> <span class='ocrx_word' id='word_1_335' title='bbox 1266 3900 1363 3971; x_wconf 80' lang='grc' dir='ltr'><strong>τὴν</strong></span> <span class='ocrx_word' id='word_1_336' title='bbox 1393 3899 1801 3972; x_wconf 84' lang='grc' dir='ltr'><strong>φιλοστοργίαν,</strong></span> <span class='ocrx_word' id='word_1_337' title='bbox 1839 3903 1934 3957; x_wconf 73' lang='grc' dir='ltr'><strong>καὶ</strong></span> 
     </span>
    </p>
   </div>
   <div class='ocr_carea' id='block_1_43' title="bbox 260 3983 1933 4058">
    <p class='ocr_par' dir='ltr' id='par_1_43' title="bbox 260 3983 1933 4058">
     <span class='ocr_line' id='line_1_43' title="bbox 260 3983 1933 4058; baseline 0.005 -22"><span class='ocrx_word' id='word_1_338' title='bbox 260 3983 532 4057; x_wconf 86' lang='grc' dir='ltr'><strong>θησαυρὸν</strong></span> <span class='ocrx_word' id='word_1_339' title='bbox 549 3985 686 4057; x_wconf 91' lang='grc' dir='ltr'><strong>ἡγοῦ</strong></span> <span class='ocrx_word' id='word_1_340' title='bbox 713 3987 968 4058; x_wconf 91' lang='grc' dir='ltr'><strong>μέγιστον</strong></span> <span class='ocrx_word' id='word_1_341' title='bbox 991 3986 1053 4039; x_wconf 86' lang='grc' dir='ltr'><strong>τὸ</strong></span> <span class='ocrx_word' id='word_1_342' title='bbox 1075 3983 1368 4058; x_wconf 82' lang='grc' dir='ltr'><strong>δυνηθῆναι</strong></span> <span class='ocrx_word' id='word_1_343' title='bbox 1392 3986 1650 4041; x_wconf 86' lang='grc' dir='ltr'><strong>διασῶσαι</strong></span> <span class='ocrx_word' id='word_1_344' title='bbox 1673 3989 1764 4043; x_wconf 84' lang='grc' dir='ltr'><strong>τὸν</strong></span> <span class='ocrx_word' id='word_1_345' title='bbox 1779 3990 1933 4044; x_wconf 89' lang='grc' dir='ltr'><strong>ἀδελ-</strong></span> 
     </span>
    </p>
   </div>
   <div class='ocr_carea' id='block_1_44' title="bbox 259 4073 1936 4149">
    <p class='ocr_par' dir='ltr' id='par_1_44' title="bbox 259 4073 1936 4149">
     <span class='ocr_line' id='line_1_44' title="bbox 259 4073 1936 4149; baseline 0.002 -22"><span class='ocrx_word' id='word_1_346' title='bbox 259 4073 562 4142; x_wconf 53' lang='grc' dir='ltr'><strong>φόνηΟὑδέν</strong></span> <span class='ocrx_word' id='word_1_347' title='bbox 587 4073 698 4145; x_wconf 81' lang='grc' dir='ltr'><strong>γὰρ</strong></span> <span class='ocrx_word' id='word_1_348' title='bbox 713 4074 904 4128; x_wconf 89' lang='grc' dir='ltr'><strong>τούτου</strong></span> <span class='ocrx_word' id='word_1_349' title='bbox 934 4074 1047 4129; x_wconf 75' lang='grc' dir='ltr'><strong>ἴσον</strong></span> <span class='ocrx_word' id='word_1_350' title='bbox 1063 4075 1258 4144; x_wconf 83' lang='grc' dir='ltr'><strong>γένοιτ’</strong></span> <span class='ocrx_word' id='word_1_351' title='bbox 1275 4075 1341 4130; x_wconf 82' lang='grc' dir='ltr'><strong>ἄν</strong></span> <span class='ocrx_word' id='word_1_352' title='bbox 1371 4092 1502 4130; x_wconf 89' lang='grc' dir='ltr'><strong>ποτε</strong></span> <span class='ocrx_word' id='word_1_353' title='bbox 1523 4079 1603 4140; x_wconf 87' lang='grc' dir='ltr'><strong>εἰς</strong></span> <span class='ocrx_word' id='word_1_354' title='bbox 1632 4077 1834 4149; x_wconf 85' lang='grc' dir='ltr'><strong>ἀρετῆς</strong></span> <span class='ocrx_word' id='word_1_355' title='bbox 1851 4079 1936 4132; x_wconf 83' lang='grc' dir='ltr'><strong>λό-</strong></span> 
     </span>
    </p>
   </div>
   <div class='ocr_carea' id='block_1_45' title="bbox 259 4156 1937 4239">
    <p class='ocr_par' dir='ltr' id='par_1_45' title="bbox 259 4156 1937 4239">
     <span class='ocr_line' id='line_1_45' title="bbox 259 4156 1937 4239; baseline 0.004 -24"><span class='ocrx_word' id='word_1_356' title='bbox 259 4178 376 4229; x_wconf 86' lang='grc' dir='ltr'><strong>γον.</strong></span> <span class='ocrx_word' id='word_1_357' title='bbox 397 4161 522 4216; x_wconf 87' lang='grc' dir='ltr'><strong>Ἐἀν</strong></span> <span class='ocrx_word' id='word_1_358' title='bbox 554 4163 664 4234; x_wconf 85' lang='grc' dir='ltr'><strong>γὰρ</strong></span> <span class='ocrx_word' id='word_1_359' title='bbox 695 4163 955 4237; x_wconf 78' lang='grc' dir='ltr'><strong>ἐννοήσῃς</strong></span> <span class='ocrx_word' id='word_1_360' title='bbox 983 4163 1164 4234; x_wconf 90' lang='grc' dir='ltr'><strong>μόνον,</strong></span> <span class='ocrx_word' id='word_1_361' title='bbox 1189 4165 1271 4218; x_wconf 84' lang='grc' dir='ltr'><strong>ὃτι</strong></span> <span class='ocrx_word' id='word_1_362' title='bbox 1292 4156 1472 4231; x_wconf 77' lang='grc' dir='ltr'><strong>οὗτος,</strong></span> <span class='ocrx_word' id='word_1_363' title='bbox 1493 4165 1550 4219; x_wconf 84' lang='grc' dir='ltr'><strong>ὃν</strong></span> <span class='ocrx_word' id='word_1_364' title='bbox 1580 4169 1826 4239; x_wconf 80' lang='grc' dir='ltr'><strong>παρορᾷς</strong></span> <span class='ocrx_word' id='word_1_365' title='bbox 1843 4168 1937 4222; x_wconf 77' lang='grc' dir='ltr'><strong>καὶ</strong></span> 
     </span>
    </p>
   </div>
   <div class='ocr_carea' id='block_1_46' title="bbox 261 4250 1939 4327">
    <p class='ocr_par' dir='ltr' id='par_1_46' title="bbox 261 4250 1939 4327">
     <span class='ocr_line' id='line_1_46' title="bbox 261 4250 1939 4327; baseline 0.005 -25"><span class='ocrx_word' id='word_1_366' title='bbox 261 4250 651 4322; x_wconf 82' lang='grc' dir='ltr'><strong>παρατρέχεις,</strong></span> <span class='ocrx_word' id='word_1_367' title='bbox 700 4251 804 4305; x_wconf 87' lang='grc' dir='ltr'><strong>ὑπὸ</strong></span> <span class='ocrx_word' id='word_1_368' title='bbox 847 4250 940 4304; x_wconf 88' lang='grc' dir='ltr'><strong>τοῦ</strong></span> <span class='ocrx_word' id='word_1_369' title='bbox 984 4251 1257 4306; x_wconf 83' lang='grc' dir='ltr'><strong>Δεσπότου</strong></span> <span class='ocrx_word' id='word_1_370' title='bbox 1318 4269 1412 4306; x_wconf 90' lang='grc' dir='ltr'><strong>σου</strong></span> <span class='ocrx_word' id='word_1_371' title='bbox 1463 4255 1730 4327; x_wconf 77' lang='grc' dir='ltr'><strong>τοσαύτης</strong></span> <span class='ocrx_word' id='word_1_372' title='bbox 1775 4255 1939 4327; x_wconf 77' lang='grc' dir='ltr'><strong>ἠξίω-</strong></span> 
     </span>
    </p>
   </div>
   <div class='ocr_carea' id='block_1_47' title="bbox 259 4340 1937 4414">
    <p class='ocr_par' dir='ltr' id='par_1_47' title="bbox 259 4340 1937 4414">
     <span class='ocr_line' id='line_1_47' title="bbox 259 4340 1937 4414; baseline 0.005 -22"><span class='ocrx_word' id='word_1_373' title='bbox 259 4357 352 4392; x_wconf 89' lang='grc' dir='ltr'><strong>ται</strong></span> <span class='ocrx_word' id='word_1_374' title='bbox 381 4340 480 4410; x_wconf 90' lang='grc' dir='ltr'><strong>τῆς</strong></span> <span class='ocrx_word' id='word_1_375' title='bbox 509 4340 695 4411; x_wconf 89' lang='grc' dir='ltr'><strong>τιμῆς,</strong></span> <span class='ocrx_word' id='word_1_376' title='bbox 723 4340 799 4404; x_wconf 84' lang='grc' dir='ltr'><strong>ὡς</strong></span> <span class='ocrx_word' id='word_1_377' title='bbox 834 4340 900 4394; x_wconf 87' lang='grc' dir='ltr'><strong>δι’</strong></span> <span class='ocrx_word' id='word_1_378' title='bbox 930 4341 1095 4395; x_wconf 81' lang='grc' dir='ltr'><strong>αὑτὸν</strong></span> <span class='ocrx_word' id='word_1_379' title='bbox 1137 4340 1212 4413; x_wconf 83' lang='grc' dir='ltr'><strong>μὴ</strong></span> <span class='ocrx_word' id='word_1_380' title='bbox 1257 4342 1704 4414; x_wconf 88' lang='grc' dir='ltr'><strong>παραιτήσασθαι</strong></span> <span class='ocrx_word' id='word_1_381' title='bbox 1745 4346 1840 4399; x_wconf 79' lang='grc' dir='ltr'><strong>καὶ</strong></span> <span class='ocrx_word' id='word_1_382' title='bbox 1875 4345 1937 4400; x_wconf 85' lang='grc' dir='ltr'><strong>τὸ</strong></span> 
     </span>
    </p>
   </div>
   <div class='ocr_carea' id='block_1_48' title="bbox 262 4422 1939 4502">
    <p class='ocr_par' dir='ltr' id='par_1_48' title="bbox 262 4422 1939 4502">
     <span class='ocr_line' id='line_1_48' title="bbox 262 4422 1939 4502; baseline 0.005 -23"><span class='ocrx_word' id='word_1_383' title='bbox 262 4422 405 4499; x_wconf 78' lang='grc' dir='ltr'><strong>αἷμα</strong></span> <span class='ocrx_word' id='word_1_384' title='bbox 425 4429 638 4498; x_wconf 84' lang='grc' dir='ltr'><strong>ἐκχέειν</strong></span> <span class='ocrx_word' id='word_1_385' title='bbox 667 4428 726 4482; x_wconf 85' lang='grc' dir='ltr'><strong>τὸ</strong></span> <span class='ocrx_word' id='word_1_386' title='bbox 771 4428 966 4483; x_wconf 90' lang='grc' dir='ltr'><strong>ἐαυτοῦ</strong></span> <span class='ocrx_word' id='word_1_387' title='bbox 995 4427 1199 4501; x_wconf 87' lang='grc' dir='ltr'><strong>(καθὼς</strong></span> <span class='ocrx_word' id='word_1_388' title='bbox 1233 4431 1328 4483; x_wconf 76' lang='grc' dir='ltr'><strong>καὶ</strong></span> <span class='ocrx_word' id='word_1_389' title='bbox 1380 4430 1593 4495; x_wconf 88' lang='grc' dir='ltr'><strong>Παῦλός</strong></span> <span class='ocrx_word' id='word_1_390' title='bbox 1631 4449 1794 4502; x_wconf 77' lang='grc' dir='ltr'><strong>φησιο</strong></span> <span class='ocrx_word' id='word_1_391' title='bbox 1827 4435 1939 4488; x_wconf 76' lang='grc' dir='ltr'><strong>Καὶ</strong></span> 
     </span>
    </p>
   </div>
   <div class='ocr_carea' id='block_1_49' title="bbox 259 4517 1935 4593">
    <p class='ocr_par' dir='ltr' id='par_1_49' title="bbox 259 4517 1935 4593">
     <span class='ocr_line' id='line_1_49' title="bbox 259 4517 1935 4593; baseline 0.004 -21"><span class='ocrx_word' id='word_1_392' title='bbox 259 4517 574 4572; x_wconf 77' lang='grc' dir='ltr'><strong>ἀπολεῖται</strong></span> <span class='ocrx_word' id='word_1_393' title='bbox 617 4520 651 4572; x_wconf 83' lang='grc' dir='ltr'><strong>ό</strong></span> <span class='ocrx_word' id='word_1_394' title='bbox 687 4517 962 4573; x_wconf 73' lang='grc' dir='ltr'><strong>ἀσθενῶν</strong></span> <span class='ocrx_word' id='word_1_395' title='bbox 1002 4517 1268 4588; x_wconf 69' lang='grc' dir='ltr'><strong>ἀδελφὸς</strong></span> <span class='ocrx_word' id='word_1_396' title='bbox 1313 4519 1412 4573; x_wconf 78' lang='grc' dir='ltr'><strong>ἐπὶ</strong></span> <span class='ocrx_word' id='word_1_397' title='bbox 1462 4517 1540 4589; x_wconf 75' lang='grc' dir='ltr'><strong>τῇ</strong></span> <span class='ocrx_word' id='word_1_398' title='bbox 1582 4520 1665 4590; x_wconf 77' lang='grc' dir='ltr'><strong>σῇ</strong></span> <span class='ocrx_word' id='word_1_399' title='bbox 1699 4522 1935 4593; x_wconf 76' lang='grc' dir='ltr'><strong>γνώσει,</strong></span> 
     </span>
    </p>
   </div>
   <div class='ocr_carea' id='block_1_50' title="bbox 263 4604 1938 4681">
    <p class='ocr_par' dir='ltr' id='par_1_50' title="bbox 263 4604 1938 4681">
     <span class='ocr_line' id='line_1_50' title="bbox 263 4604 1938 4681; baseline 0.004 -20"><span class='ocrx_word' id='word_1_400' title='bbox 263 4606 338 4662; x_wconf 82' lang='grc' dir='ltr'><strong>δι’</strong></span> <span class='ocrx_word' id='word_1_401' title='bbox 365 4605 439 4662; x_wconf 81' lang='grc' dir='ltr'><strong>ὃν</strong></span> <span class='ocrx_word' id='word_1_402' title='bbox 462 4605 720 4676; x_wconf 83' lang='grc' dir='ltr'><strong>Χριστὸς</strong></span> <span class='ocrx_word' id='word_1_403' title='bbox 737 4604 1042 4679; x_wconf 81' lang='grc' dir='ltr'><strong>ἀπέθανε)’</strong></span> <span class='ocrx_word' id='word_1_404' title='bbox 1069 4607 1188 4672; x_wconf 85' lang='grc' dir='ltr'><strong>πῶς</strong></span> <span class='ocrx_word' id='word_1_405' title='bbox 1212 4609 1335 4680; x_wconf 74' lang='grc' dir='ltr'><strong>οὐχὶ</strong></span> <span class='ocrx_word' id='word_1_406' title='bbox 1351 4611 1418 4680; x_wconf 80' lang='grc' dir='ltr'><strong>τῇ</strong></span> <span class='ocrx_word' id='word_1_407' title='bbox 1454 4612 1525 4681; x_wconf 81' lang='grc' dir='ltr'><strong>γῇ</strong></span> <span class='ocrx_word' id='word_1_408' title='bbox 1551 4611 1775 4666; x_wconf 83' lang='grc' dir='ltr'><strong>σεαυτὸν</strong></span> <span class='ocrx_word' id='word_1_409' title='bbox 1803 4623 1938 4666; x_wconf 86' lang='grc' dir='ltr'><strong>κατ-</strong></span> 
     </span>
    </p>
   </div>
   <div class='ocr_carea' id='block_1_51' title="bbox 263 4693 1976 4772">
    <p class='ocr_par' dir='ltr' id='par_1_51' title="bbox 263 4693 1976 4772">
     <span class='ocr_line' id='line_1_51' title="bbox 263 4693 1976 4772; baseline 0.001 -19"><span class='ocrx_word' id='word_1_410' title='bbox 263 4697 512 4772; x_wconf 80' lang='grc' dir='ltr'><strong>ορύξεις;</strong></span> <span class='ocrx_word' id='word_1_411' title='bbox 543 4695 606 4748; x_wconf 74' lang='grc' dir='ltr'><strong>Εἰ</strong></span> <span class='ocrx_word' id='word_1_412' title='bbox 635 4694 814 4751; x_wconf 87' lang='grc' dir='ltr'><strong>τοίνυν</strong></span> <span class='ocrx_word' id='word_1_413' title='bbox 839 4694 906 4748; x_wconf 86' lang='grc' dir='ltr'><strong>δι’</strong></span> <span class='ocrx_word' id='word_1_414' title='bbox 943 4695 1108 4750; x_wconf 83' lang='grc' dir='ltr'><strong>αὑτὸν</strong></span> <span class='ocrx_word' id='word_1_415' title='bbox 1151 4698 1180 4750; x_wconf 88' lang='grc' dir='ltr'>ὁ</span> <span class='ocrx_word' id='word_1_416' title='bbox 1208 4697 1444 4769; x_wconf 76' lang='grc' dir='ltr'><strong>Χριστὸς</strong></span> <span class='ocrx_word' id='word_1_417' title='bbox 1470 4700 1564 4752; x_wconf 71' lang='grc' dir='ltr'><strong>καὶ</strong></span> <span class='ocrx_word' id='word_1_418' title='bbox 1589 4700 1649 4753; x_wconf 83' lang='grc' dir='ltr'><strong>τὸ</strong></span> <span class='ocrx_word' id='word_1_419' title='bbox 1687 4693 1829 4772; x_wconf 77' lang='grc' dir='ltr'><strong>αἷμα</strong></span> <span class='ocrx_word' id='word_1_420' title='bbox 1860 4701 1940 4768; x_wconf 83' lang='grc' dir='ltr'><strong>ἐξ·</strong></span> <span class='ocrx_word' id='word_1_421' title='bbox 1960 4703 1976 4719; x_wconf 86' lang='lat'><strong><em>’</em></strong></span> 
     </span>
    </p>
   </div>
   <div class='ocr_carea' id='block_1_52' title="bbox 264 4783 1940 4863">
    <p class='ocr_par' dir='ltr' id='par_1_52' title="bbox 264 4783 1940 4863">
     <span class='ocr_line' id='line_1_52' title="bbox 264 4783 1940 4863; baseline -0.002 -17"><span class='ocrx_word' id='word_1_422' title='bbox 264 4793 408 4863; x_wconf 83' lang='grc' dir='ltr'><strong>έχεε,</strong></span> <span class='ocrx_word' id='word_1_423' title='bbox 435 4791 486 4844; x_wconf 88' lang='grc' dir='ltr'><strong>τί</strong></span> <span class='ocrx_word' id='word_1_424' title='bbox 517 4790 662 4862; x_wconf 86' lang='grc' dir='ltr'><strong>μέγα</strong></span> <span class='ocrx_word' id='word_1_425' title='bbox 697 4786 968 4857; x_wconf 84' lang='grc' dir='ltr'><strong>ποιήσεις,</strong></span> <span class='ocrx_word' id='word_1_426' title='bbox 998 4783 1094 4837; x_wconf 86' lang='grc' dir='ltr'><strong>ἐὰν</strong></span> <span class='ocrx_word' id='word_1_427' title='bbox 1121 4783 1221 4856; x_wconf 84' lang='grc' dir='ltr'><strong>τὴν</strong></span> <span class='ocrx_word' id='word_1_428' title='bbox 1251 4785 1400 4856; x_wconf 88' lang='grc' dir='ltr'><strong>παρά</strong></span> <span class='ocrx_word' id='word_1_429' title='bbox 1432 4786 1630 4840; x_wconf 87' lang='grc' dir='ltr'><strong>σαυτοῦ</strong></span> <span class='ocrx_word' id='word_1_430' title='bbox 1655 4787 1940 4862; x_wconf 78' lang='grc' dir='ltr'><strong>φιλοπαρ-</strong></span> 
     </span>
    </p>
   </div>
   <div class='ocr_carea' id='block_1_53' title="bbox 264 4870 1940 4950">
    <p class='ocr_par' dir='ltr' id='par_1_53' title="bbox 264 4870 1940 4950">
     <span class='ocr_line' id='line_1_53' title="bbox 264 4870 1940 4950; baseline -0.001 -18"><span class='ocrx_word' id='word_1_431' title='bbox 264 4881 394 4949; x_wconf 89' lang='grc' dir='ltr'><strong>γίαν</strong></span> <span class='ocrx_word' id='word_1_432' title='bbox 419 4877 683 4950; x_wconf 80' lang='grc' dir='ltr'><strong>ἐπιδείξῃ,</strong></span> <span class='ocrx_word' id='word_1_433' title='bbox 716 4875 810 4928; x_wconf 81' lang='grc' dir='ltr'><strong>καὶ</strong></span> <span class='ocrx_word' id='word_1_434' title='bbox 861 4875 928 4944; x_wconf 82' lang='grc' dir='ltr'><strong>τῇ</strong></span> <span class='ocrx_word' id='word_1_435' title='bbox 968 4872 1056 4926; x_wconf 84' lang='grc' dir='ltr'><strong>διὰ</strong></span> <span class='ocrx_word' id='word_1_436' title='bbox 1108 4870 1258 4944; x_wconf 70' lang='grc'><strong>[442]</strong></span> <span class='ocrx_word' id='word_1_437' title='bbox 1288 4871 1396 4926; x_wconf 87' lang='grc' dir='ltr'><strong>τῶν</strong></span> <span class='ocrx_word' id='word_1_438' title='bbox 1444 4872 1618 4942; x_wconf 91' lang='grc' dir='ltr'><strong>λόγων</strong></span> <span class='ocrx_word' id='word_1_439' title='bbox 1657 4880 1940 4950; x_wconf 86' lang='grc' dir='ltr'><strong>προτροπῇ</strong></span> 
     </span>
    </p>
   </div>
   <div class='ocr_carea' id='block_1_54' title="bbox 264 4961 1942 5040">
    <p class='ocr_par' dir='ltr' id='par_1_54' title="bbox 264 4961 1942 5040">
     <span class='ocr_line' id='line_1_54' title="bbox 264 4961 1942 5040; baseline -0.009 -15"><span class='ocrx_word' id='word_1_440' title='bbox 264 4971 627 5040; x_wconf 81' lang='grc' dir='ltr'><strong>διαναστήσῃς</strong></span> <span class='ocrx_word' id='word_1_441' title='bbox 654 4965 927 5035; x_wconf 85' lang='grc' dir='ltr'><strong>κείμενον,</strong></span> <span class='ocrx_word' id='word_1_442' title='bbox 949 4961 1044 5017; x_wconf 72' lang='grc' dir='ltr'><strong>καὶ</strong></span> <span class='ocrx_word' id='word_1_443' title='bbox 1057 4961 1156 5032; x_wconf 81' lang='grc' dir='ltr'><strong>τὴν</strong></span> <span class='ocrx_word' id='word_1_444' title='bbox 1178 4962 1342 5016; x_wconf 86' lang='grc' dir='ltr'><strong>αὑτοῦ</strong></span> <span class='ocrx_word' id='word_1_445' title='bbox 1367 4961 1543 5034; x_wconf 70' lang='grc' dir='ltr'><strong>ψυχὴν</strong></span> <span class='ocrx_word' id='word_1_446' title='bbox 1569 4963 1942 5038; x_wconf 78' lang='grc' dir='ltr'><strong>βεϐαπτισμέ.</strong></span> 
     </span>
    </p>
   </div>
   <div class='ocr_carea' id='block_1_55' title="bbox 265 5052 1941 5132">
    <p class='ocr_par' dir='ltr' id='par_1_55' title="bbox 265 5052 1941 5132">
     <span class='ocr_line' id='line_1_55' title="bbox 265 5052 1941 5132; baseline -0.002 -18"><span class='ocrx_word' id='word_1_447' title='bbox 265 5079 364 5132; x_wconf 88' lang='grc' dir='ltr'><strong>νην</strong></span> <span class='ocrx_word' id='word_1_448' title='bbox 389 5062 518 5124; x_wconf 83' lang='grc' dir='ltr'><strong>ἰσως</strong></span> <span class='ocrx_word' id='word_1_449' title='bbox 550 5059 646 5112; x_wconf 72' lang='grc' dir='ltr'><strong>καὶ</strong></span> <span class='ocrx_word' id='word_1_450' title='bbox 668 5053 1002 5129; x_wconf 88' lang='grc' dir='ltr'><strong>ὑποϐρύχιον</strong></span> <span class='ocrx_word' id='word_1_451' title='bbox 1034 5052 1404 5124; x_wconf 81' lang='grc' dir='ltr'><strong>γεγενημένην</strong></span> <span class='ocrx_word' id='word_1_452' title='bbox 1437 5053 1735 5126; x_wconf 81' lang='grc' dir='ltr'><strong>ἀνενέγκῃς</strong></span> <span class='ocrx_word' id='word_1_453' title='bbox 1764 5057 1828 5109; x_wconf 87' lang='grc' dir='ltr'><strong>ἐκ</strong></span> <span class='ocrx_word' id='word_1_454' title='bbox 1846 5057 1941 5112; x_wconf 86' lang='grc' dir='ltr'><strong>τοῦ</strong></span> 
     </span>
    </p>
   </div>
   <div class='ocr_carea' id='block_1_56' title="bbox 265 5141 1943 5220">
    <p class='ocr_par' dir='ltr' id='par_1_56' title="bbox 265 5141 1943 5220">
     <span class='ocr_line' id='line_1_56' title="bbox 265 5141 1943 5220; baseline -0.005 -14"><span class='ocrx_word' id='word_1_455' title='bbox 265 5152 365 5220; x_wconf 84' lang='grc' dir='ltr'><strong>τῆς</strong></span> <span class='ocrx_word' id='word_1_456' title='bbox 404 5148 599 5210; x_wconf 88' lang='grc' dir='ltr'><strong>κακίας</strong></span> <span class='ocrx_word' id='word_1_457' title='bbox 629 5143 812 5218; x_wconf 83' lang='grc' dir='ltr'><strong>βυθοῦ,</strong></span> <span class='ocrx_word' id='word_1_458' title='bbox 839 5143 934 5198; x_wconf 77' lang='grc' dir='ltr'><strong>καὶ</strong></span> <span class='ocrx_word' id='word_1_459' title='bbox 953 5141 1376 5216; x_wconf 80' lang='grc' dir='ltr'><strong>παρασκευάσῃς</strong></span> <span class='ocrx_word' id='word_1_460' title='bbox 1397 5141 1524 5195; x_wconf 82' lang='grc' dir='ltr'><strong>ἰδεῖν</strong></span> <span class='ocrx_word' id='word_1_461' title='bbox 1543 5143 1640 5213; x_wconf 85' lang='grc' dir='ltr'><strong>τῆς</strong></span> <span class='ocrx_word' id='word_1_462' title='bbox 1657 5143 1858 5216; x_wconf 87' lang='grc' dir='ltr'><strong>ἀρετῆς</strong></span> <span class='ocrx_word' id='word_1_463' title='bbox 1881 5146 1943 5200; x_wconf 81' lang='grc' dir='ltr'><strong>τὸ</strong></span> 
     </span>
    </p>
   </div>
   <div class='ocr_carea' id='block_1_57' title="bbox 268 5229 1942 5309">
    <p class='ocr_par' dir='ltr' id='par_1_57' title="bbox 268 5229 1942 5309">
     <span class='ocr_line' id='line_1_57' title="bbox 268 5229 1942 5309; baseline -0.017 -4"><span class='ocrx_word' id='word_1_464' title='bbox 268 5239 408 5309; x_wconf 72' lang='grc' dir='ltr'><strong>φῶς,</strong></span> <span class='ocrx_word' id='word_1_465' title='bbox 443 5236 538 5290; x_wconf 77' lang='grc' dir='ltr'><strong>καὶ</strong></span> <span class='ocrx_word' id='word_1_466' title='bbox 577 5235 650 5305; x_wconf 83' lang='grc' dir='ltr'><strong>μὴ</strong></span> <span class='ocrx_word' id='word_1_467' title='bbox 684 5232 1117 5303; x_wconf 84' lang='grc' dir='ltr'><strong>παλινδρομῆσαι</strong></span> <span class='ocrx_word' id='word_1_468' title='bbox 1149 5230 1241 5284; x_wconf 76' lang='grc' dir='ltr'><strong>ἐπὶ</strong></span> <span class='ocrx_word' id='word_1_469' title='bbox 1267 5229 1357 5283; x_wconf 79' lang='grc' dir='ltr'><strong>τὸν</strong></span> <span class='ocrx_word' id='word_1_470' title='bbox 1385 5230 1484 5301; x_wconf 86' lang='grc' dir='ltr'><strong>τῆς</strong></span> <span class='ocrx_word' id='word_1_471' title='bbox 1524 5230 1719 5294; x_wconf 87' lang='grc' dir='ltr'><strong>κακίας</strong></span> <span class='ocrx_word' id='word_1_472' title='bbox 1745 5229 1942 5301; x_wconf 77' lang='grc' dir='ltr'><strong>ζόφον;</strong></span> 
     </span>
    </p>
   </div>
   <div class='ocr_carea' id='block_1_58' title="bbox 338 5318 1942 5393">
    <p class='ocr_par' dir='ltr' id='par_1_58' title="bbox 338 5318 1942 5393">
     <span class='ocr_line' id='line_1_58' title="bbox 338 5318 1942 5393; baseline -0.002 -15"><span class='ocrx_word' id='word_1_473' title='bbox 338 5335 402 5379; x_wconf 80' lang='grc' dir='ltr'><strong>ε’.</strong></span> <span class='ocrx_word' id='word_1_474' title='bbox 419 5321 806 5393; x_wconf 84' lang='grc' dir='ltr'><strong>Μιμησὼμεθα</strong></span> <span class='ocrx_word' id='word_1_475' title='bbox 833 5321 1035 5386; x_wconf 88' lang='grc' dir='ltr'><strong>τοίνυν,</strong></span> <span class='ocrx_word' id='word_1_476' title='bbox 1055 5318 1480 5391; x_wconf 85' lang='grc' dir='ltr'><strong>παρακαλῶ,τὸν</strong></span> <span class='ocrx_word' id='word_1_477' title='bbox 1503 5318 1711 5374; x_wconf 85' lang='grc' dir='ltr'><strong>δίκαιον</strong></span> <span class='ocrx_word' id='word_1_478' title='bbox 1733 5320 1942 5390; x_wconf 88' lang='grc' dir='ltr'><strong>τοῦτον,</strong></span> 
     </span>
    </p>
   </div>
   <div class='ocr_carea' id='block_1_59' title="bbox 269 5408 1944 5484">
    <p class='ocr_par' dir='ltr' id='par_1_59' title="bbox 269 5408 1944 5484">
     <span class='ocr_line' id='line_1_59' title="bbox 269 5408 1944 5484; baseline -0.004 -11"><span class='ocrx_word' id='word_1_479' title='bbox 269 5419 366 5473; x_wconf 75' lang='grc' dir='ltr'><strong>καὶ</strong></span> <span class='ocrx_word' id='word_1_480' title='bbox 391 5417 442 5468; x_wconf 88' lang='grc' dir='ltr'><strong>εἰ</strong></span> <span class='ocrx_word' id='word_1_481' title='bbox 465 5413 574 5467; x_wconf 81' lang='grc' dir='ltr'><strong>δέοι</strong></span> <span class='ocrx_word' id='word_1_482' title='bbox 617 5413 709 5466; x_wconf 74' lang='grc' dir='ltr'><strong>καὶ</strong></span> <span class='ocrx_word' id='word_1_483' title='bbox 738 5411 980 5466; x_wconf 84' lang='grc' dir='ltr'><strong>κίνδυνόν</strong></span> <span class='ocrx_word' id='word_1_484' title='bbox 1017 5426 1137 5464; x_wconf 89' lang='grc' dir='ltr'><strong>τινα</strong></span> <span class='ocrx_word' id='word_1_485' title='bbox 1184 5408 1477 5479; x_wconf 87' lang='grc' dir='ltr'><strong>ὑπομένειν</strong></span> <span class='ocrx_word' id='word_1_486' title='bbox 1511 5409 1652 5482; x_wconf 87' lang='grc' dir='ltr'><strong>ὑπὲρ</strong></span> <span class='ocrx_word' id='word_1_487' title='bbox 1698 5409 1791 5464; x_wconf 89' lang='grc' dir='ltr'><strong>τοῦ</strong></span> <span class='ocrx_word' id='word_1_488' title='bbox 1844 5411 1944 5484; x_wconf 81' lang='grc' dir='ltr'><strong>τήν</strong></span> 
     </span>
    </p>
   </div>
   <div class='ocr_carea' id='block_1_60' title="bbox 272 5491 1945 5570">
    <p class='ocr_par' dir='ltr' id='par_1_60' title="bbox 272 5491 1945 5570">
     <span class='ocr_line' id='line_1_60' title="bbox 272 5491 1945 5570; baseline -0.004 -15"><span class='ocrx_word' id='word_1_489' title='bbox 272 5497 548 5570; x_wconf 86' lang='grc' dir='ltr'><strong>σωτηρίαν</strong></span> <span class='ocrx_word' id='word_1_490' title='bbox 598 5495 692 5550; x_wconf 87' lang='grc' dir='ltr'><strong>τοῦ</strong></span> <span class='ocrx_word' id='word_1_491' title='bbox 743 5495 968 5564; x_wconf 89' lang='grc' dir='ltr'><strong>πλησίον</strong></span> <span class='ocrx_word' id='word_1_492' title='bbox 1019 5491 1565 5564; x_wconf 79' lang='grc' dir='ltr'><strong>πραγματεύσασθαι.</strong></span> <span class='ocrx_word' id='word_1_493' title='bbox 1607 5493 1742 5564; x_wconf 85' lang='grc' dir='ltr'><strong>μηδέ</strong></span> <span class='ocrx_word' id='word_1_494' title='bbox 1788 5493 1945 5548; x_wconf 80' lang='grc' dir='ltr'><strong>τοῦτο</strong></span> 
     </span>
    </p>
   </div>
   <div class='ocr_carea' id='block_1_61' title="bbox 271 5579 1946 5660">
    <p class='ocr_par' dir='ltr' id='par_1_61' title="bbox 271 5579 1946 5660">
     <span class='ocr_line' id='line_1_61' title="bbox 271 5579 1946 5660; baseline -0.002 -20"><span class='ocrx_word' id='word_1_495' title='bbox 271 5582 761 5660; x_wconf 77' lang='grc' dir='ltr'><strong>παραιτητὼμεθα.</strong></span> <span class='ocrx_word' id='word_1_496' title='bbox 826 5583 887 5637; x_wconf 89' lang='lat'><strong>&#39;0</strong></span> <span class='ocrx_word' id='word_1_497' title='bbox 919 5583 1028 5653; x_wconf 74' lang='grc' dir='ltr'><strong>γὰρ</strong></span> <span class='ocrx_word' id='word_1_498' title='bbox 1079 5579 1318 5644; x_wconf 88' lang='grc' dir='ltr'><strong>τοιοῦτος</strong></span> <span class='ocrx_word' id='word_1_499' title='bbox 1367 5579 1610 5644; x_wconf 81' lang='grc' dir='ltr'><strong>κίνδυνος</strong></span> <span class='ocrx_word' id='word_1_500' title='bbox 1673 5583 1946 5653; x_wconf 85' lang='grc' dir='ltr'><strong>σωτηρίας</strong></span> 
     </span>
    </p>
   </div>
   <div class='ocr_carea' id='block_1_62' title="bbox 273 5667 1940 5746">
    <p class='ocr_par' dir='ltr' id='par_1_62' title="bbox 273 5667 1940 5746">
     <span class='ocr_line' id='line_1_62' title="bbox 273 5667 1940 5746; baseline -0.003 -18"><span class='ocrx_word' id='word_1_501' title='bbox 273 5677 406 5746; x_wconf 81' lang='grc' dir='ltr'><strong>ἡμῖν</strong></span> <span class='ocrx_word' id='word_1_502' title='bbox 444 5670 701 5734; x_wconf 84' lang='grc' dir='ltr'><strong>ὑπόθεσις</strong></span> <span class='ocrx_word' id='word_1_503' title='bbox 725 5670 955 5733; x_wconf 85' lang='grc' dir='ltr'><strong>γίνεται,</strong></span> <span class='ocrx_word' id='word_1_504' title='bbox 986 5669 1080 5722; x_wconf 71' lang='grc' dir='ltr'><strong>καὶ</strong></span> <span class='ocrx_word' id='word_1_505' title='bbox 1097 5667 1299 5736; x_wconf 88' lang='grc' dir='ltr'><strong>πολλῆς</strong></span> <span class='ocrx_word' id='word_1_506' title='bbox 1325 5667 1638 5738; x_wconf 76' lang='grc' dir='ltr'><strong>παρρησίας</strong></span> <span class='ocrx_word' id='word_1_507' title='bbox 1662 5667 1940 5738; x_wconf 86' lang='grc' dir='ltr'><strong>πρόξενος.</strong></span> 
     </span>
    </p>
   </div>
   <div class='ocr_carea' id='block_1_63' title="bbox 287 5755 1940 5829">
    <p class='ocr_par' dir='ltr' id='par_1_63' title="bbox 287 5755 1940 5829">
     <span class='ocr_line' id='line_1_63' title="bbox 287 5755 1940 5829; baseline -0.002 -14"><span class='ocrx_word' id='word_1_508' title='bbox 287 5760 573 5829; x_wconf 82' lang='grc' dir='ltr'><strong>Ἐννόησον</strong></span> <span class='ocrx_word' id='word_1_509' title='bbox 598 5758 707 5827; x_wconf 89' lang='grc' dir='ltr'><strong>γάρ</strong></span> <span class='ocrx_word' id='word_1_510' title='bbox 741 5773 829 5827; x_wconf 90' lang='grc' dir='ltr'><strong>μοι</strong></span> <span class='ocrx_word' id='word_1_511' title='bbox 857 5756 946 5810; x_wconf 73' lang='grc' dir='ltr'><strong>τὸν</strong></span> <span class='ocrx_word' id='word_1_512' title='bbox 966 5755 1172 5810; x_wconf 89' lang='grc' dir='ltr'><strong>δίκαιον</strong></span> <span class='ocrx_word' id='word_1_513' title='bbox 1193 5755 1402 5816; x_wconf 85' lang='grc' dir='ltr'><strong>τοῦτον,</strong></span> <span class='ocrx_word' id='word_1_514' title='bbox 1436 5756 1584 5818; x_wconf 86' lang='grc' dir='ltr'><strong>ὅπως</strong></span> <span class='ocrx_word' id='word_1_515' title='bbox 1609 5756 1744 5826; x_wconf 88' lang='grc' dir='ltr'><strong>πρὸς</strong></span> <span class='ocrx_word' id='word_1_516' title='bbox 1771 5756 1940 5827; x_wconf 85' lang='grc' dir='ltr'><strong>δῆμον</strong></span> 
     </span>
    </p>
   </div>
   <div class='ocr_carea' id='block_1_64' title="bbox 275 5841 1948 5917">
    <p class='ocr_par' dir='ltr' id='par_1_64' title="bbox 275 5841 1948 5917">
     <span class='ocr_line' id='line_1_64' title="bbox 275 5841 1948 5917; baseline -0.004 -13"><span class='ocrx_word' id='word_1_517' title='bbox 275 5848 568 5917; x_wconf 85' lang='grc' dir='ltr'><strong>ὁλόκληρον</strong></span> <span class='ocrx_word' id='word_1_518' title='bbox 601 5843 868 5912; x_wconf 83' lang='grc' dir='ltr'><strong>τοσαύτην</strong></span> <span class='ocrx_word' id='word_1_519' title='bbox 911 5844 1040 5911; x_wconf 85' lang='grc' dir='ltr'><strong>περὶ</strong></span> <span class='ocrx_word' id='word_1_520' title='bbox 1083 5841 1183 5912; x_wconf 83' lang='grc' dir='ltr'><strong>τὴν</strong></span> <span class='ocrx_word' id='word_1_521' title='bbox 1233 5841 1430 5896; x_wconf 85' lang='grc' dir='ltr'><strong>κακίαν</strong></span> <span class='ocrx_word' id='word_1_522' title='bbox 1481 5843 1577 5913; x_wconf 85' lang='grc' dir='ltr'><strong>τὴν</strong></span> <span class='ocrx_word' id='word_1_523' title='bbox 1632 5843 1948 5912; x_wconf 85' lang='grc' dir='ltr'><strong>συμφωνίαν</strong></span> 
     </span>
    </p>
   </div>
   <div class='ocr_carea' id='block_1_65' title="bbox 285 5929 1950 6005">
    <p class='ocr_par' dir='ltr' id='par_1_65' title="bbox 285 5929 1950 6005">
     <span class='ocr_line' id='line_1_65' title="bbox 285 5929 1950 6005; baseline -0.004 -17"><span class='ocrx_word' id='word_1_524' title='bbox 285 5934 690 6005; x_wconf 83' lang='grc' dir='ltr'><strong>ἐπιδειξάμενον</strong></span> <span class='ocrx_word' id='word_1_525' title='bbox 714 5929 1077 6002; x_wconf 78' lang='grc' dir='ltr'><strong>παρετάξατο,</strong></span> <span class='ocrx_word' id='word_1_526' title='bbox 1120 5929 1215 5982; x_wconf 77' lang='grc' dir='ltr'><strong>καὶ</strong></span> <span class='ocrx_word' id='word_1_527' title='bbox 1264 5931 1379 6000; x_wconf 83' lang='grc' dir='ltr'><strong>μετ’</strong></span> <span class='ocrx_word' id='word_1_528' title='bbox 1415 5930 1713 5994; x_wconf 86' lang='grc' dir='ltr'><strong>ἐπιεικείας</strong></span> <span class='ocrx_word' id='word_1_529' title='bbox 1752 5929 1950 6001; x_wconf 83' lang='grc' dir='ltr'><strong>πολλῆς</strong></span> 
     </span>
    </p>
   </div>
   <div class='ocr_carea' id='block_1_66' title="bbox 1053 248 3664 314">
    <p class='ocr_par' dir='ltr' id='par_1_66' title="bbox 1053 248 3664 314">
     <span class='ocr_line' id='line_1_66' title="bbox 1053 248 3664 314; baseline -0.003 -3"><span class='ocrx_word' id='word_1_530' title='bbox 1053 258 1111 313; x_wconf 89' lang='lat' dir='ltr'><strong>S.</strong></span> <span class='ocrx_word' id='word_1_531' title='bbox 1151 254 1436 313; x_wconf 72' lang='lat' dir='ltr'><strong>JOANNIS</strong></span> <span class='ocrx_word' id='word_1_532' title='bbox 1466 251 1953 314; x_wconf 79' lang='lat' dir='ltr'><strong>CIIRYSUSTOMI</strong></span> <span class='ocrx_word' id='word_1_533' title='bbox 1984 254 2304 314; x_wconf 81' lang='lat' dir='ltr'><strong>ARCHIEP.</strong></span> <span class='ocrx_word' id='word_1_534' title='bbox 2343 250 2894 314; x_wconf 75' lang='lat' dir='ltr'><strong>CONSTAN’l‘lNOP.</strong></span> <span class='ocrx_word' id='word_1_535' title='bbox 3580 248 3664 308; x_wconf 65' lang='grc' dir='ltr'><strong>έθξ</strong></span> 
     </span>
    </p>
   </div>
   <div class='ocr_carea' id='block_1_67' title="bbox 2015 365 3668 446">
    <p class='ocr_par' dir='ltr' id='par_1_67' title="bbox 2015 365 3668 446">
     <span class='ocr_line' id='line_1_67' title="bbox 2015 365 3668 446; baseline -0.004 -18"><span class='ocrx_word' id='word_1_536' title='bbox 2015 375 2109 428; x_wconf 74' lang='grc' dir='ltr'><strong>καὶ</strong></span> <span class='ocrx_word' id='word_1_537' title='bbox 2132 374 2232 446; x_wconf 79' lang='grc' dir='ltr'><strong>τὴν</strong></span> <span class='ocrx_word' id='word_1_538' title='bbox 2266 372 2520 444; x_wconf 70' lang='grc' dir='ltr'><strong>ἀνδρείαν</strong></span> <span class='ocrx_word' id='word_1_539' title='bbox 2567 369 2772 440; x_wconf 79' lang='grc' dir='ltr'><strong>ἄφατον</strong></span> <span class='ocrx_word' id='word_1_540' title='bbox 2804 367 3170 433; x_wconf 82' lang='grc' dir='ltr'><strong>ἐπεδείκνυτο,</strong></span> <span class='ocrx_word' id='word_1_541' title='bbox 3203 368 3248 422; x_wconf 89' lang='grc' dir='ltr'><strong>εἰ</strong></span> <span class='ocrx_word' id='word_1_542' title='bbox 3275 367 3372 423; x_wconf 72' lang='grc' dir='ltr'><strong>καὶ</strong></span> <span class='ocrx_word' id='word_1_543' title='bbox 3398 365 3518 421; x_wconf 79' lang='grc' dir='ltr'><strong>οὑδὲ</strong></span> <span class='ocrx_word' id='word_1_544' title='bbox 3549 367 3668 421; x_wconf 69' lang='grc' dir='ltr'><strong>οὕτω</strong></span> 
     </span>
    </p>
   </div>
   <div class='ocr_carea' id='block_1_68' title="bbox 2015 447 3668 522">
    <p class='ocr_par' dir='ltr' id='par_1_68' title="bbox 2015 447 3668 522">
     <span class='ocr_line' id='line_1_68' title="bbox 2015 447 3668 522; baseline -0.004 -16"><span class='ocrx_word' id='word_1_545' title='bbox 2015 452 2338 507; x_wconf 89' lang='grc' dir='ltr'><strong>καθικέσθαι</strong></span> <span class='ocrx_word' id='word_1_546' title='bbox 2359 450 2596 522; x_wconf 74' lang='grc' dir='ltr'><strong>ἠδυνήθη</strong></span> <span class='ocrx_word' id='word_1_547' title='bbox 2624 450 2728 520; x_wconf 91' lang='grc' dir='ltr'><strong>τῆς</strong></span> <span class='ocrx_word' id='word_1_548' title='bbox 2755 448 3064 504; x_wconf 88' lang='grc' dir='ltr'><strong>ἀκαθέκτου</strong></span> <span class='ocrx_word' id='word_1_549' title='bbox 3093 447 3271 502; x_wconf 86' lang='grc' dir='ltr'><strong>αὐτῶν</strong></span> <span class='ocrx_word' id='word_1_550' title='bbox 3303 447 3668 519; x_wconf 65' lang='grc' dir='ltr'><strong>μανίας.Μετά</strong></span> 
     </span>
    </p>
   </div>
   <div class='ocr_carea' id='block_1_69' title="bbox 2015 526 3670 603">
    <p class='ocr_par' dir='ltr' id='par_1_69' title="bbox 2015 526 3670 603">
     <span class='ocr_line' id='line_1_69' title="bbox 2015 526 3670 603; baseline -0.004 -19"><span class='ocrx_word' id='word_1_551' title='bbox 2015 531 2121 603; x_wconf 84' lang='grc' dir='ltr'><strong>γὰρ</strong></span> <span class='ocrx_word' id='word_1_552' title='bbox 2161 529 2232 584; x_wconf 84' lang='grc' dir='ltr'><strong>τὰ</strong></span> <span class='ocrx_word' id='word_1_553' title='bbox 2266 531 2488 602; x_wconf 80' lang='grc' dir='ltr'><strong>ῥήματα</strong></span> <span class='ocrx_word' id='word_1_554' title='bbox 2540 529 2742 592; x_wconf 88' lang='grc' dir='ltr'><strong>ἐκεῖνα,</strong></span> <span class='ocrx_word' id='word_1_555' title='bbox 2771 528 2867 582; x_wconf 76' lang='grc' dir='ltr'><strong>καὶ</strong></span> <span class='ocrx_word' id='word_1_556' title='bbox 2911 527 3011 598; x_wconf 80' lang='grc' dir='ltr'><strong>τὴν</strong></span> <span class='ocrx_word' id='word_1_557' title='bbox 3041 528 3342 580; x_wconf 84' lang='grc' dir='ltr'><strong>ἐπιείκειαν</strong></span> <span class='ocrx_word' id='word_1_558' title='bbox 3382 526 3483 596; x_wconf 80' lang='grc' dir='ltr'><strong>τήν</strong></span> <span class='ocrx_word' id='word_1_559' title='bbox 3521 526 3670 595; x_wconf 84' lang='grc' dir='ltr'><strong>ὑπερ-</strong></span> 
     </span>
    </p>
   </div>
   <div class='ocr_carea' id='block_1_70' title="bbox 2016 605 3671 679">
    <p class='ocr_par' dir='ltr' id='par_1_70' title="bbox 2016 605 3671 679">
     <span class='ocr_line' id='line_1_70' title="bbox 2016 605 3671 679; baseline -0.003 -16"><span class='ocrx_word' id='word_1_560' title='bbox 2016 609 2341 676; x_wconf 88' lang='grc' dir='ltr'><strong>ϐάλλουσαν,</strong></span> <span class='ocrx_word' id='word_1_561' title='bbox 2377 609 2472 663; x_wconf 79' lang='grc' dir='ltr'><strong>καὶ</strong></span> <span class='ocrx_word' id='word_1_562' title='bbox 2513 608 2576 662; x_wconf 85' lang='grc' dir='ltr'><strong>τὸ</strong></span> <span class='ocrx_word' id='word_1_563' title='bbox 2617 607 2898 678; x_wconf 77' lang='grc' dir='ltr'><strong>μονονουχὶ</strong></span> <span class='ocrx_word' id='word_1_564' title='bbox 2937 609 3060 670; x_wconf 89' lang='grc' dir='ltr'><strong>ταῖς</strong></span> <span class='ocrx_word' id='word_1_565' title='bbox 3094 608 3280 679; x_wconf 71' lang='grc' dir='ltr'><strong>χερσὶν</strong></span> <span class='ocrx_word' id='word_1_566' title='bbox 3313 605 3563 660; x_wconf 85' lang='grc' dir='ltr'><strong>ἐκδοῦναι</strong></span> <span class='ocrx_word' id='word_1_567' title='bbox 3600 605 3671 658; x_wconf 75' lang='grc' dir='ltr'><strong>διὰ</strong></span> 
     </span>
    </p>
   </div>
   <div class='ocr_carea' id='block_1_71' title="bbox 2013 686 3674 759">
    <p class='ocr_par' dir='ltr' id='par_1_71' title="bbox 2013 686 3674 759">
     <span class='ocr_line' id='line_1_71' title="bbox 2013 686 3674 759; baseline -0.005 -15"><span class='ocrx_word' id='word_1_568' title='bbox 2013 690 2124 744; x_wconf 89' lang='grc' dir='ltr'><strong>τῶν</strong></span> <span class='ocrx_word' id='word_1_569' title='bbox 2154 689 2330 757; x_wconf 89' lang='grc' dir='ltr'><strong>λόγων</strong></span> <span class='ocrx_word' id='word_1_570' title='bbox 2348 688 2448 752; x_wconf 85' lang='grc' dir='ltr'><strong>τὰς</strong></span> <span class='ocrx_word' id='word_1_571' title='bbox 2481 687 2880 759; x_wconf 89' lang='grc' dir='ltr'><strong>θυγατέρας,τί</strong></span> <span class='ocrx_word' id='word_1_572' title='bbox 2903 704 3036 757; x_wconf 87' lang='grc' dir='ltr'><strong>φασι</strong></span> <span class='ocrx_word' id='word_1_573' title='bbox 3066 687 3201 758; x_wconf 78' lang='grc' dir='ltr'><strong>πρὸς</strong></span> <span class='ocrx_word' id='word_1_574' title='bbox 3222 686 3674 750; x_wconf 74' lang='grc' dir='ltr'><strong>αὑτόνςἈπόστα</strong></span> 
     </span>
    </p>
   </div>
   <div class='ocr_carea' id='block_1_72' title="bbox 2015 763 3670 840">
    <p class='ocr_par' dir='ltr' id='par_1_72' title="bbox 2015 763 3670 840">
     <span class='ocr_line' id='line_1_72' title="bbox 2015 763 3670 840; baseline -0.004 -18"><span class='ocrx_word' id='word_1_575' title='bbox 2015 767 2157 823; x_wconf 82' lang='grc' dir='ltr'><strong>ἐκεῖ.</strong></span> <span class='ocrx_word' id='word_1_576' title='bbox 2193 770 2257 823; x_wconf 85' lang='grc' dir='ltr'>Ὢ</span> <span class='ocrx_word' id='word_1_577' title='bbox 2285 767 2456 839; x_wconf 87' lang='grc' dir='ltr'><strong>μέθης</strong></span> <span class='ocrx_word' id='word_1_578' title='bbox 2505 767 2804 837; x_wconf 84' lang='grc' dir='ltr'><strong>ὑπερϐολὴ,</strong></span> <span class='ocrx_word' id='word_1_579' title='bbox 2855 766 2902 820; x_wconf 86' lang='grc' dir='ltr'><strong>ὣ</strong></span> <span class='ocrx_word' id='word_1_580' title='bbox 2951 765 3377 840; x_wconf 85' lang='grc' dir='ltr'><strong>παραφροσύνης</strong></span> <span class='ocrx_word' id='word_1_581' title='bbox 3427 763 3670 826; x_wconf 79' lang='grc' dir='ltr'><strong>ἐπίτασις.</strong></span> 
     </span>
    </p>
   </div>
   <div class='ocr_carea' id='block_1_73' title="bbox 2019 843 3671 922">
    <p class='ocr_par' dir='ltr' id='par_1_73' title="bbox 2019 843 3671 922">
     <span class='ocr_line' id='line_1_73' title="bbox 2019 843 3671 922; baseline -0.005 -18"><span class='ocrx_word' id='word_1_582' title='bbox 2019 849 2271 905; x_wconf 87' lang='grc' dir='ltr'><strong>Τοιοῦτον</strong></span> <span class='ocrx_word' id='word_1_583' title='bbox 2293 852 2401 922; x_wconf 86' lang='grc' dir='ltr'><strong>γὰρ</strong></span> <span class='ocrx_word' id='word_1_584' title='bbox 2421 852 2455 921; x_wconf 92' lang='grc' dir='ltr'><strong>ἡ</strong></span> <span class='ocrx_word' id='word_1_585' title='bbox 2492 847 2704 920; x_wconf 86' lang='grc' dir='ltr'><strong>πονηρά</strong></span> <span class='ocrx_word' id='word_1_586' title='bbox 2729 846 2867 918; x_wconf 79' lang='grc' dir='ltr'><strong>αὕτη</strong></span> <span class='ocrx_word' id='word_1_587' title='bbox 2898 848 2992 901; x_wconf 79' lang='grc' dir='ltr'><strong>καὶ</strong></span> <span class='ocrx_word' id='word_1_588' title='bbox 3015 847 3314 910; x_wconf 84' lang='grc' dir='ltr'><strong>ἀκόλαστος</strong></span> <span class='ocrx_word' id='word_1_589' title='bbox 3345 858 3374 886; x_wconf 72' lang='grc' dir='ltr'>ι</span> <span class='ocrx_word' id='word_1_590' title='bbox 3407 843 3671 914; x_wconf 66' lang='grc' dir='ltr'><strong>ἐπιθυμία·</strong></span> 
     </span>
    </p>
   </div>
   <div class='ocr_carea' id='block_1_74' title="bbox 2018 922 3675 1000">
    <p class='ocr_par' dir='ltr' id='par_1_74' title="bbox 2018 922 3675 1000">
     <span class='ocr_line' id='line_1_74' title="bbox 2018 922 3675 1000; baseline -0.005 -16"><span class='ocrx_word' id='word_1_591' title='bbox 2018 930 2240 984; x_wconf 84' lang='grc' dir='ltr'><strong>ἐπειδὰν</strong></span> <span class='ocrx_word' id='word_1_592' title='bbox 2275 929 2635 1000; x_wconf 88' lang='grc' dir='ltr'><strong>περιγένηται</strong></span> <span class='ocrx_word' id='word_1_593' title='bbox 2668 926 2764 981; x_wconf 87' lang='grc' dir='ltr'><strong>τοῦ</strong></span> <span class='ocrx_word' id='word_1_594' title='bbox 2797 926 3085 998; x_wconf 84' lang='grc' dir='ltr'><strong>λογισμοῦ,</strong></span> <span class='ocrx_word' id='word_1_595' title='bbox 3111 927 3212 980; x_wconf 86' lang='grc' dir='ltr'><strong>οὑκ</strong></span> <span class='ocrx_word' id='word_1_596' title='bbox 3246 925 3444 996; x_wconf 83' lang='grc' dir='ltr'><strong>ἀφίησι</strong></span> <span class='ocrx_word' id='word_1_597' title='bbox 3475 922 3675 976; x_wconf 79' lang='grc' dir='ltr'><strong>συνιδεῖν</strong></span> 
     </span>
    </p>
   </div>
   <div class='ocr_carea' id='block_1_75' title="bbox 2017 1003 3673 1076">
    <p class='ocr_par' dir='ltr' id='par_1_75' title="bbox 2017 1003 3673 1076">
     <span class='ocr_line' id='line_1_75' title="bbox 2017 1003 3673 1076; baseline -0.006 -14"><span class='ocrx_word' id='word_1_598' title='bbox 2017 1010 2170 1064; x_wconf 86' lang='grc' dir='ltr'><strong>οὑδέν</strong></span> <span class='ocrx_word' id='word_1_599' title='bbox 2191 1008 2300 1064; x_wconf 88' lang='grc' dir='ltr'><strong>τῶν</strong></span> <span class='ocrx_word' id='word_1_600' title='bbox 2329 1007 2578 1072; x_wconf 88' lang='grc' dir='ltr'><strong>δεόντων,</strong></span> <span class='ocrx_word' id='word_1_601' title='bbox 2612 1005 2749 1061; x_wconf 86' lang='grc' dir='ltr'><strong>ἀλλά</strong></span> <span class='ocrx_word' id='word_1_602' title='bbox 2777 1005 3030 1076; x_wconf 88' lang='grc' dir='ltr'><strong>καθάπερ</strong></span> <span class='ocrx_word' id='word_1_603' title='bbox 3073 1007 3132 1058; x_wconf 91' lang='grc' dir='ltr'><strong>ἐν</strong></span> <span class='ocrx_word' id='word_1_604' title='bbox 3171 1006 3350 1074; x_wconf 86' lang='grc' dir='ltr'><strong>σκότῳ</strong></span> <span class='ocrx_word' id='word_1_605' title='bbox 3376 1003 3477 1057; x_wconf 72' lang='grc' dir='ltr'><strong>καὶ</strong></span> <span class='ocrx_word' id='word_1_606' title='bbox 3509 1019 3673 1053; x_wconf 76' lang='grc' dir='ltr'><strong>νυκτο-</strong></span> 
     </span>
    </p>
   </div>
   <div class='ocr_carea' id='block_1_76' title="bbox 2021 1083 3676 1162">
    <p class='ocr_par' dir='ltr' id='par_1_76' title="bbox 2021 1083 3676 1162">
     <span class='ocr_line' id='line_1_76' title="bbox 2021 1083 3676 1162; baseline -0.007 -19"><span class='ocrx_word' id='word_1_607' title='bbox 2021 1089 2194 1162; x_wconf 76' lang='grc' dir='ltr'><strong>μαχίᾳ</strong></span> <span class='ocrx_word' id='word_1_608' title='bbox 2221 1088 2349 1152; x_wconf 71' lang='grc' dir='ltr'><strong>τινὶ,</strong></span> <span class='ocrx_word' id='word_1_609' title='bbox 2372 1085 2545 1150; x_wconf 78' lang='grc' dir='ltr'><strong>οὕτως</strong></span> <span class='ocrx_word' id='word_1_610' title='bbox 2566 1085 2782 1140; x_wconf 75' lang='grc' dir='ltr'><strong>ἅπαντα</strong></span> <span class='ocrx_word' id='word_1_611' title='bbox 2808 1084 3222 1158; x_wconf 87' lang='grc' dir='ltr'><strong>διαπράττεται.</strong></span> <span class='ocrx_word' id='word_1_612' title='bbox 3271 1083 3562 1143; x_wconf 80' lang='grc' dir='ltr'><strong>’Δπόστα,</strong></span> <span class='ocrx_word' id='word_1_613' title='bbox 3591 1098 3676 1150; x_wconf 76' lang='grc' dir='ltr'><strong>φη-</strong></span> 
     </span>
    </p>
   </div>
   <div class='ocr_carea' id='block_1_77' title="bbox 2021 1162 3678 1235">
    <p class='ocr_par' dir='ltr' id='par_1_77' title="bbox 2021 1162 3678 1235">
     <span class='ocr_line' id='line_1_77' title="bbox 2021 1162 3678 1235; baseline -0.006 -14"><span class='ocrx_word' id='word_1_614' title='bbox 2021 1169 2124 1233; x_wconf 75' lang='grc' dir='ltr'><strong>σὶν,</strong></span> <span class='ocrx_word' id='word_1_615' title='bbox 2155 1166 2296 1221; x_wconf 82' lang='grc' dir='ltr'><strong>ἐκεῖ·</strong></span> <span class='ocrx_word' id='word_1_616' title='bbox 2315 1164 2600 1235; x_wconf 74' lang='grc' dir='ltr'><strong>εἰσῆλθες</strong></span> <span class='ocrx_word' id='word_1_617' title='bbox 2620 1163 2947 1233; x_wconf 80' lang='grc' dir='ltr'><strong>παροικεῖν,</strong></span> <span class='ocrx_word' id='word_1_618' title='bbox 2965 1163 3051 1234; x_wconf 82' lang='grc' dir='ltr'><strong>μὴ</strong></span> <span class='ocrx_word' id='word_1_619' title='bbox 3070 1165 3169 1218; x_wconf 81' lang='grc' dir='ltr'><strong>καὶ</strong></span> <span class='ocrx_word' id='word_1_620' title='bbox 3198 1163 3408 1232; x_wconf 80' lang='grc' dir='ltr'><strong>κρίσιν</strong></span> <span class='ocrx_word' id='word_1_621' title='bbox 3436 1162 3678 1230; x_wconf 74' lang='grc' dir='ltr'><strong>κρίνειν;</strong></span> 
     </span>
    </p>
   </div>
   <div class='ocr_carea' id='block_1_78' title="bbox 2017 1239 3679 1314">
    <p class='ocr_par' dir='ltr' id='par_1_78' title="bbox 2017 1239 3679 1314">
     <span class='ocr_line' id='line_1_78' title="bbox 2017 1239 3679 1314; baseline -0.006 -13"><span class='ocrx_word' id='word_1_622' title='bbox 2017 1246 2148 1302; x_wconf 80' lang='grc' dir='ltr'><strong>Νῦν</strong></span> <span class='ocrx_word' id='word_1_623' title='bbox 2189 1241 2303 1301; x_wconf 83' lang='grc' dir='ltr'><strong>οὖν</strong></span> <span class='ocrx_word' id='word_1_624' title='bbox 2357 1261 2430 1299; x_wconf 90' lang='grc' dir='ltr'><strong>σε</strong></span> <span class='ocrx_word' id='word_1_625' title='bbox 2473 1241 2828 1313; x_wconf 81' lang='grc' dir='ltr'><strong>κακώσομεν</strong></span> <span class='ocrx_word' id='word_1_626' title='bbox 2861 1243 3124 1314; x_wconf 69' lang='grc' dir='ltr'><strong>μᾶλλον,</strong></span> <span class='ocrx_word' id='word_1_627' title='bbox 3158 1242 3198 1312; x_wconf 78' lang='grc' dir='ltr'>ἢ</span> <span class='ocrx_word' id='word_1_628' title='bbox 3233 1241 3535 1306; x_wconf 78' lang='grc' dir='ltr'><strong>ἐκείνους.</strong></span> <span class='ocrx_word' id='word_1_629' title='bbox 3561 1239 3679 1309; x_wconf 80' lang='grc' dir='ltr'><strong>Ὀριι</strong></span> 
     </span>
    </p>
   </div>
   <div class='ocr_carea' id='block_1_79' title="bbox 2020 1318 3679 1398">
    <p class='ocr_par' dir='ltr' id='par_1_79' title="bbox 2020 1318 3679 1398">
     <span class='ocr_line' id='line_1_79' title="bbox 2020 1318 3679 1398; baseline -0.007 -17"><span class='ocrx_word' id='word_1_630' title='bbox 2020 1326 2137 1390; x_wconf 85' lang='grc' dir='ltr'><strong>πῶς</strong></span> <span class='ocrx_word' id='word_1_631' title='bbox 2179 1326 2278 1398; x_wconf 83' lang='grc' dir='ltr'><strong>μὲν</strong></span> <span class='ocrx_word' id='word_1_632' title='bbox 2306 1327 2335 1378; x_wconf 85' lang='grc' dir='ltr'><strong>ὁ</strong></span> <span class='ocrx_word' id='word_1_633' title='bbox 2365 1324 2574 1387; x_wconf 90' lang='grc' dir='ltr'><strong>δίκαιος</strong></span> <span class='ocrx_word' id='word_1_634' title='bbox 2615 1323 2876 1387; x_wconf 85' lang='grc' dir='ltr'><strong>ἐπιεικῶς</strong></span> <span class='ocrx_word' id='word_1_635' title='bbox 2925 1324 3109 1387; x_wconf 89' lang='grc' dir='ltr'><strong>αὑτοῖς</strong></span> <span class='ocrx_word' id='word_1_636' title='bbox 3166 1322 3506 1387; x_wconf 84' lang='grc' dir='ltr'><strong>διαλέγεται,</strong></span> <span class='ocrx_word' id='word_1_637' title='bbox 3533 1319 3598 1398; x_wconf 16' lang='grc' dir='ltr'><strong>ᾲοί</strong></span> <span class='ocrx_word' id='word_1_638' title='bbox 3635 1318 3679 1370; x_wconf 78' lang='grc' dir='ltr'><strong>δέ</strong></span> 
     </span>
    </p>
   </div>
   <div class='ocr_carea' id='block_1_80' title="bbox 2019 1396 3681 1478">
    <p class='ocr_par' dir='ltr' id='par_1_80' title="bbox 2019 1396 3681 1478">
     <span class='ocr_line' id='line_1_80' title="bbox 2019 1396 3681 1478; baseline -0.007 -19"><span class='ocrx_word' id='word_1_639' title='bbox 2019 1406 2159 1478; x_wconf 84' lang='grc' dir='ltr'><strong>πόσῃ</strong></span> <span class='ocrx_word' id='word_1_640' title='bbox 2181 1396 2486 1477; x_wconf 83' lang='grc' dir='ltr'><strong>κέχρηνται</strong></span> <span class='ocrx_word' id='word_1_641' title='bbox 2517 1405 2583 1474; x_wconf 81' lang='grc' dir='ltr'><strong>τῇ</strong></span> <span class='ocrx_word' id='word_1_642' title='bbox 2616 1401 2938 1473; x_wconf 90' lang='grc' dir='ltr'><strong>θρασύτητι.</strong></span> <span class='ocrx_word' id='word_1_643' title='bbox 2996 1402 3208 1472; x_wconf 86' lang='grc' dir='ltr'><strong>Ὠσπερ</strong></span> <span class='ocrx_word' id='word_1_644' title='bbox 3240 1396 3681 1478; x_wconf 65' lang='grc' dir='ltr'><strong>ἐκϐακχευθέντες</strong></span> 
     </span>
    </p>
   </div>
   <div class='ocr_carea' id='block_1_81' title="bbox 2017 1477 3684 1549">
    <p class='ocr_par' dir='ltr' id='par_1_81' title="bbox 2017 1477 3684 1549">
     <span class='ocr_line' id='line_1_81' title="bbox 2017 1477 3684 1549; baseline -0.005 -12"><span class='ocrx_word' id='word_1_645' title='bbox 2017 1485 2202 1537; x_wconf 83' lang='grc' dir='ltr'><strong>λοιπὸν</strong></span> <span class='ocrx_word' id='word_1_646' title='bbox 2231 1483 2337 1537; x_wconf 80' lang='grc' dir='ltr'><strong>ὑπὸ</strong></span> <span class='ocrx_word' id='word_1_647' title='bbox 2357 1481 2452 1536; x_wconf 87' lang='grc' dir='ltr'><strong>τοῦ</strong></span> <span class='ocrx_word' id='word_1_648' title='bbox 2479 1480 2752 1548; x_wconf 89' lang='grc' dir='ltr'><strong>διαϐόλου,</strong></span> <span class='ocrx_word' id='word_1_649' title='bbox 2787 1481 2883 1535; x_wconf 74' lang='grc' dir='ltr'><strong>καὶ</strong></span> <span class='ocrx_word' id='word_1_650' title='bbox 2910 1481 2986 1546; x_wconf 87' lang='grc' dir='ltr'><strong>ῶς</strong></span> <span class='ocrx_word' id='word_1_651' title='bbox 3012 1481 3103 1538; x_wconf 88' lang='grc' dir='ltr'><strong>ὑπ’</strong></span> <span class='ocrx_word' id='word_1_652' title='bbox 3124 1480 3334 1534; x_wconf 88' lang='grc' dir='ltr'><strong>ἐκείνου</strong></span> <span class='ocrx_word' id='word_1_653' title='bbox 3365 1477 3684 1549; x_wconf 67' lang='grc' dir='ltr'><strong>στρατηγούς</strong></span> 
     </span>
    </p>
   </div>
   <div class='ocr_carea' id='block_1_82' title="bbox 2022 1558 3682 1635">
    <p class='ocr_par' dir='ltr' id='par_1_82' title="bbox 2022 1558 3682 1635">
     <span class='ocr_line' id='line_1_82' title="bbox 2022 1558 3682 1635; baseline -0.006 -19"><span class='ocrx_word' id='word_1_654' title='bbox 2022 1581 2193 1635; x_wconf 91' lang='grc' dir='ltr'><strong>μενοι,</strong></span> <span class='ocrx_word' id='word_1_655' title='bbox 2249 1561 2397 1616; x_wconf 77' lang='grc' dir='ltr'><strong>οὓτω</strong></span> <span class='ocrx_word' id='word_1_656' title='bbox 2444 1560 2928 1627; x_wconf 83' lang='grc' dir='ltr'><strong>κατεξανίστανται</strong></span> <span class='ocrx_word' id='word_1_657' title='bbox 2962 1560 3056 1614; x_wconf 90' lang='grc' dir='ltr'><strong>τοῦ</strong></span> <span class='ocrx_word' id='word_1_658' title='bbox 3101 1560 3336 1622; x_wconf 88' lang='grc' dir='ltr'><strong>δικαίου,</strong></span> <span class='ocrx_word' id='word_1_659' title='bbox 3387 1558 3488 1611; x_wconf 89' lang='grc' dir='ltr'><strong>καί</strong></span> <span class='ocrx_word' id='word_1_660' title='bbox 3521 1571 3682 1625; x_wconf 74' lang='grc' dir='ltr'><strong>φασιν·</strong></span> 
     </span>
    </p>
   </div>
   <div class='ocr_carea' id='block_1_83' title="bbox 2018 1637 3687 1713">
    <p class='ocr_par' dir='ltr' id='par_1_83' title="bbox 2018 1637 3687 1713">
     <span class='ocr_line' id='line_1_83' title="bbox 2018 1637 3687 1713; baseline -0.007 -15"><span class='ocrx_word' id='word_1_661' title='bbox 2018 1642 2320 1713; x_wconf 74' lang='grc' dir='ltr'><strong>Εἰσῆλθες</strong></span> <span class='ocrx_word' id='word_1_662' title='bbox 2339 1640 2670 1711; x_wconf 79' lang='grc' dir='ltr'><strong>παροικεῖν,</strong></span> <span class='ocrx_word' id='word_1_663' title='bbox 2708 1639 2798 1710; x_wconf 81' lang='grc' dir='ltr'><strong>μὴ</strong></span> <span class='ocrx_word' id='word_1_664' title='bbox 2830 1641 2928 1694; x_wconf 76' lang='grc' dir='ltr'><strong>καὶ</strong></span> <span class='ocrx_word' id='word_1_665' title='bbox 2969 1640 3175 1710; x_wconf 83' lang='grc' dir='ltr'><strong>κρίσιν</strong></span> <span class='ocrx_word' id='word_1_666' title='bbox 3201 1638 3476 1707; x_wconf 69' lang='grc' dir='ltr'><strong>κρίνεινς</strong></span> <span class='ocrx_word' id='word_1_667' title='bbox 3510 1637 3687 1708; x_wconf 77' lang='grc' dir='ltr'><strong>Πάροι-</strong></span> 
     </span>
    </p>
   </div>
   <div class='ocr_carea' id='block_1_84' title="bbox 2018 1717 3685 1795">
    <p class='ocr_par' dir='ltr' id='par_1_84' title="bbox 2018 1717 3685 1795">
     <span class='ocr_line' id='line_1_84' title="bbox 2018 1717 3685 1795; baseline -0.007 -17"><span class='ocrx_word' id='word_1_668' title='bbox 2018 1725 2113 1779; x_wconf 91' lang='grc' dir='ltr'><strong>κόν</strong></span> <span class='ocrx_word' id='word_1_669' title='bbox 2148 1741 2230 1788; x_wconf 90' lang='grc' dir='ltr'><strong>σε,</strong></span> <span class='ocrx_word' id='word_1_670' title='bbox 2281 1723 2466 1793; x_wconf 83' lang='grc' dir='ltr'><strong>φησὶν,</strong></span> <span class='ocrx_word' id='word_1_671' title='bbox 2499 1720 2834 1791; x_wconf 81' lang='grc' dir='ltr'><strong>ἐδεξάμεθα·</strong></span> <span class='ocrx_word' id='word_1_672' title='bbox 2875 1721 2949 1795; x_wconf 84' lang='grc' dir='ltr'><strong>μὴ</strong></span> <span class='ocrx_word' id='word_1_673' title='bbox 3007 1719 3118 1791; x_wconf 75' lang='grc' dir='ltr'><strong>γὰρ</strong></span> <span class='ocrx_word' id='word_1_674' title='bbox 3167 1720 3262 1772; x_wconf 79' lang='grc' dir='ltr'><strong>καὶ</strong></span> <span class='ocrx_word' id='word_1_675' title='bbox 3307 1718 3512 1788; x_wconf 76' lang='grc' dir='ltr'><strong>κριτὴς</strong></span> <span class='ocrx_word' id='word_1_676' title='bbox 3548 1717 3685 1784; x_wconf 75' lang='grc' dir='ltr'><strong>ἡμῶν</strong></span> 
     </span>
    </p>
   </div>
   <div class='ocr_carea' id='block_1_85' title="bbox 2018 1796 3686 1874">
    <p class='ocr_par' dir='ltr' id='par_1_85' title="bbox 2018 1796 3686 1874">
     <span class='ocr_line' id='line_1_85' title="bbox 2018 1796 3686 1874; baseline -0.008 -14"><span class='ocrx_word' id='word_1_677' title='bbox 2018 1805 2319 1874; x_wconf 79' lang='grc' dir='ltr'><strong>κατέστηςς</strong></span> <span class='ocrx_word' id='word_1_678' title='bbox 2354 1802 2417 1854; x_wconf 84' lang='grc' dir='ltr'><strong>’Ὠ</strong></span> <span class='ocrx_word' id='word_1_679' title='bbox 2436 1798 2831 1871; x_wconf 83' lang='grc' dir='ltr'><strong>ἀγνωμοσύνης</strong></span> <span class='ocrx_word' id='word_1_680' title='bbox 2858 1798 3153 1870; x_wconf 87' lang='grc' dir='ltr'><strong>ὑπερϐολή.</strong></span> <span class='ocrx_word' id='word_1_681' title='bbox 3182 1799 3312 1851; x_wconf 88' lang='grc' dir='ltr'><strong>Δέον</strong></span> <span class='ocrx_word' id='word_1_682' title='bbox 3343 1796 3686 1867; x_wconf 79' lang='grc' dir='ltr'><strong>ἐντραπῆναι,</strong></span> 
     </span>
    </p>
   </div>
   <div class='ocr_carea' id='block_1_86' title="bbox 2017 1875 3686 1952">
    <p class='ocr_par' dir='ltr' id='par_1_86' title="bbox 2017 1875 3686 1952">
     <span class='ocr_line' id='line_1_86' title="bbox 2017 1875 3686 1952; baseline -0.009 -12"><span class='ocrx_word' id='word_1_683' title='bbox 2017 1886 2134 1940; x_wconf 90' lang='grc' dir='ltr'><strong>δέον</strong></span> <span class='ocrx_word' id='word_1_684' title='bbox 2168 1882 2478 1952; x_wconf 78' lang='grc' dir='ltr'><strong>αἰδεσθῆναι</strong></span> <span class='ocrx_word' id='word_1_685' title='bbox 2510 1879 2609 1950; x_wconf 83' lang='grc' dir='ltr'><strong>τὴν</strong></span> <span class='ocrx_word' id='word_1_686' title='bbox 2645 1877 2951 1950; x_wconf 82' lang='grc' dir='ltr'><strong>συμϐουλὴν</strong></span> <span class='ocrx_word' id='word_1_687' title='bbox 2967 1877 3062 1933; x_wconf 83' lang='grc' dir='ltr'><strong>τοῦ</strong></span> <span class='ocrx_word' id='word_1_688' title='bbox 3095 1876 3330 1940; x_wconf 88' lang='grc' dir='ltr'><strong>δικαίου,</strong></span> <span class='ocrx_word' id='word_1_689' title='bbox 3360 1875 3510 1937; x_wconf 84' lang='grc' dir='ltr'><strong>οἰδέ,</strong></span> <span class='ocrx_word' id='word_1_690' title='bbox 3535 1875 3686 1927; x_wconf 71' lang='grc' dir='ltr'><strong>καθά-</strong></span> 
     </span>
    </p>
   </div>
   <div class='ocr_carea' id='block_1_87' title="bbox 2021 1951 3689 2035">
    <p class='ocr_par' dir='ltr' id='par_1_87' title="bbox 2021 1951 3689 2035">
     <span class='ocr_line' id='line_1_87' title="bbox 2021 1951 3689 2035; baseline -0.008 -18"><span class='ocrx_word' id='word_1_691' title='bbox 2021 1981 2126 2035; x_wconf 89' lang='grc' dir='ltr'><strong>περ</strong></span> <span class='ocrx_word' id='word_1_692' title='bbox 2140 1963 2189 2016; x_wconf 89' lang='grc' dir='ltr'><strong>οἰ</strong></span> <span class='ocrx_word' id='word_1_693' title='bbox 2211 1951 2526 2035; x_wconf 80' lang='grc' dir='ltr'><strong>μαινόμενοι</strong></span> <span class='ocrx_word' id='word_1_694' title='bbox 2557 1958 2760 2011; x_wconf 75' lang='grc' dir='ltr'><strong>καὶτὸν</strong></span> <span class='ocrx_word' id='word_1_695' title='bbox 2786 1957 2967 2028; x_wconf 85' lang='grc' dir='ltr'><strong>ἰατρὸν</strong></span> <span class='ocrx_word' id='word_1_696' title='bbox 3002 1956 3272 2035; x_wconf 77' lang='grc' dir='ltr'><strong>συγκόψαι</strong></span> <span class='ocrx_word' id='word_1_697' title='bbox 3315 1951 3689 2035; x_wconf 75' lang='grc' dir='ltr'><strong>ἐπιχειροῦσιν,</strong></span> 
     </span>
    </p>
   </div>
   <div class='ocr_carea' id='block_1_88' title="bbox 2018 2033 3691 2109">
    <p class='ocr_par' dir='ltr' id='par_1_88' title="bbox 2018 2033 3691 2109">
     <span class='ocr_line' id='line_1_88' title="bbox 2018 2033 3691 2109; baseline -0.007 -12"><span class='ocrx_word' id='word_1_698' title='bbox 2018 2033 2164 2097; x_wconf 75' lang='grc' dir='ltr'><strong>οὕτω</strong></span> <span class='ocrx_word' id='word_1_699' title='bbox 2193 2042 2288 2096; x_wconf 73' lang='grc' dir='ltr'><strong>καὶ</strong></span> <span class='ocrx_word' id='word_1_700' title='bbox 2315 2033 2481 2093; x_wconf 76' lang='grc' dir='ltr'><strong>οὗτοι·</strong></span> <span class='ocrx_word' id='word_1_701' title='bbox 2509 2036 2607 2104; x_wconf 87' lang='grc' dir='ltr'><strong>Σὲ,</strong></span> <span class='ocrx_word' id='word_1_702' title='bbox 2639 2037 2795 2109; x_wconf 76' lang='grc' dir='ltr'><strong>φησὶ,</strong></span> <span class='ocrx_word' id='word_1_703' title='bbox 2826 2037 3181 2104; x_wconf 77' lang='grc' dir='ltr'><strong>κακώσομεγ</strong></span> <span class='ocrx_word' id='word_1_704' title='bbox 3197 2034 3471 2106; x_wconf 64' lang='grc' dir='ltr'><strong>μᾶλλον,</strong></span> <span class='ocrx_word' id='word_1_705' title='bbox 3493 2034 3531 2101; x_wconf 79' lang='grc' dir='ltr'><em>ἢ</em></span> <span class='ocrx_word' id='word_1_706' title='bbox 3562 2034 3691 2085; x_wconf 63' lang='lat'><strong>8&#39;15!-</strong></span> 
     </span>
    </p>
   </div>
   <div class='ocr_carea' id='block_1_89' title="bbox 2018 2111 3690 2190">
    <p class='ocr_par' dir='ltr' id='par_1_89' title="bbox 2018 2111 3690 2190">
     <span class='ocr_line' id='line_1_89' title="bbox 2018 2111 3690 2190; baseline -0.008 -13"><span class='ocrx_word' id='word_1_707' title='bbox 2018 2139 2191 2188; x_wconf 77' lang='grc' dir='ltr'><strong>νους,</strong></span> <span class='ocrx_word' id='word_1_708' title='bbox 2227 2121 2290 2173; x_wconf 88' lang='grc' dir='ltr'>Εἰ</span> <span class='ocrx_word' id='word_1_709' title='bbox 2310 2119 2384 2190; x_wconf 80' lang='grc' dir='ltr'><strong>μή</strong></span> <span class='ocrx_word' id='word_1_710' title='bbox 2414 2117 2613 2190; x_wconf 82' lang='grc' dir='ltr'><strong>βούλει,</strong></span> <span class='ocrx_word' id='word_1_711' title='bbox 2650 2117 2834 2188; x_wconf 74' lang='grc' dir='ltr'><strong>φησὶν,</strong></span> <span class='ocrx_word' id='word_1_712' title='bbox 2864 2116 3158 2188; x_wconf 88' lang='grc' dir='ltr'><strong>ἡσυχάσαι,</strong></span> <span class='ocrx_word' id='word_1_713' title='bbox 3187 2114 3418 2186; x_wconf 73' lang='grc' dir='ltr'><strong>μαθήσῃ</strong></span> <span class='ocrx_word' id='word_1_714' title='bbox 3451 2113 3530 2175; x_wconf 86' lang='grc' dir='ltr'><strong>ὡς</strong></span> <span class='ocrx_word' id='word_1_715' title='bbox 3560 2111 3690 2164; x_wconf 67' lang='grc' dir='ltr'><strong>οὐδέν</strong></span> 
     </span>
    </p>
   </div>
   <div class='ocr_carea' id='block_1_90' title="bbox 2022 2192 3694 2272">
    <p class='ocr_par' dir='ltr' id='par_1_90' title="bbox 2022 2192 3694 2272">
     <span class='ocr_line' id='line_1_90' title="bbox 2022 2192 3694 2272; baseline -0.008 -15"><span class='ocrx_word' id='word_1_716' title='bbox 2022 2201 2280 2272; x_wconf 31' lang='grc' dir='ltr'><strong>σοιιπλέον</strong></span> <span class='ocrx_word' id='word_1_717' title='bbox 2298 2201 2450 2254; x_wconf 76' lang='grc' dir='ltr'><strong>ἔσται</strong></span> <span class='ocrx_word' id='word_1_718' title='bbox 2471 2199 2571 2269; x_wconf 86' lang='grc' dir='ltr'><strong>τῆς</strong></span> <span class='ocrx_word' id='word_1_719' title='bbox 2593 2200 2673 2261; x_wconf 86' lang='grc' dir='ltr'><strong>εἰς</strong></span> <span class='ocrx_word' id='word_1_720' title='bbox 2693 2197 2934 2261; x_wconf 89' lang='grc' dir='ltr'><strong>ἐκείνους</strong></span> <span class='ocrx_word' id='word_1_721' title='bbox 2964 2195 3323 2268; x_wconf 82' lang='grc' dir='ltr'><strong>προστασίας.</strong></span> <span class='ocrx_word' id='word_1_722' title='bbox 3337 2198 3372 2269; x_wconf 84' lang='grc' dir='ltr'><strong>ἡ</strong></span> <span class='ocrx_word' id='word_1_723' title='bbox 3391 2194 3454 2246; x_wconf 77' lang='grc' dir='ltr'><strong>τὸ</strong></span> <span class='ocrx_word' id='word_1_724' title='bbox 3469 2192 3694 2254; x_wconf 78' lang='grc' dir='ltr'><strong>ἐκείνους</strong></span> 
     </span>
    </p>
   </div>
   <div class='ocr_carea' id='block_1_91' title="bbox 2023 2271 3692 2353">
    <p class='ocr_par' dir='ltr' id='par_1_91' title="bbox 2023 2271 3692 2353">
     <span class='ocr_line' id='line_1_91' title="bbox 2023 2271 3692 2353; baseline -0.007 -17"><span class='ocrx_word' id='word_1_725' title='bbox 2023 2271 2121 2353; x_wconf 85' lang='grc' dir='ltr'><strong>μὲν</strong></span> <span class='ocrx_word' id='word_1_726' title='bbox 2149 2281 2432 2350; x_wconf 84' lang='grc' dir='ltr'><strong>διαφυγεῖν</strong></span> <span class='ocrx_word' id='word_1_727' title='bbox 2460 2277 2550 2330; x_wconf 84' lang='grc' dir='ltr'><strong>τὸν</strong></span> <span class='ocrx_word' id='word_1_728' title='bbox 2580 2276 2844 2340; x_wconf 89' lang='grc' dir='ltr'><strong>κίνδυνον,</strong></span> <span class='ocrx_word' id='word_1_729' title='bbox 2880 2277 2938 2330; x_wconf 91' lang='grc' dir='ltr'><strong>σέ</strong></span> <span class='ocrx_word' id='word_1_730' title='bbox 2969 2276 3025 2329; x_wconf 80' lang='grc' dir='ltr'><strong>δέ</strong></span> <span class='ocrx_word' id='word_1_731' title='bbox 3060 2276 3236 2346; x_wconf 85' lang='grc' dir='ltr'><strong>τούτῳ</strong></span> <span class='ocrx_word' id='word_1_732' title='bbox 3281 2271 3692 2353; x_wconf 63' lang='grc' dir='ltr'><strong>περιϐληθῆναι.</strong></span> 
     </span>
    </p>
   </div>
   <div class='ocr_carea' id='block_1_92' title="bbox 2019 2350 3691 2433">
    <p class='ocr_par' dir='ltr' id='par_1_92' title="bbox 2019 2350 3691 2433">
     <span class='ocr_line' id='line_1_92' title="bbox 2019 2350 3691 2433; baseline -0.008 -17"><span class='ocrx_word' id='word_1_733' title='bbox 2019 2350 2443 2433; x_wconf 81' lang='grc' dir='ltr'><strong>Παρεϐιάζοντο</strong></span> <span class='ocrx_word' id='word_1_734' title='bbox 2463 2357 2531 2412; x_wconf 83' lang='grc' dir='ltr'><strong>δὲ</strong></span> <span class='ocrx_word' id='word_1_735' title='bbox 2551 2357 2659 2411; x_wconf 76' lang='grc' dir='ltr'><strong>τὸν</strong></span> <span class='ocrx_word' id='word_1_736' title='bbox 2675 2357 2804 2412; x_wconf 80' lang='grc' dir='ltr'><strong>Λὼτ</strong></span> <span class='ocrx_word' id='word_1_737' title='bbox 2825 2357 3230 2429; x_wconf 69' lang='grc' dir='ltr'><strong>σφόδρα.”ορα</strong></span> <span class='ocrx_word' id='word_1_738' title='bbox 3247 2355 3342 2408; x_wconf 76' lang='grc' dir='ltr'><strong>τὸν</strong></span> <span class='ocrx_word' id='word_1_739' title='bbox 3359 2353 3578 2407; x_wconf 85' lang='grc' dir='ltr'><strong>δίκαιον</strong></span> <span class='ocrx_word' id='word_1_740' title='bbox 3587 2350 3691 2433; x_wconf 64' lang='lat' dir='ltr'><strong>tofi-</strong></span> 
     </span>
    </p>
   </div>
   <div class='ocr_carea' id='block_1_93' title="bbox 2020 2432 3697 2511">
    <p class='ocr_par' dir='ltr' id='par_1_93' title="bbox 2020 2432 3697 2511">
     <span class='ocr_line' id='line_1_93' title="bbox 2020 2432 3697 2511; baseline -0.008 -14"><span class='ocrx_word' id='word_1_741' title='bbox 2020 2432 2117 2497; x_wconf 84' lang='grc' dir='ltr'><strong>τον</strong></span> <span class='ocrx_word' id='word_1_742' title='bbox 2165 2441 2260 2494; x_wconf 76' lang='grc' dir='ltr'><strong>καὶ</strong></span> <span class='ocrx_word' id='word_1_743' title='bbox 2306 2437 2555 2511; x_wconf 86' lang='grc' dir='ltr'><strong>ἀνδρείαν</strong></span> <span class='ocrx_word' id='word_1_744' title='bbox 2599 2436 3063 2507; x_wconf 89' lang='grc' dir='ltr'><strong>ἐπιδεικνύμενον,</strong></span> <span class='ocrx_word' id='word_1_745' title='bbox 3100 2437 3194 2490; x_wconf 80' lang='grc' dir='ltr'><strong>καὶ</strong></span> <span class='ocrx_word' id='word_1_746' title='bbox 3224 2433 3473 2505; x_wconf 81' lang='grc' dir='ltr'><strong>τοσούτῳ</strong></span> <span class='ocrx_word' id='word_1_747' title='bbox 3519 2432 3697 2511; x_wconf 73' lang='grc' dir='ltr'><strong>πλήθει</strong></span> 
     </span>
    </p>
   </div>
   <div class='ocr_carea' id='block_1_94' title="bbox 2021 2509 3699 2587">
    <p class='ocr_par' dir='ltr' id='par_1_94' title="bbox 2021 2509 3699 2587">
     <span class='ocr_line' id='line_1_94' title="bbox 2021 2509 3699 2587; baseline -0.01 -10"><span class='ocrx_word' id='word_1_748' title='bbox 2021 2509 2433 2577; x_wconf 84' lang='grc' dir='ltr'><strong>ἀντιτάττεσθαι</strong></span> <span class='ocrx_word' id='word_1_749' title='bbox 2451 2515 2853 2587; x_wconf 85' lang='grc' dir='ltr'><strong>ἐπιχειροῦντα.</strong></span> <span class='ocrx_word' id='word_1_750' title='bbox 2869 2515 2981 2570; x_wconf 77' lang='grc' dir='ltr'><strong>Καὶ</strong></span> <span class='ocrx_word' id='word_1_751' title='bbox 2997 2514 3276 2585; x_wconf 73' lang='grc' dir='ltr'><strong>ἤγγισαν.</strong></span> <span class='ocrx_word' id='word_1_752' title='bbox 3293 2513 3456 2584; x_wconf 77' lang='grc' dir='ltr'><strong>φησὶ,</strong></span> <span class='ocrx_word' id='word_1_753' title='bbox 3472 2509 3699 2578; x_wconf 72' lang='grc' dir='ltr'><strong>σιντ-τρῖ-</strong></span> 
     </span>
    </p>
   </div>
   <div class='ocr_carea' id='block_1_95' title="bbox 2020 2590 3698 2669">
    <p class='ocr_par' dir='ltr' id='par_1_95' title="bbox 2020 2590 3698 2669">
     <span class='ocr_line' id='line_1_95' title="bbox 2020 2590 3698 2669; baseline -0.007 -16"><span class='ocrx_word' id='word_1_754' title='bbox 2020 2602 2133 2669; x_wconf 72' lang='grc' dir='ltr'><strong>ψαι</strong></span> <span class='ocrx_word' id='word_1_755' title='bbox 2174 2597 2290 2666; x_wconf 73' lang='grc' dir='ltr'><strong>τὴν</strong></span> <span class='ocrx_word' id='word_1_756' title='bbox 2333 2597 2541 2664; x_wconf 80' lang='grc' dir='ltr'><strong>θύραν.</strong></span> <span class='ocrx_word' id='word_1_757' title='bbox 2583 2594 2802 2666; x_wconf 81' lang='grc' dir='ltr'><strong>Ἐπειδὴ</strong></span> <span class='ocrx_word' id='word_1_758' title='bbox 2829 2593 2938 2666; x_wconf 84' lang='grc' dir='ltr'><strong>γὰρ</strong></span> <span class='ocrx_word' id='word_1_759' title='bbox 2980 2594 3188 2666; x_wconf 87' lang='grc' dir='ltr'><strong>μέλλων</strong></span> <span class='ocrx_word' id='word_1_760' title='bbox 3227 2593 3459 2658; x_wconf 82' lang='grc' dir='ltr'><strong>ἐξιέναι,</strong></span> <span class='ocrx_word' id='word_1_761' title='bbox 3493 2592 3594 2645; x_wconf 71' lang='grc' dir='ltr'><strong>καὶ</strong></span> <span class='ocrx_word' id='word_1_762' title='bbox 3620 2590 3698 2660; x_wconf 69' lang='grc' dir='ltr'><strong>τήν</strong></span> 
     </span>
    </p>
   </div>
   <div class='ocr_carea' id='block_1_96' title="bbox 2021 2670 3698 2748">
    <p class='ocr_par' dir='ltr' id='par_1_96' title="bbox 2021 2670 3698 2748">
     <span class='ocr_line' id='line_1_96' title="bbox 2021 2670 3698 2748; baseline -0.007 -16"><span class='ocrx_word' id='word_1_763' title='bbox 2021 2677 2226 2732; x_wconf 89' lang='grc' dir='ltr'><strong>τούτων</strong></span> <span class='ocrx_word' id='word_1_764' title='bbox 2267 2675 2466 2748; x_wconf 89' lang='grc' dir='ltr'><strong>μανίαν</strong></span> <span class='ocrx_word' id='word_1_765' title='bbox 2504 2673 2756 2746; x_wconf 87' lang='grc' dir='ltr'><strong>προορῶν</strong></span> <span class='ocrx_word' id='word_1_766' title='bbox 2805 2672 3320 2748; x_wconf 34' lang='grc' dir='ltr'><strong>προσέῳξενῌαὺτοῦ</strong></span> <span class='ocrx_word' id='word_1_767' title='bbox 3356 2670 3592 2724; x_wconf 73' lang='grc' dir='ltr'><strong>ὄπισθεν</strong></span> <span class='ocrx_word' id='word_1_768' title='bbox 3620 2671 3698 2738; x_wconf 66' lang='grc' dir='ltr'><strong>τὴν</strong></span> 
     </span>
    </p>
   </div>
   <div class='ocr_carea' id='block_1_97' title="bbox 2023 2745 3699 2830">
    <p class='ocr_par' dir='ltr' id='par_1_97' title="bbox 2023 2745 3699 2830">
     <span class='ocr_line' id='line_1_97' title="bbox 2023 2745 3699 2830; baseline -0.008 -17"><span class='ocrx_word' id='word_1_769' title='bbox 2023 2757 2215 2830; x_wconf 87' lang='grc' dir='ltr'><strong>θύραν,</strong></span> <span class='ocrx_word' id='word_1_770' title='bbox 2246 2745 2347 2810; x_wconf 81' lang='grc' dir='ltr'><strong>οὐκ</strong></span> <span class='ocrx_word' id='word_1_771' title='bbox 2376 2745 2738 2826; x_wconf 86' lang='grc' dir='ltr'><strong>ἀνασχόμενοι</strong></span> <span class='ocrx_word' id='word_1_772' title='bbox 2773 2754 2823 2808; x_wconf 84' lang='grc' dir='ltr'><strong>οἰ</strong></span> <span class='ocrx_word' id='word_1_773' title='bbox 2857 2753 3046 2826; x_wconf 81' lang='grc' dir='ltr'><strong>μιαροὶ</strong></span> <span class='ocrx_word' id='word_1_774' title='bbox 3079 2745 3227 2806; x_wconf 74' lang='grc' dir='ltr'><strong>οὗτοι</strong></span> <span class='ocrx_word' id='word_1_775' title='bbox 3267 2753 3363 2806; x_wconf 76' lang='grc' dir='ltr'><strong>καὶ</strong></span> <span class='ocrx_word' id='word_1_776' title='bbox 3405 2750 3699 2822; x_wconf 75' lang='grc' dir='ltr'><strong>παράνομοι</strong></span> 
     </span>
    </p>
   </div>
   <div class='ocr_carea' id='block_1_98' title="bbox 2021 2829 3701 2910">
    <p class='ocr_par' dir='ltr' id='par_1_98' title="bbox 2021 2829 3701 2910">
     <span class='ocr_line' id='line_1_98' title="bbox 2021 2829 3701 2910; baseline -0.008 -18"><span class='ocrx_word' id='word_1_777' title='bbox 2021 2829 2121 2910; x_wconf 83' lang='grc' dir='ltr'><strong>τῆς</strong></span> <span class='ocrx_word' id='word_1_778' title='bbox 2143 2836 2236 2890; x_wconf 87' lang='grc' dir='ltr'><strong>τοῦ</strong></span> <span class='ocrx_word' id='word_1_779' title='bbox 2257 2835 2466 2889; x_wconf 88' lang='grc' dir='ltr'><strong>δικαίου</strong></span> <span class='ocrx_word' id='word_1_780' title='bbox 2488 2833 2884 2904; x_wconf 89' lang='grc' dir='ltr'><strong>παραινέσεως,</strong></span> <span class='ocrx_word' id='word_1_781' title='bbox 2908 2832 3069 2886; x_wconf 87' lang='grc' dir='ltr'><strong>αὑτόν</strong></span> <span class='ocrx_word' id='word_1_782' title='bbox 3095 2850 3152 2885; x_wconf 91' lang='grc' dir='ltr'><strong>τε</strong></span> <span class='ocrx_word' id='word_1_783' title='bbox 3176 2830 3462 2894; x_wconf 78' lang='grc' dir='ltr'><strong>ἐϐιάζοντο</strong></span> <span class='ocrx_word' id='word_1_784' title='bbox 3476 2829 3593 2910; x_wconf 59' lang='grc' dir='ltr'><strong>Δκαὶ</strong></span> <span class='ocrx_word' id='word_1_785' title='bbox 3621 2830 3701 2898; x_wconf 66' lang='grc' dir='ltr'><strong>τὴν</strong></span> 
     </span>
    </p>
   </div>
   <div class='ocr_carea' id='block_1_99' title="bbox 2025 2907 3702 2991">
    <p class='ocr_par' dir='ltr' id='par_1_99' title="bbox 2025 2907 3702 2991">
     <span class='ocr_line' id='line_1_99' title="bbox 2025 2907 3702 2991; baseline -0.011 -17"><span class='ocrx_word' id='word_1_786' title='bbox 2025 2907 2196 2991; x_wconf 83' lang='grc' dir='ltr'><strong>θύραν</strong></span> <span class='ocrx_word' id='word_1_787' title='bbox 2225 2915 2511 2986; x_wconf 71' lang='grc' dir='ltr'><strong>συντρῖψαι</strong></span> <span class='ocrx_word' id='word_1_788' title='bbox 2534 2913 2874 2991; x_wconf 77' lang='grc' dir='ltr'><strong>ἐπεχείρουν.</strong></span> <span class='ocrx_word' id='word_1_789' title='bbox 2919 2911 3058 2991; x_wconf 57' lang='grc' dir='ltr'><strong>ξΑλλξ</strong></span> <span class='ocrx_word' id='word_1_790' title='bbox 3097 2911 3284 2991; x_wconf 82' lang='grc' dir='ltr'><strong>ἐπειδὴ</strong></span> <span class='ocrx_word' id='word_1_791' title='bbox 3305 2910 3396 2991; x_wconf 74' lang='grc' dir='ltr'><strong>διὰ</strong></span> <span class='ocrx_word' id='word_1_792' title='bbox 3429 2907 3546 2991; x_wconf 74' lang='grc' dir='ltr'><strong>τῶν</strong></span> <span class='ocrx_word' id='word_1_793' title='bbox 3578 2922 3702 2991; x_wconf 68' lang='grc' dir='ltr'><strong>πρα-</strong></span> 
     </span>
    </p>
   </div>
   <div class='ocr_carea' id='block_1_100' title="bbox 2024 2987 3705 3070">
    <p class='ocr_par' dir='ltr' id='par_1_100' title="bbox 2024 2987 3705 3070">
     <span class='ocr_line' id='line_1_100' title="bbox 2024 2987 3705 3070; baseline -0.01 -20"><span class='ocrx_word' id='word_1_794' title='bbox 2024 2987 2252 3070; x_wconf 80' lang='grc' dir='ltr'><strong>γμάτων</strong></span> <span class='ocrx_word' id='word_1_795' title='bbox 2287 2993 2562 3046; x_wconf 87' lang='grc' dir='ltr'><strong>ἐδείκνυτο</strong></span> <span class='ocrx_word' id='word_1_796' title='bbox 2589 2992 2683 3045; x_wconf 81' lang='grc' dir='ltr'><strong>καὶ</strong></span> <span class='ocrx_word' id='word_1_797' title='bbox 2719 2991 2753 3062; x_wconf 89' lang='grc' dir='ltr'><strong>ἡ</strong></span> <span class='ocrx_word' id='word_1_798' title='bbox 2785 2990 2878 3044; x_wconf 90' lang='grc' dir='ltr'><strong>τοῦ</strong></span> <span class='ocrx_word' id='word_1_799' title='bbox 2912 2988 3124 3070; x_wconf 86' lang='grc' dir='ltr'><strong>δικαίου</strong></span> <span class='ocrx_word' id='word_1_800' title='bbox 3163 2989 3355 3070; x_wconf 82' lang='grc' dir='ltr'><strong>ἀρετὴ,</strong></span> <span class='ocrx_word' id='word_1_801' title='bbox 3392 2987 3494 3070; x_wconf 63' lang='grc' dir='ltr'><strong>καὶ</strong></span> <span class='ocrx_word' id='word_1_802' title='bbox 3587 2987 3705 3070; x_wconf 50' lang='grc' dir='ltr'><strong>πρὶς</strong></span> 
     </span>
    </p>
   </div>
   <div class='ocr_carea' id='block_1_101' title="bbox 2025 3067 3706 3144">
    <p class='ocr_par' dir='ltr' id='par_1_101' title="bbox 2025 3067 3706 3144">
     <span class='ocr_line' id='line_1_101' title="bbox 2025 3067 3706 3144; baseline -0.01 -13"><span class='ocrx_word' id='word_1_803' title='bbox 2025 3067 2151 3141; x_wconf 81' lang='grc' dir='ltr'><strong>τοὺς</strong></span> <span class='ocrx_word' id='word_1_804' title='bbox 2175 3075 2356 3141; x_wconf 80' lang='grc' dir='ltr'><strong>ξένους</strong></span> <span class='ocrx_word' id='word_1_805' title='bbox 2387 3070 2778 3144; x_wconf 80' lang='grc' dir='ltr'><strong>νομιζομένους</strong></span> <span class='ocrx_word' id='word_1_806' title='bbox 2837 3068 3152 3140; x_wconf 88' lang='grc' dir='ltr'><strong>κηδεμονία,</strong></span> <span class='ocrx_word' id='word_1_807' title='bbox 3203 3069 3299 3122; x_wconf 78' lang='grc' dir='ltr'><strong>καὶ</strong></span> <span class='ocrx_word' id='word_1_808' title='bbox 3331 3067 3430 3121; x_wconf 85' lang='grc' dir='ltr'><strong>τοῦ</strong></span> <span class='ocrx_word' id='word_1_809' title='bbox 3477 3067 3706 3136; x_wconf 57' lang='grc' dir='ltr'><strong>πλήθους</strong></span> 
     </span>
    </p>
   </div>
   <div class='ocr_carea' id='block_1_102' title="bbox 2027 3145 3707 3224">
    <p class='ocr_par' dir='ltr' id='par_1_102' title="bbox 2027 3145 3707 3224">
     <span class='ocr_line' id='line_1_102' title="bbox 2027 3145 3707 3224; baseline -0.01 -13"><span class='ocrx_word' id='word_1_810' title='bbox 2027 3157 2235 3211; x_wconf 90' lang='grc' dir='ltr'><strong>ἐκείνου</strong></span> <span class='ocrx_word' id='word_1_811' title='bbox 2261 3153 2512 3224; x_wconf 82' lang='grc' dir='ltr'><strong>παντδςὴ</strong></span> <span class='ocrx_word' id='word_1_812' title='bbox 2536 3150 2668 3223; x_wconf 78' lang='grc' dir='ltr'><strong>περί</strong></span> <span class='ocrx_word' id='word_1_813' title='bbox 2693 3150 2794 3220; x_wconf 79' lang='grc' dir='ltr'><strong>τὴν</strong></span> <span class='ocrx_word' id='word_1_814' title='bbox 2813 3150 3012 3204; x_wconf 88' lang='grc' dir='ltr'><strong>κακίαν</strong></span> <span class='ocrx_word' id='word_1_815' title='bbox 3038 3147 3351 3220; x_wconf 84' lang='grc' dir='ltr'><strong>συμφωνία,</strong></span> <span class='ocrx_word' id='word_1_816' title='bbox 3384 3147 3516 3200; x_wconf 75' lang='grc' dir='ltr'><strong>τότε</strong></span> <span class='ocrx_word' id='word_1_817' title='bbox 3533 3145 3707 3224; x_wconf 44' lang='grc' dir='ltr'><strong>λοι-τὸν</strong></span> 
     </span>
    </p>
   </div>
   <div class='ocr_carea' id='block_1_103' title="bbox 2028 3222 3711 3302">
    <p class='ocr_par' dir='ltr' id='par_1_103' title="bbox 2028 3222 3711 3302">
     <span class='ocr_line' id='line_1_103' title="bbox 2028 3222 3711 3302; baseline -0.009 -12"><span class='ocrx_word' id='word_1_818' title='bbox 2028 3234 2460 3290; x_wconf 82' lang='grc' dir='ltr'><strong>ἐκκαλύπτουσιν</strong></span> <span class='ocrx_word' id='word_1_819' title='bbox 2476 3222 2702 3294; x_wconf 78' lang='grc' dir='ltr'><strong>ἑαυτοὺς</strong></span> <span class='ocrx_word' id='word_1_820' title='bbox 2717 3231 2768 3283; x_wconf 79' lang='grc' dir='ltr'><strong>οἱ</strong></span> <span class='ocrx_word' id='word_1_821' title='bbox 2785 3229 3351 3302; x_wconf 77' lang='grc' dir='ltr'><strong>παραγεγονότες.Καί</strong></span> <span class='ocrx_word' id='word_1_822' title='bbox 3368 3227 3569 3296; x_wconf 78' lang='grc' dir='ltr'><strong>ἐπειδὴ</strong></span> <span class='ocrx_word' id='word_1_823' title='bbox 3585 3222 3711 3277; x_wconf 71' lang='grc' dir='ltr'><strong>εἶδον</strong></span> 
     </span>
    </p>
   </div>
   <div class='ocr_carea' id='block_1_104' title="bbox 2027 3306 3709 3381">
    <p class='ocr_par' dir='ltr' id='par_1_104' title="bbox 2027 3306 3709 3381">
     <span class='ocr_line' id='line_1_104' title="bbox 2027 3306 3709 3381; baseline -0.012 -9"><span class='ocrx_word' id='word_1_824' title='bbox 2027 3318 2120 3372; x_wconf 87' lang='grc' dir='ltr'><strong>τὸν</strong></span> <span class='ocrx_word' id='word_1_825' title='bbox 2147 3315 2352 3370; x_wconf 84' lang='grc' dir='ltr'><strong>δίκαιον</strong></span> <span class='ocrx_word' id='word_1_826' title='bbox 2411 3312 2592 3366; x_wconf 89' lang='grc' dir='ltr'><strong>πάντα</strong></span> <span class='ocrx_word' id='word_1_827' title='bbox 2628 3311 2698 3364; x_wconf 84' lang='grc' dir='ltr'><strong>τὰ</strong></span> <span class='ocrx_word' id='word_1_828' title='bbox 2731 3311 2859 3381; x_wconf 83' lang='grc' dir='ltr'><strong>παρ’</strong></span> <span class='ocrx_word' id='word_1_829' title='bbox 2915 3309 3111 3364; x_wconf 89' lang='grc' dir='ltr'><strong>ἐαυτοῦ</strong></span> <span class='ocrx_word' id='word_1_830' title='bbox 3142 3306 3579 3378; x_wconf 79' lang='grc' dir='ltr'><strong>πεπληρωκότα,</strong></span> <span class='ocrx_word' id='word_1_831' title='bbox 3623 3306 3709 3371; x_wconf 59' lang='grc' dir='ltr'><strong>τὴν</strong></span> 
     </span>
    </p>
   </div>
   <div class='ocr_carea' id='block_1_105' title="bbox 2031 3385 3711 3462">
    <p class='ocr_par' dir='ltr' id='par_1_105' title="bbox 2031 3385 3711 3462">
     <span class='ocr_line' id='line_1_105' title="bbox 2031 3385 3711 3462; baseline -0.01 -12"><span class='ocrx_word' id='word_1_832' title='bbox 2031 3395 2240 3450; x_wconf 82' lang='grc' dir='ltr'><strong>οἰκείαν</strong></span> <span class='ocrx_word' id='word_1_833' title='bbox 2291 3389 2728 3462; x_wconf 87' lang='grc' dir='ltr'><strong>ἐπιδεικνύμενοι</strong></span> <span class='ocrx_word' id='word_1_834' title='bbox 2770 3387 2998 3461; x_wconf 88' lang='grc' dir='ltr'><strong>δύναμιν</strong></span> <span class='ocrx_word' id='word_1_835' title='bbox 3048 3385 3505 3459; x_wconf 77' lang='grc' dir='ltr'><strong>ἐπαμύνουσιτῷ</strong></span> <span class='ocrx_word' id='word_1_836' title='bbox 3530 3385 3711 3450; x_wconf 69' lang='grc' dir='ltr'><strong>δικαίῳ</strong></span> 
     </span>
    </p>
   </div>
   <div class='ocr_carea' id='block_1_106' title="bbox 2033 3466 3712 3544">
    <p class='ocr_par' dir='ltr' id='par_1_106' title="bbox 2033 3466 3712 3544">
     <span class='ocr_line' id='line_1_106' title="bbox 2033 3466 3712 3544; baseline -0.011 -12"><span class='ocrx_word' id='word_1_837' title='bbox 2033 3471 2623 3544; x_wconf 87' lang='grc' dir='ltr'><strong>καταδυναστευομένῳ</strong></span> <span class='ocrx_word' id='word_1_838' title='bbox 2674 3469 2779 3523; x_wconf 83' lang='grc' dir='ltr'><strong>ὑπὸ</strong></span> <span class='ocrx_word' id='word_1_839' title='bbox 2822 3469 2924 3539; x_wconf 87' lang='grc' dir='ltr'><strong>τῆς</strong></span> <span class='ocrx_word' id='word_1_840' title='bbox 2965 3469 3189 3524; x_wconf 89' lang='grc' dir='ltr'><strong>ἐκείνων</strong></span> <span class='ocrx_word' id='word_1_841' title='bbox 3226 3467 3447 3540; x_wconf 84' lang='grc' dir='ltr'><strong>μανίας.</strong></span> <span class='ocrx_word' id='word_1_842' title='bbox 3511 3466 3712 3544; x_wconf 69' lang='grc' dir='ltr'><strong>Ἔκτει-</strong></span> 
     </span>
    </p>
   </div>
   <div class='ocr_carea' id='block_1_107' title="bbox 2031 3542 3707 3624">
    <p class='ocr_par' dir='ltr' id='par_1_107' title="bbox 2031 3542 3707 3624">
     <span class='ocr_line' id='line_1_107' title="bbox 2031 3542 3707 3624; baseline -0.011 -12"><span class='ocrx_word' id='word_1_843' title='bbox 2031 3573 2248 3622; x_wconf 75' lang='grc' dir='ltr'><strong>ναντες</strong></span> <span class='ocrx_word' id='word_1_844' title='bbox 2292 3553 2424 3624; x_wconf 87' lang='grc' dir='ltr'><strong>γὰρ,</strong></span> <span class='ocrx_word' id='word_1_845' title='bbox 2471 3542 2658 3623; x_wconf 75' lang='grc' dir='ltr'><strong>φησὶν,</strong></span> <span class='ocrx_word' id='word_1_846' title='bbox 2709 3552 2764 3604; x_wconf 80' lang='grc' dir='ltr'><strong>οὶ</strong></span> <span class='ocrx_word' id='word_1_847' title='bbox 2795 3549 3012 3617; x_wconf 77' lang='grc' dir='ltr'><strong>ἄνδρες</strong></span> <span class='ocrx_word' id='word_1_848' title='bbox 3040 3547 3148 3614; x_wconf 85' lang='grc' dir='ltr'><strong>τὰς</strong></span> <span class='ocrx_word' id='word_1_849' title='bbox 3171 3547 3378 3624; x_wconf 71' lang='grc' dir='ltr'><strong>χεῖρας</strong></span> <span class='ocrx_word' id='word_1_850' title='bbox 3422 3542 3707 3624; x_wconf 59' lang='lat'><strong>31050.10-</strong></span> 
     </span>
    </p>
   </div>
   <div class='ocr_carea' id='block_1_108' title="bbox 2034 3621 3713 3697">
    <p class='ocr_par' dir='ltr' id='par_1_108' title="bbox 2034 3621 3713 3697">
     <span class='ocr_line' id='line_1_108' title="bbox 2034 3621 3713 3697; baseline -0.012 -5"><span class='ocrx_word' id='word_1_851' title='bbox 2034 3621 2234 3692; x_wconf 18' lang='grc' dir='ltr'><strong>σαντοί</strong></span> <span class='ocrx_word' id='word_1_852' title='bbox 2254 3621 2700 3697; x_wconf 14' lang='grc' dir='ltr'><strong>τόν-Λὼτήπρός</strong></span> <span class='ocrx_word' id='word_1_853' title='bbox 2725 3627 2976 3694; x_wconf 85' lang='grc' dir='ltr'><strong>ἑαυτοὺς</strong></span> <span class='ocrx_word' id='word_1_854' title='bbox 3016 3630 3103 3693; x_wconf 85' lang='grc' dir='ltr'><strong>είς</strong></span> <span class='ocrx_word' id='word_1_855' title='bbox 3126 3628 3233 3680; x_wconf 80' lang='grc' dir='ltr'><strong>τὸν</strong></span> <span class='ocrx_word' id='word_1_856' title='bbox 3254 3621 3445 3689; x_wconf 76' lang='grc' dir='ltr'><strong>οἷκον,</strong></span> <span class='ocrx_word' id='word_1_857' title='bbox 3474 3623 3582 3676; x_wconf 78' lang='grc' dir='ltr'><strong>καί</strong></span> <span class='ocrx_word' id='word_1_858' title='bbox 3615 3622 3713 3686; x_wconf 69' lang='grc' dir='ltr'><strong>ῖήγ</strong></span> 
     </span>
    </p>
   </div>
   <div class='ocr_carea' id='block_1_109' title="bbox 2035 3701 3713 3786">
    <p class='ocr_par' dir='ltr' id='par_1_109' title="bbox 2035 3701 3713 3786">
     <span class='ocr_line' id='line_1_109' title="bbox 2035 3701 3713 3786; baseline -0.013 -15"><span class='ocrx_word' id='word_1_859' title='bbox 2035 3717 2222 3784; x_wconf 75' lang='grc' dir='ltr'><strong>θύραν</strong></span> <span class='ocrx_word' id='word_1_860' title='bbox 2241 3709 2394 3786; x_wconf 72' lang='grc'><strong>[445]</strong></span> <span class='ocrx_word' id='word_1_861' title='bbox 2427 3709 2531 3763; x_wconf 88' lang='grc' dir='ltr'><strong>τοῦ</strong></span> <span class='ocrx_word' id='word_1_862' title='bbox 2584 3709 2756 3762; x_wconf 76' lang='grc' dir='ltr'><strong>οἴκου</strong></span> <span class='ocrx_word' id='word_1_863' title='bbox 2780 3706 3175 3762; x_wconf 54' lang='grc' dir='ltr'><strong>ἀπέκλεισαν</strong></span> <span class='ocrx_word' id='word_1_864' title='bbox 3217 3703 3364 3786; x_wconf 64' lang='grc' dir='ltr'><strong>τοὺς</strong></span> <span class='ocrx_word' id='word_1_865' title='bbox 3395 3701 3471 3786; x_wconf 54' lang='grc' dir='ltr'><strong>δε</strong></span> <span class='ocrx_word' id='word_1_866' title='bbox 3499 3701 3713 3786; x_wconf 52' lang='grc' dir='ltr'><strong>ἄνδρας</strong></span> 
     </span>
    </p>
   </div>
   <div class='ocr_carea' id='block_1_110' title="bbox 2034 3782 3718 3862">
    <p class='ocr_par' dir='ltr' id='par_1_110' title="bbox 2034 3782 3718 3862">
     <span class='ocr_line' id='line_1_110' title="bbox 2034 3782 3718 3862; baseline -0.012 -11"><span class='ocrx_word' id='word_1_867' title='bbox 2034 3782 2178 3862; x_wconf 62' lang='grc' dir='ltr'><strong>τοὺς</strong></span> <span class='ocrx_word' id='word_1_868' title='bbox 2200 3782 2501 3856; x_wconf 22' lang='grc' dir='ltr'><strong>όῖρταςίὲπὶ</strong></span> <span class='ocrx_word' id='word_1_869' title='bbox 2522 3787 2633 3858; x_wconf 81' lang='grc' dir='ltr'><strong>τῆς</strong></span> <span class='ocrx_word' id='word_1_870' title='bbox 2671 3790 2854 3857; x_wconf 81' lang='grc' dir='ltr'><strong>θύρας</strong></span> <span class='ocrx_word' id='word_1_871' title='bbox 2882 3788 2988 3842; x_wconf 89' lang='grc' dir='ltr'><strong>τοῦ</strong></span> <span class='ocrx_word' id='word_1_872' title='bbox 3018 3787 3190 3842; x_wconf 80' lang='grc' dir='ltr'><strong>οίκου</strong></span> <span class='ocrx_word' id='word_1_873' title='bbox 3218 3782 3542 3847; x_wconf 76' lang='grc' dir='ltr'><strong>ἐπάταξαν</strong></span> <span class='ocrx_word' id='word_1_874' title='bbox 3562 3784 3718 3849; x_wconf 60' lang='grc' dir='ltr'><strong>ἀορι-</strong></span> 
     </span>
    </p>
   </div>
   <div class='ocr_carea' id='block_1_111' title="bbox 2036 3862 3718 3944">
    <p class='ocr_par' dir='ltr' id='par_1_111' title="bbox 2036 3862 3718 3944">
     <span class='ocr_line' id='line_1_111' title="bbox 2036 3862 3718 3944; baseline -0.014 -10"><span class='ocrx_word' id='word_1_875' title='bbox 2036 3877 2143 3944; x_wconf 85' lang='grc' dir='ltr'><strong>σίᾳ</strong></span> <span class='ocrx_word' id='word_1_876' title='bbox 2170 3871 2289 3929; x_wconf 80' lang='grc' dir='ltr'><strong>ἀπὸ</strong></span> <span class='ocrx_word' id='word_1_877' title='bbox 2314 3867 2533 3942; x_wconf 82' lang='grc' dir='ltr'><strong>μικροῦ</strong></span> <span class='ocrx_word' id='word_1_878' title='bbox 2571 3869 2684 3934; x_wconf 81' lang='grc' dir='ltr'><strong>ἕως</strong></span> <span class='ocrx_word' id='word_1_879' title='bbox 2711 3866 3000 3938; x_wconf 72' lang='grc' dir='ltr'><strong>μεγάλου,</strong></span> <span class='ocrx_word' id='word_1_880' title='bbox 3033 3867 3134 3921; x_wconf 81' lang='grc' dir='ltr'><strong>καί</strong></span> <span class='ocrx_word' id='word_1_881' title='bbox 3162 3862 3718 3944; x_wconf 50' lang='grc' dir='ltr'><strong>παρελύθησαγ-ζη-</strong></span> 
     </span>
    </p>
   </div>
   <div class='ocr_carea' id='block_1_112' title="bbox 2037 3938 3720 4019">
    <p class='ocr_par' dir='ltr' id='par_1_112' title="bbox 2037 3938 3720 4019">
     <span class='ocr_line' id='line_1_112' title="bbox 2037 3938 3720 4019; baseline -0.01 -11"><span class='ocrx_word' id='word_1_882' title='bbox 2037 3938 2284 4019; x_wconf 72' lang='grc' dir='ltr'><strong>τοῦντες</strong></span> <span class='ocrx_word' id='word_1_883' title='bbox 2316 3938 2450 4019; x_wconf 25' lang='grc' dir='ltr'><strong>*τὴν</strong></span> <span class='ocrx_word' id='word_1_884' title='bbox 2502 3949 2707 4016; x_wconf 82' lang='grc' dir='ltr'><strong>θύραν.</strong></span> <span class='ocrx_word' id='word_1_885' title='bbox 2763 3947 2924 4018; x_wconf 77' lang='grc' dir='ltr'><strong>Ὁρᾷς</strong></span> <span class='ocrx_word' id='word_1_886' title='bbox 2971 3947 3088 4011; x_wconf 86' lang='grc' dir='ltr'><strong>πῶς</strong></span> <span class='ocrx_word' id='word_1_887' title='bbox 3122 3945 3214 3999; x_wconf 70' lang='grc' dir='ltr'><strong>καὶ</strong></span> <span class='ocrx_word' id='word_1_888' title='bbox 3246 3948 3274 3998; x_wconf 84' lang='grc' dir='ltr'>ὁ</span> <span class='ocrx_word' id='word_1_889' title='bbox 3317 3943 3539 4007; x_wconf 84' lang='grc' dir='ltr'><strong>δίκαιος</strong></span> <span class='ocrx_word' id='word_1_890' title='bbox 3576 3938 3720 4002; x_wconf 65' lang='grc' dir='ltr'><strong>οὗτος</strong></span> 
     </span>
    </p>
   </div>
   <div class='ocr_carea' id='block_1_113' title="bbox 2040 4022 3720 4106">
    <p class='ocr_par' dir='ltr' id='par_1_113' title="bbox 2040 4022 3720 4106">
     <span class='ocr_line' id='line_1_113' title="bbox 2040 4022 3720 4106; baseline -0.012 -17"><span class='ocrx_word' id='word_1_891' title='bbox 2040 4032 2386 4106; x_wconf 88' lang='grc' dir='ltr'><strong>παραχρῆμα</strong></span> <span class='ocrx_word' id='word_1_892' title='bbox 2420 4028 2522 4099; x_wconf 91' lang='grc' dir='ltr'><strong>τῆς</strong></span> <span class='ocrx_word' id='word_1_893' title='bbox 2554 4026 2857 4106; x_wconf 79' lang='grc' dir='ltr'><strong>φιλοξενίας</strong></span> <span class='ocrx_word' id='word_1_894' title='bbox 2889 4027 3173 4106; x_wconf 78' lang='grc' dir='ltr'><strong>κομίζεται</strong></span> <span class='ocrx_word' id='word_1_895' title='bbox 3194 4023 3300 4106; x_wconf 73' lang='grc' dir='ltr'><strong>τὰς</strong></span> <span class='ocrx_word' id='word_1_896' title='bbox 3331 4022 3608 4106; x_wconf 70' lang='grc' dir='ltr'><strong>ἀμοιϐὰς,</strong></span> <span class='ocrx_word' id='word_1_897' title='bbox 3637 4023 3720 4106; x_wconf 69' lang='grc' dir='ltr'><strong>καί</strong></span> 
     </span>
    </p>
   </div>
   <div class='ocr_carea' id='block_1_114' title="bbox 2038 4103 3722 4182">
    <p class='ocr_par' dir='ltr' id='par_1_114' title="bbox 2038 4103 3722 4182">
     <span class='ocr_line' id='line_1_114' title="bbox 2038 4103 3722 4182; baseline -0.008 -14"><span class='ocrx_word' id='word_1_898' title='bbox 2038 4116 2089 4168; x_wconf 89' lang='grc' dir='ltr'><strong>οἱ</strong></span> <span class='ocrx_word' id='word_1_899' title='bbox 2122 4103 2446 4182; x_wconf 40' lang='grc' dir='ltr'><strong>-παράνομοι</strong></span> <span class='ocrx_word' id='word_1_900' title='bbox 2486 4109 2685 4161; x_wconf 86' lang='grc' dir='ltr'><strong>ἐκεῖνοι</strong></span> <span class='ocrx_word' id='word_1_901' title='bbox 2735 4103 2894 4171; x_wconf 81' lang='grc' dir='ltr'><strong>ἀξίαν</strong></span> <span class='ocrx_word' id='word_1_902' title='bbox 2938 4105 3148 4158; x_wconf 89' lang='grc' dir='ltr'><strong>τίνουσι</strong></span> <span class='ocrx_word' id='word_1_903' title='bbox 3187 4104 3377 4182; x_wconf 73' lang='grc' dir='ltr'><strong>δίκην;</strong></span> <span class='ocrx_word' id='word_1_904' title='bbox 3408 4103 3722 4182; x_wconf 63' lang='grc' dir='ltr'><strong>Εὶσεσειαρ</strong></span> 
     </span>
    </p>
   </div>
   <div class='ocr_carea' id='block_1_115' title="bbox 2039 4178 3726 4260">
    <p class='ocr_par' dir='ltr' id='par_1_115' title="bbox 2039 4178 3726 4260">
     <span class='ocr_line' id='line_1_115' title="bbox 2039 4178 3726 4260; baseline -0.004 -22"><span class='ocrx_word' id='word_1_905' title='bbox 2039 4178 2234 4246; x_wconf 74' lang='grc' dir='ltr'><strong>σαντό</strong></span> <span class='ocrx_word' id='word_1_906' title='bbox 2267 4178 2399 4260; x_wconf 83' lang='grc' dir='ltr'><strong>γὰρ,</strong></span> <span class='ocrx_word' id='word_1_907' title='bbox 2439 4185 2596 4258; x_wconf 76' lang='grc' dir='ltr'><strong>φησὶ,</strong></span> <span class='ocrx_word' id='word_1_908' title='bbox 2621 4183 2728 4260; x_wconf 71' lang='grc' dir='ltr'><strong>τόν</strong></span> <span class='ocrx_word' id='word_1_909' title='bbox 2759 4183 2890 4240; x_wconf 86' lang='grc' dir='ltr'><strong>Λὼτ</strong></span> <span class='ocrx_word' id='word_1_910' title='bbox 2932 4186 3020 4250; x_wconf 86' lang='grc' dir='ltr'><strong>εἰς</strong></span> <span class='ocrx_word' id='word_1_911' title='bbox 3069 4184 3177 4237; x_wconf 75' lang='grc' dir='ltr'><strong>τόν</strong></span> <span class='ocrx_word' id='word_1_912' title='bbox 3220 4178 3412 4246; x_wconf 66' lang='grc' dir='ltr'><strong>οἷκον,</strong></span> <span class='ocrx_word' id='word_1_913' title='bbox 3479 4182 3590 4235; x_wconf 73' lang='grc' dir='ltr'><strong>καὶ</strong></span> <span class='ocrx_word' id='word_1_914' title='bbox 3623 4180 3726 4244; x_wconf 70' lang='grc' dir='ltr'><strong>τὴν</strong></span> 
     </span>
    </p>
   </div>
   <div class='ocr_carea' id='block_1_116' title="bbox 2039 4256 3724 4340">
    <p class='ocr_par' dir='ltr' id='par_1_116' title="bbox 2039 4256 3724 4340">
     <span class='ocr_line' id='line_1_116' title="bbox 2039 4256 3724 4340; baseline -0.009 -14"><span class='ocrx_word' id='word_1_915' title='bbox 2039 4272 2230 4340; x_wconf 79' lang='grc' dir='ltr'><strong>θύραν</strong></span> <span class='ocrx_word' id='word_1_916' title='bbox 2264 4256 2656 4324; x_wconf 53' lang='grc' dir='ltr'><strong>ἀπέκλεισαν</strong></span> <span class='ocrx_word' id='word_1_917' title='bbox 2679 4256 2836 4330; x_wconf 84' lang='grc' dir='ltr'><strong>’τοὺς</strong></span> <span class='ocrx_word' id='word_1_918' title='bbox 2862 4263 2930 4318; x_wconf 77' lang='grc' dir='ltr'><strong>δὲ</strong></span> <span class='ocrx_word' id='word_1_919' title='bbox 2944 4263 3170 4332; x_wconf 81' lang='grc' dir='ltr'><strong>ἄνδρας</strong></span> <span class='ocrx_word' id='word_1_920' title='bbox 3205 4260 3532 4325; x_wconf 73' lang='grc' dir='ltr'><strong>ἐπάταξαν</strong></span> <span class='ocrx_word' id='word_1_921' title='bbox 3559 4261 3724 4326; x_wconf 56' lang='grc' dir='ltr'><strong>ἀσμ-</strong></span> 
     </span>
    </p>
   </div>
   <div class='ocr_carea' id='block_1_117' title="bbox 2039 4340 3726 4420">
    <p class='ocr_par' dir='ltr' id='par_1_117' title="bbox 2039 4340 3726 4420">
     <span class='ocr_line' id='line_1_117' title="bbox 2039 4340 3726 4420; baseline -0.009 -15"><span class='ocrx_word' id='word_1_922' title='bbox 2039 4352 2147 4420; x_wconf 80' lang='grc' dir='ltr'><strong>σίςι</strong></span> <span class='ocrx_word' id='word_1_923' title='bbox 2165 4348 2285 4404; x_wconf 80' lang='grc' dir='ltr'><strong>ἀπὸ</strong></span> <span class='ocrx_word' id='word_1_924' title='bbox 2312 4346 2531 4418; x_wconf 84' lang='grc' dir='ltr'><strong>μικροῦ</strong></span> <span class='ocrx_word' id='word_1_925' title='bbox 2562 4344 2674 4410; x_wconf 79' lang='grc' dir='ltr'><strong>ἕως</strong></span> <span class='ocrx_word' id='word_1_926' title='bbox 2696 4343 2988 4414; x_wconf 74' lang='grc' dir='ltr'><strong>μεγάλου,</strong></span> <span class='ocrx_word' id='word_1_927' title='bbox 3020 4344 3118 4397; x_wconf 81' lang='grc' dir='ltr'><strong>καί</strong></span> <span class='ocrx_word' id='word_1_928' title='bbox 3160 4343 3622 4410; x_wconf 70' lang='grc' dir='ltr'><strong>παρελύθησαν</strong></span> <span class='ocrx_word' id='word_1_929' title='bbox 3655 4340 3726 4420; x_wconf 59' lang='grc' dir='ltr'><strong>ξιξ-</strong></span> 
     </span>
    </p>
   </div>
   <div class='ocr_carea' id='block_1_118' title="bbox 2040 4419 3722 4496">
    <p class='ocr_par' dir='ltr' id='par_1_118' title="bbox 2040 4419 3722 4496">
     <span class='ocr_line' id='line_1_118' title="bbox 2040 4419 3722 4496; baseline -0.012 -11"><span class='ocrx_word' id='word_1_930' title='bbox 2040 4419 2289 4495; x_wconf 78' lang='grc' dir='ltr'><strong>τοῦντες</strong></span> <span class='ocrx_word' id='word_1_931' title='bbox 2324 4427 2441 4496; x_wconf 76' lang='grc' dir='ltr'><strong>τὴν</strong></span> <span class='ocrx_word' id='word_1_932' title='bbox 2460 4426 2670 4494; x_wconf 80' lang='grc' dir='ltr'><strong>θύραν.</strong></span> <span class='ocrx_word' id='word_1_933' title='bbox 2724 4423 2944 4494; x_wconf 86' lang='grc' dir='ltr'><strong>Ἐπειδὴ</strong></span> <span class='ocrx_word' id='word_1_934' title='bbox 2996 4424 3056 4477; x_wconf 86' lang='grc' dir='ltr'><strong>τὸ</strong></span> <span class='ocrx_word' id='word_1_935' title='bbox 3108 4423 3207 4494; x_wconf 87' lang='grc' dir='ltr'><strong>τῆς</strong></span> <span class='ocrx_word' id='word_1_936' title='bbox 3241 4421 3496 4485; x_wconf 76' lang='grc' dir='ltr'><strong>διανοίας</strong></span> <span class='ocrx_word' id='word_1_937' title='bbox 3555 4419 3722 4474; x_wconf 50' lang='grc' dir='ltr'><strong>αὐτῷ,</strong></span> 
     </span>
    </p>
   </div>
   <div class='ocr_carea' id='block_1_119' title="bbox 2041 4501 3728 4581">
    <p class='ocr_par' dir='ltr' id='par_1_119' title="bbox 2041 4501 3728 4581">
     <span class='ocr_line' id='line_1_119' title="bbox 2041 4501 3728 4581; baseline -0.008 -17"><span class='ocrx_word' id='word_1_938' title='bbox 2041 4511 2196 4581; x_wconf 77' lang='grc' dir='ltr'><strong>ὄμμα</strong></span> <span class='ocrx_word' id='word_1_939' title='bbox 2228 4507 2542 4579; x_wconf 87' lang='grc' dir='ltr'><strong>πεπήρωτο,</strong></span> <span class='ocrx_word' id='word_1_940' title='bbox 2558 4503 2648 4558; x_wconf 84' lang='grc' dir='ltr'><strong>διὰ</strong></span> <span class='ocrx_word' id='word_1_941' title='bbox 2671 4502 2829 4557; x_wconf 82' lang='grc' dir='ltr'><strong>τοῦτο</strong></span> <span class='ocrx_word' id='word_1_942' title='bbox 2869 4504 3084 4574; x_wconf 74' lang='grc' dir='ltr'><strong>καὶτῆς</strong></span> <span class='ocrx_word' id='word_1_943' title='bbox 3111 4505 3354 4573; x_wconf 74' lang='grc' dir='ltr'><strong>ὁράσεως</strong></span> <span class='ocrx_word' id='word_1_944' title='bbox 3384 4503 3499 4572; x_wconf 83' lang='grc' dir='ltr'><strong>τὴν</strong></span> <span class='ocrx_word' id='word_1_945' title='bbox 3528 4501 3728 4570; x_wconf 62' lang='grc' dir='ltr'><strong>τύ-,ιὶιν</strong></span> 
     </span>
    </p>
   </div>
   <div class='ocr_carea' id='block_1_120' title="bbox 2044 4581 3726 4661">
    <p class='ocr_par' dir='ltr' id='par_1_120' title="bbox 2044 4581 3726 4661">
     <span class='ocr_line' id='line_1_120' title="bbox 2044 4581 3726 4661; baseline -0.01 -15"><span class='ocrx_word' id='word_1_946' title='bbox 2044 4609 2127 4646; x_wconf 91' lang='grc' dir='ltr'><strong>σιν</strong></span> <span class='ocrx_word' id='word_1_947' title='bbox 2149 4589 2531 4661; x_wconf 88' lang='grc' dir='ltr'><strong>ὑπομένουσιν,</strong></span> <span class='ocrx_word' id='word_1_948' title='bbox 2548 4586 2636 4640; x_wconf 86' lang='grc' dir='ltr'><strong>ἴνα</strong></span> <span class='ocrx_word' id='word_1_949' title='bbox 2660 4585 2903 4656; x_wconf 90' lang='grc' dir='ltr'><strong>μάθωσιν</strong></span> <span class='ocrx_word' id='word_1_950' title='bbox 2923 4583 2999 4648; x_wconf 83' lang='grc' dir='ltr'><strong>ὡς</strong></span> <span class='ocrx_word' id='word_1_951' title='bbox 3019 4583 3171 4637; x_wconf 83' lang='grc' dir='ltr'><strong>οὐδὲν</strong></span> <span class='ocrx_word' id='word_1_952' title='bbox 3195 4583 3378 4644; x_wconf 81' lang='grc' dir='ltr'><strong>αὐτοῖς</strong></span> <span class='ocrx_word' id='word_1_953' title='bbox 3391 4581 3607 4652; x_wconf 73' lang='grc' dir='ltr'><strong>ὄφελος</strong></span> <span class='ocrx_word' id='word_1_954' title='bbox 3639 4582 3726 4632; x_wconf 59' lang='grc' dir='ltr'><strong>τίὲν</strong></span> 
     </span>
    </p>
   </div>
   <div class='ocr_carea' id='block_1_121' title="bbox 2044 4661 3513 4742">
    <p class='ocr_par' dir='ltr' id='par_1_121' title="bbox 2044 4661 3513 4742">
     <span class='ocr_line' id='line_1_121' title="bbox 2044 4661 3513 4742; baseline -0.01 -16"><span class='ocrx_word' id='word_1_955' title='bbox 2044 4667 2374 4742; x_wconf 88' lang='grc' dir='ltr'><strong>σωματικῶν</strong></span> <span class='ocrx_word' id='word_1_956' title='bbox 2393 4665 2708 4737; x_wconf 85' lang='grc' dir='ltr'><strong>ὀφθαλμῶν,</strong></span> <span class='ocrx_word' id='word_1_957' title='bbox 2728 4664 2836 4717; x_wconf 91' lang='grc' dir='ltr'><strong>τῶν</strong></span> <span class='ocrx_word' id='word_1_958' title='bbox 2854 4664 2952 4734; x_wconf 88' lang='grc' dir='ltr'><strong>τῆς</strong></span> <span class='ocrx_word' id='word_1_959' title='bbox 2971 4661 3513 4742; x_wconf 71' lang='grc' dir='ltr'><strong>διανοίσςόμμάτων</strong></span> 
     </span>
    </p>
   </div>
   <div class='ocr_carea' id='block_1_122' title="bbox 2048 4740 3731 4825">
    <p class='ocr_par' dir='ltr' id='par_1_122' title="bbox 2048 4740 3731 4825">
     <span class='ocr_line' id='line_1_122' title="bbox 2048 4740 3731 4825; baseline -0.011 -19"><span class='ocrx_word' id='word_1_960' title='bbox 2048 4740 2322 4825; x_wconf 87' lang='grc' dir='ltr'><strong>ρωμένων.</strong></span> <span class='ocrx_word' id='word_1_961' title='bbox 2343 4748 2453 4802; x_wconf 78' lang='grc' dir='ltr'><strong>Καὶ</strong></span> <span class='ocrx_word' id='word_1_962' title='bbox 2467 4746 2651 4818; x_wconf 83' lang='grc' dir='ltr'><strong>ἐπειδὴ</strong></span> <span class='ocrx_word' id='word_1_963' title='bbox 2669 4744 2957 4816; x_wconf 83' lang='grc' dir='ltr'><strong>σύμφωνον</strong></span> <span class='ocrx_word' id='word_1_964' title='bbox 2977 4743 3074 4816; x_wconf 79' lang='grc' dir='ltr'><strong>τὴν</strong></span> <span class='ocrx_word' id='word_1_965' title='bbox 3096 4741 3291 4797; x_wconf 89' lang='grc' dir='ltr'><strong>κακίαν</strong></span> <span class='ocrx_word' id='word_1_966' title='bbox 3316 4740 3731 4794; x_wconf 56' lang='grc' dir='ltr'><strong>ἐπεδείκνυεν...</strong></span> 
     </span>
    </p>
   </div>
   <div class='ocr_carea' id='block_1_123' title="bbox 2045 4822 3732 4896">
    <p class='ocr_par' dir='ltr' id='par_1_123' title="bbox 2045 4822 3732 4896">
     <span class='ocr_line' id='line_1_123' title="bbox 2045 4822 3732 4896; baseline -0.01 -10"><span class='ocrx_word' id='word_1_967' title='bbox 2045 4822 2140 4886; x_wconf 68' lang='grc' dir='ltr'><strong>καὶ</strong></span> <span class='ocrx_word' id='word_1_968' title='bbox 2162 4829 2286 4884; x_wconf 74' lang='grc' dir='ltr'><strong>οὔτε</strong></span> <span class='ocrx_word' id='word_1_969' title='bbox 2317 4828 2368 4880; x_wconf 86' lang='grc' dir='ltr'><strong>οἰ</strong></span> <span class='ocrx_word' id='word_1_970' title='bbox 2388 4827 2516 4892; x_wconf 88' lang='grc' dir='ltr'><strong>νέοι,</strong></span> <span class='ocrx_word' id='word_1_971' title='bbox 2549 4823 2673 4878; x_wconf 77' lang='grc' dir='ltr'><strong>οὔτε</strong></span> <span class='ocrx_word' id='word_1_972' title='bbox 2701 4827 2750 4878; x_wconf 87' lang='grc' dir='ltr'><strong>οἰ</strong></span> <span class='ocrx_word' id='word_1_973' title='bbox 2794 4822 3096 4896; x_wconf 88' lang='grc' dir='ltr'><strong>πρεσϐῦται</strong></span> <span class='ocrx_word' id='word_1_974' title='bbox 3139 4822 3437 4893; x_wconf 82' lang='grc' dir='ltr'><strong>ἀπείχοντο</strong></span> <span class='ocrx_word' id='word_1_975' title='bbox 3490 4822 3602 4891; x_wconf 76' lang='grc' dir='ltr'><strong>τῆς</strong></span> 
     </span>
    </p>
   </div>
   <div class='ocr_carea' id='block_1_124' title="bbox 2044 4899 3731 4983">
    <p class='ocr_par' dir='ltr' id='par_1_124' title="bbox 2044 4899 3731 4983">
     <span class='ocr_line' id='line_1_124' title="bbox 2044 4899 3731 4983; baseline -0.011 -18"><span class='ocrx_word' id='word_1_976' title='bbox 2044 4912 2215 4983; x_wconf 84' lang='grc' dir='ltr'><strong>νηρᾶς</strong></span> <span class='ocrx_word' id='word_1_977' title='bbox 2243 4907 2662 4979; x_wconf 89' lang='grc' dir='ltr'><strong>ἐπιχειρήσεως,</strong></span> <span class='ocrx_word' id='word_1_978' title='bbox 2682 4903 2769 4957; x_wconf 85' lang='grc' dir='ltr'><strong>διὰ</strong></span> <span class='ocrx_word' id='word_1_979' title='bbox 2780 4903 2937 4956; x_wconf 85' lang='grc' dir='ltr'><strong>τοῦτο</strong></span> <span class='ocrx_word' id='word_1_980' title='bbox 2955 4903 3174 4968; x_wconf 72' lang='grc' dir='ltr'><strong>πάντες,</strong></span> <span class='ocrx_word' id='word_1_981' title='bbox 3193 4899 3731 4983; x_wconf 47' lang='lat' dir='ltr'><strong>ganclv,_&amp;;atugln._-</strong></span> 
     </span>
    </p>
   </div>
   <div class='ocr_carea' id='block_1_125' title="bbox 2046 4981 3732 5063">
    <p class='ocr_par' dir='ltr' id='par_1_125' title="bbox 2046 4981 3732 5063">
     <span class='ocr_line' id='line_1_125' title="bbox 2046 4981 3732 5063; baseline -0.011 -16"><span class='ocrx_word' id='word_1_982' title='bbox 2046 4981 2238 5063; x_wconf 82' lang='grc' dir='ltr'><strong>θησαν,</strong></span> <span class='ocrx_word' id='word_1_983' title='bbox 2269 4990 2362 5044; x_wconf 70' lang='grc' dir='ltr'><strong>καὶ</strong></span> <span class='ocrx_word' id='word_1_984' title='bbox 2389 4989 2450 5042; x_wconf 91' lang='grc' dir='ltr'><strong>οὑ</strong></span> <span class='ocrx_word' id='word_1_985' title='bbox 2483 4987 2642 5058; x_wconf 87' lang='grc' dir='ltr'><strong>μόνον</strong></span> <span class='ocrx_word' id='word_1_986' title='bbox 2658 4986 2755 5056; x_wconf 83' lang='grc' dir='ltr'><strong>τὴν</strong></span> <span class='ocrx_word' id='word_1_987' title='bbox 2779 4986 3024 5056; x_wconf 88' lang='grc' dir='ltr'><strong>πήρωσιν</strong></span> <span class='ocrx_word' id='word_1_988' title='bbox 3049 4983 3311 5053; x_wconf 82' lang='grc' dir='ltr'><strong>ἐδέχοντο,</strong></span> <span class='ocrx_word' id='word_1_989' title='bbox 3351 4981 3502 5035; x_wconf 72' lang='grc' dir='ltr'><strong>ἀλλὰ</strong></span> <span class='ocrx_word' id='word_1_990' title='bbox 3551 4983 3654 5032; x_wconf 75' lang='grc' dir='ltr'><strong>καὶ</strong></span> 
     </span>
    </p>
   </div>
   <div class='ocr_carea' id='block_1_126' title="bbox 2044 5059 3731 5144">
    <p class='ocr_par' dir='ltr' id='par_1_126' title="bbox 2044 5059 3731 5144">
     <span class='ocr_line' id='line_1_126' title="bbox 2044 5059 3731 5144; baseline -0.011 -18"><span class='ocrx_word' id='word_1_991' title='bbox 2044 5059 2142 5144; x_wconf 84' lang='grc' dir='ltr'><strong>τῆς</strong></span> <span class='ocrx_word' id='word_1_992' title='bbox 2177 5071 2356 5142; x_wconf 89' lang='grc' dir='ltr'><strong>ἰσχύος</strong></span> <span class='ocrx_word' id='word_1_993' title='bbox 2388 5070 2574 5132; x_wconf 88' lang='grc' dir='ltr'><strong>αὑτοῖς</strong></span> <span class='ocrx_word' id='word_1_994' title='bbox 2599 5065 2693 5120; x_wconf 86' lang='grc' dir='ltr'><strong>τοῦ</strong></span> <span class='ocrx_word' id='word_1_995' title='bbox 2733 5065 2985 5137; x_wconf 88' lang='grc' dir='ltr'><strong>σώματος</strong></span> <span class='ocrx_word' id='word_1_996' title='bbox 3011 5063 3268 5144; x_wconf 75' lang='grc' dir='ltr'><strong>διελύετο·</strong></span> <span class='ocrx_word' id='word_1_997' title='bbox 3296 5061 3507 5144; x_wconf 69' lang='grc' dir='ltr'><strong>ἐπειδὴ</strong></span> <span class='ocrx_word' id='word_1_998' title='bbox 3537 5059 3731 5144; x_wconf 33' lang='grc' dir='ltr'><strong>γὰρ-τέ</strong></span> 
     </span>
    </p>
   </div>
   <div class='ocr_carea' id='block_1_127' title="bbox 2045 5139 3731 5225">
    <p class='ocr_par' dir='ltr' id='par_1_127' title="bbox 2045 5139 3731 5225">
     <span class='ocr_line' id='line_1_127' title="bbox 2045 5139 3731 5225; baseline -0.01 -19"><span class='ocrx_word' id='word_1_999' title='bbox 2045 5139 2381 5225; x_wconf 77' lang='grc' dir='ltr'><strong>κύριὼτερον</strong></span> <span class='ocrx_word' id='word_1_1000' title='bbox 2439 5149 2602 5219; x_wconf 86' lang='grc' dir='ltr'><strong>μέρος</strong></span> <span class='ocrx_word' id='word_1_1001' title='bbox 2644 5149 2744 5216; x_wconf 85' lang='grc' dir='ltr'><strong>τὴν</strong></span> <span class='ocrx_word' id='word_1_1002' title='bbox 2784 5145 2964 5216; x_wconf 82' lang='grc' dir='ltr'><strong>ψυχὴν</strong></span> <span class='ocrx_word' id='word_1_1003' title='bbox 3001 5139 3154 5225; x_wconf 3' lang='grc' dir='ltr'><strong>,ἦσαν</strong></span> <span class='ocrx_word' id='word_1_1004' title='bbox 3205 5141 3635 5225; x_wconf 75' lang='grc' dir='ltr'><strong>διαλελυμένοι,</strong></span> 
     </span>
    </p>
   </div>
   <div class='ocr_carea' id='block_1_128' title="bbox 2044 5220 3731 5299">
    <p class='ocr_par' dir='ltr' id='par_1_128' title="bbox 2044 5220 3731 5299">
     <span class='ocr_line' id='line_1_128' title="bbox 2044 5220 3731 5299; baseline -0.013 -11"><span class='ocrx_word' id='word_1_1005' title='bbox 2044 5220 2204 5288; x_wconf 81' lang='grc' dir='ltr'><strong>τοῦτο</strong></span> <span class='ocrx_word' id='word_1_1006' title='bbox 2251 5220 2344 5284; x_wconf 79' lang='grc' dir='ltr'><strong>καὶ</strong></span> <span class='ocrx_word' id='word_1_1007' title='bbox 2372 5230 2467 5282; x_wconf 90' lang='grc' dir='ltr'><strong>τοῦ</strong></span> <span class='ocrx_word' id='word_1_1008' title='bbox 2497 5229 2748 5299; x_wconf 82' lang='grc' dir='ltr'><strong>σώματος</strong></span> <span class='ocrx_word' id='word_1_1009' title='bbox 2775 5226 2873 5296; x_wconf 80' lang='grc' dir='ltr'><strong>τὴν</strong></span> <span class='ocrx_word' id='word_1_1010' title='bbox 2906 5224 3058 5294; x_wconf 79' lang='grc' dir='ltr'><strong>ἰσχὺν</strong></span> <span class='ocrx_word' id='word_1_1011' title='bbox 3089 5221 3515 5294; x_wconf 67' lang='grc' dir='ltr'><strong>παρελύθησαν·</strong></span> <span class='ocrx_word' id='word_1_1012' title='bbox 3573 5224 3675 5273; x_wconf 72' lang='grc' dir='ltr'><strong>καὶ</strong></span> <span class='ocrx_word' id='word_1_1013' title='bbox 3697 5220 3731 5268; x_wconf 63' lang='lat' dir='ltr'>ei</span> 
     </span>
    </p>
   </div>
   <div class='ocr_carea' id='block_1_129' title="bbox 2049 5300 3732 5385">
    <p class='ocr_par' dir='ltr' id='par_1_129' title="bbox 2049 5300 3732 5385">
     <span class='ocr_line' id='line_1_129' title="bbox 2049 5300 3732 5385; baseline -0.01 -18"><span class='ocrx_word' id='word_1_1014' title='bbox 2049 5314 2312 5385; x_wconf 87' lang='grc' dir='ltr'><strong>πρότερον</strong></span> <span class='ocrx_word' id='word_1_1015' title='bbox 2346 5308 2632 5380; x_wconf 72' lang='grc' dir='ltr'><strong>συντρῖψαι</strong></span> <span class='ocrx_word' id='word_1_1016' title='bbox 2674 5304 2772 5376; x_wconf 82' lang='grc' dir='ltr'><strong>τὴν</strong></span> <span class='ocrx_word' id='word_1_1017' title='bbox 2806 5304 2977 5374; x_wconf 86' lang='grc' dir='ltr'><strong>θύραν</strong></span> <span class='ocrx_word' id='word_1_1018' title='bbox 3003 5300 3576 5385; x_wconf 16' lang='grc' dir='ltr'><strong>ἐπιχειροῦντες,λκαὶ</strong></span> <span class='ocrx_word' id='word_1_1019' title='bbox 3612 5313 3732 5385; x_wconf 61' lang='grc' dir='ltr'><strong>μετα</strong></span> 
     </span>
    </p>
   </div>
   <div class='ocr_carea' id='block_1_130' title="bbox 2048 5382 3732 5464">
    <p class='ocr_par' dir='ltr' id='par_1_130' title="bbox 2048 5382 3732 5464">
     <span class='ocr_line' id='line_1_130' title="bbox 2048 5382 3732 5464; baseline -0.01 -15"><span class='ocrx_word' id='word_1_1020' title='bbox 2048 5382 2248 5464; x_wconf 81' lang='grc' dir='ltr'><strong>πολλῆς</strong></span> <span class='ocrx_word' id='word_1_1021' title='bbox 2279 5391 2508 5462; x_wconf 87' lang='grc' dir='ltr'><strong>ἀπειλῆς</strong></span> <span class='ocrx_word' id='word_1_1022' title='bbox 2546 5388 2622 5460; x_wconf 83' lang='grc' dir='ltr'><strong>τῷ</strong></span> <span class='ocrx_word' id='word_1_1023' title='bbox 2648 5387 2840 5458; x_wconf 85' lang='grc' dir='ltr'><strong>δικαίῳ</strong></span> <span class='ocrx_word' id='word_1_1024' title='bbox 2881 5385 3273 5464; x_wconf 88' lang='grc' dir='ltr'><strong>διαλεγόμενοι,</strong></span> <span class='ocrx_word' id='word_1_1025' title='bbox 3292 5382 3382 5464; x_wconf 18' lang='grc' dir='ltr'><strong>ᾉάθ</strong></span> <span class='ocrx_word' id='word_1_1026' title='bbox 3395 5383 3529 5464; x_wconf 65' lang='grc' dir='ltr'><strong>ρόρν</strong></span> <span class='ocrx_word' id='word_1_1027' title='bbox 3558 5383 3732 5464; x_wconf 51' lang='grc' dir='ltr'><strong>εἰσ-ζέε</strong></span> 
     </span>
    </p>
   </div>
   <div class='ocr_carea' id='block_1_131' title="bbox 2047 5460 3732 5544">
    <p class='ocr_par' dir='ltr' id='par_1_131' title="bbox 2047 5460 3732 5544">
     <span class='ocr_line' id='line_1_131' title="bbox 2047 5460 3732 5544; baseline -0.012 -14"><span class='ocrx_word' id='word_1_1028' title='bbox 2047 5460 2238 5529; x_wconf 82' lang='grc' dir='ltr'><strong>κεισαν</strong></span> <span class='ocrx_word' id='word_1_1029' title='bbox 2275 5460 2736 5544; x_wconf 84' lang='grc' dir='ltr'><strong>παραλελυμένοι,</strong></span> <span class='ocrx_word' id='word_1_1030' title='bbox 2773 5468 2869 5521; x_wconf 69' lang='grc' dir='ltr'><strong>καὶ</strong></span> <span class='ocrx_word' id='word_1_1031' title='bbox 2912 5466 3018 5536; x_wconf 80' lang='grc' dir='ltr'><strong>πρὸ</strong></span> <span class='ocrx_word' id='word_1_1032' title='bbox 3057 5463 3164 5517; x_wconf 89' lang='grc' dir='ltr'><strong>τῶν</strong></span> <span class='ocrx_word' id='word_1_1033' title='bbox 3209 5461 3521 5544; x_wconf 76' lang='grc' dir='ltr'><strong>ὀφθαλμῶν</strong></span> <span class='ocrx_word' id='word_1_1034' title='bbox 3555 5460 3732 5544; x_wconf 58' lang='grc' dir='ltr'><strong>κειμὲέ</strong></span> 
     </span>
    </p>
   </div>
   <div class='ocr_carea' id='block_1_132' title="bbox 2045 5543 3732 5626">
    <p class='ocr_par' dir='ltr' id='par_1_132' title="bbox 2045 5543 3732 5626">
     <span class='ocr_line' id='line_1_132' title="bbox 2045 5543 3732 5626; baseline -0.012 -15"><span class='ocrx_word' id='word_1_1035' title='bbox 2045 5555 2272 5626; x_wconf 27' lang='grc' dir='ltr'><strong>νηνιτὴν</strong></span> <span class='ocrx_word' id='word_1_1036' title='bbox 2302 5543 2473 5623; x_wconf 86' lang='grc' dir='ltr'><strong>θύραν</strong></span> <span class='ocrx_word' id='word_1_1037' title='bbox 2505 5549 2603 5619; x_wconf 88' lang='grc' dir='ltr'><strong>οὑχ</strong></span> <span class='ocrx_word' id='word_1_1038' title='bbox 2652 5547 2908 5626; x_wconf 85' lang='grc' dir='ltr'><strong>ὁρῶντες.</strong></span> <span class='ocrx_word' id='word_1_1039' title='bbox 2940 5546 3072 5599; x_wconf 89' lang='grc' dir='ltr'><strong>Τότε</strong></span> <span class='ocrx_word' id='word_1_1040' title='bbox 3110 5544 3296 5626; x_wconf 79' lang='grc' dir='ltr'><strong>λοιπὸν</strong></span> <span class='ocrx_word' id='word_1_1041' title='bbox 3338 5543 3732 5626; x_wconf 61' lang='grc' dir='ltr'><strong>ἀνέπνευσενὰ</strong></span> 
     </span>
    </p>
   </div>
   <div class='ocr_carea' id='block_1_133' title="bbox 2045 5622 3732 5704">
    <p class='ocr_par' dir='ltr' id='par_1_133' title="bbox 2045 5622 3732 5704">
     <span class='ocr_line' id='line_1_133' title="bbox 2045 5622 3732 5704; baseline -0.009 -16"><span class='ocrx_word' id='word_1_1042' title='bbox 2045 5622 2270 5699; x_wconf 82' lang='grc' dir='ltr'><strong>δίκαιος,</strong></span> <span class='ocrx_word' id='word_1_1043' title='bbox 2325 5622 2468 5704; x_wconf 84' lang='grc' dir='ltr'><strong>ὁρῶν</strong></span> <span class='ocrx_word' id='word_1_1044' title='bbox 2507 5630 2652 5692; x_wconf 89' lang='grc' dir='ltr'><strong>τίνες</strong></span> <span class='ocrx_word' id='word_1_1045' title='bbox 2685 5624 2828 5699; x_wconf 81' lang='grc' dir='ltr'><strong>ἦσαν</strong></span> <span class='ocrx_word' id='word_1_1046' title='bbox 2873 5628 2922 5680; x_wconf 91' lang='grc' dir='ltr'><strong>οἰ</strong></span> <span class='ocrx_word' id='word_1_1047' title='bbox 2954 5622 3452 5704; x_wconf 50' lang='grc' dir='ltr'><strong>παραγενόμενοι1⁵</strong></span> <span class='ocrx_word' id='word_1_1048' title='bbox 3477 5663 3495 5687; x_wconf 91' lang='grc'><strong>,</strong></span> <span class='ocrx_word' id='word_1_1049' title='bbox 3527 5624 3640 5676; x_wconf 70' lang='grc' dir='ltr'><strong>καὶ</strong></span> <span class='ocrx_word' id='word_1_1050' title='bbox 3667 5623 3732 5673; x_wconf 70' lang='grc' dir='ltr'><strong>ἐτι</strong></span> 
     </span>
    </p>
   </div>
   <div class='ocr_carea' id='block_1_134' title="bbox 2050 5701 3732 5789">
    <p class='ocr_par' dir='ltr' id='par_1_134' title="bbox 2050 5701 3732 5789">
     <span class='ocr_line' id='line_1_134' title="bbox 2050 5701 3732 5789; baseline -0.01 -19"><span class='ocrx_word' id='word_1_1051' title='bbox 2050 5715 2259 5789; x_wconf 86' lang='grc' dir='ltr'><strong>μεγάλη</strong></span> <span class='ocrx_word' id='word_1_1052' title='bbox 2289 5701 2373 5777; x_wconf 81' lang='grc' dir='ltr'><strong>τις</strong></span> <span class='ocrx_word' id='word_1_1053' title='bbox 2401 5711 2579 5767; x_wconf 80' lang='grc' dir='ltr'><strong>αὐτῶν</strong></span> <span class='ocrx_word' id='word_1_1054' title='bbox 2602 5713 2636 5782; x_wconf 92' lang='grc' dir='ltr'><strong>ἡ</strong></span> <span class='ocrx_word' id='word_1_1055' title='bbox 2661 5710 2889 5781; x_wconf 87' lang='grc' dir='ltr'><strong>δύναμίς</strong></span> <span class='ocrx_word' id='word_1_1056' title='bbox 2919 5713 3055 5763; x_wconf 87' lang='grc' dir='ltr'><strong>ἐστι.</strong></span> <span class='ocrx_word' id='word_1_1057' title='bbox 3082 5706 3194 5761; x_wconf 77' lang='grc' dir='ltr'><strong>Καὶ</strong></span> <span class='ocrx_word' id='word_1_1058' title='bbox 3213 5708 3323 5776; x_wconf 79' lang='grc' dir='ltr'><strong>γὰρ</strong></span> <span class='ocrx_word' id='word_1_1059' title='bbox 3349 5701 3562 5772; x_wconf 65' lang='grc' dir='ltr'><strong>εἷπον,</strong></span> <span class='ocrx_word' id='word_1_1060' title='bbox 3589 5705 3732 5774; x_wconf 66' lang='grc' dir='ltr'><strong>φηεί.</strong></span> 
     </span>
    </p>
   </div>
   <div class='ocr_carea' id='block_1_135' title="bbox 2107 5813 2814 5874">
    <p class='ocr_par' dir='ltr' id='par_1_135' title="bbox 2107 5813 2814 5874">
     <span class='ocr_line' id='line_1_135' title="bbox 2107 5813 2814 5874; baseline 0 -12"><span class='ocrx_word' id='word_1_1061' title='bbox 2107 5817 2132 5846; x_wconf 79' lang='grc'><strong><em>⁸</em></strong></span> <span class='ocrx_word' id='word_1_1062' title='bbox 2157 5816 2375 5874; x_wconf 77' lang='lat' dir='ltr'><strong>Quatuor</strong></span> <span class='ocrx_word' id='word_1_1063' title='bbox 2398 5826 2516 5862; x_wconf 83' lang='lat' dir='ltr'><strong>mss.</strong></span> <span class='ocrx_word' id='word_1_1064' title='bbox 2538 5813 2814 5868; x_wconf 79' lang='grc' dir='ltr'><strong>ἀλλόκοτος.</strong></span> 
     </span>
    </p>
   </div>
   <div class='ocr_carea' id='block_1_136' title="bbox 2109 5867 3714 5939">
    <p class='ocr_par' dir='ltr' id='par_1_136' title="bbox 2109 5867 3714 5939">
     <span class='ocr_line' id='line_1_136' title="bbox 2109 5867 3714 5939; baseline -0.007 -13"><span class='ocrx_word' id='word_1_1065' title='bbox 2109 5877 2138 5917; x_wconf 78' lang='lat' dir='ltr'><strong>b</strong></span> <span class='ocrx_word' id='word_1_1066' title='bbox 2165 5867 2312 5926; x_wconf 63' lang='lat' dir='ltr'><strong>Savil.</strong></span> <span class='ocrx_word' id='word_1_1067' title='bbox 2337 5882 2389 5926; x_wconf 80' lang='lat' dir='ltr'><strong>el</strong></span> <span class='ocrx_word' id='word_1_1068' title='bbox 2411 5877 2552 5939; x_wconf 78' lang='lat' dir='ltr'><strong>mulli</strong></span> <span class='ocrx_word' id='word_1_1069' title='bbox 2590 5887 2704 5939; x_wconf 73' lang='lat' dir='ltr'><strong>ms_s.</strong></span> <span class='ocrx_word' id='word_1_1070' title='bbox 2732 5867 3184 5939; x_wconf 55' lang='lat' dir='ltr'><strong>01$apa7s7ov6-rsg.</strong></span> <span class='ocrx_word' id='word_1_1071' title='bbox 3211 5870 3340 5921; x_wconf 75' lang='lat' dir='ltr'><strong>Infra</strong></span> <span class='ocrx_word' id='word_1_1072' title='bbox 3373 5868 3427 5920; x_wconf 88' lang='lat' dir='ltr'><strong>in</strong></span> <span class='ocrx_word' id='word_1_1073' title='bbox 3449 5868 3649 5920; x_wconf 71' lang='lat' dir='ltr'><strong>Bibliis</strong></span> <span class='ocrx_word' id='word_1_1074' title='bbox 3672 5867 3714 5915; x_wconf 68' lang='grc' dir='ltr'><strong>ιε</strong></span> 
     </span>
    </p>
   </div>
   <div class='ocr_carea' id='block_1_137' title="bbox 2052 5937 2764 6004">
    <p class='ocr_par' dir='ltr' id='par_1_137' title="bbox 2052 5937 2764 6004">
     <span class='ocr_line' id='line_1_137' title="bbox 2052 5937 2764 6004; baseline -0.004 -16"><span class='ocrx_word' id='word_1_1075' title='bbox 2052 5941 2184 6004; x_wconf 74' lang='lat' dir='ltr'><strong>gitur</strong></span> <span class='ocrx_word' id='word_1_1076' title='bbox 2208 5939 2298 5988; x_wconf 83' lang='grc' dir='ltr'><strong>εἰσί</strong></span> <span class='ocrx_word' id='word_1_1077' title='bbox 2326 5955 2402 5987; x_wconf 89' lang='grc' dir='ltr'><strong>σοι</strong></span> <span class='ocrx_word' id='word_1_1078' title='bbox 2431 5938 2523 5986; x_wconf 87' lang='grc' dir='ltr'><strong>ὦδε</strong></span> <span class='ocrx_word' id='word_1_1079' title='bbox 2542 5937 2764 5998; x_wconf 77' lang='grc' dir='ltr'><strong>γαμϐροί.</strong></span> 
     </span>
    </p>
   </div>
   <div class='ocr_carea' id='block_1_138' title="bbox 3561 4678 3731 4697">
    <p class='ocr_par' dir='ltr' id='par_1_138' title="bbox 3561 4678 3731 4697">
     <span class='ocr_line' id='line_1_138' title="bbox 3561 4678 3731 4697; baseline -0.006 0"><span class='ocrx_word' id='word_1_1080' title='bbox 3561 4678 3731 4697; x_wconf 53' lang='lat' dir='ltr'><strong>et”-</strong></span> 
     </span>
    </p>
   </div>
   <div class='ocr_carea' id='block_1_139' title="bbox 3569 4694 3708 4725">
    <p class='ocr_par' dir='ltr' id='par_1_139' title="bbox 3569 4694 3708 4725">
     <span class='ocr_line' id='line_1_139' title="bbox 3569 4694 3708 4725; baseline 0 -13"><span class='ocrx_word' id='word_1_1081' title='bbox 3569 4694 3708 4725; x_wconf 45' lang='lat' dir='ltr'><strong>Hect.</strong></span> 
     </span>
    </p>
   </div>
  </div>
