3792 6326
118 292 213 349 401
1124 296 1192 355 IN
1228 296 1381 355 CAP.
1423 296 1569 354 XIX.
1609 296 1851 356 GENES.
1893 296 2127 356 IIOMIL.
2170 298 2354 356 XLIII.

116 406 261 477 dico)
284 406 508 463 omnino
537 406 745 480 ignotos
764 410 997 481 eriperet
1016 411 1085 467 ab
1112 412 1397 483 impiorum
1428 422 1708 469 contume—
1750 422 1770 431 '

116 498 182 551 lia
211 515 226 551 :
258 514 359 555 nos
383 509 561 555 autem
590 499 835 557 videntes
850 516 994 573 saepe
1012 501 1208 560 fratres
1222 514 1435 560 nostros
1464 503 1515 559 in
1533 504 1708 575 ipsum

116 589 408 660 impietatis
436 593 783 663 profundum,
819 604 875 650 et
912 610 1077 666 prope
1132 596 1358 652 dixerim
1381 637 1397 663 ,
1429 596 1482 652 in
1528 595 1712 651 fauces

114 680 313 736 diaboli
352 682 569 750 cadere,
597 698 771 754 neque
797 699 1047 740 sermone
1087 701 1183 742 eos
1207 686 1509 757 dignamur,
1539 703 1712 758 neque

114 772 422 839 consulere,
456 788 632 844 neque
674 777 852 831 verbis
876 776 1195 838 admonere.
1223 786 1278 833 et
1301 778 1511 849 eripere
1536 793 1566 833 a
1592 794 1711 833 ma-

117 863 267 929 litia,
294 871 349 918 et
366 863 433 918 ad
461 864 718 922 virtutem
755 870 1134 924 manudueere.
1164 869 1387 938 Qualem
1418 870 1578 941 igitur
1609 871 1708 926 ha-

114 954 361 1011 bebimus
390 958 793 1014 excusationem
824 1000 839 1023 ,
886 975 1006 1015 cum
1052 961 1230 1031 justus
1272 977 1445 1033 neque
1498 963 1710 1019 ﬁliabus

114 1058 321 1118 parcat,
346 1059 405 1103 ut
423 1048 691 1120 hospitum
725 1062 903 1108 servet
927 1069 1111 1109 curam
1137 1072 1150 1109 :
1174 1071 1275 1111 nos
1304 1065 1483 1112 autem
1516 1059 1585 1112 ita
1609 1058 1709 1113 im-

114 1138 543 1196 misericorditer
564 1156 688 1212 erga
706 1141 900 1199 fratres
927 1153 1137 1201 nostros
1162 1146 1476 1215 afficiamur,
1495 1159 1547 1203 et
1568 1164 1712 1219 saepe

114 1228 310 1300 frigida
339 1231 427 1285 illa
466 1241 523 1287 et
568 1233 917 1290 absurditatis
944 1237 1101 1307 plena
1148 1239 1309 1294 verba
1340 1241 1713 1311 proferamus?

112 1321 253 1390 Quid
284 1325 463 1391 enim,
522 1326 734 1397 inquit,
790 1329 920 1384 mihi
964 1346 1086 1386 cum
1115 1346 1180 1387 eo
1222 1334 1542 1389 commune?
1579 1335 1710 1390 mihi

114 1429 223 1468 non
255 1423 341 1470 est
362 1431 527 1482 curae,
558 1419 689 1475 nihil
720 1420 851 1476 mihi
895 1423 1091 1493 negotii
1126 1439 1246 1479 cum
1268 1440 1352 1481 eo.
1379 1425 1517 1495 Quid
1536 1426 1669 1483 dicis
1691 1467 1709 1495 ,

115 1504 325 1560 homo?
353 1505 495 1563 Nihil
515 1509 608 1565 tibi
626 1524 911 1569 commune
937 1528 1060 1569 cum
1105 1517 1210 1572 eo?
1249 1516 1437 1574 Frater
1462 1528 1583 1575 tuus
1605 1528 1707 1587 est,

111 1597 360 1668 ejusdem
393 1609 569 1656 tecum
624 1612 847 1671 naturte,
904 1607 1006 1663 sub
1032 1607 1222 1664 eodem
1260 1612 1390 1667 esus
1445 1612 1706 1680 Domino,

115 1706 268 1762 saepe
294 1693 455 1748 etiam
485 1694 726 1765 ejusdem
757 1699 1045 1770 participes
1072 1716 1292 1768 mensas,
1328 1703 1618 1774 spiritualis
1640 1706 1706 1761 il-

115 1784 255 1855 lius,
300 1787 538 1859 inquam,
569 1798 625 1845 et
657 1793 930 1861 terribilis,
963 1803 1018 1849 et
1052 1794 1187 1851 dicis
1218 1814 1231 1851 :
1263 1796 1709 1854 Nihilcommune

116 1876 297 1935 habeo
330 1896 452 1935 cum
475 1896 569 1948 eo;
597 1894 650 1939 et
680 1885 1177 1944 immisericorditer
1206 1890 1466 1959 praeteris,
1508 1900 1563 1947 et
1602 1907 1709 1946 non

112 1971 348 2041 porrigis
372 1972 573 2042 jaceuti
604 1975 861 2030 manum?
879 1977 946 2032 Ει
974 1977 1172 2034 Judteis
1196 1980 1409 2050 quidem
1434 1983 1519 2036 lex
1544 1984 1711 2054 impe-

113 2062 299 2129 rabat,
362 2079 432 2119 ne
501 2066 840 2122 inimicorum
878 2068 1027 2139 lapsa
1074 2070 1318 2141 jumenla
1381 2074 1712 2145 negligerent

110 2153 317 2222 (Exod.
350 2156 441 2211 25.
466 2157 525 2227 5)
551 2175 565 2212 :
599 2165 654 2213 tu
675 2168 853 2216 autem
878 2158 1097 2217 fratrem
1113 2170 1260 2218 tuum
1288 2179 1316 2218 a
1335 2164 1547 2222 diabolo
1567 2182 1712 2236 saepe

108 2248 414 2302 sauciatum
436 2258 491 2305 et
524 2250 791 2322 jacentem
836 2269 943 2309 non
991 2270 1153 2325 super
1183 2265 1401 2327 terram,
1426 2260 1520 2315 sed
1551 2275 1713 2331 super

109 2342 325 2409 peccati
349 2341 660 2399 barathrum
698 2344 909 2414 videns,
940 2356 1027 2402 tua
1055 2348 1431 2406 exhortatione
1471 2366 1576 2406 non
1626 2368 1711 2408 re-

112 2432 311 2498 trahis,
343 2449 450 2488 non
473 2436 889 2493 admonitionem
916 2449 1056 2493 tuam
1084 2440 1326 2509 adhibes,
1358 2458 1463 2497 non
1499 2444 1634 2498 alios
1659 2445 1711 2499 in

110 2526 380 2580 auxilium
426 2542 607 2596 vocas,
640 2537 701 2583 ut
725 2532 768 2584 si
800 2529 915 2586 fieri
951 2533 1137 2602 possit,
1173 2548 1202 2587 a
1238 2533 1478 2590 faucibus
1525 2535 1712 2592 bestiae

109 2618 422 2673 membrum
448 2627 593 2673 tuum
620 2636 811 2677 eruere
827 2623 1035 2688 valeas,
1065 2635 1119 2679 et
1145 2626 1212 2680 ad
1239 2642 1390 2681 suam
1438 2627 1701 2684 reducere

112 2708 459 2765 nobilitatem
489 2728 502 2765 :
532 2721 589 2767 ut
639 2721 693 2768 et
745 2714 880 2785 ipse,
932 2717 975 2771 si
1003 2717 1218 2788 quando
1266 2719 1546 2783 cecideris,
1569 2721 1711 2791 quod

108 2802 300 2869 absit,
335 2803 386 2858 in
409 2804 627 2875 laqueos
655 2807 1055 2864 malidsmmnis
1085 2810 1228 2865 illius
1251 2853 1264 2877 ,
1313 2812 1487 2882 possis
1513 2812 1713 2868 habere

106 2893 338 2963 aliquos
369 2896 458 2965 qui
483 2905 534 2951 te
558 2895 772 2966 juvent,
806 2908 861 2953 et
888 2899 1116 2955 Iiberent
1143 2916 1171 2954 a
1197 2903 1443 2958 manibus
1477 2903 1712 2959 diaboli?

109 2984 213 3040 Sic
233 2996 291 3039 et
318 2987 513 3042 Paulus
538 2992 782 3047 excitare
813 2993 1002 3048 volens
1043 2994 1277 3062 Galatas,
1305 3004 1363 3052 ut
1390 2998 1502 3052 suis
1528 2999 1713 3070 provi-

106 3076 287 3133 deant
308 3080 588 3144 membris.
619 3082 791 3154 inquit
822 3102 835 3138 :
871 3084 1212 3142 Considerans
1245 3089 1560 3159 temetipsum
1590 3132 1606 3159 ,
1653 3108 1717 3147 ne

106 3180 161 3222 et
186 3179 246 3222 tu
271 3172 476 3225 teuteris
510 3171 704 3243 (Colat.
747 3174 803 3230 6.
858 3176 915 3248 I)
941 3194 953 3229 :
977 3178 1128 3249 quasi
1161 3178 1386 3246 diceret,
1421 3181 1479 3237 Si
1511 3183 1713 3255 absque

105 3261 598 3319 commiseratione
622 3276 678 3321 et
704 3266 993 3325 inhumane
1019 3270 1239 3327 fratrem
1270 3276 1537 3344 praeteris,
1575 3276 1716 3334 forte

106 3362 172 3408 ct
208 3363 284 3421 te,
318 3354 362 3408 si
379 3355 669 3423 cecideris,
698 3359 835 3415 alius
865 3356 1112 3416 similiter
1134 3365 1447 3433 praeteribit.
1480 3367 1533 3425 Si
1557 3369 1717 3439 igitur

107 3449 209 3503 vis
244 3463 354 3503 non
394 3450 594 3521 despici
641 3454 814 3509 sicubi
859 3454 1091 3523 labaris,
1126 3473 1195 3513 ne
1244 3459 1357 3529 ipse
1401 3461 1715 3533 despexeris

104 3542 293 3595 alium
324 3542 449 3596 :sed
476 3558 723 3613 magnam
751 3560 863 3615 pra:
897 3555 951 3602 te
970 3545 1051 3602 fer
1075 3547 1480 3620 benignitatem,
1509 3563 1563 3609 et
1600 3554 1717 3610 the-

104 3650 348 3688 saurum
370 3635 534 3691 crede
565 3640 886 3706 maximum,
916 3641 959 3694 si
997 3656 1217 3699 servare
1253 3647 1427 3715 possis
1471 3647 1711 3705 fratrem.

102 3726 266 3781 Nihil
298 3728 442 3783 enim
470 3728 595 3785 huic
636 3747 884 3802 umquam
927 3750 1022 3804 par
1063 3735 1175 3791 ﬁeri
1229 3738 1445 3806 poterit,
1477 3742 1615 3811 quod
1646 3741 1713 3797 ad

102 3820 380 3874 virtutem
410 3823 620 3876 attinet.
650 3823 782 3879 Nam
823 3826 866 3879 si
915 3827 1089 3881 solum
1147 3828 1467 3898 cogitaveris
1527 3832 1709 3900 illum,

102 3926 286 3983 quem
312 3912 545 3982 despicis
568 3923 623 3969 ct
661 3917 924 3985 praeteris,
947 3934 976 3972 a
1001 3918 1228 3973 Domino
1260 3928 1349 3975 tuo
1373 3930 1519 3976 tanto
1536 3923 1588 3977 in
1611 3923 1714 3979 ho-

104 4019 265 4061 nore
312 4002 552 4060 habitum
598 4007 782 4074 fuisse,
817 4017 877 4063 ut
922 4021 1141 4080 prepter
1172 4012 1344 4081 ipsum
1373 4028 1479 4068 non
1507 4013 1717 4087 refuge-

96 4100 187 4154 rit
216 4108 276 4154 et
299 4100 610 4170 sanguinem
635 4118 791 4157 suum
824 4102 1123 4172 cli‘undere,
1152 4106 1291 4161 sicut
1317 4116 1372 4163 et
1394 4107 1591 4164 Paulus
1629 4111 1714 4165 di-

97 4192 198 4246 cit
227 4206 242 4243 :
279 4189 351 4244 Et
380 4192 558 4261 peribit
608 4193 843 4262 inﬁrmus
868 4197 1024 4266 frater
1069 4197 1121 4250 in
1152 4206 1236 4252 tua
1256 4200 1483 4267 scientia,
1513 4212 1719 4273 propter

94 4301 274 4356 quem
314 4282 546 4340 Christus
575 4298 797 4341 mortuus
823 4299 894 4342 est
941 4289 1017 4360 (l.
1051 4289 1170 4345 Cor.
1197 4291 1251 4347 8.
1288 4292 1417 4364 II):
1447 4294 1719 4364 quomodo

96 4398 233 4437 non
279 4398 389 4452 pra:
431 4377 634 4451 pudore
668 4378 769 4438 sub
800 4390 943 4438 terra
999 4390 1051 4441 te
1084 4381 1427 4439 abscondes?
1454 4384 1513 4441 Si
1556 4385 1719 4458 igitur

91 4483 351 4546 propter
380 4474 528 4529 illum
573 4474 815 4532 Christus
858 4478 1171 4549 sanguinem
1211 4472 1416 4549 effudit,
1445 4477 1572 4553 quid
1613 4494 1719 4540 ma-

83 4580 289 4638 gnum
318 4562 505 4632 facies,
537 4566 580 4620 si
615 4576 756 4621 tuam
788 4567 840 4622 in
865 4583 985 4623 eum
1016 4567 1258 4626 declares
1287 4570 1715 4630 benevolentiam

85 4668 169 4715 ct
198 4657 582 4713 exhortatione
602 4660 883 4714 verborum
908 4660 1176 4731 jaccntem
1202 4663 1397 4734 erigas,
1416 4667 1716 4723 etauimam

80 4765 361 4808 mersam
388 4752 526 4807 forte
560 4760 616 4807 et
644 4752 976 4809 submersam
1005 4755 1206 4809 referas
1235 4771 1300 4811 ex
1326 4757 1721 4827 profundoma-

82 4849 278 4913 litim,
312 4855 371 4901 et
400 4846 531 4901 illud
558 4857 769 4918 satagas
789 4857 847 4902 ut
871 4848 1042 4903 videat
1074 4850 1284 4906 virtutis
1305 4850 1502 4919 lucem,
1530 4864 1593 4907 ac
1611 4868 1716 4908 non

3304 308 3406 361 40?.

1820 420 1874 467 et
1907 422 2014 468 tant
2060 413 2310 470 eximiam
2360 414 2867 483 mansuetudinem,
2922 430 3043 473 cum
3094 417 3274 473 verbis
3304 420 3413 472 suis

1815 503 1966 574 quasi
1991 504 2238 561 manibus
2253 506 2617 575 prostituisset
2637 507 2793 575 filias,
2821 506 2949 578 quid
2974 507 3157 565 dicunt
3172 508 3240 564 ad
3257 524 3376 564 eum
3391 512 3427 574 2',

1817 596 1871 651 9.
1899 596 2096 652 Recede
2143 596 2287 653 illuc.
2317 597 2364 654 0
2404 614 2618 670 gravem
2664 601 2978 658 ebrietatem
3003 602 3017 658 !
3042 617 3089 658 ,ο
3140 603 3412 674 ingentem

1817 685 2211 759 insipientiam!
2245 688 2302 744 In
2348 689 2490 745 hunc
2537 691 2753 746 modum
2785 707 2843 747 se
2891 692 3054 749 habet
3112 693 3332 749 efferata
3360 705 3413 749 et

1818 778 1955 833 mala
1986 778 2155 835 bestia
2183 781 2615 851 concupiscentia
2640 801 2652 836 :
2681 784 2894 853 quando
2914 784 3177 840 rationem
3199 786 3411 852 vicerit,

1818 869 1949 925 nihil
1976 870 2233 927 decorum
2255 882 2309 927 et
2337 873 2619 929 honestum
2657 876 2841 931 videre
2869 876 3017 943 sinit,
3049 876 3146 933 sed
3172 878 3325 949 quasi
3359 878 3412 933 in

1818 961 2059 1017 tenebris
2086 973 2140 1018 et
2168 978 2339 1032 pugna
2375 975 2635 1019 nocturna
2661 966 2837 1020 omnia
2866 965 3009 1021 facit.
3048 967 3239 1021 Recede
3264 968 3409 1032 illur,

1816 1053 2032 1108 dicunt:
2057 1056 2233 1109 venisti
2259 1064 2314 1108 ut
2342 1071 2473 1109 esses
2493 1056 2710 1123 advena,
2736 1059 2979 1129 numquid
3007 1060 3160 1113 etiam
3182 1069 3237 1114 ut
3256 1060 3409 1131 judi-

1814 1145 1948 1199 cium
1979 1146 2179 1217 judices
2201 1146 2227 1200 ?
2255 1145 2393 1217 Ergo
2420 1164 2553 1202 nunc
2577 1158 2623 1202 te
2643 1149 2915 1220 aﬂIigemus
2944 1152 3126 1221 magis,
3159 1168 3311 1220 quant
3340 1152 3381 1205 il
3391 1181 3409 1192 -

1817 1236 1912 1291 los.
1942 1237 2078 1293 Vide
2108 1240 2376 1309 quomodo
2402 1240 2578 1309 justus
2600 1251 2877 1297 mansuete
2903 1256 3023 1297 cum
3041 1243 3119 1298 eis
3141 1244 3395 1314 loquitur,

1816 1328 1892 1383 illi
1930 1339 2109 1385 autem
2139 1342 2336 1401 quanta
2379 1332 2656 1389 ferocitate
2691 1334 3037 1405 respondent.
3090 1335 3244 1390 Enim
3277 1351 3409 1392 vero

1815 1421 1964 1492 quasi
1992 1437 2021 1476 a
2047 1421 2263 1479 diabolo
2303 1424 2577 1496 exagitati,
2621 1433 2677 1481 et
2700 1440 2768 1482 eo
2817 1426 3066 1482 ducatum
3096 1428 3402 1499 prazbente,

1815 1515 1887 1570 ita
1910 1523 2096 1571 contra
2121 1514 2327 1586 justum
2357 1518 2656 1589 insurgunt,
2690 1528 2745 1574 et
2769 1518 2953 1575 dicunt
2980 1537 2995 1574 :
3022 1518 3215 1576 Venisti
3236 1530 3291 1575 ut
3314 1521 3409 1575 ad-

1815 1622 1941 1660 vena
1969 1623 2120 1675 esses,
2149 1608 2397 1679 numquid
2421 1609 2571 1664 etiam
2591 1619 2644 1663 ut
2675 1610 2929 1682 judicium
2945 1611 3196 1684 judices?
3222 1611 3405 1669 Adve-

1814 1714 1936 1753 nam
1994 1708 2067 1767 te,
2098 1700 2362 1770 inquiunt,
2403 1702 2735 1773 suscepimus
2768 1719 2781 1756 :
2810 1719 2934 1758 num
2955 1713 3009 1760 et
3035 1703 3197 1774 judex
3226 1715 3411 1761 noster

1816 1804 1874 1844 cs
1928 1789 2141 1845 factus?
2182 1790 2227 1847 Ο
2269 1801 2563 1847 extremam
2634 1794 3071 1864 improbitatem!
3114 1794 3410 1866 Oportebat

1814 1884 2152 1949 erubescere,
2182 1885 2463 1955 oportebat
2484 1885 2716 1941 revereri
2736 1887 3015 1942 consilium
3029 1887 3156 1957 justi
3183 1906 3197 1942 :
3221 1902 3404 1943 verum

1817 1975 1953 2029 sicut
1978 1977 2150 2031 insani
2173 1978 2332 2032 etiam
2358 1976 2623 2032 medicum
2668 1978 2926 2048 impetere
2949 1988 3229 2045 conantur,
3257 1979 3323 2032 ita
3353 1989 3407 2033 et

1816 2065 1892 2120 illi
1927 2083 1940 2120 :
1973 2066 2064 2132 Te,
2096 2069 2264 2133 aiunt,
2313 2069 2474 2140 magis
2501 2069 2794 2141 aﬂligemus,
2824 2086 2975 2141 quam
3022 2071 3157 2126 illos.
3212 2071 3265 2126 Si
3298 2086 3403 2124 non

1816 2160 1918 2226 vis,
1942 2160 2110 2227 aiunt,
2138 2161 2301 2217 silere
2325 2172 2379 2217 et
2409 2164 2710 2232 quiescere,
2740 2162 2919 2219 disces
2936 2172 2986 2219 te
3004 2164 3297 2234 patrocinio
3316 2173 3406 2218 tuo

1816 2251 1949 2305 nihil
1979 2251 2120 2307 aliud
2147 2252 2484 2321 effecturum,
2515 2265 2869 2325 praeterquam
2916 2255 3059 2325 quod
3083 2256 3159 2310 illi
3189 2257 3405 2326 quidem

1817 2342 2112 2412 periculum
2136 2343 2414 2413 effugient,
2448 2353 2503 2398 tu
2524 2352 2701 2398 autem
2729 2344 2781 2398 in
2824 2345 2997 2415 ipsum
3026 2345 3252 2401 incides.
3295 2345 3406 2400 Fa-

1816 2434 2011 2490 ciebant
2038 2447 2203 2490 autem
2224 2438 2323 2491 vim
2352 2437 2446 2492 Lot
2478 2439 2640 2493 valde.
2666 2438 2799 2494 Vide
2821 2439 3018 2508 justum
3054 2440 3201 2494 illum
3230 2455 3405 2510 quan-

1819 2537 1925 2582 tam
1952 2529 2315 2584 fortitudinem
2351 2530 2622 2597 declarat,
2660 2541 2714 2585 ct
2766 2540 2923 2586 tanta:
2950 2530 3274 2587 multitudini
3304 2546 3400 2601 op-

1817 2635 2017 2691 ponere
2047 2635 2106 2676 se
2153 2629 2336 2676 tentat.
2372 2621 2438 2675 Et
2479 2623 3035 2694 appmpinquaverunt,
3086 2624 3291 2693 inquit,
3352 2632 3407 2677 ut

1822 2721 2133 2766 contererent
2150 2714 2389 2783 januam.
2419 2713 2551 2768 Nam
2579 2715 2829 2784 quoniam
2864 2730 3196 2784 egressurus,
3225 2725 3278 2770 et
3307 2706 3401 2769 ho?

1821 2820 1939 2859 rum
1970 2804 2229 2860 insaniam
2252 2806 2553 2876 pratvidcns
2579 2806 2770 2861 clausit
2797 2816 2914 2877 post
2942 2820 3002 2862 se
3027 2806 3267 2876 januam,
3300 2822 3404 2861 non

1818 2897 2050 2953 ferentes
2096 2896 2244 2968 impii
2283 2906 2339 2954 et
2384 2898 2596 2954 scelesti
2662 2899 2735 2953 illi
2790 2898 3207 2954 admonitionem
3251 2900 3403 2968 justi,

1818 2989 1990 3060 ipsum
2019 2991 2068 3044 vi
2095 2989 2429 3061 premebant,
2469 3000 2522 3045 et
2537 2989 2757 3061 januam
2802 2997 3082 3044 conterere
3111 2989 3405 3045 molieban-

1820 3090 1925 3136 tur.
1959 3080 2067 3137 Sed
2098 3082 2221 3154 quia
2250 3082 2504 3152 0peribus
2532 3084 2663 3137 satis
2687 3083 3051 3138 demonstrata
3082 3080 3252 3137 fuerat
3273 3081 3403 3152 justi

1819 3174 2008 3243 virtus,
2053 3184 2108 3231 et
2146 3175 2479 3245 hospitalitas
2516 3191 2641 3246 erga
2693 3191 2789 3232 eos
2816 3176 2907 3245 qui
2960 3176 3222 3246 peregrini
3250 3186 3403 3247 puta-

1820 3267 2031 3332 bantur,
2060 3282 2158 3322 ncc
2202 3283 2307 3323 non
2332 3277 2386 3322 et
2424 3267 2753 3337 conspiratio
2794 3267 2956 3322 totius
2985 3267 3165 3337 pepuli
3204 3268 3255 3322 in
3288 3283 3403 3322 ma-

1820 3358 1950 3425 lum,
1986 3367 2115 3415 tunc
2135 3368 2191 3415 et
2222 3359 2254 3413 ii
2286 3360 2375 3429 qui
2398 3359 2747 3424 advenerant,
2781 3358 3192 3413 manifestarunt
3230 3372 3308 3414 se.
3336 3358 3406 3414 Et

1821 3452 1946 3523 quia
1984 3453 2224 3508 viderant
2258 3452 2457 3522 justum
2487 3467 2647 3508 omne
2674 3452 2910 3507 officium
2935 3468 3088 3507 suum
3118 3452 3403 3522 implesse,

1821 3561 1973 3604 suam
2002 3546 2340 3601 declarantes
2391 3547 2701 3616 potentiam,
2726 3546 2996 3617 suppetias
3022 3545 3197 3601 ferunt
3222 3546 3367 3615 justo
3390 3586 3407 3610 ,

1821 3639 1906 3695 cui
1940 3637 2020 3693 vis
2051 3637 2213 3693 fiebat
2240 3638 2307 3692 ab
2342 3638 2553 3692 illorum
2605 3638 2828 3691 insania.
2863 3637 2949 3691 IO.
2986 3635 3185 3703 Itaque,
3216 3637 3408 3706 inquit,

1820 3732 1912 3785 viri
1939 3730 2170 3785 manibus
2195 3732 2406 3785 extentis
2447 3738 2759 3784 attraxerant
2790 3729 2886 3784 Lot
2912 3730 2980 3783 ad
2999 3747 3052 3784 se
3080 3731 3133 3784 in
3158 3730 3361 3784 domum
3391 3773 3406 3797 ,

1820 3834 1866 3875 et
1881 3822 2102 3892 januam
2129 3821 2310 3876 domus
2341 3822 2670 3885 clauserunt;
2702 3822 2789 3877 11.
2820 3822 2952 3876 viros
2972 3831 3141 3875 autem
3161 3822 3247 3892 qui
3270 3834 3413 3874 erant

1820 3913 1959 3985 apud
1986 3914 2204 3984 januam
2252 3921 2601 3982 percusserunt
2645 3912 2871 3966 cwcitate
2911 3928 2943 3965 a
2974 3928 3128 3983 parvo
3154 3928 3307 3981 usque
3345 3913 3413 3964 ad

1821 4023 2082 4078 magnum,
2109 4017 2156 4061 et
2181 4006 2413 4061 dissoluti
2431 4016 2547 4061 sunt
2565 4015 2843 4077 quaerentes
2862 4006 3099 4076 januam.
3127 4006 3287 4060 Vides
3307 4022 3413 4076 quo

1822 4109 1980 4169 pacto
2016 4098 2194 4170 justus
2236 4098 2329 4154 ille
2359 4098 2539 4153 statim
2573 4097 2952 4168 hospitalitatis
2990 4099 3183 4168 accipit
3209 4113 3416 4153 merce-

1821 4191 1943 4247 dem
1969 4232 1983 4257 ,
2021 4198 2077 4247 et
2118 4190 2264 4261 impii
2327 4189 2406 4245 illi
2447 4190 2606 4261 digna
2659 4189 2963 4261 plectuntur
3023 4190 3225 4262 parua?
3270 4190 3410 4245 Dicit

1822 4282 1965 4339 enim
1998 4300 2011 4336 ε
2042 4283 2368 4337 Attraxerunt
2394 4281 2492 4337 Lot
2517 4282 2569 4336 in
2597 4281 2827 4349 domum,
2880 4293 2927 4336 et
2971 4282 3178 4350 ianuam
3209 4283 3404 4336 clause-

1823 4386 1979 4442 runt;
2003 4378 2136 4430 viros
2162 4385 2329 4429 autem
2376 4384 2732 4446 percusserunt
2760 4374 2986 4429 caecitate
3025 4391 3056 4427 α
3084 4392 3235 4446 pareo
3257 4392 3414 4451 usque

1822 4469 1891 4529 ad
1912 4485 2174 4545 magnum,
2206 4477 2256 4528 et
2282 4466 2522 4527 dissoluti
2562 4482 2679 4527 sunt
2698 4482 2979 4542 querentes
2999 4474 3240 4544 januum.
3272 4472 3415 4541 Quo-

1824 4568 1966 4623 niam
1994 4566 2191 4622 meutis
2221 4580 2409 4621 eorum
2450 4563 2642 4619 oculus
2682 4572 2984 4619 excit-catus
3033 4565 3171 4627 erat,
3202 4575 3418 4634 propter

1825 4662 1930 4719 hoc
1945 4671 2008 4718 'et
2024 4660 2140 4716 visu
2168 4660 2356 4730 privati
2383 4666 2509 4714 sunt
2535 4674 2549 4712 :
2573 4667 2629 4713 ut
2651 4656 2858 4728 discant
2877 4656 3006 4713 nihil
3036 4657 3135 4713 sibi
3165 4656 3418 4727 prodeSse

1824 4752 2131 4826 corporales
2159 4752 2343 4807 oculos
2368 4793 2385 4819 ,
2415 4750 2462 4805 si
2487 4748 2630 4806 oculi
2681 4749 2879 4805 mentis
2919 4748 3119 4804 fuerint
3142 4751 3415 4803 excaecati.

1827 4848 1896 4903 Et
1915 4847 2038 4918 quia
2064 4844 2513 4915 conSpiraverant
2550 4842 2606 4898 in
2639 4842 2862 4908 malitia,
2894 4849 2951 4896 et
2996 4856 3024 4895 a
3056 4840 3199 4895 malo
3225 4848 3417 4895 conatu

74 4948 375 4998 recurrat
400 4938 467 4993 ad
499 4939 749 4994 vitiorum
786 4940 1108 5011 caliginem?

184 5031 253 5086 5.
288 5029 571 5085 Imitemur
598 5031 777 5102 igitur.
819 5032 1065 5101 obsecro,
1091 5033 1296 5104 justum
1328 5035 1479 5092 illum
1501 5079 1517 5112 ι
1567 5046 1623 5093 et
1674 5040 1717 5094 si

72 5120 545 5197 periclitandum
583 5122 743 5177 etiam
773 5121 938 5177 fuerit
967 5139 1065 5193 pro
1097 5127 1269 5181 salute
1308 5128 1557 5197 proximi,
1612 5145 1718 5185 non

70 5222 225 5277 hoc
256 5215 729 5287 subterfugiamus.
759 5216 893 5271 Nam
914 5218 1017 5272 tale
1044 5220 1337 5288 periculum
1364 5220 1518 5278 nobis
1533 5224 1720 5280 salutis

67 5312 286 5370 {iverit
306 5310 541 5376 occasio,
567 5310 895 5381 multamque
922 5312 1227 5369 conciliabit
1273 5314 1541 5371 fiduciam.
1571 5318 1719 5373 Con-

66 5406 305 5465 sidera
335 5404 499 5468 enim,
533 5405 783 5469 obsecro,
830 5406 1103 5475 quomodo
1123 5406 1299 5477 justus
1325 5410 1414 5465 ille
1437 5412 1531 5465 toti
1554 5396 1721 5483 popu-

62 5499 190 5568 io,
241 5500 333 5570 qui
368 5498 438 5552 ita
464 5498 517 5552 in
543 5497 802 5577 malitiam
834 5498 1263 5568 conspiraverat,
1295 5516 1354 5557 se
1374 5505 1681 5573 apposuerit
1702 5548 1718 5574 ,

58 5608 159 5657 ει
196 5608 453 5665 magnam
485 5592 827 5648 clementiam
876 5592 1309 5665 ineffabilemque
1352 5596 1719 5653 fortitudinem

64 5706 237 5767 pra:
267 5702 329 5742 se
360 5686 564 5749 tulerit,
586 5684 832 5755 quamvis
880 5700 1053 5755 neque
1099 5684 1176 5741 sic
1197 5688 1465 5759 corrigere
1490 5691 1723 5759 potuerit

60 5781 448 5845 indomitam
472 5780 679 5835 illorum
708 5777 991 5833 insaniam.
1019 5778 1223 5850 Quippe
1250 5791 1371 5851 post
1401 5782 1563 5839 verba
1591 5782 1681 5839 illa
1700 5822 1717 5851 ,

1827 4956 2002 5012 neque
2023 4954 2181 4996 senes
2202 4952 2374 5009 neque
2405 4936 2633 5007 juvenes
2674 4934 3036 4999 abstinebant,
3075 4931 3203 4987 ideo
3230 4945 3420 4986 omnes

1827 5032 2077 5089 exctecati
2107 5040 2231 5086 sunt
2261 5038 2353 5084 :et
2378 5043 2483 5084 non
2512 5027 2683 5082 solum
2714 5026 2987 5087 exca'cati,
3020 5023 3112 5077 sed
3144 5032 3199 5077 et
3220 5020 3420 5076 viribus

1827 5124 2073 5196 corporis
2109 5122 2347 5179 destituti
2374 5129 2539 5175 sunt:
2573 5115 3002 5187 quandoquidem
3038 5114 3182 5170 enim
3212 5113 3421 5183 potiore

1829 5217 2061 5273 hominis
2091 5223 2246 5285 parte
2272 5212 2448 5267 anima
2483 5208 2748 5266 debilitati
2778 5217 2954 5271 erant,
2988 5205 3185 5262 idcirco
3218 5204 3421 5260 viribus

1829 5311 1990 5366 etiam
2039 5306 2283 5376 corporis
2310 5312 2435 5359 sunt
2476 5301 2831 5356 destituti:et
2883 5300 2971 5368 qui
3020 5298 3167 5367 prius
3204 5298 3420 5367 januam

1829 5413 2109 5458 conterere
2163 5397 2471 5453 nitebantur
2509 5393 2868 5463 adhibitisque
2919 5391 3076 5444 minis
3112 5404 3233 5443 cum
3276 5389 3422 5457 justo

1829 5495 2200 5567 loquebantur,
2228 5490 2403 5546 subito
2423 5496 2686 5543 steterunt
2711 5484 2904 5539 luxatis
2924 5481 3201 5548 membris,
3225 5492 3278 5536 et
3301 5492 3424 5535 ante

1831 5591 2017 5647 oculos
2036 5588 2192 5642 sitam
2220 5585 2437 5656 januam
2473 5598 2577 5637 non
2602 5579 2859 5634 videntes.
2888 5577 3039 5632 Tunc
3066 5576 3219 5647 quasi
3251 5590 3419 5645 respi-

1836 5687 1974 5742 ravit
2025 5683 2221 5753 justus,
2270 5679 2456 5733 videns
2516 5676 2706 5748 quales
2772 5672 3013 5742 hospites
3080 5678 3299 5734 essent,
3369 5677 3422 5721 et

1835 5795 1993 5852 quam
2023 5792 2229 5850 magna:
2268 5773 2497 5833 virtutis.
2532 5770 2620 5828 12.
2664 5769 2875 5826 Etenim
2920 5766 3170 5822 Dixerunt
3213 5765 3279 5817 ad
3308 5779 3422 5816 eum
