3792 6300
347 256 446 315 Ινοό

346 371 437 425 viri
463 363 597 422 :Est
626 364 740 432 quis
783 361 871 416 tibi
921 360 1000 412 hic
1054 373 1204 426 gener
1254 356 1330 409 vel
1380 353 1475 422 ﬁlii
1518 353 1594 408 vel
1643 351 1797 420 ﬁliae,
1849 348 1924 402 vel

347 461 480 514 alius
524 457 636 528 quis
683 455 734 509 in
783 449 1023 507 civitate?
1051 447 1183 502 Vide
1215 443 1483 516 quomodo
1519 442 1649 514 justi
1692 440 1931 512 hospita-

351 555 554 608 litatem
594 553 968 609 remanerent,
1016 552 1072 598 et
1109 539 1376 612 quomodo
1423 538 1472 594 ei
1515 536 1696 608 largiri
1744 535 1930 591 volunt

352 646 588 701 afﬁnium
614 639 853 696 omnium
907 636 1152 690 salutem.
1188 631 1243 688 Si
1293 631 1410 702 quis
1446 639 1532 685 est
1573 630 1706 693 tibi,
1739 627 1928 698 inquit,

354 755 404 791 tr.
464 735 678 788 civitate
707 771 722 796 ,
776 732 820 783 si
860 742 1017 798 quem
1057 740 1272 780 scrvare
1321 723 1492 793 cupis,
1544 722 1589 776 si
1625 737 1783 793 quem
1827 720 1934 774 scis

350 829 418 881 ab
452 826 672 880 istorum
694 821 918 876 crimine
945 818 1198 882 alienum,
1223 814 1373 868 Educ
1421 829 1484 867 ea:
1539 812 1632 866 hoc
1685 812 1796 866 loco
1819 851 1836 877 ,
1881 817 1936 866 et

351 917 420 971 de
476 924 652 977 terra;
717 925 905 964 omnes
957 907 1050 980 qui
1094 905 1188 960 tibi
1241 904 1409 976 juncti
1463 911 1588 958 sunt
1637 901 1934 957 educzi5.

353 1006 625 1062 l’erdimus
671 1002 804 1056 enim
855 1016 946 1054 nos
994 999 1160 1052 locum
1207 997 1362 1050 hunc.
1398 993 1599 1049 Deinde
1625 1004 1677 1048 et
1720 1006 1936 1048 causam

351 1099 623 1162 atlerunt,
669 1096 870 1166 justum
926 1092 1104 1148 omnia
1153 1092 1438 1162 diligenter
1465 1089 1742 1144 docentes.
1805 1087 1940 1154 Quia

351 1190 602 1244 cauillatus
676 1197 772 1252 est,
851 1186 1051 1256 inquit,
1097 1184 1291 1237 clamor
1337 1198 1509 1236 eorum
1555 1197 1726 1235 coram
1763 1177 1942 1234 Domi-

354 1298 457 1349 no,
515 1291 560 1334 ct
601 1279 732 1334 misit
771 1295 862 1332 nos
923 1276 1172 1330 Dominus
1207 1284 1262 1328 ut
1303 1285 1638 1329 extereremus
1679 1288 1782 1326 eos.
1829 1271 1943 1327 Hoc

354 1384 470 1430 erat
509 1373 648 1444 quod
711 1371 986 1428 dicebatur
1029 1368 1345 1440 patriarcha:
1401 1367 1630 1423 Abrahae
1680 1383 1693 1420 :
1740 1366 1944 1420 Clamor

356 1465 698 1521 Sodomorum
741 1473 787 1517 et
831 1460 1129 1516 Gomorrhae
1167 1459 1531 1529 multiplicatus
1555 1467 1626 1512 est
1661 1457 1800 1526 apud
1842 1473 1940 1511 me.

361 1557 630 1612 Exaltatus
675 1565 767 1616 est,
821 1553 1011 1626 inquit,
1071 1552 1264 1607 clamor
1292 1568 1466 1606 eorum
1508 1567 1682 1605 coram
1726 1549 1944 1604 Domino

360 1649 511 1718 (Gen.
546 1649 629 1703 18.
662 1648 776 1718 20).

429 1745 482 1799 6.
513 1743 742 1799 Grandis
784 1741 1145 1811 perversitatis
1184 1755 1368 1796 eorum
1402 1739 1727 1806 magnitudo,
1774 1745 1830 1792 et
1857 1736 1942 1792 id-

359 1835 523 1901 circo,
555 1835 675 1903 quia
706 1833 1010 1888 incurabilis
1040 1833 1278 1892 morbus.
1309 1841 1364 1885 et
1394 1831 1582 1886 vulnus
1614 1831 1716 1885 hoc
1748 1829 1946 1884 nullam

360 1941 541 1980 curam
573 1924 780 1994 recipit,
804 1923 947 1977 misit
974 1936 1072 1977 nos
1088 1923 1342 1976 Dominus
1361 1931 1415 1975 ut
1438 1932 1804 1976 extereremus
1832 1935 1945 1976 eos.

363 2017 427 2071 Et
456 2016 558 2070 hoc
583 2026 667 2070 est
689 2017 828 2085 quod
853 2015 1065 2071 dicebat
1090 2015 1252 2070 David
1279 2033 1291 2067 :
1325 2015 1424 2081 Qui
1453 2015 1574 2085 facit
1601 2015 1808 2084 angelos
1832 2030 1950 2068 suos

361 2110 588 2179 spiritus,
630 2117 676 2163 et
705 2109 959 2162 ministros
997 2123 1114 2179 suos
1142 2108 1404 2177 ﬂammam
1432 2107 1562 2178 ignis
1600 2106 1618 2177 (
1645 2105 1790 2160 Psal.
1828 2106 1947 2162 105.

362 2200 443 2270 4).
473 2199 626 2267 Quia,
659 2199 846 2270 inquit,
877 2197 1192 2254 advenimus
1220 2198 1284 2253 ad
1314 2197 1452 2252 hanc
1474 2197 1744 2267 regionem
1767 2196 1953 2253 delen—

362 2293 484 2346 dam
538 2294 794 2362 (propter
841 2292 1095 2347 malitiam
1145 2290 1288 2346 enim
1336 2289 1742 2346 inhabitantium
1791 2290 1954 2345 etiam

366 2396 504 2442 terra
534 2400 745 2455 poenam
771 2384 1054 2456 accipiet),
1083 2383 1338 2454 egredere
1365 2391 1420 2438 tu
1453 2381 1596 2438 hinc.
1627 2381 1753 2438 Haec
1779 2390 1836 2435 ut
1859 2397 1954 2436 au-

365 2475 500 2530 divit
520 2476 714 2546 justus,
739 2485 792 2531 et
812 2477 995 2532 didicit
1020 2491 1235 2532 causam
1262 2484 1478 2547 propter
1503 2490 1660 2547 quam
1691 2473 1956 2530 aﬂuerunt

369 2569 462 2622 viri
495 2568 726 2638 quidem,
761 2578 818 2624 ut
859 2570 1209 2639 apparebant,
1253 2569 1425 2640 angeli
1465 2578 1643 2623 autem
1674 2581 1861 2622 revera
1902 2575 1957 2623 et

368 2660 591 2714 ministri
615 2661 706 2716 Dei
733 2661 990 2723 omnium,
1022 2663 1108 2716 14.
1132 2660 1383 2734 Egressus
1410 2659 1503 2714 Lot
1525 2660 1762 2728 loquutus
1786 2667 1858 2715 est
1877 2676 1957 2731 ge-

368 2760 498 2805 neris
525 2753 648 2816 suis,
675 2754 762 2820 qui
785 2763 1080 2823 acceperant
1105 2755 1240 2823 ﬁlius
1268 2771 1397 2825 ejus.
1425 2753 1581 2824 Atqui
1607 2767 1771 2823 supra
1799 2752 1952 2809 dice-

367 2845 458 2900 bat
499 2845 674 2916 impiis
721 2847 844 2916 illis,
886 2847 1017 2903 Ecse
1052 2848 1178 2902 duas
1213 2847 1350 2918 ﬁlias
1381 2846 1557 2914 habeo,
1579 2862 1695 2917 qua:
1732 2846 1956 2902 nondum

373 2949 710 3010 cognoverunt
739 2942 869 2995 viros
894 2957 913 2995 :
938 2942 1206 3011 quomodo
1249 2943 1408 3013 igitur
1434 2942 1519 2998 hic
1555 2943 1702 3007 dicit,
1750 2941 1958 2997 Generis

367 3032 491 3096 suis,
515 3032 597 3101 qui
626 3043 920 3102 acceperant
940 3034 1072 3103 ﬁlias
1099 3035 1247 3104 ejus?
1269 3034 1346 3089 Ne
1374 3043 1526 3104 putes
1547 3035 1812 3090 contraria
1837 3049 1958 3092 esse

370 3124 484 3176 tunc
519 3123 643 3186 illis,
675 3138 794 3192 qua:
821 3126 1065 3193 superius
1094 3141 1124 3180 a
1159 3125 1304 3195 justo
1331 3133 1459 3180 sunt
1483 3125 1643 3180 dicta.
1676 3127 1788 3182 Mos
1813 3127 1954 3182 enim

369 3215 460 3269 ille
489 3215 756 3272 veteribus
777 3226 912 3282 erat,
942 3229 1066 3272 ante
1091 3218 1314 3272 multum
1346 3226 1554 3289 tempus
1579 3219 1846 3289 sponsalia
1877 3220 1956 3274 ta-

369 3321 493 3362 cere
517 3325 528 3360 :
558 3323 702 3378 srepe
731 3307 856 3363 item
884 3321 937 3364 et
961 3310 1268 3366 cohabitare
1296 3311 1664 3382 desponsatis,
1705 3321 1760 3368 et
1799 3313 1956 3368 simul

370 3415 488 3454 cum
537 3400 844 3469 parentibus
881 3403 1122 3457 versari:
1155 3402 1204 3458 id
1243 3403 1386 3473 quod
1428 3415 1482 3460 et
1511 3420 1652 3460 nunc
1693 3405 1874 3460 multis
1904 3407 1956 3459 in

372 3489 500 3544 locis
553 3490 666 3544 ﬁeri
715 3491 874 3547 solet.
921 3492 1053 3559 Quia
1094 3493 1251 3564 igitur
1273 3494 1383 3564 jam
1433 3495 1776 3566 desponsatio
1822 3497 1956 3552 facta

370 3590 504 3647 erat,
547 3580 666 3635 ideo
698 3592 849 3636 vocat
878 3598 972 3638 eos
999 3599 1226 3653 generos
1256 3597 1308 3640 et
1337 3583 1489 3650 dicit,
1521 3586 1621 3653 Qui
1661 3597 1957 3659 acceperant

372 3672 506 3740 ﬁlias
532 3674 662 3744 ejus,
699 3676 968 3746 proposito
995 3677 1241 3733 videlicet
1267 3693 1330 3734 ac
1360 3688 1544 3735 mutuo
1567 3695 1854 3736 consensu.
1886 3678 1957 3734 Et

371 3762 491 3818 dicit
517 3781 536 3818 :
567 3765 790 3836 Surgite,
813 3777 860 3822 et
889 3769 1018 3822 exite
1041 3771 1102 3824 de
1131 3770 1224 3824 hoc
1253 3772 1363 3825 loco
1387 3788 1405 3827 :
1431 3773 1551 3841 quia
1569 3773 1749 3828 exterit
1775 3773 1958 3828 Domi-

371 3873 466 3911 nus
493 3857 760 3914 civitatem.
802 3859 948 3916 Visus
972 3871 1043 3916 est
1068 3873 1235 3916 autem
1263 3863 1478 3917 ridicula
1509 3865 1652 3935 loqui
1667 3882 1837 3921 coram
1866 3883 1956 3937 ge-

371 3949 505 4003 neris
533 3951 658 4003 suis.
698 3951 825 4006 \’ide
855 3954 1121 4021 quomodo
1149 3970 1181 4010 e
1209 3955 1350 4009 malo
1381 3955 1471 4010 illo
1501 3954 1765 4011 fermento
1804 3968 1959 4014 erant

371 4049 426 4096 et
455 4041 561 4094 isti.
595 4042 656 4095 Et
685 4054 967 4112 propterea
993 4047 1177 4101 volens
1205 4047 1344 4102 Deus
1370 4048 1476 4103 cito
1504 4048 1732 4105 liberare
1753 4049 1957 4119 justum

372 4130 440 4185 ab
468 4131 677 4187 illorum
698 4134 978 4201 afﬁnitate,
1010 4153 1114 4191 non
1144 4139 1386 4208 permisit
1406 4148 1463 4196 ut
1487 4141 1961 4198 commiscerentur

373 4237 494 4276 cum
524 4223 729 4279 ﬁliabus
751 4226 877 4296 justi
905 4247 918 4282 :
943 4231 1033 4282 sed
1060 4247 1182 4286 cum
1220 4232 1396 4300 impiis
1420 4234 1581 4288 etiam
1622 4235 1740 4290 illos
1776 4236 1958 4307 perdi-

373 4315 470 4381 dit,
505 4328 561 4371 ut
599 4335 846 4386 egressus
869 4321 1046 4388 justus
1085 4340 1206 4377 cum
1239 4325 1444 4380 liliabus
1479 4327 1735 4396 eﬂ'ngeret
1771 4345 1958 4386 eorum

377 4410 766 4477 cognationem.
812 4411 990 4482 Itaque
1027 4430 1146 4469 cum
1177 4417 1420 4473 audirent
1448 4434 1478 4473 a
1513 4420 1659 4489 justo
1695 4423 1960 4478 terribiles

379 4499 492 4552 illas
519 4500 710 4568 minas,
741 4505 889 4571 quasi
925 4506 1342 4574 subsannabant,
1373 4521 1425 4564 et
1456 4512 1710 4580 putabant
1754 4513 1956 4569 delira-

379 4598 553 4642 menta
579 4604 698 4646 esse
722 4609 839 4661 qua:
859 4595 1191 4654 dicebantur.
1227 4600 1600 4658 Verumtamen
1615 4603 1794 4674 justus
1815 4605 1960 4676 quod

375 4696 530 4736 suum
557 4692 674 4740 erat
694 4684 936 4756 iaciebat,
963 4699 1017 4747 et
1041 4692 1160 4763 quia
1184 4695 1351 4753 semel
1380 4695 1483 4754 illis
1510 4696 1646 4754 ﬁlias
1666 4696 1961 4769 desponsa-

377 4783 476 4841 rat,
508 4776 674 4833 voluit
699 4781 907 4851 eripere
932 4799 1024 4839 eos
1056 4800 1086 4838 a
1109 4787 1370 4858 supplicio
1400 4808 1414 4844 :
1446 4798 1506 4844 at.
1530 4789 1606 4844 illi
1636 4789 1918 4846 noluerunt
1941 4833 1959 4860 ,

373 4869 468 4927 sed
499 4872 550 4927 in
577 4874 817 4932 moribus
842 4878 952 4933 suis
988 4893 1322 4952 manserunt,
1365 4893 1419 4940 et
1447 4885 1624 4956 reipsa
1664 4885 1963 4944 didicerunt

372 4978 431 5019 se
477 4981 670 5038 magno
707 4984 805 5025 suo
846 4970 1043 5029 damno
1078 4974 1356 5031 consilium
1393 4975 1524 5046 justi
1568 4978 1838 5048 rejecisse.
1873 4981 1961 5036 15.

377 5057 473 5113 Πιιί
504 5071 692 5129 autem,
723 5063 912 5134 inquit,
937 5082 1085 5121 mane
1108 5067 1298 5136 factum
1325 5079 1416 5135 est,
1457 5071 1684 5126 studiose
1707 5073 1964 5128 adhortati

372 5158 492 5204 sunt
515 5153 680 5223 angeli
706 5152 802 5208 Lot
818 5196 832 5219 ,
862 5155 1080 5213 dicentes
1108 5173 1127 5214 :
1152 5157 1337 5230 Surge,
1363 5161 1537 5232 accipe
1561 5179 1771 5218 uxorem
1799 5172 1958 5231 tuam,

372 5249 420 5294 et
445 5243 578 5309 ﬁlias
607 5246 756 5312 duas,
785 5263 912 5316 quas
936 5249 1108 5317 habes,
1132 5260 1178 5306 et
1204 5255 1302 5319 eici,
1328 5263 1384 5307 ut
1407 5270 1471 5308 ne
1494 5263 1542 5309 et
1567 5265 1621 5309 tu
1641 5273 1754 5310 cum
1777 5257 1965 5328 iniqui-

374 5334 556 5388 tatibus
581 5337 794 5394 civitotis
830 5358 1026 5412 pereas.
1056 5343 1143 5400 16.
1175 5343 1244 5398 Et
1283 5345 1473 5401 turbati
1509 5358 1646 5404 sunt.
1667 5349 1745 5406 Ne
1788 5350 1962 5416 diﬂ'er,

375 5425 546 5495 inquit
567 5443 582 5482 :
601 5428 710 5500 jam
726 5431 868 5486 enim
894 5434 996 5489 illis
1013 5436 1274 5504 pernicies
1294 5437 1576 5508 inﬂigenda
1595 5449 1676 5496 est
1698 5459 1711 5497 :
1737 5441 1964 5512 teipsum

377 5517 536 5587 igitur
573 5529 630 5576 et
658 5537 877 5580 uxorem
925 5536 977 5580 ct
1005 5527 1140 5583 ﬁlias
1167 5544 1342 5586 serva.
1371 5529 1450 5586 Illi
1487 5532 1631 5588 enim
1658 5535 1747 5603 qui
1777 5534 1964 5589 nolue-

377 5620 503 5666 runt
525 5613 872 5685 admonitioni
905 5627 1008 5673 tua:
1035 5635 1244 5688 parere,
1283 5638 1387 5680 non
1415 5623 1570 5694 longe
1595 5635 1716 5694 post
1743 5627 1962 5696 partici-

379 5723 472 5777 pes
485 5718 639 5763 erunt
657 5711 954 5766 communis
987 5712 1248 5772 interitus.
1272 5715 1345 5771 Nc
1364 5717 1710 5788 igiturdiﬂer,
1731 5733 1788 5773 ut
1813 5736 1879 5777 ne
1904 5734 1956 5779 et

1065 248 1118 302 S.
1159 242 1432 300 JO.\NNIS
1469 235 1942 297 CIIRYSOSTOMI

2132 235 2306 294 HIEP.
2347 237 2874 300 CONSTANTINOP.

3523 244 3625 302 ἀοι

2041 350 2154 420 ipse
2177 352 2555 408 internecionis
2577 355 2799 412 istorum
2825 357 3106 426 impiorum
3123 359 3392 432 particeps
3415 359 3527 417 hs.
3562 361 3628 416 Et

2041 442 2224 498 turbati
2253 455 2394 512 sunt,
2427 457 2482 502 ut
2512 447 2628 503 lucc
2667 449 2951 512 audierunt
2979 451 3079 506 Lot
3115 461 3170 507 et
3196 467 3332 508 uxor
3369 463 3424 510 et
3469 454 3626 519 tilia;

2040 533 2251 590 Turbati
2284 549 2418 605 sunt,
2461 540 2650 610 inquit,
2684 541 2784 596 hoc
2813 553 2916 608 est,
2946 544 3154 598 attoniti
3200 543 3434 611 luerunt,
3473 557 3632 616 atque

2045 629 2095 682 in
2142 630 2362 684 nimium
2417 647 2666 702 pavorem
2720 635 3056 704 inciderunt,
3105 648 3162 693 et
3201 649 3421 710 propter
3464 641 3631 695 minas

2043 722 2181 777 anxii
2216 721 2385 778 fuere.
2430 724 2495 778 Et
2525 725 2646 780 ideo
2672 726 2871 797 Angeli,
2901 743 3086 783 curam
3107 739 3326 799 agentes
3359 731 3515 800 justi,
3543 747 3634 800 ap-

2045 814 2436 885 prehendi-runt,
2461 815 2649 885 inquit,
2675 833 2880 871 manum
2904 820 3031 890 ejus.
3055 818 3172 875 Jam
3201 835 3304 875 non
3330 831 3387 874 ut
3410 820 3481 876 de
3505 822 3634 875 viris

2047 907 2282 976 loquitur
2318 907 2384 962 de
2409 909 2486 962 eis
2513 907 2788 979 Scriptura
2817 910 3018 974 divina,
3045 911 3140 967 sed
3168 913 3290 982 quia
3322 913 3531 984 [uagam
3560 915 3636 969 in-

2046 996 2239 1051 ilictnri
2257 1008 2430 1064 erant,
2453 999 2672 1070 angelos
2697 1017 2792 1056 eos
2822 1003 3060 1057 nominat
3077 1013 3132 1056 et
3146 1002 3309 1058 dicit:
3339 1003 3637 1076 Apprehen-

2047 1090 2222 1143 derunt
2240 1108 2444 1146 manum
2463 1094 2591 1162 ejus,
2610 1102 2656 1146 et
2669 1110 2873 1146 manum
2890 1095 3204 1162 ua‘erisejus,
3223 1105 3268 1148 et
3288 1113 3494 1150 manum
3517 1096 3644 1156 ﬁlia-

2045 1199 2158 1234 rum
2173 1183 2362 1252 ejus,eo
2378 1183 2513 1254 quod
2525 1193 2750 1254 parceret
2763 1185 2808 1238 ei
2827 1183 3366 1242 Dominus.Fiduciam
3377 1187 3648 1243 addebant

2047 1271 2125 1326 eis
2133 1287 2385 1327 manuum
2401 1282 2646 1329 contactu
2658 1282 2713 1330 et
2723 1273 3106 1331 roboraverunt
3116 1291 3301 1332 eorum
3315 1277 3577 1345 animum,
3591 1288 3647 1333 ut

2051 1381 2117 1419 ne
2157 1365 2314 1419 timor
2337 1381 2522 1420 eorum
2547 1367 2864 1423 dissolveret
2894 1369 3091 1435 robur;
3120 1380 3400 1440 propterea
3428 1371 3643 1440 adjecit,

2052 1455 2130 1510 Eo
2147 1457 2282 1527 quod
2297 1468 2526 1529 parceret
2553 1459 2598 1512 ei
2614 1457 2883 1516 Dominus.
2913 1461 3046 1527 Quia
3060 1461 3202 1517 enim
3223 1462 3478 1517 Dominus
3501 1462 3642 1532 judi-

2050 1550 2192 1603 cavit
2219 1564 2340 1604 eum
2379 1551 2548 1606 salute
2575 1549 2816 1622 dignum,
2859 1552 3060 1610 idcirco
3082 1563 3136 1610 et
3179 1555 3352 1625 angeli
3394 1555 3643 1612 volentes

2053 1657 2238 1696 eorum
2268 1643 2506 1698 animum
2551 1643 2826 1712 roborare,
2857 1660 3075 1701 manum
3104 1661 3289 1701 eorum
3339 1647 3646 1717 apprehen-

2052 1732 2203 1801 dunt,
2239 1734 2327 1790 17.
2361 1734 2426 1789 Et
2453 1735 2718 1792 educentes
2740 1753 2822 1792 eos
2848 1739 3008 1808 foras,
3035 1739 3270 1795 dixerunt
3294 1755 3314 1794 :
3343 1739 3505 1796 Salva
3523 1743 3639 1795 ani-

2055 1841 2190 1879 mam
2217 1837 2354 1880 tuam
2377 1844 2396 1881 :
2421 1843 2485 1882 ne
2503 1829 2744 1899 respicias
2771 1840 2883 1900 post
2910 1841 3104 1902 tergum
3137 1848 3151 1884 :
3181 1847 3244 1885 ne
3269 1841 3367 1886 stes
3407 1832 3461 1885 in
3507 1833 3648 1886 cmi

2054 1917 2165 1972 loco
2189 1935 2278 1990 per
2304 1920 2570 1974 circuitum
2601 1937 2621 1975 :
2657 1921 2710 1976 in
2737 1933 2954 1977 montem
2983 1924 3180 1978 salvum
3207 1935 3255 1977 te
3286 1927 3391 1995 fac,
3422 1941 3486 1978 ne
3517 1925 3654 1994 forte

2054 2009 2208 2065 simul
2233 2011 2520 2084 abripiaris.
2549 2012 2808 2080 Quoniam
2836 2015 3122 2071 liberamus
3151 2025 3202 2070 te
3230 2016 3296 2070 ab
3323 2016 3502 2086 impiis
3521 2017 3652 2082 illis,

2057 2104 2248 2175 inquit,
2286 2121 2353 2162 ne
2397 2107 2532 2162 ultra
2561 2109 2958 2178 circumspicias
3000 2119 3123 2180 post
3165 2116 3393 2178 tergum,
3427 2124 3496 2163 ne
3523 2109 3657 2164 velis

2057 2199 2239 2256 videre
2267 2216 2386 2272 qua:
2426 2202 2530 2256 illis
2559 2209 2813 2256 eventura
2853 2209 2995 2266 sunt,
3022 2201 3116 2257 sed
3160 2201 3351 2256 festina
3376 2211 3435 2256 et
3469 2203 3656 2272 procul

2060 2305 2236 2364 perge,
2269 2300 2328 2346 ut
2345 2290 2577 2362 eﬂ‘ugere
2604 2306 2768 2362 queas
2790 2306 3002 2362 pcenam
3025 2291 3104 2347 eis
3128 2291 3490 2362 inﬂigendam.
3518 2291 3658 2346 Exin

2054 2383 2230 2454 justus
2259 2383 2470 2446 timens,
2498 2398 2566 2438 ne
2605 2382 2740 2437 forte
2769 2399 2875 2438 nou
2905 2392 3085 2452 posset
3113 2383 3449 2453 designatum
3480 2383 3552 2436 ab
3579 2385 3658 2437 eis

2059 2476 2238 2531 locum
2261 2475 2511 2546 ,assequi,
2541 2483 2596 2531 et
2622 2475 2673 2528 in
2702 2483 2940 2529 montem
2969 2473 3264 2545 pervenire,
3307 2474 3485 2546 inquit
3515 2492 3531 2528 :
3567 2476 3654 2528 18.

2063 2565 2188 2633 Oro,
2214 2566 2450 2633 Domine,
2483 2567 2569 2622 19.
2597 2566 2716 2636 quia
2742 2566 2927 2620 invenit
2957 2582 3082 2635 puer
3109 2574 3226 2620 tuus
3253 2566 3659 2620 misericordiam

2060 2676 2231 2714 coram
2271 2668 2337 2725 te,
2384 2668 2431 2714 et
2460 2660 2797 2730 magniﬁcasti
2829 2659 3084 2729 justitiam
3126 2668 3282 2725 luant,
3325 2676 3483 2730 quam
3529 2661 3660 2730 facis

2060 2770 2273 2821 mecura,
2302 2763 2357 2808 ut
2382 2754 2512 2808 vivat
2537 2753 2708 2807 anima
2733 2769 2844 2807 mea
2865 2768 2885 2806 :
2912 2769 3003 2823 ego
3026 2761 3194 2807 autem
3220 2769 3319 2807 non
3347 2763 3526 2824 potero
3552 2757 3660 2807 snt-

2059 2847 2168 2899 vari
2189 2847 2242 2898 in
2265 2856 2453 2911 monte,
2475 2861 2538 2898 ne
2558 2843 2937 2914 apprehendant
2960 2861 3039 2898 me
3065 2845 3222 2907 mala,
3251 2854 3296 2898 et
3319 2846 3534 2899 moriar.
3566 2845 3659 2900 20.

2065 2936 2198 2993 Ecce
2220 2938 2394 2992 civitas
2419 2938 2516 2992 ista
2545 2954 2722 3009 prope,
2751 2938 2820 2991 ad
2845 2954 2998 3008 quam
3027 2938 3317 3010 confugiam
3347 2955 3464 3009 ego,
3499 2956 3660 3008 parra

2061 3041 2132 3086 est
2165 3033 2178 3062 '
2203 3048 2217 3097 ;
2245 3031 2312 3085 ibi
2339 3030 2591 3096 servabor,
2624 3040 2672 3086 et
2693 3032 2816 3086 vivet
2844 3030 3016 3084 anima
3043 3047 3155 3084 mea
3186 3041 3391 3100 prapter
3423 3043 3492 3084 te.
3521 3032 3660 3099 Quia

2061 3125 2226 3190 enim,
2273 3123 2466 3194 inquit,
2505 3125 2673 3180 semel
2715 3123 3029 3180 decrevistis
3072 3122 3297 3178 salutem
3340 3123 3476 3178 mihi
3526 3139 3661 3178 cnsi-

2063 3218 2225 3281 fcrre,
2271 3216 2561 3274 ascendere
2586 3225 2767 3274 autem
2799 3215 2857 3272 in
2896 3217 3092 3273 montis
3129 3217 3403 3280 verticem,
3438 3218 3491 3272 id
3519 3220 3664 3274 vires

2061 3327 2208 3365 meas
2245 3319 2481 3380 superat,
2513 3309 2827 3379 ampliorem
2867 3308 3288 3365 misericordiam
3328 3307 3464 3363 mihi
3507 3312 3666 3365 exhi-

2061 3403 2202 3470 belc,
2245 3412 2300 3458 et
2331 3404 2562 3462 laborem
2591 3417 2768 3458 meum
2797 3401 3051 3458 leviorem
3069 3401 3297 3458 reddite.
3335 3401 3414 3457 Ne
3444 3404 3668 3474 qtmndn

2065 3497 2224 3568 igitur
2246 3496 2617 3568 apprehendar
2640 3511 2670 3550 a
2701 3511 2856 3566 pinna
2881 3511 2999 3567 quae
3025 3494 3276 3566 inﬂigitur
3301 3495 3428 3564 illis,
3456 3508 3512 3553 et
3542 3513 3662 3567 par-

2063 3591 2231 3660 ticeps
2271 3589 2396 3644 tiam
2423 3589 2666 3646 interitus
2692 3605 2898 3654 eorum,
2944 3589 3211 3644 civitatem
3243 3588 3382 3643 hanc
3422 3590 3664 3645 vicinam

2060 3690 2116 3738 et
2135 3696 2350 3752 parvam
2377 3692 2652 3754 segregate
2671 3681 2826 3738 mihi.
2847 3680 2978 3736 Nam
3003 3680 3128 3736 licet
3152 3680 3272 3736 vilis
3297 3680 3367 3736 sit
3387 3690 3448 3736 et
3471 3697 3664 3752 parva.

2062 3785 2296 3831 attamen
2337 3775 2444 3831 illic
2471 3785 2734 3839 servatus,
2776 3789 2966 3830 secure
3010 3783 3192 3844 postea
3241 3787 3403 3844 agere
3449 3784 3647 3844 potero

2059 3868 2151 3922 21.
2183 3867 2250 3922 Et
2275 3868 2403 3922 dixit
2428 3868 2474 3922 ei
2495 3883 2516 3923 :
2545 3867 2676 3922 Ecce
2700 3866 2982 3922 admiratus
3007 3883 3121 3924 sum
3145 3875 3284 3920 tuam
3309 3866 3497 3936 faciem
3527 3877 3581 3920 et
3609 3869 3666 3920 iu

2060 3961 2208 4017 verbo
2231 3962 2347 4028 hoc,
2378 3972 2519 4017 utne
2539 3962 2819 4017 subvertam
2839 3961 3085 4016 civitatem
3109 3960 3173 4016 de
3191 3976 3292 4032 qua
3313 3961 3562 4032 loquutus
3589 3979 3668 4017 α.

2062 4055 2258 4125 Accepi
2287 4063 2404 4110 tuas
2453 4069 2660 4124 preces,
2708 4054 2897 4124 inquit,
2930 4061 2986 4110 et
3031 4053 3132 4109 hoc
3173 4051 3384 4117 faciam,
3413 4067 3482 4108 ac
3517 4055 3668 4124 quod

2062 4147 2240 4220 petisti
2281 4147 2537 4210 concedo,
2570 4154 2890 4216 propterque
2916 4152 2970 4200 te
2998 4145 3163 4201 etiam
3187 4143 3387 4199 civitati
3417 4159 3669 4215 parcam.

2061 4241 2152 4297 22.
2181 4239 2392 4296 Festina
2415 4241 2589 4312 igitur,
2622 4249 2668 4293 et
2696 4239 3098 4309 occupatorum,
3128 4254 3189 4292 ac
3213 4237 3454 4294 salvere:
3483 4254 3673 4310 neque

2063 4335 2208 4391 enim
2238 4333 2430 4390 faciam
2456 4331 2676 4401 aliquid,
2708 4331 2881 4387 donec
2911 4331 3034 4386 illuc
3061 4329 3264 4386 venias.
3293 4328 3418 4384 Non
3447 4341 3634 4400 potero
3653 4375 3673 4392 .

2064 4428 2254 4500 inquit,
2279 4432 2443 4499 facere
2457 4425 2753 4497 quidquam,
2777 4433 3044 4494 antequam
3060 4432 3115 4477 tu
3133 4423 3255 4476 illuc
3273 4422 3594 4493 ingrediaris
3609 4425 3633 4454 '
3655 4441 3673 4486 ;

2064 4520 2187 4591 quia
2215 4533 2395 4576 curam
2423 4531 2524 4588 ago
2566 4525 2670 4572 tua:
2698 4516 2913 4582 salutis,
2957 4513 3274 4584 exspectabo
3317 4513 3493 4569 donec
3535 4514 3678 4570 illuc

2065 4613 2248 4679 abeas,
2297 4620 2353 4666 et
2395 4620 2522 4667 tunc
2563 4609 2644 4665 eis
2687 4607 2918 4678 indigam
2967 4621 3200 4676 pinnam.
3231 4605 3324 4660 23.
3356 4605 3457 4660 Sol
3504 4607 3678 4677 igitur

2067 4721 2294 4778 egressus
2316 4713 2387 4760 est
2409 4720 2560 4774 super
2575 4712 2783 4767 terram,
2805 4711 2851 4756 et
2866 4699 2960 4754 Lot
2980 4701 3179 4758 intravit
3207 4699 3260 4753 in
3286 4697 3476 4770 Segor.
3504 4698 3678 4756 Circa

2067 4798 2197 4855 solis
2221 4807 2421 4866 ortum,
2445 4797 2634 4868 inquit,
2663 4796 2808 4852 venit
2833 4795 2886 4850 in
2915 4795 3180 4851 civitatem
3206 4809 3221 4858 ;
3251 4801 3307 4848 et
3326 4795 3509 4849 statim
3537 4808 3676 4850 cum

2068 4891 2183 4961 ipse
2206 4899 2348 4947 esset
2375 4890 2512 4946 intra
2541 4888 2832 4955 civitatem,
2872 4886 2951 4942 illi
2973 4884 3236 4956 supplicio
3263 4884 3676 4954 plectebantur.

2067 4982 2159 5038 24.
2187 4980 2332 5037 Pluit
2355 4981 2513 5046 enim,
2542 4979 2734 5051 inquit,
2764 4979 3013 5034 Dominus
3041 4993 3193 5048 super
3219 4976 3450 5032 Sodoma
3477 4988 3528 5033 et
3561 4977 3679 5033 Go-

2067 5075 2275 5132 morrha
2310 5073 2528 5145 sulphur
2553 5082 2604 5130 et
2643 5073 2816 5144 ignem
2856 5087 2888 5126 a
2925 5069 3148 5125 Domino
3178 5069 3242 5124 de
3271 5066 3401 5124 celo
3426 5085 3448 5124 :
3473 5070 3573 5127 εδ.
3627 5085 3681 5126 at

2066 5171 2303 5228 subvertit
2325 5171 2548 5227 civitates
2570 5168 2708 5234 illas,
2733 5177 2778 5222 et
2796 5163 3039 5238 quidquid
3057 5163 3193 5218 circa
3210 5179 3294 5218 eas
3314 5163 3677 5225 habitabatur.

2070 5275 2116 5321 et
2135 5281 2306 5321 omnes
2345 5263 2433 5335 qui
2475 5260 2768 5317 habitabant
2809 5259 2864 5313 in
2901 5257 3202 5322 civitatibus,
3246 5265 3294 5310 et
3340 5270 3493 5310 omne
3525 5263 3682 5324 quod

2071 5358 2385 5414 moriebatur
2409 5356 2473 5411 de
2497 5365 2651 5410 terra.
2681 5352 2757 5408 Ne
2785 5351 2853 5407 ob
2880 5351 3021 5405 hunc
3050 5345 3298 5418 loquendi
3328 5345 3554 5402 modum
3573 5349 3682 5403 ad-

2069 5450 2350 5507 miratione
2377 5447 2628 5512 tenearis,
2655 5443 2882 5505 dilecte:
2915 5442 3211 5513 proprietas
3232 5439 3375 5496 enim
3403 5449 3491 5494 est
3515 5439 3685 5495 Scri-

2132 5545 2148 5576 ί
2185 5549 2395 5604 Quatuor
2417 5541 2931 5604 Mss.,nou_part_iaest.
3191 5603 3216 5604 ᾧ
3273 5593 3306 5604 __
3433 5599 3446 5604 _

2132 5607 2152 5639 ³
2187 5593 2237 5654 Ιὶι
2257 5593 2606 5674 Bibliisgra‘cis
2629 5593 2717 5674 hic.
2733 5599 3126 5674 ell'erturseusus
3144 5609 3157 5644 :
3177 5593 3680 5674 festinalgtAibiAiat-

2066 5681 2211 5741 terra.
2235 5681 2330 5720 non
2351 5655 2478 5718 enim
2501 5669 2666 5728 potero
2687 5661 2849 5726 facere
2871 5657 3134 5724 quidquam
3169 5657 3319 5708 donec
3340 5655 3463 5708 illuc
3483 5668 3682 5721 peru-

2067 5746 2218 5784 neris.
