3750 6256
3 266 120 322 403

2 383 166 450 πρῦς
206 383 392 438 αὑτὸν
409 387 462 440 οι
503 384 738 455 ἄνδρες
782 389 953 442 Ἔστι
997 389 1086 456 τίς
1121 406 1221 445 σοι
1252 389 1367 446 ὦδε
1404 394 1682 464 γαμϐρὸς,

3 471 45 539 ἢ
77 475 194 526 vlo!
230 473 268 541 ἢ
295 474 628 543 θυγατέρες,
662 475 700 545 ἢ
727 477 784 530 ει
811 477 903 543 τις
935 493 1034 532 σοι
1059 478 1246 546 ἄλλος
1280 480 1453 534 ἐστίν
1497 482 1568 534 ἑν
1612 469 1688 552 τῇ

3 562 190 613 πόλει
209 574 233 623 ;
253 560 395 624 Ὅρα
426 561 542 626 πῶς
561 564 661 633 τῆς
687 561 988 632 φιλοξενίας
1003 564 1322 636 ἀμείΰονται
1341 566 1437 622 τὸν
1461 567 1688 635 δίκαιον,

5 649 110 701 καὶ
140 648 262 712 πῶς
286 647 437 720 αὐτῷ
456 649 784 721 χαρίσασθαι
814 650 1091 721 βούλονται
1116 652 1223 706 τῶν
1239 654 1454 707 οἰκείων
1471 654 1689 709 πάντων

1 734 111 804 τὴν
151 737 450 808 σωτηρίαν.
492 737 562 790 Et
605 737 694 802 τίς
716 755 820 802 σοι,
861 739 1047 810 φησὶν,
1081 740 1140 793 ἐν
1172 743 1237 812 τῇ
1275 740 1449 806 πόλει,
1477 743 1530 796 εί
1543 757 1690 806 τινος

3 821 241 894 ἀντέχῃ,
272 823 327 877 εί
349 841 470 878 τινα
496 819 645 888 οἶδας
672 824 829 890 ἐκτὸς
865 827 1124 896 γεγονότα
1153 827 1256 899 τῆς
1281 827 1484 884 τούτων
1512 846 1688 902 παρα-

1 910 228 980 νομίας,
283 912 567 984 Ἐξάγαγε
602 913 670 980 ένι
713 915 819 970 τοῦ
857 915 1050 971 τόπου
1099 917 1316 972 τούτου
1357 919 1450 972 καὶ
1496 920 1559 972 ἐκ
1587 921 1686 991 τῆς

2 998 139 1068 γῆς,
168 1001 266 1053 καὶ
288 999 493 1065 πάντας
513 999 640 1066 τούς
670 1017 750 1055 σοι
763 1003 1150 1075 ¹*προσήκοντας
1185 1004 1442 1074 ἐξάγαγε,
1489 1005 1688 1060 Ἀπόλ.

0 1089 213 1154 λυμεν
237 1088 346 1157 γὰρ
383 1087 553 1158 ἡμεῖς
581 1088 689 1143 τὸν
707 1091 894 1144 τόπον
921 1089 1152 1146 τοῦτον.
1184 1089 1315 1146 Εἶτα
1344 1094 1437 1147 καὶ
1481 1093 1580 1164 τὴν
1608 1094 1688 1148 αί-

0 1175 133 1227 τίαν
170 1175 460 1244 ἐπάγουσι,
512 1176 850 1246 διδάσκοντες
898 1177 989 1232 τὸν
1034 1179 1240 1234 δίκαιον
1275 1180 1494 1235 ἅπαντα
1546 1182 1686 1252 μετὰ

0 1263 322 1334 ἀκριϐείας.
362 1264 490 1317 Ὀτι
517 1262 746 1333 ὑψώθη,
765 1264 948 1336 φησιν,
975 1266 1013 1335 ἡ
1035 1267 1265 1336 κραυγὴ
1298 1267 1498 1323 αὐτῶν
1510 1268 1686 1323 ἐναν-

1 1349 143 1404 τίον
169 1349 415 1419 Κυρίου,
450 1352 547 1405 καὶ
586 1353 944 1408 ἀπέστειλεν
982 1355 1140 1425 ἡμᾶς
1173 1357 1386 1424 Κύριος
1407 1357 1682 1428 ἐκτρῖψαι

0 1440 262 1506 αὐτούς.
283 1438 450 1494 Τοῦτο
471 1435 540 1512 ἦν
576 1441 711 1512 ὅπερ
741 1441 892 1509 ἔλεγε
921 1442 1000 1514 τῷ
1032 1446 1365 1517 πατριάρχῃ,
1397 1447 1676 1516 ὅτιΚραυ-

0 1528 81 1596 τί)
111 1529 398 1600 Σοδόμων
440 1531 540 1585 καὶ
580 1533 887 1602 Γομόρρας
933 1535 1348 1604 πεπλήθυνται
1391 1539 1542 1606 πρός
1586 1553 1681 1608 με.

13 1614 292 1685 ’ΐψώθψ
332 1617 518 1690 φησὶν,
548 1619 589 1689 ἡ
627 1620 859 1690 κραυγὴ
905 1621 1106 1676 αὐτῶν
1132 1622 1413 1678 ἐναντίον
1439 1623 1682 1693 Κυρίου.

78 1736 162 1795 ς’.
203 1729 344 1784 Πολῦ
378 1732 476 1803 τῆς
506 1733 851 1806 παρανομίας
881 1735 1058 1790 αὐτῶν
1091 1736 1153 1790 τὸ
1185 1736 1442 1809 μέγεθος,
1475 1737 1568 1791 καὶ
1598 1735 1686 1791 διὰ

0 1817 194 1883 τοῦτο,
255 1819 442 1893 ἐπειδὴ
489 1820 708 1885 ἀνίατός
751 1823 900 1876 ἐστιν
935 1823 968 1894 ἡ
1000 1823 1174 1891 νόσος,
1225 1824 1318 1878 καὶ
1363 1824 1424 1878 τὸ
1466 1823 1686 1896 τραῦμα

0 1907 129 1959 οὐδε
142 1907 274 1978 μίαν
306 1907 598 1980 θεραπείαν
626 1909 954 1980 ἐπιδέχεται,
978 1910 1265 1964 ἀπέστειλε
1305 1909 1508 1984 Κύριος
1535 1913 1684 1983 ήμᾶς

1 1995 273 2068 ἐκτρῖψαι
334 1997 524 2068 αὐτήν.
593 1995 763 2051 Τοῦτό
814 2001 961 2052 ἐστιν
1013 1999 1042 2052 δ
1090 1999 1276 2068 ἔλεγεν
1325 2002 1353 2053 6
1418 2001 1686 2072 μακάριος

1 2083 196 2137 Δαυῖδ·
260 2085 314 2138 '0
359 2085 546 2141 ποιῶν
585 2085 724 2152 τοὺς
767 2086 1064 2156 ἀγγέλους
1112 2088 1300 2142 αὑτοῦ
1349 2090 1678 2158 πνεύματα,

6 2172 104 2224 καὶ
157 2170 302 2238 τοὺς
366 2171 748 2242 λειτουργοὺς
807 2173 993 2227 αὐτοῦ
1070 2172 1259 2242 πυρὸς
1315 2175 1532 2245 φλόγα.
1599 2175 1685 2228 Ἑ-

7 2259 173 2331 πειδὴ
225 2258 514 2329 ἀφανίσαι,
576 2259 729 2330 φησὶ,
800 2261 1253 2332 παραγεγόναμεν
1315 2263 1493 2315 πᾶσαν
1549 2260 1683 2315 ταύ-

3 2366 106 2418 την
157 2347 261 2418 τὴν
307 2347 612 2419 περίχωρον
655 2346 765 2415 (διὰ
817 2347 925 2419 γὰρ
965 2348 1064 2420 τὴν
1120 2348 1380 2420 πονηρίαν
1412 2349 1520 2402 τῶν
1545 2351 1683 2403 ἐνοι-

2 2437 259 2490 κούντων
299 2437 393 2489 καὶ
445 2437 477 2507 ἡ
527 2435 600 2507 γῆ
649 2437 746 2506 τὴν
793 2438 1066 2509 τιμωρίαν
1122 2437 1373 2511 δέξεται),
1408 2438 1589 2504 ἔξελθε
1620 2441 1684 2494 σὺ

1 2523 289 2579 ἐντεῦθεν.
341 2521 526 2576 Ταῦτα
580 2522 818 2587 ἀκούσας
864 2525 893 2577 6
937 2525 1164 2591 δίκαιος,
1217 2526 1313 2579 καὶ
1367 2525 1554 2597 μαθὼν
1586 2527 1686 2597 τὴν

2 2613 217 2676 αἰτίαν,
264 2610 331 2664 δι’
383 2611 450 2683 ἣν
487 2611 930 2684 παραγεγόνασιν
987 2611 1180 2684 ἄνδρες
1217 2614 1317 2684 μὲν
1342 2614 1402 2666 τὺ
1425 2613 1685 2684 φαινόμε-

4 2719 119 2766 νον,
165 2700 389 2770 ἄγγελοι
442 2700 500 2754 δέ
544 2700 910 2772 τυγχάνοντες
947 2701 1042 2755 καὶ
1096 2701 1367 2772 ὑπηρέται
1423 2700 1520 2754 τοῦ
1577 2701 1685 2754 τῶν

0 2791 141 2843 ὅλων
179 2789 341 2854 Θεοῦ,
385 2789 677 2855 Ἐξελθὼν
702 2790 970 2858 ἐλάλησε
1015 2789 1166 2858 πρὸς
1208 2789 1352 2857 τοὺς
1391 2789 1687 2860 γαμϐροὺς

2 2877 201 2933 αὐτοῦ
244 2877 384 2944 τοὺς
421 2877 746 2947 είληφότας
785 2877 894 2944 τὰς
950 2874 1272 2946 θυγατέρας
1327 2875 1532 2931 αὑτοῦ.
1576 2876 1688 2930 Καὶ

7 2963 117 3035 μὴν
148 2965 270 3020 ἄνω
292 2964 444 3032 ἔλεγε
473 2967 584 3030 τοῖς
611 2963 948 3036 παρανόμοις
983 2965 1232 3029 ἐκείνοις,
1264 2965 1345 3018 ὃτι
1365 2962 1516 3036 [444]
1539 2963 1686 3018 Ἰδοὺ

4 3055 118 3106 δύο
142 3054 470 3122 θυγατέρας
502 3051 641 3122 ἔχω,
679 3053 901 3125 αἵτινες
951 3053 1063 3106 οὐκ
1116 3051 1392 3123 ἔγνωσαν
1433 3051 1683 3122 ἅνδρας’

6 3140 128 3203 πῶς
161 3135 263 3193 οῦν
292 3139 524 3194 ἐνταῦθά
566 3155 720 3209 φησι,
763 3138 918 3208 Πρὸς
971 3139 1115 3206 τοὺς
1163 3139 1460 3210 γαμϐροὺς
1503 3139 1689 3195 αὐτοῦ

9 3229 156 3295 τοὺς
189 3228 519 3297 εἰληφότας
546 3226 654 3294 τὰς
697 3226 1024 3297 θυγατέρας
1055 3227 1277 3294 αὺτοῦ;
1310 3229 1401 3300 Μὴ
1461 3228 1690 3300 νομίσῃς

7 3315 238 3369 ἐναντία
274 3310 412 3390 εἶναι
449 3314 621 3370 ταῦτα
670 3316 784 3378 τοῖς
839 3315 1101 3388 πρότερον
1130 3315 1282 3387 παρὰ
1338 3314 1433 3369 τοῦ
1474 3315 1685 3369 δικαίου

7 3404 285 3477 ῥηθεῖσιν.
324 3401 487 3467 Ἔθος
510 3401 619 3474 γὰρ
653 3401 813 3455 τοῦτο
835 3397 903 3473 ἦν
935 3405 1046 3464 τοῖς
1076 3402 1328 3465 παλαιοῖς
1358 3401 1466 3474 πρὸ
1494 3401 1688 3456 πολλοῦ

5 3491 101 3545 τοῦ
131 3490 333 3562 χρόνου
363 3489 462 3555 τὰς
489 3491 784 3562 μνηστείας
831 3489 1124 3556 ποιεῖσθαι,
1165 3490 1261 3545 καὶ
1289 3489 1549 3554 πολλάκις
1596 3490 1691 3544 καὶ

8 3579 290 3632 συνοικεῖν
311 3580 430 3640 ταῖς
456 3578 919 3650 μνηστευθείσαις,
943 3579 1038 3632 καὶ
1059 3581 1176 3650 ἅμα
1200 3581 1312 3644 τοῖς
1337 3577 1554 3646 γονεῦσι
1575 3577 1692 3631 διαο

7 3667 229 3739 τρίϐειν
248 3683 262 3696 ο
291 3664 320 3719 δ
351 3666 442 3720 καὶ
462 3665 556 3720 νῦν
581 3669 696 3720 ἐστι
727 3666 994 3738 πολλαχοῦ
1045 3667 1348 3738 γινόμενον.
1423 3665 1573 3718 Ἐπεὶ
1600 3661 1692 3719 οῦν

9 3758 110 3827 ἤδη
143 3755 220 3808 τὰ
244 3754 345 3825 τῆς
372 3755 665 3827 μνηστείας
690 3755 953 3824 ἐγεγόνει,
975 3753 1060 3808 διὰ
1097 3752 1254 3807 τοῦτο
1289 3754 1383 3806 καὶ
1409 3751 1693 3825 γαμϐροὺς

11 3846 219 3908 αὖτοὺς
247 3842 502 3914 ὀνομάζει
533 3845 624 3896 καί
658 3860 814 3914 φησι,
842 3843 989 3908 Τοὺς
1017 3843 1340 3912 εἰληφότας
1373 3841 1480 3909 τὰς
1510 3847 1689 3912 θυγα-

12 3932 194 4000 τέρας
223 3929 411 3985 αὑτοῦ
433 3933 528 4003 ’τῇ
555 3931 748 4004 γνώμῃ
782 3930 890 4002 γὰρ
919 3931 1013 3984 καὶ
1038 3933 1102 4002 τῇ
1134 3929 1529 3999 συγκαταθέσει
1549 3929 1694 4001 είλη-

13 4023 184 4089 ςότες
222 4015 386 4091 ἦσαν.
421 4020 531 4073 Καί
555 4035 746 4088 φησιν
767 4034 781 4050 ο
825 4017 1172 4086 Ἀνάστητε,
1202 4018 1301 4072 καὶ
1332 4016 1605 4083 ἐξέλθετε
1625 4018 1693 4072 ἐκ

16 4109 119 4163 τοῦ
150 4108 347 4162 τόπου
395 4107 629 4172 τούτου,
663 4106 751 4160 ὅτι
790 4105 1042 4173 ἐκτρίϐει
1079 4106 1293 4175 Κύριος
1333 4104 1450 4187 τῂν
1491 4106 1689 4161 πόλιν.

15 4197 235 4262 Ἔδοξε
280 4194 350 4248 δὲ
381 4193 701 4265 γελοιάζειν
727 4194 1005 4248 ἐναντίον
1033 4191 1153 4246 τῶν
1181 4192 1454 4264 γαμϐρῶν
1482 4191 1690 4249 αὐτοῦ.

17 4286 163 4356 Ὅρα
187 4281 311 4346 πῶς
331 4283 394 4335 ἐκ
416 4281 516 4351 τῆς
539 4281 717 4353 ζύμης
743 4280 956 4352 ἐκείνης
971 4275 1111 4351 ἦσαν
1133 4280 1230 4351 τῆς
1261 4280 1503 4350 πονηρᾶς
1523 4271 1688 4334 οῦτοι.

19 4372 124 4426 Καὶ
161 4369 254 4424 διὰ
288 4367 447 4424 τοῦτο
480 4368 799 4440 βουλόμενος
827 4370 854 4422 6
899 4369 1032 4432 Θεὸς
1072 4367 1286 4439 ταχέως
1330 4367 1696 4440 ἐλευθερῶσαι

19 4462 101 4514 τὸν
137 4458 351 4514 δίκαιον
370 4460 472 4530 τῆς
507 4457 643 4530 πρὸς
669 4457 910 4521 ἐκείνους
944 4456 1301 4526 συγγενείας,
1334 4457 1396 4509 οὐ
1449 4456 1693 4528 συνεχὼο

21 4567 187 4620 οησεν
218 4546 342 4601 οὐδὲ
380 4546 605 4618 μιγῆναι
646 4547 830 4611 αὐτοῖς
863 4545 962 4609 τὰς
1003 4544 1309 4618 θυγατέρας
1336 4545 1428 4599 τοῦ
1462 4545 1692 4612 δικαίου,

21 4638 154 4691 ma:
182 4636 581 4708 προανήρπασε
619 4635 753 4708 μετὰ
783 4633 892 4688 τῶν
924 4633 1178 4706 πονηρῶν
1211 4633 1305 4686 καὶ
1336 4632 1578 4698 τούτους,
1609 4634 1698 4688 ἶνα

23 4721 312 4792 ιξελθὼνό
342 4722 550 4786 δίκαιος
591 4721 730 4794 μετὰ
776 4721 886 4776 τῶν
938 4719 1255 4792 θυγατέρων
1309 4718 1545 4790 διαφύγῃ
1595 4719 1696 4790 τὴν

25 4815 157 4885 τρδς
182 4812 430 4876 ἐκείνους
461 4812 798 4882 συγγένειαν.
840 4808 1200 4873 Ἀκούσαντες
1220 4809 1396 4864 τοίνυν
1425 4809 1574 4880 παρά
1601 4809 1696 4862 τοῦ

25 4896 232 4951 ῐικαίου
247 4893 349 4966 τὴν
369 4894 607 4966 φοὸερὰν
627 4894 829 4964 ταύτην
852 4893 1100 4965 ἀπειλὴν,
1123 4893 1406 4965 μονονουχὶ
1425 4891 1697 4963 διεχλεύα-

27 4990 129 5050 ζον,
164 4984 263 5038 κα)⁸
295 4982 542 5054 ἐνόμιζον
571 4982 844 5054 ληρῳδίαν
893 4978 1033 5036 εῖναι
1068 4982 1136 5036 τὰ
1170 4982 1298 5052 παρ’
1349 4981 1512 5034 αὐτοῦ
1543 4980 1696 5050 λεγό-

29 5090 179 5125 ιενα.
232 5069 378 5123 Ἀλλ’
407 5069 558 5141 ὅμως
597 5072 624 5123 6
673 5070 884 5132 δίκαιος
924 5069 992 5122 τὰ
1027 5069 1156 5142 παρ’
1187 5067 1381 5122 ἐαυτοῦ
1436 5069 1695 5140 ἐπλήρου,

29 5163 109 5216 ταὶ
137 5159 336 5230 ἐπειδὴ
367 5157 513 5223 ἅπαξ
560 5157 996 5229 ἐμνηστεύσαντο
1045 5156 1208 5211 αὐτοῦ
1237 5157 1336 5220 τὰς
1371 5155 1695 5227 θυγατέρας,

37 5248 294 5320 σουλήθη
326 5246 630 5318 ἐξαρπάσαι
663 5245 859 5308 αὐτοὺς
891 5244 991 5315 τῆς
1021 5245 1319 5315 τιμωρίας·
1355 5242 1469 5296 ἀλλ’
1499 5245 1698 5297 ἐκεῖνοι

34 5338 134 5390 ηὖδέ
167 5335 349 5398 οὕτως
381 5334 692 5404 ἠνέσχοντο,
724 5332 840 5387 ἀλλ’
873 5331 1138 5404 ἐπέμενον
1168 5331 1244 5403 τῷ
1272 5331 1456 5403 οίκείῳ
1485 5331 1695 5403 τρόπῳ,

33 5428 106 5478 ιαὶ
134 5421 446 5496 ἐμάνθανον
471 5421 656 5476 λοιπὸν
695 5421 761 5475 δι’
788 5421 966 5475 αὐτῶν
1004 5420 1113 5474 τῶν
1141 5419 1338 5490 ἔργων,
1372 5419 1446 5484 ὡς
1467 5420 1528 5472 οὐ
1561 5437 1625 5472 συ
1635 5437 1700 5489 μ-

35 5513 302 5583 ›ερόντως
346 5512 532 5572 αὐτοῖς
574 5508 669 5563 τοῦ
711 5509 921 5563 δικαίου
981 5509 1081 5579 τὴν
1118 5506 1428 5577 συμϐουλὴν
1454 5506 1701 5577 ἀπεπέμ-

37 5614 212 5651 δαντο.
246 5597 461 5651 Ἦνίκα
487 5595 575 5656 δὲ,
607 5597 791 5665 φησὶν,
817 5595 1024 5664 ὄρθρος
1040 5595 1297 5664 ἐγένετο,
1323 5592 1701 5647 ἐπεσπούδιι-

37 5688 116 5741 'or
146 5687 208 5739 οι
245 5684 487 5754 ἄγγελοι
528 5683 638 5737 τὸν
662 5683 810 5746 Λὼτ,
849 5682 1158 5751 λέγοντες·
1212 5680 1506 5746 Ἀναστὰς
1554 5679 1703 5734 λάϐε

39 5775 132 5840 ὴν
157 5769 417 5842 γυναῖκά
445 5784 584 5832 σου,
615 5770 847 5836 καὶτὰς
873 5770 983 5824 δύο
1014 5768 1361 5838 θυγατέρας,
1412 5767 1486 5833 ἂς
1517 5767 1696 5836 ἔχεις.

41 5860 119 5914 ταί
144 5860 381 5924 ἔξελθε,
407 5858 509 5912 ἵνα
533 5857 618 5927 μὴ
650 5857 747 5912 καί
782 5857 862 5912 σὺ
901 5858 1222 5924 συναπόλη
1262 5854 1390 5920 ταῖς
1422 5855 1696 5923 ἀνομίαις

42 5947 129 6018 ἦς
162 5948 415 6014 πόλεως.
452 5945 555 6002 Καὶ
584 5944 1022 6014 ἐταράχθησαν.
1050 5943 1139 6013 Μὴ
1172 5942 1366 6014 μέλλε,
1409 5941 1575 6012 φησί’
1614 5943 1696 5997 δεῖ

1134 272 1205 329 ΙΝ
1236 274 1388 332 CAP.
1430 275 1551 332 XIX
1580 276 1825 335 GENES.
1871 278 2104 339 ΕΟΜῙΙ..
2146 281 2327 341 XLIII.

3352 289 3454 342 λίοῑ

1790 397 1899 467 γὰρ
1934 399 2034 470 ήδη
2067 399 2158 453 τὸν
2184 400 2405 473 ὄλεθρον
2424 401 2632 466 τούτοις
2659 400 2964 473 ἐπιστῆναι.
3006 401 3209 455 Σαυτὺν
3239 398 3332 456 οὖν
3363 405 3455 456 καὶ

1785 476 1884 546 τὴν
1900 479 2136 544 γυναῖκά
2165 495 2257 532 σου
2279 481 2374 533 καὶ
2402 480 2501 544 τὰς
2525 479 2618 533 δύο
2637 479 2942 551 θυγατέρας
2967 479 3255 534 διάσωσον.
3285 480 3457 534 Ἐκεῖ-

1786 572 1864 608 νοι
1889 555 1999 626 γὰρ
2031 558 2080 610 ot
2116 557 2190 630 μὴ
2220 558 2544 630 θελήσαντες
2583 559 2868 629 πεισθῆναί
2893 576 2987 611 σου
3013 562 3080 630 τῇ
3108 559 3454 629 παραινέσει,

1783 634 1884 687 οὐκ
1907 637 1988 698 είς
2013 637 2231 708 μακρὰν
2257 639 2356 710 τῆς
2386 639 2658 701 ἀπωλείας
2679 639 3064 710 κοινωνήσουσι
3095 642 3206 701 τοῖς
3229 639 3453 702 λοιποῖς.

1785 710 1876 782 Μὴ
1903 713 2083 767 τοίνυν
2113 716 2294 786 μέλλε,
2336 714 2421 770 ίνα
2453 716 2528 788 μὴ
2577 717 2670 770 καὶ
2723 716 2887 782 αὐτὸς
2943 719 3006 789 τῇ
3060 717 3306 788 ἀπωλείᾳ
3349 717 3459 770 τῶν

1787 791 2117 862 παρανόμων
2170 794 2372 848 τούτων
2445 796 2795 868 κοινωνήσῃς.
2881 795 2987 850 Καὶ
3042 795 3459 863 ἐταράχθησαν

1783 869 1958 926 ταῦτα
1991 871 2323 936 ἀκούσαντες
2346 875 2394 926 οί
2424 874 2551 944 περὶ
2581 874 2672 927 τὸν
2705 873 2828 928 Λὼτ
2858 875 2949 928 κα)⁸
2974 875 3073 947 τὴν
3103 877 3336 943 γυναῖκα
3367 879 3460 930 καὶ
3499 875 3513 886 ’

1785 948 1885 1014 τὰς
1943 949 2248 1024 θυγατέρας
2274 970 2288 983 ·
2337 952 2828 1020 Ἐταράχθησαν,
2879 954 3043 1025 φησὶ,
3099 954 3242 1007 τοῦτ’
3290 954 3456 1017 ἐστιν,

1785 1028 2014 1099 ἔμφοϐοι
2047 1031 2353 1099 γεγόνασιν,
2383 1032 2462 1095 είς
2487 1031 2686 1101 πολλὴν
2714 1031 2912 1087 δειλίαν
2933 1033 3295 1104 κατέστησαν,
3314 1036 3459 1104 ἡγω-

1785 1109 1976 1164 νίασαν
1997 1110 2096 1182 τὴν
2118 1109 2363 1183 ἀπειλήν.
2398 1111 2489 1164 Διὸ
2515 1111 2800 1182 κηδόμενοι
2833 1112 2928 1164 τοῦ
2962 1113 3172 1166 δικαίου
3199 1115 3260 1166 Ol
3286 1113 3458 1183 ἄγγε-

1783 1193 1881 1244 λοι
1912 1189 2273 1258 ἐκράτησαν,
2307 1191 2458 1258 φησι,
2492 1189 2601 1258 τῆς
2633 1190 2831 1258 χειρὸς
2855 1191 3064 1245 αὑτοῦ.
3097 1193 3210 1244 Οὐκ
3244 1191 3324 1244 ἔτι
3351 1193 3460 1246 λοι-

1786 1268 1891 1324 πδν
1914 1272 1990 1336 ὡς
2018 1271 2146 1343 περὶ
2177 1271 2388 1344 ἀνδρῶν
2435 1272 2746 1342 διαλέγεται
2785 1274 2818 1344 ἡ
2867 1273 3082 1346 Γραφὴ,
3129 1272 3242 1327 ἀλλ’
3273 1276 3460 1344 ἐπειδὴ

1788 1349 2072 1422 μέλλουσιν
2098 1351 2327 1420 ἐπάγειν
2365 1353 2464 1424 τὴν
2493 1351 2787 1422 τιμωρίαν,
2826 1351 3092 1420 ἀγγέλους
3118 1353 3314 1417 αὐτοὺς
3350 1354 3467 1409 ὀνό-

1789 1428 1949 1500 μάζει
1973 1429 2066 1482 καί
2090 1447 2256 1501 φησιν
2277 1447 2291 1460 ·
2334 1429 2708 1498 Ἐκράτησαν
2735 1428 2847 1498 τῆς
2893 1429 3092 1499 χειρὸς
3120 1431 3327 1496 αὐτοῦ,
3361 1433 3459 1484 καί

1784 1507 1896 1576 τῆς
1923 1509 2122 1578 χειρός
2154 1508 2263 1575 τῆς
2283 1510 2568 1577 γυναικὸς
2595 1509 2801 1573 αὐτοῦ,
2832 1509 2930 1562 καὶ
2961 1508 3082 1562 τῶν
3105 1508 3318 1578 χειρῶν
3344 1507 3461 1562 τῶν

1785 1585 2124 1654 θυγατέρων
2167 1585 2376 1649 αὑτοῦ,
2431 1587 2500 1640 ἐν
2530 1587 2609 1653 τῷ
2638 1587 2964 1656 φείσασθαι
3001 1587 3189 1642 αὐτοῦ
3221 1589 3458 1656 Κύριον.

1788 1663 2211 1735 Παρεοάρῤυναν
2232 1665 2427 1727 αὐτοὺς
2442 1664 2529 1717 διὰ
2557 1665 2654 1734 τῆς
2675 1665 2821 1734 ἁφῆς
2843 1665 2943 1736 τῆς
2965 1665 3170 1737 χειρὸς,
3203 1666 3298 1719 καί⁸
3313 1665 3462 1718 ἐνεύ⁸

1788 1759 1966 1812 ρωσαν
2015 1744 2192 1796 αὐτῶν
2232 1746 2329 1814 τὴν
2358 1743 2690 1814 προθυμίαν,
2741 1743 2828 1796 ἵνα
2878 1744 2952 1816 μὴ
2990 1747 3017 1798 6
3054 1745 3213 1813 φόϐος
3235 1745 3460 1815 διαλύσῃ

1783 1821 1962 1874 αὐτῶν
1995 1821 2092 1890 τὴν
2132 1820 2282 1891 ίσχύν
2305 1839 2316 1849 ’
2349 1820 2438 1873 διὰ
2473 1822 2634 1874 τοῦτο
2661 1821 2964 1890 ἐπήγαγεν,
3017 1823 3119 1875 Ἐν
3151 1822 3228 1889 τῷ
3254 1824 3462 1892 φείσα-

1783 1902 1922 1952 σθαι
1952 1899 2139 1954 αὑτοῦ
2164 1901 2404 1968 Κύριον.
2453 1899 2669 1972 Ἐπειδὴ
2699 1899 2829 1971 γὰρ,
2868 1901 3022 1972 φησὶ,
3060 1904 3334 1974 σωτηρίας
3363 1902 3460 1954 αύ-

1783 1979 1873 2032 τὸν
1907 1978 2055 2044 ἄξιον
2083 1973 2353 2051 ἔκρινενὸ
2408 1978 2634 2051 Κύριος,
2687 1979 2774 2033 διὰ
2808 1980 2965 2034 τοῦτο
3015 1983 3109 2034 καὶ
3156 1973 3462 2051 οίίᾶγγελοι

1786 2058 2097 2129 βουλόμενοι
2153 2058 2304 2132 [445]
2341 2060 2611 2130 νευρῶσαι
2660 2059 2840 2113 αὐτῶν
2881 2059 2980 2131 τὴν
3031 2060 3337 2132 προθυμίαν
3365 2062 3475 2131 τῆς-

1785 2137 1966 2208 χειρὸς
1989 2137 2169 2190 αὐτῶν
2198 2137 2482 2208 κρατοῦσι,
2518 2139 2628 2192 Καὶ
2654 2139 3054 2208 ἐξαγαγόντες
3083 2139 3306 2204 αὐτοὺς
3348 2141 3464 2202 ἐξω

1784 2211 1962 2268 εἶπαν
1982 2231 1995 2244 ·
2029 2213 2181 2275 Σῶζε
2205 2216 2321 2284 τὴν
2362 2217 2624 2270 σεαυτοῦ
2655 2217 2866 2286 ψυχήν
2886 2233 2899 2247 ·
2952 2217 3038 2287 μὴ
3097 2217 3465 2287 περιϐλέψῃς

1784 2297 1869 2362 εἰς
1902 2293 1974 2347 τὰ
1993 2295 2208 2360 ὀπίσω,
2233 2296 2320 2364 μὴ
2343 2295 2500 2365 στῇς
2523 2297 2775 2366 ἐνπάσῃ
2809 2296 2883 2365 τῇ
2915 2298 3243 2366 περιχώρῳ,
3278 2301 3365 2363 είς
3397 2297 3464 2350 τὸ

1787 2375 1924 2442 ὄρος
1943 2372 2254 2444 σώζου,μή
2287 2391 2432 2429 ποτε
2457 2374 3004 2445 συμπαραληφθῇς.
3039 2377 3276 2447 Ἐπειδὴ,
3309 2379 3461 2446 φησι,

1785 2453 1969 2506 λοιπὸν
2003 2453 2395 2525 ἁπηλλάξαμέν
2430 2470 2489 2507 σε
2521 2455 2628 2508 τῶν
2658 2455 2993 2526 παρανόμων
3017 2455 3240 2519 τούτων,
3270 2455 3464 2526 μηκέτι

1786 2530 2085 2603 περιϐλέψῃ
2115 2531 2195 2594 είς
2232 2533 2300 2584 τά
2331 2531 2525 2594 ὀπίσω,
2555 2535 2692 2604 μήτε
2728 2533 2960 2606 θελήσῃς
2990 2533 3117 2587 ίδείν
3149 2535 3219 2586 τὰ
3254 2533 3466 2597 τούτοις

1788 2610 2200 2682 συμϐησόμενα,
2231 2609 2368 2664 ἀλλὰ
2395 2609 2631 2666 σπεῦσον
2657 2616 2751 2665 καὶ
2777 2611 2993 2683 μακρὰν
3021 2613 3201 2680 γενοῦ,
3242 2613 3326 2664 ἵνα
3353 2612 3467 2664 δια⁴

1787 2691 1978 2758 φυγεῖν
2002 2689 2234 2760 δυνηθῇς
2282 2690 2382 2759 τὴν
2411 2690 2763 2761 ἐπαγομένην
2794 2688 3003 2753 τούτοις
3023 2687 3465 2762 τιμωρίαν.Εἷτα

1786 2766 2036 2830 δεδοικὼς
2069 2767 2098 2818 6
2132 2767 2360 2832 δίκαιος,
2399 2769 2607 2840 μήποτε
2642 2770 2703 2822 ού
2761 2768 2964 2840 δυνηθῇ
3001 2769 3326 2822 καταλαϐεῖν
3374 2770 3465 2822 τὸν

1789 2847 1880 2900 ὑπ’
1914 2846 2098 2920 αὐτῶν
2125 2847 2676 2920 ἀφορισθέντατόπον
2701 2889 2715 2910 ,
2749 2847 2844 2920 καὶ
2883 2850 2963 2910 είς
3005 2849 3064 2901 τὸ
3087 2848 3211 2920 ὄρος
3240 2848 3462 2917 φθάσαι,

1789 2917 1922 2988 φησί
1947 2933 1961 2948 ο
1991 2915 2449 2986 Δέομαιίιίύριε,
2479 2918 2688 2983 ἐπειδὴ
2719 2915 2898 2986 εὗρεν
2931 2922 2964 2971 ό
2989 2915 3131 2984 παῖς
3154 2915 3270 2973 σου
3295 2920 3467 2984 ἕλεος

1788 2996 2064 3050 ἐναντίον
2099 3010 2216 3050 σου
2243 3035 2259 3061 ,
2323 2997 2421 3051 καὶ
2481 2997 2859 3068 ἐμεγάλυνας
2918 2997 3034 3066 τὴν
3071 2999 3465 3065 δικαιοσύνην

1789 3092 1928 3139 σου,
1955 3075 1987 3130 ὃ
2037 3075 2225 3142 ποιεῖς
2269 3077 2356 3142 είς
2391 3075 2496 3145 ἐμὲ
2520 3077 2624 3130 τοῦ
2650 3075 2758 3144 ζῇν
2790 3075 2904 3144 τὴν
2930 3075 3142 3145 ψυχήν
3167 3091 3316 3145 μου·
3352 3075 3468 3144 ἐγὼ

1790 3154 1858 3207 δὲ
1883 3157 1954 3209 οὐ
1987 3152 2326 3224 δυνήσομαι
2355 3154 2720 3227 διασωθῇναι
2745 3157 2834 3222 είς
2863 3155 2929 3208 τὸ
2961 3155 3120 3223 ὅρος,
3155 3157 3241 3224 μὴ
3286 3171 3466 3207 κατα-

1790 3235 1949 3304 λάϐῃ
1975 3251 2051 3304 με
2081 3240 2153 3289 τὰ
2182 3233 2357 3298 κακὰ,
2394 3233 2492 3288 καὶ
2521 3233 2820 3289 ἀποθάνω.
2857 3234 3012 3288 Ἰδοὺ
3042 3237 3078 3302 ἠ
3118 3238 3296 3300 πόλις
3315 3235 3464 3300 αὕτη

1791 3315 1970 3388 ἐγγὺς
1999 3315 2104 3369 τοῦ
2131 3313 2498 3384 καταφυγεῖν
2524 3331 2601 3384 με
2647 3313 2786 3380 ἐκεῖ,
2819 3313 3004 3384 μικρά
3033 3315 3206 3367 ἐστιν
3243 3327 3265 3354 ιλ
3287 3331 3300 3342 ·
3347 3315 3472 3367 ἐκεί

1791 3395 2161 3464 σωθήσομαι,
2213 3393 2310 3446 καί
2363 3393 2601 3458 ζήσεται
2649 3395 2686 3462 ἡ
2727 3393 2896 3463 ψυχή
2943 3411 3062 3463 μου
3091 3392 3298 3446 ἕνεκεν
3327 3393 3464 3447 σοῦ.

1805 3474 2024 3543 Ἐπειδὴ
2052 3472 2216 3536 ἅπαξ,
2243 3475 2421 3543 φησιν,
2447 3473 2696 3544 ἐκρίνατε
2721 3474 2816 3543 τὴν
2838 3475 3111 3543 σωτηρίαν
3140 3473 3467 3544 χαρίσασθαί

1797 3571 1908 3624 μοι,
1928 3552 2242 3624 ὑπερόαίνει
2259 3552 2316 3604 δέ
2343 3568 2444 3622 μου
2460 3554 2558 3622 τὴν
2583 3553 2734 3622 ἰσχὺν
2756 3552 2816 3604 τὸ
2843 3551 3044 3621 φθάσαι
3073 3551 3167 3622 τὴν
3195 3551 3286 3603 τοῦ
3311 3553 3468 3622 ὄρους

1794 3631 2060 3704 κορυφὴν,
2099 3631 2321 3683 πλείονα
2354 3631 2482 3702 περὶ
2509 3632 2608 3702 ἐμὲ
2627 3632 2722 3702 τὴν
2763 3631 3172 3701 φιλανθρωπίαν
3205 3630 3468 3695 ἐπιδείξα-

1796 3714 1911 3779 σθε,
1943 3713 2035 3766 καὶ
2068 3713 2394 3783 κουφότερόν
2429 3729 2516 3782 μοι
2539 3712 2629 3764 τόν
2646 3712 2891 3782 κάματον
2929 3714 3212 3783 ποιήσατε.
3243 3715 3467 3782 Μήποτε

1794 3790 1887 3846 οὖν
1914 3791 2244 3861 καταληφθῶ
2273 3792 2375 3843 ὑπὸ
2407 3791 2506 3860 τῆς
2525 3791 2873 3861 ὲπαγομένης
2903 3791 3196 3861 τιμωρίας,
3229 3795 3321 3843 καὶ
3354 3807 3468 3842 κοι-

1793 3872 2020 3940 νωνήσω
2047 3871 2144 3940 τῆς
2180 3870 2334 3940 δίκης
2351 3869 2582 3933 τούτοις,
2608 3871 2708 3940 τὴν
2734 3867 2886 3922 πόλιν
2916 3869 3120 3938 ταύτην
3149 3871 3174 3908 b
3203 3872 3300 3940 τὴν
3334 3887 3470 3938 πλη·-

1798 3953 1911 4006 σίον
1937 3949 2234 4018 ἁφορίσατέ
2269 3965 2379 4020 μοι.
2415 3949 2478 4001 Εί
2503 3949 2610 4020 γὰρ
2644 3949 2739 4002 καὶ
2762 3948 2985 4017 εὐτελής
3009 3950 3124 3999 ἐστι
3149 3949 3244 4001 καὶ
3275 3953 3467 4020 μικρὰ,

1797 4030 1912 4085 ἀλλ’
1945 4031 2063 4083 ἐκεῖ
2078 4028 2362 4091 διασωθεὶς
2381 4027 2680 4098 δυνήσομαι
2703 4030 2762 4080 ἐν
2795 4027 3065 4098 ἀσφαλείᾳ
3083 4023 3224 4081 εἶναι
3262 4027 3467 4080 λοιπόν.

1795 4111 1906 4164 Καὶ
1933 4106 2102 4162 εἶπεν
2129 4107 2317 4172 αὐτῷ·
2359 4107 2504 4161 Ἰδοὺ
2530 4105 2843 4176 ἐθαύμασα
2873 4123 2988 4159 σου
3021 4107 3086 4159 τὸ
3122 4107 3468 4174 πρόσωπον,

1796 4189 1894 4243 καὶ
1943 4189 2042 4241 ἐπὶ
2098 4183 2178 4252 τῷ
2218 4185 2439 4256 ῥήματι
2497 4188 2722 4253 τούτῳ,
2784 4184 2888 4238 τοῦ
2929 4185 3016 4254 μὴ
3068 4183 3472 4253 καταστρέψαι

1799 4267 1915 4338 τὴν
1946 4269 2166 4332 πόλιν,
2215 4266 2348 4334 περὶ
2380 4262 2456 4337 ἧς
2504 4266 2838 4333 ἐλάλησας.
2892 4264 3190 4336 Ἐδεξάμην
3226 4283 3317 4317 σον
3374 4270 3472 4337 τὴν

1801 4347 2034 4411 ἱκεσίαν,
2071 4347 2223 4417 φησὶ,
2274 4347 2366 4398 καὶ
2407 4349 2617 4416 ποιήσω
2650 4344 2954 4410 καὶτοῦτο,
3005 4346 3098 4398 καὶ
3138 4345 3356 4416 παρέξει)
3389 4364 3472 4399 σοι

1797 4429 1859 4481 τὸ
1879 4427 2124 4496 αἰτηθὲ),
2151 4430 2246 4480 καὶ
2271 4426 2360 4479 διὰ
2392 4426 2448 4478 σὲ
2473 4429 2570 4479 καὶ
2594 4427 2692 4496 τῆς
2726 4425 2935 4490 πόλεως
2976 4426 3253 4498 φείσομαι.
3281 4430 3469 4482 Σπεῦ-

1800 4523 1917 4562 σον
1939 4504 2073 4570 οὖν,
2104 4507 2200 4560 καί
2234 4507 2530 4560 κατάλαϐε
2557 4506 2664 4558 τὸν
2684 4507 2888 4570 τόπον,
2937 4507 3034 4559 καὶ
3081 4506 3300 4566 σώζου·
3333 4507 3475 4561 οὐδὲ

1801 4590 1910 4660 γὰρ
1938 4587 2174 4654 ποιήσω
2196 4604 2252 4641 τι
2277 4587 2451 4658 μέχρι
2472 4589 2579 4642 τοῦ
2604 4585 3048 4657 παραγενέσθαι
3080 4603 3154 4641 σε
3175 4587 3303 4641 ἐκεῖ
3327 4597 3368 4641 υ.
3397 4590 3471 4640 UO

1801 4673 1911 4741 γὰρ
1937 4669 2260 4740 δυνήσομαι,
2297 4669 2452 4740 φησι,
2483 4667 2580 4721 τοῦ
2619 4668 2839 4739 ποιῆσαι
2896 4668 3131 4738 πρᾶγμα
3226 4668 3332 4732 ἓως
3379 4669 3470 4721 τοῦ

1803 4748 2064 4804 είσελθεῖν
2098 4765 2158 4802 σε
2194 4749 2330 4803 ἐκεῖ.
2369 4750 2586 4822 Ἐπειδὴ
2627 4749 2861 4821 κήδομαί
2915 4765 3008 4802 σου
3031 4750 3129 4819 τῆς
3176 4751 3471 4820 σωτηρίας,

1803 4829 2060 4902 ἀναμενῶ
2085 4831 2184 4901 τὴν
2236 4832 2353 4885 ἐκεῖ
2382 4847 2476 4884 σου
2521 4831 2725 4900 ἄφιξιν,
2768 4833 2863 4886 καὶ
2897 4831 3020 4884 τότε
3048 4830 3256 4894 τούτοις
3285 4832 3475 4898 ἐπάγω

1804 4912 1902 4983 τὴν
1941 4913 2231 4983 τιμωρίαν.
2286 4911 2350 4964 '0
2392 4911 2562 4979 ἥλιος
2601 4909 2859 4978 ἐξῆλθεν
2906 4911 3003 4964 ἐπὶ
3037 4909 3149 4976 τὴν
3182 4909 3316 4978 γῆν,
3375 4911 3475 4961 καὶ

1804 4993 1933 5048 Λὼτ
1954 4991 2240 5061 εἰσῆλθεν
2259 4993 2347 5058 είς
2370 4990 2594 5060 Σηγὼρ.
2625 4991 2698 5043 Πε
2709 4993 2760 5060 ρὶ
2791 4991 2890 5060 τὴν
2917 4989 3008 5042 τοῦ
3031 4990 3180 5058 ἡλίου
3211 4989 3498 5058 ἀνα.ολὴν,

1807 5075 2009 5144 ἔφθασε
2031 5075 2130 5144 τὴν
2163 5072 2318 5126 πόλιν
2341 5088 2356 5103 ⁸
2377 5073 2470 5127 καὶ
2503 5072 2702 5134 εὐθέως
2732 5071 2938 5123 ἐκείνου
2967 5071 3118 5134 ἐντὸς
3147 5071 3244 5140 τῆς
3269 5070 3474 5133 πόλεως

1805 5153 2122 5224 γενομένου,
2158 5148 2303 5206 οῦτοι
2331 5150 2428 5222 τὴν
2460 5151 2728 5222 τιμωρίαν
2781 5149 3040 5219 ἐδέχοντο.
3075 5149 3317 5218 Ἕϐρεξε
3345 5149 3475 5220 γὰρ,

1806 5236 1961 5305 φησὶ,
1997 5235 2216 5302 Κύριος
2243 5232 2342 5286 ἐπὶ
2373 5231 2604 5302 Σόδομα
2626 5233 2720 5285 καὶ
2746 5232 3017 5302 Γόμορρα
3050 5233 3208 5284 θεῖον
3238 5232 3335 5284 καὶ
3359 5233 3476 5300 πῐιο

1807 5317 1966 5384 παρὰ
1989 5315 2208 5382 Κυρίου
2259 5315 2328 5367 ἐκ
2355 5312 2462 5367 τοῦ
2488 5312 2768 5379 οίιοανοῦ,
2809 5313 2905 5365 καὶ
2961 5312 3329 5382 κατέστρεψε
3372 5314 3478 5378 τὰς

1808 5400 2020 5464 πόλεις
2041 5397 2259 5462 ταύτας
2288 5396 2386 5450 καί
2409 5394 2617 5452 πᾶσαν
2637 5394 2752 5464 τὴν
2777 5396 3096 5464 περίοικον,
3122 5396 3219 5449 καὶ
3251 5394 3479 5460 πάντας

1805 5479 1948 5545 τοὺς
1973 5477 2400 5543 κατοικοῦντας
2425 5477 2495 5530 ἐν
2528 5474 2655 5542 ταῖς
2680 5477 2918 5539 πόλεσι,
2950 5477 3047 5529 καί
3075 5475 3196 5530 πᾶν
3230 5475 3478 5530 ἀνατέλ-

1805 5561 1920 5611 λον
1942 5558 2010 5610 ἐκ
2039 5556 2149 5626 τῆς
2167 5555 2278 5627 γῆς
2304 5553 2356 5611 ά.
2381 5555 2474 5627 Μὴ
2501 5555 2756 5623 ξενιζέτω
2791 5573 2872 5621 σε,
2910 5558 3160 5629 ἀγαπητέ
3186 5596 3200 5619 ,
3247 5556 3353 5609 τῶν
3378 5557 3482 5624 ρη-

1873 5649 1898 5676 “
1930 5646 2102 5710 Mprel.
2127 5647 2270 5710 μικρά
2297 5646 2439 5695 ἐστιν.
2463 5645 2615 5695 Savil.
2645 5641 2676 5699 ἣ
2705 5645 2850 5709 μικρά
2874 5646 3017 5696 ἐστιν.
3045 5646 3264 5705 Quatuor
3282 5657 3394 5692 mens.
3423 5646 3479 5692 οὐ

1808 5710 1953 5772 μικρά
1973 5709 2118 5772 ἐστιν·

1871 5768 1906 5809 δ’
1923 5771 2072 5818 Savil.
2101 5771 2181 5817 καὶ
2202 5771 2287 5826 τήν
2313 5786 2363 5818 π.
2386 5785 2429 5817 τ.
2451 5768 2598 5819 Coisl.
2625 5769 2711 5816 κᾶν
2728 5771 2812 5826 τήν
2836 5769 2918 5817 πό)
2931 5787 2970 5816 ιν
3003 5787 3046 5817 τ.

1873 5835 1889 5866 ί
1930 5832 1978 5880 In
2008 5831 2179 5880 Bibliis
2199 5825 2380 5881 Gratis
2405 5832 2588 5893 legitur
2612 5844 2623 5878 :
2671 5829 2988 5893 Σπεῦσον-οὗν
3009 5826 3094 5876 τοῖ-
3127 5831 3333 5893 σωοῆνα.
3359 5825 3474 5876 ἐτι-εἷ’

1806 5895 1862 5943 οὐ
1881 5896 1970 5968 γάρ
2001 5894 2264 5968 δυνήσομαι
2284 5891 2484 5968 ποιῆσαι
2503 5897 2696 5968 πρᾶγμα
2717 5894 2804 5968 ἕως
2823 5891 2908 5939 τοῦ
2937 5893 3078 5966 ἐλθεῖν
3101 5907 3154 5938 σε
3177 5891 3290 5938 ἐκεῖ.

1870 5953 1898 5994 ἀν
1927 5953 1978 6004 ιιι
2001 5953 2381 6018 Bibliis’k'gilur
2409 5953 2569 6003 καὶτὰ
2595 5953 2906 6004 ἀνατέλλοντα
2930 5955 2982 6002 ἐκ
3003 5961 3084 6008 τῆς
3111 5959 3210 6014 γῆς.
