3750 6250
231 319 338 373 ἇθῖἰ

235 435 418 506 μάτων
445 435 478 507 ἡ
519 434 758 510 συνθήκη
777 454 790 469 ⁶
827 437 1023 509 ἰδίωμα
1042 439 1152 511 γάρ
1179 437 1337 492 τοῦτό
1365 439 1482 491 ἐστι
1511 437 1612 506 τῆς
1649 432 1895 506 Γραφῆςν

233 527 327 577 καὶ
355 523 664 594 ἀδιαφόρως
705 525 847 579 οὕτω
876 527 1136 590 πολλάκις
1168 527 1348 596 τίθησι
1381 526 1448 580 τὰ
1493 527 1716 597 ρἡατα
1735 541 1748 554 ·
1779 523 1808 576 6
1835 523 1900 594 δὴ

232 613 324 666 καί
351 613 446 667 νῦν
475 611 621 665 ἐστιν
662 614 809 668 ἰδεῖν.
840 615 1075 682 Ἕϐρεξε
1100 614 1230 683 γὰρ,
1285 613 1440 685 φησὶ,
1473 613 1688 680 Κύριος
1741 609 1902 665 θεῖον

232 701 328 752 καὶ
379 702 498 767 πῦρ
527 702 685 768 παρὰ
733 703 953 769 Κυρίου
980 703 1048 755 ἐκ
1080 702 1187 756 τοῦ
1237 693 1516 768 οὐρανοῦ,
1546 699 1633 753 ῐνα
1661 701 1790 770 εῐπη
1819 699 1902 751 δτι

233 785 436 858 Κύριος
459 787 558 858 τὴν
584 788 854 860 τιμωρίαν
892 790 1158 860 ἐπὴγαγε,
1189 789 1284 841 καὶ
1311 789 1373 841 οὑ
1405 788 1562 858 μόνον
1591 787 1690 850 τάς
1719 786 1904 848 πόλεις

234 873 608 946 κατέστρεψε,
660 876 756 928 καὶ
807 877 986 930 πᾶσαν
1029 876 1130 947 τὴν
1175 875 1452 948 περίοικον
1487 916 1502 940 ,
1553 873 1648 928 καὶ
1695 874 1904 934 πάντας

233 963 356 1024 τοὺς
379 961 785 1028 κατοικοῦντας,
813 963 950 1017 ἀλλά
986 968 1078 1018 καί
1102 965 1170 1019 τά
1196 963 1556 1018 ἀνατέλλοντα
1582 965 1646 1016 ἐκ
1669 960 1770 1032 τῆς
1800 963 1904 1032 γῆς

234 1049 520 1120 ἠφάνισεν.
586 1052 804 1123 Ἐπειδὴ
851 1052 959 1124 γὰρ
987 1055 1035 1106 οἰ
1065 1051 1268 1124 ταύτην
1296 1052 1574 1116 οἰκοῦντες
1627 1050 1905 1121 ἄνθρωποι

235 1136 404 1191 πολὺν
427 1139 525 1209 τῆς
553 1139 817 1212 πονηρίας
847 1139 937 1193 τὸν
967 1140 1179 1210 καρπὸν
1230 1138 1592 1205 ἐπεδείξαντο,
1641 1137 1728 1191 διὰ
1750 1135 1906 1190 τοῦτο

234 1226 328 1279 καὶ
350 1226 452 1294 τῆς
483 1225 605 1298 γῆς,
633 1226 788 1299 φησί,
817 1228 944 1291 τοὺς
971 1230 1216 1300 καρποὺς
1243 1228 1550 1300 ἀχρήστους
1577 1226 1904 1297 ἐργάζομαι.

233 1313 320 1365 ἵνα
341 1313 438 1366 καὶ
466 1314 690 1370 ἐκείνων
719 1315 1126 1386 ἀφανισθέντων
1153 1314 1291 1386 αὑτη
1325 1313 1572 1385 διηνεκὲς
1608 1312 1908 1382 ὑπόμνημα

236 1404 385 1476 [μϐ]
408 1406 632 1476 γένηται
653 1409 774 1470 ταῖς
806 1405 944 1478 μετά
963 1405 1138 1461 ταῦτα
1167 1407 1403 1474 γενεαῖς,
1454 1402 1543 1457 διὰ
1575 1402 1674 1474 τῆς
1700 1401 1908 1466 οἰκείας

237 1494 516 1565 ἀκαρπίας
541 1495 748 1558 πάντας
766 1493 1091 1548 διδάσκουσα
1112 1495 1220 1547 τῶν
1237 1492 1634 1564 ἐνοικησάντων
1654 1491 1790 1562 αὑτῇ
1809 1490 1909 1562 τὴν

237 1580 522 1652 πονηρίαν.
549 1579 701 1646 Εἶδες
739 1581 864 1636 ὅσον
909 1582 1056 1636 ἐστὶν
1108 1581 1298 1652 ἀρετὴ,
1329 1581 1423 1635 καὶ
1451 1580 1574 1633 ὅσον
1595 1577 1782 1643 κακία,
1814 1577 1908 1631 καὶ

237 1668 356 1732 πῶς
381 1671 410 1722 6
443 1669 539 1739 μὲν
561 1668 764 1732 δίκαιος
789 1668 990 1740 ἐσώθη,
1030 1668 1183 1723 αὑτοὶ
1216 1668 1274 1722 δὲ
1315 1667 1472 1734 ἀξίαν
1508 1666 1609 1739 τὴν
1638 1665 1908 1736 τιμωρίαν

238 1756 427 1809 [δοσαν
455 1757 553 1828 τῆς
575 1759 872 1830 πονηρίας;
908 1758 1017 1811 Καὶ
1047 1755 1236 1826 ὥσπερ
1264 1757 1292 1809 6
1330 1755 1535 1818 δίκαιος
1585 1753 1672 1808 διὰ
1707 1753 1806 1825 τὴν
1833 1755 1906 1806 οἰο

238 1843 393 1897 κείαν
427 1844 628 1916 ἀρετὴν
649 1847 742 1898 καὶ
758 1845 852 1908 τάς
877 1845 1182 1914 θυγατέρας
1197 1843 1444 1908 διέσωσε,
1463 1841 1678 1912 καὶτῆς
1703 1842 1911 1906 πόλεως

239 1929 452 2000 ἐκείνης
489 1929 585 2002 τὴν
623 1932 1006 2004 καταστροφὴν
1057 1930 1382 1984 διεκώλυσεν
1405 1948 1418 1961 ·
1452 1928 1596 1983 οὕτω
1645 1929 1740 1982 καὶ
1767 1921 1912 1982 οὗτοι

237 2017 325 2083 διὰ
357 2017 453 2089 τὴν
492 2018 797 2090 ὑπερϐολὴν
827 2020 928 2090 τῆς
952 2020 1160 2083 οἰκείας
1187 2018 1471 2091 πονηρίας,
1494 2018 1555 2071 οὑ
1579 2017 1738 2088 μόνον
1758 2017 1913 2069 αὑτοὶ

238 2103 516 2159 ἀπώλοντο
546 2107 644 2159 καὶ
688 2107 1078 2179 διεφθάρησαν,
1129 2107 1266 2162 ἀλλά
1293 2108 1388 2161 καὶ
1415 2105 1513 2177 τὴν
1537 2107 1640 2176 γῆν
1667 2105 1913 2176 ἄκαρπον

240 2196 320 2252 εἰς
351 2194 412 2245 τὸ
444 2193 568 2262 ἐξῆς
592 2194 846 2262 γενέσθαι
873 2194 1312 2267 παρεσκεύασαν.
1345 2194 1454 2248 Καὶ
1495 2193 1832 2261 ἐπέϐλεψεν
1872 2193 1911 2261 ἡ

239 2279 417 2349 γυνὴ,
457 2282 642 2352 φησὶν,
680 2285 767 2348 εἰς
794 2283 865 2337 τὰ
889 2284 1099 2347 ὀπίσω,
1125 2283 1223 2336 καί
1246 2282 1483 2352 ἐγένετο
1507 2281 1709 2350 στήλη
1742 2282 1940 2345 ἁλός..

251 2367 468 2439 Ἐπειδὴ
489 2368 599 2441 γὰρ
625 2369 910 2424 ἀκούσασα
932 2370 1040 2423 τῶν
1066 2369 1311 2438 ἀγγέλων
1342 2369 1454 2422 τῶν
1483 2367 1914 2437 διαταττομένων

239 2456 318 2526 τῷ
345 2457 558 2528 δικαίῳ,
593 2456 733 2510 ὥστε
771 2459 844 2529 μὴ
875 2457 1163 2531 προσέχειν
1185 2458 1267 2522 εἰς
1297 2458 1366 2512 τά
1399 2457 1595 2520 ὀπίσω,
1618 2455 1754 2509 ἀλλά
1777 2455 1915 2526 μετά

242 2545 446 2615 πολλῆς
473 2546 574 2616 τῆς
604 2545 865 2612 ἐπείξεως
891 2546 990 2617 τὴν
1015 2545 1362 2617 ἀναχώρησιν
1394 2543 1748 2616 ποιήσασθαι,
1782 2558 1915 2613 παρ-

242 2633 441 2700 ήκουσε
465 2633 573 2686 τῶν
605 2632 900 2704 ῥηθέντων,
933 2634 1028 2687 καὶ
1052 2633 1112 2688 τὸ
1133 2631 1511 2705 παραγγελθὲν
1539 2631 1640 2685 οὑκ
1660 2629 1912 2702 ἐφύλαξε,

241 2719 329 2773 διὰ
354 2719 510 2773 τοῦτο
540 2721 639 2791 τῆς
667 2720 876 2783 οἰκείας
909 2719 1183 2792 ῥᾳθυμίας
1211 2721 1393 2774 δίδωσι
1421 2721 1600 2791 δίκην.

312 2805 376 2871 ζ’.
431 2807 569 2860 Ἀλλ’
598 2809 762 2880 ἡμεῖς
785 2806 958 2862 ταῦτα
987 2807 1298 2872 ἀκούοντες,
1337 2809 1538 2880 πολλὴν
1570 2807 1672 2877 τῆς
1709 2805 1914 2870 οἰκείας

242 2894 516 2965 σωτηρίας
533 2895 632 2966 τὴν
654 2895 910 2966 πρόνοιαν
934 2893 1313 2968 ποιησώμεθα,
1329 2896 1423 2948 καὶ
1446 2897 1543 2966 τῆς
1566 2895 1665 2965 μὲν
1691 2894 1916 2947 ἐκείνων

242 2982 589 3053 παρανομίας
615 2983 876 3054 φύγωμεν
899 2984 998 3057 τὴν
1031 2984 1264 3056 μίμησιν
1287 3000 1302 3016 ο
1346 2982 1442 3036 τοῦ
1471 2983 1528 3036 δέ
1555 2981 1768 3036 δικαίου
1796 2982 1920 3035 τού-

242 3085 336 3121 του
370 3069 470 3140 τὴν
505 3069 811 3137 φιλοξενίαν
833 3069 1167 3143 ζηλώσωμεν
1204 3071 1300 3124 καὶ
1353 3068 1451 3140 τὴν
1499 3068 1665 3139 ἀλλην
1694 3067 1914 3140 ἀρετὴν,

244 3157 331 3208 ἵνα
366 3156 682 3229 δυνηθῶμεν
710 3159 805 3213 καὶ
847 3158 946 3229 τὴν
973 3157 1180 3213 ἀνωθεν
1225 3157 1394 3229 ὀργὴν
1450 3154 1916 3228 ἀποκρούσασθαι.

245 3246 318 3298 Οὑ
353 3245 464 3316 γάρ
497 3245 664 3308 ἐστιν,
691 3247 792 3300 οὑκ
822 3246 937 3300 ἔστι
971 3248 1061 3301 τὸν
1091 3246 1228 3317 μετά
1265 3245 1499 3317 σπουδῆς
1559 3244 1763 3316 ταύτην
1792 3261 1921 3314 μετ-

249 3327 416 3393 ιόντα,
443 3329 518 3400 μὴ
549 3329 716 3383 πολὺν
744 3329 991 3384 ἐντεῦθεν
1019 3329 1347 3401 κομίσασθαι
1369 3329 1464 3383 τὸν
1501 3328 1792 3400 θησαυρόν.
1811 3328 1922 3382 Καὶ

245 3418 356 3490 γὰρ
379 3418 426 3470 οἰ
457 3417 656 3470 δίκαιοι
681 3410 827 3472 οὗτοι
856 3417 999 3472 οὑτω
1025 3419 1124 3490 τῆς
1154 3417 1358 3473 ἀνωθεν
1386 3418 1558 3489 ῥοπῆς
1587 3415 1918 3488 ἠξιώθησαν,

247 3504 346 3558 καὶ
372 3507 400 3559 6
437 3505 784 3578 πατριάρχης
808 3507 903 3560 καὶ
923 3507 951 3561 6
979 3506 1123 3571 Λὼτ,
1148 3505 1242 3559 καὶ
1264 3505 1583 3576 ἀνθρώπους
1613 3503 1922 3573 νομίζοντες

250 3591 626 3663 ὑποδέχεσθαι,
665 3593 1083 3666 κατηξιώθησαν
1113 3594 1208 3648 καὶ
1255 3592 1518 3662 ἀγγέλους
1546 3591 1920 3662 ὑποδέχεσθαι,

250 3681 463 3734 καὶτὸν
493 3680 604 3735 τῶν
627 3683 872 3752 ἀγγέλων
905 3682 1202 3754 Δεσπότην.
1228 3682 1446 3747 Ἔξεστι
1495 3682 1589 3736 καὶ
1644 3683 1796 3750 ἡμῖν,
1826 3681 1923 3734 ὲάν

253 3768 600 3840 βουλώμεθα,
651 3773 746 3826 καὶ
802 3770 898 3826 νῦν
951 3771 1112 3824 αὑτὸν
1175 3769 1556 3834 ὑποδέξασθαι.
1604 3770 1774 3832 Αὑτδς
1813 3768 1924 3840 γάρ

251 3859 400 3911 ἐστιν
454 3859 484 3911 6
516 3859 776 3931 εἰρηκὼς,
842 3859 906 3913 '0
934 3859 1257 3928 δεχόμενος
1292 3859 1469 3929 ὑμᾶς,
1525 3856 1630 3927 ἐμὲ
1665 3856 1921 3927 δέχεται.

253 3944 412 3999 Οὕτω
447 3946 626 4002 τοίνυν
658 3949 786 4010 τοὺς
835 3947 1020 4012 ξένους
1071 3947 1485 4018 ὑποδεχιῖῳεθα,
1544 3948 1637 4000 καὶ
1675 3947 1747 4019 μὴ
1789 3946 1925 4018 πρὸς

253 4035 354 4105 τὴν
374 4034 484 4088 τῶν
516 4034 858 4105 φαινομένων
890 4034 1167 4088 εὐτέλειαν
1214 4033 1496 4104 ἀπίδωμεν
1535 4050 1686 4087 ποτε.
1725 4033 1924 4087 Ἐνίοτε

254 4122 389 4192 γὰρ,
417 4122 468 4175 εἰ
496 4120 719 4192 τοιαύτῃ
744 4119 940 4194 γνώμῃ
957 4122 1026 4175 τὰ
1057 4121 1157 4192 τῆς
1186 4119 1488 4191 φιλοξενίας
1509 4119 1923 4192 ἐπιδειξώμεθα,

257 4211 781 4282 καταξιωθησόμεθα
813 4211 907 4265 καὶ
934 4213 1096 4282 ἡμεῖς
1125 4211 1402 4275 τοιούτους
1431 4209 1804 4282 ὑποδέχεσθαι,
1831 4212 1924 4266 ἄν·

255 4299 390 4371 δρας
431 4298 529 4371 μὲν
561 4298 970 4371 νομιζομένους,
1026 4298 1134 4352 τῶν
1190 4299 1438 4368 ἀγγέλων
1481 4299 1538 4352 δὲ
1593 4299 1691 4370 τὴν
1723 4298 1926 4372 ἀρετὴν

262 4390 578 4461 μετιόνταςο
603 4389 762 4461 μόνον
803 4389 879 4462 μὴ
908 4387 1420 4462 περιεργαζώμεθα,
1469 4387 1604 4460 μηδὲ
1642 4387 1925 4461 πολυπρα-

257 4477 572 4549 γμονῶμεν,
628 4478 717 4533 ἵνα
744 4478 818 4549 μὴ
864 4477 1252 4550 διαμάρτωμεν
1302 4477 1396 4531 τοῦ
1431 4475 1730 4548 θησαυροῦ.
1773 4478 1928 4534 Ἐπεὶ

260 4565 357 4621 καὶ
381 4567 410 4619 6
442 4565 708 4636 μακάριος
737 4565 948 4630 Παῦλος
997 4567 1223 4628 τούτους
1265 4566 1393 4629 τοὺς
1428 4566 1671 4629 δικαίους
1696 4569 1928 4622 αἰνιττό-

265 4671 444 4724 μενος,
472 4654 567 4706 καὶ
600 4653 864 4706 διδάσκων
891 4655 1038 4724 ἡμᾶς
1078 4653 1488 4723 πῶςιέπέτυχον
1520 4653 1777 4726 τοιαύτης
1803 4656 1930 4710 ὑπο-

259 4741 441 4812 δοχῆς,
467 4741 599 4813 φησί
621 4759 635 4772 ο
679 4741 795 4809 Τῆς
819 4743 1168 4811 φιλοξενίας
1181 4742 1265 4811 μὴ
1299 4741 1773 4798 ἐπιλανθάνεσθε
1793 4760 1805 4773 ·
1831 4743 1930 4799 διὰ

261 4831 482 4897 ταύτης
534 4829 645 4899 γὰρ
687 4832 906 4886 ἔλαθόν
973 4849 1132 4897 τινες
1196 4831 1548 4897 ξενίσαντες
1607 4831 1926 4901 ἀγγέλους.

263 4917 433 4971 Τοῦτο
459 4917 568 4990 γάρ
593 4919 790 4983 αὑτοὺς
819 4920 1052 4990 μάλιστα
1109 4921 1457 4991 θαυμαστοὺς
1511 4919 1606 4972 καὶ
1661 4920 1930 4990 μεγάλους

263 5004 562 5072 ἀπέδειξεν,
594 5006 677 5058 δτι
709 5007 808 5059 οὑκ
837 5007 1034 5071 εἰδότες
1070 5007 1286 5070 αὐτοὺς,
1323 5006 1421 5078 τὴν
1470 5006 1765 5078 θεραπείαν
1832 5007 1929 5058 ἐπ-

263 5090 585 5146 εδείκνυντο.
633 5094 741 5146 Καὶ
775 5096 934 5165 ἡμεῖς
971 5095 1150 5148 τοίνυν
1205 5095 1382 5148 πίστει
1416 5095 1508 5148 καὶ
1561 5093 1819 5164 εὐλαϐείᾳ
1870 5094 1931 5147 τὸ

265 5181 496 5250 πρᾶγμα
524 5179 818 5250 μετίωμεν,
841 5179 928 5234 ἵνα
953 5181 1048 5235 καὶ
1083 5181 1175 5234 τοῦ
1216 5181 1492 5253 θησαυροῦ
1532 5181 1808 5252 ἐπιτυχεῖν
1839 5179 1930 5233 δυ-

266 5266 516 5336 νηθῶμεν
537 5283 550 5297 °
595 5260 654 5320 οὑ
683 5268 890 5338 γένοιτο
923 5268 1130 5332 πάντας
1177 5271 1323 5340 ἡμᾶς
1351 5267 1697 5335 ἀπολαῦσαι,
1746 5267 1930 5340 χάριτι

267 5355 362 5405 καὶ
395 5354 770 5428 φιλανθρωπίᾳ
787 5357 881 5410 τοῦ
915 5355 1120 5428 Κυρίου
1145 5357 1301 5428 ἡμῶν
1336 5358 1509 5427 Ἰησοῦ
1529 5356 1788 5428 Χριστοῦ,
1811 5355 1929 5427 μεθ’

269 5436 328 5495 οῦ
363 5440 438 5511 τῷ
476 5444 650 5514 Πατρὶ
678 5445 712 5515 ἡ
743 5445 898 5510 δόξα,
929 5444 1046 5516 ἅμα
1079 5445 1157 5516 τῷ
1180 5445 1321 5516 ἁγίῳ
1363 5445 1642 5515 ῐΙνεύματι
1668 5485 1683 5511 ,
1718 5445 1812 5498 νῦν
1837 5447 1933 5499 καὶ

269 5531 377 5589 ἀεὶ,
413 5530 505 5584 καὶ
533 5533 609 5594 εἰς
636 5533 760 5594 τοὺς
795 5532 997 5596 αἰῶνας
1023 5532 1133 5586 τῶν
1154 5533 1383 5586 αἰώνων.
1421 5534 1613 5603 Ἀμήν.

803 5617 955 5690 [ιι-ι]
985 5620 1226 5673 OMIAIA
1273 5620 1402 5672 MA'.

349 5698 621 5765 Ὤρθρισε
645 5695 713 5749 δὲ
749 5698 994 5766 Ἀϐραὰμ
1020 5698 1099 5764 τῷ
1121 5700 1270 5766 πρωῒ
1303 5701 1393 5763 εἰς
1423 5700 1528 5751 τὸν
1556 5700 1760 5764 τόπον,
1785 5694 1857 5754 οὗ

652 5766 917 5834 εἱστήκει
946 5769 1221 5821 ἐναντίον
1256 5767 1363 5822 τοῦ
1399 5769 1564 5822 Θεοῦ.

349 5859 420 5908 α’.
439 5853 500 5904 ’ἰί
523 5853 656 5905 κατὰ
683 5854 777 5924 την
799 5856 1120 5926 Σαμαρεῖτιν
1147 5855 1395 5919 ὑπόθεσις
1422 5855 1616 5919 ἱκανῶς
1648 5858 1791 5927 ἡμᾶς
1813 5856 1937 5928 χθὲς

997 324 1053 380 5.
1095 321 1378 380 JOANNIS
1414 315 1899 378 CHRYSOSTOMI
1937 312 2256 374 ARCHIEP.
2293 309 2840 371 CONSTANTINOP.

3571 302 3665 360 ωδ

2004 431 2206 498 ἐδίδαξε
2230 430 2326 486 καὶ
2360 429 2455 484 τοῦ
2490 429 2761 482 Δεσπότου
2789 425 2890 497 τὴν
2921 421 3126 492 ἄφατον
3161 417 3565 494 μακροθυμίαν,
3581 418 3669 471 καὶ

2001 528 2101 600 τὴν
2139 527 2580 599 ὑπερϐάλλουσαν
2610 524 2738 597 περί⁸
2757 521 2927 593 αὑτὴν
2958 519 3308 592 κηδεμονίαν,
3335 520 3433 572 καὶ
3459 515 3671 583 ἐκείνης

2001 624 2100 694 τὴν
2125 621 2563 694 εὐγνωμοσύνην.
2592 620 2774 675 Είδετε
2804 617 2922 682 πῶς
2953 616 3098 688 ὕδωρ
3125 613 3381 686 αἰσθητὸν
3415 610 3673 682 ὑδρεύσα-

2005 720 2132 775 σθαι
2165 718 2608 792 παραγενομένη,
2639 717 2702 770 ἐκ
2725 714 2826 785 τῆς
2849 711 3049 784 νοητῆς
3092 711 3276 782 πηγῆς
3304 710 3375 789 τά
3418 708 3545 762 θεῖα
3586 706 3674 758 νά-

2008 832 2154 886 ματα
2177 812 2520 887 ἀρυσαμένη,
2549 810 2725 875 οὕτως
2751 808 2937 864 οίκαδε
2979 805 3272 877 ἐπανῆλθε,
3300 801 3592 874 πληροῦσα
3619 801 3674 854 τὸ

2006 910 2160 982 παρά
2185 908 2278 964 τοῦ
2305 909 2578 963 Δεσπότου
2604 905 2893 980 εἰρημένον
2915 921 2930 936 ⁸
2963 905 3032 959 T6
3056 901 3238 971 ὕδωρ,
3267 901 3299 955 ὃ
3336 899 3453 969 ἐγὼ
3486 897 3670 962 δώσω,

2005 1005 2322 1077 γενήσεται
2352 1006 2424 1061 ἐν
2451 1002 2611 1072 αὐτῷ
2638 1003 2801 1074 πηγὴ
2817 1002 3037 1068 ὕδατος
3060 997 3403 1068 ἁλλομένου
3418 999 3510 1062 εἰς
3531 995 3675 1062 ζωὴν

2007 1104 2263 1161 αἰώνιον.
2281 1102 2685 1176 Ἐμφορηθεῐσα
2720 1099 2828 1172 γάρ
2859 1098 2996 1170 αῦτη
3019 1098 3118 1168 τῆς
3143 1095 3293 1159 θείας
3321 1092 3547 1162 ἐκείνης
3592 1092 3675 1144 καί

2008 1197 2387 1270 πνευματικῆς
2409 1197 2614 1270 πηγῆς,
2649 1195 2709 1250 οὑ
2739 1195 3006 1264 κατέσχεν
3025 1192 3158 1246 είσω
3183 1190 3252 1244 τά
3285 1189 3532 1260 νάματα,
3569 1186 3674 1240 ἀλλ’

2009 1294 2441 1366 ὑπερϐλὺζουσα,
2469 1294 2546 1360 ὡς
2565 1295 2758 1358 εἰπεῖν,
2786 1290 2965 1364 ἐκχέει
3002 1288 3095 1344 καὶ
3123 1288 3203 1352 εἰς
3226 1287 3354 1350 τοὺς
3396 1283 3498 1356 τὴν
3531 1281 3675 1336 πόλιν

2008 1391 2292 1458 οἰκοῦντας
2317 1392 2419 1463 τῆς
2441 1388 2884 1463 παρασχεθείσης
2915 1386 3056 1457 αὑτῇ
3096 1384 3305 1458 δωρεᾶς
3323 1381 3389 1434 τὸ
3411 1379 3673 1452 χάρισμα,

2009 1488 2106 1543 καὶ
2133 1486 2310 1560 κήρυξ
2339 1487 2556 1556 ἐγένετο
2576 1485 2769 1558 ἀθρόον
2794 1483 3004 1555 ἡγυνὴ,
3027 1485 3060 1552 ἡ
3085 1481 3440 1550 Σαμαρεῖτις,
3471 1479 3508 1547 ἡ
3531 1477 3678 1528 ἀλλό-

2010 1579 2195 1649 φυλος.
2230 1579 2412 1634 Εῐδετε
2459 1580 2582 1633 ὅσον
2631 1579 2748 1631 ἐστὶ
2793 1576 2971 1647 ψυχῆς
3028 1570 3456 1642 εὐγνωμοσύνη,
3518 1568 3677 1622 εἴδετε

2010 1672 2283 1724 Δεσπότου
2323 1669 2755 1743 φιλανθρωπίαν,
2813 1669 2960 1731 ὅπως
2987 1665 3198 1729 οὑδενὸς
3229 1662 3502 1733 ὑπερορᾷ,
3553 1659 3676 1713 ἀλλά

2011 1756 2112 1812 κᾶν
2141 1760 2199 1812 ἐν
2230 1758 2452 1826 γυναικί
2479 1798 2493 1822 ,
2527 1756 2628 1812 κᾶν
2683 1757 2739 1810 ἐν
2772 1755 2948 1826 πενίᾳ,
3003 1753 3108 1806 κᾶν
3157 1751 3289 1805 ὅπου
3319 1750 3524 1821 δήποτε
3553 1746 3678 1818 εὑρη

2011 1846 2441 1917 διεγηγερμένην
2467 1843 2645 1915 ψυχὴν
2673 1845 2763 1897 καὶ
2788 1842 3037 1908 ζέουσαν,
3067 1839 3411 1912 παραχρῆμα
3432 1836 3537 1908 τὴν
3557 1838 3677 1905 παρ’

2013 1933 2208 1987 ἑαυτοῦ
2233 1935 2390 2004 χάριν
2419 1933 2702 2001 ἐπαφίησι.
2723 1927 3109 2001 Μιμησώμεθα
3124 1926 3324 1989 τοίνυν,
3353 1922 3677 1994 παρακαλῶ,

2013 2023 2108 2074 καὶ
2143 2023 2302 2093 ἡμεῖς
2339 2020 2437 2092 τὴν
2465 2022 2695 2089 γυναῖκα
2729 2017 2954 2087 ταύτην,
2986 2015 3081 2070 καὶ
3112 2011 3250 2087 μετά
3283 2013 3491 2084 πολλῆς
3525 2028 3679 2081 προσ-

2012 2112 2143 2182 οχῆς
2163 2109 2447 2181 δεχώμεθα
2479 2109 2546 2161 τὰ
2568 2126 2641 2160 πα
2651 2107 2716 2178 ρὰ
2738 2104 2831 2160 τοῦ
2868 2105 3184 2176 Πνεὺματος
3202 2103 3539 2170 διδάγματα.
3559 2099 3678 2151 Οὐδὲ

2013 2199 2121 2271 γὰρ
2160 2198 2405 2270 ἡμέτερά
2425 2200 2541 2250 ἐστι
2565 2195 2632 2249 τὰ
2661 2195 2948 2265 λεγόμενα,
2985 2192 3104 2246 οὑδὲ
3130 2193 3187 2258 ἐξ
3213 2191 3417 2252 οἰκείας
3443 2187 3679 2258 γλώττης

2015 2286 2385 2357 φθεγγόμεθα,
2417 2286 2559 2356 άπερ
2587 2283 2652 2338 ἂν
2691 2284 2954 2353 είπωμεν,
2993 2280 3106 2334 ἀλλ’
3137 2281 3202 2332 ἐκ
3228 2279 3328 2349 τῆς
3360 2276 3458 2330 τοῦ
3491 2276 3679 2329 Δεσπό-

2013 2393 2106 2428 του
2135 2373 2544 2445 φιλανθρωπίας
2577 2369 2929 2441 ὁδηγούμενοι
2961 2380 2986 2408 ι
3019 2367 3110 2422 διὰ
3158 2365 3256 2439 τὴν
3287 2365 3570 2434 ὠφέλειαν
3598 2363 3680 2432 τὴν

2015 2463 2287 2534 ὑμετέραν
2322 2462 2417 2515 καὶ
2439 2461 2538 2531 τὴν
2566 2459 2858 2530 οἰκοδομὴν
2889 2459 2985 2529 τῆς
3028 2455 3122 2509 τοῦ
3157 2454 3290 2508 Θεοῦ
3336 2451 3678 2522 Ἐκκλησίας.

2016 2551 2102 2621 Μὴ
2138 2551 2314 2604 τοίνυν
2340 2550 2474 2621 πρὸς
2506 2547 2604 2619 ἐμὲ
2634 2547 2724 2600 τὸν
2753 2546 2982 2614 λέγοντα
3008 2543 3222 2616 ἀπίδῃς,
3254 2540 3539 2612 ἀγαπητὲ,
3563 2539 3680 2608 μηδὲ

2017 2640 2153 2714 πρὸς
2185 2641 2282 2709 τὴν
2305 2637 2576 2691 εὐτέλειαν
2606 2636 2705 2708 τὴν
2736 2636 2895 2706 ἐμὴν,
2921 2633 3034 2688 ἀλλ’
3064 2633 3147 2686 ὅτι
3173 2631 3241 2684 τά
3281 2629 3436 2700 παρά
3473 2627 3570 2681 τοῦ
3602 2632 3683 2678 As-

2019 2730 2218 2782 σπότου
2247 2726 2569 2798 διακομίζω,
2605 2723 2700 2777 καὶ
2728 2723 2864 2794 πρὸς
2894 2723 2985 2775 τὸν
3008 2718 3406 2774 ἀποστείλαντα
3434 2716 3578 2786 ἔχων
3598 2715 3683 2783 τὴν

2015 2815 2253 2870 διάνοιαν
2285 2812 2610 2884 τεταμένην,
2645 2809 2787 2864 οῦτω
2824 2808 2961 2878 μετά
2986 2807 3197 2878 νὴψεως
3233 2805 3392 2874 δέχου
3445 2803 3518 2855 τὰ
3548 2801 3686 2869 λεῖός

2021 2921 2192 2974 μεναι
2222 2902 2374 2955 Ἐπεὶ
2403 2901 2497 2954 καὶ
2527 2901 2584 2952 ἐν
2615 2901 2726 2961 τοῖς
2757 2895 3118 2967 ἀνθρωπίνοις
3166 2893 3522 2962 πράγμασιν,
3557 2893 3688 2943 ἐπει·

2017 2991 2112 3044 δάν
2140 2991 2168 3043 6
2197 2989 2468 3064 βασιλεὺς,
2499 2989 2526 3040 6
2548 2986 2610 3039 τὸ
2637 2985 2877 3055 διάδημα
2903 2981 3283 3054 περικείμενος
3306 3020 3322 3043 ,
3383 2980 3684 3049 γράμματα

2018 3077 2411 3150 διαπέμψηται,
2439 3077 2467 3130 6
2509 3073 2608 3146 μὲν
2663 3070 3056 3143 ἐπιφερόμενος
3107 3068 3280 3121 ταῦτα
3324 3067 3453 3120 καθ’
3506 3065 3680 3119 ἑαυτὸν

2023 3169 2121 3239 μὲν
2149 3165 2359 3228 οὑδενδς
2391 3163 2548 3231 λόγου
2574 3161 2722 3228 ἄξιος
2751 3159 3027 3229 τυγχάνει,
3057 3157 3171 3211 ἀλλ’
3199 3155 3424 3226 εὑτελὴς
3451 3155 3537 3217 τίς
3558 3156 3678 3216 ἐστι,

2019 3254 2128 3310 καὶ.
2153 3252 2412 3315 πολλάκις
2437 3249 2558 3304 οὑδέ
2593 3247 2895 3320 προγόνους
2919 3244 3173 3316 ἀριθμεῖν
3202 3242 3365 3313 ἔχων,
3419 3240 3539 3293 ἀλλ’
3568 3240 3684 3294 ἀνώ-

2019 3358 2188 3412 νυμος
2215 3341 2310 3392 καὶ
2331 3339 2389 3406 ἐξ
2427 3335 2760 3406 ἀνωνύμων·
2803 3332 2918 3387 ἀλλ’
2953 3333 3052 3386 οὑκ
3083 3331 3276 3400 ἐκείνῳ
3330 3329 3685 3399 προσέχουσιν

2020 3431 2069 3482 οἱ
2095 3427 2264 3482 ταῦτα
2290 3425 2540 3497 δέχεσθαι
2589 3423 2895 3496 μέλλοντες,
2928 3420 3065 3476 ἀλλά
3088 3420 3176 3474 διά
3205 3420 3274 3472 τά
3303 3418 3399 3471 τοῦ
3435 3417 3686 3489 βασιλέως

2021 3517 2324 3590 γράμματα
2371 3512 2570 3584 πολλὴν
2616 3512 2854 3582 κάκείνῳ
2903 3509 3067 3580 τιμὴν
3110 3507 3475 3578 ἀπονέμουσι,
3510 3505 3601 3558 καὶ
3627 3507 3686 3557 τά

2022 3605 2326 3678 γράμματα
2358 3600 2498 3672 μετά
2534 3599 2729 3653 πολλοῦ
2750 3597 2843 3652 τοῦ
2875 3596 3039 3666 φόϐου
3081 3596 3174 3649 καὶ
3207 3595 3413 3666 πολλῆς
3444 3593 3548 3664 τῆς
3576 3596 3688 3663 ἡσθ-

2022 3695 2146 3766 χίας
2168 3693 2434 3764 δέχονται.
2472 3690 2534 3742 Εἰ
2567 3689 2745 3742 τοίνυν
2779 3689 2986 3749 ἐκεῖνος
3026 3683 3314 3756 ἀνθρώπου
3356 3684 3689 3753 ἐπαγόμενος

2023 3783 2346 3856 γράμματα,
2373 3779 2464 3832 καὶ
2486 3779 2693 3850 χάρτην
2719 3775 2905 3839 ἀπλῶς
2927 3775 3339 3846 ἐπιφερόμενος,
3361 3771 3518 3844 παρά
3540 3773 3688 3824 tim

2025 3871 2422 3941 ἐναποδέχεται,
2472 3865 2648 3938 πολλῷ
2705 3865 2902 3937 μᾶλλον
2937 3865 2965 3904 b
2996 3865 3153 3934 ὑμεῖς
3184 3861 3250 3915 ἂν
3306 3861 3459 3930 εἴητε
3505 3860 3690 3913 δίκαιοι

2023 3961 2093 4014 τὰ
2122 3960 2274 4031 παρά
2301 3956 2394 4011 τοῦ
2414 3955 2730 4028 ῐὶνεύματος
2761 3953 2827 4006 δι’
2855 3951 3014 4024 ἡμῶν
3048 3951 3175 4021 ὑμῖν
3196 3947 3524 4020 πεμφθέντα
3549 3947 3692 4013 λέγει

2029 4049 2167 4121 μετά
2212 4047 2414 4117 πολλῆς
2445 4045 2542 4115 τῆς
2595 4041 2868 4114 προσοχῆς
2905 4036 3283 4108 ὑποδέχεσθαι,
3343 4039 3432 4088 ἵνα
3476 4035 3580 4104 τῆς
3617 4037 3693 4087 εἰς

2026 4135 2380 4208 γνωμοσύνης
2409 4132 2607 4204 πολλὴν
2633 4128 2934 4201 κομίσησθε
2966 4125 3062 4198 τὴν
3094 4126 3348 4197 ἀμοιϐήν.
3377 4122 3537 4196 [448]
3581 4125 3693 4175 Ἐὰν

2026 4223 2135 4296 γάρ
2156 4222 2242 4296 ίδῃ
2269 4223 2298 4274 6
2326 4220 2434 4274 τῶν
2456 4219 2591 4273 ὅλων
2619 4218 2897 4288 Δεσπότης
2921 4216 3019 4287 τῆς
3052 4213 3227 4284 ψυχῆς
3250 4213 3409 4283 ὑμῶν
3435 4212 3537 4282 τὴν
3569 4228 3694 4281 προσ

2028 4311 2260 4382 θυμίαν,
2303 4308 2396 4362 καὶ
2439 4309 2569 4380 ἡμῖν
2597 4304 2990 4376 δαψιλεστέραν
3028 4300 3253 4373 παρέξει
3295 4300 3396 4370 τὴν
3437 4303 3695 4370 χορηγίαν

2027 4399 2117 4454 διὰ
2139 4396 2239 4470 τὴν
2262 4396 2549 4468 οἰκοδομὴν
2572 4393 2668 4467 τὴν
2690 4392 2984 4465 ὑμετέραν,
3016 4391 3110 4444 καὶ
3127 4390 3256 4460 ὑμῖν
3289 4388 3517 4440 πλείονα
3537 4389 3697 4457 δωρή-

2031 4505 2181 4542 σεται
2210 4485 2307 4557 τὴν
2339 4484 2553 4537 σύνεσιν
2587 4494 2636 4547 ο,
2663 4481 2805 4535 ὥστε
2847 4478 3083 4533 συνιέναι
3115 4477 3183 4530 τὰ
3211 4476 3506 4546 λεγόμενα.
3544 4476 3697 4543 51;:-

2028 4575 2123 4648 λῆς
2142 4574 2250 4648 γάρ
2277 4576 2311 4645 ἡ
2341 4572 2436 4626 τοῦ
2485 4570 2802 4642 Πνεύματος
2835 4569 3016 4639 χάρις,
3046 4565 3137 4618 καὶ
3177 4565 3256 4627 εἰς
3287 4565 3499 4626 πάντας
3532 4566 3700 4631 ἐκχεοο

2033 4664 2166 4734 μένη
2189 4662 2376 4715 οὑδένα
2403 4658 2668 4732 μερισμὸν
2697 4656 2982 4728 ὑπομένει,
3009 4653 3146 4708 ἀλλά
3165 4656 3230 4724 τῇ
3251 4653 3484 4724 διανομῇ
3507 4653 3699 4721 μᾶλλον

2029 4752 2270 4820 αὔξεται,
2305 4751 2397 4804 καὶ
2425 4751 2534 4821 ὅσῳ
2557 4747 2623 4802 ἂν
2650 4745 2866 4808 πλείους
2891 4738 3026 4798 ὦσιν
3047 4745 3096 4796 οἰ
3125 4742 3328 4812 ταύτης
3359 4741 3697 4811 μετέχοντες,

2027 4839 2268 4910 τοσούτῳ
2299 4839 2393 4892 καὶ
2421 4836 2490 4889 τὰ
2511 4837 2609 4907 τῆς
2638 4834 2860 4906 χάριτος
2893 4829 2985 4886 ἐπ’(¹
3017 4830 3175 4884 πλέον
3214 4829 3548 4884 ἐκτείνεται.
3577 4829 3700 4899 ⁴δέρε

2029 4921 2141 4991 οὖν,
2167 4929 2214 4979 εἰ
2243 4927 2407 4987 δοκεῖ,
2441 4925 2533 4976 καὶ
2587 4921 2834 4993 σὴμερον
2854 4919 2954 4991 τῆς
3001 4916 3320 4979 ἀκολουθίας
3368 4915 3480 4968 τῶν
3517 4915 3701 4986 πρώην

2028 5016 2161 5085 ἡμῖν
2191 5012 2495 5083 εἰρημένων
2525 5007 2935 5080 ἐπιλαϐώμεθα,
2968 5005 3063 5059 καὶ
3096 5004 3290 5074 ἴδωμεν
3322 5005 3460 5056 ὅπου
3494 5004 3594 5056 τὸν
3626 5003 3702 5053 λό-

2029 5120 2125 5172 γον
2167 5100 2572 5168 κατελύσαμεν,
2611 5098 2707 5152 καὶ
2744 5097 2864 5150 ὅθεν
2898 5095 3062 5150 αὑτὸν
3113 5091 3409 5147 ἀναλαϐεῖν
3467 5093 3700 5164 σήμερον

2032 5190 2306 5262 προσῆκε..
2363 5187 2474 5240 Ποῦ
2503 5181 2596 5240 οὖν
2639 5185 2730 5240 τὸν
2775 5184 2933 5253 λόγον
2961 5180 3152 5254 πρώην
3205 5180 3697 5252 προσορμίσαντες,

2031 5277 2172 5332 οὑτω
2193 5279 2293 5347 τῆς
2322 5274 2668 5339 διδασκαλίας
2688 5273 2715 5312 ἀ
2747 5269 3136 5342 ἐπαυσάμεθα;
3172 5269 3251 5322 Τά
3290 5267 3438 5321 κατά
3460 5267 3558 5320 τὸν
3587 5266 3695 5320 Λὼτ

2095 5436 2120 5464 ⁸
2146 5435 2269 5482 Tres
2290 5447 2402 5482 mss.
2428 5431 2780 5496 φιλανθρωπίας
2796 5427 3097 5496 ἐνηχούμενοι

2094 5497 2122 5536 1·
2148 5497 2294 5560 δυνίΙ.
2312 5485 2605 5560 _elq1i_ipqu_é
2623 5507 2740 5542 mss.
2759 5485 3092 5560 ἐπιφερόμενος
3115 5487 3241 5534 οὕτω

2036 5560 2195 5628 πο).λῷ
2217 5551 2414 5628 μᾶλλονξ
2437 5551 2610 5628 Μοίρι.
2639 5561 2694 5603 et.
2734 5553 2818 5602 alii
2841 5551 3170 5614 ἐπιφερόμενος
3199 5551 3330 5612 παρὰ
3353 5553 3506 5595 πᾶσιν
3542 5551 3698 5594 ἐπυ-

2037 5622 2241 5681 δέχεται,
2258 5619 2421 5680 πολλῷ
2446 5619 2640 5680 μᾶλλον.

2101 5684 2124 5742 ἦ
2151 5681 2248 5742 Sex
2274 5692 2390 5727 mss.
2410 5678 2605 5726 πλείονα
2624 5677 2809 5742 παρέξει
2829 5676 2919 5742 τήν
3181 5739 3202 5742 μ
3255 5735 3276 5742 _
3303 5734 3324 5742 _
3455 5732 3469 5742 ι
3491 5732 3503 5742 .

2103 5741 2128 5780 α
2151 5741 2302 5789 Savil.
2324 5747 2374 5788 et
2403 5747 2515 5789 octo
2533 5753 2647 5802 mss.
2676 5729 3131 5802 ipémvjeléamg
3147 5739 3232 5791 τῆς
3252 5732 3586 5802 διδιιωιέξλίαςΖ
3607 5729 3696 5802 Μιξ-

2045 5805 2139 5874 r0l.
2168 5804 2331 5871 πρῴην
2351 5790 2769 5874 προσορμίσαντές,
2799 5790 2924 5871 οὕτω
2947 5790 3390 5874 τῆςνδιδασξιαλίας.
3416 5793 3529 5842 Mox
3555 5790 3690 5842 Sail.

2048 5871 2098 5912 el
2121 5857 2339 5926 quiht'me
2362 5857 2473 5911 niss.
2499 5857 2791 5926 ἐμπρησμὸν,
2819 5861 2953 5923 μέχρι
2979 5860 3147 5909 τούτου
3169 5859 3249 5906 τὸν
3278 5857 3433 5919 λόγον.
