3750 6274
132 293 235 351 405

129 418 319 477 pturae,
347 419 465 475 quae
492 401 857 460 indid‘erenter
872 403 949 460 sic
970 417 1111 473 saepe
1130 403 1282 473 ponit
1299 402 1460 460 verba
1480 420 1494 457 :
1516 401 1567 457 id
1587 401 1728 473 quod

128 507 183 553 et
208 511 351 552 nunc
375 494 558 551 videre
584 494 726 551 licét.
762 493 907 549 Pluit
932 496 1093 561 enim,
1123 494 1313 565 inquit,
1340 493 1589 548 Dominus
1617 491 1732 547 sul-

130 591 262 661 phur
302 597 350 643 et
376 588 544 659 ignem
585 604 617 641 a
645 585 865 641 Domino
892 586 955 640 de
977 584 1102 640 cwlo
1125 601 1143 640 :
1170 593 1227 640 ut
1252 585 1413 651 dicat,
1446 583 1732 639 Dominum
1764 603 1782 619 ι

132 697 346 754 pcenam
368 683 642 738 induxisse
665 697 678 734 :
709 690 764 736 et
794 696 899 736 non
920 682 1090 736 solum
1115 678 1358 735 civitates
1378 676 1729 744 subvenisse,

129 792 459 848 omnemque
496 774 637 830 circa
676 775 974 844 regionem,
1007 784 1060 828 et
1101 787 1289 828 omnes
1334 769 1728 836 inhabitantes,

131 869 227 926 sed
257 871 418 926 etiam
447 885 564 939 quae
587 868 964 925 exoriebantur
987 866 1054 922 de
1081 876 1220 922 terra
1247 865 1568 923 abolevisse.
1599 864 1753 933 Quia.

130 963 276 1019 enim
302 962 564 1027 homines,
593 962 682 1033 qui
704 977 825 1017 eam
856 959 1240 1025 inhabitabant,
1268 958 1463 1014 multos
1492 958 1736 1028 impieta-

136 1058 205 1109 tis
253 1056 455 1110 lructus
507 1054 877 1125 protulerunt:
927 1052 1148 1118 idcirco,
1197 1050 1387 1121 inquit,
1421 1057 1477 1106 et
1520 1048 1735 1105 inutiles

137 1148 345 1202 fructus
391 1155 547 1201 terrae
577 1145 733 1210 facio,
768 1154 824 1200 ut
863 1154 915 1198 ct
943 1143 1047 1199 illis
1076 1143 1287 1198 abolitis
1317 1153 1629 1214 perpetuum
1667 1142 1733 1196 sit

137 1240 527 1295 monimentum
557 1237 906 1307 sequentibus
933 1234 1366 1307 generationibus
1395 1253 1408 1289 :
1454 1243 1599 1291 terra
1644 1248 1738 1302 per

138 1349 297 1387 suam
322 1332 654 1388 sterilitatem
680 1345 864 1385 omnes
890 1329 1139 1394 docente,
1168 1336 1367 1400 quanta
1394 1327 1555 1384 fuerit
1579 1325 1731 1382 inha-

142 1425 429 1482 bitantium
475 1424 696 1479 malitia.
731 1423 917 1478 Vidisti
958 1430 1153 1494 quanta
1192 1437 1282 1477 res
1326 1421 1396 1476 sit
1441 1420 1643 1487 virtus,
1684 1426 1740 1475 et

141 1526 342 1588 quanta
372 1532 459 1571 res
488 1516 683 1571 malitia
712 1533 726 1570 :
771 1524 826 1571 et
858 1514 1126 1586 quomodo
1150 1513 1328 1585 justus
1363 1520 1603 1569 servatus
1628 1512 1737 1579 sit,

141 1612 236 1666 alii
262 1621 441 1666 autem
465 1610 676 1681 dignam
706 1624 798 1665 sua
828 1607 1026 1662 malitia
1054 1622 1283 1679 poenam
1307 1604 1646 1676 receperint?
1673 1603 1743 1659 Et

143 1703 481 1773 sicutjttstus
508 1718 603 1772 per
622 1717 772 1762 suam
802 1700 1051 1754 virtutem
1080 1708 1136 1754 et
1156 1697 1292 1753 filias
1319 1696 1542 1753 salvavit
1583 1705 1636 1752 et
1667 1695 1745 1751 ci-

147 1796 327 1850 vitatis
367 1794 513 1850 illius
542 1794 947 1849 subversionem
977 1790 1284 1861 prohibuit:
1317 1789 1388 1844 ita
1429 1798 1483 1844 ct
1513 1788 1584 1843 illi
1615 1803 1741 1859 pro.

145 1900 269 1958 pter
309 1889 573 1958 ingentem
604 1900 752 1941 suam
784 1884 1039 1939 malitiam
1072 1897 1176 1938 non
1219 1882 1391 1937 solum
1427 1880 1527 1953 ipsi
1568 1880 1742 1951 perie-

146 1993 278 2038 runt
306 1991 359 2037 et
382 1981 542 2036 di-leti
571 1990 714 2047 sunt,
759 1977 853 2034 scd
877 1987 931 2034 et
954 1978 1246 2033 clTecerunt
1277 1985 1471 2031 terram
1501 1972 1742 2029 inutilem

148 2078 202 2130 in
230 2075 481 2129 futurttm.
508 2074 596 2128 26.
626 2072 689 2126 Et
713 2073 950 2140 respexit,
981 2071 1170 2141 inquit,
1210 2086 1342 2124 uxor
1363 2070 1471 2140 ejus
1509 2076 1619 2139 post
1645 2076 1746 2120 ter—

147 2185 292 2237 gum,
321 2177 367 2220 et
396 2170 530 2239 facta
556 2175 626 2219 est
654 2163 888 2218 columna
909 2163 1054 2217 salis.
1086 2161 1217 2217 Nam
1244 2161 1497 2232 quoniam
1537 2158 1746 2213 audivit

149 2259 373 2331 angelos
398 2258 767 2329 praecipientes
787 2257 955 2328 justo,
988 2264 1045 2311 ut
1070 2271 1136 2311 ne
1162 2271 1221 2312 se
1250 2261 1627 2312 converterent
1654 2268 1744 2307 rc-

150 2360 406 2416 trorsum,
431 2351 525 2406 sed
552 2366 674 2405 cum
694 2364 882 2420 magna
912 2348 1250 2404 festinatione
1280 2346 1595 2403 secederent
1618 2363 1629 2399 :
1654 2360 1751 2399 ne-

98 2446 103 2447 “
147 2444 313 2514 glein
342 2443 522 2505 verba,
548 2453 602 2497 et
641 2451 963 2512 praeceptum
993 2456 1096 2496 non
1129 2440 1435 2509 custodivit,
1465 2446 1746 2510 propterea

147 2552 268 2591 sua:
296 2536 628 2607 negligentia:
656 2533 800 2590 dedit
833 2549 1063 2603 poenam.

228 2630 282 2684 7.
319 2628 531 2683 Moralis
583 2626 1267 2683 annuatim—Caeterum
1324 2640 1422 2681 nos
1471 2626 1749 2683 audientes

151 2724 267 2788 illa,
302 2732 497 2777 nostra:
516 2722 707 2777 salutis
735 2737 916 2776 curam
943 2720 1329 2791 diligentiorem
1355 2718 1664 2783 habeamus,
1696 2725 1752 2772 et

151 2816 286 2868 vitia
323 2815 408 2868 illa
437 2829 503 2869 ne
526 2812 793 2868 imitemur
817 2826 1119 2867 caveamus.
1160 2809 1581 2883 Imitemurjusti
1606 2809 1747 2865 illius

148 2905 571 2975 hospitalitatem
601 2910 658 2960 et
677 2904 807 2958 alias
838 2904 1080 2970 virtutes,
1105 2910 1161 2956 ut
1186 2902 1454 2972 possimus
1482 2910 1538 2955 et
1563 2915 1752 2970 super-

152 3011 282 3049 nam
310 2994 440 3048 iram
468 2992 760 3064 depellere.
783 2991 965 3063 Neque
989 2992 1129 3047 enim
1159 2989 1413 3060 possibile
1442 2997 1544 3053 est,
1578 2996 1636 3043 ut
1661 2988 1751 3059 qui

150 3089 406 3144 virtutem
441 3087 579 3141 hanc
616 3100 809 3158 magno
852 3085 1029 3140 studio
1057 3093 1324 3150 exerceat,
1354 3098 1458 3137 non
1488 3087 1746 3153 grandem

152 3180 286 3235 inde
323 3186 558 3249 reportet
597 3178 923 3233 thesaurum.
956 3176 1165 3231 Etenim
1188 3174 1319 3245 justi
1359 3173 1432 3229 illi
1467 3174 1545 3229 sic
1568 3188 1754 3244 super-

156 3288 286 3326 nam
318 3272 543 3342 gratiam
581 3269 893 3341 consequuti
934 3277 1077 3332 sunt,
1105 3276 1215 3323 tam
1241 3266 1562 3337 patriarcha,
1592 3282 1751 3343 quam

152 3366 283 3430 Lot,
312 3375 365 3419 et
391 3363 478 3434 qui
509 3363 753 3418 homines
788 3361 1057 3431 suscipere
1082 3376 1142 3417 se
1169 3368 1509 3431 putaverunt,
1536 3376 1753 3416 merue-

152 3464 285 3511 runt
313 3455 585 3525 suscipere
610 3454 848 3524 angelos,
892 3461 944 3508 et
975 3452 1283 3523 angelorum
1316 3451 1618 3506 Dominum.
1648 3450 1757 3507 No—

152 3548 245 3602 bis
284 3561 495 3617 quoque
533 3553 588 3599 et
628 3558 789 3611 nunc,
830 3543 875 3597 si
913 3542 1259 3607 voluerimus,
1299 3543 1571 3612 suscipere
1610 3542 1753 3596 licet.

153 3638 284 3708 Ipse
312 3636 451 3691 enim
478 3647 559 3691 est
600 3636 689 3707 qui
713 3634 846 3689 dixit
878 3651 894 3689 :
931 3634 1030 3701 Qui
1058 3633 1268 3704 suscipit
1298 3650 1405 3700 vos,
1442 3650 1522 3688 me
1544 3634 1755 3706 suscipit

153 3729 379 3805 (Matth.
412 3732 499 3786 IO.
541 3729 655 3800 40).
689 3728 778 3785 Sic
804 3728 964 3799 igitur
1004 3726 1243 3797 hospites
1288 3726 1669 3798 suscipiamus,
1701 3736 1756 3783 et

153 3842 267 3879 non
298 3824 363 3878 ad
387 3832 660 3878 externam
692 3821 945 3876 vilitatem
977 3820 1345 3888 respiciamus.
1375 3818 1684 3885 Enimvero,
1708 3818 1757 3874 si

154 3916 253 3972 tali
297 3925 475 3971 mente
520 3914 933 3984 hospitalitatem
980 3915 1138 3967 etiam
1183 3926 1280 3965 nos
1320 3912 1750 3978 exercuerimus,

154 4009 310 4080 digni
337 4009 536 4063 erimus
563 4016 617 4062 et
642 4022 739 4061 nos
763 4006 851 4076 qui
877 4004 1008 4060 tales
1032 4003 1269 4073 hospites
1288 4002 1637 4072 excipiamus,
1664 4003 1755 4073 qui

155 4102 413 4157 videntur
440 4099 655 4171 quidem
683 4098 802 4166 viri,
834 4097 1142 4168 angelorum
1175 4104 1353 4151 autem
1380 4094 1600 4150 virtutes
1628 4110 1758 4165 ope-

154 4203 392 4251 rantur:
427 4202 628 4248 tantum
666 4207 731 4245 ne
757 4190 951 4245 curiosi
990 4189 1358 4258 exploratores
1384 4196 1439 4243 et
1477 4187 1757 4259 inquisito-

158 4303 253 4344 res
275 4288 464 4353 simus,
490 4295 548 4340 ut
570 4300 637 4340 ne
656 4284 959 4339 thesaurum
982 4280 1291 4353 perdamus.
1316 4278 1756 4352 Quandoquidem

156 4391 216 4437 et
242 4382 429 4438 beatus
474 4378 668 4434 Paulus
696 4377 794 4431 hos
814 4376 989 4446 justos
1029 4374 1347 4441 subiudieat,
1383 4383 1438 4429 et
1464 4375 1621 4430 docet
1659 4390 1757 4431 nos

155 4471 434 4545 quomodo
461 4470 593 4526 tales
623 4470 859 4538 hospites
884 4468 1209 4537 exet-perint.
1241 4466 1640 4534 Hospitalitatis,
1676 4468 1756 4522 in-

156 4569 313 4640 quit,
348 4584 412 4620 ne
455 4565 816 4620 obliviscamini
852 4578 870 4617 :
901 4573 1106 4633 prapter
1143 4562 1274 4614 lianc
1309 4562 1439 4615 enim
1484 4564 1757 4616 nescientes

161 4661 377 4733 quidam
406 4660 624 4730 hospitio
646 4668 947 4728 exceperunt
977 4656 1181 4727 angelos
1206 4652 1387 4724 (Hebr.
1419 4656 1501 4710 15.
1537 4656 1613 4726 1).
1644 4655 1758 4712 Hoc

156 4756 306 4810 enim
353 4768 447 4807 eos
492 4750 821 4821 potissimum
867 4748 993 4804 fecit
1033 4747 1406 4814 admirabiles,
1451 4747 1591 4817 quod
1641 4763 1754 4815 eos,

157 4861 298 4919 quos
328 4860 435 4901 non
476 4852 753 4907 noverant,
796 4840 1090 4897 ministerio
1120 4855 1217 4895 suo
1259 4840 1656 4894 honoraverint.
1690 4839 1759 4896 Et

158 4957 262 4995 nos
296 4937 454 5009 igitur
482 4952 603 4991 cum
644 4934 749 4991 fide
785 4950 848 4990 ac
887 4935 1085 5004 pietate
1126 4949 1237 4989 rem
1275 4934 1552 4999 obeamus,
1597 4940 1653 4986 ut
1681 4934 1759 4990 sic

159 5036 478 5091 thesaurum
521 5029 733 5102 assequi
775 5029 1039 5099 possimus
1077 5045 1090 5082 :
1122 5026 1263 5098 quod
1313 5025 1467 5081 nobis
1509 5025 1758 5080 omnibus

155 5126 509 5188 Ctttlt't‘dalm‘,
539 5124 708 5195 gratia
746 5132 799 5177 et
838 5120 1165 5191 benignitate
1204 5119 1412 5173 Domini
1438 5119 1602 5173 nostri
1631 5118 1758 5175 Jesu

156 5218 397 5282 Christi,
432 5216 518 5272 cui
554 5232 674 5272 cum
708 5215 864 5270 Patre
891 5222 947 5269 et
987 5219 1172 5267 sancto
1217 5211 1417 5281 Spiritu
1458 5212 1527 5267 sit
1565 5212 1754 5283 gloria,

160 5328 309 5368 nunc
333 5322 389 5367 et
413 5324 648 5381 semper,
669 5316 728 5363 et
755 5308 806 5362 in
831 5307 1022 5362 saecula
1050 5306 1389 5360 saeculorum.
1423 5307 1611 5360 Amen.

714 5397 991 5453 IIOMILIA
1028 5395 1209 5454 XLIV.

163 5495 408 5550 Diluculo
452 5502 619 5546 autem
668 5491 797 5545 venit
835 5490 1093 5543 Abraham
1112 5489 1181 5542 ad
1227 5489 1390 5542 locum
1440 5489 1521 5542 ubi
1558 5498 1758 5543 steterat

523 5601 693 5639 rorant
720 5582 940 5638 Domino
971 5580 1133 5652 (Gen.
1168 5580 1251 5635 19.
1276 5581 1401 5650 ‘27).

240 5679 292 5733 I.
327 5677 447 5731 lIeri
472 5693 569 5732 nos
592 5682 967 5747 argumentum
987 5671 1055 5727 de
1076 5669 1297 5726 muliere
1317 5671 1645 5727 Samaritana
1675 5687 1761 5727 sa-

165 5771 242 5827 tis
278 5769 460 5825 docuit
486 5768 809 5825 ittcﬂ'abilem
836 5765 1047 5822 Dmnini
1073 5763 1551 5833 longanimitatem,
1582 5773 1635 5819 et
1664 5779 1757 5817 cx-

1154 287 1223 345 IN
1284 289 1437 348 CAP.
1480 286 1619 344 XIX.
1663 284 1907 344 GENES.
1950 284 2176 344 IIOMIL.
2220 287 2404 344 XLIV.

3315 291 3425 353 006

1841 400 2124 459 cellentem
2168 418 2293 476 erga
2323 403 2469 458 illam
2495 402 2904 475 providentiam,
2947 414 3106 477 atque
3145 406 3283 463 illius
3305 423 3429 479 gra-

1838 501 1950 547 tum
1977 495 2233 550 animum.
2259 495 2481 551 Vidistis
2508 496 2797 567 quomodo,
2826 505 2884 553 ut
2902 512 3092 568 aquam
3118 499 3430 555 sensibilem

1840 584 2096 655 hauriret,
2124 585 2342 642 advenit
2368 584 2470 661 (a),
2494 597 2549 643 et
2574 603 2642 644 ex
2660 588 2925 661 spirituali
2950 589 3096 645 fonte
3122 590 3300 645 divina
3325 590 3431 646 tiu-

1838 680 1981 734 mina
2022 680 2219 747 hausit,
2247 695 2312 737 ac
2344 680 2564 737 domum
2594 682 2775 751 rediit,
2802 683 3029 754 impleas
3064 683 3204 753 quod
3229 684 3435 741 dictum

1838 781 1921 828 est
1962 786 1991 825 a
2024 772 2248 827 Domino
2285 788 2299 827 :
2328 773 2475 842 Aqua
2495 812 2512 840 ,
2540 790 2693 844 quam
2732 791 2822 845 ego
2848 774 2999 843 dabo,
3023 775 3117 828 erit
3151 776 3204 828 in
3234 791 3291 829 eo
3318 780 3435 845 fons

1839 880 1986 937 aqua:
2010 864 2237 920 salientis
2264 866 2317 919 in
2343 866 2496 920 vitam
2515 875 2759 922 teternam
2786 867 2961 938 (Joan.
2986 868 3043 924 4.
3076 867 3186 940 14).
3213 867 3435 939 lmpleta

1840 959 1984 1015 enim
2011 960 2123 1030 ipsa
2165 959 2347 1015 divino
2375 959 2466 1015 illo
2492 969 2546 1017 et
2585 960 2848 1031 Spirituali
2875 961 3044 1030 fonte,
3076 978 3183 1017 non
3208 962 3437 1019 detinuit

1840 1057 1979 1111 intra
2005 1070 2064 1110 se
2091 1054 2310 1109 flumina
2353 1071 2366 1108 :
2410 1054 2505 1110 sed
2545 1056 3021 1126 superscaturiens,
3048 1066 3106 1111 ut
3135 1055 3205 1110 ita
3233 1056 3430 1121 dicam,

1841 1147 2028 1203 effudit
2061 1156 2117 1203 et
2159 1146 2211 1202 in
2242 1145 2568 1202 habitatores
2609 1146 2838 1202 civitatis
2878 1149 3120 1203 concessi
3164 1147 3262 1203 sibi
3304 1147 3432 1202 doni

1841 1239 2088 1311 gratiam,
2115 1246 2170 1295 et
2189 1239 2453 1310 praeconis
2482 1237 2717 1295 ofﬁcium
2745 1238 2853 1309 egit
2882 1239 3072 1294 mulier
3099 1238 3433 1294 Samaritana

1843 1344 1897 1390 et
1917 1333 2240 1406 alienigena.
2260 1332 2479 1389 Vidistis
2497 1342 2751 1404 quantum
2772 1332 2967 1387 bonum
2989 1332 3058 1387 sit
3077 1331 3238 1387 animi
3261 1341 3440 1403 gratus

1844 1428 2067 1484 aii‘ectus
2091 1445 2105 1495 ;
2135 1428 2341 1484 vidistis
2368 1427 2578 1483 Domini
2599 1426 3001 1497 benignitatem,
3025 1424 3293 1496 quomodo
3319 1423 3442 1478 nul-

1845 1523 1957 1581 lum
1997 1528 2326 1587 contemnat,
2357 1519 2452 1576 sed
2491 1519 2653 1576 etiam
2686 1518 2739 1574 in
2760 1515 3011 1584 muliere,
3039 1517 3198 1572 etiam
3230 1518 3282 1571 in
3314 1530 3461 1585 pau-‘

1848 1623 2070 1685 perlate,
2119 1622 2174 1671 et
2211 1614 2532 1684 ubicumque
2578 1613 2841 1668 invenerit
2866 1611 3099 1667 animam
3126 1609 3335 1681 vigilem
3380 1622 3444 1663 ac

1848 1706 2129 1775 fervidam,
2176 1707 2355 1762 statim
2397 1707 2621 1779 gratiam
2664 1721 2814 1760 suam
2842 1705 2916 1760 illi
2960 1705 3234 1775 largiatur.
3266 1703 3446 1758 Imite-

1848 1815 1969 1855 mur
1994 1798 2174 1870 igitur,
2204 1798 2457 1864 obsecro,
2501 1806 2554 1853 et
2584 1812 2685 1853 nos
2708 1797 2848 1853 hanc
2885 1797 3184 1863 mulierem,
3213 1809 3445 1864 cumque

1848 1906 2040 1962 magna
2082 1890 2377 1947 attentione
2422 1890 2750 1961 accipiamus
2806 1889 3103 1945 doctrinam
3154 1903 3185 1943 a
3242 1887 3443 1957 Spiritu

1852 1983 2163 2054 profectam.
2187 1980 2373 2054 Neque
2396 1983 2537 2038 enim
2570 1992 2751 2038 nostra
2773 1993 2893 2037 sunt
2915 1997 3032 2052 qua:
3058 1980 3325 2044 dicuntur,
3353 1995 3445 2035 nc-

1849 2092 1955 2147 quc
1990 2092 2053 2132 ex
2090 2077 2302 2147 prOpria
2330 2077 2504 2147 lingua
2550 2077 2813 2147 loquimur
2852 2089 3200 2147 quaecumque
3238 2073 3440 2129 dixeri-

1852 2187 1998 2237 mus,
2041 2169 2135 2226 sed
2168 2170 2373 2225 Domini
2420 2169 2748 2240 benignitate
2789 2169 3048 2241 dirigente
3096 2176 3314 2238 propter
3357 2181 3447 2222 ve-

1853 2270 2019 2317 stram
2050 2260 2274 2316 salutem
2300 2268 2356 2316 et
2380 2260 2791 2317 aedificationem
2820 2259 3075 2314 Ecclesiae
3101 2259 3211 2315 Dei.
3246 2258 3322 2314 Ne
3353 2259 3449 2329 igi-

1854 2361 1942 2407 tur
1974 2351 2041 2407 ad
2070 2367 2154 2406 me
2181 2350 2468 2416 dicentem,
2493 2352 2801 2416 carissime,
2835 2365 3008 2420 neque
3036 2349 3103 2404 ad
3137 2350 3447 2405 tenuitatem

1853 2460 2025 2501 meam
2056 2446 2312 2517 respicias
2348 2463 2363 2501 :
2408 2444 2501 2500 sed
2545 2446 2797 2515 quoniam
2823 2459 2884 2500 ea
2911 2459 3030 2514 quae
3071 2442 3279 2498 Domini
3325 2451 3451 2497 sunt

1853 2538 2037 2606 ati'ero,
2069 2537 2137 2593 ad
2157 2553 2278 2593 eum
2304 2537 2393 2607 qui
2414 2552 2501 2592 me
2523 2536 2669 2592 misit
2692 2544 2894 2591 attenta
2925 2545 3104 2591 mente
3132 2526 3447 2600 conversus,

1856 2631 1998 2703 vigili
2042 2631 2222 2686 animo
2250 2645 2372 2701 quae
2398 2630 2648 2685 dicuntur
2673 2629 2880 2699 accipe.
2916 2627 3359 2697 Quandoquidem
3398 2638 3455 2685 et

1856 2726 1911 2781 in
1966 2724 2214 2780 humanis
2263 2723 2512 2795 negotiis,
2553 2721 2767 2793 quando
2814 2721 3106 2792 imperator
3148 2720 3453 2777 diademate

1857 2825 2146 2872 coronatus
2170 2814 2354 2870 literas
2376 2814 2556 2881 mittit,
2589 2822 2716 2869 tunc
2744 2813 2815 2881 is,
2838 2812 2928 2884 qui
2954 2828 3047 2868 eas
3070 2812 3245 2878 aii'ert,
3274 2827 3369 2884 per
3393 2826 3453 2868 se

1857 2908 2053 2964 nullius
2083 2908 2338 2963 momenti
2371 2916 2473 2971 est,
2503 2905 2597 2962 sed
2624 2905 2703 2959 vir
2733 2924 2761 2960 e
2791 2905 2980 2973 trivio,
2998 2905 3090 2975 qui
3113 2920 3256 2975 saepe
3282 2920 3455 2976 neque

1860 3001 2227 3072 progenitores
2247 3014 2533 3055 numerare
2563 2999 2746 3068 possit.
2773 2998 3053 3063 obscuros,
3086 3004 3141 3053 et
3168 3013 3234 3053 ex
3261 2997 3454 3054 obscu-

1858 3096 1933 3150 ris
1958 3112 1971 3147 :
2004 3094 2095 3149 scd
2124 3109 2229 3149 non
2268 3092 2333 3148 ad
2362 3092 2511 3147 illum
2541 3100 2785 3161 spei-tant
2814 3092 2902 3162 qui
2947 3091 3127 3146 literas
3154 3091 3477 3161 suscepturi»

1858 3195 2007 3253 sunt,
2033 3186 2126 3242 sed
2151 3193 2368 3256 propter
2400 3183 2769 3255 imperatorias
2796 3182 2976 3236 literas
2996 3181 3069 3235 illi
3090 3195 3299 3251 quoque
3320 3180 3459 3236 mul-

1859 3288 1972 3335 tum
2017 3277 2273 3334 exhibent
2313 3274 2553 3340 honoris,
2602 3289 2666 3329 ac
2692 3274 2877 3328 literas
2920 3288 3109 3343 magna
3139 3288 3263 3329 cum
3302 3286 3456 3328 reve-

1861 3370 2030 3426 rentia
2072 3379 2127 3425 et
2159 3366 2374 3425 silentio
2420 3365 2705 3437 recipiunt.
2750 3365 2807 3419 Si
2840 3364 2998 3435 igitur
3027 3364 3071 3419 is
3108 3365 3198 3434 qui
3228 3364 3457 3419 hominis

1860 3462 2065 3525 literas,
2107 3468 2160 3515 et
2198 3459 2438 3513 chartam
2471 3464 2675 3511 tantum
2705 3454 2881 3521 aliert,
2922 3454 3001 3510 sic
3028 3455 3276 3509 omnibus
3300 3469 3460 3511 accc:

1860 3566 1981 3625 plus
2000 3562 2083 3609 est
2109 3553 2184 3624 (b)
2219 3569 2232 3606 :
2257 3552 2424 3607 multo
2452 3550 2621 3620 magis
2644 3564 2739 3605 vos
2760 3548 3257 3619 conveniteloquia,
3290 3564 3408 3619 qua:
3428 3564 3467 3606 a

1860 3647 2059 3719 Spiritu
2109 3644 2264 3701 vobis
2292 3659 2389 3714 per
2436 3658 2535 3698 nos
2576 3642 2880 3707 mittuntur,
2930 3656 3120 3711 magna
3164 3641 3461 3696 attentione

1861 3739 2151 3809 suscipere,
2185 3745 2246 3792 ut
2292 3750 2537 3806 magnam
2580 3734 2715 3805 grati
2744 3734 2908 3787 animi
2948 3733 3218 3802 recipiatis
3256 3748 3465 3798 merce-

1861 3832 2004 3888 dem.
2033 3831 2164 3886 Nam
2186 3831 2231 3887 si
2261 3830 2456 3885 viderit
2476 3829 2731 3884 Dominus
2758 3828 3129 3883 universorum
3156 3827 3457 3882 animarum

1861 3935 2161 3981 vestrarum
2211 3921 2582 3985 alacritatem],
2625 3928 2679 3975 et
2707 3918 2864 3974 nobis
2910 3917 3169 3986 largiores
3211 3925 3459 3987 sumptus

1862 4026 2084 4090 propter
2104 4024 2337 4071 vestram
2366 4011 2773 4069 :cdilieationem
2817 4009 3198 4080 suppeditabit,
3230 4018 3285 4065 et
3309 4008 3462 4065 vobis

1862 4111 2120 4183 majorem
2165 4107 2418 4180 praebebit
2468 4106 2814 4171 intellectum,
2850 4113 2908 4158 ut
2946 4120 3009 4159 ea
3046 4120 3164 4173 qua:
3207 4103 3469 4159 dicuntur;

1862 4206 2165 4277 intelligere
2189 4202 2427 4259 valeatis.
2455 4200 2714 4256 Liberalis
2738 4200 2881 4253 eiiim
2908 4207 2991 4254 est
3017 4198 3248 4269 Spiritus
3268 4199 3469 4269 gratia,

1862 4310 1917 4356 et
1942 4314 2001 4355 se
2020 4298 2073 4353 in
2101 4310 2288 4352 omnes
2312 4293 2615 4356 ciiumlcns,
2646 4291 2846 4345 nullam
2868 4290 3185 4346 divisionem
3212 4290 3459 4354 sustinet.

1864 4391 1961 4448 sed
1991 4406 2113 4446 eum
2138 4385 2493 4447 distribuitur,
2526 4383 2694 4454 magis
2723 4381 2937 4449 crescit,
2967 4389 3021 4437 et
3049 4390 3249 4452 quanto
3280 4382 3470 4454 plures

1863 4491 1988 4539 sunt
2012 4483 2127 4553 ejus
2158 4478 2459 4551 participes,
2490 4484 2637 4533 tanto
2664 4486 2717 4531 et
2739 4476 3053 4531 beneiicium
3079 4475 3247 4547 magis
3274 4484 3464 4532 exten-

1862 4574 2027 4631 ditur.
2061 4575 2172 4643 Age
2196 4569 2354 4642 igitur
2374 4569 2417 4624 si
2447 4568 2674 4634 videtur,
2705 4576 2761 4623 et
2781 4566 2939 4622 hodie
2959 4566 3024 4621 ad
3052 4567 3245 4622 seriem
3272 4582 3465 4623 eorum

1863 4684 1985 4741 quae
2036 4665 2184 4738 prius
2232 4663 2371 4721 dicta
2417 4669 2542 4717 sunt
2591 4660 2891 4725 veniamus,
2938 4674 3003 4715 ac
3047 4658 3323 4715 videamus
3373 4658 3469 4715 ubi

1863 4776 2042 4819 sermo
2067 4758 2304 4825 desierit,
2332 4765 2382 4813 et
2414 4754 2556 4811 unde
2575 4769 2697 4811 eum
2728 4761 2973 4824 repetere
3002 4751 3161 4808 hodie
3188 4761 3458 4823 oporteat.

1928 4901 2002 4964 (a)
2035 4907 2103 4949 De
2124 4910 2221 4961 qua
2241 4895 2321 4964 hic
2344 4892 2545 4964 Homilia
2567 4902 2849 4942 sermonem
2882 4888 3077 4946 habeat,
3104 4886 3317 4936 nondum
3341 4886 3460 4937 satis

1863 4958 2177 5029 perspectum
2200 4958 2342 5009 nobis
2371 4963 2465 5006 est.
2586 5016 2617 5029 ﬂ
2704 5014 2734 5029 ν
2774 5028 2777 5029 ν
2835 5010 3213 5029 --Δῌμψ--ε

1929 4979 1980 5015 I‘S
2047 4976 2177 5012 dum
2200 4976 2342 5009 DODIS
2371 4976 2465 5006 Βδι.

1929 4976 2344 5090 (υῗθρυειηωριιιη
2368 5016 2649 5090 reverentia
2673 5014 2789 5090 οιῖτη
2827 5012 3182 5090 esseesset;
3197 5010 3463 5090 tersis}?

1864 5070 2360 5145 riévl'iterwaeridere
2399 5079 2625 5145 estapud
2647 5077 2911 5145 scriptores
2934 5070 3036 5122 tum
3082 5070 3462 5145 Ecclesiasticos,

1864 5094 1951 5139 rim
1976 5093 2149 5145 literae,
2190 5093 2360 5133 videre
2399 5093 2477 5130 ρει
2497 5093 2625 5141 apud
2647 5093 2741 5127 scrt
2764 5093 2911 5126 ttOl'cs
2935 5093 3036 5122 tutu
3082 5093 3462 5130 ηωιυδιειδιιυυδ,

1863 5147 2255 5214 tumltyeantios.
2281 5151 2453 5193 locum
2476 5141 2717 5214 insignem
2743 5093 2978 5214 habemus
3000 5133 3277 5214 apud
3301 5131 3462 5214 illiti,

1862 5196 2399 5264 cia—isdubinarratur
2433 5216 2543 5253 cum
2570 5196 2625 5252 in
2662 5200 2968 5264 depositione
3002 5196 3248 5264 Eustathii,
3297 5196 3454 5256 episc.

1867 5259 2143 5331 svnt—iochiae,
2168 5278 2268 5320 tota
2299 5281 2430 5331 pene
2459 5266 2629 5331 civitas
2651 5259 2895 5331 seditione
2918 5259 3281 5331 conflagrasset,
3309 5264 3462 5331 atque

1866 5319 2323 5399 utri-nqueiarmati's
2364 5328 2607 5399 stantibus
2650 5326 2909 5399 factionum
2946 5319 3462 5399 partibus,ﬂquas:hsihl

1866 5380 2409 5459 nillile'sﬁadjunxerant,
2428 5392 2525 5459 jam
2550 5401 2702 5459 prope
2727 5386 2901 5459 fuisset
2920 5380 3053 5459 atad
3072 5390 3215 5459 atrox
3237 5380 3459 5459 praelium

1865 5443 2142 5518 iiéiiir‘éuii:
2161 5443 2576 5518 supervenientes
2595 5443 2930 5513 imperatorias
2942 5443 3373 5518 literaspopulum
3398 5445 3461 5492 ti-

1865 5509 2003 5573 more
2025 5509 2325 5582 iittplevisse,
2353 5522 2405 5567 et
2422 5514 2646 5582 factiosos
2664 5509 3070 5582 'oontpescuisse..
3082 5509 3294 5582 vidimus
3315 5518 3461 5567 supra

1865 5569 2012 5634 iam)
2030 5569 2367 5644 ttt'epistolam
2389 5576 2582 5644 Honorii
2619 5569 2817 5644 sacrant
2839 5571 3072 5644 amtellari
3108 5584 3121 5620 :
3147 5569 3462 5644 diximusque

1900 5632 2042 5696 assim
2057 5632 2391 5705 imperatorias
2409 5636 2638 5702 epistolas
2654 5637 2745 5705 hac
2767 5647 2863 5684 una
2871 5632 3003 5705 voce
3027 5640 3175 5705 sacra
3193 5632 3464 5695 appellatas

1880 5710 2038 5767 esse,
2068 5698 2196 5770 quod
2219 5702 2375 5770 solum
2408 5698 2584 5755 unwen
2616 5700 2676 5750 ad
2708 5698 3039 5750 reverentiam
3082 5702 3232 5760 atque
3271 5705 3465 5751 metum

1864 5766 2100 5836 populum
2131 5766 2329 5821 vocabat
