3792 6276
219 297 222 300 ’
286 309 391 372 to't

279 419 521 489 Quonam
576 417 736 490 igitur
773 433 940 490 nuper
978 419 1297 489 appulimus,
1329 433 1391 474 ac
1432 417 1656 474 docendi
1704 417 1863 472 linem

282 510 546 566 fecimus?
568 509 644 566 De
667 511 766 566 Lot
785 510 935 566 vobis
961 509 1329 579 narrabamus,
1351 520 1406 567 et
1429 509 1496 566 de
1515 509 1869 566 Sodomorum

281 602 548 669 incendio,
578 601 686 657 illic
711 617 738 655 a
765 615 1013 658 sermone
1041 601 1362 668 destitimus,
1388 603 1474 656 ubi
1498 604 1672 671 justus
1693 603 1745 658 in
1774 601 1873 658 Se-

282 708 381 765 gor
407 703 648 750 servatus
673 704 776 750 est.
809 695 906 750 Sol
941 696 1082 751 enim
1110 712 1338 768 egressus
1366 707 1440 751 est
1469 713 1621 768 super
1648 708 1872 762 terram;

281 796 326 840 ct
356 785 454 841 Lat
472 787 677 841 intravit
701 789 752 841 in
777 786 958 859 Segor,
989 797 1044 843 et
1069 797 1193 843 tunc
1221 789 1297 842 ira
1321 804 1350 843 a
1383 789 1492 844 Deo
1515 789 1750 844 immissa
1772 789 1874 844 So-

280 878 510 936 domitas
535 879 907 950 apprehendit,
932 892 986 937 et
1004 890 1198 937 terram
1225 882 1368 937 illam
1391 882 1641 950 abolevit,
1660 883 1872 954 quando

279 980 332 1027 et
364 985 499 1026 uxor
519 971 648 1043 justi
675 987 860 1028 eorum
890 989 1008 1044 quae
1033 973 1101 1028 ab
1125 976 1330 1045 angelis
1367 975 1506 1031 dicta
1537 974 1748 1031 fuerant
1775 977 1875 1030 im-

281 1078 509 1133 memor,
535 1066 793 1134 spectavit
819 1075 1130 1132 retrorsum,
1158 1075 1213 1123 et
1241 1066 1375 1122 facta
1403 1075 1485 1122 est
1513 1067 1760 1122 columna
1790 1082 1874 1121 sa-

282 1158 362 1223 tis,
423 1169 736 1229 perpetuum
800 1160 1182 1216 monimentum
1233 1162 1617 1231 posterioribus
1663 1162 1874 1218 smculis

279 1266 389 1305 sine
420 1252 753 1323 negligentia
793 1253 1056 1324 praebens.
1086 1251 1277 1325 Opera:
1316 1255 1542 1324 pretium
1590 1275 1730 1314 nunc
1757 1257 1872 1315 fue-

282 1341 350 1396 rit
391 1342 709 1398 intermissa:
737 1344 894 1399 seriei
936 1345 1200 1413 insistere,
1243 1355 1296 1402 et
1342 1362 1506 1417 pauca
1551 1358 1746 1404 vestra:
1785 1365 1874 1406 ca-

283 1432 425 1486 ritati
458 1432 622 1503 loqui,
655 1442 712 1488 ut
739 1433 929 1490 iterum
958 1435 1179 1492 videatis
1208 1437 1481 1494 caritatem
1510 1449 1564 1494 et
1587 1443 1872 1498 commise-

284 1525 543 1581 ra'ionem
575 1528 907 1598 patriarchae.
940 1541 994 1585 et
1023 1531 1116 1587 Dei
1155 1533 1206 1587 in
1249 1533 1870 1592 illum-benevolentiam.

285 1615 418 1670 Nam
453 1617 561 1685 ubi,
594 1629 714 1674 orto
741 1624 872 1688 sole,
899 1622 1074 1692 justus
1101 1623 1201 1678 Lot
1227 1624 1280 1680 in
1313 1625 1481 1696 Segor
1506 1639 1744 1684 servatus
1769 1641 1871 1698 est,

287 1708 374 1777 qui
402 1717 576 1764 autem
606 1709 853 1768 Sodomis
880 1725 1053 1782 erant,
1081 1731 1289 1784 poenam
1319 1719 1545 1782 luerunt,
1574 1721 1874 1790 patriarcha

284 1801 442 1856 simul
481 1810 537 1858 et
581 1803 792 1860 illorum
829 1805 1099 1862 interitum
1142 1809 1420 1873 miserans,
1462 1827 1618 1882 quem
1658 1821 1875 1885 propter

285 1907 440 1948 suum
473 1906 742 1964 peccatum
781 1901 1166 1968 sustinuerunt,
1203 1913 1252 1958 et
1279 1904 1346 1960 de
1366 1905 1510 1974 justo
1536 1907 1689 1962 valde
1723 1909 1875 1963 solli-

285 1987 442 2055 citus,
471 2005 627 2046 mane
651 1992 874 2048 veniens
904 1996 1176 2064 spectabat
1204 2013 1322 2067 qum
1361 1999 1429 2052 ibi
1471 1997 1607 2055 facta
1638 2001 1868 2058 fuerant.

284 2080 372 2133 Q7.
408 2081 646 2136 Diluaulo
673 2095 840 2140 autem
862 2089 1011 2151 venit,
1038 2089 1226 2160 inquit,
1257 2091 1510 2145 Abraham
1538 2110 1683 2148 mane
1706 2097 1774 2147 ad
1795 2096 1870 2149 lo-

285 2188 419 2235 cum,
444 2174 528 2227 ubi
561 2187 766 2231 steterat
793 2194 964 2233 coram
999 2179 1130 2248 Deo,
1155 2181 1245 2238 28.
1273 2192 1318 2237 et
1346 2187 1565 2254 respexit
1600 2188 1652 2241 in
1694 2187 1876 2257 faciem

290 2266 634 2322 Sodomorum
674 2283 721 2324 et
752 2270 1067 2340 Gomorrhte,
1102 2285 1148 2330 et
1177 2276 1228 2330 in
1259 2277 1438 2348 faciem
1477 2281 1878 2351 circnmjacentis

288 2359 526 2429 regionis,
557 2371 604 2414 et
645 2363 787 2416 vidit.
817 2363 886 2417 Et
910 2381 1023 2420 ecce
1060 2369 1358 2423 ascendebat
1385 2371 1597 2440 ﬂamma
1631 2373 1695 2426 de
1719 2382 1874 2440 terra,

287 2451 436 2516 quasi
462 2454 633 2530 [unius
658 2455 863 2508 contini.
898 2455 954 2510 ln
983 2471 1068 2523 eo,
1097 2457 1284 2528 inquit,
1317 2459 1457 2527 loi'o,
1489 2461 1540 2516 in
1571 2479 1677 2533 quo
1705 2464 1876 2520 collo-

289 2549 484 2605 qnutus
508 2553 590 2599 est
608 2559 727 2600 cum
757 2547 998 2614 Domino,
1030 2559 1084 2606 et
1107 2565 1204 2620 pro
1227 2551 1514 2609 Sodomitis
1539 2557 1764 2627 rogavit,
1798 2559 1878 2613 vi-

289 2632 451 2689 debat
481 2637 730 2693 terribilis
775 2640 914 2697 illius
951 2657 1126 2713 pinnae
1151 2645 1388 2717 vestigia,
1430 2656 1484 2702 et
1517 2648 1585 2705 de
1615 2649 1760 2720 justo
1793 2651 1876 2707 di-

289 2742 440 2784 scere
476 2727 674 2800 aliquid
711 2733 937 2789 volebat.
967 2737 1014 2790 Is
1041 2737 1183 2793 enim
1215 2751 1519 2795 sanctorum
1551 2758 1666 2798 mos
1691 2752 1792 2810 est,
1824 2755 1883 2800 ut

293 2818 576 2886 plurimum
613 2823 802 2880 all‘ectu
832 2839 1165 2897 moveantur,
1207 2839 1262 2885 et
1288 2835 1694 2904 compatiuntur.
1729 2837 1794 2892 Et
1825 2848 1882 2893 ut

289 2909 480 2967 doceat
517 2928 614 2969 nos
653 2915 834 2971 divina
865 2917 1135 2991 Scriptura
1174 2921 1404 2992 Spiritus
1441 2929 1666 2998 gratiam
1702 2931 1879 2985 statim

293 3005 390 3073 ipsi
423 3004 580 3076 hujus
620 3013 692 3064 rei
723 3011 964 3067 notitiam
1001 3017 1354 3086 concessisse,
1401 3026 1456 3074 et
1489 3019 1692 3090 justum
1729 3039 1879 3091 cura,

289 3109 448 3164 quam
497 3113 594 3167 pro
636 3100 733 3155 Lot
774 3104 1011 3172 gerebat,
1059 3106 1348 3177 liberasse,
1383 3110 1553 3182 inquit
1578 3129 1593 3168 :
1621 3111 1715 3169 29.
1755 3113 1882 3169 Cum

290 3198 565 3244 contereret
596 3191 842 3250 Dominus
872 3198 1096 3252 civitates
1124 3201 1344 3271 regionis
1381 3204 1542 3273 illius,
1585 3206 1884 3262 recordatus

291 3291 367 3334 est
402 3279 542 3338 Deus
572 3285 810 3355 Abrahw,
857 3298 902 3343 et
940 3291 1102 3345 emisit
1139 3291 1238 3347 Lot
1275 3310 1304 3348 e
1348 3297 1512 3350 media
1545 3299 1878 3354 subversione.

293 3375 430 3443 Quid
459 3386 562 3440 est,
590 3376 902 3436 Recordatus
923 3392 997 3436 est
1024 3382 1164 3438 Deus
1194 3385 1453 3443 Abrahw?
1480 3389 1594 3445 Hoc
1618 3400 1719 3456 est,
1747 3401 1883 3464 peli-

295 3468 457 3524 tionis
495 3485 652 3539 quam
701 3473 844 3540 fecit,
897 3474 1082 3532 dicens
1113 3495 1124 3532 :
1157 3475 1240 3532 Ne
1278 3481 1433 3536 simul
1474 3484 1658 3553 perdas
1686 3485 1886 3555 justum

294 3577 410 3614 cum
455 3563 612 3633 impio
648 3563 801 3634 (Gen.
839 3567 927 3624 18.
956 3567 1074 3641 22).
1103 3568 1209 3626 Cur
1233 3572 1409 3644 igitur,
1456 3574 1648 3632 dixerit
1673 3577 1883 3649 aliquis,

264 3663 514 3724 .propter
528 3658 818 3713 orationem
839 3661 1338 3735 patriarchaejustus
1354 3676 1599 3724 servatus
1615 3680 1696 3725 est
1711 3679 1765 3726 et
1782 3687 1887 3727 non

297 3758 518 3818 propter
540 3764 689 3804 suam
715 3753 1013 3821 justitiam?
1042 3754 1114 3810 lta
1142 3767 1308 3825 certe,
1337 3759 1494 3814 etiam
1527 3770 1744 3833 prepter
1762 3777 1886 3819 Ora-

298 3839 496 3896 tionem
527 3843 842 3912 patriarcha:
875 3865 888 3901 :
917 3847 1130 3917 quando
1171 3849 1312 3904 enim
1356 3850 1588 3922 quodex
1618 3853 1770 3909 nobis
1809 3865 1892 3910 est

294 3932 457 3988 simul
504 3934 808 4003 alferimus,
860 3937 974 4010 ipsa
1017 3941 1177 3995 etiam
1228 3943 1540 3999 intercessio
1579 3956 1887 4002 Sanctorum

301 4024 582 4093 plurimum
608 4027 761 4082 nobis
782 4030 1005 4084 confert.
1036 4031 1185 4098 Quod
1217 4033 1260 4085 si
1288 4033 1386 4102 ipsi
1419 4035 1745 4105 negligentes
1774 4037 1889 4093 fue-

300 4115 488 4181 rimus,
519 4126 573 4171 et
599 4133 748 4186 spem
777 4120 827 4172 in
858 4120 964 4174 illis
989 4122 1116 4175 solis
1145 4131 1344 4178 nostrae
1371 4125 1556 4181 salutis
1585 4128 1890 4185 collocave-

303 4208 491 4273 rimus,
522 4209 652 4263 nihil
682 4212 910 4280 amplius
937 4211 1092 4268 nobis
1121 4215 1336 4283 prodest
1363 4231 1376 4269 :
1411 4232 1516 4272 non
1548 4221 1688 4288 quod
1715 4222 1893 4279 minus

301 4300 513 4354 valeant
542 4301 692 4370 justi,
719 4302 814 4358 sed
841 4303 963 4374 quia
994 4314 1210 4376 propter
1243 4317 1477 4364 nostram
1507 4309 1766 4368 desidiam
1793 4329 1892 4372 nos

297 4390 446 4459 ipsos
466 4391 762 4462 prodimus.

371 4482 428 4538 2.
461 4484 530 4539 Et
558 4495 617 4540 ut
641 4486 817 4542 discas
843 4490 1144 4559 quomodo,
1171 4506 1293 4547 cum
1319 4494 1648 4566 negligentes
1676 4509 1891 4568 sumus,

303 4575 513 4630 etiamsi
550 4577 677 4646 justi
723 4579 831 4633 sint
868 4582 957 4651 qui
996 4596 1094 4650 pro
1130 4583 1284 4639 nobis
1310 4597 1500 4653 orant,
1531 4587 1739 4643 etiamsi
1767 4605 1894 4659 pro-

307 4669 518 4738 phetae,
564 4671 708 4726 nulla
748 4673 901 4728 nobis
946 4675 1069 4731 inde
1113 4678 1182 4732 sit
1222 4678 1423 4733 utilitas
1449 4678 1548 4750 (illi
1576 4680 1718 4735 enim
1745 4696 1895 4738 suam

304 4765 558 4819 virtutem
603 4779 698 4832 per
741 4765 843 4821 hoc
877 4766 1281 4834 demonstrant,
1313 4770 1464 4825 nobis
1490 4781 1668 4826 autem
1697 4772 1767 4827 ob
1794 4773 1893 4827 im-

306 4855 504 4924 probos
537 4871 717 4912 mores
755 4858 896 4913 nulla
924 4859 1028 4914 erit
1048 4861 1268 4933 utilitas)
1295 4902 1310 4926 ,
1344 4861 1464 4917 audi
1495 4863 1660 4919 Deum
1681 4863 1896 4919 univer-

302 4965 503 5015 sorum,
538 4949 604 5005 ad
632 4967 776 5018 cum,
803 4953 891 5024 qui
923 4953 990 5008 dc
1017 4963 1168 5010 utero
1192 4956 1377 5012 matris
1400 4957 1759 5013 sanetilicatus
1785 4966 1894 5025 est,

305 5040 594 5098 Jcrcmiam
625 5045 941 5115 prophetam
961 5046 1264 5116 loquentem
1289 5067 1304 5102 τ
1334 5047 1416 5103 Ne
1436 5067 1548 5103 ores
1569 5067 1659 5119 pro
1708 5050 1904 5120 populo

303 5136 425 5200 hoc,
473 5138 592 5204 quia
630 5155 730 5192 non
775 5140 1044 5193 exaudiam
1088 5150 1134 5195 te
1163 5140 1294 5209 (λεν.
1321 5141 1408 5196 16.
1435 5141 1514 5213 7).
1539 5141 1670 5197 Vide
1691 5139 1897 5198 Domini

311 5229 690 5299 benignitatem
738 5249 751 5287 :
801 5234 1039 5302 prtedicit
1080 5237 1391 5306 prophetae,
1443 5245 1500 5291 ut
1545 5253 1610 5292 ne
1635 5252 1757 5292 cum
1781 5248 1900 5308 post

307 5322 606 5377 onutionem
635 5339 741 5378 non
769 5327 1113 5393 exaudiatur,
1143 5328 1245 5384 hoc
1265 5330 1376 5384 suis
1403 5331 1632 5400 peccatis
1661 5331 1855 5385 tribuat
1882 5352 1899 5368 ο

309 5421 364 5468 et
389 5413 512 5468 ideo
532 5414 647 5484 jam
675 5420 994 5485 praenuntiat
1014 5419 1060 5476 ei
1088 5421 1266 5492 populi
1296 5423 1606 5493 nequitiam,
1634 5434 1689 5479 et
1714 5424 1896 5495 prohi-

313 5505 405 5561 bet
439 5521 506 5561 ne
538 5518 817 5576 precetur,
847 5521 903 5565 ut
933 5521 987 5568 et
1015 5515 1129 5584 ipse
1155 5514 1295 5569 seire
1322 5523 1482 5586 queat
1510 5515 1773 5585 ingentem
1801 5515 1900 5571 Ju-

309 5599 548 5655 dmorum
570 5603 968 5670 perversitatem
991 5624 1006 5661 :
1029 5616 1085 5664 et
1112 5608 1184 5664 illi
1213 5609 1384 5664 sciant
1411 5608 1540 5665 nihil
1561 5609 1641 5666 eis
1655 5609 1906 5680 prodesse

315 5694 669 5765 prophetam,
705 5697 804 5750 nisi
835 5709 887 5752 et
918 5700 1017 5766 ipsi
1044 5715 1161 5769 qua:
1187 5717 1281 5754 sua
1303 5711 1429 5755 sunt
1453 5701 1694 5772 proferre
1716 5701 1900 5758 velint.

389 5784 652 5842 lat-oratio
696 5802 740 5843 ct
785 5791 1072 5845 intercessio
1112 5803 1422 5847 sanctorum.
1453 5824 1518 5832 -—
1553 5795 1607 5850 ld
1633 5801 1858 5852 scientes
1884 5837 1896 5860 ,

1022 303 1077 361 S.
1117 303 1394 360 JOAN'NIS
1434 293 1904 358 CllltYSOSTOMl
1941 291 2257 350 ABCIIIEP.
2299 289 2832 350 CONSTANTINOP.

3465 283 3574 340 ωε

1979 411 2190 479 dilecti,
2218 411 2586 482 confugiamus
2612 410 2678 465 ad
2701 418 3006 466 sanctorum
3026 423 3214 480 preces
3235 450 3250 474 ,
3279 417 3333 465 et
3351 424 3575 465 oremus

1955 514 2036 594 ,ιιι
2077 519 2174 574 pro
2223 504 2376 560 nobis
2417 503 2750 559 intercedant
2789 521 2803 558 ε
2837 500 2930 558 sed
2959 517 3064 557 non
3089 501 3301 558 illorum
3323 502 3576 572 precibus

1978 605 2184 651 tantum
2223 595 2590 663 conﬁdamus,
2629 594 2724 651 sed
2753 603 2808 650 et
2835 593 2937 664 ipsi
2965 603 3144 649 nostra
3167 634 3182 660 ,
3211 602 3271 648 ut
3319 603 3573 665 Oportet,

1978 688 2347 756 tliSpensemus
2391 697 2569 753 recte,
2614 696 2668 743 et
2710 685 2776 742 ad
2816 685 3037 741 meliora
3078 700 3292 756 semper
3328 686 3575 741 converti

1977 779 2245 846 nitamur,
2291 786 2350 832 ut
2392 777 2570 834 locum
2615 777 2807 833 demus
2851 776 3080 834 orationi
3123 793 3243 849 qua:
3281 790 3380 848 pro
3417 775 3577 832 nobis

1978 869 2235 926 funditur.
2276 871 2392 928 Hoc
2428 881 2482 927 et
2507 871 2574 927 ad
2601 872 2765 927 alium
2789 871 3104 943 prophetam
3125 869 3200 943 (a)
3229 870 3358 926 dicit
3385 871 3580 926 Domi-

1977 979 2077 1019 nus
2121 965 2496 1020 universorum
2537 983 2551 1021 :
2597 963 2719 1020 Non
2751 966 2887 1020 vides
2920 965 3043 1036 quid
3065 965 3185 1037 ,ipsi
3209 965 3448 1036 faciunt?
3473 961 3577 1017 ln-

1978 1058 2195 1111 cendunt
2223 1057 2446 1128 adipem,
2470 1067 2517 1110 et
2543 1057 2800 1127 placentas
2826 1057 3024 1127 faciunt
3049 1056 3289 1111 exercitui
3309 1056 3422 1112 (teli
3439 1054 3579 1127 (let.

1979 1148 2031 1202 7.
2077 1148 2164 1202 l7.
2215 1148 2304 1221 l8)
2338 1167 2350 1202 :
2379 1164 2445 1204 ac
2473 1149 2518 1204 si
2548 1149 2757 1206 diceret
2785 1166 2798 1204 :
2831 1148 2932 1204 Pro
2959 1147 3067 1204 illis
3091 1163 3179 1204 me
3203 1162 3391 1219 rogas,
3423 1147 3511 1217 qui
3545 1163 3576 1200 a

1935 1297 1950 1308 κ
1978 1250 2199 1310 peccato
2240 1256 2348 1296 non
2387 1240 2686 1306 desistunt,
2729 1241 2818 1312 qui
2851 1249 3036 1296 carent
3059 1255 3221 1296 sensu
3248 1239 3580 1295 inﬁrmitatis

1978 1347 2088 1387 suae
2123 1346 2227 1404 qua
2269 1333 2552 1400 laborant,
2598 1333 2693 1390 sed
2719 1333 2798 1404 sic
2830 1332 2976 1388 nullo
2996 1331 3184 1389 dolore
3211 1341 3334 1388 sunt
3353 1330 3531 1387 allecti
3553 1331 3578 1382 2

1977 1420 2095 1478 Non
2121 1422 2273 1479 vides
2316 1439 2585 1480 summum
2625 1439 2812 1481 eorum
2851 1425 3263 1495 contemptum?
3291 1440 3396 1480 non
3422 1423 3577 1478 vides

1979 1528 2165 1570 eorum
2199 1529 2448 1585 magnam
2485 1515 2784 1572 insaniam?
2821 1515 3088 1587 quomodo
3109 1515 3344 1572 nondum
3375 1516 3582 1571 satien-

1981 1615 2066 1660 tur
2107 1606 2413 1678 impietate,
2462 1609 2556 1664 sed
2595 1608 2746 1679 quasi
2782 1624 2876 1664 sus
2916 1609 2967 1662 in
3007 1607 3138 1675 luto,
3159 1622 3218 1664 se
3246 1607 3485 1663 volutent
3521 1606 3576 1661 in

1979 1698 2348 1766 iniquitatibus
2391 1700 2540 1765 suis?
2570 1703 2764 1758 Annon
2804 1702 2848 1758 si
2888 1701 3091 1758 vellent
3115 1702 3395 1771 converti,
3425 1700 3580 1757 audi-

1979 1802 2098 1846 rent
2125 1791 2512 1851 cohortantes?
2536 1793 2727 1851 Nonne
2751 1810 2851 1867 ego
2875 1810 2994 1850 sum
3025 1811 3121 1866 per
3146 1795 3437 1866 prophetas
3462 1795 3573 1850 cla-

1977 1899 2131 1940 mans
2153 1928 2168 1950 ,
2199 1893 2254 1941 et
2291 1886 2477 1942 dicens
2504 1905 2517 1939 :
2549 1887 2615 1942 Et
2641 1887 2752 1942 dixi
2779 1897 3045 1959 postquam
3069 1888 3182 1958 ipsa
3205 1895 3426 1942 scortatu
3459 1898 3535 1941 est
3559 1901 3580 1941 :

1986 1975 2111 2033 Post
2149 1980 2258 2033 Iiwc
2296 1981 2468 2033 omnia
2506 1980 2576 2034 ad
2600 1997 2678 2034 me
2701 1990 3020 2047 convertere,
3044 1989 3091 2035 et
3111 1996 3209 2034 non
3236 1989 3310 2032 est
3335 1995 3580 2033 conversa

1980 2070 2091 2142 (Id.
2123 2071 2176 2127 5.
2221 2072 2322 2144 7)?
2362 2071 2498 2128 Num
2536 2073 2680 2128 aliud
2723 2089 2942 2144 quwro,
2971 2089 3130 2144 quam
3157 2081 3208 2126 ut
3238 2072 3520 2143 quiescant
3547 2087 3579 2124 a

1981 2170 2200 2233 peccato
2228 2171 2469 2232 tantum,
2497 2173 2554 2219 et
2581 2164 2773 2219 sistant
2803 2163 2986 2219 mala?
3012 2180 3138 2219 num
3167 2178 3263 2234 pro
3289 2164 3582 2233 praeteritis

1980 2253 2244 2310 rationem
2287 2255 2443 2326 exigo
2467 2298 2483 2324 ,
2530 2255 2575 2311 si
2613 2253 2822 2311 videam
2868 2255 2990 2310 illos
3029 2255 3167 2310 velle
3213 2254 3582 2324 resipiscere?

1982 2362 2161 2404 nonne
2202 2349 2442 2419 quotidie
2483 2350 2689 2419 clamo,
2727 2349 2913 2404 dicens
2958 2367 2974 2404 :
3024 2348 3288 2419 Numquid
3325 2347 3584 2401 voluntate

1983 2438 2096 2494 volo
2137 2451 2348 2495 mortem
2394 2442 2700 2510 peccatoris,
2744 2442 2876 2495 sicut
2917 2441 3133 2495 converti
3171 2456 3286 2495 eun:
3327 2449 3374 2494 et
3415 2440 3586 2494 vivere

1988 2531 2200 2605 (Ezech.
2233 2534 2321 2590 18.
2344 2532 2437 2606 25)
2459 2535 2482 2588 ?
2504 2533 2691 2589 Nonne
2722 2542 3000 2604 propterea
3029 2533 3205 2587 omnia
3236 2531 3402 2597 facio,
3428 2541 3487 2585 ut
3511 2532 3585 2586 ab

1985 2626 2202 2682 interitu
2242 2628 2466 2698 eripiam
2494 2642 2588 2683 eos
2612 2628 2701 2699 qni
2732 2628 2801 2682 ab
2830 2642 3012 2683 errore
3043 2631 3390 2698 prmoccupati
3416 2627 3586 2681 sunt?

1985 2720 2179 2775 Annon
2205 2720 2250 2775 si
2276 2719 2485 2774 videam
2512 2735 2801 2776 conversos
2824 2761 2840 2788 ,
2872 2719 3101 2775 dilfero?
3126 2719 3311 2775 Nonne
3336 2733 3440 2790 ego
3461 2735 3584 2774 sum

1985 2811 2075 2881 qui
2102 2810 2224 2866 dico
2257 2829 2272 2866 :
2305 2811 2488 2867 Adhuc
2517 2821 2565 2866 te
2585 2811 2818 2883 loquente
2845 2811 3012 2866 dicam
3042 2827 3061 2866 :
3089 2828 3199 2866 ecce
3222 2811 3406 2866 adsum
3443 2811 3580 2883 (lsa.

1985 2907 2074 2964 58.
2100 2907 2159 2979 9)
2180 2907 2204 2962 ?
2223 2907 2361 2964 Nunt
2383 2907 2461 2964 sic
2482 2907 2580 2978 ipsi
2607 2921 2717 2962 sum
2738 2906 2924 2962 salutis
2951 2906 3090 2962 avidi
3120 2915 3264 2973 sunt,
3289 2915 3348 2961 ut
3370 2907 3501 2961 mibi
3530 2906 3584 2961 in

1989 3001 2191 3072 optatis
2219 3010 2301 3057 est
2331 3017 2518 3058 omnes
2546 3000 2788 3056 homines
2815 3001 2994 3058 salvos
3022 3000 3166 3068 ﬁeri,
3192 3009 3246 3055 et
3264 2999 3332 3056 ad
3353 2999 3587 3071 agnitio-

1987 3111 2110 3150 nem
2135 3095 2376 3152 veritatis
2396 3093 2579 3151 venire
2605 3095 2683 3166 (i.
2707 3091 2895 3148 Tim.2.
2927 3093 2981 3165 4)
3002 3093 3026 3148 ?
3049 3091 3187 3148 Num
3216 3092 3360 3148 cnim
3389 3105 3488 3147 vos
3517 3107 3584 3148 es

1989 3187 2157 3242 nihilo
2194 3187 2457 3258 produxi,
2489 3197 2549 3243 ut
2576 3186 2840 3259 perdam?
2866 3201 2993 3241 num
3023 3184 3139 3241 sine
3167 3199 3326 3241 causa
3357 3200 3585 3257 regnum

1990 3278 2223 3334 futurum
2272 3287 2327 3334 et
2364 3280 2644 3335 innumera
2688 3277 2826 3333 bona
2867 3277 3202 3348 prmparavi?
3239 3278 3434 3332 Annon
3467 3292 3593 3347 pro-

1989 3382 2111 3442 pter
2139 3371 2244 3427 hoc
2280 3381 2334 3427 et
2361 3372 2662 3443 gehennam
2698 3372 2927 3425 minatus
2964 3384 3083 3425 sum
3104 3411 3118 3434 ,
3151 3377 3209 3425 ut
3244 3368 3400 3437 hujus
3441 3378 3589 3424 metu

1990 3466 2236 3520 homines
2275 3465 2327 3519 in
2360 3480 2584 3536 regnum
2610 3465 2860 3519 cmlorum
2889 3461 3263 3517 introducam?
3288 3460 3367 3516 Nc
3393 3459 3590 3530 igitur,

1990 3572 2024 3612 ο
2053 3558 2208 3613 beate
2235 3555 2495 3628 propheta
2517 3598 2534 3624 ,
2568 3557 2689 3612 illos
2721 3557 3024 3627 relinquens
3045 3598 3062 3623 ,
3089 3552 3219 3610 mihi
3243 3549 3438 3607 alienis
3462 3565 3592 3608 ora-

1993 3651 2192 3707 tionem
2240 3668 2255 3706 :
2298 3648 2393 3706 sed
2437 3649 2563 3705 illud
2610 3666 2774 3704 unum
2829 3649 2922 3704 tibi
2973 3663 3115 3704 cura:
3147 3645 3253 3709 sit,
3283 3656 3341 3699 ut
3374 3644 3593 3699 illorum

1993 3744 2212 3800 morbus
2245 3752 2500 3812 sanetur,
2530 3753 2586 3800 et
2616 3743 2668 3797 in
2696 3758 2913 3800 sensum
2943 3737 3266 3796 infirmitatis
3291 3753 3403 3793 sum
3429 3748 3598 3807 atque

1993 3836 2061 3892 ad
2095 3835 2454 3892 valetudinem
2491 3836 2590 3908 ipsi
2631 3835 2993 3901 reducantur;
3037 3843 3090 3889 ct
3116 3847 3230 3887 mea
3257 3832 3479 3885 omnino
3508 3846 3597 3885 se-

1994 3939 2243 3999 quentur.
2289 3928 2474 4000 Neque
2525 3930 2670 3983 enim
2717 3943 2935 3994 moror,
2985 3926 3068 3983 vel
3113 3925 3335 3993 dill'ero,
3377 3923 3598 3994 quando

1995 4023 2151 4080 video
2189 4025 2422 4079 animam
2449 4031 2656 4096 gratam
2688 4039 2700 4075 :
2736 4038 2896 4077 unum
2923 4022 3066 4078 enim
3091 4030 3292 4075 tantum
3321 4018 3543 4101 requiro
3569 4060 3586 4084 ,

1998 4133 2188 4189 nempe
2219 4129 2275 4173 ut
2302 4118 2661 4173 conﬁteantur
2689 4124 2901 4187 peccata
2919 4157 2935 4183 ,
2967 4127 3022 4170 ct
3044 4115 3112 4170 ab
3139 4115 3218 4169 eis
3246 4113 3557 4167 abstineant
3575 4155 3593 4178 ,

1997 4219 2054 4266 et
2095 4226 2200 4265 non
2249 4211 2384 4266 ultra
2426 4207 2601 4264 infero
2646 4223 2857 4280 pronam
2896 4209 3152 4279 peccatis.
3186 4206 3322 4261 Num
3347 4219 3516 4276 grave
3542 4215 3602 4259 et

1997 4305 2286 4359 molestum
2333 4311 2416 4358 est
2462 4301 2606 4374 quod
2656 4317 2687 4356 a
2734 4316 2822 4356 me
2865 4301 3215 4372 proponitur?
3257 4298 3369 4353 Nisi
3396 4298 3601 4352 scirem

1999 4398 2296 4454 deteriores
2327 4397 2441 4452 lieri
2460 4439 2475 4462 ,
2509 4394 2722 4468 quando
2747 4394 2927 4467 priora
2955 4401 3167 4464 peccata
3193 4406 3298 4446 non
3328 4390 3604 4446 confiten-

2001 4501 2115 4560 tur,
2147 4505 2319 4562 neque
2341 4488 2567 4560 idipsum
2595 4487 2943 4558 requirerem.
2975 4485 3169 4540 Verum
3195 4483 3317 4554 quia
3341 4483 3456 4536 scio
3486 4481 3591 4537 ho-

2000 4583 2204 4640 minum
2241 4597 2409 4654 genus
2438 4581 2608 4652 magis
2636 4579 2704 4636 ad
2733 4587 3008 4649 peccatum
3036 4591 3275 4648 vergere,
3308 4584 3600 4645 prepterea

2001 4676 2127 4732 volo
2171 4686 2228 4732 nt
2276 4675 2633 4732 confiteantur
2675 4672 2852 4743 priora
2891 4679 3141 4740 peccata,
3182 4667 3607 4725 ctconfessione

2005 4767 2388 4840 prohibeantur
2415 4781 2482 4821 ne
2510 4765 2562 4820 in
2586 4763 2772 4820 cadent
2802 4761 3063 4818 recidant.

2076 4861 2131 4916 5.
2167 4859 2294 4915 ιιωο
2320 4859 2479 4928 igitur
2508 4857 2838 4928 cogitantes,
2871 4852 3088 4921 dilecti,
3119 4868 3182 4908 ac
3212 4850 3417 4906 Domini
3442 4849 3606 4908 beni-

2005 4953 2260 5025 gnitatem
2288 4951 2341 5006 in
2365 4950 2544 5005 animo
2571 4957 2847 5003 versantes
2871 4987 2884 5012 ,
2917 4961 2983 5001 ne
3012 4946 3181 5000 simus
3207 4942 3420 5000 desides
3461 4962 3476 4998 :
3510 4943 3607 4998 sed

2007 5059 2250 5115 magnam
2280 5042 2446 5097 nostri
2471 5042 2706 5112 ipsorum
2728 5052 2976 5110 geramus
3003 5051 3185 5092 curam
3211 5077 3224 5100 ,
3255 5045 3308 5088 et
3336 5045 3602 5104 peccator

2008 5131 2129 5193 ru'm
2177 5135 2411 5190 maculas
2439 5147 2723 5203 purgemus
2747 5172 2762 5196 ,
2794 5138 2952 5200 atque
2981 5129 3058 5184 sic
3083 5127 3146 5182 ad
3175 5135 3485 5181 sanctorum
3519 5127 3609 5180 in-

2011 5227 2392 5286 tercessionem
2443 5239 2810 5296 praperemus.
2851 5220 2982 5276 Nam
3029 5220 3074 5274 si
3110 5217 3274 5273 sobrii
3320 5227 3374 5271 et
3413 5216 3608 5283 vigiles

2010 5338 2130 5378 esse
2175 5321 2501 5376 voluerimus
2521 5359 2536 5382 ,
2573 5317 2734 5372 etiam
2776 5330 2872 5384 per
2902 5329 2998 5367 nos
3030 5313 3171 5382 ipsos
3195 5319 3410 5364 orantes
3430 5309 3610 5378 pluri-

2011 5433 2156 5471 mum
2202 5414 2355 5470 nobis
2389 5411 2742 5484 proderimus.
2785 5407 2916 5462 Nam
2959 5406 3208 5477 quoniam
3247 5404 3488 5459 clemens
3524 5413 3608 5457 est

2016 5509 2272 5564 Dominus
2299 5515 2482 5561 noster
2507 5545 2522 5571 ,
2545 5517 2652 5557 non
2683 5502 2761 5556 sic
2789 5499 2976 5554 annuit
2999 5513 3118 5552 cum
3149 5495 3217 5552 ab
3244 5495 3361 5549 aliis
3382 5509 3483 5564 pro
3511 5509 3611 5548 uo—

2013 5605 2095 5659 bis
2123 5611 2333 5668 oratur,
2362 5607 2422 5654 ut
2448 5611 2568 5654 cum
2599 5611 2631 5650 a
2656 5591 2810 5649 nobis
2840 5590 2990 5664 ipsis.
3019 5589 3148 5644 Vide
3173 5586 3468 5642 bonitatem
3489 5586 3603 5640 exi-

2079 5740 2152 5801 (a)
2188 5738 2323 5800 Atqui
2348 5736 2478 5801 idem
2495 5734 2601 5801 ipse
2625 5727 2864 5795 prepheta
2888 5731 2966 5775 est
3257 5730 3611 5772 cmmemora-

2018 5794 2116 5863 tur,
2136 5794 2192 5852 'et
2207 5794 2345 5864 cujus
2370 5799 2504 5849 locus
2519 5794 2748 5854 all'ertur,
2773 5801 2954 5852 nempe
2983 5794 3233 5836 .tcrctntas.
