3792 6298
19 332 96 390 107
1108 334 1177 391 ΙΝ
1214 335 1365 393 CAP.
1410 335 1529 392 XIX
1571 334 1813 394 GENES.
1858 336 2089 395 HOMIL.
2128 335 2311 404 XLIV,

19 449 117 518 ἰμῖν
172 446 532 519 διηγούμενοι,
592 447 809 503 καὶτὸν
836 448 947 503 τῶν
988 438 1238 522 Σοδόμων
1293 449 1650 523 ἐμπρησμὸν,

19 537 106 587 ὲκεῖ
121 534 214 587 τὸν
246 534 400 604 λόγον
420 532 749 608 ἐστήσαμεν,
778 537 912 589 ὅπου
945 538 974 589 6
995 536 1204 600 δίκαιος
1232 539 1312 602 εἰς
1340 537 1437 609 τὴν
1460 536 1656 608 Σηγὼρ

19 623 247 696 Ξιεσώθη.
291 625 351 679 '0
384 625 558 693 ἥλιος
581 626 689 698 γὰρ
725 625 986 695 ἐξῆλθεν
1023 626 1123 681 ἐπὶ
1161 625 1271 695 τῆς
1316 626 1429 694 τῆς
1452 666 1467 690 ,
1501 627 1654 696 φησὶ,

19 715 88 769 ml
131 713 263 768 Λὼτ
310 710 596 781 εἰσῆλθεν
629 717 718 782 εἰς
768 714 1006 786 Σηνὼρ,
1038 715 1132 770 καί
1179 716 1298 769 τότε
1330 718 1363 787 ῆ
1397 713 1656 785 θεήλατος

19 801 173 871 ικείνη
207 800 340 872 ὀργὴ
374 801 503 865 τούς
524 819 584 855 τε
615 802 674 858 ἐν
701 803 954 873 Σοδόμοις
987 803 1272 867 κατέλαϐε,
1309 803 1405 857 καὶ
1426 803 1527 872 τῆς
1550 803 1654 871 γῆς

19 890 77 941 ιὺν
116 889 424 959 ἀφανισμὸν
469 890 785 961 εἰργάσατο,
819 892 908 944 ὅτε
937 890 1032 943 καὶ
1066 891 1099 961 ἡ
1131 890 1267 961 γυνὴ
1314 889 1407 944 τοῦ
1442 889 1652 944 δικαίου

20 976 352 1047 ιπιλαθομένη
384 974 491 1029 τῶν
527 977 800 1048 ῥηθέντων
830 978 982 1049 παρά
1006 978 1116 1032 τῶν
1146 978 1415 1047 ἀγγέλων,
1438 978 1655 1031 ἐπιϐλέ-

19 1065 130 1131 km
155 1066 237 1128 εἰς
272 1064 339 1116 τὰ
363 1064 559 1128 ὀπίσω,
588 1064 805 1133 ἐγένετο
849 1065 1018 1137 στήλη
1066 1066 1212 1133 ἀλὸς,
1246 1064 1488 1137 διηνεκὲς
1522 1066 1656 1120 ὑπό-

20 1168 180 1222 ινημα
210 1154 328 1215 ταῖς
374 1151 514 1222 μετά
541 1151 715 1205 ταῦτα
752 1154 968 1221 γενεαῖς
1018 1153 1116 1224 τῆς
1142 1153 1346 1217 οἰκείας
1380 1152 1656 1224 ῥᾳθυμίας

19 1241 355 1311 ιαρεχομένη.
404 1242 725 1309 Ἀναγκαῖον
763 1236 856 1295 οῦν
880 1242 1119 1313 σήμερον
1147 1240 1217 1294 τὰ
1244 1240 1372 1311 ἐξῆς
1399 1239 1654 1293 ἐπελθόν-

19 1346 80 1388 τας
104 1329 279 1399 μικρά
304 1346 424 1382 τινα
451 1328 799 1399 διαλεχθῆναι
823 1329 959 1401 πρὸς
979 1328 1078 1401 τὴν
1114 1329 1383 1401 ὑμετέραν
1412 1329 1651 1400 ἀγάπην,

20 1434 72 1469 να
102 1416 267 1471 πάλιν
291 1416 464 1487 εἰδῆτε
496 1415 589 1469 τοῦ
623 1415 963 1489 πατριάρχου
986 1417 1046 1471 τὸ
1073 1416 1355 1488 συμπαθὲς
1383 1417 1477 1470 καὶ
1506 1416 1653 1486 c9116-

19 1522 237 1575 ποργον,
273 1493 480 1559 καὶτοῦ
510 1503 645 1557 Θεοῦ
679 1505 776 1575 τὴν
805 1506 934 1578 περὶ
974 1506 1136 1560 αὑτὸν
1164 1505 1394 1563 εῦνοιαν.
1438 1506 1654 1578 Ἐπειδὴ

19 1594 112 1662 ἀρ,
151 1592 255 1661 τῆς
281 1591 542 1661 ἀνατολῆς
565 1591 656 1644 τοῦ
691 1592 843 1661 ήλίου
885 1591 1219 1662 γενομένης,
1260 1594 1289 1645 6
1320 1591 1420 1661 μὲν
1447 1591 1652 1656 δίκαιος

19 1680 103 1733 ιὼτ
129 1682 216 1741 εἰς
242 1681 340 1749 τὴν
360 1678 555 1749 Σηγὼρ
584 1679 839 1750 διεσώθη,
863 1680 911 1733 οἱ
938 1680 995 1733 δὲ
1019 1680 1089 1734 τά
1109 1681 1314 1751 Σόδομα
1341 1680 1654 1735 κατοικοῦν-

20 1785 70 1830 ες
100 1767 215 1819 ὑπὸ
239 1766 337 1837 τὴν
358 1766 514 1838 δίκην
537 1767 841 1835 γεγόνασιν,
869 1766 898 1819 6
925 1767 1269 1838 πατριάρχης
1298 1768 1432 1838 όμοῦ
1467 1768 1655 1822 κάκεί-

19 1871 102 1917 ους
122 1853 413 1925 οἰκτείρων
440 1855 541 1923 τῆς
568 1853 863 1917 ἀπωλείας,
897 1854 966 1924 ἢν
988 1853 1078 1907 διά
1105 1854 1205 1923 τὴν
1232 1854 1438 1907 οἰκείαν
1474 1870 1665 1933 παρα-ν

20 1942 179 2011 ομίαν
205 1941 524 2011 ὑπέμειναν,
558 1942 651 1995 καί
685 1942 813 2013 περὶ
841 1942 935 1995 τοῦ
961 1942 1173 1995 δικαίου
1195 1942 1399 2012 σφόδρα
1438 1941 1655 2013 φροντί-

19 2048 108 2089 ων,
147 2028 431 2099 όρθρίσας,
464 2029 618 2099 φησὶ,
643 2028 999 2098 περιεσκόπει
1028 2030 1095 2083 τά
1129 2030 1488 2099 γεγενημένα.
1522 2032 1656 2097 Ὤρ-

19 2133 150 2185 ρισε
178 2116 307 2187 γὰρ,
349 2117 536 2189 φησὶν,
579 2116 836 2185 Ἀϐραὰμ
880 2116 961 2181 τῷ
994 2117 1145 2185 πρωῒ
1172 2120 1259 2183 εἰς
1299 2116 1406 2171 τὸν
1444 2117 1652 2184 τόπον,

20 2198 50 2258 ὗ
71 2201 343 2269 εἱστήκει
368 2203 651 2257 ἐναντίον
695 2202 802 2256 τοῦ
852 2203 1020 2266 Θεοῦ,
1057 2203 1153 2256 καί
1185 2203 1519 2272 ἐπέϐλεψεν
1554 2203 1656 2257 ἐπὶ

19 2292 311 2357 ψόσωπον
356 2288 468 2358 τῆς
505 2288 834 2359 περιχώρου
868 2291 1145 2358 Σοδόμων
1186 2290 1279 2345 καί
1326 2291 1652 2360 Γομόρρας,

22 2378 76 2431 αἰ
114 2376 264 2432 εἶδε.
292 2379 401 2432 Καὶ
427 2377 560 2432 ἰδοὺ
591 2378 865 2431 ἀνέϐαινε
902 2378 1059 2447 φλὸξ
1082 2379 1150 2432 ἐκ
1194 2378 1303 2446 τῆς
1334 2377 1468 2448 γῆς,
1510 2379 1654 2432 ὡσεὶ

20 2468 156 2535 τμὶς
189 2468 462 2536 καμίνου.
515 2468 603 2519 Ἐν
636 2467 852 2536 ἐκείνῳ,
895 2467 1047 2536 φησὶ,
1099 2466 1177 2536 τῷ
1207 2468 1357 2536 τόπῳ
1394 2465 1653 2535 γεγονὼς,

19 2555 104 2606 δθα
136 2554 239 2624 τὴν
268 2554 501 2618 διάλεξιν
527 2554 662 2627 πρὸς
686 2555 777 2607 τὸν
799 2555 1073 2624 Δεσπότην
1107 2558 1417 2624 ἐποιήσατο.
1446 2555 1540 2607 καὶ
1561 2553 1657 2625 τὴν

20 2642 106 2711 ερὶ
160 2640 271 2693 τῶν
298 2642 355 2692 ἐν
408 2640 659 2710 Σοδόμοις
707 2640 1073 2711 παράκλησιν,
1108 2640 1252 2710 ἐώρα
1285 2641 1382 2709 τῆς
1423 2640 1657 2711 φοϐερᾶς

19 2730 204 2801 ιείνης
225 2729 495 2800 τιμωρίας
527 2729 595 2781 τά
617 2730 757 2800 ἴχνη.
781 2728 987 2782 καὶτοῦ
1017 2728 1225 2781 δικαίου
1249 2729 1432 2781 ἐνεκεν
1468 2728 1657 2798 μαθεῖν

20 2860 21 2865 η
58 2816 353 2887 ἐπεθύμει.
380 2816 632 2869 Τοιοῦτον
657 2817 766 2888 γὰρ
792 2816 899 2869 τῶν
927 2817 1096 2884 ἁγίων
1124 2817 1183 2868 16
1209 2815 1345 2878 ἔθος,
1379 2815 1660 2885 φιλόστορ-

20 2922 68 2956 w
107 2905 210 2956 καὶ
244 2902 679 2973 συμπαθητικόν.
737 2902 844 2954 Καὶ
891 2903 979 2955 ἵνα
1038 2902 1223 2974 διδάξῃ
1275 2903 1419 2973 ἡμᾶς
1470 2904 1503 2972 ὴ
1540 2902 1659 2955 Θεία

19 2992 199 3063 ραφὴ,
229 2991 310 3043 ὅτι
344 2989 547 3053 εὐθέως
588 2989 735 3060 αὐτῷ
763 2990 952 3042 τούτου
995 2989 1092 3061 τὴν
1124 2990 1322 3057 γνῶσιν
1348 2990 1600 3058 ἐνέθηκεν
1625 2991 1658 3060 ή

20 3078 63 3131 μῦ
104 3077 434 3147 Πνεύματος
472 3078 653 3148 χάρις,
708 3078 840 3148 ὁμοῦ
881 3077 937 3130 δέ
968 3079 1062 3131 καὶ
1094 3077 1183 3130 16v
1213 3078 1419 3130 δίκαιον
1445 3079 1531 3131 ἵνα
1558 3078 1657 3148 τῆς

19 3168 104 3238 ερί
138 3166 240 3220 τοῦ
278 3165 403 3219 Λὼτ
452 3164 738 3237 ἀπαλλάξῃ
775 3165 1049 3237 φροντίδος
1081 3178 1129 3229 α,
1183 3167 1380 3235 φησίν·
1425 3167 1528 3220 Ἑν
1579 3166 1658 3233 τῷ

19 3256 256 3325 ιτρῖψται
281 3257 501 3324 Κύριον
535 3257 640 3321 τὰς
665 3258 873 3321 πόλεις
906 3253 1013 3321 τῆς
1039 3258 1360 3323 περιοίκου,
1384 3256 1658 3325 ἐμνήσθη

24 3346 189 3411 Θεὸς
217 3344 325 3399 τοῦ
382 3344 659 3413 Ἀϐραὰμ,
712 3344 811 3397 καὶ
867 3342 1258 3407 ἐξαπέστειλε
1286 3343 1392 3397 τὸν
1423 3345 1555 3398 Λὼτ
1590 3344 1660 3397 ἐκ

19 3433 175 3486 ίσου
207 3432 320 3497 τῆς
341 3430 784 3500 καταστροφῆς.
811 3431 876 3483 Τί
904 3433 1071 3493 ἐστιν,
1108 3432 1414 3500 Ἐμνήσθη
1446 3434 1478 3485 ό
1518 3432 1661 3497 Θεὸς

19 3517 77 3571 »ὗ
130 3515 390 3585 Ἀϐραάμ
415 3532 433 3579 ;
462 3516 575 3586 Τῆς
604 3515 1018 3586 παρακλήσεως,
1045 3516 1227 3586 φησὶν,
1250 3512 1317 3588 ἧς
1347 3517 1656 3587 ἐποιήσατο,

22 3622 177 3673 γων,
212 3604 310 3671 Μὴ
348 3603 783 3669 συναπολέσῃς
816 3602 1051 3656 δίκαιον
1095 3605 1245 3671 μετὰ
1284 3604 1565 3669 ἀσεϐοῦς.
1596 3605 1660 3656 Τί

20 3712 83 3754 ιν,
117 3694 191 3746 ἂν
224 3692 369 3745 εἰποι
396 3708 500 3754 τις,
547 3691 635 3744 διά
662 3689 759 3761 τὴν
801 3689 1145 3761 παράκλησιν
1192 3690 1284 3743 τοῦ
1321 3692 1658 3763 πατριάρχου

22 3781 258 3842 δίκαιος
282 3777 536 3847 διεσώθη,
567 3778 663 3830 καὶ⁹
698 3777 818 3848 οὐχὶ
858 3777 945 3830 διά
972 3777 1070 3847 τὴν
1113 3777 1245 3830 ἰδίαν
1278 3778 1657 3848 δικαιοσύνην;

19 3870 101 3932 ιλ,
140 3868 243 3920 καὶ
300 3866 389 3919 διά
417 3866 518 3938 τὴν
552 3865 895 3936 παράκλησιν
945 3865 1039 3918 τοῦ
1100 3867 1474 3936 πατριάρχουο
1532 3866 1660 3919 ὅταν

19 3974 75 4027 ιρ
105 3955 184 4008 τὰ
212 3956 344 4025 παρ’
378 3953 587 4007 ἑαυτῶν
619 3952 1139 4023 συνεισενέγκωμεν,
1169 3953 1261 4005 καὶ⁸
1287 3956 1320 4025 ῆ
1365 3951 1518 4024 παρά
1553 3953 1659 4005 τῶν

19 4046 212 4097 ιαίων
246 4041 396 4115 [M9]
420 4041 686 4114 πρεσϐεία
701 4041 771 4094 τὰ
800 4042 1034 4111 μέγιστα
1060 4042 1207 4111 ἡμᾶς
1232 4042 1489 4111 ὀνίνησιν.
1509 4041 1661 4094 Ἐπεὶ

24 4152 58 4185 ν
97 4132 269 4186 αὐτοὶ
297 4132 397 4200 μέν
432 4129 789 4201 ρᾳθυμῶμεν,
822 4128 918 4192 τὰς
940 4129 996 4182 δέ
1020 4128 1239 4191 ἐλπίδας
1263 4128 1363 4199 τῆς
1388 4128 1661 4199 ἡμετέρας

19 4221 264 4292 »τηρίας
315 4221 402 4272 ἐπ’
456 4218 688 4281 ἐκείνοις
750 4217 931 4287 μόνοις
980 4216 1281 4286 ποιώμεθα,
1329 4217 1479 4270 οὐδὲν
1530 4218 1662 4287 ἡμῖν

19 4328 130 4363 ται
166 4307 368 4360 πλέον’
400 4307 501 4361 οὐκ
528 4306 713 4376 ἐπειδὴ
741 4305 984 4368 ἀσθενεῖς
1014 4306 1063 4357 οἰ
1086 4305 1303 4368 δίκαιοι,
1337 4305 1451 4358 ἀλλ’
1474 4304 1660 4375 ἐπειδὴ

19 4401 139 4461 ιεῖς
170 4397 266 4449 διὰ
298 4396 399 4467 τῆς
423 4395 631 4458 οἰκείας
663 4393 931 4465 ῥᾳθυμίας
958 4394 1180 4456 ἑαυτοὺς
1213 4393 1553 4465 προδίδομεν.

24 4489 115 4558 β’.
167 4487 286 4540 Καὶ
329 4486 415 4538 ἴνα
462 4482 639 4554 μάθῃς
676 4482 789 4543 ὅτι,
827 4482 954 4535 ὅταν
987 4481 1300 4552 ἀμελῶμεν,
1336 4481 1440 4535 κᾶν
1464 4482 1660 4535 δίκαιοι

19 4593 104 4629 νιν
149 4575 208 4626 οἰ
258 4573 402 4643 ὑπὲρ
431 4570 588 4640 ήμῶν
642 4567 1085 4640 παρακαλοῦντες
1112 4610 1127 4635 ,
1173 4568 1275 4623 κᾶν
1344 4569 1659 4639 προφῆται,

19 4668 124 4719 Ξὲν
160 4665 304 4734 ἡμῖν
336 4665 401 4715 ἐκ
422 4661 611 4715 τούτου
640 4660 830 4730 ὄφελος
861 4661 1068 4728 γίνεται
1122 4659 1350 4731 (ἐκεῖνοι
1406 4659 1504 4729 μὲν
1552 4657 1661 4730 γάρ

20 4774 49 4805 υ
97 4749 330 4805 ἑαυτῶν
361 4747 561 4821 ἀρετὴν
589 4748 682 4802 καὶ
713 4746 800 4801 διὰ
829 4747 1032 4801 τούτων
1066 4746 1480 4810 ἐπιδείκνυνται,
1530 4747 1661 4816 ἡμῖν

26 4838 303 4909 οὐδεμία
329 4837 481 4890 ἔσται
518 4837 703 4908 ὄνησις
745 4835 833 4889 διὰ
860 4836 949 4887 τὸν
975 4836 1171 4888 οἰκεῖον
1199 4832 1453 4904 τρόπον),
1500 4834 1663 4887 ἄκου’

19 4950 41 4982 θ
86 4928 201 4981 τοῦ
229 4926 342 4980 τῶν
366 4927 503 4979 ὅλων
541 4924 673 4978 Θεοῦ
694 4925 829 4994 πρὸς
854 4924 946 4976 τὸν
980 4925 1044 4977 ἐκ
1077 4923 1287 4985 κοιλίας
1330 4922 1661 4990 άγιασθέντα

26 5036 113 5086 ps
124 5017 271 5086 μίαν
290 5015 386 5067 τὸν
413 5015 698 5084 προφήτην
728 5012 953 5079 λέγοντα
976 5028 991 5042 °
1018 5010 1113 5078 Μὴ
1147 5012 1489 5079 προσεύχου
1534 5007 1663 5077 περὶ

19 5108 59 5160 ῦ
130 5102 306 5159 λαοῦ
337 5102 573 5166 τούτου,
624 5100 715 5155 ὅτι
742 5102 853 5153 οὐκ
887 5098 1319 5166 εἰσακούσομαί
1340 5114 1473 5150 σου.
1518 5098 1662 5167 Ὅρα

19 5196 29 5244 i
70 5190 380 5244 Δεσπότου
407 5186 815 5258 φιλανθρωπίαν
835 5203 850 5218 ο
878 5185 1130 5255 προλέγει
1162 5184 1239 5254 τῷ
1272 5186 1540 5256 προφήτῃ,
1572 5185 1662 5238 ἵνα

66 5278 240 5349 μετά
288 5276 351 5329 16
397 5272 795 5346 προσεύξασθαι
856 5272 1292 5343 παρακουσθεὶς,
1342 5269 1535 5342 νομίσῃ
1580 5272 1660 5324 ὅτι

58 5366 188 5437 τὴν
227 5364 363 5434 παρ’
400 5361 566 5415 αὑτοῦ
600 5361 776 5414 αἰτίαν
804 5360 963 5413 τοῦτο
1008 5360 1318 5427 γεγένηται.
1370 5359 1469 5411 Διά
1506 5360 1661 5413 τοῦτο

19 5472 49 5524 1
98 5448 436 5522 προμηνύει
467 5446 616 5517 αὐτῷ
641 5447 737 5518 τὴν
764 5446 959 5500 κακίαν
992 5444 1085 5498 τοῦ
1110 5444 1263 5507 λαοῦ,
1294 5445 1386 5497 καὶ
1415 5445 1660 5499 διαστέλ-

27 5560 118 5596 au.
157 5540 246 5609 μὴ
300 5536 742 5608 προσεύξασθαι,
779 5536 864 5588 ἵνα
895 5534 989 5587 καὶ
1020 5533 1177 5596 αὐτὸς
1208 5533 1403 5586 εἰδέναι
1439 5532 1535 5605 ἔχῃ
1563 5534 1662 5603 τῆς

19 5629 254 5699 νηρίας
302 5625 528 5679 ἐκείνων
576 5625 668 5696 τὴν
709 5624 978 5685 ἐπίτασιν,
1027 5623 1267 5674 κάκεῖνοι
1310 5622 1552 5691 μάθωσιν
1589 5622 1664 5685 ὡς

20 5719 117 5771 ὲν
153 5714 357 5778 αὐτοῖς
386 5715 415 5765 6
446 5714 729 5783 προφήτης
761 5708 1158 5780 συμϐάλλεται,
1193 5709 1239 5761 εἰ
1276 5708 1350 5779 μὴ
1385 5710 1478 5762 καὶ
1510 5710 1662 5763 αύτοί

26 5806 213 5873 παρ’
243 5800 461 5855 ἑαυτῶν
488 5800 816 5867 εἰσενεγκεῖν
847 5797 1198 5868 βουληθῶσιν.
1236 5798 1413 5868 Ὅπερ
1437 5798 1655 5864 εἰδότες,

43 5909 245 5958 Savil.
276 5911 331 5955 et
376 5907 571 5968 quidam
612 5907 693 5956 alii
737 5907 813 5954 ἵνα
848 5910 929 5963 τῆς
964 5904 1068 5963 περὶ
1109 5901 1191 5951 τοῦ
1212 5902 1397 5951 δικαίου
1416 5906 1656 5967 φροντίδος

20 5974 223 6032 licita
248 5970 419 6019 αὐτόν.

3308 349 3413 403 408

1755 451 2066 524 ἀγαπητοὶ,
2124 451 2553 524 καταφεύγωμεν
2614 453 2715 525 μέν
2781 455 2874 509 ἐπὶ
2933 454 3033 519 τάς
3083 457 3193 512 τῶν
3248 459 3419 528 ἁγίων

1756 540 2074 609 πρεσϐείας,
2100 543 2192 595 καὶ
2208 542 2615 613 παρακαλῶμεν
2636 541 2775 596 ὥστε
2790 542 2931 614 ὑπὲρ
2956 542 3113 613 ἡμῶν
3136 545 3412 617 δεηθῆναι,

1750 626 1884 680 ἀλλά
1927 629 2000 698 μὴ
2040 631 2159 692 ταῖς
2197 630 2417 684 ἐκείνων
2449 630 2676 694 ἱκεσίαις
2724 630 2883 701 μόνον
2914 631 3239 703 θαρρῶμεν,
3279 634 3417 689 ἀλλά

1752 714 1845 767 καὶ
1871 715 2024 768 αὐτοὶ
2045 715 2113 769 τά
2141 715 2263 768 καθ’
2298 718 2519 781 ἑαυτοὺς
2541 717 2767 780 δεόντως
2794 718 3301 791 οἰκονομῶμεν,καὶ
3318 723 3416 793 τῆς

1755 801 1847 854 ἐπὶ
1879 800 1941 854 τὸ
1973 801 2179 871 βέλτιον
2210 801 2513 873 μεταϐολῆς
2544 803 2825 874 ἐχώμεθα,
2874 804 2962 859 ἵνα
3012 805 3198 878 χώραν
3240 807 3419 879 δῶμεν

1750 892 1818 961 τῇ
1855 890 2120 962 πρεσϐείᾳ
2146 895 2215 963 τῇ
2244 892 2384 963 ὑπὲρ
2411 890 2566 963 ἡμῶν
2608 893 2886 965 γινομένῃ.
2930 892 3099 948 Τοῦτο
3146 896 3239 949 καί¹
3281 897 3419 968 πρὸς

1751 977 1938 1048 ἕτερον
1979 979 2265 1050 προφήτην
2372 979 2536 1049 φησὶν
2580 980 2608 1031 6
2650 979 2757 1032 τῶν
2800 981 3056 1035 ἀπάντων
3096 982 3373 1054 Δεσπότης
3400 996 3415 1011 ⁸

1747 1069 1871 1136 Οὐχ
1924 1066 2066 1135 ὁρᾷς
2114 1068 2171 1121 τί
2222 1066 2391 1121 αὐτοὶ
2441 1066 2716 1129 ποιοῦσι;
2772 1066 3030 1136 Θυμιῶσι
3076 1070 3279 1139 στέαρ,
3318 1071 3419 1124 καί

1752 1149 2029 1218 χαυῶνας
2050 1151 2290 1205 ποιοῦσι
2318 1148 2395 1218 τῇ
2419 1147 2670 1219 στρατιᾷ
2694 1149 2801 1204 τοῦ
2822 1153 3111 1220 οὐρανοῦ*
3139 1156 3419 1225 μονονουχὶ

1752 1236 1925 1303 λέγων
1962 1238 2097 1307 πρὸς
2120 1237 2283 1291 αὐτόν
2307 1251 2322 1267 ⁸
2365 1236 2534 1308 ’Υπὲρ
2572 1236 2778 1291 τούτων
2809 1255 2876 1308 με
2908 1241 3244 1309 παρακαλεῖς
3264 1281 3279 1302 ,
3310 1243 3422 1296 τῶν

1750 1323 1849 1393 οὐχ
1897 1323 2198 1395 ἰσταμένων
2234 1324 2337 1394 τῆς
2375 1325 2677 1395 πονηρίας,
2712 1324 2823 1377 τῶν
2870 1325 3121 1396 οὐδεμίαν
3170 1329 3421 1398 αἴσθησιν

1752 1411 2138 1482 λαμϐανόντων
2184 1413 2286 1482 τῆς
2334 1412 2492 1466 νόσου
2539 1414 2598 1466 ἐν
2728 1414 3070 1485 κατέχονται,
3118 1416 3227 1469 ἀλλ’
3251 1417 3420 1482 οὕτως

1752 1500 2072 1571 ἀναλγήτως
2097 1500 2482 1571 διακειμένων;
2523 1501 2633 1571 Οὐχ
2658 1501 2790 1573 ὁρᾷς
2813 1502 2992 1555 αὐτῶν
3020 1502 3121 1574 τὴν
3145 1504 3247 1557 ὐπε
3258 1505 3419 1576 ρϐἀλ-

1750 1588 1948 1641 λουσαν
1996 1589 2437 1660 καταφρόνησιν;
2487 1589 2547 1641 ού
2594 1588 2810 1659 βλέπεις
2860 1590 3040 1645 αὐτῶν
3082 1593 3183 1662 τὴν
3227 1593 3421 1663 μανίαν

1748 1675 1847 1746 τὴν
1879 1675 2120 1747 πολλήν;
2155 1675 2273 1738 πῶς
2300 1676 2511 1730 οὐδέπω
2540 1676 2700 1747 κόρον
2723 1676 2976 1749 εἰλήφασι
3009 1678 3110 1749 τῆς
3145 1680 3419 1745 ἀσεϐείας,

1750 1760 1887 1815 ἀλλά
1931 1762 2183 1835 καθάπερ
2227 1755 2291 1827 ῦς
2338 1765 2397 1817 ἐν
2441 1764 2723 1836 βορϐόρῳ,
2768 1765 2942 1829 οὕτως
2985 1766 3418 1834 ἐγκαλινδοῦνται

1750 1852 1869 1912 ταῖς
1893 1850 2123 1914 οἰκείαις
2167 1851 2565 1922 παρανομίαις;
2607 1852 2698 1923 Μὴ
2724 1852 2832 1925 γὰρ
2856 1892 2871 1915 ,
2905 1855 2953 1906 εἰ
2984 1853 3265 1908 ἐϐούλοντο
3296 1858 3413 1909 ἐπιο

1754 1936 2029 2005 στρέφειν,
2065 1935 2481 2008 παρακληθῆναι
2520 1938 2809 2008 ἀνέμενον;
2852 1939 2965 1992 υῦκ
2996 1939 3107 2008 ἐγώ
3133 1941 3250 2012 εἰμι
3277 1944 3306 1996 6
3333 1942 3419 1996 διὰ

1750 2021 1858 2073 τῶν
1896 2021 2191 2093 προφητῶν
2234 2022 2371 2092 βοῶν
2414 2024 2509 2077 καὶ
2541 2023 2713 2090 λέγων
2741 2041 2756 2056 ο
2801 2026 2909 2079 Καὶ
2953 2022 3125 2080 εἷπον
3158 2028 3308 2096 μετὰ
3353 2029 3417 2082 τὸ

1752 2109 2081 2176 πορνεῦσαι
2137 2109 2331 2175 αὑτήν
2354 2127 2371 2143 ο
2405 2109 2567 2164 Μετὰ
2631 2110 2815 2164 ταῦτα
2881 2112 3078 2166 πάντα
3140 2115 3283 2183 πρός
3344 2133 3421 2184 με

1751 2195 2161 2265 ἀνάστρεψον,
2193 2196 2291 2250 καί
2320 2199 2431 2251 οὐκ
2461 2198 2835 2267 ἀνέστρεψε;
2864 2200 2955 2269 Μὴ
2996 2201 3105 2271 γὰρ
3140 2202 3328 2275 ἐτερόν
3367 2220 3422 2258 τι

1754 2283 1919 2352 ζητῶ,
1949 2284 1981 2354 ἢ
2015 2283 2328 2337 παύσασθαι
2347 2285 2448 2354 τῆς
2476 2286 2740 2356 πονηρίας
2769 2286 2950 2356 μόνον,
2978 2288 3073 2341 καὶ
3103 2290 3291 2357 στῆναι
3313 2290 3423 2343 τῶν

1755 2370 1941 2423 κακῶν
1962 2387 1975 2433 ;
2010 2370 2083 2441 μὴ
2112 2370 2222 2442 γὰρ
2245 2371 2385 2444 ὑπὲρ
2407 2372 2516 2427 τῶν
2538 2372 2914 2444 παρελθόντων
2942 2376 3170 2440 εὐθύνας
3186 2378 3421 2443 ἀπαιτῶ,

1754 2459 1849 2510 ἐὰν
1894 2458 1986 2511 ἴδω
2044 2458 2472 2529 μεταϐάλλεσθαι
2514 2461 2908 2532 βουλομένους;
2941 2464 3000 2518 ού
3035 2465 3156 2519 καθ’
3186 2465 3424 2536 ἑκάστην

1755 2548 1971 2619 ἡμέραν
2022 2547 2128 2618 βοῶ
2167 2548 2338 2616 λέγων
2362 2566 2375 2578 ·
2405 2551 2486 2604 Οὐ
2532 2550 2777 2619 θελήσει
2829 2553 2982 2606 θέλω
3022 2554 3129 2607 τὸν
3165 2554 3427 2610 θάνατον

1754 2635 1860 2688 τοῦ
1903 2636 2275 2704 ἀμαρτωλοῦ,
2320 2638 2401 2703 ὼς
2442 2638 2510 2691 τὸ
2553 2638 2909 2709 ἐπιστρέψαι
2939 2641 3034 2693 καὶ
3066 2640 3173 2709 ζῇν
3203 2644 3424 2705 αὑτόν;

1756 2723 1828 2774 Ού
1859 2722 1947 2775 διὰ
1977 2722 2135 2776 τοῦτο
2163 2725 2338 2777 πάντα
2372 2725 2510 2778 ποιῶ
2529 2767 2543 2789 ,
2578 2725 2663 2778 ἵνα
2691 2716 2793 2795 τῆς
2835 2727 3104 2789 ἀπωλείας
3132 2728 3426 2800 ἐξαρπάσω

1755 2810 1879 2873 τοὺς
1895 2810 1984 2863 ἐπὶ
2009 2813 2073 2881 τῇ
2100 2812 2275 2883 πλάνῃ
2303 2813 2912 2883 προκατειλημμένους;
2938 2814 3029 2885 Μὴ
3054 2815 3181 2884 γὰρ,
3211 2815 3304 2868 ἐὰν
3333 2815 3424 2868 ῐδω

1761 2897 2283 2966 μεταϐαλλομένους,
2311 2898 2702 2970 ὑπερτίθεμαι;
2732 2900 2842 2952 Ούκ
2863 2900 2972 2968 ἐγώ
3001 2902 3114 2969 εἰμι
3147 2903 3174 2954 6
3208 2901 3379 2967 λέγων
3408 2919 3423 2934 ·

1760 2986 1888 3038 Ἔτι
1932 2985 2274 3050 λαλοῦντός
2322 3001 2439 3040 σου
2486 2984 2635 3053 ἐρῶο
2681 2986 2825 3039 Ἰδοὺ
2869 2986 3141 3056 πάρειμι;
3194 2988 3283 3060 Μὴ
3318 2988 3429 3058 γάρ

1755 3072 1928 3136 οὕτως
1964 3074 2117 3126 αὐτοὶ
2150 3072 2474 3143 ἐπιθυμοῦσι
2501 3074 2599 3144 τῆς
2625 3074 2830 3128 ἑαυτῶν
2858 3076 3150 3147 σωτηρίας.
3199 3076 3274 3139 ὼς
3304 3077 3428 3147 ἐμοὶ

1758 3162 2224 3232 περισπούδαστόν
2252 3162 2401 3214 ἐστιν
2434 3162 2678 3225 ἅπαντας
2707 3162 3023 3233 ἀνθρώπους
3056 3164 3311 3233 σωθῆναι,
3335 3164 3429 3217 καὶ

1758 3253 1835 3314 εἰς
1861 3252 2154 3318 ἐπίγνωσιν
2180 3250 2434 3321 ἀληθείας
2468 3250 2641 3303 ἐλθεῖν
2667 3270 2682 3313 ς
2715 3249 2865 3322 [450]
2906 3251 2996 3319 Μὴ
3026 3251 3131 3321 γάρ
3162 3252 3246 3304 διά
3273 3251 3430 3304 τοῦτὸ

1759 3354 1816 3389 σε
1856 3338 1962 3391 ἀπὺ
1993 3338 2086 3391 τοῦ
2116 3339 2190 3409 μὴ
2224 3340 2373 3403 δντος
2408 3341 2747 3411 παρήγαγον,
2788 3340 2875 3394 ἵνα
2903 3338 3184 3406 ἀπολέσω;
3221 3340 3293 3412 μὴ
3319 3342 3428 3413 γάρ

1758 3426 1881 3495 εἰκῆ
1915 3427 2014 3497 τὴν
2047 3426 2322 3497 βασιλείαν
2362 3427 2455 3481 καὶ
2498 3426 2567 3480 τά
2616 3428 2785 3498 μυρία
2814 3427 2907 3481 καὶ
2936 3427 3218 3498 ἀπόρρητα
3250 3430 3430 3498 άγαθά

1759 3516 2095 3587 ηὑτρέπισα;
2123 3507 2256 3586 (ίὺχὶ
2294 3516 2382 3570 διά
2422 3517 2578 3571 τοῦτο
2620 3518 2713 3570 καὶ
2755 3520 2977 3586 γέενναν
3021 3519 3313 3589 ἠπείλησα,
3342 3521 3429 3574 ἵνα

1760 3609 1836 3669 εἰς
1871 3607 1969 3679 τὴν
2005 3608 2280 3677 βασιλείαν
2313 3609 2558 3672 ἅπαντας
2586 3609 2679 3662 καὶ
2716 3609 2804 3662 διὰ
2843 3609 3033 3662 τούτου
3068 3609 3291 3681 δραμεῖν
3322 3629 3430 3664 πα-

1763 3698 2124 3766 ρασκευάσω;
2152 3699 2244 3770 Μὴ
2270 3697 2448 3750 τοίνυν
2474 3740 2489 3763 ,
2518 3693 2562 3751 ὦ
2600 3698 2831 3769 μακάριε
2863 3699 3116 3769 προφῆτα
3137 3742 3151 3763 ,
3189 3699 3430 3764 ἐκείνους

1761 3784 2208 3854 καταλιμπάνων,
2242 3787 2365 3856 ἐμοὶ
2392 3787 2633 3857 πρόσαγε
2676 3786 2775 3857 τὴν
2807 3786 3151 3857 παράκλησιν
3174 3829 3188 3853 ,
3218 3787 3332 3840 ἀλλ’
3371 3788 3430 3840 ἐν

1762 3890 1843 3926 σοι
1864 3872 2021 3925 τοῦτο
2045 3873 2133 3927 διὰ
2154 3873 2389 3943 σπουδῆς
2415 3875 2574 3938 ἔστω,
2607 3873 2746 3927 ὥστε
2773 3874 2871 3943 τῆς
2900 3874 3121 3927 ἐκείνων
3145 3875 3301 3927 νόσου
3334 3893 3426 3927 περ

1763 3963 2087 4033 ριγενέσθαι,
2127 3963 2221 4016 καὶ
2263 3963 2343 4025 εἰς
2385 3961 2635 4033 αἴσθησιν
2677 3962 2900 4030 ἀγαγεῖν
2947 3961 3048 4032 τῆς
3095 3962 3423 4032 ἀρρωστίας,

1762 4054 1854 4106 καὶ
1885 4053 2019 4124 πρὸς
2048 4052 2257 4120 ὑγίειαν
2298 4053 2662 4119 ἐπαναγαγεῖν
2685 4093 2699 4117 ,
2728 4051 2823 4104 καὶ
2860 4050 2931 4104 τά
2961 4051 3090 4121 παρ’
3124 4050 3258 4121 ἐμοῦ
3290 4052 3427 4104 πάν-

1759 4157 1867 4203 τως
1900 4139 2109 4209 ἐψεται.
2139 4140 2212 4193 Οὐ
2239 4138 2347 4211 γὰρ
2380 4139 2576 4209 μέλλω,
2604 4139 2723 4192 ούδέ
2762 4138 3130 4209 ἀναϐάλλομαι
3156 4177 3169 4201 ,
3207 4137 3428 4192 ἐπειδὰν

1764 4228 1857 4282 ῐδω
1882 4228 2059 4299 ψυχὴν
2086 4226 2402 4299 εὐγνώμονα
2425 4244 2441 4259 ο
2466 4227 2522 4281 ἓν
2542 4228 2650 4298 γάρ
2675 4227 2833 4298 μόνον
2853 4225 3114 4296 ἐπιζητῶ,
3139 4226 3427 4296 ὁμολογίαν

1761 4316 1869 4369 τῶν
1900 4314 2298 4386 ἐπταισμένων,
2327 4316 2419 4369 καὶ
2443 4316 2543 4369 ούκ
2566 4315 2645 4368 ἔτι
2674 4314 2771 4386 τὴν
2796 4315 2887 4367 ἐπὶ
2919 4316 3028 4378 τοῖς
3048 4315 3428 4385 ἐπταισμένοις

1760 4404 1915 4474 δίκην
1969 4403 2179 4471 ἐπάγω.
2234 4402 2325 4473 Μὴ
2364 4403 2474 4473 γάρ
2521 4402 2657 4474 βαρύ
2709 4420 2760 4455 τι
2806 4404 2900 4455 καὶ
2946 4403 3177 4473 ἐπαχθὲς
3207 4402 3269 4455 τὸ
3299 4404 3426 4473 παρ’

1762 4490 1896 4561 ἐμοῦ
1936 4490 2379 4563 προτεινόμενον;
2421 4489 2484 4542 Εἰ
2524 4489 2598 4560 μὴ
2641 4488 2787 4559 ᾔδειν
2830 4488 3043 4559 χείρους
3087 4490 3426 4560 γινομένους,

1761 4579 1827 4631 ἐκ
1873 4578 1966 4632 τοῦ
2015 4579 2088 4649 μὴ
2127 4577 2459 4649 ὁμολογῆσαι
2496 4575 2567 4629 τά
2602 4576 2839 4647 πρότερα
2883 4577 3253 4648 ἁμαρτήματα
3278 4617 3292 4638 ,
3327 4578 3428 4631 ούκ

1761 4664 1827 4719 ἂν
1848 4666 1968 4719 οὐδὲ
1995 4664 2149 4718 τοῦτο
2179 4665 2423 4735 ἐζήτουν.
2467 4663 2605 4717 Ἀλλ’
2641 4663 2827 4735 ἐπειδὴ
2855 4660 2970 4717 οῖδα
2998 4663 3058 4717 16
3092 4664 3200 4718 τῶν
3222 4664 3429 4737 ἀνθρώ-

1762 4773 1879 4808 πων
1914 4754 2070 4823 γένος
2115 4753 2313 4825 μᾶλλον
2359 4755 2494 4824 πρὸς
2533 4753 2727 4807 κακίαν
2752 4755 2936 4826 ῥέπον,
2977 4753 3064 4809 διά
3098 4755 3254 4808 τοῦτο
3302 4754 3425 4825 βού-

1761 4842 1924 4912 λομαι
1948 4842 2017 4895 τά
2044 4842 2282 4914 πρότερα
2309 4842 2635 4913 ὁμολογῆσαι
2667 4843 3036 4914 ἁμαρτήματα
3058 4884 3071 4908 ,
3116 4842 3203 4897 ῖνα
3234 4844 3268 4914 ἠ
3302 4846 3428 4913 ὀμο-

1760 4931 1915 4999 λογία
1958 4930 2185 5002 κώλυμα
2234 4931 2417 4995 αὐτοῖς
2461 4931 2688 5002 γένηται
2723 4931 2860 5002 πρὸς
2895 4930 2957 4984 16
3000 4930 3075 5003 μὴ
3103 4934 3215 4995 τοῖς
3246 4931 3425 4997 αὐτοῖς

1762 5040 2099 5093 περιπεσειν.

1831 5184 1898 5238 γ’.
1941 5168 2124 5224 Ταῦτα
2156 5168 2357 5231 τοίνυν,
2393 5164 2686 5237 ἀγαπητοὶ,
2720 5164 3189 5235 ἀναλογιζόμενοι,
3225 5167 3316 5217 καὶ
3341 5166 3426 5218 ἐν·

1760 5258 2007 5319 νοοῦντες
2032 5255 2125 5309 τοῦ
2154 5255 2427 5326 ἡμετέρου
2452 5253 2722 5306 Δεσπότου
2755 5254 2855 5324 τὴν
2888 5252 3316 5323 φιλανθρωπίαν,
3350 5252 3425 5324 μὴ

1765 5345 2118 5417 ρᾳθυμῶμεν,
2160 5342 2295 5396 ἀλλὰ
2338 5342 2599 5413 πρότερον
2661 5340 2853 5412 πολλὴν
2898 5340 3110 5395 ἑαυτῶν
3160 5338 3259 5411 τὴν
3305 5340 3428 5392 ἐπι-

1765 5436 1984 5507 μέλειαν
2013 5430 2313 5501 ποιώμεθα,
2337 5433 2429 5484 καὶ
2459 5431 2550 5483 τὸν
2585 5430 2755 5500 ῥύπον
2786 5429 2881 5484 τὸν
2907 5429 3016 5484 ἀπὸ
3040 5428 3150 5482 τῶν
3179 5430 3428 5501 ἁμαρτη-

1766 5523 1949 5592 μάτων
1972 5517 2386 5589 ἐκκαθάρωμεν,
2414 5518 2509 5570 καὶ
2537 5516 2709 5581 οὕτως
2736 5517 2828 5570 ἐπὶ
2857 5517 2955 5581 τὰς
2997 5516 3293 5587 πρεσϐείας
3318 5515 3428 5568 τῶν

1762 5609 1932 5678 ἀγίων
1982 5606 2318 5676 σπεύδωμεν.
2376 5607 2502 5659 Ἔάν
2550 5605 2654 5677 γάρ
2713 5604 3031 5677 βουλώμεθα
3084 5606 3274 5676 νήφειν
3335 5605 3427 5657 καὶ

1763 5695 2141 5767 ἐγρηγορέναι,
2182 5694 2275 5746 καὶ
2298 5693 2366 5745 δι’
2395 5694 2603 5747 ἑαυτῶν
2627 5692 3068 5764 παρακαλοῦντες
3100 5692 3179 5745 τά·
3194 5690 3426 5760 μέγιστα

1768 5782 2091 5853 ὀνησόμεθα.
2138 5780 2354 5851 Ἐπειδὴ
2378 5780 2486 5851 γὰρ
2510 5780 2887 5851 φιλάνθρωπός
2923 5782 3069 5833 ἐστιν
3105 5780 3132 5831 ὁ
3154 5777 3425 5846 Δεσπότης

1762 5872 1791 5922 ὁ
1825 5868 2086 5942 ἡμέτερος
2110 5912 2122 5934 ,
2154 5870 2253 5939 οὐχ
2293 5868 2435 5921 οῦτω
2458 5869 2522 5921 δι’
2556 5868 2757 5940 ἐτέρων
2789 5865 3267 5939 παρακαλούμενος
3287 5863 3421 5932 ὑπὲρ

1765 5957 1918 6029 ἡμῶν
1961 5956 2219 6024 ἐπινεύει,
2265 5956 2339 6022 ῶς
2374 5956 2441 6010 δι’
2474 5956 2641 6028 ἡμῶν
2687 5956 2882 6012 αὐτῶν.
2925 5955 3065 6026 Ὅρα
3096 5951 3421 6021 ἀγαθότητος
