  <div class='ocr_page' id='page_1' title='image "/cluster/home/n/w/nwhite01/storage/ocr_20150623/53-54/hvd.32044012465829/415.png"; bbox 0 0 3750 6248; ppageno 0'>
   <div class='ocr_carea' id='block_1_1' title="bbox 368 268 471 325">
    <p class='ocr_par' dir='ltr' id='par_1_1' title="bbox 368 268 471 325">
     <span class='ocr_line' id='line_1_1' title="bbox 368 268 471 325; baseline 0 0"><span class='ocrx_word' id='word_1_1' title='bbox 368 268 471 325; x_wconf 71' lang='grc'>409</span> 
     </span>
    </p>
   </div>
   <div class='ocr_carea' id='block_1_2' title="bbox 370 366 2032 453">
    <p class='ocr_par' dir='ltr' id='par_1_2' title="bbox 370 366 2032 453">
     <span class='ocr_line' id='line_1_2' title="bbox 370 366 2032 453; baseline 0.003 -30"><span class='ocrx_word' id='word_1_2' title='bbox 370 379 672 453; x_wconf 66' lang='grc' dir='ltr'>ὑπερδολήν</span> <span class='ocrx_word' id='word_1_3' title='bbox 698 394 713 411; x_wconf 79' lang='grc' dir='ltr'><strong>ο</strong></span> <span class='ocrx_word' id='word_1_4' title='bbox 740 376 835 432; x_wconf 73' lang='grc' dir='ltr'>ἐὰν</span> <span class='ocrx_word' id='word_1_5' title='bbox 863 376 951 449; x_wconf 73' lang='grc' dir='ltr'>ἴδη</span> <span class='ocrx_word' id='word_1_6' title='bbox 982 374 1107 437; x_wconf 77' lang='grc' dir='ltr'>τοὺς</span> <span class='ocrx_word' id='word_1_7' title='bbox 1137 370 1645 445; x_wconf 89' lang='grc' dir='ltr'>προσκεκρουκότας</span> <span class='ocrx_word' id='word_1_8' title='bbox 1683 370 1831 441; x_wconf 80' lang='grc' dir='ltr'>ἡμᾶς</span> <span class='ocrx_word' id='word_1_9' title='bbox 1856 407 1870 433; x_wconf 91' lang='grc'>,</span> <span class='ocrx_word' id='word_1_10' title='bbox 1906 366 2032 453; x_wconf 70' lang='grc' dir='ltr'>τοὺς</span> 
     </span>
    </p>
   </div>
   <div class='ocr_carea' id='block_1_3' title="bbox 370 452 2035 542">
    <p class='ocr_par' dir='ltr' id='par_1_3' title="bbox 370 452 2035 542">
     <span class='ocr_line' id='line_1_3' title="bbox 370 452 2035 542; baseline -0.011 -17"><span class='ocrx_word' id='word_1_11' title='bbox 370 452 769 542; x_wconf 71' lang='grc' dir='ltr'>ἠτιμωμένους,</span> <span class='ocrx_word' id='word_1_12' title='bbox 795 467 919 528; x_wconf 79' lang='grc' dir='ltr'>τοὺς</span> <span class='ocrx_word' id='word_1_13' title='bbox 943 461 1209 535; x_wconf 89' lang='grc' dir='ltr'>μηδεμίαν</span> <span class='ocrx_word' id='word_1_14' title='bbox 1235 458 1546 532; x_wconf 82' lang='grc' dir='ltr'>παρρησίαν</span> <span class='ocrx_word' id='word_1_15' title='bbox 1569 457 1813 527; x_wconf 76' lang='grc' dir='ltr'>ἔχοντας,</span> <span class='ocrx_word' id='word_1_16' title='bbox 1841 452 2035 523; x_wconf 81' lang='grc' dir='ltr'>μικρὸν</span> 
     </span>
    </p>
   </div>
   <div class='ocr_carea' id='block_1_4' title="bbox 370 543 2037 630">
    <p class='ocr_par' dir='ltr' id='par_1_4' title="bbox 370 543 2037 630">
     <span class='ocr_line' id='line_1_4' title="bbox 370 543 2037 630; baseline -0.011 -16"><span class='ocrx_word' id='word_1_17' title='bbox 370 558 770 630; x_wconf 81' lang='grc' dir='ltr'>διεγερθέντας,</span> <span class='ocrx_word' id='word_1_18' title='bbox 823 552 916 608; x_wconf 79' lang='grc' dir='ltr'>καὶ</span> <span class='ocrx_word' id='word_1_19' title='bbox 954 552 1047 604; x_wconf 89' lang='grc' dir='ltr'>ἐπὶ</span> <span class='ocrx_word' id='word_1_20' title='bbox 1092 549 1184 603; x_wconf 82' lang='grc' dir='ltr'>τὸν</span> <span class='ocrx_word' id='word_1_21' title='bbox 1228 547 1456 600; x_wconf 89' lang='grc' dir='ltr'>πλοῦτον</span> <span class='ocrx_word' id='word_1_22' title='bbox 1495 547 1594 618; x_wconf 84' lang='grc' dir='ltr'>τῆς</span> <span class='ocrx_word' id='word_1_23' title='bbox 1631 543 2037 617; x_wconf 82' lang='grc' dir='ltr'>φιλανθρωπίας</span> 
     </span>
    </p>
   </div>
   <div class='ocr_carea' id='block_1_5' title="bbox 374 630 2034 711">
    <p class='ocr_par' dir='ltr' id='par_1_5' title="bbox 374 630 2034 711">
     <span class='ocr_line' id='line_1_5' title="bbox 374 630 2034 711; baseline -0.01 -11"><span class='ocrx_word' id='word_1_24' title='bbox 374 646 537 700; x_wconf 75' lang='grc' dir='ltr'>αὑτοῦ</span> <span class='ocrx_word' id='word_1_25' title='bbox 577 643 910 711; x_wconf 82' lang='grc' dir='ltr'>καταφυγεῖν</span> <span class='ocrx_word' id='word_1_26' title='bbox 948 637 1344 707; x_wconf 87' lang='grc' dir='ltr'>ἐθελήσαντας,</span> <span class='ocrx_word' id='word_1_27' title='bbox 1399 633 1597 697; x_wconf 79' lang='grc' dir='ltr'>εὐθέως</span> <span class='ocrx_word' id='word_1_28' title='bbox 1625 630 1865 685; x_wconf 72' lang='grc' dir='ltr'>ἐπινεύει</span> <span class='ocrx_word' id='word_1_29' title='bbox 1916 632 2034 693; x_wconf 88' lang='grc' dir='ltr'>ταῖς</span> 
     </span>
    </p>
   </div>
   <div class='ocr_carea' id='block_1_6' title="bbox 374 717 2037 803">
    <p class='ocr_par' dir='ltr' id='par_1_6' title="bbox 374 717 2037 803">
     <span class='ocr_line' id='line_1_6' title="bbox 374 717 2037 803; baseline -0.01 -16"><span class='ocrx_word' id='word_1_30' title='bbox 374 734 642 803; x_wconf 85' lang='grc' dir='ltr'>αίτήσεσι,</span> <span class='ocrx_word' id='word_1_31' title='bbox 687 729 777 783; x_wconf 79' lang='grc' dir='ltr'>καὶ</span> <span class='ocrx_word' id='word_1_32' title='bbox 807 729 962 799; x_wconf 91' lang='grc' dir='ltr'>χεῖρα</span> <span class='ocrx_word' id='word_1_33' title='bbox 1008 724 1189 795; x_wconf 79' lang='grc' dir='ltr'>ὀρέγει</span> <span class='ocrx_word' id='word_1_34' title='bbox 1233 721 1538 792; x_wconf 84' lang='grc' dir='ltr'>κειμένοις,</span> <span class='ocrx_word' id='word_1_35' title='bbox 1594 720 1687 773; x_wconf 88' lang='grc' dir='ltr'>καὶ</span> <span class='ocrx_word' id='word_1_36' title='bbox 1735 717 2037 787; x_wconf 86' lang='grc' dir='ltr'>διανίστησι</span> 
     </span>
    </p>
   </div>
   <div class='ocr_carea' id='block_1_7' title="bbox 373 804 2040 884">
    <p class='ocr_par' dir='ltr' id='par_1_7' title="bbox 373 804 2040 884">
     <span class='ocr_line' id='line_1_7' title="bbox 373 804 2040 884; baseline -0.01 -11"><span class='ocrx_word' id='word_1_37' title='bbox 373 817 749 879; x_wconf 80' lang='grc' dir='ltr'>πεπτωκότας,</span> <span class='ocrx_word' id='word_1_38' title='bbox 790 815 884 867; x_wconf 92' lang='grc' dir='ltr'>καὶ</span> <span class='ocrx_word' id='word_1_39' title='bbox 930 812 1028 884; x_wconf 76' lang='grc' dir='ltr'>βοᾷ</span> <span class='ocrx_word' id='word_1_40' title='bbox 1075 811 1249 878; x_wconf 88' lang='grc' dir='ltr'>λέγων</span> <span class='ocrx_word' id='word_1_41' title='bbox 1276 825 1291 839; x_wconf 67' lang='grc' dir='ltr'><strong>θ</strong></span> <span class='ocrx_word' id='word_1_42' title='bbox 1344 808 1441 876; x_wconf 80' lang='grc' dir='ltr'>Μὴ</span> <span class='ocrx_word' id='word_1_43' title='bbox 1479 811 1511 861; x_wconf 86' lang='grc' dir='ltr'><em>ὀ</em></span> <span class='ocrx_word' id='word_1_44' title='bbox 1545 808 1776 860; x_wconf 88' lang='grc' dir='ltr'>πίπτων</span> <span class='ocrx_word' id='word_1_45' title='bbox 1805 807 1915 859; x_wconf 83' lang='grc' dir='ltr'>οὐκ</span> <span class='ocrx_word' id='word_1_46' title='bbox 1943 804 2040 858; x_wconf 83' lang='grc' dir='ltr'>ἀν-</span> 
     </span>
    </p>
   </div>
   <div class='ocr_carea' id='block_1_8' title="bbox 376 891 2040 971">
    <p class='ocr_par' dir='ltr' id='par_1_8' title="bbox 376 891 2040 971">
     <span class='ocr_line' id='line_1_8' title="bbox 376 891 2040 971; baseline -0.009 -12"><span class='ocrx_word' id='word_1_47' title='bbox 376 908 645 970; x_wconf 85' lang='grc' dir='ltr'>ίσταται;</span> <span class='ocrx_word' id='word_1_48' title='bbox 680 902 820 957; x_wconf 78' lang='grc' dir='ltr'>Ἀλλ’</span> <span class='ocrx_word' id='word_1_49' title='bbox 858 902 943 954; x_wconf 84' lang='grc' dir='ltr'>ἵνα</span> <span class='ocrx_word' id='word_1_50' title='bbox 982 898 1188 971; x_wconf 80' lang='grc' dir='ltr'>μάθητε</span> <span class='ocrx_word' id='word_1_51' title='bbox 1226 896 1319 949; x_wconf 79' lang='grc' dir='ltr'>καὶ</span> <span class='ocrx_word' id='word_1_52' title='bbox 1341 895 1400 960; x_wconf 82' lang='grc' dir='ltr'>ἐξ</span> <span class='ocrx_word' id='word_1_53' title='bbox 1432 896 1608 949; x_wconf 84' lang='grc' dir='ltr'>αὐτῶν</span> <span class='ocrx_word' id='word_1_54' title='bbox 1642 895 1748 947; x_wconf 87' lang='grc' dir='ltr'>τῶν</span> <span class='ocrx_word' id='word_1_55' title='bbox 1782 891 2040 963; x_wconf 90' lang='grc' dir='ltr'>πραγμά-</span> 
     </span>
    </p>
   </div>
   <div class='ocr_carea' id='block_1_9' title="bbox 375 981 2039 1058">
    <p class='ocr_par' dir='ltr' id='par_1_9' title="bbox 375 981 2039 1058">
     <span class='ocr_line' id='line_1_9' title="bbox 375 981 2039 1058; baseline -0.009 -11"><span class='ocrx_word' id='word_1_56' title='bbox 375 1011 503 1058; x_wconf 90' lang='grc' dir='ltr'>των,</span> <span class='ocrx_word' id='word_1_57' title='bbox 569 994 650 1047; x_wconf 80' lang='grc' dir='ltr'>ὅτι</span> <span class='ocrx_word' id='word_1_58' title='bbox 701 990 882 1045; x_wconf 79' lang='grc' dir='ltr'>πολλοὶ</span> <span class='ocrx_word' id='word_1_59' title='bbox 931 989 997 1041; x_wconf 78' lang='grc' dir='ltr'>δι’</span> <span class='ocrx_word' id='word_1_60' title='bbox 1044 984 1249 1039; x_wconf 77' lang='grc' dir='ltr'>ἑαυτῶν</span> <span class='ocrx_word' id='word_1_61' title='bbox 1310 984 1505 1055; x_wconf 70' lang='grc' dir='ltr'>μᾶλλον</span> <span class='ocrx_word' id='word_1_62' title='bbox 1564 981 2039 1053; x_wconf 77' lang='grc' dir='ltr'>παρακαλέσαντες</span> 
     </span>
    </p>
   </div>
   <div class='ocr_carea' id='block_1_10' title="bbox 380 1069 2039 1150">
    <p class='ocr_par' dir='ltr' id='par_1_10' title="bbox 380 1069 2039 1150">
     <span class='ocr_line' id='line_1_10' title="bbox 380 1069 2039 1150; baseline -0.007 -19"><span class='ocrx_word' id='word_1_63' title='bbox 380 1080 603 1150; x_wconf 71' lang='grc' dir='ltr'>ἴσχυσαν</span> <span class='ocrx_word' id='word_1_64' title='bbox 645 1078 915 1147; x_wconf 73' lang='grc' dir='ltr'>ἐπιτυχεῖν</span> <span class='ocrx_word' id='word_1_65' title='bbox 962 1074 1068 1127; x_wconf 89' lang='grc' dir='ltr'>τῶν</span> <span class='ocrx_word' id='word_1_66' title='bbox 1116 1071 1561 1141; x_wconf 75' lang='grc' dir='ltr'>σπουδαζομένων</span> <span class='ocrx_word' id='word_1_67' title='bbox 1584 1112 1599 1137; x_wconf 90' lang='grc'>,</span> <span class='ocrx_word' id='word_1_68' title='bbox 1694 1070 1758 1123; x_wconf 87' lang='grc' dir='ltr'>δι’</span> <span class='ocrx_word' id='word_1_69' title='bbox 1792 1069 1995 1139; x_wconf 87' lang='grc' dir='ltr'>ἐτέρων</span> <span class='ocrx_word' id='word_1_70' title='bbox 2023 1105 2039 1131; x_wconf 94' lang='grc'>,</span> 
     </span>
    </p>
   </div>
   <div class='ocr_carea' id='block_1_11' title="bbox 378 1158 2038 1235">
    <p class='ocr_par' dir='ltr' id='par_1_11' title="bbox 378 1158 2038 1235">
     <span class='ocr_line' id='line_1_11' title="bbox 378 1158 2038 1235; baseline -0.008 -15"><span class='ocrx_word' id='word_1_71' title='bbox 378 1166 669 1235; x_wconf 83' lang='grc' dir='ltr'>ἀναγκαῖόν</span> <span class='ocrx_word' id='word_1_72' title='bbox 694 1166 811 1217; x_wconf 87' lang='grc' dir='ltr'>ἐστι</span> <span class='ocrx_word' id='word_1_73' title='bbox 842 1163 967 1226; x_wconf 82' lang='grc' dir='ltr'>τοὺς</span> <span class='ocrx_word' id='word_1_74' title='bbox 994 1160 1347 1230; x_wconf 77' lang='grc' dir='ltr'>ἐπιτυχόντας</span> <span class='ocrx_word' id='word_1_75' title='bbox 1368 1161 1446 1222; x_wconf 84' lang='grc' dir='ltr'>είς</span> <span class='ocrx_word' id='word_1_76' title='bbox 1486 1158 1649 1229; x_wconf 84' lang='grc' dir='ltr'>μέσον</span> <span class='ocrx_word' id='word_1_77' title='bbox 1678 1158 2038 1228; x_wconf 82' lang='grc' dir='ltr'>παραγαγεῖν,</span> 
     </span>
    </p>
   </div>
   <div class='ocr_carea' id='block_1_12' title="bbox 378 1242 2039 1321">
    <p class='ocr_par' dir='ltr' id='par_1_12' title="bbox 378 1242 2039 1321">
     <span class='ocr_line' id='line_1_12' title="bbox 378 1242 2039 1321; baseline -0.006 -15"><span class='ocrx_word' id='word_1_78' title='bbox 378 1255 466 1306; x_wconf 87' lang='grc' dir='ltr'>ῖνα</span> <span class='ocrx_word' id='word_1_79' title='bbox 500 1252 596 1306; x_wconf 87' lang='grc' dir='ltr'>καὶ</span> <span class='ocrx_word' id='word_1_80' title='bbox 630 1252 788 1321; x_wconf 79' lang='grc' dir='ltr'>ἡμεῖς</span> <span class='ocrx_word' id='word_1_81' title='bbox 824 1247 1193 1320; x_wconf 84' lang='grc' dir='ltr'>μιμησὼμεθα</span> <span class='ocrx_word' id='word_1_82' title='bbox 1213 1288 1228 1312; x_wconf 90' lang='grc'>,</span> <span class='ocrx_word' id='word_1_83' title='bbox 1254 1247 1348 1298; x_wconf 89' lang='grc' dir='ltr'>καὶ</span> <span class='ocrx_word' id='word_1_84' title='bbox 1370 1246 1448 1308; x_wconf 84' lang='grc' dir='ltr'>είς</span> <span class='ocrx_word' id='word_1_85' title='bbox 1472 1244 1629 1316; x_wconf 78' lang='grc' dir='ltr'>ζῆλον</span> <span class='ocrx_word' id='word_1_86' title='bbox 1654 1242 2039 1315; x_wconf 89' lang='grc' dir='ltr'>διεγερθῶμεν.</span> 
     </span>
    </p>
   </div>
   <div class='ocr_carea' id='block_1_13' title="bbox 390 1330 2043 1408">
    <p class='ocr_par' dir='ltr' id='par_1_13' title="bbox 390 1330 2043 1408">
     <span class='ocr_line' id='line_1_13' title="bbox 390 1330 2043 1408; baseline -0.007 -15"><span class='ocrx_word' id='word_1_87' title='bbox 390 1339 734 1408; x_wconf 80' lang='grc' dir='ltr'>Ἀκούσωμεν</span> <span class='ocrx_word' id='word_1_88' title='bbox 782 1334 960 1388; x_wconf 79' lang='grc' dir='ltr'>τοίνυν</span> <span class='ocrx_word' id='word_1_89' title='bbox 1005 1332 1121 1393; x_wconf 90' lang='grc' dir='ltr'>πῶς</span> <span class='ocrx_word' id='word_1_90' title='bbox 1169 1333 1199 1403; x_wconf 83' lang='grc' dir='ltr'>ή</span> <span class='ocrx_word' id='word_1_91' title='bbox 1234 1331 1515 1385; x_wconf 83' lang='grc' dir='ltr'>Χαναναία</span> <span class='ocrx_word' id='word_1_92' title='bbox 1542 1332 1724 1401; x_wconf 90' lang='grc' dir='ltr'>ἐκείνη</span> <span class='ocrx_word' id='word_1_93' title='bbox 1746 1330 1881 1401; x_wconf 86' lang='grc' dir='ltr'>γυνὴ</span> <span class='ocrx_word' id='word_1_94' title='bbox 1915 1346 2043 1383; x_wconf 90' lang='grc' dir='ltr'>κατ-</span> 
     </span>
    </p>
   </div>
   <div class='ocr_carea' id='block_1_14' title="bbox 380 1413 2042 1493">
    <p class='ocr_par' dir='ltr' id='par_1_14' title="bbox 380 1413 2042 1493">
     <span class='ocr_line' id='line_1_14' title="bbox 380 1413 2042 1493; baseline -0.005 -13"><span class='ocrx_word' id='word_1_95' title='bbox 380 1429 579 1491; x_wconf 80' lang='grc' dir='ltr'>ώδυνος</span> <span class='ocrx_word' id='word_1_96' title='bbox 621 1421 753 1479; x_wconf 83' lang='grc' dir='ltr'>οῦσα</span> <span class='ocrx_word' id='word_1_97' title='bbox 781 1422 878 1493; x_wconf 83' lang='grc' dir='ltr'>τὴν</span> <span class='ocrx_word' id='word_1_98' title='bbox 921 1421 1097 1491; x_wconf 78' lang='grc' dir='ltr'>ψυχὴν</span> <span class='ocrx_word' id='word_1_99' title='bbox 1139 1420 1233 1473; x_wconf 90' lang='grc' dir='ltr'>καὶ</span> <span class='ocrx_word' id='word_1_100' title='bbox 1274 1419 1587 1489; x_wconf 81' lang='grc' dir='ltr'>ἀλλόφυλος,</span> <span class='ocrx_word' id='word_1_101' title='bbox 1611 1417 1795 1489; x_wconf 84' lang='grc' dir='ltr'>ἐπειδὴ</span> <span class='ocrx_word' id='word_1_102' title='bbox 1820 1413 1927 1470; x_wconf 74' lang='grc' dir='ltr'>εἶδε</span> <span class='ocrx_word' id='word_1_103' title='bbox 1951 1416 2042 1471; x_wconf 83' lang='grc' dir='ltr'>τὸν</span> 
     </span>
    </p>
   </div>
   <div class='ocr_carea' id='block_1_15' title="bbox 380 1504 2045 1583">
    <p class='ocr_par' dir='ltr' id='par_1_15' title="bbox 380 1504 2045 1583">
     <span class='ocr_line' id='line_1_15' title="bbox 380 1504 2045 1583; baseline -0.006 -15"><span class='ocrx_word' id='word_1_104' title='bbox 380 1516 488 1569; x_wconf 84' lang='grc' dir='ltr'>τῶν</span> <span class='ocrx_word' id='word_1_105' title='bbox 526 1513 716 1583; x_wconf 82' lang='grc' dir='ltr'>ψυχῶν</span> <span class='ocrx_word' id='word_1_106' title='bbox 750 1510 961 1581; x_wconf 76' lang='grc' dir='ltr'>ἰατρὸν,</span> <span class='ocrx_word' id='word_1_107' title='bbox 991 1508 1085 1561; x_wconf 78' lang='grc' dir='ltr'>καὶ</span> <span class='ocrx_word' id='word_1_108' title='bbox 1116 1507 1206 1560; x_wconf 73' lang='grc' dir='ltr'>τὸν</span> <span class='ocrx_word' id='word_1_109' title='bbox 1233 1506 1381 1576; x_wconf 78' lang='grc' dir='ltr'>ἥλιον</span> <span class='ocrx_word' id='word_1_110' title='bbox 1418 1506 1514 1577; x_wconf 81' lang='grc' dir='ltr'>τῆς</span> <span class='ocrx_word' id='word_1_111' title='bbox 1542 1504 1884 1575; x_wconf 81' lang='grc' dir='ltr'>δικαιοσύνης</span> <span class='ocrx_word' id='word_1_112' title='bbox 1915 1505 2045 1559; x_wconf 83' lang='grc' dir='ltr'>ἀνα-</span> 
     </span>
    </p>
   </div>
   <div class='ocr_carea' id='block_1_16' title="bbox 382 1591 2044 1665">
    <p class='ocr_par' dir='ltr' id='par_1_16' title="bbox 382 1591 2044 1665">
     <span class='ocr_line' id='line_1_16' title="bbox 382 1591 2044 1665; baseline -0.006 -10"><span class='ocrx_word' id='word_1_113' title='bbox 382 1604 632 1655; x_wconf 87' lang='grc' dir='ltr'>τείλαντα</span> <span class='ocrx_word' id='word_1_114' title='bbox 660 1602 771 1663; x_wconf 89' lang='grc' dir='ltr'>τοῖς</span> <span class='ocrx_word' id='word_1_115' title='bbox 805 1600 861 1652; x_wconf 86' lang='grc' dir='ltr'>ἐν</span> <span class='ocrx_word' id='word_1_116' title='bbox 898 1596 1075 1649; x_wconf 89' lang='grc' dir='ltr'>σκότει</span> <span class='ocrx_word' id='word_1_117' title='bbox 1108 1594 1435 1665; x_wconf 83' lang='grc' dir='ltr'>καθημένοις</span> <span class='ocrx_word' id='word_1_118' title='bbox 1459 1633 1473 1657; x_wconf 97' lang='grc'>,</span> <span class='ocrx_word' id='word_1_119' title='bbox 1506 1594 1653 1657; x_wconf 84' lang='grc' dir='ltr'>ὅπως</span> <span class='ocrx_word' id='word_1_120' title='bbox 1678 1594 1814 1664; x_wconf 86' lang='grc' dir='ltr'>μετά</span> <span class='ocrx_word' id='word_1_121' title='bbox 1837 1591 2044 1665; x_wconf 83' lang='grc' dir='ltr'>θερμῆς</span> 
     </span>
    </p>
   </div>
   <div class='ocr_carea' id='block_1_17' title="bbox 383 1678 2045 1757">
    <p class='ocr_par' dir='ltr' id='par_1_17' title="bbox 383 1678 2045 1757">
     <span class='ocr_line' id='line_1_17' title="bbox 383 1678 2045 1757; baseline -0.007 -14"><span class='ocrx_word' id='word_1_122' title='bbox 383 1692 478 1743; x_wconf 84' lang='grc' dir='ltr'>καὶ</span> <span class='ocrx_word' id='word_1_123' title='bbox 503 1687 729 1757; x_wconf 76' lang='grc' dir='ltr'>ζεούσης</span> <span class='ocrx_word' id='word_1_124' title='bbox 751 1683 1057 1755; x_wconf 87' lang='grc' dir='ltr'>προθυμίας</span> <span class='ocrx_word' id='word_1_125' title='bbox 1080 1683 1176 1752; x_wconf 78' lang='grc' dir='ltr'>τὴν</span> <span class='ocrx_word' id='word_1_126' title='bbox 1196 1681 1453 1752; x_wconf 89' lang='grc' dir='ltr'>πρόσοδον</span> <span class='ocrx_word' id='word_1_127' title='bbox 1474 1681 1783 1751; x_wconf 88' lang='grc' dir='ltr'>ἐποιήσατο,</span> <span class='ocrx_word' id='word_1_128' title='bbox 1810 1681 1903 1734; x_wconf 90' lang='grc' dir='ltr'>καὶ</span> <span class='ocrx_word' id='word_1_129' title='bbox 1921 1678 2045 1732; x_wconf 83' lang='grc' dir='ltr'>ούτε</span> 
     </span>
    </p>
   </div>
   <div class='ocr_carea' id='block_1_18' title="bbox 381 1766 2045 1846">
    <p class='ocr_par' dir='ltr' id='par_1_18' title="bbox 381 1766 2045 1846">
     <span class='ocr_line' id='line_1_18' title="bbox 381 1766 2045 1846; baseline -0.005 -17"><span class='ocrx_word' id='word_1_130' title='bbox 381 1778 443 1829; x_wconf 72' lang='grc' dir='ltr'>τὸ</span> <span class='ocrx_word' id='word_1_131' title='bbox 480 1778 709 1846; x_wconf 84' lang='grc' dir='ltr'>γυναῖκα</span> <span class='ocrx_word' id='word_1_132' title='bbox 742 1771 909 1841; x_wconf 82' lang='grc' dir='ltr'>αὐτὴν</span> <span class='ocrx_word' id='word_1_133' title='bbox 944 1766 1085 1845; x_wconf 74' lang='grc' dir='ltr'>εἶναι</span> <span class='ocrx_word' id='word_1_134' title='bbox 1113 1810 1126 1831; x_wconf 93' lang='grc'>,</span> <span class='ocrx_word' id='word_1_135' title='bbox 1156 1768 1280 1821; x_wconf 77' lang='grc' dir='ltr'>οὔτε</span> <span class='ocrx_word' id='word_1_136' title='bbox 1306 1768 1366 1821; x_wconf 87' lang='grc' dir='ltr'>τὸ</span> <span class='ocrx_word' id='word_1_137' title='bbox 1397 1768 1688 1838; x_wconf 80' lang='grc' dir='ltr'>ἀλλόφυλον</span> <span class='ocrx_word' id='word_1_138' title='bbox 1714 1806 1729 1833; x_wconf 92' lang='grc'>,</span> <span class='ocrx_word' id='word_1_139' title='bbox 1758 1767 2045 1839; x_wconf 68' lang='grc' dir='ltr'>όκνηροτέυ</span> 
     </span>
    </p>
   </div>
   <div class='ocr_carea' id='block_1_19' title="bbox 386 1854 2045 1934">
    <p class='ocr_par' dir='ltr' id='par_1_19' title="bbox 386 1854 2045 1934">
     <span class='ocr_line' id='line_1_19' title="bbox 386 1854 2045 1934; baseline -0.004 -18"><span class='ocrx_word' id='word_1_140' title='bbox 386 1882 485 1934; x_wconf 82' lang='grc' dir='ltr'>ραν</span> <span class='ocrx_word' id='word_1_141' title='bbox 519 1861 768 1932; x_wconf 84' lang='grc' dir='ltr'>γενέσθαι</span> <span class='ocrx_word' id='word_1_142' title='bbox 799 1856 1209 1930; x_wconf 80' lang='grc' dir='ltr'>παρεσκεύασεν</span> <span class='ocrx_word' id='word_1_143' title='bbox 1229 1895 1244 1919; x_wconf 93' lang='grc'>,</span> <span class='ocrx_word' id='word_1_144' title='bbox 1281 1856 1415 1908; x_wconf 84' lang='grc' dir='ltr'>ἀλλὰ</span> <span class='ocrx_word' id='word_1_145' title='bbox 1452 1855 1628 1910; x_wconf 88' lang='grc' dir='ltr'>πάντα</span> <span class='ocrx_word' id='word_1_146' title='bbox 1653 1854 1723 1909; x_wconf 89' lang='grc' dir='ltr'>τά</span> <span class='ocrx_word' id='word_1_147' title='bbox 1747 1855 2045 1926; x_wconf 82' lang='grc' dir='ltr'>κωλύματα</span> 
     </span>
    </p>
   </div>
   <div class='ocr_carea' id='block_1_20' title="bbox 381 1940 2046 2017">
    <p class='ocr_par' dir='ltr' id='par_1_20' title="bbox 381 1940 2046 2017">
     <span class='ocr_line' id='line_1_20' title="bbox 381 1940 2046 2017; baseline -0.006 -14"><span class='ocrx_word' id='word_1_148' title='bbox 381 1951 554 2003; x_wconf 79' lang='grc' dir='ltr'>ταῦτα</span> <span class='ocrx_word' id='word_1_149' title='bbox 603 1946 974 2017; x_wconf 83' lang='grc' dir='ltr'>παρωσαμένη</span> <span class='ocrx_word' id='word_1_150' title='bbox 1004 1985 1019 2008; x_wconf 90' lang='grc'>,</span> <span class='ocrx_word' id='word_1_151' title='bbox 1078 1941 1453 2013; x_wconf 76' lang='grc' dir='ltr'>προσελθοῦσα</span> <span class='ocrx_word' id='word_1_152' title='bbox 1508 1957 1709 2012; x_wconf 87' lang='grc' dir='ltr'>φησιν·</span> <span class='ocrx_word' id='word_1_153' title='bbox 1754 1940 2046 2007; x_wconf 84' lang='grc' dir='ltr'>Ἐλέησόν</span> 
     </span>
    </p>
   </div>
   <div class='ocr_carea' id='block_1_21' title="bbox 381 2028 2043 2108">
    <p class='ocr_par' dir='ltr' id='par_1_21' title="bbox 381 2028 2043 2108">
     <span class='ocr_line' id='line_1_21' title="bbox 381 2028 2043 2108; baseline -0.004 -17"><span class='ocrx_word' id='word_1_154' title='bbox 381 2056 472 2108; x_wconf 80' lang='grc' dir='ltr'>με,</span> <span class='ocrx_word' id='word_1_155' title='bbox 506 2038 697 2105; x_wconf 83' lang='grc' dir='ltr'>Κύριε,</span> <span class='ocrx_word' id='word_1_156' title='bbox 724 2034 813 2088; x_wconf 83' lang='grc' dir='ltr'>ὅτι</span> <span class='ocrx_word' id='word_1_157' title='bbox 858 2033 896 2099; x_wconf 76' lang='grc' dir='ltr'><strong>ἠ</strong></span> <span class='ocrx_word' id='word_1_158' title='bbox 934 2031 1193 2101; x_wconf 79' lang='grc' dir='ltr'>θυγάτηρ</span> <span class='ocrx_word' id='word_1_159' title='bbox 1232 2049 1349 2099; x_wconf 86' lang='grc' dir='ltr'>μου</span> <span class='ocrx_word' id='word_1_160' title='bbox 1394 2028 1589 2095; x_wconf 84' lang='grc' dir='ltr'>κακῶς</span> <span class='ocrx_word' id='word_1_161' title='bbox 1634 2029 2043 2099; x_wconf 81' lang='grc' dir='ltr'>δαιμονίζεται.</span> 
     </span>
    </p>
   </div>
   <div class='ocr_carea' id='block_1_22' title="bbox 384 2117 2046 2191">
    <p class='ocr_par' dir='ltr' id='par_1_22' title="bbox 384 2117 2046 2191">
     <span class='ocr_line' id='line_1_22' title="bbox 384 2117 2046 2191; baseline -0.004 -13"><span class='ocrx_word' id='word_1_162' title='bbox 384 2125 525 2178; x_wconf 76' lang='grc' dir='ltr'>Ἀλλ’</span> <span class='ocrx_word' id='word_1_163' title='bbox 557 2126 584 2177; x_wconf 87' lang='grc' dir='ltr'>ό</span> <span class='ocrx_word' id='word_1_164' title='bbox 610 2123 677 2176; x_wconf 88' lang='grc' dir='ltr'>τά</span> <span class='ocrx_word' id='word_1_165' title='bbox 704 2121 989 2191; x_wconf 77' lang='grc' dir='ltr'>ἀπόρρητα</span> <span class='ocrx_word' id='word_1_166' title='bbox 1014 2118 1110 2188; x_wconf 86' lang='grc' dir='ltr'>τῆς</span> <span class='ocrx_word' id='word_1_167' title='bbox 1140 2117 1374 2179; x_wconf 87' lang='grc' dir='ltr'>διανοίας</span> <span class='ocrx_word' id='word_1_168' title='bbox 1404 2118 1765 2187; x_wconf 85' lang='grc' dir='ltr'>ἐπιστάμενος</span> <span class='ocrx_word' id='word_1_169' title='bbox 1794 2119 1920 2188; x_wconf 83' lang='grc' dir='ltr'>σιγᾷ</span> <span class='ocrx_word' id='word_1_170' title='bbox 1952 2117 2046 2171; x_wconf 83' lang='grc' dir='ltr'>καὶ</span> 
     </span>
    </p>
   </div>
   <div class='ocr_carea' id='block_1_23' title="bbox 385 2205 2045 2281">
    <p class='ocr_par' dir='ltr' id='par_1_23' title="bbox 385 2205 2045 2281">
     <span class='ocr_line' id='line_1_23' title="bbox 385 2205 2045 2281; baseline -0.004 -16"><span class='ocrx_word' id='word_1_171' title='bbox 385 2214 485 2265; x_wconf 71' lang='grc' dir='ltr'>οὐκ</span> <span class='ocrx_word' id='word_1_172' title='bbox 514 2209 862 2281; x_wconf 76' lang='grc' dir='ltr'>ἀποκρίνεται</span> <span class='ocrx_word' id='word_1_173' title='bbox 888 2247 903 2271; x_wconf 89' lang='grc'>,</span> <span class='ocrx_word' id='word_1_174' title='bbox 934 2207 993 2260; x_wconf 83' lang='grc' dir='ltr'>οῦ</span> <span class='ocrx_word' id='word_1_175' title='bbox 1022 2206 1183 2274; x_wconf 92' lang='grc' dir='ltr'>λόγου</span> <span class='ocrx_word' id='word_1_176' title='bbox 1215 2205 1566 2275; x_wconf 89' lang='grc' dir='ltr'>μεταδίδωσιν</span> <span class='ocrx_word' id='word_1_177' title='bbox 1585 2245 1599 2269; x_wconf 95' lang='grc'>,</span> <span class='ocrx_word' id='word_1_178' title='bbox 1640 2205 1763 2257; x_wconf 81' lang='grc' dir='ltr'>οὐδὲ</span> <span class='ocrx_word' id='word_1_179' title='bbox 1789 2205 2045 2277; x_wconf 84' lang='grc' dir='ltr'>οἰκτείρει</span> 
     </span>
    </p>
   </div>
   <div class='ocr_carea' id='block_1_24' title="bbox 384 2291 2044 2367">
    <p class='ocr_par' dir='ltr' id='par_1_24' title="bbox 384 2291 2044 2367">
     <span class='ocr_line' id='line_1_24' title="bbox 384 2291 2044 2367; baseline -0.004 -16"><span class='ocrx_word' id='word_1_180' title='bbox 384 2301 446 2352; x_wconf 76' lang='grc' dir='ltr'>τὺ</span> <span class='ocrx_word' id='word_1_181' title='bbox 476 2298 716 2364; x_wconf 80' lang='grc' dir='ltr'>γύναιον,</span> <span class='ocrx_word' id='word_1_182' title='bbox 740 2296 882 2367; x_wconf 86' lang='grc' dir='ltr'>ὁρῶν</span> <span class='ocrx_word' id='word_1_183' title='bbox 913 2294 1051 2366; x_wconf 89' lang='grc' dir='ltr'>μετά</span> <span class='ocrx_word' id='word_1_184' title='bbox 1072 2291 1338 2364; x_wconf 86' lang='grc' dir='ltr'>τοσαύτης</span> <span class='ocrx_word' id='word_1_185' title='bbox 1358 2293 1600 2364; x_wconf 78' lang='grc' dir='ltr'>οἰμωγῆς</span> <span class='ocrx_word' id='word_1_186' title='bbox 1625 2292 2044 2364; x_wconf 82' lang='grc' dir='ltr'>προσελθοῦσαν,</span> 
     </span>
    </p>
   </div>
   <div class='ocr_carea' id='block_1_25' title="bbox 389 2380 2049 2459">
    <p class='ocr_par' dir='ltr' id='par_1_25' title="bbox 389 2380 2049 2459">
     <span class='ocr_line' id='line_1_25' title="bbox 389 2380 2049 2459; baseline -0.004 -19"><span class='ocrx_word' id='word_1_187' title='bbox 389 2385 539 2459; x_wconf 71' lang='grc'>[451]</span> <span class='ocrx_word' id='word_1_188' title='bbox 563 2384 698 2438; x_wconf 88' lang='grc' dir='ltr'>ἀλλά</span> <span class='ocrx_word' id='word_1_189' title='bbox 730 2384 1091 2456; x_wconf 83' lang='grc' dir='ltr'>μακροθυμεῖ,</span> <span class='ocrx_word' id='word_1_190' title='bbox 1128 2381 1445 2451; x_wconf 84' lang='grc' dir='ltr'>βουλόμενος</span> <span class='ocrx_word' id='word_1_191' title='bbox 1475 2380 1566 2434; x_wconf 78' lang='grc' dir='ltr'>τὸν</span> <span class='ocrx_word' id='word_1_192' title='bbox 1596 2381 1923 2435; x_wconf 83' lang='grc' dir='ltr'>λανθάνοντα</span> <span class='ocrx_word' id='word_1_193' title='bbox 1952 2381 2049 2451; x_wconf 86' lang='grc' dir='ltr'>θη-</span> 
     </span>
    </p>
   </div>
   <div class='ocr_carea' id='block_1_26' title="bbox 390 2468 2050 2547">
    <p class='ocr_par' dir='ltr' id='par_1_26' title="bbox 390 2468 2050 2547">
     <span class='ocr_line' id='line_1_26' title="bbox 390 2468 2050 2547; baseline -0.004 -19"><span class='ocrx_word' id='word_1_194' title='bbox 390 2475 589 2547; x_wconf 79' lang='grc' dir='ltr'>σαυρὸν</span> <span class='ocrx_word' id='word_1_195' title='bbox 635 2475 692 2526; x_wconf 91' lang='grc' dir='ltr'>ἐν</span> <span class='ocrx_word' id='word_1_196' title='bbox 727 2475 794 2544; x_wconf 85' lang='grc' dir='ltr'>τῇ</span> <span class='ocrx_word' id='word_1_197' title='bbox 834 2471 1055 2539; x_wconf 89' lang='grc' dir='ltr'>γυναικὶ</span> <span class='ocrx_word' id='word_1_198' title='bbox 1082 2468 1384 2540; x_wconf 87' lang='grc' dir='ltr'>κατάδηλον</span> <span class='ocrx_word' id='word_1_199' title='bbox 1412 2469 1582 2523; x_wconf 83' lang='grc' dir='ltr'>ἆπασι</span> <span class='ocrx_word' id='word_1_200' title='bbox 1608 2469 1853 2539; x_wconf 84' lang='grc' dir='ltr'>ποιῆσαι.</span> <span class='ocrx_word' id='word_1_201' title='bbox 1895 2470 2050 2541; x_wconf 85' lang='grc' dir='ltr'>’ᾙδει</span> 
     </span>
    </p>
   </div>
   <div class='ocr_carea' id='block_1_27' title="bbox 388 2557 2051 2634">
    <p class='ocr_par' dir='ltr' id='par_1_27' title="bbox 388 2557 2051 2634">
     <span class='ocr_line' id='line_1_27' title="bbox 388 2557 2051 2634; baseline -0.002 -20"><span class='ocrx_word' id='word_1_202' title='bbox 388 2564 493 2634; x_wconf 75' lang='grc' dir='ltr'>γὰρ</span> <span class='ocrx_word' id='word_1_203' title='bbox 546 2562 636 2614; x_wconf 78' lang='grc' dir='ltr'>τὸν</span> <span class='ocrx_word' id='word_1_204' title='bbox 700 2558 1076 2630; x_wconf 87' lang='grc' dir='ltr'>κρυπτόμενον</span> <span class='ocrx_word' id='word_1_205' title='bbox 1125 2557 1509 2629; x_wconf 76' lang='grc' dir='ltr'>μαργαρίτην,</span> <span class='ocrx_word' id='word_1_206' title='bbox 1543 2557 1600 2609; x_wconf 86' lang='grc' dir='ltr'>ὃν</span> <span class='ocrx_word' id='word_1_207' title='bbox 1650 2557 1751 2611; x_wconf 80' lang='grc' dir='ltr'>οὐκ</span> <span class='ocrx_word' id='word_1_208' title='bbox 1803 2557 2051 2611; x_wconf 86' lang='grc' dir='ltr'>ἐϐούλετο</span> 
     </span>
    </p>
   </div>
   <div class='ocr_carea' id='block_1_28' title="bbox 387 2644 2049 2721">
    <p class='ocr_par' dir='ltr' id='par_1_28' title="bbox 387 2644 2049 2721">
     <span class='ocr_line' id='line_1_28' title="bbox 387 2644 2049 2721; baseline -0.004 -17"><span class='ocrx_word' id='word_1_209' title='bbox 387 2651 570 2704; x_wconf 73' lang='grc' dir='ltr'>λαθεῖν</span> <span class='ocrx_word' id='word_1_210' title='bbox 611 2651 757 2721; x_wconf 81' lang='grc' dir='ltr'>ἡμᾶς</span> <span class='ocrx_word' id='word_1_211' title='bbox 784 2664 797 2677; x_wconf 84' lang='lat'><strong><em>°</em></strong></span> <span class='ocrx_word' id='word_1_212' title='bbox 850 2647 943 2700; x_wconf 89' lang='grc' dir='ltr'>καὶ</span> <span class='ocrx_word' id='word_1_213' title='bbox 990 2646 1078 2700; x_wconf 82' lang='grc' dir='ltr'>διὰ</span> <span class='ocrx_word' id='word_1_214' title='bbox 1130 2644 1287 2698; x_wconf 89' lang='grc' dir='ltr'>τοῦτο</span> <span class='ocrx_word' id='word_1_215' title='bbox 1338 2644 1729 2710; x_wconf 88' lang='grc' dir='ltr'>ἀναϐάλλεται,</span> <span class='ocrx_word' id='word_1_216' title='bbox 1790 2646 1882 2699; x_wconf 83' lang='grc' dir='ltr'>καὶ</span> <span class='ocrx_word' id='word_1_217' title='bbox 1929 2644 2049 2698; x_wconf 77' lang='grc' dir='ltr'>ούδέ</span> 
     </span>
    </p>
   </div>
   <div class='ocr_carea' id='block_1_29' title="bbox 389 2733 2052 2811">
    <p class='ocr_par' dir='ltr' id='par_1_29' title="bbox 389 2733 2052 2811">
     <span class='ocr_line' id='line_1_29' title="bbox 389 2733 2052 2811; baseline -0.004 -19"><span class='ocrx_word' id='word_1_218' title='bbox 389 2738 729 2811; x_wconf 71' lang='grc' dir='ltr'>ἀποκρίσεως</span> <span class='ocrx_word' id='word_1_219' title='bbox 761 2735 921 2801; x_wconf 81' lang='grc' dir='ltr'>ἀξιοῖ,</span> <span class='ocrx_word' id='word_1_220' title='bbox 952 2736 1038 2787; x_wconf 86' lang='grc' dir='ltr'>ἴνα</span> <span class='ocrx_word' id='word_1_221' title='bbox 1072 2734 1107 2805; x_wconf 86' lang='grc' dir='ltr'>ή</span> <span class='ocrx_word' id='word_1_222' title='bbox 1142 2733 1309 2804; x_wconf 82' lang='grc' dir='ltr'>πολλὴ</span> <span class='ocrx_word' id='word_1_223' title='bbox 1350 2734 1450 2803; x_wconf 80' lang='grc' dir='ltr'>τῆς</span> <span class='ocrx_word' id='word_1_224' title='bbox 1476 2734 1732 2802; x_wconf 81' lang='grc' dir='ltr'>γυναικὸς</span> <span class='ocrx_word' id='word_1_225' title='bbox 1761 2733 2052 2805; x_wconf 86' lang='grc' dir='ltr'>προσεδρία</span> 
     </span>
    </p>
   </div>
   <div class='ocr_carea' id='block_1_30' title="bbox 387 2819 2051 2893">
    <p class='ocr_par' dir='ltr' id='par_1_30' title="bbox 387 2819 2051 2893">
     <span class='ocr_line' id='line_1_30' title="bbox 387 2819 2051 2893; baseline -0.004 -14"><span class='ocrx_word' id='word_1_226' title='bbox 387 2825 703 2879; x_wconf 80' lang='grc' dir='ltr'>διδασκαλία</span> <span class='ocrx_word' id='word_1_227' title='bbox 738 2825 872 2877; x_wconf 83' lang='grc' dir='ltr'>πᾶσι</span> <span class='ocrx_word' id='word_1_228' title='bbox 900 2822 1124 2893; x_wconf 86' lang='grc' dir='ltr'>γένηται</span> <span class='ocrx_word' id='word_1_229' title='bbox 1159 2825 1271 2886; x_wconf 90' lang='grc' dir='ltr'>τοῖς</span> <span class='ocrx_word' id='word_1_230' title='bbox 1297 2821 1435 2892; x_wconf 88' lang='grc' dir='ltr'>μετά</span> <span class='ocrx_word' id='word_1_231' title='bbox 1461 2820 1648 2875; x_wconf 88' lang='grc' dir='ltr'>ταῦτα.</span> <span class='ocrx_word' id='word_1_232' title='bbox 1687 2822 1795 2874; x_wconf 83' lang='grc' dir='ltr'>Καὶ</span> <span class='ocrx_word' id='word_1_233' title='bbox 1826 2822 1927 2890; x_wconf 83' lang='grc' dir='ltr'>ὅρα</span> <span class='ocrx_word' id='word_1_234' title='bbox 1957 2819 2051 2873; x_wconf 89' lang='grc' dir='ltr'>τοῦ</span> 
     </span>
    </p>
   </div>
   <div class='ocr_carea' id='block_1_31' title="bbox 388 2908 2053 2982">
    <p class='ocr_par' dir='ltr' id='par_1_31' title="bbox 388 2908 2053 2982">
     <span class='ocr_line' id='line_1_31' title="bbox 388 2908 2053 2982; baseline -0.004 -15"><span class='ocrx_word' id='word_1_235' title='bbox 388 2914 521 2967; x_wconf 88' lang='grc' dir='ltr'>Θεοῦ</span> <span class='ocrx_word' id='word_1_236' title='bbox 560 2913 660 2982; x_wconf 84' lang='grc' dir='ltr'>τὴν</span> <span class='ocrx_word' id='word_1_237' title='bbox 692 2911 895 2980; x_wconf 76' lang='grc' dir='ltr'>ἄφατον</span> <span class='ocrx_word' id='word_1_238' title='bbox 933 2909 1264 2981; x_wconf 89' lang='grc' dir='ltr'>ἀγαθότητα.</span> <span class='ocrx_word' id='word_1_239' title='bbox 1318 2909 1489 2973; x_wconf 82' lang='grc' dir='ltr'>Αὐτὸς</span> <span class='ocrx_word' id='word_1_240' title='bbox 1542 2910 1640 2979; x_wconf 81' lang='grc' dir='ltr'>μὲν</span> <span class='ocrx_word' id='word_1_241' title='bbox 1662 2948 1677 2972; x_wconf 95' lang='grc'>,</span> <span class='ocrx_word' id='word_1_242' title='bbox 1714 2909 1879 2980; x_wconf 89' lang='grc' dir='ltr'>φησὶν</span> <span class='ocrx_word' id='word_1_243' title='bbox 1902 2949 1917 2973; x_wconf 91' lang='grc'>,</span> <span class='ocrx_word' id='word_1_244' title='bbox 1954 2908 2053 2961; x_wconf 85' lang='grc' dir='ltr'>οὐκ</span> 
     </span>
    </p>
   </div>
   <div class='ocr_carea' id='block_1_32' title="bbox 389 2989 2055 3069">
    <p class='ocr_par' dir='ltr' id='par_1_32' title="bbox 389 2989 2055 3069">
     <span class='ocr_line' id='line_1_32' title="bbox 389 2989 2055 3069; baseline -0.004 -14"><span class='ocrx_word' id='word_1_245' title='bbox 389 3002 722 3069; x_wconf 85' lang='grc' dir='ltr'>ἁπεκρίνατο</span> <span class='ocrx_word' id='word_1_246' title='bbox 767 2998 1015 3069; x_wconf 75' lang='grc' dir='ltr'>αὐτῇ-οἱ</span> <span class='ocrx_word' id='word_1_247' title='bbox 1061 2997 1117 3050; x_wconf 83' lang='grc' dir='ltr'>δὲ</span> <span class='ocrx_word' id='word_1_248' title='bbox 1174 2989 1411 3068; x_wconf 80' lang='grc' dir='ltr'>μαθηταὶ</span> <span class='ocrx_word' id='word_1_249' title='bbox 1462 2996 1902 3068; x_wconf 88' lang='grc' dir='ltr'>συμπαθέστεροι</span> <span class='ocrx_word' id='word_1_250' title='bbox 1959 2996 2055 3050; x_wconf 86' lang='grc' dir='ltr'>καὶ</span> 
     </span>
    </p>
   </div>
   <div class='ocr_carea' id='block_1_33' title="bbox 392 3079 2055 3159">
    <p class='ocr_par' dir='ltr' id='par_1_33' title="bbox 392 3079 2055 3159">
     <span class='ocr_line' id='line_1_33' title="bbox 392 3079 2055 3159; baseline -0.002 -18"><span class='ocrx_word' id='word_1_251' title='bbox 392 3087 895 3159; x_wconf 82' lang='grc' dir='ltr'>φιλανθρωπότεροι</span> <span class='ocrx_word' id='word_1_252' title='bbox 920 3083 1232 3155; x_wconf 78' lang='grc' dir='ltr'>νομίζοντες</span> <span class='ocrx_word' id='word_1_253' title='bbox 1262 3079 1431 3151; x_wconf 81' lang='grc' dir='ltr'>εἶναι,</span> <span class='ocrx_word' id='word_1_254' title='bbox 1464 3086 1522 3138; x_wconf 83' lang='grc' dir='ltr'>οὺ</span> <span class='ocrx_word' id='word_1_255' title='bbox 1548 3084 1785 3155; x_wconf 89' lang='grc' dir='ltr'>τολμῶσι</span> <span class='ocrx_word' id='word_1_256' title='bbox 1808 3083 2055 3156; x_wconf 83' lang='grc' dir='ltr'>φανερῶς</span> 
     </span>
    </p>
   </div>
   <div class='ocr_carea' id='block_1_34' title="bbox 392 3170 2053 3243">
    <p class='ocr_par' dir='ltr' id='par_1_34' title="bbox 392 3170 2053 3243">
     <span class='ocr_line' id='line_1_34' title="bbox 392 3170 2053 3243; baseline -0.002 -15"><span class='ocrx_word' id='word_1_257' title='bbox 392 3178 597 3228; x_wconf 74' lang='grc' dir='ltr'>εἰπεῖν·</span> <span class='ocrx_word' id='word_1_258' title='bbox 635 3174 923 3243; x_wconf 78' lang='grc' dir='ltr'>Παράσχου</span> <span class='ocrx_word' id='word_1_259' title='bbox 963 3173 1099 3241; x_wconf 77' lang='grc' dir='ltr'>αὐτῇ</span> <span class='ocrx_word' id='word_1_260' title='bbox 1154 3171 1251 3241; x_wconf 83' lang='grc' dir='ltr'>τὴν</span> <span class='ocrx_word' id='word_1_261' title='bbox 1299 3171 1513 3242; x_wconf 76' lang='grc' dir='ltr'>αἴτησιν</span> <span class='ocrx_word' id='word_1_262' title='bbox 1538 3211 1552 3236; x_wconf 94' lang='grc'>,</span> <span class='ocrx_word' id='word_1_263' title='bbox 1596 3172 1815 3241; x_wconf 81' lang='grc' dir='ltr'>ἐλέησον</span> <span class='ocrx_word' id='word_1_264' title='bbox 1845 3170 2014 3242; x_wconf 80' lang='grc' dir='ltr'>αὐτὴν</span> <span class='ocrx_word' id='word_1_265' title='bbox 2037 3211 2053 3238; x_wconf 93' lang='grc'>,</span> 
     </span>
    </p>
   </div>
   <div class='ocr_carea' id='block_1_35' title="bbox 394 3258 2052 3331">
    <p class='ocr_par' dir='ltr' id='par_1_35' title="bbox 394 3258 2052 3331">
     <span class='ocr_line' id='line_1_35' title="bbox 394 3258 2052 3331; baseline -0.002 -16"><span class='ocrx_word' id='word_1_266' title='bbox 394 3259 821 3331; x_wconf 85' lang='grc' dir='ltr'>σπλαγχνίσθητι</span> <span class='ocrx_word' id='word_1_267' title='bbox 844 3258 929 3312; x_wconf 87' lang='grc' dir='ltr'>ἐπ’</span> <span class='ocrx_word' id='word_1_268' title='bbox 959 3259 1095 3329; x_wconf 80' lang='grc' dir='ltr'>αὐτῇ</span> <span class='ocrx_word' id='word_1_269' title='bbox 1124 3276 1138 3291; x_wconf 86' lang='grc'><strong>·</strong></span> <span class='ocrx_word' id='word_1_270' title='bbox 1170 3258 1305 3312; x_wconf 85' lang='grc' dir='ltr'>ἀλλά</span> <span class='ocrx_word' id='word_1_271' title='bbox 1336 3258 1426 3325; x_wconf 81' lang='grc' dir='ltr'>τί;</span> <span class='ocrx_word' id='word_1_272' title='bbox 1466 3259 1807 3313; x_wconf 78' lang='grc' dir='ltr'>Ἀπόλυσον</span> <span class='ocrx_word' id='word_1_273' title='bbox 1839 3259 2052 3325; x_wconf 85' lang='grc' dir='ltr'>αὐτὴν,</span> 
     </span>
    </p>
   </div>
   <div class='ocr_carea' id='block_1_36' title="bbox 394 3343 2057 3416">
    <p class='ocr_par' dir='ltr' id='par_1_36' title="bbox 394 3343 2057 3416">
     <span class='ocr_line' id='line_1_36' title="bbox 394 3343 2057 3416; baseline -0.002 -14"><span class='ocrx_word' id='word_1_274' title='bbox 394 3349 483 3402; x_wconf 79' lang='grc' dir='ltr'>ὅτι</span> <span class='ocrx_word' id='word_1_275' title='bbox 526 3346 718 3416; x_wconf 80' lang='grc' dir='ltr'>κράζει</span> <span class='ocrx_word' id='word_1_276' title='bbox 753 3347 1005 3401; x_wconf 82' lang='grc' dir='ltr'>ὄπισθεν</span> <span class='ocrx_word' id='word_1_277' title='bbox 1041 3343 1233 3414; x_wconf 74' lang='grc' dir='ltr'>ἡμῶν,</span> <span class='ocrx_word' id='word_1_278' title='bbox 1269 3346 1554 3415; x_wconf 77' lang='grc' dir='ltr'>μονονουχὶ</span> <span class='ocrx_word' id='word_1_279' title='bbox 1583 3345 1830 3414; x_wconf 89' lang='grc' dir='ltr'>λέγοντες</span> <span class='ocrx_word' id='word_1_280' title='bbox 1854 3362 1868 3375; x_wconf 91' lang='grc'><strong>·</strong></span> <span class='ocrx_word' id='word_1_281' title='bbox 1907 3344 2057 3399; x_wconf 85' lang='grc' dir='ltr'>ἐλευ-</span> 
     </span>
    </p>
   </div>
   <div class='ocr_carea' id='block_1_37' title="bbox 397 3430 2058 3507">
    <p class='ocr_par' dir='ltr' id='par_1_37' title="bbox 397 3430 2058 3507">
     <span class='ocr_line' id='line_1_37' title="bbox 397 3430 2058 3507; baseline -0.001 -21"><span class='ocrx_word' id='word_1_282' title='bbox 397 3436 638 3507; x_wconf 82' lang='grc' dir='ltr'>θέρωσον</span> <span class='ocrx_word' id='word_1_283' title='bbox 685 3434 833 3505; x_wconf 80' lang='grc' dir='ltr'>ήμᾶς</span> <span class='ocrx_word' id='word_1_284' title='bbox 879 3432 979 3502; x_wconf 83' lang='grc' dir='ltr'>τῆς</span> <span class='ocrx_word' id='word_1_285' title='bbox 1038 3432 1353 3502; x_wconf 88' lang='grc' dir='ltr'>ἐπαχθείας,</span> <span class='ocrx_word' id='word_1_286' title='bbox 1405 3430 1709 3496; x_wconf 78' lang='grc' dir='ltr'>ἀπάλλαξον</span> <span class='ocrx_word' id='word_1_287' title='bbox 1761 3432 1906 3502; x_wconf 77' lang='grc' dir='ltr'>ἡμᾶς</span> <span class='ocrx_word' id='word_1_288' title='bbox 1958 3431 2058 3502; x_wconf 75' lang='grc' dir='ltr'>τῆς</span> 
     </span>
    </p>
   </div>
   <div class='ocr_carea' id='block_1_38' title="bbox 396 3514 2055 3593">
    <p class='ocr_par' dir='ltr' id='par_1_38' title="bbox 396 3514 2055 3593">
     <span class='ocr_line' id='line_1_38' title="bbox 396 3514 2055 3593; baseline -0.002 -18"><span class='ocrx_word' id='word_1_289' title='bbox 396 3523 649 3593; x_wconf 80' lang='grc' dir='ltr'>κραυγῆς</span> <span class='ocrx_word' id='word_1_290' title='bbox 678 3522 775 3591; x_wconf 81' lang='grc' dir='ltr'>τῆς</span> <span class='ocrx_word' id='word_1_291' title='bbox 800 3519 930 3591; x_wconf 83' lang='grc' dir='ltr'>παρ’</span> <span class='ocrx_word' id='word_1_292' title='bbox 957 3519 1126 3590; x_wconf 72' lang='grc' dir='ltr'>αὐτῆς</span> <span class='ocrx_word' id='word_1_293' title='bbox 1152 3520 1463 3591; x_wconf 85' lang='grc' dir='ltr'>γινομένης.</span> <span class='ocrx_word' id='word_1_294' title='bbox 1495 3520 1559 3573; x_wconf 92' lang='grc' dir='ltr'>Τί</span> <span class='ocrx_word' id='word_1_295' title='bbox 1583 3514 1675 3573; x_wconf 83' lang='grc' dir='ltr'>οὖν</span> <span class='ocrx_word' id='word_1_296' title='bbox 1694 3520 1722 3573; x_wconf 89' lang='grc' dir='ltr'><strong>ὁ</strong></span> <span class='ocrx_word' id='word_1_297' title='bbox 1747 3518 2055 3589; x_wconf 88' lang='grc' dir='ltr'>Δεσπότης;</span> 
     </span>
    </p>
   </div>
   <div class='ocr_carea' id='block_1_39' title="bbox 396 3604 2057 3679">
    <p class='ocr_par' dir='ltr' id='par_1_39' title="bbox 396 3604 2057 3679">
     <span class='ocr_line' id='line_1_39' title="bbox 396 3604 2057 3679; baseline -0.002 -18"><span class='ocrx_word' id='word_1_298' title='bbox 396 3608 668 3679; x_wconf 67' lang='grc' dir='ltr'>Νομίζετέ</span> <span class='ocrx_word' id='word_1_299' title='bbox 704 3624 792 3678; x_wconf 90' lang='grc' dir='ltr'>με,</span> <span class='ocrx_word' id='word_1_300' title='bbox 823 3606 1011 3677; x_wconf 77' lang='grc' dir='ltr'>φησὶν,</span> <span class='ocrx_word' id='word_1_301' title='bbox 1040 3606 1163 3676; x_wconf 85' lang='grc' dir='ltr'>εἰκῆ</span> <span class='ocrx_word' id='word_1_302' title='bbox 1199 3606 1544 3675; x_wconf 91' lang='grc' dir='ltr'>σεσιγηκέναι</span> <span class='ocrx_word' id='word_1_303' title='bbox 1568 3646 1583 3671; x_wconf 95' lang='grc'>,</span> <span class='ocrx_word' id='word_1_304' title='bbox 1610 3605 1800 3677; x_wconf 79' lang='grc' dir='ltr'>καὶμὴ</span> <span class='ocrx_word' id='word_1_305' title='bbox 1832 3604 2057 3670; x_wconf 82' lang='grc' dir='ltr'>ἀξιῶσαι</span> 
     </span>
    </p>
   </div>
   <div class='ocr_carea' id='block_1_40' title="bbox 395 3693 2056 3769">
    <p class='ocr_par' dir='ltr' id='par_1_40' title="bbox 395 3693 2056 3769">
     <span class='ocr_line' id='line_1_40' title="bbox 395 3693 2056 3769; baseline -0.001 -20"><span class='ocrx_word' id='word_1_306' title='bbox 395 3696 563 3769; x_wconf 76' lang='grc' dir='ltr'>αὐτὴν</span> <span class='ocrx_word' id='word_1_307' title='bbox 585 3695 971 3766; x_wconf 85' lang='grc' dir='ltr'>ἀποκρίσεως;</span> <span class='ocrx_word' id='word_1_308' title='bbox 1023 3693 1273 3746; x_wconf 85' lang='grc' dir='ltr'>Ἀκούετε</span> <span class='ocrx_word' id='word_1_309' title='bbox 1298 3710 1311 3724; x_wconf 76' lang='grc' dir='ltr'><strong><em>ο</em></strong></span> <span class='ocrx_word' id='word_1_310' title='bbox 1344 3696 1466 3749; x_wconf 82' lang='grc' dir='ltr'>Οὐκ</span> <span class='ocrx_word' id='word_1_311' title='bbox 1497 3693 1853 3763; x_wconf 73' lang='grc' dir='ltr'>ἀπεστάλην</span> <span class='ocrx_word' id='word_1_312' title='bbox 1884 3697 1935 3748; x_wconf 87' lang='grc' dir='ltr'>εί</span> <span class='ocrx_word' id='word_1_313' title='bbox 1970 3694 2056 3764; x_wconf 80' lang='grc' dir='ltr'>μὴ</span> 
     </span>
    </p>
   </div>
   <div class='ocr_carea' id='block_1_41' title="bbox 394 3780 2060 3853">
    <p class='ocr_par' dir='ltr' id='par_1_41' title="bbox 394 3780 2060 3853">
     <span class='ocr_line' id='line_1_41' title="bbox 394 3780 2060 3853; baseline -0.001 -16"><span class='ocrx_word' id='word_1_314' title='bbox 394 3787 480 3851; x_wconf 75' lang='grc' dir='ltr'>εἰς</span> <span class='ocrx_word' id='word_1_315' title='bbox 510 3784 583 3839; x_wconf 86' lang='grc' dir='ltr'>τὰ</span> <span class='ocrx_word' id='word_1_316' title='bbox 615 3784 878 3853; x_wconf 81' lang='grc' dir='ltr'>πρόϐατα</span> <span class='ocrx_word' id='word_1_317' title='bbox 913 3780 987 3835; x_wconf 84' lang='grc' dir='ltr'>τὰ</span> <span class='ocrx_word' id='word_1_318' title='bbox 1032 3781 1389 3836; x_wconf 74' lang='grc' dir='ltr'>ἀπολωλότα</span> <span class='ocrx_word' id='word_1_319' title='bbox 1420 3782 1589 3837; x_wconf 80' lang='grc' dir='ltr'>οἴκου</span> <span class='ocrx_word' id='word_1_320' title='bbox 1627 3781 1897 3851; x_wconf 82' lang='grc' dir='ltr'>Ἰσραήλ.</span> <span class='ocrx_word' id='word_1_321' title='bbox 1945 3783 2060 3836; x_wconf 79' lang='grc' dir='ltr'>Οὐκ</span> 
     </span>
    </p>
   </div>
   <div class='ocr_carea' id='block_1_42' title="bbox 397 3864 2058 3945">
    <p class='ocr_par' dir='ltr' id='par_1_42' title="bbox 397 3864 2058 3945">
     <span class='ocr_line' id='line_1_42' title="bbox 397 3864 2058 3945; baseline -0.001 -17"><span class='ocrx_word' id='word_1_322' title='bbox 397 3877 511 3928; x_wconf 78' lang='grc' dir='ltr'>ἴστε</span> <span class='ocrx_word' id='word_1_323' title='bbox 537 3913 552 3937; x_wconf 92' lang='grc'>,</span> <span class='ocrx_word' id='word_1_324' title='bbox 584 3873 749 3945; x_wconf 88' lang='grc' dir='ltr'>φησὶν</span> <span class='ocrx_word' id='word_1_325' title='bbox 774 3912 789 3937; x_wconf 95' lang='grc'>,</span> <span class='ocrx_word' id='word_1_326' title='bbox 818 3873 899 3926; x_wconf 83' lang='grc' dir='ltr'>ὅτι</span> <span class='ocrx_word' id='word_1_327' title='bbox 930 3870 1224 3941; x_wconf 88' lang='grc' dir='ltr'>ἀλλόφυλός</span> <span class='ocrx_word' id='word_1_328' title='bbox 1253 3864 1397 3925; x_wconf 87' lang='grc' dir='ltr'>ἐστιν</span> <span class='ocrx_word' id='word_1_329' title='bbox 1419 3874 1452 3942; x_wconf 91' lang='grc' dir='ltr'>ή</span> <span class='ocrx_word' id='word_1_330' title='bbox 1488 3874 1623 3942; x_wconf 90' lang='grc' dir='ltr'>γυνή</span> <span class='ocrx_word' id='word_1_331' title='bbox 1651 3889 1666 3939; x_wconf 88' lang='lat'><strong>;</strong></span> <span class='ocrx_word' id='word_1_332' title='bbox 1698 3873 1796 3927; x_wconf 85' lang='grc' dir='ltr'>οὐκ</span> <span class='ocrx_word' id='word_1_333' title='bbox 1829 3874 1942 3927; x_wconf 85' lang='grc' dir='ltr'>ίστε</span> <span class='ocrx_word' id='word_1_334' title='bbox 1979 3873 2058 3927; x_wconf 80' lang='grc' dir='ltr'>ὅτι</span> 
     </span>
    </p>
   </div>
   <div class='ocr_carea' id='block_1_43' title="bbox 399 3960 2056 4033">
    <p class='ocr_par' dir='ltr' id='par_1_43' title="bbox 399 3960 2056 4033">
     <span class='ocr_line' id='line_1_43' title="bbox 399 3960 2056 4033; baseline -0.001 -18"><span class='ocrx_word' id='word_1_335' title='bbox 399 3963 489 4015; x_wconf 74' lang='grc' dir='ltr'>καὶ</span> <span class='ocrx_word' id='word_1_336' title='bbox 512 3964 640 4031; x_wconf 86' lang='grc' dir='ltr'>ὑμῖν</span> <span class='ocrx_word' id='word_1_337' title='bbox 674 3960 777 4032; x_wconf 82' lang='grc' dir='ltr'>ήδη</span> <span class='ocrx_word' id='word_1_338' title='bbox 804 3960 1175 4032; x_wconf 86' lang='grc' dir='ltr'>παρηγγύησα</span> <span class='ocrx_word' id='word_1_339' title='bbox 1208 3962 1287 4024; x_wconf 87' lang='grc' dir='ltr'>είς</span> <span class='ocrx_word' id='word_1_340' title='bbox 1320 3960 1437 4014; x_wconf 84' lang='grc' dir='ltr'>ὁδὸν</span> <span class='ocrx_word' id='word_1_341' title='bbox 1468 3961 1635 4014; x_wconf 85' lang='grc' dir='ltr'>ἐθνῶν</span> <span class='ocrx_word' id='word_1_342' title='bbox 1670 3961 1743 4033; x_wconf 87' lang='grc' dir='ltr'>μὴ</span> <span class='ocrx_word' id='word_1_343' title='bbox 1776 3960 2056 4027; x_wconf 75' lang='grc' dir='ltr'>ἀπελθεῖνς</span> 
     </span>
    </p>
   </div>
   <div class='ocr_carea' id='block_1_44' title="bbox 397 4046 2060 4119">
    <p class='ocr_par' dir='ltr' id='par_1_44' title="bbox 397 4046 2060 4119">
     <span class='ocr_line' id='line_1_44' title="bbox 397 4046 2060 4119; baseline 0.001 -18"><span class='ocrx_word' id='word_1_344' title='bbox 397 4050 554 4111; x_wconf 74' lang='grc' dir='ltr'>Τίνος</span> <span class='ocrx_word' id='word_1_345' title='bbox 599 4046 693 4101; x_wconf 84' lang='grc' dir='ltr'>οῦν</span> <span class='ocrx_word' id='word_1_346' title='bbox 733 4047 917 4100; x_wconf 66' lang='grc' dir='ltr'>ἕνεκεν</span> <span class='ocrx_word' id='word_1_347' title='bbox 961 4046 1132 4110; x_wconf 75' lang='grc' dir='ltr'>οὕτως</span> <span class='ocrx_word' id='word_1_348' title='bbox 1172 4046 1539 4112; x_wconf 85' lang='grc' dir='ltr'>ἀνεξετάστως</span> <span class='ocrx_word' id='word_1_349' title='bbox 1572 4050 1671 4119; x_wconf 81' lang='grc' dir='ltr'>τὴν</span> <span class='ocrx_word' id='word_1_350' title='bbox 1720 4049 2060 4119; x_wconf 84' lang='grc' dir='ltr'>συμπάθειαν</span> 
     </span>
    </p>
   </div>
   <div class='ocr_carea' id='block_1_45' title="bbox 398 4135 2058 4205">
    <p class='ocr_par' dir='ltr' id='par_1_45' title="bbox 398 4135 2058 4205">
     <span class='ocr_line' id='line_1_45' title="bbox 398 4135 2058 4205; baseline 0.001 -16"><span class='ocrx_word' id='word_1_351' title='bbox 398 4135 771 4189; x_wconf 85' lang='grc' dir='ltr'>ἐπιδείκνυσθε</span> <span class='ocrx_word' id='word_1_352' title='bbox 798 4152 812 4200; x_wconf 87' lang='grc'>;</span> <span class='ocrx_word' id='word_1_353' title='bbox 858 4135 1055 4187; x_wconf 85' lang='grc' dir='ltr'>Σκόπει</span> <span class='ocrx_word' id='word_1_354' title='bbox 1080 4136 1180 4205; x_wconf 77' lang='grc' dir='ltr'>τὴν</span> <span class='ocrx_word' id='word_1_355' title='bbox 1212 4135 1515 4205; x_wconf 73' lang='grc' dir='ltr'>εὐμήχανον</span> <span class='ocrx_word' id='word_1_356' title='bbox 1537 4137 1631 4190; x_wconf 92' lang='grc' dir='ltr'>τοῦ</span> <span class='ocrx_word' id='word_1_357' title='bbox 1665 4136 1799 4190; x_wconf 82' lang='grc' dir='ltr'>Θεοῦ</span> <span class='ocrx_word' id='word_1_358' title='bbox 1836 4138 2058 4205; x_wconf 84' lang='grc' dir='ltr'>σοφίαν,</span> 
     </span>
    </p>
   </div>
   <div class='ocr_carea' id='block_1_46' title="bbox 401 4220 2061 4297">
    <p class='ocr_par' dir='ltr' id='par_1_46' title="bbox 401 4220 2061 4297">
     <span class='ocr_line' id='line_1_46' title="bbox 401 4220 2061 4297; baseline 0.002 -20"><span class='ocrx_word' id='word_1_359' title='bbox 401 4223 518 4285; x_wconf 82' lang='grc' dir='ltr'>πῶς</span> <span class='ocrx_word' id='word_1_360' title='bbox 551 4223 645 4276; x_wconf 86' lang='grc' dir='ltr'>καὶ</span> <span class='ocrx_word' id='word_1_361' title='bbox 679 4222 768 4274; x_wconf 84' lang='grc' dir='ltr'>ὅτε</span> <span class='ocrx_word' id='word_1_362' title='bbox 798 4220 979 4286; x_wconf 75' lang='grc' dir='ltr'>ἔδοξεν</span> <span class='ocrx_word' id='word_1_363' title='bbox 1011 4222 1421 4291; x_wconf 89' lang='grc' dir='ltr'>ἀποκρίνεσθαι,</span> <span class='ocrx_word' id='word_1_364' title='bbox 1455 4224 1553 4293; x_wconf 79' lang='grc' dir='ltr'>τῆς</span> <span class='ocrx_word' id='word_1_365' title='bbox 1580 4224 1737 4295; x_wconf 84' lang='grc' dir='ltr'>σιγῆς</span> <span class='ocrx_word' id='word_1_366' title='bbox 1766 4225 2061 4297; x_wconf 87' lang='grc' dir='ltr'>βαρύτερον</span> 
     </span>
    </p>
   </div>
   <div class='ocr_carea' id='block_1_47' title="bbox 400 4309 2058 4387">
    <p class='ocr_par' dir='ltr' id='par_1_47' title="bbox 400 4309 2058 4387">
     <span class='ocr_line' id='line_1_47' title="bbox 400 4309 2058 4387; baseline 0.001 -22"><span class='ocrx_word' id='word_1_367' title='bbox 400 4311 709 4365; x_wconf 88' lang='grc' dir='ltr'>καθικνεῖτο</span> <span class='ocrx_word' id='word_1_368' title='bbox 738 4311 836 4379; x_wconf 81' lang='grc' dir='ltr'>τῆς</span> <span class='ocrx_word' id='word_1_369' title='bbox 864 4309 1155 4378; x_wconf 79' lang='grc' dir='ltr'>γυναικὸς,</span> <span class='ocrx_word' id='word_1_370' title='bbox 1195 4310 1291 4361; x_wconf 86' lang='grc' dir='ltr'>καὶ</span> <span class='ocrx_word' id='word_1_371' title='bbox 1335 4313 1612 4382; x_wconf 77' lang='grc' dir='ltr'>μονονουχὶ</span> <span class='ocrx_word' id='word_1_372' title='bbox 1656 4314 1871 4384; x_wconf 75' lang='grc' dir='ltr'>καιρίαν</span> <span class='ocrx_word' id='word_1_373' title='bbox 1924 4317 2058 4387; x_wconf 78' lang='grc' dir='ltr'>αὐτῇ</span> 
     </span>
    </p>
   </div>
   <div class='ocr_carea' id='block_1_48' title="bbox 401 4397 2062 4472">
    <p class='ocr_par' dir='ltr' id='par_1_48' title="bbox 401 4397 2062 4472">
     <span class='ocr_line' id='line_1_48' title="bbox 401 4397 2062 4472; baseline 0.001 -19"><span class='ocrx_word' id='word_1_374' title='bbox 401 4401 597 4453; x_wconf 81' lang='grc' dir='ltr'>δέδωκε</span> <span class='ocrx_word' id='word_1_375' title='bbox 628 4398 725 4469; x_wconf 71' lang='grc' dir='ltr'>τὴν</span> <span class='ocrx_word' id='word_1_376' title='bbox 760 4398 991 4469; x_wconf 84' lang='grc' dir='ltr'>πληγὴν,</span> <span class='ocrx_word' id='word_1_377' title='bbox 1023 4398 1163 4451; x_wconf 76' lang='grc' dir='ltr'>κατὰ</span> <span class='ocrx_word' id='word_1_378' title='bbox 1204 4397 1398 4469; x_wconf 84' lang='grc' dir='ltr'>μικρὸν</span> <span class='ocrx_word' id='word_1_379' title='bbox 1439 4399 1607 4471; x_wconf 81' lang='grc' dir='ltr'>αὐτὴν</span> <span class='ocrx_word' id='word_1_380' title='bbox 1645 4400 1905 4471; x_wconf 81' lang='grc' dir='ltr'>διεγεῖραι</span> <span class='ocrx_word' id='word_1_381' title='bbox 1941 4402 2062 4472; x_wconf 84' lang='grc' dir='ltr'>βου-</span> 
     </span>
    </p>
   </div>
   <div class='ocr_carea' id='block_1_49' title="bbox 400 4484 2060 4562">
    <p class='ocr_par' dir='ltr' id='par_1_49' title="bbox 400 4484 2060 4562">
     <span class='ocr_line' id='line_1_49' title="bbox 400 4484 2060 4562; baseline 0.004 -25"><span class='ocrx_word' id='word_1_382' title='bbox 400 4484 664 4556; x_wconf 39' lang='grc' dir='ltr'>λόμενοςλ,</span> <span class='ocrx_word' id='word_1_383' title='bbox 731 4486 818 4538; x_wconf 82' lang='grc' dir='ltr'>ἵνα</span> <span class='ocrx_word' id='word_1_384' title='bbox 876 4484 1120 4556; x_wconf 86' lang='grc' dir='ltr'>μάθωσιν</span> <span class='ocrx_word' id='word_1_385' title='bbox 1193 4484 1513 4554; x_wconf 86' lang='grc' dir='ltr'>ἀγνοοῦντες</span> <span class='ocrx_word' id='word_1_386' title='bbox 1561 4487 1609 4539; x_wconf 90' lang='grc' dir='ltr'>οί</span> <span class='ocrx_word' id='word_1_387' title='bbox 1668 4488 1908 4558; x_wconf 85' lang='grc' dir='ltr'>μαθηταὶ</span> <span class='ocrx_word' id='word_1_388' title='bbox 1961 4492 2060 4562; x_wconf 79' lang='grc' dir='ltr'>τὴν</span> 
     </span>
    </p>
   </div>
   <div class='ocr_carea' id='block_1_50' title="bbox 400 4573 2061 4647">
    <p class='ocr_par' dir='ltr' id='par_1_50' title="bbox 400 4573 2061 4647">
     <span class='ocr_line' id='line_1_50' title="bbox 400 4573 2061 4647; baseline 0.002 -20"><span class='ocrx_word' id='word_1_389' title='bbox 400 4573 859 4647; x_wconf 79' lang='grc' dir='ltr'>ἐγκεκρυμμένην</span> <span class='ocrx_word' id='word_1_390' title='bbox 922 4574 979 4627; x_wconf 89' lang='grc' dir='ltr'>ἐν</span> <span class='ocrx_word' id='word_1_391' title='bbox 1054 4575 1190 4646; x_wconf 83' lang='grc' dir='ltr'>αὐτῇ</span> <span class='ocrx_word' id='word_1_392' title='bbox 1255 4575 1458 4630; x_wconf 91' lang='grc' dir='ltr'>πίστιν.</span> <span class='ocrx_word' id='word_1_393' title='bbox 1524 4576 1665 4629; x_wconf 82' lang='grc' dir='ltr'>Ἀλλ’</span> <span class='ocrx_word' id='word_1_394' title='bbox 1716 4578 1838 4630; x_wconf 86' lang='grc' dir='ltr'>ούδέ</span> <span class='ocrx_word' id='word_1_395' title='bbox 1890 4577 2061 4642; x_wconf 84' lang='grc' dir='ltr'>οὓτως</span> 
     </span>
    </p>
   </div>
   <div class='ocr_carea' id='block_1_51' title="bbox 402 4661 2062 4736">
    <p class='ocr_par' dir='ltr' id='par_1_51' title="bbox 402 4661 2062 4736">
     <span class='ocr_line' id='line_1_51' title="bbox 402 4661 2062 4736; baseline 0.001 -19"><span class='ocrx_word' id='word_1_396' title='bbox 402 4665 727 4733; x_wconf 86' lang='grc' dir='ltr'>ἐνάρκησεν,</span> <span class='ocrx_word' id='word_1_397' title='bbox 756 4662 874 4715; x_wconf 70' lang='grc' dir='ltr'>οῦδὲ</span> <span class='ocrx_word' id='word_1_398' title='bbox 899 4661 1232 4735; x_wconf 88' lang='grc' dir='ltr'>όκνηροτέρα</span> <span class='ocrx_word' id='word_1_399' title='bbox 1258 4664 1445 4732; x_wconf 89' lang='grc' dir='ltr'>γέγονε</span> <span class='ocrx_word' id='word_1_400' title='bbox 1475 4662 1781 4736; x_wconf 88' lang='grc' dir='ltr'>θεασαμένη</span> <span class='ocrx_word' id='word_1_401' title='bbox 1822 4666 1915 4719; x_wconf 90' lang='grc' dir='ltr'>καὶ</span> <span class='ocrx_word' id='word_1_402' title='bbox 1938 4668 2062 4729; x_wconf 71' lang='grc' dir='ltr'>τοὺς</span> 
     </span>
    </p>
   </div>
   <div class='ocr_carea' id='block_1_52' title="bbox 405 4748 2062 4825">
    <p class='ocr_par' dir='ltr' id='par_1_52' title="bbox 405 4748 2062 4825">
     <span class='ocr_line' id='line_1_52' title="bbox 405 4748 2062 4825; baseline 0.002 -22"><span class='ocrx_word' id='word_1_403' title='bbox 405 4750 654 4822; x_wconf 84' lang='grc' dir='ltr'>μαθητὰς</span> <span class='ocrx_word' id='word_1_404' title='bbox 696 4749 849 4803; x_wconf 79' lang='grc' dir='ltr'>οὐδὲν</span> <span class='ocrx_word' id='word_1_405' title='bbox 890 4748 1052 4803; x_wconf 85' lang='grc' dir='ltr'>πλέον</span> <span class='ocrx_word' id='word_1_406' title='bbox 1098 4750 1420 4816; x_wconf 85' lang='grc' dir='ltr'>ἀνύσαντας,</span> <span class='ocrx_word' id='word_1_407' title='bbox 1469 4752 1563 4804; x_wconf 85' lang='grc' dir='ltr'>καὶ</span> <span class='ocrx_word' id='word_1_408' title='bbox 1608 4753 1707 4805; x_wconf 82' lang='grc' dir='ltr'>οὐκ</span> <span class='ocrx_word' id='word_1_409' title='bbox 1758 4749 1880 4806; x_wconf 75' lang='grc' dir='ltr'>εἰπε</span> <span class='ocrx_word' id='word_1_410' title='bbox 1927 4754 2062 4825; x_wconf 87' lang='grc' dir='ltr'>πρὸς</span> 
     </span>
    </p>
   </div>
   <div class='ocr_carea' id='block_1_53' title="bbox 402 4831 2061 4912">
    <p class='ocr_par' dir='ltr' id='par_1_53' title="bbox 402 4831 2061 4912">
     <span class='ocr_line' id='line_1_53' title="bbox 402 4831 2061 4912; baseline 0.002 -22"><span class='ocrx_word' id='word_1_411' title='bbox 402 4838 633 4909; x_wconf 81' lang='grc' dir='ltr'>ἑαυτήν·</span> <span class='ocrx_word' id='word_1_412' title='bbox 668 4838 731 4890; x_wconf 80' lang='lat' dir='ltr'>El</span> <span class='ocrx_word' id='word_1_413' title='bbox 760 4836 895 4909; x_wconf 80' lang='grc' dir='ltr'>μηδὲ</span> <span class='ocrx_word' id='word_1_414' title='bbox 937 4831 1083 4892; x_wconf 78' lang='grc' dir='ltr'>οὗτοι</span> <span class='ocrx_word' id='word_1_415' title='bbox 1133 4836 1356 4908; x_wconf 87' lang='grc' dir='ltr'>ῐσχυσαν</span> <span class='ocrx_word' id='word_1_416' title='bbox 1399 4838 1716 4910; x_wconf 83' lang='grc' dir='ltr'>δυσωπῆσαι</span> <span class='ocrx_word' id='word_1_417' title='bbox 1768 4839 1867 4911; x_wconf 85' lang='grc' dir='ltr'>τὴν</span> <span class='ocrx_word' id='word_1_418' title='bbox 1923 4840 2061 4912; x_wconf 80' lang='grc' dir='ltr'>ὑπὲρ</span> 
     </span>
    </p>
   </div>
   <div class='ocr_carea' id='block_1_54' title="bbox 404 4924 2063 5001">
    <p class='ocr_par' dir='ltr' id='par_1_54' title="bbox 404 4924 2063 5001">
     <span class='ocr_line' id='line_1_54' title="bbox 404 4924 2063 5001; baseline 0.002 -22"><span class='ocrx_word' id='word_1_419' title='bbox 404 4925 537 4995; x_wconf 83' lang='grc' dir='ltr'>ἐμοῦ</span> <span class='ocrx_word' id='word_1_420' title='bbox 569 4924 778 4979; x_wconf 82' lang='grc' dir='ltr'>ἱκεσίαν</span> <span class='ocrx_word' id='word_1_421' title='bbox 811 4926 1187 4997; x_wconf 85' lang='grc' dir='ltr'>ποιησάμενοι,</span> <span class='ocrx_word' id='word_1_422' title='bbox 1216 4927 1358 4991; x_wconf 88' lang='grc' dir='ltr'>τίνος</span> <span class='ocrx_word' id='word_1_423' title='bbox 1389 4927 1577 4980; x_wconf 74' lang='grc' dir='ltr'>ἕνεκεν</span> <span class='ocrx_word' id='word_1_424' title='bbox 1607 4928 1729 4999; x_wconf 86' lang='grc' dir='ltr'>είκῆ</span> <span class='ocrx_word' id='word_1_425' title='bbox 1759 4929 1853 4982; x_wconf 83' lang='grc' dir='ltr'>καὶ</span> <span class='ocrx_word' id='word_1_426' title='bbox 1885 4928 2063 5001; x_wconf 88' lang='grc' dir='ltr'>μάτην</span> 
     </span>
    </p>
   </div>
   <div class='ocr_carea' id='block_1_55' title="bbox 402 5011 2062 5087">
    <p class='ocr_par' dir='ltr' id='par_1_55' title="bbox 402 5011 2062 5087">
     <span class='ocr_line' id='line_1_55' title="bbox 402 5011 2062 5087; baseline 0.004 -24"><span class='ocrx_word' id='word_1_427' title='bbox 402 5029 442 5063; x_wconf 91' lang='grc' dir='ltr'>π</span> <span class='ocrx_word' id='word_1_428' title='bbox 449 5011 781 5084; x_wconf 76' lang='grc' dir='ltr'>ροσεδρεύω;</span> <span class='ocrx_word' id='word_1_429' title='bbox 813 5012 947 5066; x_wconf 90' lang='grc' dir='ltr'>ἀλλά</span> <span class='ocrx_word' id='word_1_430' title='bbox 974 5013 1227 5085; x_wconf 88' lang='grc' dir='ltr'>καθάπερ</span> <span class='ocrx_word' id='word_1_431' title='bbox 1253 5014 1358 5066; x_wconf 82' lang='grc' dir='ltr'>ὑπὸ</span> <span class='ocrx_word' id='word_1_432' title='bbox 1390 5016 1559 5086; x_wconf 83' lang='grc' dir='ltr'>πυρὸς</span> <span class='ocrx_word' id='word_1_433' title='bbox 1592 5015 1898 5087; x_wconf 85' lang='grc' dir='ltr'>φλεγομένη</span> <span class='ocrx_word' id='word_1_434' title='bbox 1922 5058 1937 5082; x_wconf 93' lang='grc'>,</span> <span class='ocrx_word' id='word_1_435' title='bbox 1972 5017 2062 5071; x_wconf 90' lang='grc' dir='ltr'>καὶ</span> 
     </span>
    </p>
   </div>
   <div class='ocr_carea' id='block_1_56' title="bbox 402 5100 2065 5173">
    <p class='ocr_par' dir='ltr' id='par_1_56' title="bbox 402 5100 2065 5173">
     <span class='ocr_line' id='line_1_56' title="bbox 402 5100 2065 5173; baseline 0.002 -19"><span class='ocrx_word' id='word_1_436' title='bbox 402 5100 797 5171; x_wconf 75' lang='grc' dir='ltr'>ἐμπιπραμένη</span> <span class='ocrx_word' id='word_1_437' title='bbox 822 5101 913 5155; x_wconf 81' lang='grc' dir='ltr'>τὸν</span> <span class='ocrx_word' id='word_1_438' title='bbox 942 5100 1221 5172; x_wconf 84' lang='grc' dir='ltr'>λογισμὸν,</span> <span class='ocrx_word' id='word_1_439' title='bbox 1252 5103 1347 5155; x_wconf 82' lang='grc' dir='ltr'>καὶ</span> <span class='ocrx_word' id='word_1_440' title='bbox 1371 5102 1439 5157; x_wconf 85' lang='grc' dir='ltr'>τὰ</span> <span class='ocrx_word' id='word_1_441' title='bbox 1468 5102 1748 5173; x_wconf 87' lang='grc' dir='ltr'>σπλάγχνα</span> <span class='ocrx_word' id='word_1_442' title='bbox 1775 5103 2065 5158; x_wconf 71' lang='grc' dir='ltr'>διακοπτοο</span> 
     </span>
    </p>
   </div>
   <div class='ocr_carea' id='block_1_57' title="bbox 406 5189 2062 5260">
    <p class='ocr_par' dir='ltr' id='par_1_57' title="bbox 406 5189 2062 5260">
     <span class='ocr_line' id='line_1_57' title="bbox 406 5189 2062 5260; baseline 0.004 -21"><span class='ocrx_word' id='word_1_443' title='bbox 406 5189 576 5257; x_wconf 79' lang='grc' dir='ltr'>μένη,</span> <span class='ocrx_word' id='word_1_444' title='bbox 628 5189 875 5258; x_wconf 87' lang='grc' dir='ltr'>πρόσεισι</span> <span class='ocrx_word' id='word_1_445' title='bbox 932 5190 1308 5259; x_wconf 88' lang='grc' dir='ltr'>προσκυνοῦσα</span> <span class='ocrx_word' id='word_1_446' title='bbox 1360 5191 1455 5244; x_wconf 90' lang='grc' dir='ltr'>καὶ</span> <span class='ocrx_word' id='word_1_447' title='bbox 1508 5190 1741 5259; x_wconf 80' lang='grc' dir='ltr'>λέγουσα</span> <span class='ocrx_word' id='word_1_448' title='bbox 1766 5231 1781 5256; x_wconf 93' lang='grc'>,</span> <span class='ocrx_word' id='word_1_449' title='bbox 1844 5193 2020 5260; x_wconf 84' lang='grc' dir='ltr'>Κύριε</span> <span class='ocrx_word' id='word_1_450' title='bbox 2046 5232 2062 5257; x_wconf 94' lang='grc'>,</span> 
     </span>
    </p>
   </div>
   <div class='ocr_carea' id='block_1_58' title="bbox 398 5274 2058 5349">
    <p class='ocr_par' dir='ltr' id='par_1_58' title="bbox 398 5274 2058 5349">
     <span class='ocr_line' id='line_1_58' title="bbox 398 5274 2058 5349; baseline 0.004 -23"><span class='ocrx_word' id='word_1_451' title='bbox 398 5274 609 5339; x_wconf 78' lang='grc' dir='ltr'>,ϐοήθει</span> <span class='ocrx_word' id='word_1_452' title='bbox 631 5294 752 5344; x_wconf 80' lang='grc' dir='ltr'>μοι.</span> <span class='ocrx_word' id='word_1_453' title='bbox 781 5277 890 5329; x_wconf 84' lang='grc' dir='ltr'>Καὶ</span> <span class='ocrx_word' id='word_1_454' title='bbox 914 5276 1034 5329; x_wconf 84' lang='grc' dir='ltr'>οὐδὲ</span> <span class='ocrx_word' id='word_1_455' title='bbox 1063 5276 1235 5340; x_wconf 87' lang='grc' dir='ltr'>οῦτως</span> <span class='ocrx_word' id='word_1_456' title='bbox 1263 5277 1502 5331; x_wconf 88' lang='grc' dir='ltr'>ἐπινεύει</span> <span class='ocrx_word' id='word_1_457' title='bbox 1542 5281 1605 5349; x_wconf 82' lang='grc' dir='ltr'>τῇ</span> <span class='ocrx_word' id='word_1_458' title='bbox 1639 5279 1863 5346; x_wconf 87' lang='grc' dir='ltr'>γυναικὶ</span> <span class='ocrx_word' id='word_1_459' title='bbox 1889 5319 1904 5344; x_wconf 92' lang='grc'>,</span> <span class='ocrx_word' id='word_1_460' title='bbox 1941 5280 2058 5332; x_wconf 88' lang='grc' dir='ltr'>ἀλλ’</span> 
     </span>
    </p>
   </div>
   <div class='ocr_carea' id='block_1_59' title="bbox 404 5362 2061 5437">
    <p class='ocr_par' dir='ltr' id='par_1_59' title="bbox 404 5362 2061 5437">
     <span class='ocr_line' id='line_1_59' title="bbox 404 5362 2061 5437; baseline 0.004 -25"><span class='ocrx_word' id='word_1_461' title='bbox 404 5362 692 5434; x_wconf 79' lang='grc' dir='ltr'>ἀπόκρισιν</span> <span class='ocrx_word' id='word_1_462' title='bbox 717 5366 949 5417; x_wconf 87' lang='grc' dir='ltr'>ποιεῖται</span> <span class='ocrx_word' id='word_1_463' title='bbox 973 5365 1070 5435; x_wconf 80' lang='grc' dir='ltr'>τῆς</span> <span class='ocrx_word' id='word_1_464' title='bbox 1102 5365 1373 5437; x_wconf 88' lang='grc' dir='ltr'>προτέρας</span> <span class='ocrx_word' id='word_1_465' title='bbox 1405 5365 1733 5437; x_wconf 89' lang='grc' dir='ltr'>βαρυτέραν.</span> <span class='ocrx_word' id='word_1_466' title='bbox 1760 5369 1883 5420; x_wconf 85' lang='grc' dir='ltr'>Οὐκ</span> <span class='ocrx_word' id='word_1_467' title='bbox 1906 5366 2061 5432; x_wconf 84' lang='grc' dir='ltr'>ἐστι,</span> 
     </span>
    </p>
   </div>
   <div class='ocr_carea' id='block_1_60' title="bbox 406 5453 2067 5525">
    <p class='ocr_par' dir='ltr' id='par_1_60' title="bbox 406 5453 2067 5525">
     <span class='ocr_line' id='line_1_60' title="bbox 406 5453 2067 5525; baseline 0.005 -21"><span class='ocrx_word' id='word_1_468' title='bbox 406 5453 575 5522; x_wconf 80' lang='grc' dir='ltr'>φησὶ,</span> <span class='ocrx_word' id='word_1_469' title='bbox 636 5456 828 5509; x_wconf 82' lang='grc' dir='ltr'>καλὸν</span> <span class='ocrx_word' id='word_1_470' title='bbox 871 5457 1081 5511; x_wconf 86' lang='grc' dir='ltr'>λαϐεῖν</span> <span class='ocrx_word' id='word_1_471' title='bbox 1134 5457 1239 5511; x_wconf 83' lang='grc' dir='ltr'>τὸν</span> <span class='ocrx_word' id='word_1_472' title='bbox 1279 5455 1461 5525; x_wconf 80' lang='grc' dir='ltr'>ἄρτον</span> <span class='ocrx_word' id='word_1_473' title='bbox 1501 5456 1619 5510; x_wconf 87' lang='grc' dir='ltr'>τῶν</span> <span class='ocrx_word' id='word_1_474' title='bbox 1659 5455 1886 5511; x_wconf 86' lang='grc' dir='ltr'>τέκνων</span> <span class='ocrx_word' id='word_1_475' title='bbox 1912 5498 1927 5523; x_wconf 95' lang='grc'>,</span> <span class='ocrx_word' id='word_1_476' title='bbox 1968 5458 2067 5512; x_wconf 79' lang='grc' dir='ltr'>καί</span> 
     </span>
    </p>
   </div>
   <div class='ocr_carea' id='block_1_61' title="bbox 400 5551 2065 5629">
    <p class='ocr_par' dir='ltr' id='par_1_61' title="bbox 400 5551 2065 5629">
     <span class='ocr_line' id='line_1_61' title="bbox 400 5551 2065 5629; baseline 0.004 -24"><span class='ocrx_word' id='word_1_477' title='bbox 400 5551 622 5617; x_wconf 79' lang='grc' dir='ltr'>βαλεῖν</span> <span class='ocrx_word' id='word_1_478' title='bbox 641 5554 762 5620; x_wconf 83' lang='grc' dir='ltr'>τοῖς</span> <span class='ocrx_word' id='word_1_479' title='bbox 792 5560 1117 5625; x_wconf 87' lang='grc' dir='ltr'>κυναρίοις.</span> <span class='ocrx_word' id='word_1_480' title='bbox 1163 5558 1466 5628; x_wconf 89' lang='grc' dir='ltr'>Ἐννόησον,</span> <span class='ocrx_word' id='word_1_481' title='bbox 1498 5558 1748 5629; x_wconf 86' lang='grc' dir='ltr'>ἀγαπητέ</span> <span class='ocrx_word' id='word_1_482' title='bbox 1770 5598 1783 5620; x_wconf 95' lang='grc'>,</span> <span class='ocrx_word' id='word_1_483' title='bbox 1810 5558 1905 5610; x_wconf 89' lang='grc' dir='ltr'>καὶ</span> <span class='ocrx_word' id='word_1_484' title='bbox 1933 5557 2065 5611; x_wconf 88' lang='grc' dir='ltr'>θαύ-</span> 
     </span>
    </p>
   </div>
   <div class='ocr_carea' id='block_1_62' title="bbox 410 5651 2065 5726">
    <p class='ocr_par' dir='ltr' id='par_1_62' title="bbox 410 5651 2065 5726">
     <span class='ocr_line' id='line_1_62' title="bbox 410 5651 2065 5726; baseline 0.004 -25"><span class='ocrx_word' id='word_1_485' title='bbox 410 5666 580 5719; x_wconf 85' lang='grc' dir='ltr'>μασον</span> <span class='ocrx_word' id='word_1_486' title='bbox 628 5651 858 5704; x_wconf 88' lang='grc' dir='ltr'>ἐνταῦθα</span> <span class='ocrx_word' id='word_1_487' title='bbox 903 5654 1004 5723; x_wconf 84' lang='grc' dir='ltr'>τῆς</span> <span class='ocrx_word' id='word_1_488' title='bbox 1052 5654 1227 5725; x_wconf 74' lang='grc' dir='ltr'>ψυχῆς</span> <span class='ocrx_word' id='word_1_489' title='bbox 1277 5654 1448 5725; x_wconf 76' lang='grc' dir='ltr'>αὐτῆς</span> <span class='ocrx_word' id='word_1_490' title='bbox 1494 5654 1585 5708; x_wconf 80' lang='grc' dir='ltr'>τὸν</span> <span class='ocrx_word' id='word_1_491' title='bbox 1633 5655 1794 5708; x_wconf 83' lang='grc' dir='ltr'>πόθον</span> <span class='ocrx_word' id='word_1_492' title='bbox 1838 5656 1935 5708; x_wconf 89' lang='grc' dir='ltr'>καὶ</span> <span class='ocrx_word' id='word_1_493' title='bbox 1966 5656 2065 5726; x_wconf 83' lang='grc' dir='ltr'>τὴν</span> 
     </span>
    </p>
   </div>
   <div class='ocr_carea' id='block_1_63' title="bbox 408 5746 2064 5825">
    <p class='ocr_par' dir='ltr' id='par_1_63' title="bbox 408 5746 2064 5825">
     <span class='ocr_line' id='line_1_63' title="bbox 408 5746 2064 5825; baseline 0.004 -24"><span class='ocrx_word' id='word_1_494' title='bbox 408 5748 589 5801; x_wconf 80' lang='grc' dir='ltr'>πίστιν</span> <span class='ocrx_word' id='word_1_495' title='bbox 616 5746 714 5819; x_wconf 78' lang='grc' dir='ltr'>τὴν</span> <span class='ocrx_word' id='word_1_496' title='bbox 745 5750 1183 5821; x_wconf 83' lang='grc' dir='ltr'>ὑπερϐάλλουσαν</span> <span class='ocrx_word' id='word_1_497' title='bbox 1211 5770 1225 5783; x_wconf 75' lang='grc'>⁶</span> <span class='ocrx_word' id='word_1_498' title='bbox 1259 5754 1341 5807; x_wconf 82' lang='grc' dir='ltr'>ὅτι</span> <span class='ocrx_word' id='word_1_499' title='bbox 1379 5754 1635 5825; x_wconf 88' lang='grc' dir='ltr'>κυνάριον</span> <span class='ocrx_word' id='word_1_500' title='bbox 1659 5754 1939 5810; x_wconf 90' lang='grc' dir='ltr'>ἀκούσασα</span> <span class='ocrx_word' id='word_1_501' title='bbox 1964 5754 2064 5808; x_wconf 88' lang='grc' dir='ltr'>ούκ</span> 
     </span>
    </p>
   </div>
   <div class='ocr_carea' id='block_1_64' title="bbox 410 5844 2059 5923">
    <p class='ocr_par' dir='ltr' id='par_1_64' title="bbox 410 5844 2059 5923">
     <span class='ocr_line' id='line_1_64' title="bbox 410 5844 2059 5923; baseline 0.002 -23"><span class='ocrx_word' id='word_1_502' title='bbox 410 5844 765 5915; x_wconf 79' lang='grc' dir='ltr'>ἐδυσχέρανεν</span> <span class='ocrx_word' id='word_1_503' title='bbox 791 5886 805 5914; x_wconf 92' lang='grc'>,</span> <span class='ocrx_word' id='word_1_504' title='bbox 860 5849 959 5919; x_wconf 79' lang='grc' dir='ltr'>οὐκ</span> <span class='ocrx_word' id='word_1_505' title='bbox 1007 5850 1351 5917; x_wconf 75' lang='grc' dir='ltr'>ἀπεπήδησεν</span> <span class='ocrx_word' id='word_1_506' title='bbox 1384 5893 1399 5919; x_wconf 92' lang='grc'>,</span> <span class='ocrx_word' id='word_1_507' title='bbox 1460 5852 1594 5907; x_wconf 82' lang='grc' dir='ltr'>ἀλλά</span> <span class='ocrx_word' id='word_1_508' title='bbox 1658 5851 1791 5923; x_wconf 75' lang='grc' dir='ltr'>μετὰ</span> <span class='ocrx_word' id='word_1_509' title='bbox 1858 5851 2059 5923; x_wconf 78' lang='grc' dir='ltr'>πολλῆς</span> 
     </span>
    </p>
   </div>
   <div class='ocr_carea' id='block_1_65' title="bbox 1179 233 3729 312">
    <p class='ocr_par' dir='ltr' id='par_1_65' title="bbox 1179 233 3729 312">
     <span class='ocr_line' id='line_1_65' title="bbox 1179 233 3729 312; baseline -0.008 0"><span class='ocrx_word' id='word_1_510' title='bbox 1179 254 1236 312; x_wconf 90' lang='lat' dir='ltr'>S.</span> <span class='ocrx_word' id='word_1_511' title='bbox 1274 252 1556 312; x_wconf 77' lang='lat' dir='ltr'>JOANNIS</span> <span class='ocrx_word' id='word_1_512' title='bbox 1586 245 2078 307; x_wconf 75' lang='lat' dir='ltr'>CHRYSOSTOMI</span> <span class='ocrx_word' id='word_1_513' title='bbox 2115 242 2435 302; x_wconf 75' lang='lat' dir='ltr'>ARCHIEP.</span> <span class='ocrx_word' id='word_1_514' title='bbox 2484 233 3033 298; x_wconf 79' lang='lat' dir='ltr'>CONSTANTINUP.</span> <span class='ocrx_word' id='word_1_515' title='bbox 3665 234 3729 293; x_wconf 73' lang='grc' dir='ltr'>ιιι</span> 
     </span>
    </p>
   </div>
   <div class='ocr_carea' id='block_1_66' title="bbox 2139 348 3729 431">
    <p class='ocr_par' dir='ltr' id='par_1_66' title="bbox 2139 348 3729 431">
     <span class='ocr_line' id='line_1_66' title="bbox 2139 348 3729 431; baseline -0.009 -16"><span class='ocrx_word' id='word_1_516' title='bbox 2139 358 2596 431; x_wconf 77' lang='grc' dir='ltr'>εὐγνωμοσύνης·ι</span> <span class='ocrx_word' id='word_1_517' title='bbox 2628 354 2791 427; x_wconf 85' lang='grc' dir='ltr'>φησί’</span> <span class='ocrx_word' id='word_1_518' title='bbox 2810 351 3169 431; x_wconf 63' lang='grc' dir='ltr'>Ναί,Κύριεξ</span> <span class='ocrx_word' id='word_1_519' title='bbox 3324 351 3440 431; x_wconf 57' lang='grc' dir='ltr'>γάρ</span> <span class='ocrx_word' id='word_1_520' title='bbox 3461 348 3534 402; x_wconf 81' lang='grc' dir='ltr'>τὰ</span> <span class='ocrx_word' id='word_1_521' title='bbox 3552 354 3729 431; x_wconf 66' lang='grc' dir='ltr'>κυνάρα</span> 
     </span>
    </p>
   </div>
   <div class='ocr_carea' id='block_1_67' title="bbox 2135 426 3729 505">
    <p class='ocr_par' dir='ltr' id='par_1_67' title="bbox 2135 426 3729 505">
     <span class='ocr_line' id='line_1_67' title="bbox 2135 426 3729 505; baseline -0.013 -10"><span class='ocrx_word' id='word_1_522' title='bbox 2135 426 2455 495; x_wconf 70' lang='grc' dir='ltr'>ἐσθίείάπὸ</span> <span class='ocrx_word' id='word_1_523' title='bbox 2477 426 2596 491; x_wconf 85' lang='grc' dir='ltr'>τῶν</span> <span class='ocrx_word' id='word_1_524' title='bbox 2614 435 2837 505; x_wconf 71' lang='grc' dir='ltr'>ψιχίων</span> <span class='ocrx_word' id='word_1_525' title='bbox 2854 430 2964 500; x_wconf 84' lang='grc' dir='ltr'>τῆς</span> <span class='ocrx_word' id='word_1_526' title='bbox 2990 428 3279 505; x_wconf 80' lang='grc' dir='ltr'>τραπέζης</span> <span class='ocrx_word' id='word_1_527' title='bbox 3309 426 3428 482; x_wconf 86' lang='grc' dir='ltr'>τῶν</span> <span class='ocrx_word' id='word_1_528' title='bbox 3455 426 3652 497; x_wconf 68' lang='grc' dir='ltr'>κυρίων</span> <span class='ocrx_word' id='word_1_529' title='bbox 3670 434 3729 483; x_wconf 62' lang='grc' dir='ltr'>αίε.</span> 
     </span>
    </p>
   </div>
   <div class='ocr_carea' id='block_1_68' title="bbox 2136 503 3729 589">
    <p class='ocr_par' dir='ltr' id='par_1_68' title="bbox 2136 503 3729 589">
     <span class='ocr_line' id='line_1_68' title="bbox 2136 503 3729 589; baseline -0.011 -15"><span class='ocrx_word' id='word_1_530' title='bbox 2136 518 2272 574; x_wconf 89' lang='grc' dir='ltr'>τῶν.</span> <span class='ocrx_word' id='word_1_531' title='bbox 2292 516 2572 589; x_wconf 87' lang='grc' dir='ltr'>Ὀμολογῶ</span> <span class='ocrx_word' id='word_1_532' title='bbox 2592 558 2607 583; x_wconf 93' lang='grc'>,</span> <span class='ocrx_word' id='word_1_533' title='bbox 2625 503 2797 585; x_wconf 37' lang='grc' dir='ltr'>-φησὶ,</span> <span class='ocrx_word' id='word_1_534' title='bbox 2829 511 3091 583; x_wconf 87' lang='grc' dir='ltr'>κυνάριον</span> <span class='ocrx_word' id='word_1_535' title='bbox 3115 503 3254 589; x_wconf 74' lang='grc' dir='ltr'>εἶναι</span> <span class='ocrx_word' id='word_1_536' title='bbox 3271 526 3285 538; x_wconf 86' lang='grc'><strong>·</strong></span> <span class='ocrx_word' id='word_1_537' title='bbox 3328 506 3662 589; x_wconf 30' lang='grc' dir='ltr'>ὼςᾳκυνάριςν</span> <span class='ocrx_word' id='word_1_538' title='bbox 3678 506 3729 561; x_wconf 62' lang='grc' dir='ltr'>ιῖτ</span> 
     </span>
    </p>
   </div>
   <div class='ocr_carea' id='block_1_69' title="bbox 2141 582 3729 669">
    <p class='ocr_par' dir='ltr' id='par_1_69' title="bbox 2141 582 3729 669">
     <span class='ocr_line' id='line_1_69' title="bbox 2141 582 3729 669; baseline -0.007 -17"><span class='ocrx_word' id='word_1_539' title='bbox 2141 616 2207 669; x_wconf 93' lang='grc' dir='ltr'>με</span> <span class='ocrx_word' id='word_1_540' title='bbox 2249 582 2478 664; x_wconf 82' lang='grc' dir='ltr'>ἀξίωσον</span> <span class='ocrx_word' id='word_1_541' title='bbox 2502 582 2633 649; x_wconf 50' lang='grc' dir='ltr'>’τῶν</span> <span class='ocrx_word' id='word_1_542' title='bbox 2657 582 2876 663; x_wconf 56' lang='grc' dir='ltr'>’ψιχίων</span> <span class='ocrx_word' id='word_1_543' title='bbox 2908 582 3009 662; x_wconf 84' lang='grc' dir='ltr'>τῆς</span> <span class='ocrx_word' id='word_1_544' title='bbox 3041 588 3339 659; x_wconf 74' lang='grc' dir='ltr'>τραπέζης.</span> <span class='ocrx_word' id='word_1_545' title='bbox 3373 582 3533 669; x_wconf 60' lang='grc' dir='ltr'>Εἶδες</span> <span class='ocrx_word' id='word_1_546' title='bbox 3555 592 3729 655; x_wconf 61' lang='grc' dir='ltr'>γυναικὸς</span> 
     </span>
    </p>
   </div>
   <div class='ocr_carea' id='block_1_70' title="bbox 2139 668 3729 744">
    <p class='ocr_par' dir='ltr' id='par_1_70' title="bbox 2139 668 3729 744">
     <span class='ocr_line' id='line_1_70' title="bbox 2139 668 3729 744; baseline -0.006 -13"><span class='ocrx_word' id='word_1_547' title='bbox 2139 668 2319 731; x_wconf 87' lang='grc' dir='ltr'>πίστιν</span> <span class='ocrx_word' id='word_1_548' title='bbox 2362 677 2456 730; x_wconf 90' lang='grc' dir='ltr'>καὶ</span> <span class='ocrx_word' id='word_1_549' title='bbox 2500 672 2952 744; x_wconf 86' lang='grc' dir='ltr'>εύγνωμοσύνην;</span> <span class='ocrx_word' id='word_1_550' title='bbox 2995 669 3335 735; x_wconf 78' lang='grc' dir='ltr'>Κατεδέξατο</span> <span class='ocrx_word' id='word_1_551' title='bbox 3374 668 3439 721; x_wconf 80' lang='grc' dir='ltr'>τὸ</span> <span class='ocrx_word' id='word_1_552' title='bbox 3486 669 3729 738; x_wconf 46' lang='grc' dir='ltr'>εἰρημένῃ,</span> 
     </span>
    </p>
   </div>
   <div class='ocr_carea' id='block_1_71' title="bbox 2138 748 3730 829">
    <p class='ocr_par' dir='ltr' id='par_1_71' title="bbox 2138 748 3730 829">
     <span class='ocr_line' id='line_1_71' title="bbox 2138 748 3730 829; baseline -0.008 -18"><span class='ocrx_word' id='word_1_553' title='bbox 2138 759 2232 811; x_wconf 89' lang='grc' dir='ltr'>καὶ</span> <span class='ocrx_word' id='word_1_554' title='bbox 2268 758 2608 829; x_wconf 79' lang='grc' dir='ltr'>παραχρῆμα</span> <span class='ocrx_word' id='word_1_555' title='bbox 2658 754 2889 823; x_wconf 87' lang='grc' dir='ltr'>ἐπέτυχε</span> <span class='ocrx_word' id='word_1_556' title='bbox 2936 750 3032 804; x_wconf 87' lang='grc' dir='ltr'>τοῦ</span> <span class='ocrx_word' id='word_1_557' title='bbox 3084 748 3549 820; x_wconf 74' lang='grc' dir='ltr'>σπουδαζομένου,</span> <span class='ocrx_word' id='word_1_558' title='bbox 3582 751 3654 800; x_wconf 75' lang='grc' dir='ltr'>καὶ</span> <span class='ocrx_word' id='word_1_559' title='bbox 3680 753 3730 801; x_wconf 50' lang='lat' dir='ltr'>tr,</span> 
     </span>
    </p>
   </div>
   <div class='ocr_carea' id='block_1_72' title="bbox 2139 830 3730 907">
    <p class='ocr_par' dir='ltr' id='par_1_72' title="bbox 2139 830 3730 907">
     <span class='ocr_line' id='line_1_72' title="bbox 2139 830 3730 907; baseline -0.005 -16"><span class='ocrx_word' id='word_1_560' title='bbox 2139 838 2296 907; x_wconf 90' lang='grc' dir='ltr'>έτυχε</span> <span class='ocrx_word' id='word_1_561' title='bbox 2330 837 2465 906; x_wconf 88' lang='grc' dir='ltr'>μετά</span> <span class='ocrx_word' id='word_1_562' title='bbox 2498 835 2709 889; x_wconf 88' lang='grc' dir='ltr'>πολλῶν</span> <span class='ocrx_word' id='word_1_563' title='bbox 2733 833 2843 886; x_wconf 91' lang='grc' dir='ltr'>τῶν</span> <span class='ocrx_word' id='word_1_564' title='bbox 2870 831 3182 903; x_wconf 89' lang='grc' dir='ltr'>ἐγκωμίων,</span> <span class='ocrx_word' id='word_1_565' title='bbox 3217 830 3281 884; x_wconf 89' lang='grc' dir='ltr'>Τί</span> <span class='ocrx_word' id='word_1_566' title='bbox 3312 831 3424 902; x_wconf 82' lang='grc' dir='ltr'>γάρ</span> <span class='ocrx_word' id='word_1_567' title='bbox 3451 832 3730 900; x_wconf 66' lang='grc' dir='ltr'>φησινὸλρει</span> 
     </span>
    </p>
   </div>
   <div class='ocr_carea' id='block_1_73' title="bbox 2142 907 3729 984">
    <p class='ocr_par' dir='ltr' id='par_1_73' title="bbox 2142 907 3729 984">
     <span class='ocr_line' id='line_1_73' title="bbox 2142 907 3729 984; baseline -0.006 -14"><span class='ocrx_word' id='word_1_568' title='bbox 2142 912 2385 980; x_wconf 71' lang='grc' dir='ltr'>στός;”Ὦ</span> <span class='ocrx_word' id='word_1_569' title='bbox 2414 916 2608 984; x_wconf 77' lang='grc' dir='ltr'>γύναι,</span> <span class='ocrx_word' id='word_1_570' title='bbox 2634 913 2867 983; x_wconf 77' lang='grc' dir='ltr'>μεγάλη</span> <span class='ocrx_word' id='word_1_571' title='bbox 2892 926 3010 966; x_wconf 90' lang='grc' dir='ltr'>σου</span> <span class='ocrx_word' id='word_1_572' title='bbox 3037 911 3076 978; x_wconf 77' lang='grc' dir='ltr'><strong><em>ἠ</em></strong></span> <span class='ocrx_word' id='word_1_573' title='bbox 3104 911 3309 975; x_wconf 80' lang='grc' dir='ltr'>πίστις</span> <span class='ocrx_word' id='word_1_574' title='bbox 3327 926 3343 940; x_wconf 86' lang='grc'><strong>·</strong></span> <span class='ocrx_word' id='word_1_575' title='bbox 3380 907 3661 977; x_wconf 58' lang='grc' dir='ltr'>Τενηθήτω</span> <span class='ocrx_word' id='word_1_576' title='bbox 3679 926 3729 961; x_wconf 75' lang='lat' dir='ltr'><em>ca</em></span> 
     </span>
    </p>
   </div>
   <div class='ocr_carea' id='block_1_74' title="bbox 2140 986 3729 1063">
    <p class='ocr_par' dir='ltr' id='par_1_74' title="bbox 2140 986 3729 1063">
     <span class='ocr_line' id='line_1_74' title="bbox 2140 986 3729 1063; baseline -0.005 -14"><span class='ocrx_word' id='word_1_577' title='bbox 2140 996 2220 1061; x_wconf 85' lang='grc' dir='ltr'>ὡς</span> <span class='ocrx_word' id='word_1_578' title='bbox 2259 992 2567 1059; x_wconf 43' lang='grc' dir='ltr'>θέλειςῖο</span> <span class='ocrx_word' id='word_1_579' title='bbox 2618 993 2829 1063; x_wconf 79' lang='grc' dir='ltr'>γύναι·</span> <span class='ocrx_word' id='word_1_580' title='bbox 2882 988 3209 1059; x_wconf 86' lang='grc' dir='ltr'>θαυμασμοῦ</span> <span class='ocrx_word' id='word_1_581' title='bbox 3255 987 3317 1041; x_wconf 79' lang='grc' dir='ltr'>τὸ</span> <span class='ocrx_word' id='word_1_582' title='bbox 3367 986 3544 1057; x_wconf 79' lang='grc' dir='ltr'>ῥῆμα,</span> <span class='ocrx_word' id='word_1_583' title='bbox 3586 986 3729 1041; x_wconf 62' lang='grc' dir='ltr'>ἐπείη.</span> 
     </span>
    </p>
   </div>
   <div class='ocr_carea' id='block_1_75' title="bbox 2142 1066 3729 1142">
    <p class='ocr_par' dir='ltr' id='par_1_75' title="bbox 2142 1066 3729 1142">
     <span class='ocr_line' id='line_1_75' title="bbox 2142 1066 3729 1142; baseline -0.007 -16"><span class='ocrx_word' id='word_1_584' title='bbox 2142 1072 2336 1127; x_wconf 84' lang='grc' dir='ltr'>πολλοῦ</span> <span class='ocrx_word' id='word_1_585' title='bbox 2363 1072 2530 1142; x_wconf 89' lang='grc' dir='ltr'>γέμον</span> <span class='ocrx_word' id='word_1_586' title='bbox 2581 1070 2641 1124; x_wconf 82' lang='grc' dir='ltr'>τὸ</span> <span class='ocrx_word' id='word_1_587' title='bbox 2688 1067 2999 1139; x_wconf 83' lang='grc' dir='ltr'>εἰρημένον.</span> <span class='ocrx_word' id='word_1_588' title='bbox 3030 1066 3309 1137; x_wconf 87' lang='grc' dir='ltr'>Μεγάλην,</span> <span class='ocrx_word' id='word_1_589' title='bbox 3333 1067 3527 1134; x_wconf 80' lang='grc' dir='ltr'>φησὶν,</span> <span class='ocrx_word' id='word_1_590' title='bbox 3556 1066 3729 1129; x_wconf 60' lang='grc' dir='ltr'>ἐπεὰῷ</span> 
     </span>
    </p>
   </div>
   <div class='ocr_carea' id='block_1_76' title="bbox 2140 1145 3729 1224">
    <p class='ocr_par' dir='ltr' id='par_1_76' title="bbox 2140 1145 3729 1224">
     <span class='ocr_line' id='line_1_76' title="bbox 2140 1145 3729 1224; baseline -0.003 -18"><span class='ocrx_word' id='word_1_591' title='bbox 2140 1154 2240 1224; x_wconf 84' lang='grc' dir='ltr'>τὴν</span> <span class='ocrx_word' id='word_1_592' title='bbox 2280 1154 2459 1208; x_wconf 87' lang='grc' dir='ltr'>πίστιν</span> <span class='ocrx_word' id='word_1_593' title='bbox 2480 1166 2495 1181; x_wconf 81' lang='grc'><strong>⁸</strong></span> <span class='ocrx_word' id='word_1_594' title='bbox 2530 1150 2617 1205; x_wconf 82' lang='grc' dir='ltr'>διὰ</span> <span class='ocrx_word' id='word_1_595' title='bbox 2640 1149 2798 1203; x_wconf 87' lang='grc' dir='ltr'>τοῦτο</span> <span class='ocrx_word' id='word_1_596' title='bbox 2824 1147 3058 1202; x_wconf 88' lang='grc' dir='ltr'>τοσαῦτά</span> <span class='ocrx_word' id='word_1_597' title='bbox 3094 1166 3176 1201; x_wconf 93' lang='grc' dir='ltr'>σοι</span> <span class='ocrx_word' id='word_1_598' title='bbox 3207 1147 3461 1217; x_wconf 81' lang='grc' dir='ltr'>ὑπάρξει,</span> <span class='ocrx_word' id='word_1_599' title='bbox 3490 1146 3583 1197; x_wconf 80' lang='grc' dir='ltr'>ὅσα</span> <span class='ocrx_word' id='word_1_600' title='bbox 3608 1145 3729 1209; x_wconf 62' lang='grc' dir='ltr'>θέλεις.</span> 
     </span>
    </p>
   </div>
   <div class='ocr_carea' id='block_1_77' title="bbox 2144 1222 3729 1305">
    <p class='ocr_par' dir='ltr' id='par_1_77' title="bbox 2144 1222 3729 1305">
     <span class='ocr_line' id='line_1_77' title="bbox 2144 1222 3729 1305; baseline -0.007 -18"><span class='ocrx_word' id='word_1_601' title='bbox 2144 1222 2286 1305; x_wconf 77' lang='grc' dir='ltr'>Ὅρα</span> <span class='ocrx_word' id='word_1_602' title='bbox 2314 1230 2623 1305; x_wconf 88' lang='grc' dir='ltr'>φιλοτιμίας</span> <span class='ocrx_word' id='word_1_603' title='bbox 2650 1228 2945 1298; x_wconf 71' lang='grc' dir='ltr'>δαψίλειαν,</span> <span class='ocrx_word' id='word_1_604' title='bbox 2985 1227 3078 1279; x_wconf 92' lang='grc' dir='ltr'>καὶ</span> <span class='ocrx_word' id='word_1_605' title='bbox 3113 1225 3395 1295; x_wconf 89' lang='grc' dir='ltr'>θαύμασον</span> <span class='ocrx_word' id='word_1_606' title='bbox 3415 1222 3515 1305; x_wconf 83' lang='grc' dir='ltr'>τοῦ</span> <span class='ocrx_word' id='word_1_607' title='bbox 3543 1226 3729 1276; x_wconf 46' lang='lat' dir='ltr'>Aeci-.3:</span> 
     </span>
    </p>
   </div>
   <div class='ocr_carea' id='block_1_78' title="bbox 2142 1304 3729 1383">
    <p class='ocr_par' dir='ltr' id='par_1_78' title="bbox 2142 1304 3729 1383">
     <span class='ocr_line' id='line_1_78' title="bbox 2142 1304 3729 1383; baseline -0.007 -18"><span class='ocrx_word' id='word_1_608' title='bbox 2142 1311 2241 1383; x_wconf 85' lang='grc' dir='ltr'>τὴν</span> <span class='ocrx_word' id='word_1_609' title='bbox 2276 1311 2486 1380; x_wconf 88' lang='grc' dir='ltr'>σοφίαν.</span> <span class='ocrx_word' id='word_1_610' title='bbox 2521 1304 2670 1379; x_wconf 75' lang='grc' dir='ltr'>Ἀρα</span> <span class='ocrx_word' id='word_1_611' title='bbox 2703 1308 2802 1361; x_wconf 87' lang='grc' dir='ltr'>οὐκ</span> <span class='ocrx_word' id='word_1_612' title='bbox 2844 1310 2902 1361; x_wconf 89' lang='grc' dir='ltr'>ἐν</span> <span class='ocrx_word' id='word_1_613' title='bbox 2934 1306 3237 1377; x_wconf 88' lang='grc' dir='ltr'>προοιμίοις</span> <span class='ocrx_word' id='word_1_614' title='bbox 3272 1304 3596 1375; x_wconf 76' lang='grc' dir='ltr'>ἐνομίζομεν</span> <span class='ocrx_word' id='word_1_615' title='bbox 3622 1305 3729 1383; x_wconf 51' lang='grc' dir='ltr'>ἀπε·</span> 
     </span>
    </p>
   </div>
   <div class='ocr_carea' id='block_1_79' title="bbox 2144 1382 3729 1461">
    <p class='ocr_par' dir='ltr' id='par_1_79' title="bbox 2144 1382 3729 1461">
     <span class='ocr_line' id='line_1_79' title="bbox 2144 1382 3729 1461; baseline -0.005 -16"><span class='ocrx_word' id='word_1_616' title='bbox 2144 1382 2290 1461; x_wconf 83' lang='grc' dir='ltr'>παθῆ</span> <span class='ocrx_word' id='word_1_617' title='bbox 2333 1407 2452 1444; x_wconf 91' lang='grc' dir='ltr'>τινα</span> <span class='ocrx_word' id='word_1_618' title='bbox 2491 1388 2651 1442; x_wconf 80' lang='grc' dir='ltr'>αὑτὸν</span> <span class='ocrx_word' id='word_1_619' title='bbox 2682 1383 2843 1453; x_wconf 73' lang='grc' dir='ltr'>εἶναι,</span> <span class='ocrx_word' id='word_1_620' title='bbox 2875 1386 3017 1440; x_wconf 87' lang='grc' dir='ltr'>οῦτω</span> <span class='ocrx_word' id='word_1_621' title='bbox 3060 1384 3508 1455; x_wconf 87' lang='grc' dir='ltr'>διακρουόμενον,</span> <span class='ocrx_word' id='word_1_622' title='bbox 3528 1382 3609 1434; x_wconf 76' lang='grc' dir='ltr'>καὶ</span> <span class='ocrx_word' id='word_1_623' title='bbox 3646 1382 3729 1453; x_wconf 62' lang='grc' dir='ltr'>[ΒΞ</span> 
     </span>
    </p>
   </div>
   <div class='ocr_carea' id='block_1_80' title="bbox 2145 1462 3725 1542">
    <p class='ocr_par' dir='ltr' id='par_1_80' title="bbox 2145 1462 3725 1542">
     <span class='ocr_line' id='line_1_80' title="bbox 2145 1462 3725 1542; baseline -0.006 -18"><span class='ocrx_word' id='word_1_624' title='bbox 2145 1471 2409 1542; x_wconf 90' lang='grc' dir='ltr'>πρότερον</span> <span class='ocrx_word' id='word_1_625' title='bbox 2459 1469 2555 1540; x_wconf 91' lang='grc' dir='ltr'>μέν</span> <span class='ocrx_word' id='word_1_626' title='bbox 2601 1467 2720 1521; x_wconf 83' lang='grc' dir='ltr'>οῦδὲ</span> <span class='ocrx_word' id='word_1_627' title='bbox 2771 1466 3116 1537; x_wconf 83' lang='grc' dir='ltr'>ἀποκρίσεως</span> <span class='ocrx_word' id='word_1_628' title='bbox 3170 1463 3432 1528; x_wconf 81' lang='grc' dir='ltr'>ἀξιοῦντα</span> <span class='ocrx_word' id='word_1_629' title='bbox 3472 1462 3534 1515; x_wconf 77' lang='grc' dir='ltr'>τὸ</span> <span class='ocrx_word' id='word_1_630' title='bbox 3570 1462 3725 1529; x_wconf 58' lang='grc' dir='ltr'>γύναια.</span> 
     </span>
    </p>
   </div>
   <div class='ocr_carea' id='block_1_81' title="bbox 2148 1543 3729 1619">
    <p class='ocr_par' dir='ltr' id='par_1_81' title="bbox 2148 1543 3729 1619">
     <span class='ocr_line' id='line_1_81' title="bbox 2148 1543 3729 1619; baseline -0.004 -17"><span class='ocrx_word' id='word_1_631' title='bbox 2148 1549 2284 1619; x_wconf 83' lang='grc' dir='ltr'>μετὰ</span> <span class='ocrx_word' id='word_1_632' title='bbox 2313 1550 2370 1602; x_wconf 82' lang='grc' dir='ltr'>δὲ</span> <span class='ocrx_word' id='word_1_633' title='bbox 2402 1547 2576 1601; x_wconf 89' lang='grc' dir='ltr'>ταῦτα</span> <span class='ocrx_word' id='word_1_634' title='bbox 2608 1548 2703 1600; x_wconf 88' lang='grc' dir='ltr'>καὶ</span> <span class='ocrx_word' id='word_1_635' title='bbox 2731 1546 2817 1600; x_wconf 90' lang='grc' dir='ltr'>διά</span> <span class='ocrx_word' id='word_1_636' title='bbox 2845 1548 2945 1616; x_wconf 82' lang='grc' dir='ltr'>τῆς</span> <span class='ocrx_word' id='word_1_637' title='bbox 2974 1545 3266 1617; x_wconf 86' lang='grc' dir='ltr'>προτέρας,</span> <span class='ocrx_word' id='word_1_638' title='bbox 3317 1543 3417 1597; x_wconf 88' lang='grc' dir='ltr'>καὶ</span> <span class='ocrx_word' id='word_1_639' title='bbox 3459 1544 3549 1597; x_wconf 72' lang='grc' dir='ltr'>διὰ</span> <span class='ocrx_word' id='word_1_640' title='bbox 3570 1544 3649 1612; x_wconf 76' lang='grc' dir='ltr'>τῆς</span> <span class='ocrx_word' id='word_1_641' title='bbox 3670 1545 3729 1595; x_wconf 60' lang='lat' dir='ltr'>Ea»</span> 
     </span>
    </p>
   </div>
   <div class='ocr_carea' id='block_1_82' title="bbox 2144 1622 3729 1699">
    <p class='ocr_par' dir='ltr' id='par_1_82' title="bbox 2144 1622 3729 1699">
     <span class='ocr_line' id='line_1_82' title="bbox 2144 1622 3729 1699; baseline -0.003 -20"><span class='ocrx_word' id='word_1_642' title='bbox 2144 1628 2310 1699; x_wconf 91' lang='grc' dir='ltr'>τέρας</span> <span class='ocrx_word' id='word_1_643' title='bbox 2330 1626 2672 1698; x_wconf 86' lang='grc' dir='ltr'>ἀποκρίσεως</span> <span class='ocrx_word' id='word_1_644' title='bbox 2704 1624 2983 1697; x_wconf 80' lang='grc' dir='ltr'>μονονουχὶ</span> <span class='ocrx_word' id='word_1_645' title='bbox 3010 1622 3410 1685; x_wconf 83' lang='grc' dir='ltr'>ἀπελαύνοντα,</span> <span class='ocrx_word' id='word_1_646' title='bbox 3428 1623 3527 1677; x_wconf 84' lang='grc' dir='ltr'>καὶ</span> <span class='ocrx_word' id='word_1_647' title='bbox 3551 1623 3635 1691; x_wconf 74' lang='grc' dir='ltr'>τὴν</span> <span class='ocrx_word' id='word_1_648' title='bbox 3657 1626 3729 1689; x_wconf 67' lang='grc' dir='ltr'>μετέ</span> 
     </span>
    </p>
   </div>
   <div class='ocr_carea' id='block_1_83' title="bbox 2145 1702 3729 1774">
    <p class='ocr_par' dir='ltr' id='par_1_83' title="bbox 2145 1702 3729 1774">
     <span class='ocr_line' id='line_1_83' title="bbox 2145 1702 3729 1774; baseline -0.005 -14"><span class='ocrx_word' id='word_1_649' title='bbox 2145 1707 2397 1761; x_wconf 89' lang='grc' dir='ltr'>τοσούτου</span> <span class='ocrx_word' id='word_1_650' title='bbox 2454 1707 2617 1759; x_wconf 88' lang='grc' dir='ltr'>πόθου</span> <span class='ocrx_word' id='word_1_651' title='bbox 2666 1703 3067 1774; x_wconf 90' lang='grc' dir='ltr'>προσελθοῦσαν</span> <span class='ocrx_word' id='word_1_652' title='bbox 3112 1702 3529 1766; x_wconf 77' lang='grc' dir='ltr'>ἀποσοϐοῦντας</span> <span class='ocrx_word' id='word_1_653' title='bbox 3579 1702 3729 1754; x_wconf 73' lang='grc' dir='ltr'>ἐι</span> 
     </span>
    </p>
   </div>
   <div class='ocr_carea' id='block_1_84' title="bbox 2145 1781 3729 1855">
    <p class='ocr_par' dir='ltr' id='par_1_84' title="bbox 2145 1781 3729 1855">
     <span class='ocr_line' id='line_1_84' title="bbox 2145 1781 3729 1855; baseline -0.005 -13"><span class='ocrx_word' id='word_1_654' title='bbox 2145 1786 2239 1841; x_wconf 86' lang='grc' dir='ltr'>τοῦ</span> <span class='ocrx_word' id='word_1_655' title='bbox 2264 1788 2449 1850; x_wconf 89' lang='grc' dir='ltr'>τέλους</span> <span class='ocrx_word' id='word_1_656' title='bbox 2473 1786 2755 1855; x_wconf 79' lang='grc' dir='ltr'>κατάμαθε</span> <span class='ocrx_word' id='word_1_657' title='bbox 2786 1783 2881 1838; x_wconf 87' lang='grc' dir='ltr'>τοῦ</span> <span class='ocrx_word' id='word_1_658' title='bbox 2910 1782 3043 1837; x_wconf 89' lang='grc' dir='ltr'>Θεοῦ</span> <span class='ocrx_word' id='word_1_659' title='bbox 3073 1785 3172 1855; x_wconf 83' lang='grc' dir='ltr'>τὴν</span> <span class='ocrx_word' id='word_1_660' title='bbox 3199 1782 3541 1852; x_wconf 81' lang='grc' dir='ltr'>ἀγαθότητα,</span> <span class='ocrx_word' id='word_1_661' title='bbox 3571 1782 3637 1835; x_wconf 76' lang='grc' dir='ltr'>ἂτι</span> <span class='ocrx_word' id='word_1_662' title='bbox 3667 1781 3729 1850; x_wconf 59' lang='grc' dir='ltr'>βω</span> 
     </span>
    </p>
   </div>
   <div class='ocr_carea' id='block_1_85' title="bbox 2145 1860 3729 1937">
    <p class='ocr_par' dir='ltr' id='par_1_85' title="bbox 2145 1860 3729 1937">
     <span class='ocr_line' id='line_1_85' title="bbox 2145 1860 3729 1937; baseline -0.005 -17"><span class='ocrx_word' id='word_1_663' title='bbox 2145 1866 2367 1937; x_wconf 89' lang='grc' dir='ltr'>λόμενος</span> <span class='ocrx_word' id='word_1_664' title='bbox 2398 1864 2565 1936; x_wconf 80' lang='grc' dir='ltr'>αὐτὴν</span> <span class='ocrx_word' id='word_1_665' title='bbox 2586 1864 3054 1935; x_wconf 89' lang='grc' dir='ltr'>περιφανεστέραν</span> <span class='ocrx_word' id='word_1_666' title='bbox 3076 1861 3437 1932; x_wconf 89' lang='grc' dir='ltr'>ἐργάσασθαι,</span> <span class='ocrx_word' id='word_1_667' title='bbox 3459 1860 3550 1913; x_wconf 77' lang='grc' dir='ltr'>διὰ</span> <span class='ocrx_word' id='word_1_668' title='bbox 3572 1861 3729 1914; x_wconf 61' lang='lat' dir='ltr'>m’mr‘</span> 
     </span>
    </p>
   </div>
   <div class='ocr_carea' id='block_1_86' title="bbox 2150 1940 3729 2017">
    <p class='ocr_par' dir='ltr' id='par_1_86' title="bbox 2150 1940 3729 2017">
     <span class='ocr_line' id='line_1_86' title="bbox 2150 1940 3729 2017; baseline -0.005 -17"><span class='ocrx_word' id='word_1_669' title='bbox 2150 1945 2499 2017; x_wconf 72' lang='grc' dir='ltr'>μακροθυμίᾳ</span> <span class='ocrx_word' id='word_1_670' title='bbox 2522 1942 2889 2015; x_wconf 87' lang='grc' dir='ltr'>ἐχρήσατο.Εί</span> <span class='ocrx_word' id='word_1_671' title='bbox 2912 1941 3009 2013; x_wconf 84' lang='grc' dir='ltr'>μὲν</span> <span class='ocrx_word' id='word_1_672' title='bbox 3028 1941 3135 2011; x_wconf 78' lang='grc' dir='ltr'>γάρ</span> <span class='ocrx_word' id='word_1_673' title='bbox 3156 1940 3358 2005; x_wconf 78' lang='grc' dir='ltr'>εὐθέως</span> <span class='ocrx_word' id='word_1_674' title='bbox 3386 1941 3669 2003; x_wconf 63' lang='grc' dir='ltr'>ἐπένευσεν,</span> <span class='ocrx_word' id='word_1_675' title='bbox 3685 1945 3729 1992; x_wconf 63' lang='grc' dir='ltr'>ιζ]</span> 
     </span>
    </p>
   </div>
   <div class='ocr_carea' id='block_1_87' title="bbox 2147 2019 3729 2094">
    <p class='ocr_par' dir='ltr' id='par_1_87' title="bbox 2147 2019 3729 2094">
     <span class='ocr_line' id='line_1_87' title="bbox 2147 2019 3729 2094; baseline -0.003 -16"><span class='ocrx_word' id='word_1_676' title='bbox 2147 2024 2211 2078; x_wconf 86' lang='grc' dir='ltr'>ἂν</span> <span class='ocrx_word' id='word_1_677' title='bbox 2252 2024 2492 2094; x_wconf 77' lang='grc' dir='ltr'>ἔγνωμεν</span> <span class='ocrx_word' id='word_1_678' title='bbox 2532 2025 2694 2093; x_wconf 82' lang='grc' dir='ltr'>ἡμεῖς</span> <span class='ocrx_word' id='word_1_679' title='bbox 2729 2021 2828 2090; x_wconf 79' lang='grc' dir='ltr'>τῆς</span> <span class='ocrx_word' id='word_1_680' title='bbox 2853 2020 3107 2089; x_wconf 72' lang='grc' dir='ltr'>γυναικὸς</span> <span class='ocrx_word' id='word_1_681' title='bbox 3135 2019 3231 2091; x_wconf 84' lang='grc' dir='ltr'>τὴν</span> <span class='ocrx_word' id='word_1_682' title='bbox 3263 2020 3473 2091; x_wconf 82' lang='grc' dir='ltr'>ἀρετήν</span> <span class='ocrx_word' id='word_1_683' title='bbox 3494 2036 3507 2049; x_wconf 64' lang='grc' dir='ltr'>δ</span> <span class='ocrx_word' id='word_1_684' title='bbox 3538 2021 3729 2089; x_wconf 48' lang='lat' dir='ltr'>iustiti&quot;</span> 
     </span>
    </p>
   </div>
   <div class='ocr_carea' id='block_1_88' title="bbox 2152 2100 3729 2176">
    <p class='ocr_par' dir='ltr' id='par_1_88' title="bbox 2152 2100 3729 2176">
     <span class='ocr_line' id='line_1_88' title="bbox 2152 2100 3729 2176; baseline -0.003 -19"><span class='ocrx_word' id='word_1_685' title='bbox 2152 2103 2344 2176; x_wconf 81' lang='grc' dir='ltr'>μικρὸν</span> <span class='ocrx_word' id='word_1_686' title='bbox 2361 2102 2698 2162; x_wconf 84' lang='grc' dir='ltr'>ἀνεϐάλλετο,</span> <span class='ocrx_word' id='word_1_687' title='bbox 2718 2101 2810 2154; x_wconf 88' lang='grc' dir='ltr'>καὶ</span> <span class='ocrx_word' id='word_1_688' title='bbox 2828 2100 2922 2153; x_wconf 88' lang='grc' dir='ltr'>τοῦ</span> <span class='ocrx_word' id='word_1_689' title='bbox 2942 2100 3212 2153; x_wconf 83' lang='grc' dir='ltr'>Δεσπότου</span> <span class='ocrx_word' id='word_1_690' title='bbox 3230 2100 3484 2170; x_wconf 77' lang='grc' dir='ltr'>ἔγνωμεν</span> <span class='ocrx_word' id='word_1_691' title='bbox 3502 2100 3593 2168; x_wconf 77' lang='grc' dir='ltr'>τὴν</span> <span class='ocrx_word' id='word_1_692' title='bbox 3608 2100 3729 2166; x_wconf 52' lang='lat' dir='ltr'>km</span> 
     </span>
    </p>
   </div>
   <div class='ocr_carea' id='block_1_89' title="bbox 2150 2178 3727 2253">
    <p class='ocr_par' dir='ltr' id='par_1_89' title="bbox 2150 2178 3727 2253">
     <span class='ocr_line' id='line_1_89' title="bbox 2150 2178 3727 2253; baseline -0.004 -18"><span class='ocrx_word' id='word_1_693' title='bbox 2150 2182 2575 2253; x_wconf 86' lang='grc' dir='ltr'>φιλανθρωπίαν.</span> <span class='ocrx_word' id='word_1_694' title='bbox 2602 2181 2863 2250; x_wconf 88' lang='grc' dir='ltr'>κάκείνης</span> <span class='ocrx_word' id='word_1_695' title='bbox 2883 2180 2981 2250; x_wconf 80' lang='grc' dir='ltr'>τὴν</span> <span class='ocrx_word' id='word_1_696' title='bbox 3002 2181 3185 2233; x_wconf 87' lang='grc' dir='ltr'>πίστιν</span> <span class='ocrx_word' id='word_1_697' title='bbox 3214 2178 3313 2249; x_wconf 83' lang='grc' dir='ltr'>τὴν</span> <span class='ocrx_word' id='word_1_698' title='bbox 3347 2178 3727 2250; x_wconf 56' lang='grc' dir='ltr'>ὑπερϐάλλοντι.</span> 
     </span>
    </p>
   </div>
   <div class='ocr_carea' id='block_1_90' title="bbox 2217 2257 3729 2332">
    <p class='ocr_par' dir='ltr' id='par_1_90' title="bbox 2217 2257 3729 2332">
     <span class='ocr_line' id='line_1_90' title="bbox 2217 2257 3729 2332; baseline -0.003 -17"><span class='ocrx_word' id='word_1_699' title='bbox 2217 2261 2258 2315; x_wconf 92' lang='grc' dir='ltr'>δ’</span> <span class='ocrx_word' id='word_1_700' title='bbox 2266 2304 2279 2317; x_wconf 93' lang='grc'>.</span> <span class='ocrx_word' id='word_1_701' title='bbox 2298 2261 2512 2331; x_wconf 90' lang='grc' dir='ltr'>Ταύτην</span> <span class='ocrx_word' id='word_1_702' title='bbox 2533 2261 2590 2314; x_wconf 82' lang='grc' dir='ltr'>δὲ</span> <span class='ocrx_word' id='word_1_703' title='bbox 2611 2262 2790 2315; x_wconf 80' lang='grc' dir='ltr'>πᾶσαν</span> <span class='ocrx_word' id='word_1_704' title='bbox 2803 2260 2901 2330; x_wconf 80' lang='grc' dir='ltr'>τὴν</span> <span class='ocrx_word' id='word_1_705' title='bbox 2928 2258 3167 2332; x_wconf 76' lang='grc' dir='ltr'>ἱστορίαν</span> <span class='ocrx_word' id='word_1_706' title='bbox 3185 2260 3264 2321; x_wconf 84' lang='grc' dir='ltr'>είς</span> <span class='ocrx_word' id='word_1_707' title='bbox 3286 2257 3457 2329; x_wconf 85' lang='grc' dir='ltr'>μέσον</span> <span class='ocrx_word' id='word_1_708' title='bbox 3480 2264 3729 2329; x_wconf 63' lang='grc' dir='ltr'>παραγιπὲ</span> 
     </span>
    </p>
   </div>
   <div class='ocr_carea' id='block_1_91' title="bbox 2148 2336 3723 2412">
    <p class='ocr_par' dir='ltr' id='par_1_91' title="bbox 2148 2336 3723 2412">
     <span class='ocr_line' id='line_1_91' title="bbox 2148 2336 3723 2412; baseline -0.004 -18"><span class='ocrx_word' id='word_1_709' title='bbox 2148 2341 2601 2412; x_wconf 69' lang='grc' dir='ltr'>¹ήναγκάσθημεν,</span> <span class='ocrx_word' id='word_1_710' title='bbox 2644 2340 2731 2393; x_wconf 81' lang='grc' dir='ltr'>ῖνα</span> <span class='ocrx_word' id='word_1_711' title='bbox 2766 2338 3027 2409; x_wconf 87' lang='grc' dir='ltr'>μάθωμεν</span> <span class='ocrx_word' id='word_1_712' title='bbox 3046 2379 3061 2404; x_wconf 95' lang='grc'>,</span> <span class='ocrx_word' id='word_1_713' title='bbox 3108 2338 3190 2391; x_wconf 80' lang='grc' dir='ltr'>ὅτι</span> <span class='ocrx_word' id='word_1_714' title='bbox 3218 2336 3316 2407; x_wconf 83' lang='grc' dir='ltr'>οὐχ</span> <span class='ocrx_word' id='word_1_715' title='bbox 3348 2336 3497 2390; x_wconf 82' lang='grc' dir='ltr'>οῦτω</span> <span class='ocrx_word' id='word_1_716' title='bbox 3520 2337 3580 2389; x_wconf 81' lang='grc' dir='ltr'>δι’</span> <span class='ocrx_word' id='word_1_717' title='bbox 3608 2338 3723 2406; x_wconf 44' lang='grc' dir='ltr'>ἑτέρῃ</span> 
     </span>
    </p>
   </div>
   <div class='ocr_carea' id='block_1_92' title="bbox 2150 2415 3729 2492">
    <p class='ocr_par' dir='ltr' id='par_1_92' title="bbox 2150 2415 3729 2492">
     <span class='ocr_line' id='line_1_92' title="bbox 2150 2415 3729 2492; baseline -0.005 -18"><span class='ocrx_word' id='word_1_718' title='bbox 2150 2419 2592 2492; x_wconf 87' lang='grc' dir='ltr'>παρακαλοῦντες</span> <span class='ocrx_word' id='word_1_719' title='bbox 2619 2416 2854 2488; x_wconf 88' lang='grc' dir='ltr'>ἀνύομεν</span> <span class='ocrx_word' id='word_1_720' title='bbox 2876 2454 2893 2481; x_wconf 92' lang='grc'>,</span> <span class='ocrx_word' id='word_1_721' title='bbox 2931 2415 3004 2480; x_wconf 86' lang='grc' dir='ltr'>ὼς</span> <span class='ocrx_word' id='word_1_722' title='bbox 3029 2416 3181 2469; x_wconf 78' lang='grc' dir='ltr'>αὐτοὶ</span> <span class='ocrx_word' id='word_1_723' title='bbox 3213 2416 3281 2469; x_wconf 86' lang='grc' dir='ltr'>δι’</span> <span class='ocrx_word' id='word_1_724' title='bbox 3311 2415 3559 2477; x_wconf 80' lang='grc' dir='ltr'>ἑαυτῶν,</span> <span class='ocrx_word' id='word_1_725' title='bbox 3598 2417 3729 2467; x_wconf 71' lang='grc' dir='ltr'>ἐπειῶ</span> 
     </span>
    </p>
   </div>
   <div class='ocr_carea' id='block_1_93' title="bbox 2154 2497 3729 2571">
    <p class='ocr_par' dir='ltr' id='par_1_93' title="bbox 2154 2497 3729 2571">
     <span class='ocr_line' id='line_1_93' title="bbox 2154 2497 3729 2571; baseline -0.004 -18"><span class='ocrx_word' id='word_1_726' title='bbox 2154 2501 2290 2570; x_wconf 89' lang='grc' dir='ltr'>μετά</span> <span class='ocrx_word' id='word_1_727' title='bbox 2314 2500 2642 2571; x_wconf 88' lang='grc' dir='ltr'>θερμότητος</span> <span class='ocrx_word' id='word_1_728' title='bbox 2658 2497 2969 2569; x_wconf 89' lang='grc' dir='ltr'>προσίωμεν</span> <span class='ocrx_word' id='word_1_729' title='bbox 2992 2498 3086 2551; x_wconf 89' lang='grc' dir='ltr'>καὶ</span> <span class='ocrx_word' id='word_1_730' title='bbox 3104 2497 3543 2567; x_wconf 83' lang='grc' dir='ltr'>διεγηγερμένης</span> <span class='ocrx_word' id='word_1_731' title='bbox 3561 2497 3729 2548; x_wconf 70' lang='grc' dir='ltr'>διανοίεε</span> 
     </span>
    </p>
   </div>
   <div class='ocr_carea' id='block_1_94' title="bbox 2150 2574 3727 2650">
    <p class='ocr_par' dir='ltr' id='par_1_94' title="bbox 2150 2574 3727 2650">
     <span class='ocr_line' id='line_1_94' title="bbox 2150 2574 3727 2650; baseline -0.004 -18"><span class='ocrx_word' id='word_1_732' title='bbox 2150 2578 2282 2632; x_wconf 83' lang='grc' dir='ltr'>Ἰδοὺ</span> <span class='ocrx_word' id='word_1_733' title='bbox 2304 2579 2410 2650; x_wconf 84' lang='grc' dir='ltr'>γὰρ</span> <span class='ocrx_word' id='word_1_734' title='bbox 2437 2578 2575 2649; x_wconf 86' lang='grc' dir='ltr'>αῦτη</span> <span class='ocrx_word' id='word_1_735' title='bbox 2600 2577 2832 2640; x_wconf 76' lang='grc' dir='ltr'>καὶτοὺς</span> <span class='ocrx_word' id='word_1_736' title='bbox 2855 2575 3104 2648; x_wconf 85' lang='grc' dir='ltr'>μαθητὰς</span> <span class='ocrx_word' id='word_1_737' title='bbox 3130 2576 3328 2646; x_wconf 80' lang='grc' dir='ltr'>ἔχουσα</span> <span class='ocrx_word' id='word_1_738' title='bbox 3356 2575 3503 2645; x_wconf 79' lang='grc' dir='ltr'>ὑπὲρ</span> <span class='ocrx_word' id='word_1_739' title='bbox 3524 2574 3664 2643; x_wconf 67' lang='grc' dir='ltr'>αὐτῆς</span> <span class='ocrx_word' id='word_1_740' title='bbox 3680 2577 3727 2625; x_wconf 72' lang='grc' dir='ltr'>ξε</span> 
     </span>
    </p>
   </div>
   <div class='ocr_carea' id='block_1_95' title="bbox 2149 2652 3730 2723">
    <p class='ocr_par' dir='ltr' id='par_1_95' title="bbox 2149 2652 3730 2723">
     <span class='ocr_line' id='line_1_95' title="bbox 2149 2652 3730 2723; baseline -0.004 -13"><span class='ocrx_word' id='word_1_741' title='bbox 2149 2656 2403 2721; x_wconf 87' lang='grc' dir='ltr'>τεύοντας</span> <span class='ocrx_word' id='word_1_742' title='bbox 2431 2656 2583 2710; x_wconf 82' lang='grc' dir='ltr'>οὐδὲν</span> <span class='ocrx_word' id='word_1_743' title='bbox 2619 2654 2779 2707; x_wconf 90' lang='grc' dir='ltr'>πλέον</span> <span class='ocrx_word' id='word_1_744' title='bbox 2823 2652 3017 2708; x_wconf 90' lang='grc' dir='ltr'>ἀνύσαι</span> <span class='ocrx_word' id='word_1_745' title='bbox 3055 2652 3318 2723; x_wconf 71' lang='grc' dir='ltr'>ἠδυνήθη,</span> <span class='ocrx_word' id='word_1_746' title='bbox 3356 2652 3730 2723; x_wconf 53' lang='grc' dir='ltr'>μέχριςὸτεαξέ</span> 
     </span>
    </p>
   </div>
   <div class='ocr_carea' id='block_1_96' title="bbox 2150 2730 3729 2805">
    <p class='ocr_par' dir='ltr' id='par_1_96' title="bbox 2150 2730 3729 2805">
     <span class='ocr_line' id='line_1_96' title="bbox 2150 2730 3729 2805; baseline -0.004 -16"><span class='ocrx_word' id='word_1_747' title='bbox 2150 2736 2215 2789; x_wconf 80' lang='grc' dir='ltr'>δι’</span> <span class='ocrx_word' id='word_1_748' title='bbox 2240 2735 2438 2804; x_wconf 80' lang='grc' dir='ltr'>ἑαυτῆς</span> <span class='ocrx_word' id='word_1_749' title='bbox 2477 2733 2858 2805; x_wconf 87' lang='grc' dir='ltr'>παραμείνασα</span> <span class='ocrx_word' id='word_1_750' title='bbox 2895 2731 2994 2802; x_wconf 85' lang='grc' dir='ltr'>τὴν</span> <span class='ocrx_word' id='word_1_751' title='bbox 3023 2730 3434 2803; x_wconf 86' lang='grc' dir='ltr'>φιλανθρωπίαν</span> <span class='ocrx_word' id='word_1_752' title='bbox 3472 2733 3729 2785; x_wconf 58' lang='grc' dir='ltr'>ἐπεστάτει</span> 
     </span>
    </p>
   </div>
   <div class='ocr_carea' id='block_1_97' title="bbox 2150 2810 3729 2883">
    <p class='ocr_par' dir='ltr' id='par_1_97' title="bbox 2150 2810 3729 2883">
     <span class='ocr_line' id='line_1_97' title="bbox 2150 2810 3729 2883; baseline -0.005 -16"><span class='ocrx_word' id='word_1_753' title='bbox 2150 2814 2243 2868; x_wconf 87' lang='grc' dir='ltr'>τοῦ</span> <span class='ocrx_word' id='word_1_754' title='bbox 2269 2814 2557 2867; x_wconf 80' lang='grc' dir='ltr'>Δεσπότου.</span> <span class='ocrx_word' id='word_1_755' title='bbox 2599 2810 2706 2866; x_wconf 83' lang='grc' dir='ltr'>Καὶ</span> <span class='ocrx_word' id='word_1_756' title='bbox 2745 2813 2775 2881; x_wconf 91' lang='grc' dir='ltr'>ή</span> <span class='ocrx_word' id='word_1_757' title='bbox 2805 2810 3084 2883; x_wconf 81' lang='grc' dir='ltr'>παραϐολὴ</span> <span class='ocrx_word' id='word_1_758' title='bbox 3111 2811 3168 2865; x_wconf 83' lang='grc' dir='ltr'>δὲ</span> <span class='ocrx_word' id='word_1_759' title='bbox 3193 2811 3379 2881; x_wconf 88' lang='grc' dir='ltr'>ἐκείνη</span> <span class='ocrx_word' id='word_1_760' title='bbox 3408 2811 3510 2864; x_wconf 87' lang='grc' dir='ltr'>τοῦ</span> <span class='ocrx_word' id='word_1_761' title='bbox 3547 2812 3673 2879; x_wconf 68' lang='grc' dir='ltr'>φίλου</span> <span class='ocrx_word' id='word_1_762' title='bbox 3692 2812 3729 2860; x_wconf 44' lang='grc' dir='ltr'>πή</span> 
     </span>
    </p>
   </div>
   <div class='ocr_carea' id='block_1_98' title="bbox 2152 2890 3729 2964">
    <p class='ocr_par' dir='ltr' id='par_1_98' title="bbox 2152 2890 3729 2964">
     <span class='ocr_line' id='line_1_98' title="bbox 2152 2890 3729 2964; baseline -0.006 -17"><span class='ocrx_word' id='word_1_763' title='bbox 2152 2894 2291 2964; x_wconf 90' lang='grc' dir='ltr'>ἀωρὶ</span> <span class='ocrx_word' id='word_1_764' title='bbox 2314 2893 2412 2961; x_wconf 78' lang='grc' dir='ltr'>τῆς</span> <span class='ocrx_word' id='word_1_765' title='bbox 2435 2892 2624 2954; x_wconf 83' lang='grc' dir='ltr'>νυκτὸς</span> <span class='ocrx_word' id='word_1_766' title='bbox 2658 2890 3121 2961; x_wconf 88' lang='grc' dir='ltr'>παραγενομένου,</span> <span class='ocrx_word' id='word_1_767' title='bbox 3158 2890 3252 2943; x_wconf 89' lang='grc' dir='ltr'>καὶ</span> <span class='ocrx_word' id='word_1_768' title='bbox 3288 2891 3416 2952; x_wconf 78' lang='grc' dir='ltr'>τοὺς</span> <span class='ocrx_word' id='word_1_769' title='bbox 3440 2892 3586 2960; x_wconf 86' lang='grc' dir='ltr'>τρεῖς</span> <span class='ocrx_word' id='word_1_770' title='bbox 3618 2892 3729 2957; x_wconf 49' lang='lat' dir='ltr'>«ipr</span> 
     </span>
    </p>
   </div>
   <div class='ocr_carea' id='block_1_99' title="bbox 2153 2968 3729 3041">
    <p class='ocr_par' dir='ltr' id='par_1_99' title="bbox 2153 2968 3729 3041">
     <span class='ocr_line' id='line_1_99' title="bbox 2153 2968 3729 3041; baseline -0.006 -17"><span class='ocrx_word' id='word_1_771' title='bbox 2153 2974 2492 3041; x_wconf 79' lang='grc' dir='ltr'>αἰτήσαντος,</span> <span class='ocrx_word' id='word_1_772' title='bbox 2526 2968 2587 3022; x_wconf 83' lang='grc' dir='ltr'>τὸ</span> <span class='ocrx_word' id='word_1_773' title='bbox 2624 2968 2754 3021; x_wconf 75' lang='grc' dir='ltr'>αὐτὸ</span> <span class='ocrx_word' id='word_1_774' title='bbox 2786 2968 3099 3023; x_wconf 75' lang='grc' dir='ltr'>αἰνίττεται.</span> <span class='ocrx_word' id='word_1_775' title='bbox 3132 2970 3201 3022; x_wconf 74' lang='lat' dir='ltr'>El</span> <span class='ocrx_word' id='word_1_776' title='bbox 3243 2968 3353 3037; x_wconf 73' lang='grc' dir='ltr'>γὰρ</span> <span class='ocrx_word' id='word_1_777' title='bbox 3385 2968 3489 3021; x_wconf 78' lang='grc' dir='ltr'>καί</span> <span class='ocrx_word' id='word_1_778' title='bbox 3518 2968 3598 3037; x_wconf 78' lang='grc' dir='ltr'>μὴ</span> <span class='ocrx_word' id='word_1_779' title='bbox 3626 2969 3729 3021; x_wconf 67' lang='grc' dir='ltr'>ὄιος</span> 
     </span>
    </p>
   </div>
   <div class='ocr_carea' id='block_1_100' title="bbox 2153 3045 3729 3121">
    <p class='ocr_par' dir='ltr' id='par_1_100' title="bbox 2153 3045 3729 3121">
     <span class='ocr_line' id='line_1_100' title="bbox 2153 3045 3729 3121; baseline -0.003 -19"><span class='ocrx_word' id='word_1_780' title='bbox 2153 3052 2329 3121; x_wconf 74' lang='grc' dir='ltr'>φίλος</span> <span class='ocrx_word' id='word_1_781' title='bbox 2351 3048 2536 3103; x_wconf 86' lang='grc' dir='ltr'>αὑτοῦ</span> <span class='ocrx_word' id='word_1_782' title='bbox 2557 3045 2728 3114; x_wconf 78' lang='grc' dir='ltr'>εἶναι,</span> <span class='ocrx_word' id='word_1_783' title='bbox 2762 3047 2952 3118; x_wconf 85' lang='grc' dir='ltr'>φησὶν,</span> <span class='ocrx_word' id='word_1_784' title='bbox 2977 3048 3309 3103; x_wconf 82' lang='grc' dir='ltr'>ὑπακούσει</span> <span class='ocrx_word' id='word_1_785' title='bbox 3342 3048 3529 3112; x_wconf 83' lang='grc' dir='ltr'>αὐτῷ,</span> <span class='ocrx_word' id='word_1_786' title='bbox 3557 3048 3638 3101; x_wconf 84' lang='grc' dir='ltr'>διὰ</span> <span class='ocrx_word' id='word_1_787' title='bbox 3662 3048 3729 3115; x_wconf 56' lang='grc' dir='ltr'>γίὴ</span> 
     </span>
    </p>
   </div>
   <div class='ocr_carea' id='block_1_101' title="bbox 2154 3125 3727 3199">
    <p class='ocr_par' dir='ltr' id='par_1_101' title="bbox 2154 3125 3727 3199">
     <span class='ocr_line' id='line_1_101' title="bbox 2154 3125 3727 3199; baseline -0.006 -15"><span class='ocrx_word' id='word_1_788' title='bbox 2154 3131 2268 3199; x_wconf 75' lang='grc' dir='ltr'>τὴν</span> <span class='ocrx_word' id='word_1_789' title='bbox 2303 3129 2611 3184; x_wconf 83' lang='grc' dir='ltr'>ἀναίδειαν</span> <span class='ocrx_word' id='word_1_790' title='bbox 2646 3125 2833 3182; x_wconf 85' lang='grc' dir='ltr'>αὑτοῦ</span> <span class='ocrx_word' id='word_1_791' title='bbox 2862 3126 3133 3193; x_wconf 83' lang='grc' dir='ltr'>ἀναστὰς</span> <span class='ocrx_word' id='word_1_792' title='bbox 3171 3125 3367 3180; x_wconf 85' lang='grc' dir='ltr'>δώσει.</span> <span class='ocrx_word' id='word_1_793' title='bbox 3404 3128 3615 3189; x_wconf 79' lang='grc' dir='ltr'>Εξδότες</span> <span class='ocrx_word' id='word_1_794' title='bbox 3634 3130 3727 3179; x_wconf 56' lang='lat' dir='ltr'>mir:</span> 
     </span>
    </p>
   </div>
   <div class='ocr_carea' id='block_1_102' title="bbox 2154 3206 3727 3281">
    <p class='ocr_par' dir='ltr' id='par_1_102' title="bbox 2154 3206 3727 3281">
     <span class='ocr_line' id='line_1_102' title="bbox 2154 3206 3727 3281; baseline -0.007 -17"><span class='ocrx_word' id='word_1_795' title='bbox 2154 3210 2252 3281; x_wconf 76' lang='grc' dir='ltr'>τὴν</span> <span class='ocrx_word' id='word_1_796' title='bbox 2272 3210 2475 3279; x_wconf 80' lang='grc' dir='ltr'>ἄφατον</span> <span class='ocrx_word' id='word_1_797' title='bbox 2502 3207 2907 3278; x_wconf 83' lang='grc' dir='ltr'>φιλανθρωπίαν</span> <span class='ocrx_word' id='word_1_798' title='bbox 2926 3206 3019 3260; x_wconf 88' lang='grc' dir='ltr'>τοῦ</span> <span class='ocrx_word' id='word_1_799' title='bbox 3045 3209 3078 3276; x_wconf 92' lang='grc' dir='ltr'>ή</span> <span class='ocrx_word' id='word_1_800' title='bbox 3086 3207 3211 3277; x_wconf 89' lang='grc' dir='ltr'>μετέ</span> <span class='ocrx_word' id='word_1_801' title='bbox 3220 3223 3312 3279; x_wconf 89' lang='grc' dir='ltr'>ρου</span> <span class='ocrx_word' id='word_1_802' title='bbox 3332 3209 3397 3258; x_wconf 93' lang='grc' dir='ltr'>Δε</span> <span class='ocrx_word' id='word_1_803' title='bbox 3406 3207 3622 3265; x_wconf 74' lang='grc' dir='ltr'>σπὸτου,</span> <span class='ocrx_word' id='word_1_804' title='bbox 3643 3221 3727 3273; x_wconf 59' lang='grc' dir='ltr'>τρες</span> 
     </span>
    </p>
   </div>
   <div class='ocr_carea' id='block_1_103' title="bbox 2160 3284 3727 3360">
    <p class='ocr_par' dir='ltr' id='par_1_103' title="bbox 2160 3284 3727 3360">
     <span class='ocr_line' id='line_1_103' title="bbox 2160 3284 3727 3360; baseline -0.007 -16"><span class='ocrx_word' id='word_1_805' title='bbox 2160 3290 2325 3360; x_wconf 90' lang='grc' dir='ltr'>ίωμεν</span> <span class='ocrx_word' id='word_1_806' title='bbox 2358 3288 2527 3359; x_wconf 81' lang='grc' dir='ltr'>αὐτῷ,</span> <span class='ocrx_word' id='word_1_807' title='bbox 2560 3286 2886 3351; x_wconf 89' lang='grc' dir='ltr'>δεικνύντες,</span> <span class='ocrx_word' id='word_1_808' title='bbox 2917 3288 3012 3341; x_wconf 89' lang='grc' dir='ltr'>καὶ</span> <span class='ocrx_word' id='word_1_809' title='bbox 3049 3288 3332 3357; x_wconf 89' lang='grc' dir='ltr'>μονονουχὶ</span> <span class='ocrx_word' id='word_1_810' title='bbox 3363 3287 3476 3356; x_wconf 83' lang='grc' dir='ltr'>πρὸ</span> <span class='ocrx_word' id='word_1_811' title='bbox 3502 3286 3606 3339; x_wconf 86' lang='grc' dir='ltr'>τῶν</span> <span class='ocrx_word' id='word_1_812' title='bbox 3627 3284 3727 3351; x_wconf 60' lang='grc' dir='ltr'>ἐρεθί]</span> 
     </span>
    </p>
   </div>
   <div class='ocr_carea' id='block_1_104' title="bbox 2161 3362 3727 3441">
    <p class='ocr_par' dir='ltr' id='par_1_104' title="bbox 2161 3362 3727 3441">
     <span class='ocr_line' id='line_1_104' title="bbox 2161 3362 3727 3441; baseline -0.004 -18"><span class='ocrx_word' id='word_1_813' title='bbox 2161 3369 2277 3441; x_wconf 89' lang='grc' dir='ltr'>μῶν</span> <span class='ocrx_word' id='word_1_814' title='bbox 2308 3368 2417 3422; x_wconf 89' lang='grc' dir='ltr'>τῶν</span> <span class='ocrx_word' id='word_1_815' title='bbox 2442 3368 2727 3439; x_wconf 89' lang='grc' dir='ltr'>ήμετέρων</span> <span class='ocrx_word' id='word_1_816' title='bbox 2758 3366 3103 3438; x_wconf 91' lang='grc' dir='ltr'>προτιθέντες</span> <span class='ocrx_word' id='word_1_817' title='bbox 3131 3368 3255 3420; x_wconf 77' lang='grc' dir='ltr'>κατ’</span> <span class='ocrx_word' id='word_1_818' title='bbox 3280 3362 3424 3429; x_wconf 75' lang='grc' dir='ltr'>εἶδος</span> <span class='ocrx_word' id='word_1_819' title='bbox 3457 3366 3667 3418; x_wconf 76' lang='grc' dir='ltr'>ἕκαστον</span> 
     </span>
    </p>
   </div>
   <div class='ocr_carea' id='block_1_105' title="bbox 2157 3444 3727 3520">
    <p class='ocr_par' dir='ltr' id='par_1_105' title="bbox 2157 3444 3727 3520">
     <span class='ocr_line' id='line_1_105' title="bbox 2157 3444 3727 3520; baseline -0.006 -18"><span class='ocrx_word' id='word_1_820' title='bbox 2157 3451 2287 3520; x_wconf 91' lang='grc' dir='ltr'>ήμῖν</span> <span class='ocrx_word' id='word_1_821' title='bbox 2317 3448 2494 3518; x_wconf 88' lang='grc' dir='ltr'>πεπλη</span> <span class='ocrx_word' id='word_1_822' title='bbox 2504 3446 2680 3518; x_wconf 89' lang='grc' dir='ltr'>μμελη</span> <span class='ocrx_word' id='word_1_823' title='bbox 2690 3447 2886 3517; x_wconf 84' lang='grc' dir='ltr'>μένων,</span> <span class='ocrx_word' id='word_1_824' title='bbox 2912 3446 3005 3500; x_wconf 85' lang='grc' dir='ltr'>καὶ</span> <span class='ocrx_word' id='word_1_825' title='bbox 3026 3445 3123 3516; x_wconf 76' lang='grc' dir='ltr'>τὴν</span> <span class='ocrx_word' id='word_1_826' title='bbox 3146 3446 3285 3516; x_wconf 74' lang='grc' dir='ltr'>ὑπὲρ</span> <span class='ocrx_word' id='word_1_827' title='bbox 3305 3444 3419 3497; x_wconf 87' lang='grc' dir='ltr'>τῶν</span> <span class='ocrx_word' id='word_1_828' title='bbox 3448 3444 3727 3515; x_wconf 63' lang='grc' dir='ltr'>παρελθόντε</span> 
     </span>
    </p>
   </div>
   <div class='ocr_carea' id='block_1_106' title="bbox 2160 3524 3727 3601">
    <p class='ocr_par' dir='ltr' id='par_1_106' title="bbox 2160 3524 3727 3601">
     <span class='ocr_line' id='line_1_106' title="bbox 2160 3524 3727 3601; baseline -0.004 -21"><span class='ocrx_word' id='word_1_829' title='bbox 2160 3527 2502 3601; x_wconf 84' lang='grc' dir='ltr'>συγχώρησιν</span> <span class='ocrx_word' id='word_1_830' title='bbox 2535 3526 2809 3599; x_wconf 70' lang='grc' dir='ltr'>αίτοῦντες</span> <span class='ocrx_word' id='word_1_831' title='bbox 2830 3564 2845 3589; x_wconf 96' lang='grc'>,</span> <span class='ocrx_word' id='word_1_832' title='bbox 2881 3526 2967 3579; x_wconf 87' lang='grc' dir='ltr'>ῖνα</span> <span class='ocrx_word' id='word_1_833' title='bbox 3000 3525 3093 3578; x_wconf 87' lang='grc' dir='ltr'>καὶ</span> <span class='ocrx_word' id='word_1_834' title='bbox 3122 3525 3202 3587; x_wconf 88' lang='grc' dir='ltr'>είς</span> <span class='ocrx_word' id='word_1_835' title='bbox 3236 3524 3298 3601; x_wconf 77' lang='grc' dir='ltr'>τδ</span> <span class='ocrx_word' id='word_1_836' title='bbox 3335 3524 3469 3593; x_wconf 76' lang='grc' dir='ltr'>ἑξῆς</span> <span class='ocrx_word' id='word_1_837' title='bbox 3501 3524 3673 3592; x_wconf 66' lang='grc' dir='ltr'>πολλὴν</span> 
     </span>
    </p>
   </div>
   <div class='ocr_carea' id='block_1_107' title="bbox 2158 3600 3727 3677">
    <p class='ocr_par' dir='ltr' id='par_1_107' title="bbox 2158 3600 3727 3677">
     <span class='ocr_line' id='line_1_107' title="bbox 2158 3600 3727 3677; baseline -0.008 -17"><span class='ocrx_word' id='word_1_838' title='bbox 2158 3600 2441 3677; x_wconf 88' lang='grc' dir='ltr'>ἀκρίϐειαν</span> <span class='ocrx_word' id='word_1_839' title='bbox 2477 3602 2891 3673; x_wconf 81' lang='grc' dir='ltr'>ἐπιδειξάμενοι,</span> <span class='ocrx_word' id='word_1_840' title='bbox 2924 3602 3141 3655; x_wconf 89' lang='grc' dir='ltr'>πλείονα</span> <span class='ocrx_word' id='word_1_841' title='bbox 3162 3601 3190 3641; x_wconf 73' lang='grc' dir='ltr'>ι’</span> <span class='ocrx_word' id='word_1_842' title='bbox 3232 3600 3329 3672; x_wconf 83' lang='grc' dir='ltr'>τὴν</span> <span class='ocrx_word' id='word_1_843' title='bbox 3372 3603 3512 3673; x_wconf 85' lang='grc' dir='ltr'>παρ’</span> <span class='ocrx_word' id='word_1_844' title='bbox 3542 3600 3677 3655; x_wconf 69' lang='grc' dir='ltr'>αύκῦ</span> <span class='ocrx_word' id='word_1_845' title='bbox 3700 3602 3727 3648; x_wconf 71' lang='grc' dir='ltr'>;ἒ</span> 
     </span>
    </p>
   </div>
   <div class='ocr_carea' id='block_1_108' title="bbox 2158 3677 3728 3751">
    <p class='ocr_par' dir='ltr' id='par_1_108' title="bbox 2158 3677 3728 3751">
     <span class='ocr_line' id='line_1_108' title="bbox 2158 3677 3728 3751; baseline -0.006 -14"><span class='ocrx_word' id='word_1_846' title='bbox 2158 3701 2304 3738; x_wconf 90' lang='grc' dir='ltr'>νοιαν</span> <span class='ocrx_word' id='word_1_847' title='bbox 2356 3679 2963 3751; x_wconf 77' lang='grc' dir='ltr'>ἐπισπασώμεθα.⁹Αλλ’</span> <span class='ocrx_word' id='word_1_848' title='bbox 2991 3677 3394 3748; x_wconf 84' lang='grc' dir='ltr'>ἐπανέλθωμεν,</span> <span class='ocrx_word' id='word_1_849' title='bbox 3447 3682 3498 3735; x_wconf 84' lang='grc' dir='ltr'>εί</span> <span class='ocrx_word' id='word_1_850' title='bbox 3531 3681 3675 3741; x_wconf 79' lang='grc' dir='ltr'>δοκεῖ,</span> <span class='ocrx_word' id='word_1_851' title='bbox 3699 3684 3728 3729; x_wconf 63' lang='grc' dir='ltr'>επ</span> 
     </span>
    </p>
   </div>
   <div class='ocr_carea' id='block_1_109' title="bbox 2158 3758 3727 3833">
    <p class='ocr_par' dir='ltr' id='par_1_109' title="bbox 2158 3758 3727 3833">
     <span class='ocr_line' id='line_1_109' title="bbox 2158 3758 3727 3833; baseline -0.005 -18"><span class='ocrx_word' id='word_1_852' title='bbox 2158 3762 2255 3833; x_wconf 80' lang='grc' dir='ltr'>τήν</span> <span class='ocrx_word' id='word_1_853' title='bbox 2311 3761 2629 3815; x_wconf 88' lang='grc' dir='ltr'>ἀκολουθίαν</span> <span class='ocrx_word' id='word_1_854' title='bbox 2680 3758 2775 3813; x_wconf 91' lang='grc' dir='ltr'>τοῦ</span> <span class='ocrx_word' id='word_1_855' title='bbox 2828 3758 3500 3828; x_wconf 78' lang='grc' dir='ltr'>ἀναγνώσματος.Ἀνέϐη</span> <span class='ocrx_word' id='word_1_856' title='bbox 3553 3759 3629 3821; x_wconf 76' lang='grc' dir='ltr'>δὲ,</span> <span class='ocrx_word' id='word_1_857' title='bbox 3660 3760 3727 3825; x_wconf 58' lang='grc' dir='ltr'>ςτὲ</span> 
     </span>
    </p>
   </div>
   <div class='ocr_carea' id='block_1_110' title="bbox 2160 3833 3727 3909">
    <p class='ocr_par' dir='ltr' id='par_1_110' title="bbox 2160 3833 3727 3909">
     <span class='ocr_line' id='line_1_110' title="bbox 2160 3833 3727 3909; baseline -0.008 -13"><span class='ocrx_word' id='word_1_858' title='bbox 2160 3840 2290 3896; x_wconf 85' lang='grc' dir='ltr'>Λὼτ</span> <span class='ocrx_word' id='word_1_859' title='bbox 2316 3842 2401 3906; x_wconf 80' lang='grc' dir='ltr'>εἰς</span> <span class='ocrx_word' id='word_1_860' title='bbox 2432 3838 2665 3909; x_wconf 78' lang='grc' dir='ltr'>Σηγὼρ,</span> <span class='ocrx_word' id='word_1_861' title='bbox 2695 3838 2791 3891; x_wconf 80' lang='grc' dir='ltr'>καὶ</span> <span class='ocrx_word' id='word_1_862' title='bbox 2821 3836 3074 3904; x_wconf 82' lang='grc' dir='ltr'>ἐκάθητο</span> <span class='ocrx_word' id='word_1_863' title='bbox 3096 3836 3165 3890; x_wconf 81' lang='grc' dir='ltr'>ἐν</span> <span class='ocrx_word' id='word_1_864' title='bbox 3196 3833 3274 3901; x_wconf 85' lang='grc' dir='ltr'>τῷ</span> <span class='ocrx_word' id='word_1_865' title='bbox 3304 3836 3463 3906; x_wconf 81' lang='grc' dir='ltr'>ὄρει,</span> <span class='ocrx_word' id='word_1_866' title='bbox 3508 3839 3599 3891; x_wconf 79' lang='grc' dir='ltr'>καί</span> <span class='ocrx_word' id='word_1_867' title='bbox 3621 3843 3666 3889; x_wconf 69' lang='lat' dir='ltr'>a1</span> <span class='ocrx_word' id='word_1_868' title='bbox 3689 3836 3727 3885; x_wconf 66' lang='grc' dir='ltr'>ίιῐ</span> 
     </span>
    </p>
   </div>
   <div class='ocr_carea' id='block_1_111' title="bbox 2160 3912 3728 3989">
    <p class='ocr_par' dir='ltr' id='par_1_111' title="bbox 2160 3912 3728 3989">
     <span class='ocr_line' id='line_1_111' title="bbox 2160 3912 3728 3989; baseline -0.006 -14"><span class='ocrx_word' id='word_1_869' title='bbox 2160 3919 2475 3989; x_wconf 73' lang='grc' dir='ltr'>θυγατέρες</span> <span class='ocrx_word' id='word_1_870' title='bbox 2507 3917 2693 3971; x_wconf 85' lang='grc' dir='ltr'>αὑτοῦ</span> <span class='ocrx_word' id='word_1_871' title='bbox 2712 3918 2840 3986; x_wconf 84' lang='grc' dir='ltr'>μετ’</span> <span class='ocrx_word' id='word_1_872' title='bbox 2864 3915 3051 3969; x_wconf 84' lang='grc' dir='ltr'>αὑτοῦ</span> <span class='ocrx_word' id='word_1_873' title='bbox 3070 3931 3083 3945; x_wconf 81' lang='grc'><em>’</em></span> <span class='ocrx_word' id='word_1_874' title='bbox 3107 3914 3507 3984; x_wconf 72' lang='grc' dir='ltr'>ἐφοϐήθησαν</span> <span class='ocrx_word' id='word_1_875' title='bbox 3538 3918 3635 3987; x_wconf 67' lang='grc' dir='ltr'>γύρ</span> <span class='ocrx_word' id='word_1_876' title='bbox 3656 3912 3728 3968; x_wconf 64' lang='grc' dir='ltr'>ιίιὲ</span> 
     </span>
    </p>
   </div>
   <div class='ocr_carea' id='block_1_112' title="bbox 2160 3992 3723 4066">
    <p class='ocr_par' dir='ltr' id='par_1_112' title="bbox 2160 3992 3723 4066">
     <span class='ocr_line' id='line_1_112' title="bbox 2160 3992 3723 4066; baseline -0.005 -13"><span class='ocrx_word' id='word_1_877' title='bbox 2160 4012 2263 4053; x_wconf 89' lang='grc' dir='ltr'>σαι</span> <span class='ocrx_word' id='word_1_878' title='bbox 2310 3999 2379 4052; x_wconf 77' lang='grc' dir='ltr'>ἐν</span> <span class='ocrx_word' id='word_1_879' title='bbox 2421 3996 2622 4066; x_wconf 69' lang='grc' dir='ltr'>Σηγιίῳ</span> <span class='ocrx_word' id='word_1_880' title='bbox 2643 4012 2660 4029; x_wconf 80' lang='lat'>&#39;</span> <span class='ocrx_word' id='word_1_881' title='bbox 2694 3996 2791 4049; x_wconf 83' lang='grc' dir='ltr'>καὶ</span> <span class='ocrx_word' id='word_1_882' title='bbox 2824 3997 3065 4063; x_wconf 80' lang='grc' dir='ltr'>ᾤκησεν</span> <span class='ocrx_word' id='word_1_883' title='bbox 3100 3994 3169 4048; x_wconf 86' lang='grc' dir='ltr'>ἐν</span> <span class='ocrx_word' id='word_1_884' title='bbox 3209 3992 3288 4059; x_wconf 85' lang='grc' dir='ltr'>τῷ</span> <span class='ocrx_word' id='word_1_885' title='bbox 3330 3998 3612 4063; x_wconf 78' lang='grc' dir='ltr'>σπηλαίῳ</span> <span class='ocrx_word' id='word_1_886' title='bbox 3637 3999 3723 4048; x_wconf 45' lang='lat' dir='ltr'>ait</span> 
     </span>
    </p>
   </div>
   <div class='ocr_carea' id='block_1_113' title="bbox 2160 4072 3726 4146">
    <p class='ocr_par' dir='ltr' id='par_1_113' title="bbox 2160 4072 3726 4146">
     <span class='ocr_line' id='line_1_113' title="bbox 2160 4072 3726 4146; baseline -0.003 -14"><span class='ocrx_word' id='word_1_887' title='bbox 2160 4079 2259 4133; x_wconf 78' lang='grc' dir='ltr'>καί</span> <span class='ocrx_word' id='word_1_888' title='bbox 2304 4081 2364 4131; x_wconf 92' lang='grc' dir='ltr'>αί</span> <span class='ocrx_word' id='word_1_889' title='bbox 2407 4077 2514 4131; x_wconf 82' lang='grc' dir='ltr'>δύο</span> <span class='ocrx_word' id='word_1_890' title='bbox 2561 4075 2875 4146; x_wconf 85' lang='grc' dir='ltr'>θυγατέρες</span> <span class='ocrx_word' id='word_1_891' title='bbox 2927 4075 3114 4129; x_wconf 85' lang='grc' dir='ltr'>αὐτοῦ</span> <span class='ocrx_word' id='word_1_892' title='bbox 3152 4072 3279 4143; x_wconf 83' lang='grc' dir='ltr'>μετ’</span> <span class='ocrx_word' id='word_1_893' title='bbox 3304 4075 3521 4129; x_wconf 82' lang='grc' dir='ltr'>αὑτοῦ.</span> <span class='ocrx_word' id='word_1_894' title='bbox 3558 4077 3726 4141; x_wconf 63' lang='grc' dir='ltr'>Ἐνικμιι</span> 
     </span>
    </p>
   </div>
   <div class='ocr_carea' id='block_1_114' title="bbox 2162 4154 3726 4227">
    <p class='ocr_par' dir='ltr' id='par_1_114' title="bbox 2162 4154 3726 4227">
     <span class='ocr_line' id='line_1_114' title="bbox 2162 4154 3726 4227; baseline -0.004 -15"><span class='ocrx_word' id='word_1_895' title='bbox 2162 4162 2321 4225; x_wconf 80' lang='grc' dir='ltr'>ζοντα</span> <span class='ocrx_word' id='word_1_896' title='bbox 2362 4157 2499 4227; x_wconf 79' lang='grc' dir='ltr'>ἔχων</span> <span class='ocrx_word' id='word_1_897' title='bbox 2531 4156 2609 4209; x_wconf 77' lang='grc' dir='ltr'>ἐτι</span> <span class='ocrx_word' id='word_1_898' title='bbox 2633 4157 2724 4208; x_wconf 84' lang='grc' dir='ltr'>τὸν</span> <span class='ocrx_word' id='word_1_899' title='bbox 2752 4155 2914 4224; x_wconf 82' lang='grc' dir='ltr'>φόϐον</span> <span class='ocrx_word' id='word_1_900' title='bbox 2940 4155 3041 4225; x_wconf 81' lang='grc' dir='ltr'>τῆς</span> <span class='ocrx_word' id='word_1_901' title='bbox 3069 4154 3337 4224; x_wconf 87' lang='grc' dir='ltr'>τιμωρίας</span> <span class='ocrx_word' id='word_1_902' title='bbox 3362 4156 3470 4225; x_wconf 80' lang='grc' dir='ltr'>τῆς</span> <span class='ocrx_word' id='word_1_903' title='bbox 3500 4157 3726 4225; x_wconf 50' lang='lat' dir='ltr'>inﬁxi:</span> 
     </span>
    </p>
   </div>
   <div class='ocr_carea' id='block_1_115' title="bbox 2160 4234 3725 4305">
    <p class='ocr_par' dir='ltr' id='par_1_115' title="bbox 2160 4234 3725 4305">
     <span class='ocr_line' id='line_1_115' title="bbox 2160 4234 3725 4305; baseline -0.005 -14"><span class='ocrx_word' id='word_1_904' title='bbox 2160 4242 2272 4301; x_wconf 89' lang='grc' dir='ltr'>τοῖς</span> <span class='ocrx_word' id='word_1_905' title='bbox 2309 4238 2446 4291; x_wconf 85' lang='grc' dir='ltr'>κατά</span> <span class='ocrx_word' id='word_1_906' title='bbox 2489 4237 2555 4289; x_wconf 87' lang='grc' dir='ltr'>τά</span> <span class='ocrx_word' id='word_1_907' title='bbox 2594 4235 2819 4305; x_wconf 79' lang='grc' dir='ltr'>Σόδομα,</span> <span class='ocrx_word' id='word_1_908' title='bbox 2847 4234 3129 4305; x_wconf 78' lang='grc' dir='ltr'>πόρρωθεν</span> <span class='ocrx_word' id='word_1_909' title='bbox 3170 4235 3390 4288; x_wconf 78' lang='grc' dir='ltr'>ἄπεισιν</span> <span class='ocrx_word' id='word_1_910' title='bbox 3419 4236 3449 4287; x_wconf 86' lang='grc' dir='ltr'>ὁ</span> <span class='ocrx_word' id='word_1_911' title='bbox 3475 4236 3725 4297; x_wconf 38' lang='lat' dir='ltr'>“tagax:</span> 
     </span>
    </p>
   </div>
   <div class='ocr_carea' id='block_1_116' title="bbox 2162 4311 3725 4386">
    <p class='ocr_par' dir='ltr' id='par_1_116' title="bbox 2162 4311 3725 4386">
     <span class='ocr_line' id='line_1_116' title="bbox 2162 4311 3725 4386; baseline -0.005 -17"><span class='ocrx_word' id='word_1_912' title='bbox 2162 4319 2241 4380; x_wconf 81' lang='grc' dir='ltr'>εἰς</span> <span class='ocrx_word' id='word_1_913' title='bbox 2282 4316 2341 4368; x_wconf 81' lang='grc' dir='ltr'>τὸ</span> <span class='ocrx_word' id='word_1_914' title='bbox 2373 4316 2528 4386; x_wconf 74' lang='grc' dir='ltr'>ὅρος,</span> <span class='ocrx_word' id='word_1_915' title='bbox 2566 4316 2716 4384; x_wconf 85' lang='grc' dir='ltr'>φησὶ,</span> <span class='ocrx_word' id='word_1_916' title='bbox 2748 4317 2988 4367; x_wconf 88' lang='grc' dir='ltr'>κατοικεῖ</span> <span class='ocrx_word' id='word_1_917' title='bbox 3027 4312 3164 4383; x_wconf 87' lang='grc' dir='ltr'>μετά</span> <span class='ocrx_word' id='word_1_918' title='bbox 3206 4312 3315 4365; x_wconf 89' lang='grc' dir='ltr'>τῶν</span> <span class='ocrx_word' id='word_1_919' title='bbox 3354 4311 3678 4384; x_wconf 67' lang='grc' dir='ltr'>θυγατέρωρ,</span> <span class='ocrx_word' id='word_1_920' title='bbox 3706 4332 3725 4362; x_wconf 73' lang='lat' dir='ltr'><strong><em>n</em></strong></span> 
     </span>
    </p>
   </div>
   <div class='ocr_carea' id='block_1_117' title="bbox 2162 4390 3725 4467">
    <p class='ocr_par' dir='ltr' id='par_1_117' title="bbox 2162 4390 3725 4467">
     <span class='ocr_line' id='line_1_117' title="bbox 2162 4390 3725 4467; baseline -0.006 -17"><span class='ocrx_word' id='word_1_921' title='bbox 2162 4399 2219 4450; x_wconf 94' lang='grc' dir='ltr'>ἐν</span> <span class='ocrx_word' id='word_1_922' title='bbox 2242 4395 2445 4467; x_wconf 74' lang='grc' dir='ltr'>ἐρημίᾳ</span> <span class='ocrx_word' id='word_1_923' title='bbox 2470 4394 2671 4465; x_wconf 85' lang='grc' dir='ltr'>ἐσχάτῃ</span> <span class='ocrx_word' id='word_1_924' title='bbox 2700 4394 2791 4447; x_wconf 89' lang='grc' dir='ltr'>καὶ</span> <span class='ocrx_word' id='word_1_925' title='bbox 2814 4392 3044 4463; x_wconf 88' lang='grc' dir='ltr'>μονώσει</span> <span class='ocrx_word' id='word_1_926' title='bbox 3071 4392 3253 4446; x_wconf 83' lang='grc' dir='ltr'>λοιπὸν</span> <span class='ocrx_word' id='word_1_927' title='bbox 3269 4391 3537 4463; x_wconf 83' lang='grc' dir='ltr'>ἐτύγχανε</span> <span class='ocrx_word' id='word_1_928' title='bbox 3562 4398 3675 4463; x_wconf 67' lang='grc' dir='ltr'>μετὰ</span> <span class='ocrx_word' id='word_1_929' title='bbox 3694 4390 3725 4440; x_wconf 58' lang='grc' dir='ltr'>τί</span> 
     </span>
    </p>
   </div>
   <div class='ocr_carea' id='block_1_118' title="bbox 2161 4468 3725 4544">
    <p class='ocr_par' dir='ltr' id='par_1_118' title="bbox 2161 4468 3725 4544">
     <span class='ocr_line' id='line_1_118' title="bbox 2161 4468 3725 4544; baseline -0.006 -14"><span class='ocrx_word' id='word_1_930' title='bbox 2161 4475 2254 4530; x_wconf 92' lang='grc' dir='ltr'>δύο</span> <span class='ocrx_word' id='word_1_931' title='bbox 2291 4474 2599 4544; x_wconf 87' lang='grc' dir='ltr'>θυγατέρων</span> <span class='ocrx_word' id='word_1_932' title='bbox 2642 4475 2699 4526; x_wconf 90' lang='grc' dir='ltr'>ἐν</span> <span class='ocrx_word' id='word_1_933' title='bbox 2731 4471 2808 4543; x_wconf 83' lang='grc' dir='ltr'>τῷ</span> <span class='ocrx_word' id='word_1_934' title='bbox 2848 4473 2963 4543; x_wconf 79' lang='grc' dir='ltr'>δρει</span> <span class='ocrx_word' id='word_1_935' title='bbox 3015 4472 3303 4526; x_wconf 90' lang='grc' dir='ltr'>κατοικῶν.</span> <span class='ocrx_word' id='word_1_936' title='bbox 3333 4468 3489 4527; x_wconf 58' lang='lat' dir='ltr'>Ehe</span> <span class='ocrx_word' id='word_1_937' title='bbox 3518 4473 3604 4536; x_wconf 72' lang='grc' dir='ltr'>δὲ,</span> <span class='ocrx_word' id='word_1_938' title='bbox 3640 4488 3725 4539; x_wconf 24' lang='grc' dir='ltr'>ςγιτς</span> 
     </span>
    </p>
   </div>
   <div class='ocr_carea' id='block_1_119' title="bbox 2162 4546 3725 4623">
    <p class='ocr_par' dir='ltr' id='par_1_119' title="bbox 2162 4546 3725 4623">
     <span class='ocr_line' id='line_1_119' title="bbox 2162 4546 3725 4623; baseline -0.004 -15"><span class='ocrx_word' id='word_1_939' title='bbox 2162 4557 2200 4622; x_wconf 76' lang='grc' dir='ltr'><em>ἠ</em></span> <span class='ocrx_word' id='word_1_940' title='bbox 2232 4552 2599 4622; x_wconf 81' lang='grc' dir='ltr'>πρεσϐυτέρα</span> <span class='ocrx_word' id='word_1_941' title='bbox 2626 4552 2776 4618; x_wconf 84' lang='grc' dir='ltr'>πρὸς</span> <span class='ocrx_word' id='word_1_942' title='bbox 2812 4553 2926 4623; x_wconf 65' lang='grc' dir='ltr'>τὴν</span> <span class='ocrx_word' id='word_1_943' title='bbox 2961 4551 3279 4619; x_wconf 87' lang='grc' dir='ltr'>νεωτέραν·</span> <span class='ocrx_word' id='word_1_944' title='bbox 3320 4550 3384 4604; x_wconf 86' lang='lat'>&#39;0</span> <span class='ocrx_word' id='word_1_945' title='bbox 3426 4553 3619 4620; x_wconf 78' lang='grc' dir='ltr'>πατὴρ</span> <span class='ocrx_word' id='word_1_946' title='bbox 3654 4546 3725 4617; x_wconf 62' lang='grc' dir='ltr'>ἠμί</span> 
     </span>
    </p>
   </div>
   <div class='ocr_carea' id='block_1_120' title="bbox 2163 4629 3725 4701">
    <p class='ocr_par' dir='ltr' id='par_1_120' title="bbox 2163 4629 3725 4701">
     <span class='ocr_line' id='line_1_120' title="bbox 2163 4629 3725 4701; baseline -0.004 -16"><span class='ocrx_word' id='word_1_947' title='bbox 2163 4633 2579 4701; x_wconf 82' lang='grc' dir='ltr'>πρεσϐύτερος,</span> <span class='ocrx_word' id='word_1_948' title='bbox 2606 4632 2702 4685; x_wconf 80' lang='grc' dir='ltr'>καὶ</span> <span class='ocrx_word' id='word_1_949' title='bbox 2737 4631 2934 4698; x_wconf 82' lang='grc' dir='ltr'>οὐδείς</span> <span class='ocrx_word' id='word_1_950' title='bbox 2969 4631 3139 4686; x_wconf 87' lang='grc' dir='ltr'>ἐστιν</span> <span class='ocrx_word' id='word_1_951' title='bbox 3173 4631 3270 4684; x_wconf 75' lang='grc' dir='ltr'>ἐπὶ</span> <span class='ocrx_word' id='word_1_952' title='bbox 3313 4629 3424 4698; x_wconf 85' lang='grc' dir='ltr'>τῆς</span> <span class='ocrx_word' id='word_1_953' title='bbox 3452 4631 3588 4699; x_wconf 77' lang='grc' dir='ltr'>τῆς,</span> <span class='ocrx_word' id='word_1_954' title='bbox 3612 4630 3663 4692; x_wconf 74' lang='grc' dir='ltr'>ὃς</span> <span class='ocrx_word' id='word_1_955' title='bbox 3686 4634 3725 4679; x_wconf 67' lang='grc' dir='ltr'>ε’]</span> 
     </span>
    </p>
   </div>
   <div class='ocr_carea' id='block_1_121' title="bbox 2162 4708 3725 4778">
    <p class='ocr_par' dir='ltr' id='par_1_121' title="bbox 2162 4708 3725 4778">
     <span class='ocr_line' id='line_1_121' title="bbox 2162 4708 3725 4778; baseline -0.003 -13"><span class='ocrx_word' id='word_1_956' title='bbox 2162 4712 2471 4766; x_wconf 86' lang='grc' dir='ltr'>ελεύσεται</span> <span class='ocrx_word' id='word_1_957' title='bbox 2522 4708 2672 4777; x_wconf 85' lang='grc' dir='ltr'>πρὸς</span> <span class='ocrx_word' id='word_1_958' title='bbox 2724 4708 2899 4778; x_wconf 78' lang='grc' dir='ltr'>ἡμᾶς,</span> <span class='ocrx_word' id='word_1_959' title='bbox 2940 4712 3020 4775; x_wconf 87' lang='grc' dir='ltr'>ὡς</span> <span class='ocrx_word' id='word_1_960' title='bbox 3073 4709 3319 4775; x_wconf 83' lang='grc' dir='ltr'>καθήκει</span> <span class='ocrx_word' id='word_1_961' title='bbox 3374 4709 3550 4776; x_wconf 78' lang='grc' dir='ltr'>πάσῃ</span> <span class='ocrx_word' id='word_1_962' title='bbox 3601 4708 3662 4773; x_wconf 69' lang='grc' dir='ltr'>τῇ</span> <span class='ocrx_word' id='word_1_963' title='bbox 3702 4724 3725 4769; x_wconf 63' lang='grc' dir='ltr'>τη</span> 
     </span>
    </p>
   </div>
   <div class='ocr_carea' id='block_1_122' title="bbox 2164 4783 3723 4857">
    <p class='ocr_par' dir='ltr' id='par_1_122' title="bbox 2164 4783 3723 4857">
     <span class='ocr_line' id='line_1_122' title="bbox 2164 4783 3723 4857; baseline -0.005 -13"><span class='ocrx_word' id='word_1_964' title='bbox 2164 4791 2383 4857; x_wconf 87' lang='grc' dir='ltr'>Δεῦρο,</span> <span class='ocrx_word' id='word_1_965' title='bbox 2441 4788 2538 4842; x_wconf 80' lang='grc' dir='ltr'>καὶ</span> <span class='ocrx_word' id='word_1_966' title='bbox 2588 4789 2925 4855; x_wconf 82' lang='grc' dir='ltr'>ποτίσωμεν</span> <span class='ocrx_word' id='word_1_967' title='bbox 2977 4789 3085 4842; x_wconf 85' lang='grc' dir='ltr'>τὸν</span> <span class='ocrx_word' id='word_1_968' title='bbox 3138 4787 3364 4856; x_wconf 84' lang='grc' dir='ltr'>πατέρα</span> <span class='ocrx_word' id='word_1_969' title='bbox 3408 4786 3585 4857; x_wconf 78' lang='grc' dir='ltr'>ἡμῶν</span> <span class='ocrx_word' id='word_1_970' title='bbox 3627 4783 3723 4839; x_wconf 60' lang='grc' dir='ltr'>τίπτε</span> 
     </span>
    </p>
   </div>
   <div class='ocr_carea' id='block_1_123' title="bbox 2164 4866 3723 4936">
    <p class='ocr_par' dir='ltr' id='par_1_123' title="bbox 2164 4866 3723 4936">
     <span class='ocr_line' id='line_1_123' title="bbox 2164 4866 3723 4936; baseline -0.004 -11"><span class='ocrx_word' id='word_1_971' title='bbox 2164 4869 2263 4925; x_wconf 77' lang='grc' dir='ltr'>καὶ</span> <span class='ocrx_word' id='word_1_972' title='bbox 2309 4867 2677 4936; x_wconf 81' lang='grc' dir='ltr'>κοιμηθῶμεν</span> <span class='ocrx_word' id='word_1_973' title='bbox 2714 4867 2842 4936; x_wconf 85' lang='grc' dir='ltr'>μετ’</span> <span class='ocrx_word' id='word_1_974' title='bbox 2877 4867 3062 4921; x_wconf 87' lang='grc' dir='ltr'>αὑτοῦ</span> <span class='ocrx_word' id='word_1_975' title='bbox 3091 4906 3107 4931; x_wconf 96' lang='grc'>,</span> <span class='ocrx_word' id='word_1_976' title='bbox 3162 4866 3261 4920; x_wconf 80' lang='grc' dir='ltr'>καὶ</span> <span class='ocrx_word' id='word_1_977' title='bbox 3315 4866 3723 4933; x_wconf 38' lang='grc' dir='ltr'>ἐξαναστῆσαι</span> 
     </span>
    </p>
   </div>
   <div class='ocr_carea' id='block_1_124' title="bbox 2164 4946 3723 5017">
    <p class='ocr_par' dir='ltr' id='par_1_124' title="bbox 2164 4946 3723 5017">
     <span class='ocr_line' id='line_1_124' title="bbox 2164 4946 3723 5017; baseline -0.008 -13"><span class='ocrx_word' id='word_1_978' title='bbox 2164 4949 2402 5017; x_wconf 85' lang='grc' dir='ltr'>σπέρμα</span> <span class='ocrx_word' id='word_1_979' title='bbox 2425 4948 2493 5000; x_wconf 89' lang='grc' dir='ltr'>ὲκ</span> <span class='ocrx_word' id='word_1_980' title='bbox 2516 4947 2623 5001; x_wconf 83' lang='grc' dir='ltr'>τοῦ</span> <span class='ocrx_word' id='word_1_981' title='bbox 2648 4946 2868 5014; x_wconf 80' lang='grc' dir='ltr'>πατρὸς</span> <span class='ocrx_word' id='word_1_982' title='bbox 2890 4946 3077 5015; x_wconf 81' lang='grc' dir='ltr'>ἡμῶν.</span> <span class='ocrx_word' id='word_1_983' title='bbox 3106 4946 3236 5000; x_wconf 85' lang='grc' dir='ltr'>Μετ’</span> <span class='ocrx_word' id='word_1_984' title='bbox 3266 4946 3563 5009; x_wconf 86' lang='grc' dir='ltr'>εὐλαϐείας</span> <span class='ocrx_word' id='word_1_985' title='bbox 3599 4950 3675 4999; x_wconf 72' lang='grc' dir='ltr'>καὶ</span> <span class='ocrx_word' id='word_1_986' title='bbox 3708 4962 3723 4991; x_wconf 67' lang='lat' dir='ltr'><strong>u</strong></span> 
     </span>
    </p>
   </div>
   <div class='ocr_carea' id='block_1_125' title="bbox 2165 5024 3723 5096">
    <p class='ocr_par' dir='ltr' id='par_1_125' title="bbox 2165 5024 3723 5096">
     <span class='ocr_line' id='line_1_125' title="bbox 2165 5024 3723 5096; baseline -0.005 -14"><span class='ocrx_word' id='word_1_987' title='bbox 2165 5030 2258 5082; x_wconf 91' lang='grc' dir='ltr'>ϐου</span> <span class='ocrx_word' id='word_1_988' title='bbox 2301 5024 2497 5079; x_wconf 86' lang='grc' dir='ltr'>πολλοῦ</span> <span class='ocrx_word' id='word_1_989' title='bbox 2532 5024 2841 5096; x_wconf 92' lang='grc' dir='ltr'>ἀκούωμεν,</span> <span class='ocrx_word' id='word_1_990' title='bbox 2884 5026 3200 5095; x_wconf 81' lang='grc' dir='ltr'>ἀγαπητοὶ,</span> <span class='ocrx_word' id='word_1_991' title='bbox 3246 5026 3355 5078; x_wconf 89' lang='grc' dir='ltr'>τῶν</span> <span class='ocrx_word' id='word_1_992' title='bbox 3392 5028 3451 5078; x_wconf 87' lang='grc' dir='ltr'>ἐν</span> <span class='ocrx_word' id='word_1_993' title='bbox 3500 5029 3616 5087; x_wconf 78' lang='grc' dir='ltr'>ταῖς</span> <span class='ocrx_word' id='word_1_994' title='bbox 3650 5024 3723 5073; x_wconf 65' lang='lat'>6:1:</span> 
     </span>
    </p>
   </div>
   <div class='ocr_carea' id='block_1_126' title="bbox 2164 5103 3723 5178">
    <p class='ocr_par' dir='ltr' id='par_1_126' title="bbox 2164 5103 3723 5178">
     <span class='ocr_line' id='line_1_126' title="bbox 2164 5103 3723 5178; baseline -0.01 -18"><span class='ocrx_word' id='word_1_995' title='bbox 2164 5107 2406 5178; x_wconf 87' lang='grc' dir='ltr'>Γραφαῖς</span> <span class='ocrx_word' id='word_1_996' title='bbox 2462 5105 2730 5174; x_wconf 87' lang='grc' dir='ltr'>κειμένων</span> <span class='ocrx_word' id='word_1_997' title='bbox 2766 5120 2780 5134; x_wconf 74' lang='grc' dir='ltr'><strong>ο</strong></span> <span class='ocrx_word' id='word_1_998' title='bbox 2818 5103 2968 5158; x_wconf 78' lang='grc' dir='ltr'>οὐδὲν</span> <span class='ocrx_word' id='word_1_999' title='bbox 3018 5106 3124 5176; x_wconf 77' lang='grc' dir='ltr'>γάρ</span> <span class='ocrx_word' id='word_1_1000' title='bbox 3178 5105 3365 5168; x_wconf 83' lang='grc' dir='ltr'>ἁπλῶς</span> <span class='ocrx_word' id='word_1_1001' title='bbox 3420 5108 3520 5159; x_wconf 85' lang='grc' dir='ltr'>καὶ</span> <span class='ocrx_word' id='word_1_1002' title='bbox 3568 5105 3673 5169; x_wconf 71' lang='grc' dir='ltr'>εἰκῆ</span> <span class='ocrx_word' id='word_1_1003' title='bbox 3708 5120 3723 5145; x_wconf 59' lang='grc' dir='ltr'><strong>τ</strong></span> 
     </span>
    </p>
   </div>
   <div class='ocr_carea' id='block_1_127' title="bbox 2165 5182 3724 5256">
    <p class='ocr_par' dir='ltr' id='par_1_127' title="bbox 2165 5182 3724 5256">
     <span class='ocr_line' id='line_1_127' title="bbox 2165 5182 3724 5256; baseline -0.004 -17"><span class='ocrx_word' id='word_1_1004' title='bbox 2165 5203 2427 5256; x_wconf 85' lang='grc' dir='ltr'>γραπται,</span> <span class='ocrx_word' id='word_1_1005' title='bbox 2460 5184 2594 5239; x_wconf 85' lang='grc' dir='ltr'>ἀλλά</span> <span class='ocrx_word' id='word_1_1006' title='bbox 2628 5182 2805 5237; x_wconf 89' lang='grc' dir='ltr'>πάντα</span> <span class='ocrx_word' id='word_1_1007' title='bbox 2850 5184 3234 5255; x_wconf 88' lang='grc' dir='ltr'>συμφερόντως</span> <span class='ocrx_word' id='word_1_1008' title='bbox 3258 5183 3356 5237; x_wconf 82' lang='grc' dir='ltr'>καὶ</span> <span class='ocrx_word' id='word_1_1009' title='bbox 3385 5184 3528 5253; x_wconf 79' lang='grc' dir='ltr'>πρὸς</span> 
     </span>
    </p>
   </div>
   <div class='ocr_carea' id='block_1_128' title="bbox 2166 5259 3724 5337">
    <p class='ocr_par' dir='ltr' id='par_1_128' title="bbox 2166 5259 3724 5337">
     <span class='ocr_line' id='line_1_128' title="bbox 2166 5259 3724 5337; baseline -0.005 -20"><span class='ocrx_word' id='word_1_1010' title='bbox 2166 5265 2459 5337; x_wconf 80' lang='grc' dir='ltr'>ἡμετέραν,</span> <span class='ocrx_word' id='word_1_1011' title='bbox 2494 5263 2598 5317; x_wconf 80' lang='grc' dir='ltr'>κᾶν</span> <span class='ocrx_word' id='word_1_1012' title='bbox 2627 5265 2786 5334; x_wconf 80' lang='grc' dir='ltr'>ἡμεῖς</span> <span class='ocrx_word' id='word_1_1013' title='bbox 2826 5260 2941 5315; x_wconf 81' lang='grc' dir='ltr'>ἔνια</span> <span class='ocrx_word' id='word_1_1014' title='bbox 2989 5262 3291 5332; x_wconf 87' lang='grc' dir='ltr'>ἀγνοῶμεν.</span> <span class='ocrx_word' id='word_1_1015' title='bbox 3344 5259 3419 5316; x_wconf 80' lang='grc' dir='ltr'>Οὐ</span> <span class='ocrx_word' id='word_1_1016' title='bbox 3473 5262 3586 5333; x_wconf 76' lang='grc' dir='ltr'>γάρ</span> <span class='ocrx_word' id='word_1_1017' title='bbox 3616 5264 3724 5316; x_wconf 56' lang='lat'>3.1::</span> 
     </span>
    </p>
   </div>
   <div class='ocr_carea' id='block_1_129' title="bbox 2165 5341 3724 5415">
    <p class='ocr_par' dir='ltr' id='par_1_129' title="bbox 2165 5341 3724 5415">
     <span class='ocr_line' id='line_1_129' title="bbox 2165 5341 3724 5415; baseline -0.004 -17"><span class='ocrx_word' id='word_1_1018' title='bbox 2165 5344 2441 5415; x_wconf 88' lang='grc' dir='ltr'>δυνάμεθα</span> <span class='ocrx_word' id='word_1_1019' title='bbox 2491 5342 2629 5415; x_wconf 91' lang='grc' dir='ltr'>μετά</span> <span class='ocrx_word' id='word_1_1020' title='bbox 2679 5341 2964 5413; x_wconf 84' lang='grc' dir='ltr'>ἀκριϐείας</span> <span class='ocrx_word' id='word_1_1021' title='bbox 2992 5342 3223 5406; x_wconf 81' lang='grc' dir='ltr'>εἰδέναι,</span> <span class='ocrx_word' id='word_1_1022' title='bbox 3278 5343 3394 5397; x_wconf 84' lang='grc' dir='ltr'>ἀλλ’</span> <span class='ocrx_word' id='word_1_1023' title='bbox 3435 5347 3489 5397; x_wconf 83' lang='grc' dir='ltr'>εἰ</span> <span class='ocrx_word' id='word_1_1024' title='bbox 3526 5345 3615 5397; x_wconf 76' lang='grc' dir='ltr'>καὶ</span> <span class='ocrx_word' id='word_1_1025' title='bbox 3644 5348 3724 5394; x_wconf 56' lang='lat' dir='ltr'>an</span> 
     </span>
    </p>
   </div>
   <div class='ocr_carea' id='block_1_130' title="bbox 2229 5429 3723 5495">
    <p class='ocr_par' dir='ltr' id='par_1_130' title="bbox 2229 5429 3723 5495">
     <span class='ocr_line' id='line_1_130' title="bbox 2229 5429 3723 5495; baseline -0.001 -14"><span class='ocrx_word' id='word_1_1026' title='bbox 2229 5434 2254 5462; x_wconf 76' lang='lat'><strong>°</strong></span> <span class='ocrx_word' id='word_1_1027' title='bbox 2282 5433 2655 5495; x_wconf 83' lang='grc' dir='ltr'>Εὺγνωμοσύνην</span> <span class='ocrx_word' id='word_1_1028' title='bbox 2676 5432 2757 5481; x_wconf 87' lang='lat' dir='ltr'>hic</span> <span class='ocrx_word' id='word_1_1029' title='bbox 2780 5429 3115 5495; x_wconf 74' lang='lat' dir='ltr'>ingenuitatem</span> <span class='ocrx_word' id='word_1_1030' title='bbox 3138 5438 3357 5495; x_wconf 59' lang='lat' dir='ltr'>verterat</span> <span class='ocrx_word' id='word_1_1031' title='bbox 3376 5434 3622 5494; x_wconf 76' lang='lat' dir='ltr'>interpres</span> <span class='ocrx_word' id='word_1_1032' title='bbox 3654 5440 3723 5495; x_wconf 49' lang='grc' dir='ltr'>νεῖ]</span> 
     </span>
    </p>
   </div>
   <div class='ocr_carea' id='block_1_131' title="bbox 2166 5486 3724 5555">
    <p class='ocr_par' dir='ltr' id='par_1_131' title="bbox 2166 5486 3724 5555">
     <span class='ocr_line' id='line_1_131' title="bbox 2166 5486 3724 5555; baseline 0 -12"><span class='ocrx_word' id='word_1_1033' title='bbox 2166 5508 2261 5543; x_wconf 85' lang='lat' dir='ltr'>non</span> <span class='ocrx_word' id='word_1_1034' title='bbox 2286 5486 2641 5553; x_wconf 54' lang='lat' dir='ltr'>maiefmelius</span> <span class='ocrx_word' id='word_1_1035' title='bbox 2668 5486 2935 5542; x_wconf 56' lang='lat' dir='ltr'>lamen&#39;hic</span> <span class='ocrx_word' id='word_1_1036' title='bbox 2964 5501 3083 5555; x_wconf 76' lang='lat' dir='ltr'>pulo</span> <span class='ocrx_word' id='word_1_1037' title='bbox 3105 5496 3248 5555; x_wconf 75' lang='lat' dir='ltr'>\&#39;el&#39;_li,</span> <span class='ocrx_word' id='word_1_1038' title='bbox 3286 5493 3455 5543; x_wconf 81' lang='lat' dir='ltr'><strong><em>bonum</em></strong></span> <span class='ocrx_word' id='word_1_1039' title='bbox 3492 5486 3539 5544; x_wconf 71' lang='grc' dir='ltr'><em>ἁ</em></span> <span class='ocrx_word' id='word_1_1040' title='bbox 3557 5496 3671 5552; x_wconf 66' lang='lat' dir='ltr'>pium</span> <span class='ocrx_word' id='word_1_1041' title='bbox 3688 5486 3724 5547; x_wconf 58' lang='grc' dir='ltr'>εί</span> 
     </span>
    </p>
   </div>
   <div class='ocr_carea' id='block_1_132' title="bbox 2167 5553 3723 5618">
    <p class='ocr_par' dir='ltr' id='par_1_132' title="bbox 2167 5553 3723 5618">
     <span class='ocr_line' id='line_1_132' title="bbox 2167 5553 3723 5618; baseline -0.003 -14"><span class='ocrx_word' id='word_1_1042' title='bbox 2167 5562 2314 5604; x_wconf 81' lang='lat' dir='ltr'><strong><em>clum.</em></strong></span> <span class='ocrx_word' id='word_1_1043' title='bbox 2339 5557 2788 5618; x_wconf 72' lang='lat' dir='ltr'>Frequentissimus</span> <span class='ocrx_word' id='word_1_1044' title='bbox 2808 5563 2885 5602; x_wconf 74' lang='lat' dir='ltr'>est</span> <span class='ocrx_word' id='word_1_1045' title='bbox 2922 5553 3066 5618; x_wconf 66' lang='lat' dir='ltr'>hi1qu</span> <span class='ocrx_word' id='word_1_1046' title='bbox 3093 5553 3223 5618; x_wconf 77' lang='lat' dir='ltr'><strong>vocis</strong></span> <span class='ocrx_word' id='word_1_1047' title='bbox 3245 5570 3364 5605; x_wconf 88' lang='lat' dir='ltr'><strong>usus</strong></span> <span class='ocrx_word' id='word_1_1048' title='bbox 3386 5557 3520 5616; x_wconf 82' lang='lat' dir='ltr'>apud</span> <span class='ocrx_word' id='word_1_1049' title='bbox 3546 5558 3723 5618; x_wconf 37' lang='lat' dir='ltr'>unum;</span> 
     </span>
    </p>
   </div>
   <div class='ocr_carea' id='block_1_133' title="bbox 2168 5614 3701 5688">
    <p class='ocr_par' dir='ltr' id='par_1_133' title="bbox 2168 5614 3701 5688">
     <span class='ocr_line' id='line_1_133' title="bbox 2168 5614 3701 5688; baseline -0.003 -23"><span class='ocrx_word' id='word_1_1050' title='bbox 2168 5630 2318 5688; x_wconf 65' lang='grc' dir='ltr'>ηῃιηι,</span> <span class='ocrx_word' id='word_1_1051' title='bbox 2340 5617 2428 5688; x_wconf 77' lang='lat' dir='ltr'>se_d</span> <span class='ocrx_word' id='word_1_1052' title='bbox 2451 5614 2503 5665; x_wconf 68' lang='grc' dir='ltr'>ει</span> <span class='ocrx_word' id='word_1_1053' title='bbox 2529 5618 2611 5688; x_wconf 70' lang='lat' dir='ltr'>me</span> <span class='ocrx_word' id='word_1_1054' title='bbox 2634 5617 2819 5685; x_wconf 61' lang='lat' dir='ltr'>varigs;</span> <span class='ocrx_word' id='word_1_1055' title='bbox 2841 5629 2953 5663; x_wconf 85' lang='lat' dir='ltr'><strong>nam</strong></span> <span class='ocrx_word' id='word_1_1056' title='bbox 2972 5614 3230 5688; x_wconf 63' lang='lat' dir='ltr'><strong>aliquade</strong></span> <span class='ocrx_word' id='word_1_1057' title='bbox 3253 5614 3497 5688; x_wconf 38' lang='lat' dir='ltr'>significat</span> <span class='ocrx_word' id='word_1_1058' title='bbox 3529 5614 3701 5688; x_wconf 51' lang='lat' dir='ltr'>probis:</span> 
     </span>
    </p>
   </div>
   <div class='ocr_carea' id='block_1_134' title="bbox 2172 5676 3721 5743">
    <p class='ocr_par' dir='ltr' id='par_1_134' title="bbox 2172 5676 3721 5743">
     <span class='ocr_line' id='line_1_134' title="bbox 2172 5676 3721 5743; baseline -0.003 -16"><span class='ocrx_word' id='word_1_1059' title='bbox 2172 5678 2430 5743; x_wconf 80' lang='lat' dir='ltr'>aliquand_o_</span> <span class='ocrx_word' id='word_1_1060' title='bbox 2453 5683 2643 5740; x_wconf 80' lang='lat' dir='ltr'><strong><em>gratum</em></strong></span> <span class='ocrx_word' id='word_1_1061' title='bbox 2678 5676 2923 5739; x_wconf 82' lang='lat' dir='ltr'>animum;</span> <span class='ocrx_word' id='word_1_1062' title='bbox 2966 5676 3232 5741; x_wconf 52' lang='lat' dir='ltr'><strong>saepissime</strong></span> <span class='ocrx_word' id='word_1_1063' title='bbox 3277 5676 3367 5742; x_wconf 63' lang='lat' dir='ltr'>p&#39;er</span> <span class='ocrx_word' id='word_1_1064' title='bbox 3407 5677 3721 5743; x_wconf 51' lang='lat' dir='ltr'>tramutata:</span> 
     </span>
    </p>
   </div>
   <div class='ocr_carea' id='block_1_135' title="bbox 2171 5739 2552 5802">
    <p class='ocr_par' dir='ltr' id='par_1_135' title="bbox 2171 5739 2552 5802">
     <span class='ocr_line' id='line_1_135' title="bbox 2171 5739 2552 5802; baseline -0.01 -11"><span class='ocrx_word' id='word_1_1065' title='bbox 2171 5739 2284 5802; x_wconf 68' lang='lat' dir='ltr'>apti:</span> <span class='ocrx_word' id='word_1_1066' title='bbox 2303 5739 2552 5802; x_wconf 13' lang='lat' dir='ltr'>rreddilur.</span> 
     </span>
    </p>
   </div>
   <div class='ocr_carea' id='block_1_136' title="bbox 2235 5800 3721 5862">
    <p class='ocr_par' dir='ltr' id='par_1_136' title="bbox 2235 5800 3721 5862">
     <span class='ocr_line' id='line_1_136' title="bbox 2235 5800 3721 5862; baseline -0.001 -13"><span class='ocrx_word' id='word_1_1067' title='bbox 2235 5802 2260 5839; x_wconf 74' lang='grc' dir='ltr'>ιι</span> <span class='ocrx_word' id='word_1_1068' title='bbox 2285 5800 2433 5849; x_wconf 70' lang='lat' dir='ltr'>Savil.</span> <span class='ocrx_word' id='word_1_1069' title='bbox 2461 5808 2513 5849; x_wconf 75' lang='grc' dir='ltr'>ει</span> <span class='ocrx_word' id='word_1_1070' title='bbox 2535 5801 2725 5862; x_wconf 78' lang='lat' dir='ltr'>aliquot</span> <span class='ocrx_word' id='word_1_1071' title='bbox 2748 5814 2862 5850; x_wconf 82' lang='lat' dir='ltr'><strong>mss.</strong></span> <span class='ocrx_word' id='word_1_1072' title='bbox 2903 5800 3157 5860; x_wconf 84' lang='grc' dir='ltr'>αἰτοῦντες,</span> <span class='ocrx_word' id='word_1_1073' title='bbox 3201 5803 3264 5860; x_wconf 84' lang='grc' dir='ltr'>εἰς</span> <span class='ocrx_word' id='word_1_1074' title='bbox 3303 5804 3355 5851; x_wconf 77' lang='grc' dir='ltr'>τὸ</span> <span class='ocrx_word' id='word_1_1075' title='bbox 3379 5806 3479 5861; x_wconf 63' lang='grc' dir='ltr'>ἑξῆς</span> <span class='ocrx_word' id='word_1_1076' title='bbox 3522 5804 3675 5848; x_wconf 52' lang='grc' dir='ltr'>πολλὴ</span> <span class='ocrx_word' id='word_1_1077' title='bbox 3702 5812 3721 5839; x_wconf 56' lang='lat' dir='ltr'>ﬁ</span> 
     </span>
    </p>
   </div>
   <div class='ocr_carea' id='block_1_137' title="bbox 2172 5864 3202 5926">
    <p class='ocr_par' dir='ltr' id='par_1_137' title="bbox 2172 5864 3202 5926">
     <span class='ocr_line' id='line_1_137' title="bbox 2172 5864 3202 5926; baseline 0.003 -16"><span class='ocrx_word' id='word_1_1078' title='bbox 2172 5864 2407 5926; x_wconf 72' lang='grc' dir='ltr'>ἀκρίϐεια-ι</span> <span class='ocrx_word' id='word_1_1079' title='bbox 2430 5864 2776 5925; x_wconf 77' lang='grc' dir='ltr'>ἐπιδειξὼμεθσι.</span> <span class='ocrx_word' id='word_1_1080' title='bbox 2798 5864 2873 5910; x_wconf 73' lang='grc' dir='ltr'>ἵνα</span> <span class='ocrx_word' id='word_1_1081' title='bbox 2896 5865 2973 5912; x_wconf 82' lang='grc' dir='ltr'>καὶ</span> <span class='ocrx_word' id='word_1_1082' title='bbox 2999 5865 3202 5913; x_wconf 80' lang='grc' dir='ltr'>πλείονα.</span> 
     </span>
    </p>
   </div>
  </div>
