3792 6266
80 284 198 343 409

77 399 251 455 iniam
279 418 294 457 :
317 417 440 460 nam
467 405 512 463 si
539 404 729 467 viderit
753 428 851 470 nos
876 415 966 488 qui
997 418 1315 480 offendimus
1335 467 1350 491 ,
1372 437 1426 481 et
1454 427 1681 499 ignomi-

78 492 226 548 niosi
267 494 390 552 facti
415 514 621 570 sumus,
655 506 961 580 nullamque
989 510 1245 569 habemus
1270 517 1535 581 fiduciam.
1556 535 1684 591 pau-

78 581 256 640 lulum
282 590 524 660 excitari,
552 603 605 650 et
626 596 693 651 ad
715 599 1012 659 clementiae
1031 619 1142 662 sua;
1163 607 1375 667 divitias
1394 612 1684 685 confugere

76 677 337 735 volentes
361 721 375 745 ,
406 685 585 740 statim
616 689 863 758 precibus
888 697 1104 766 annuit,
1133 709 1188 755 et
1216 716 1430 759 manum
1462 707 1684 779 porrigit

69 764 388 833 jacentibus
416 782 470 830 et
495 775 673 847 lapsos
702 783 916 851 excitat,
945 764 1244 861 clamatque
1271 764 1488 852 dicens;
1510 764 1681 853 Num-

73 858 211 923 quid
253 862 342 959 qui
389 864 556 933 cadit,
607 885 708 924 non
747 886 970 947 resurget
1013 858 1227 950 (lerant.
1271 883 1325 940 8.
1355 884 1454 959 4)?
1483 887 1690 946 Verum-

75 958 137 1002 ut
197 951 361 1007 etiam
399 971 465 1011 ex
505 958 667 1015 rebus
698 963 826 1034 ipsis
865 967 1080 1026 discatis
1109 951 1556 1042 quomodo'multi
1587 996 1682 1052 per

72 1045 410 1116 senictipsos
446 1060 663 1109 orantes
692 1055 743 1111 id
769 1060 910 1128 quod
936 1063 1220 1133 cupiebant
1246 1070 1439 1127 melius
1467 1045 1677 1146 assequi

72 1134 398 1207 valuerunt,
428 1156 586 1211 quam
623 1161 721 1216 per
746 1150 972 1210 aliorum
999 1168 1217 1227 preces,
1245 1174 1424 1231 opera:
1449 1134 1677 1235 pretium

70 1224 243 1282 fuerit
273 1245 400 1297 eos,
432 1236 624 1304 quibus
650 1239 700 1294 id
725 1243 978 1313 contigit,
1010 1247 1062 1303 in
1086 1224 1318 1307 medium
1347 1224 1675 1327 producere,

70 1329 131 1371 ut
161 1331 217 1375 et
252 1337 350 1379 nos
372 1325 671 1397 imitemur,
706 1342 755 1387 et
789 1334 854 1388 ad
886 1338 1274 1397 aemulationem
1304 1361 1673 1414 provocemur.

68 1414 379 1473 Audiamus
411 1420 568 1493 igitur
595 1428 864 1495 quomodo
889 1430 1189 1490 Chananaca
1221 1437 1307 1493 illa
1336 1441 1529 1497 mulier
1551 1458 1673 1498 cum

69 1516 230 1564 esset
280 1510 598 1584 alienigena,
633 1527 686 1572 et
714 1521 888 1577 anima
911 1525 1061 1581 valde
1082 1530 1442 1601 cruciaretur,
1474 1536 1561 1591 ubi
1594 1537 1673 1592 vi-

68 1599 153 1654 dit
196 1600 476 1661 Medicum-
500 1608 796 1667 animarum
818 1656 833 1678 ,
863 1623 915 1670 et
946 1608 1123 1673 Solem
1144 1620 1364 1691 justitize
1394 1599 1483 1696 qui
1512 1643 1674 1685 exor-

68 1702 161 1747 tus
182 1703 273 1750 est
296 1696 360 1751 iis
384 1699 473 1769 qui
500 1700 690 1758 sedent
715 1704 767 1759 in
800 1708 1064 1778 tenebris,
1097 1715 1321 1769 accessit
1340 1716 1405 1771 ad
1429 1734 1547 1773 eum
1571 1721 1674 1776 fer-

65 1787 200 1841 vido
230 1797 286 1842 et
311 1790 473 1847 alacri
501 1793 679 1850 studio
707 1807 848 1854 mota
883 1817 897 1854 :
929 1817 1100 1873 neque
1128 1805 1246 1860 ideo
1270 1810 1484 1879 segnior
1509 1811 1668 1884 facta,

66 1881 219 1949 quod
265 1883 348 1937 vel
390 1886 614 1956 mulier,
646 1890 728 1945 vel
757 1892 1050 1965 alienigena
1084 1909 1226 1953 esset
1255 1918 1268 1954 :
1299 1902 1393 1957 sed
1424 1906 1670 1961 omnibus

66 1974 479 2040 impedimentis
507 1982 772 2051 repulsis,
801 1995 856 2039 ut
881 1990 1138 2056 accessit,
1172 1993 1339 2063 inquit
1368 2012 1381 2048 :
1415 1994 1665 2066 Domine,

64 2066 314 2122 miserere
343 2071 472 2137 mei,
498 2074 616 2143 quia
645 2076 754 2143 [ilia
781 2096 889 2133 utea
917 2083 1049 2137 male
1070 2100 1102 2136 a
1132 2084 1381 2140 dwmonio
1411 2098 1669 2160 torquetur

63 2158 289 2229 (Matth.
320 2163 407 2217 ιδ.
440 2164 556 2238 22).
584 2168 781 2224 Verum
810 2172 899 2242 qui
927 2175 1026 2229 scit
1052 2176 1358 2234 abscondita
1389 2158 1627 2238 cordium
1647 2224 1664 2251 ,

63 2262 212 2307 tacet
245 2264 296 2309 et
325 2272 430 2310 non
464 2261 773 2330 respondet,
798 2281 970 2336 neque
993 2284 1236 2324 sermone
1257 2287 1373 2327 eam
1394 2274 1661 2345 dignatur,

62 2361 249 2415 neque
292 2349 575 2407 miseretur
618 2355 890 2423 mulieris,
934 2376 1091 2430 quam
1132 2363 1343 2420 videbat
1375 2376 1519 2422 tanto
1543 2383 1661 2423 cum

60 2436 269 2506 ejolatu
295 2441 584 2509 accedere;
611 2447 703 2502 sed
735 2449 944 2515 differt,
969 2455 1152 2510 volens
1177 2457 1443 2513 occultum
1477 2462 1665 2516 mulie-

61 2530 137 2583 ris
192 2530 506 2589 thesaurum
557 2540 803 2594 omnibus
843 2544 1180 2600 manifestum
1225 2549 1417 2605 facere.
1448 2551 1662 2609 Sciebat

58 2625 207 2676 enim
240 2627 568 2683 reconditam
598 2634 969 2704 margaritam,
1005 2654 1160 2708 quam
1189 2656 1287 2697 nos
1312 2642 1477 2699 latere
1507 2645 1662 2701 nole-

62 2716 151 2769 bat
188 2735 201 2771 :
233 2730 288 2772 et
322 2719 519 2777 idcirco
557 2723 834 2781 differebat
854 2769 869 2790 .
899 2739 952 2783 et
984 2746 1083 2786 nec
1113 2747 1371 2803 responso
1400 2735 1658 2807 dignaba-

59 2816 163 2872 tur,
192 2818 251 2863 ut
274 2814 501 2880 posteris
526 2817 772 2871 omnibus
794 2820 1029 2876 mulieris
1050 2824 1303 2879 sedulitas
1321 2843 1506 2898 magna
1526 2828 1661 2885 foret

54 2899 326 2956 doctrina.
384 2904 450 2959 Et
502 2906 620 2962 vide
662 2909 981 2967 ineffabilem
1034 2914 1123 2969 Dei
1171 2915 1483 2973 bonitatem.
1537 2920 1656 2990 Ipse

54 2992 200 3045 enim
225 3034 241 3056 ,
274 2993 477 3065 inquit,
508 3014 613 3053 non
654 3003 1007 3071 respondebat
1037 3006 1084 3061 ei
1111 3023 1125 3072 ;
1162 3007 1406 3078 discipuli
1435 3022 1609 3067 autem
1634 3055 1651 3082 ,

51 3083 143 3149 qui
189 3084 480 3142 admodum
517 3089 887 3149 misericordes
914 3106 967 3150 et
995 3097 1208 3169 benigni
1242 3117 1360 3156 esse
1390 3104 1646 3160 videban-

54 3182 172 3238 tur,
205 3190 314 3230 non
356 3177 553 3234 audent
580 3182 858 3239 manifeste
886 3185 1097 3252 dicere,
1131 3190 1203 3244 Da
1233 3192 1279 3246 ei
1307 3193 1447 3262 quod
1481 3196 1646 3265 petit,

50 3266 316 3323 miserere
342 3270 412 3333 ei,
434 3284 549 3327 esto
576 3274 623 3328 ei
650 3275 886 3333 clemens
911 3297 923 3332 :
955 3280 1047 3334 sed
1076 3283 1242 3350 quid?
1266 3283 1476 3339 Dimitte
1503 3303 1612 3343 eam
1630 3330 1646 3358 ,

47 3359 167 3423 quia
217 3361 407 3414 clamat
453 3375 565 3432 post
610 3383 702 3419 nos
744 3367 907 3437 (Ibid.
950 3386 997 3426 υ.
1026 3372 1117 3445 25)
1143 3415 1158 3440 ,
1189 3378 1340 3445 quasi
1367 3377 1645 3436 dicerent:

48 3448 247 3505 Libera
290 3468 391 3509 nos
433 3470 462 3508 a
504 3456 778 3525 molestia,
828 3460 994 3517 libera
1037 3480 1137 3520 nos
1174 3481 1203 3520 a
1230 3466 1461 3524 clamore
1489 3487 1645 3541 quem

45 3543 271 3597 excitat.
317 3544 454 3611 Quid
505 3546 663 3618 igitur
710 3551 1014 3610 Dominus?
1055 3556 1258 3613 Putatis
1291 3576 1411 3628 me,
1442 3563 1642 3633 inquit,

45 3635 259 3707 absque
297 3652 458 3694 causa
495 3643 724 3699 tacuisse
745 3687 760 3712 ,
805 3657 857 3702 et
912 3664 1172 3719 responso
1199 3668 1315 3707 eam
1343 3671 1448 3709 non
1481 3658 1644 3714 fuisse

40 3726 364 3797 diguatum?
395 3733 587 3790 Audite
627 3754 640 3788 :
684 3736 804 3793 Non
844 3757 954 3795 sum
982 3742 1164 3797 missus
1191 3746 1289 3800 nisi
1310 3748 1379 3801 ad
1398 3765 1509 3804 oves
1532 3767 1645 3820 qua:

41 3822 305 3887 perierunt
350 3824 531 3881 domus
575 3826 740 3885 Israel
769 3830 927 3906 (Ibid.
952 3851 999 3889 υ.
1027 3836 1140 3905 24).
1173 3836 1419 3907 Nescitis,
1451 3842 1637 3913 inquit,

38 3914 401 3984 a’ienigenam
446 3920 723 3977 mulierem
768 3940 887 3981 esse
916 3926 939 3980 ?
970 3928 1189 3984 nescitis
1232 3947 1319 3987 me
1349 3930 1498 3988 vobis
1528 3935 1638 4004 jam

40 4012 370 4078 praecepisse
414 4028 482 4067 ne
525 4014 672 4069 iretis
701 4017 753 4071 in
790 4018 929 4075 viam
955 4023 1237 4090 gentium?
1274 4023 1450 4091 Quare
1478 4026 1638 4097 igitur

37 4104 153 4158 sine
184 4107 436 4163 examine
461 4111 979 4171 commiserationem
1011 4134 1133 4190 erga
1161 4136 1277 4176 eam
1309 4123 1636 4183 declaratis?

36 4196 337 4253 Considera
367 4202 707 4260 multifariam
732 4208 821 4263 Dei
850 4211 1163 4280 sapientiam
1183 4256 1196 4278 ,
1223 4219 1491 4286 quomodo
1512 4236 1632 4277 cum

36 4290 372 4358 respondere
401 4294 710 4363 videbatur,
744 4300 1019 4357 mulierem
1051 4306 1218 4375 magis
1247 4312 1635 4381 perstringebat

33 4397 194 4449 quam
235 4385 445 4441 silendo
481 4406 495 4442 :
531 4399 585 4443 et
619 4392 770 4462 quasi
802 4393 1013 4451 letalem
1050 4399 1256 4468 plagam
1285 4401 1479 4469 dabat,
1506 4420 1633 4476 pro.

33 4488 233 4530 τουπ-ε
263 4478 518 4547 paulatim
546 4496 665 4538 eam
690 4485 908 4555 volens,
944 4497 999 4543 ut
1026 4490 1294 4547 discerent
1326 4494 1630 4565 ignorantes

29 4567 284 4636 discipuli
310 4610 326 4636 ,
372 4582 568 4640 quanta
614 4574 666 4630 in
706 4592 766 4632 ea
809 4578 995 4643 lateret
1039 4581 1189 4637 fides.
1222 4583 1326 4639 Sed
1359 4603 1528 4657 neque
1552 4591 1629 4643 sic

28 4661 241 4713 tardior
282 4663 697 4733 ncgligentiorve
742 4668 873 4724 facta
913 4682 995 4726 est
1022 4673 1149 4728 visis
1187 4674 1459 4747 discipulis
1491 4680 1626 4737 nihil

29 4754 439 4823 proficientibus
459 4799 475 4824 ,
506 4775 679 4830 neque
708 4761 843 4817 dixit
864 4765 1000 4819 intra
1029 4768 1371 4838 semetipsam
1403 4789 1416 4823 :
1441 4771 1495 4826 Si
1519 4789 1623 4828 non

28 4859 325 4915 potuerunt
370 4850 445 4905 illi
480 4850 759 4910 Dominum
815 4873 909 4927 pro
941 4874 1026 4915 me
1052 4874 1274 4918 exorare
1294 4905 1308 4930 ,
1338 4881 1500 4935 quare
1527 4885 1626 4941 ego

28 4944 231 4999 frustra
274 4960 564 5017 sequerer,
604 4960 658 5005 et
707 4953 959 5007 continuo
1005 4952 1303 5012 instarem?
1341 4960 1434 5015 sed
1475 4965 1624 5032 quasi

25 5046 213 5092 mente
237 5038 307 5092 ab
336 5039 457 5107 igne
486 5039 811 5098 inflammata
838 5056 893 5100 et
913 5062 1168 5105 succensa
1188 5093 1202 5116 ,
1228 5052 1624 5127 visceribusque

22 5131 340 5197 conscissis,
365 5134 571 5189 accedit
597 5137 847 5207 adorans,
869 5152 920 5196 et
945 5143 1126 5199 dicens
1151 5163 1162 5198 :
1184 5145 1419 5216 Domine,
1439 5152 1624 5222 adjuva

23 5240 101 5274 me
141 5222 313 5293 (Ibid.
340 5241 389 5278 υ.
430 5226 548 5299 25).
576 5229 669 5285 ille
697 5240 875 5287 autem
902 5250 1074 5304 neque
1100 5238 1176 5292 sic
1200 5238 1416 5310 adjuvat
1438 5244 1624 5297 mulie-

22 5330 171 5379 rem,
213 5315 312 5371 sed
350 5333 664 5388 responsum
692 5323 780 5379 dat
806 5328 1082 5396 Superiore
1104 5332 1337 5399 gravius.
1371 5332 1491 5388 Non
1512 5346 1617 5403 est,

21 5406 217 5476 inquit,
253 5409 438 5463 bonum
464 5422 517 5465 ut
535 5415 745 5469 tollatur
767 5415 921 5486 panis
940 5420 1166 5487 ﬁliorum
1185 5463 1199 5487 ,
1229 5433 1276 5477 et
1304 5425 1449 5479 detur
1477 5430 1622 5482 caui-

19 5500 107 5553 bus
136 5499 304 5573 (Ibid.
338 5518 388 5556 υ.
416 5504 529 5576 26).
558 5507 846 5563 Considera
870 5551 885 5576 ,
918 5512 1130 5581 dilecte,
1160 5527 1213 5571 et
1244 5516 1328 5572 hic
1355 5520 1620 5577 admirare

18 5594 219 5646 annua:
245 5594 364 5664 ejus
385 5594 734 5665 desiderium,
766 5610 822 5655 et
844 5602 1001 5676 fidem
1025 5607 1295 5662 eximiam.
1323 5608 1391 5665 Ut
1413 5610 1620 5667 audivit

15 5700 73 5739 se
108 5701 306 5742 canem
350 5688 457 5745 dici
478 5729 493 5757 ,
520 5707 625 5747 non
651 5695 908 5763 gravatim
939 5698 1097 5766 tulit,
1131 5716 1233 5756 non
1267 5706 1570 5760 retrocessit
1600 5724 1614 5762 :

16 5780 109 5833 sed
153 5797 352 5852 magno
396 5793 449 5840 et
490 5786 578 5857 pio
604 5788 797 5847 affectu
843 5793 1011 5863 inquit
1054 5813 1067 5849 :
1112 5794 1316 5866 Etiam,
1345 5798 1609 5858 Domine:

1114 304 1178 362 IN
1217 307 1367 367 CAP.
1409 310 1552 368 XIX.
1596 312 1839 374 GENES.
1885 316 2114 381 HOMIL.
2157 326 2343 386 XLIV.

3281 352 3387 410 “0

1794 449 1911 489 nam
1943 446 1988 492 et
2008 443 2170 497 catuli
2196 445 2351 501 edunt
2378 448 2441 504 de
2467 451 2608 508 micis
2633 470 2818 511 mensw
2838 457 3157 518 dominorum
3181 483 3384 522 atterunt

1792 529 2004 598 (Matth.
2033 536 2119 591 15.
2140 537 2257 611 27).
2290 540 2591 612 Confiteor,
2616 548 2819 620 inquit,
2858 555 3089 610 catulum
3116 573 3203 613 me
3226 576 3345 617 esse
3370 580 3383 616 :

1793 621 1955 692 igitur
1977 626 2115 681 sicut
2141 632 2374 687 catulum
2397 633 2617 705 dignare
2644 655 2730 696 me
2750 642 2901 699 micis
2924 661 3123 702 mensa).
3143 663 3381 718 pascere.

1794 712 1980 769 Vidisti
2026 720 2263 776 mulieris
2297 723 2456 780 fidem
2497 738 2551 783 et
2580 730 2943 799 probitatem?
2972 712 3212 808 Suscepit
3242 743 3381 811 quod

1788 806 1987 864 dictum
2015 819 2099 866 est
2117 854 2130 875 ,
2156 820 2211 868 et
2235 817 2412 872 statim
2440 819 2489 874 id
2515 821 2582 877 de
2603 839 2709 893 quo
2732 826 2953 882 sollicita
2980 838 3092 885 erat
3115 806 3343 888 obtinuit
3367 876 3382 900 ,

1787 899 2122 973 obtinuitque
2171 908 2340 978 magis
2386 925 2506 966 cum
2557 912 2820 971 laudibus.
2876 918 3011 986 Quid
3059 924 3199 977 enim
3251 899 3377 979 dicit

1785 991 2075 1050 Christus?
2106 995 2151 1051 0
2182 1000 2379 1067 mulier,
2398 1019 2584 1075 magna
2610 1017 2683 1060 est
2708 1008 2835 1077 ﬁdes
2861 1018 2946 1064 tua
2976 1026 2995 1065 :
3020 1013 3112 1082 [iat
3137 1013 3224 1067 tibi
3249 1018 3379 1069 sicut

1785 1085 1857 1140 vis
1900 1086 2063 1154 (Ibid.
2104 1105 2151 1144 υ.
2198 1090 2314 1163 28).
2357 1091 2402 1148 0
2429 1095 2636 1164 mulier,
2683 1099 3050 1160 admirationis
3076 1106 3293 1161 verbum
3324 1117 3379 1160 et

1784 1178 1985 1237 dictum
2035 1182 2189 1240 laude
2231 1185 2467 1256 plenttm.
2513 1189 2791 1262 Magnam,
2843 1195 3042 1267 inquit,
3092 1199 3374 1257 declarasti

1786 1271 1943 1327 fidem
1972 1290 1986 1338 ;
2032 1287 2315 1346 propterea
2361 1289 2505 1336 tanta
2543 1281 2637 1338 tibi
2679 1294 2865 1353 erunt,
2892 1300 3086 1357 quanta
3115 1292 3211 1346 vis.
3243 1293 3374 1350 Vide

1783 1363 2116 1421 liberalitatis
2159 1370 2599 1442 amplitudinem,
2648 1384 2704 1431 et
2746 1377 3009 1435 admirare
3036 1381 3244 1438 Domini
3281 1400 3371 1439 sa-

1782 1456 2055 1527 pientiam.
2101 1461 2291 1517 Annon
2340 1464 2407 1520 ab
2454 1466 2604 1521 initio
2641 1470 2986 1539 putabamus,
3034 1490 3154 1530 cum
3181 1477 3259 1531 sic
3290 1494 3375 1533 re-
3413 1535 3421 1545 ,

1779 1551 1999 1620 pelleret
2038 1569 2155 1609 eam
2176 1597 2192 1623 ,
2238 1559 2705 1618 commiseratione
2732 1564 2876 1621 illum
2907 1570 3133 1623 carere?
3162 1569 3229 1625 Et
3253 1572 3373 1643 pri-

1778 1659 1923 1699 mum
1951 1646 2166 1716 quidem
2194 1665 2298 1705 non
2318 1650 2641 1722 dignabatur
2661 1671 2923 1727 responso
2942 1702 2958 1726 ,
2984 1670 3167 1730 postea
3189 1671 3368 1719 autem

1778 1751 1874 1805 per
1915 1738 2142 1808 primum
2168 1751 2219 1797 et
2246 1744 2540 1801 secundum
2566 1763 2880 1818 responsum
2911 1754 3061 1822 quasi
3085 1754 3328 1825 abigebat
3349 1799 3364 1824 ,

1774 1837 1830 1884 et
1870 1844 1989 1886 eam
2033 1847 2152 1902 qua:
2182 1849 2301 1889 cum
2344 1843 2492 1893 tanto
2534 1838 2823 1896 advenerat
2866 1842 3134 1899 desiderio
3174 1856 3227 1902 et
3263 1848 3367 1903 fcr-

1774 1936 1923 1987 vore,
1973 1925 2283 1993 repellebat.
2320 1926 2511 1984 Verum
2542 1945 2570 1983 a
2604 1931 2707 1986 fine
2732 1932 2877 1990 disce
2904 1934 2995 1989 Dei
3027 1935 3315 1993 bonitatem
3346 1956 3361 2005 ;

1772 2026 1897 2067 eum
1946 2030 2136 2087 nempe
2172 2017 2439 2075 volentem
2480 2034 2596 2075 eam
2619 2022 2899 2079 clariorem
2928 2025 3185 2097 reddere,
3220 2038 3361 2084 tanta

1772 2106 2026 2164 dilatione
2066 2109 2231 2167 fuisse
2269 2128 2445 2168 usum.
2488 2115 2695 2169 Etenim
2743 2117 2787 2172 si
2823 2118 3001 2173 statim
3051 2122 3359 2189 annuisset,

1772 2199 2184 2255 nescivissetnus
2213 2217 2310 2257 nos
2336 2204 2575 2260 mulieris
2596 2207 2843 2262 virtutem
2876 2226 2890 2261 :
2923 2210 3044 2279 quia
3066 2220 3240 2266 autem
3264 2228 3362 2283 pa-

1771 2307 1987 2362 rumper
2024 2293 2261 2361 distulit,
2309 2305 2362 2351 et
2402 2296 2609 2352 Domini
2651 2299 2995 2369 cognovimus
3045 2301 3358 2358 ineffabilem

1769 2383 2151 2441 humanitatem
2169 2426 2189 2456 ,
2218 2396 2273 2444 et
2292 2388 2433 2445 illius
2454 2390 2612 2445 fidem
2636 2391 2906 2446 eximiam.

1838 2479 1893 2532 4.
1926 2477 2049 2534 Νοη
2079 2489 2273 2535 tantum
2303 2483 2594 2552 per/Scimus
2623 2501 2714 2553 per
2741 2486 2870 2540 alios
2910 2496 3111 2541 orantes
3134 2531 3148 2552 ,
3193 2505 3357 2560 quan-

1768 2578 1874 2623 tum
1902 2586 1992 2639 per
2020 2588 2110 2625 nos
2137 2573 2294 2642 ipsos.
2330 2602 2402 2613 -——
2440 2574 2627 2628 Totam
2672 2586 2848 2629 autem
2896 2576 3031 2631 hanc
3078 2577 3351 2633 historiam

1768 2661 1817 2716 in
1848 2662 2080 2718 medium
2106 2663 2300 2720 afl‘erre
2323 2667 2494 2721 coacti
2522 2682 2726 2733 sumus,
2758 2678 2815 2722 ut
2836 2667 3101 2724 discamus
3130 2684 3226 2724 nos
3247 2688 3351 2725 non

1768 2762 1971 2808 tantum
2002 2753 2260 2824 perficere
2288 2772 2383 2826 per
2410 2758 2544 2812 alios
2566 2768 2802 2826 orantes,
2832 2771 3086 2829 quantum
3114 2777 3210 2831 per
3231 2778 3354 2817 nos-

1763 2845 1937 2915 ipsos,
1964 2846 2008 2899 si
2036 2846 2247 2915 quidem
2277 2864 2397 2904 cum
2428 2848 2589 2904 alacri
2635 2860 2689 2905 et
2729 2852 2875 2922 vigili
2907 2862 3083 2908 mente
3126 2854 3351 2910 acceda-

1762 2952 1900 2992 mus.
1932 2938 2221 2993 Enimvero
2248 2939 2333 2993 illa
2363 2949 2415 2995 et
2440 2941 2728 3010 discipulos
2757 2942 2958 2997 habens
2988 2959 3084 3014 pro
3108 2960 3167 3000 se
3193 2960 3349 3001 oran-

1762 3037 1861 3095 tes,
1888 3029 2019 3085 nihil
2049 3032 2292 3100 profecit,
2320 3032 2490 3087 doucc
2518 3034 2627 3102 ipsa
2665 3049 2758 3101 per
2784 3050 2842 3089 se
2875 3050 3111 3104 praesens
3138 3047 3189 3091 et
3221 3053 3345 3106 per-

1757 3125 2009 3177 scicrans
2050 3122 2389 3178 clementiam
2422 3125 2629 3179 Domini
2661 3124 2761 3179 sibi
2798 3126 3126 3181 conciliaret.
3170 3131 3345 3198 Atque

1757 3213 2007 3283 parabola
2034 3215 2121 3268 illa
2145 3215 2300 3270 amici
2330 3217 2647 3285 intempesta
2673 3227 2828 3272 nocte
2851 3218 3131 3285 venientis,
3155 3230 3209 3274 et
3235 3231 3344 3276 tres

1754 3321 1919 3377 panes
1947 3308 2196 3376 petentis,
2224 3306 2362 3375 idem
2394 3308 2566 3378 ipsum
2608 3309 2926 3365 subindicat.
2960 3310 3098 3365 Nam
3123 3313 3339 3378 etiamsi,

1753 3402 1946 3455 amicus
1972 3402 2106 3466 licet,
2140 3418 2241 3457 non
2272 3404 2530 3468 exaudiat,
2562 3413 2784 3458 attamen
2812 3405 2888 3459 vel
2917 3418 3119 3474 propter
3148 3408 3341 3476 impor-

1751 3494 2013 3547 tunitatem
2042 3503 2233 3565 surget,
2265 3496 2382 3548 etei
2407 3494 2545 3548 dabit
2584 3495 2745 3565 (Luc.
2778 3497 2862 3550 ll.
2895 3496 2987 3567 8).
3015 3497 3190 3568 Itaque
3217 3514 3340 3555 cum

1750 3583 2027 3639 videamus
2054 3584 2373 3640 ineffabilem
2396 3585 2732 3640 clementiam
2768 3586 2976 3640 Domini
3020 3589 3207 3654 nostri,
3250 3604 3340 3643 ac-

1748 3676 2003 3732 cedamus
2033 3676 2099 3732 ad
2144 3692 2266 3732 eum
2292 3718 2307 3741 ,
2351 3677 2669 3742 declaratis,
2716 3687 2770 3731 et
2797 3680 2946 3746 quasi
2987 3689 3112 3733 ante
3150 3680 3338 3733 oculos

1748 3778 1963 3824 nostros
1995 3771 2282 3840 propositis
2308 3770 2586 3840 speciatim
2614 3770 2837 3840 singulis
2865 3772 3093 3839 peccatis
3116 3774 3331 3837 nostris,

1742 3863 1905 3917 etiam
1939 3877 2035 3929 pro
2075 3862 2358 3931 praeteritis
2390 3862 2599 3916 veniam
2646 3873 2920 3930 petamus,
2956 3872 3010 3915 ut
3055 3862 3108 3916 in
3156 3862 3333 3917 futuro

1743 3955 1933 4025 majori
1962 3955 2230 4026 diligentia
2253 3955 2511 4021 viventes,
2537 3955 2839 4009 uberiorem
2860 3954 2974 4024 ejus
2999 3955 3328 4010 benevolen-

1744 4049 1868 4103 tiam
1915 4063 2283 4118 assequamur.
2339 4047 2532 4103 Verum
2584 4047 2902 4114 redeamus,
2948 4049 2989 4102 si
3025 4049 3227 4118 placet,
3259 4048 3325 4103 ad

1741 4143 1982 4198 lectionis
2026 4143 2241 4197 seriem.
2274 4142 2362 4199 50.
2400 4142 2636 4197 Ascendit
2677 4153 2842 4195 autem
2866 4184 2879 4202 .
2914 4143 3112 4211 inquit,
3146 4142 3238 4196 Lat
3275 4144 3325 4197 in

1740 4236 1938 4306 Segor,
1981 4245 2026 4288 et
2054 4235 2183 4289 sedit
2226 4236 2279 4288 in
2323 4244 2526 4301 monte,
2568 4244 2615 4288 et
2658 4233 2775 4287 dure
2804 4235 2926 4302 ﬁlim
2952 4243 3061 4303 ejus
3103 4251 3216 4287 cum
3245 4251 3322 4287 eo.

1736 4326 2034 4381 Timuerunt
2063 4327 2193 4380 enim
2220 4326 2447 4380 habitare
2475 4326 2527 4379 in
2548 4325 2748 4397 Segor;
2774 4336 2820 4380 et
2858 4325 3096 4378 habitavit
3125 4326 3177 4378 in
3212 4342 3326 4395 spe-

1737 4418 1885 4472 lunca
1913 4418 2051 4489 ipse,
2094 4426 2140 4471 et
2164 4417 2279 4472 dua:
2308 4417 2429 4487 ﬁlia:
2466 4418 2575 4486 ejus
2618 4432 2732 4469 cum
2771 4432 2850 4469 eo.
2898 4414 3081 4471 Justus
3125 4415 3326 4470 invale-

1735 4520 1917 4565 scente
1947 4510 2122 4565 adhuc
2150 4509 2361 4573 timore,
2390 4525 2546 4577 quem
2570 4518 2889 4578 conceperat
2917 4524 2945 4561 a
2974 4508 3124 4579 plaga
3154 4509 3322 4565 Sodo-

1734 4605 1879 4659 ntitis
1910 4604 2145 4670 inducta,
2179 4603 2364 4674 procul
2394 4602 2524 4669 abit,
2554 4609 2609 4657 et
2634 4602 2685 4656 in
2714 4609 2914 4667 monte,
2948 4602 3137 4672 inquit,
3166 4600 3319 4657 habi-

1733 4704 1808 4750 tat
1849 4711 1969 4750 cum
2019 4694 2227 4750 filiabus
2267 4695 2379 4749 suis
2412 4711 2425 4748 :
2458 4701 2513 4748 et
2551 4694 2603 4748 iu
2650 4693 2936 4749 solitudine
2978 4702 3032 4749 et
3075 4696 3319 4750 vastitate

1730 4798 1970 4843 extrema
2014 4796 2200 4859 postea
2245 4786 2345 4841 fuit
2373 4801 2493 4841 cum
2538 4785 2785 4851 filiabus,
2831 4785 2884 4839 in
2926 4794 3107 4840 nionte
3135 4785 3317 4841 sedem

1732 4881 1955 4937 habens.
1991 4882 2082 4936 5l.
2109 4880 2253 4934 Dixit
2278 4890 2463 4946 autem,
2494 4880 2683 4949 inquit,
2715 4880 2882 4950 major
2907 4890 3030 4933 natu
3056 4878 3124 4931 ad
3138 4879 3322 4949 junio-

1729 4991 1833 5027 rem
1862 4990 1879 5027 :
1904 4971 2059 5027 Pater
2083 4982 2251 5027 noster
2275 4988 2431 5025 senex
2457 4981 2551 5036 est,
2582 4981 2627 5025 et
2653 4971 2822 5024 nullus
2854 4980 2927 5024 est
2952 4987 3103 5041 super
3130 4980 3316 5023 terram

1728 5067 1814 5137 qui
1838 5066 2150 5138 ingrediatur
2188 5066 2256 5119 ad
2299 5082 2411 5129 nos,
2448 5065 2603 5136 juxta
2643 5079 2832 5116 morem
2869 5063 3112 5116 universa:
3146 5070 3313 5127 terra',

1728 5159 1819 5215 52.
1853 5160 1998 5227 Veni,
2027 5168 2073 5214 et
2100 5168 2326 5230 potamus
2355 5167 2549 5228 patrem
2579 5165 2807 5209 nostrum
2834 5154 2946 5207 vino
2966 5194 2982 5220 ,
3014 5162 3058 5207 et
3088 5152 3313 5205 dormia-

1727 5270 1841 5306 mus
1870 5270 1983 5307 cum
2009 5269 2097 5316 eo,
2129 5262 2174 5305 et
2201 5252 2469 5305 excitemus
2507 5265 2673 5303 semen
2700 5265 2761 5303 ea:
2790 5257 2933 5318 patre
2958 5255 3146 5300 nostro.
3179 5243 3311 5300 Cum

1727 5344 2026 5399 reverentia
2055 5350 2109 5397 et
2136 5342 2325 5396 timore
2354 5341 2520 5395 multo
2546 5340 2824 5394 audiamus
2855 5353 2937 5401 ea,
2969 5337 3169 5400 dilecti,
3195 5353 3312 5406 qua:

1726 5435 1778 5489 in
1808 5435 2002 5490 Jiviuis
2032 5434 2322 5504 Scripturis
2361 5433 2738 5496 continentur;
2787 5446 2893 5486 non
2936 5429 3078 5485 enim
3113 5438 3313 5483 temere

1724 5537 1778 5581 et
1806 5525 2005 5597 absque
2035 5541 2191 5581 causa
2221 5527 2414 5595 scripta
2445 5534 2597 5589 sunt,
2626 5523 2719 5578 sed
2759 5523 2935 5577 omnia
2968 5522 3168 5576 utiliter
3198 5530 3253 5575 et
3280 5536 3311 5575 e

1724 5633 1783 5673 re
1812 5626 2015 5685 nostra,
2047 5618 2253 5673 etiamsi
2282 5632 2380 5672 nos
2399 5616 2640 5687 quaedam
2673 5618 2999 5685 ignoremus.
3028 5613 3140 5668 Non
3166 5613 3308 5667 enim

1724 5711 1901 5765 omnia
1933 5703 2215 5781 possumus
2257 5710 2532 5766 evidenter
2575 5709 2713 5765 scire
2747 5728 2759 5763 :
2793 5708 2887 5765 sed
2930 5710 2974 5763 si
3022 5719 3076 5764 et
3120 5722 3308 5762 causas

1727 5803 1949 5875 reddere
1979 5821 2073 5874 pro
2124 5815 2306 5860 nostro
2348 5812 2503 5875 captu
2552 5813 2847 5867 lculemus,
2892 5800 3089 5857 habent
3132 5809 3309 5854 tamen
