3750 6250
401 252 498 312 Mi

399 369 572 424 adhuc
598 366 852 422 latentem
881 362 1162 435 quemdam
1195 362 1503 416 thesaurum
1534 360 1549 391 '
1578 374 1607 413 a
1638 357 1820 414 multis
1859 354 1985 412 abs-

399 459 696 521 conditum,
761 473 857 512 nec
887 453 1332 526 investigabilem.
1357 449 1647 508 Considera
1677 450 1835 520 igitur
1854 462 1990 519 quo-

401 555 562 604 modo
594 548 867 618 Scriptura
899 545 1076 601 omnia
1121 545 1403 600 manifeste
1447 541 1708 604 narrarit,
1746 551 1802 597 et
1838 539 1991 595 nobis

432 658 624 712 copam
654 640 721 696 ad
761 642 918 695 ﬁnem
949 639 1242 694 ostenderit
1283 637 1510 693 ﬁliarum
1547 635 1710 708 justi,
1753 642 1808 690 et
1851 647 1992 689 nunc

399 735 614 806 quidem
649 749 745 804 pro
776 733 880 788 illis
901 774 915 797 ,
951 748 1092 787 nunc
1130 746 1261 787 vero
1290 746 1389 802 pro
1412 729 1559 800 justo
1586 729 1800 800 dignam
1828 741 1992 783 excu-

402 825 666 879 sationem
715 825 987 880 aii'erens:
1021 832 1078 878 ut.
1117 823 1294 877 nullus
1323 822 1387 874 ad
1430 819 1629 875 factum
1675 818 1987 887 respiciens,

401 916 486 971 vel
508 916 712 985 justum
734 916 1075 982 condemnet,
1104 915 1186 970 vel
1209 913 1336 984 justi
1371 912 1527 979 ﬁlias,
1555 911 1706 982 quasi
1735 925 1990 980 congres-

400 1023 493 1062 sus
524 1007 615 1064 ille
643 1019 862 1078 propter
889 1007 1326 1064 incontinentiam
1371 1007 1548 1062 fuerit.
1579 1003 1859 1074 Quomodo
1889 1003 1994 1075 igi-

401 1108 488 1155 tur
519 1098 743 1153 ﬁliarum
770 1101 898 1168 justi
943 1100 1341 1154 excusationem
1369 1096 1564 1152 ail‘ert?
1593 1095 1767 1161 Dixit,
1798 1096 1990 1165 inquit,

399 1185 568 1256 major
609 1200 730 1244 natu
770 1191 839 1244 ad
873 1191 1134 1258 juniorem
1156 1206 1176 1244 :
1204 1188 1362 1243 Pater
1399 1198 1565 1243 noster
1603 1195 1676 1242 est
1717 1204 1901 1251 senex,
1945 1195 1991 1242 et

401 1280 575 1334 nullus
600 1291 673 1334 est
716 1299 868 1350 super
898 1292 1084 1336 terram
1111 1282 1199 1353 qui
1240 1281 1554 1352 ingrediatur
1581 1280 1649 1332 ad
1688 1296 1811 1344 nos,
1837 1280 1990 1351 juxta

400 1389 594 1426 morem
641 1375 886 1428 tmiversaz
925 1385 1088 1432 terra».
1137 1373 1267 1429 Vide
1311 1388 1531 1444 scopum
1574 1371 1890 1442 diligenter,
1937 1378 1992 1426 et

406 1468 554 1521 omni
598 1482 689 1523 eas
738 1467 990 1521 liberabis
1015 1467 1254 1521 crimine.
1291 1466 1614 1520 Putaverunt
1653 1465 1793 1519 enim
1824 1479 1988 1534 gene-

403 1557 570 1610 ralem
611 1558 770 1611 totius
799 1558 946 1611 orbis
973 1557 1166 1612 factum
1198 1557 1469 1611 interitum
1489 1597 1502 1620 ,
1533 1555 1845 1624 nullumque
1873 1570 1990 1607 am-

405 1647 542 1717 plius
586 1662 706 1702 esse
753 1650 1093 1718 supersﬁtem
1143 1665 1156 1701 :
1199 1647 1392 1702 deinde
1440 1655 1494 1702 et
1541 1647 1704 1716 patris
1747 1645 1992 1700 viderunt

402 1749 749 1796 senectutem.
797 1739 863 1797 Ut
902 1741 1090 1811 igitur,
1126 1741 1327 1811 inquit,
1365 1755 1469 1794 non
1501 1739 1776 1795 abolentur
1800 1753 1989 1809 genus,

405 1847 505 1887 nec
530 1843 711 1902 pereat
739 1848 933 1886 nomen
963 1844 1204 1887 nostrum
1231 1831 1368 1903 (hare
1391 1832 1531 1886 enim
1557 1840 1672 1886 erat
1696 1830 1990 1900 priscorum

404 1923 639 1977 maxima
666 1939 790 1978 cura
815 1966 827 1984 ,
861 1924 1129 1993 quomodo
1153 1939 1322 1994 genus
1349 1939 1502 1977 suum
1544 1923 1834 1977 liberorum
1865 1931 1989 1976 Suc-

401 2015 646 2070 cessione
675 2015 987 2085 dilatareut)
1018 2034 1030 2071 2
1064 2032 1130 2070 ne
1154 2032 1316 2086 ergo,
1351 2016 1554 2085 inquit,
1583 2015 1752 2071 nostri
1779 2014 1992 2084 generis

403 2116 511 2161 tom
537 2105 626 2161 ﬁat
650 2107 890 2172 abolitio,
923 2108 1216 2176 praesertim
1238 2107 1346 2176 jam
1374 2107 1526 2161 senio
1553 2115 1702 2176 patre
1723 2104 1989 2172 coniecto,

405 2207 461 2250 et
490 2197 668 2251 nullus
701 2197 1002 2252 inveniatur
1034 2198 1113 2251 vir
1137 2197 1226 2268 qtti
1257 2198 1410 2253 nobis
1435 2199 1688 2270 jungatur
1708 2240 1722 2262 ,
1769 2207 1825 2251 ut
1867 2213 1989 2266 pos-

403 2287 574 2343 simus
603 2289 898 2344 extendere
929 2300 984 2343 et
1013 2289 1315 2359 relinquere
1356 2289 1576 2344 seminis
1605 2289 1770 2344 nostri
1805 2305 1993 2359 propa-

402 2379 671 2446 gationem
704 2397 715 2431 :
754 2379 902 2442 Veni,
938 2381 1134 2451 inquit,
1173 2389 1228 2434 ut
1255 2396 1321 2434 ne
1367 2379 1467 2434 boc
1495 2381 1620 2447 ﬁat,
1652 2391 1879 2449 potemus
1903 2398 1995 2452 pa-

405 2479 531 2523 trem
559 2481 784 2524 nostrum
813 2472 947 2524 vino.
975 2472 1133 2540 Quasi
1156 2471 1336 2527 dicere
1360 2473 1484 2527 velit
1510 2491 1523 2526 :
1547 2473 1681 2540 Quia
1704 2489 1993 2543 numquam

407 2560 572 2616 ferret
603 2563 685 2616 vel
722 2563 939 2618 auribus
972 2564 1072 2618 hoc
1120 2573 1287 2632 pater,
1319 2565 1444 2618 vino
1488 2563 1816 2634 deeipiamus
1845 2581 1990 2620 eum.

406 2652 500 2706 33.
534 2651 843 2707 I’otaverunt
879 2662 1043 2706 autem
1074 2663 1268 2724 patrem
1291 2669 1436 2708 suum
1466 2654 1580 2708 vino
1618 2665 1762 2709 nocte
1789 2656 1885 2710 ista
1905 2697 1920 2722 ,
1947 2666 1994 2710 et

405 2744 632 2814 ingressa
657 2755 728 2797 est
749 2745 936 2810 senior,
962 2754 1009 2798 et
1033 2746 1268 2798 dormivit
1295 2761 1410 2799 cum
1436 2757 1580 2815 patre
1599 2763 1689 2801 suo
1714 2763 1734 2801 :
1756 2757 1803 2802 et
1831 2748 1994 2802 nesci-

406 2837 472 2889 vit
507 2837 708 2907 quando
753 2837 844 2891 illa
868 2838 1188 2905 accubuerit,
1220 2839 1298 2892 vel
1320 2840 1610 2893 surrexerit.
1641 2839 1832 2895 Vidisti
1861 2856 1994 2911 quo-

406 2929 566 2983 Inodo
608 2928 788 2983 divina
832 2927 1107 3000 Scriptura
1157 2947 1253 3000 pro
1294 2930 1440 3000 justo
1483 2930 1745 2987 rationem
1785 2932 1994 2987 dederit

407 3036 510 3074 non
554 3019 722 3074 semel
769 3029 997 3082 tantum,
1041 3020 1136 3076 sed
1180 3029 1235 3076 et
1277 3021 1518 3076 iterum?
1563 3023 1715 3077 Prius
1752 3022 1991 3102 quidem,

407 3114 526 3183 quia
559 3113 680 3167 ﬁliae
710 3113 833 3166 vino
863 3113 1034 3183 ipsum
1063 3113 1418 3184 deceperunt,
1450 3113 1740 3169 declaravit
1764 3131 1856 3171 eas
1886 3129 1994 3171 non

410 3204 565 3259 aliter
595 3204 829 3273 potuisse
858 3205 1182 3274 persuadere
1227 3207 1395 3275 patri,
1425 3223 1582 3276 quam
1609 3209 1687 3261 sic
1719 3208 1992 3266 faciendo:

406 3311 547 3350 nunc
576 3305 755 3350 autem
783 3297 974 3365 opinor
1001 3307 1055 3351 et
1094 3311 1323 3367 superna
1346 3298 1742 3368 dispensatione
1761 3316 1881 3356 esse
1911 3300 1992 3354 fa-

409 3398 573 3451 ctum,
606 3387 674 3440 ita
704 3386 866 3443 fuisse
891 3403 1013 3443 eum
1039 3397 1380 3459 aggravatum
1406 3391 1560 3458 vino,
1593 3401 1651 3446 ut
1678 3408 1789 3448 rem
1817 3393 1995 3448 omni-

413 3496 480 3535 no
525 3481 828 3549 ignOraret,
875 3492 932 3536 ut
973 3497 1110 3537 noxa
1141 3491 1198 3538 ct
1237 3484 1459 3540 crimine
1489 3501 1688 3542 vacuus
1721 3499 1884 3546 esset.
1917 3491 1996 3549 Ea

409 3573 551 3627 enim
597 3583 808 3642 peccata
853 3589 951 3628 nos
979 3576 1368 3646 condemnant,
1397 3593 1518 3650 quae
1558 3581 1789 3638 scientes
1815 3593 1869 3639 et
1897 3600 1995 3638 vo-

411 3667 639 3722 luntarie
681 3665 923 3722 facimus.
952 3669 1113 3726 Vides
1151 3672 1419 3741 quomodo
1460 3675 1821 3733 testimonium
1855 3696 1996 3751 pra:-

413 3757 533 3811 beat
577 3758 725 3828 justo
773 3759 1082 3832 Scripura,
1136 3764 1309 3834 ipsum
1358 3767 1580 3821 omnino
1627 3785 1740 3824 rem
1789 3781 1994 3842 gestam

411 3849 731 3917 ignorasse?
763 3850 954 3906 Verum
982 3852 1148 3907 altera
1176 3857 1399 3924 qna-slio
1424 3859 1591 3929 surgit
1618 3859 1685 3915 de
1711 3861 1992 3921 ebrietate.

410 3940 638 4010 Oportet
663 3943 804 3995 enim
832 3945 1008 3996 omnia
1043 3945 1382 4016 investigare,
1411 3959 1466 4002 ut
1491 3951 1634 4004 nulla
1662 3951 1917 4021 improbis
1944 3965 1998 4011 et.

413 4031 810 4101 impudentibus
849 4034 1205 4090 calumniandi
1240 4038 1570 4109 relinquatur
1597 4047 1830 4100 occasio.
1858 4047 1995 4115 Quid

415 4121 568 4190 igitur
601 4126 669 4176 de
697 4121 794 4176 bac
826 4140 884 4178 re
914 4124 1196 4180 dicemus?
1218 4126 1334 4182 Νοη
1364 4139 1466 4184 tam
1496 4147 1559 4187 ex
1589 4134 1997 4205 intemperantia

413 4212 490 4266 illi
521 4213 778 4267 accidisse
803 4215 1141 4281 ebrietatem,
1174 4233 1331 4289 quam
1359 4237 1422 4275 ex
1451 4223 1684 4278 tristitia.

486 4304 540 4360 5.
574 4302 753 4375 Neque
785 4304 880 4359 Lat
910 4324 1068 4375 neque
1092 4309 1215 4377 ﬁlia:
1247 4312 1355 4382 ejus
1383 4312 1679 4369 danmandi.
1705 4347 1777 4358 —-
1813 4317 1998 4377 Nullus

413 4397 574 4466 igitur
602 4398 796 4452 audeat
824 4408 916 4453 aut
938 4399 1161 4468 justum,
1183 4410 1276 4457 aut
1297 4404 1424 4473 justi
1457 4406 1588 4461 ﬁlias
1613 4408 1993 4468 condemnare.

410 4492 690 4558 Quomodo
720 4493 860 4546 enim
899 4509 1002 4546 nou
1032 4506 1173 4550 esset
1214 4508 1466 4552 extrema:
1495 4499 1777 4559 dementia:
1819 4513 1873 4560 et
1915 4506 1996 4560 in-

412 4584 699 4653 sipientix,
730 4586 774 4639 si
807 4600 901 4640 eos
936 4603 1070 4656 quos
1094 4587 1270 4643 divina
1295 4589 1568 4661 Scriptura
1593 4595 1660 4649 ab
1688 4598 1832 4652 omni
1861 4598 1998 4654 libe-

411 4691 494 4734 rat
521 4679 746 4734 crimine
765 4721 781 4746 ,
812 4679 919 4734 imo
947 4697 1042 4747 pro
1075 4683 1265 4751 quibus
1301 4692 1502 4740 tantam
1528 4689 1826 4760 apologiam
1852 4707 1998 4748 com-

410 4773 603 4844 ponit,
654 4788 752 4828 nos
808 4772 1101 4829 innumeris
1159 4786 1501 4845 peccatorum
1569 4783 1794 4838 sarcinis
1857 4785 1997 4854 pleni

411 4865 833 4920 condemnemus
862 4883 874 4919 :
907 4876 960 4920 et
989 4883 1092 4921 non
1122 4867 1400 4924 audiamus
1426 4869 1650 4926 Paulum
1691 4873 1954 4932 dicentem
1982 4895 1994 4931 :

421 4957 555 5013 Deus
585 4961 668 5028 qui
690 4960 943 5030 justi/icat
965 5003 980 5027 ,
1017 4962 1130 5032 quis
1175 4971 1248 5017 est
1277 4966 1362 5031 qui
1389 4967 1680 5023 condemnet
1720 4971 1738 5040 (
1763 4971 1909 5025 Rom.
1942 4973 1995 5029 8.

411 5051 496 5108 55.
528 5052 679 5118 54)?
707 5052 773 5107 Et
797 5063 852 5108 ut
881 5053 1090 5122 discas,
1119 5055 1223 5110 hoc
1261 5071 1366 5111 non
1398 5057 1450 5112 in
1480 5074 1671 5115 vanum
1703 5072 1756 5117 et
1788 5065 1997 5136 simpli-

413 5144 546 5198 t-iter
587 5144 782 5200 factum
823 5161 964 5214 esse,
1004 5146 1100 5202 sed
1145 5149 1411 5204 tristitiam
1457 5152 1672 5208 nimiam
1709 5157 1998 5214 accedente

414 5234 538 5288 vino
567 5235 771 5289 nullum
801 5236 851 5291 ei
894 5235 1176 5306 reliquisse
1214 5253 1468 5309 sensum,
1505 5243 1628 5298 audi
1666 5245 1792 5315 quid
1833 5248 1993 5303 dicat.

411 5326 501 5379 δι.
535 5326 598 5380 Et
629 5332 820 5398 factum
848 5340 920 5384 est
947 5331 1028 5386 die
1051 5335 1308 5403 sequenti,
1339 5335 1565 5409 dixitque
1591 5341 1757 5411 major
1782 5353 1902 5396 natu
1930 5344 2000 5396 ad

402 5411 659 5481 juniorem
687 5433 706 5473 :
735 5419 868 5474 Ecce
897 5421 1110 5477 dormivi
1139 5424 1246 5480 heri
1289 5442 1404 5481 cum
1451 5439 1595 5500 patre
1622 5442 1790 5487 nostro
1815 5449 1834 5487 :
1862 5445 2000 5506 pote-

475 5573 495 5604 ι
529 5573 671 5638 savii,
697 5583 748 5625 et
766 5573 950 5638 aliquot
972 5585 1098 5636 Mss,
1123 5591 1216 5629 non
1255 5582 1381 5632 enim
1419 5584 1630 5634 omnium
1655 5599 1900 5638 possumus
1918 5604 1998 5638 ar-

403 5635 725 5742 sqxztzg‘scire
748 5635 973 5698 caurum,
1001 5635 1201 5692 tututtten
1225 5642 1394 5695 habent
1417 5646 1624 5708 aliquem
1649 5635 1872 5701 intentent
1891 5635 1996 5702 the-

1115 248 1171 305 S.
1213 244 1490 303 JOANNIS
1525 237 2004 300 CHRYSOSTOMI
2044 237 2358 297 ARCHIEP.
2395 238 2938 298 CONS’I‘ANTINOP.
3585 238 3680 295 ιω

2101 372 2212 410 mus
2232 357 2389 427 igitur
2409 373 2520 410 eum
2545 357 2660 410 vino
2682 367 2731 410 et
2757 366 2903 409 nocte
2922 355 3038 420 ista,
3065 364 3110 409 et
3136 356 3360 426 ingressa
3387 355 3551 409 donni
3575 370 3682 408 cum

2099 465 2177 512 eo,
2203 457 2251 502 et
2276 448 2546 502 excitemus
2575 464 2650 502 ex‘
2663 458 2807 516 patre
2826 456 3000 501 nostro
3027 463 3214 503 semen.
3239 446 3404 504 Vides
3422 448 3684 519 quomodo

2097 548 2244 594 recta
2266 541 2526 595 sententia
2556 539 2657 594 hoc
2678 538 2964 594 faciebant.
2996 537 3129 594 Nam
3153 540 3274 610 quia
3299 540 3471 610 potui,
3499 537 3684 608 inquit,

2096 645 2198 702 ego
2225 630 2367 700 quod
2399 630 2701 701 qumrebam
2746 631 2972 701 implere
2991 672 3008 698 ,
3039 629 3402 686 necessarium
3433 639 3520 686 est
3555 639 3610 686 et
3641 642 3688 686 te

2099 722 2239 778 idem
2271 719 2450 780 facere
2479 741 2492 779 :
2527 725 2661 778 forte
2688 724 2829 779 enim
2859 734 3104 780 votorum
3132 735 3439 780 nostrorum
3467 739 3687 795 compo-

2097 822 2180 868 tes
2206 814 2438 880 erimus,
2469 824 2525 870 et
2558 831 2665 870 non
2696 815 2750 870 in
2789 825 3048 872 aeternum
3075 831 3243 887 genus
3273 825 3519 872 nostrum
3572 833 3688 887 per-

2097 905 2212 960 ibit.
2247 907 2336 963 '55.
2375 906 2684 962 Potaverunt
2730 918 2898 962 autem
2923 920 2977 964 et
3015 919 3158 964 nocte
3184 910 3278 965 illa
3321 921 3520 980 pereat
3549 927 3691 966 tm

2097 999 2233 1062 vino,
2263 1007 2312 1054 et
2340 1000 2568 1071 ingressa
2592 1009 2667 1056 est
2683 1001 2884 1073 junior,
2914 1010 2961 1054 et
2990 1001 3222 1056 dormivit
3247 1019 3362 1056 cum
3393 1013 3546 1073 patre
3568 1020 3689 1057 suo:

2095 1101 2143 1146 et
2172 1093 2419 1164 ignoravit
2446 1093 2533 1148 ille
2554 1095 2758 1165 quando
2785 1093 2898 1164 ipsa
2927 1095 3004 1148 vel
3027 1095 3336 1158 accubuerit,
3362 1095 3441 1148 vel
3461 1112 3690 1148 surrexe-

2095 1181 2179 1236 rit.
2214 1183 2545 1249 Considera,
2586 1183 2817 1251 dilecte,
2855 1193 3023 1240 totum
3067 1184 3262 1240 factum
3306 1186 3477 1240 fuisse
3518 1185 3690 1240 divina

2095 1273 2532 1346 dispensatione,
2576 1277 2716 1331 sicut
2745 1285 2799 1331 et
2843 1276 3017 1347 primo
3059 1275 3264 1330 homini
3306 1277 3516 1331 evenit.
3563 1275 3689 1329 Nam

2095 1367 2234 1423 sicut
2260 1368 2366 1424 illic
2398 1385 2462 1423 ex
2493 1368 2812 1424 dormientis
2844 1370 3009 1424 latere
3039 1370 3211 1439 portio
3237 1379 3454 1438 sumpta
3487 1377 3608 1435 est,
3633 1384 3693 1423 eo

2097 1475 2204 1515 non
2227 1461 2493 1516 sentiente
2518 1478 2532 1526 ;
2566 1459 2662 1516 sed
2687 1461 2778 1532 qui
2805 1462 3031 1516 ﬁnxerat
3057 1461 3198 1516 latus
3225 1461 3382 1526 illud,
3409 1462 3544 1517 inde
3569 1478 3693 1517 nso-

2095 1567 2209 1606 rem
2242 1553 2370 1606 Atla:
2414 1552 2661 1623 produxit
2702 1570 2718 1607 :
2757 1553 2919 1608 simili
2966 1553 3126 1610 modo
3163 1563 3218 1608 et
3259 1569 3424 1610 nunc.
3476 1555 3614 1610 Nam
3653 1557 3692 1610 si

2097 1654 2263 1700 costae
2289 1645 2516 1714 ereptio,
2542 1660 2763 1701 excessu
2791 1644 2985 1700 mentis
3011 1660 3040 1698 a
3070 1645 3176 1700 Deo
3203 1645 3476 1714 immisso,
3501 1647 3694 1715 absque

2097 1737 2240 1793 illius
2269 1753 2430 1794 sensu
2457 1738 2555 1794 fuit
2585 1757 2597 1791 :
2630 1739 2797 1793 multo
2822 1739 2986 1808 magis
3007 1747 3062 1794 et
3082 1754 3223 1794 nunc
3253 1741 3325 1795 ita
3356 1739 3571 1795 factum
3598 1750 3691 1795 est.

2095 1827 2227 1885 Nam
2261 1829 2312 1884 id
2343 1830 2482 1901 quod
2513 1829 2645 1885 dixit
2677 1831 2783 1887 illic
2807 1830 2984 1884 divina
3013 1830 3307 1900 Scriptura,
3354 1830 3590 1886 Immisit
3614 1849 3693 1885 es-

2096 1923 2268 1979 stasim
2297 1924 2348 1978 in
2378 1923 2572 1992 Adam,
2605 1933 2650 1978 et
2680 1923 2912 1978 dormivit
2940 1923 3103 1994 (Gen.
3131 1924 3185 1978 2.
3212 1924 3274 1978 21
3298 1923 3319 1995 )
3350 1944 3362 1978 :
3399 1925 3510 1978 hoc
3540 1935 3594 1978 et
3621 1924 3694 1978 hic

2097 2015 2417 2086 signiﬁcavit
2456 2015 2720 2079 dicendo,
2763 2014 2981 2069 Nescivit
3019 2016 3220 2086 quando
3264 2016 3342 2069 rel
3385 2016 3691 2081 accubuerit,

2097 2107 2174 2162 vel
2201 2108 2492 2163 surrexerit.
2521 2108 2606 2162 36.
2635 2107 2705 2161 Et
2729 2115 3084 2178 conceperant,
3108 2107 3297 2177 inquit,
3325 2107 3391 2160 de
3421 2116 3577 2178 patre
3594 2125 3690 2161 suo.

2097 2195 2186 2256 37.
2215 2199 2284 2253 Et
2313 2201 2505 2268 peperit
2532 2201 2697 2271 major
2734 2212 2856 2253 natu
2886 2200 3052 2269 ﬁlium
3080 2211 3124 2254 et
3151 2201 3344 2254 vocavit
3377 2218 3571 2254 nomen
3599 2202 3694 2270 ejus

2099 2291 2272 2359 Moab,
2293 2274 2482 2358 dicens,
2505 2291 2589 2347 Ex
2617 2303 2760 2364 patre
2788 2311 2915 2348 meo.
2942 2291 2994 2346 Η
2999 2295 3043 2346 ic
3067 2303 3206 2364 pater
3231 2304 3300 2348 est
3323 2292 3380 2347 Μ
3388 2294 3690 2347 oabitantnt.

2098 2385 2186 2442 '58.
2225 2385 2428 2458 Peperit
2468 2396 2634 2440 autem
2670 2396 2717 2441 et
2752 2387 2936 2455 junior
2959 2387 3156 2456 ﬁlium,
3198 2397 3246 2440 et
3287 2389 3496 2441 vocavit
3529 2405 3695 2442 nam

2096 2479 2207 2546 ejus
2229 2477 2444 2531 Ammon
2465 2520 2479 2544 ,
2515 2477 2686 2532 dicens
2705 2521 2721 2544 ,
2761 2477 2926 2532 Filius
2954 2478 3149 2549 generis
3175 2481 3288 2532 mei.
3327 2477 3435 2532 Hic
3463 2489 3541 2533 est
3567 2492 3696 2549 pater

2097 2570 2520 2625 Antntanitarum.
2541 2570 2704 2625 Vides
2727 2570 2775 2624 id
2799 2586 2906 2624 non
2932 2570 3092 2626 fuisse
3112 2571 3528 2626 incontinentiae
3548 2587 3694 2641 opus,

2099 2679 2220 2717 cum
2252 2663 2468 2717 nomina
2499 2664 2675 2718 statim
2717 2663 2856 2718 natis
2892 2662 3180 2718 indiderint
3203 2704 3220 2728 ,
3259 2665 3465 2735 quibus
3507 2663 3694 2720 factum

2098 2756 2505 2828 signiﬁcabant,
2539 2764 2594 2812 et
2621 2756 2673 2811 in
2702 2756 2930 2811 ﬁliorum
2962 2757 3268 2812 nominibus
3311 2758 3478 2828 quasi
3523 2758 3578 2812 in
3605 2773 3694 2813 co-

2099 2848 2280 2903 lumna
2323 2847 2492 2903 ferme
2517 2847 2749 2917 quadam
2777 2849 3090 2909 memoriam
3128 2847 3254 2904 facti
3297 2848 3694 2919 inscripserint.

2109 2963 2163 3010 et
2188 2953 2300 3023 jam
2331 2961 2442 3004 tum
2483 2949 2862 3019 praesignarmt
2884 2952 3070 3015 gentes
3101 2957 3165 2995 ex
3197 2940 3276 2994 eis
3307 2939 3530 2993 futuras
3560 2953 3695 3001 esse,

2108 3055 2165 3101 et
2199 3045 2252 3099 in
2283 3040 2678 3098 multitudinem
2701 3053 2761 3092 se
2786 3042 3202 3106 propagaturum
3220 3040 3478 3086 natorum
3512 3045 3692 3101 genus.

2109 3138 2244 3194 Nam
2272 3137 2359 3191 ille
2385 3134 2622 3204 quidem,
2645 3130 2840 3200 inquit,
2866 3136 3022 3198 pater
3047 3126 3151 3180 erit
3172 3123 3576 3188 Moabitarum,
3607 3125 3697 3178 iste

2111 3238 2289 3286 autem
2314 3223 2767 3280 Atntnonitarum.

2178 3318 2232 3374 6.
2276 3314 2494 3372 litoralis
2521 3313 2834 3367 exhortatio.
2865 3308 3086 3363 Collatia
3117 3306 3334 3376 Iosephi
3359 3305 3698 3359 continenti}:

2107 3430 2225 3470 cum
2263 3407 2588 3479 Babylonica
2625 3400 3129 3473 fornace—Verum
3158 3397 3698 3467 tttncquident,quo-

2107 3504 2252 3560 niam
2268 3501 2419 3571 origo
2439 3510 2489 3554 et
2509 3496 2661 3552 initia
2683 3503 2858 3557 erant,
2879 3503 2933 3548 et
2949 3509 3041 3563 per
3056 3492 3270 3564 generis
3287 3491 3696 3544 successionem

2107 3595 2420 3651 memoriam
2445 3606 2597 3646 suam
2623 3587 2875 3642 volebant
2894 3600 3231 3644 conservare,
3251 3591 3471 3636 tantum
3489 3580 3612 3648 ejus
3633 3583 3697 3635 rei

2108 3688 2340 3743 studium
2361 3681 2599 3752 fuitjusti
2616 3680 2848 3736 ﬁliabus:
2865 3693 3005 3733 nunc
3017 3687 3197 3732 autem
3213 3676 3336 3746 quia
3354 3692 3458 3744 per
3471 3676 3697 3745 gratiam

2106 3781 2202 3838 Dei
2233 3778 2416 3848 religio
2438 3774 2642 3844 majora
2669 3771 2900 3841 sumpsit
2925 3771 3278 3830 incrementa,
3311 3775 3365 3820 et
3397 3767 3695 3820 secundum

2105 3875 2323 3930 beatum
2347 3870 2592 3934 Paulum,
2614 3866 2850 3922 Prwterit
2866 3865 3038 3936 ﬁgura
3051 3860 3413 3930 mundihujus
3434 3859 3485 3930 (1
3510 3858 3697 3913 Cani.

2106 3968 2221 4040 51),
2247 3982 2412 4036 opera
2445 3964 2585 4019 bona
2617 3961 2827 4032 agendo
2865 3956 3179 4013 memoriam
3207 3953 3380 4007 nostri
3419 3953 3695 4021 relinqua-

2105 4074 2226 4115 mus
2249 4076 2263 4111 :
2295 4073 2353 4112 ut
2368 4074 2492 4112 cum
2516 4057 2642 4110 hinc
2657 4053 3087 4124 migraverituus,
3112 4051 3234 4105 vita:
3250 4058 3457 4104 nostra:
3473 4049 3703 4118 diligens

2105 4158 2162 4206 et
2194 4157 2444 4204 accurata
2479 4145 2618 4200 ratio
2641 4145 2714 4200 sit
2743 4143 3132 4198 monimentum
3162 4149 3218 4196 et.
3244 4139 3503 4194 doctrina
3539 4139 3684 4193 omni

2104 4239 2209 4295 bus
2236 4238 2324 4309 qui
2360 4237 2410 4290 in
2449 4252 2548 4290 nos
2591 4234 2900 4304 respicieut.
2945 4230 3080 4285 Nam
3113 4229 3205 4299 qui
3246 4231 3458 4282 virtute
3487 4227 3700 4298 puediti

2105 4339 2253 4394 sunt,
2281 4338 2334 4384 et
2358 4338 2564 4382 castam
2593 4327 2754 4379 vitam
2778 4323 3014 4386 ducunt,
3038 4336 3144 4376 non
3169 4319 3345 4375 solum
3376 4319 3434 4373 in
3463 4319 3576 4373 hac
3599 4318 3700 4371 vita

2104 4423 2381 4494 degentes,
2405 4421 2498 4475 sed
2524 4426 2715 4488 etpost
2742 4417 2863 4470 vita:
2885 4415 3110 4477 exitum,
3127 4411 3422 4482 plttrimum
3439 4411 3701 4481 prodesse

2104 4521 2359 4586 poterunt
2387 4511 2452 4566 iis
2485 4511 2574 4580 qui
2604 4510 2656 4563 in
2689 4526 2746 4562 se
2780 4504 3138 4576 respexerint.
3174 4502 3239 4556 Et
3271 4510 3329 4555 ιιι
3360 4502 3465 4555 hoc
3497 4502 3702 4561 discas,

2103 4607 2250 4677 vide,
2275 4605 2524 4666 obsecro,
2569 4611 2801 4670 quantus
2852 4613 3115 4653 annorum
3175 4609 3435 4649 numerus
3483 4593 3706 4647 transiit

2105 4712 2274 4770 usque
2297 4698 2349 4751 in
2365 4695 2684 4751 hodiernum
2707 4692 2870 4756 diem,
2897 4705 2962 4744 ac
2981 4687 3194 4759 quoties
3209 4686 3456 4740 volumus
3488 4684 3704 4754 aliquas

2105 4790 2159 4846 in
2193 4788 2593 4846 aemulationem
2635 4783 2980 4840 continentia:
3026 4793 3345 4852 provocare.
3395 4775 3609 4846 Ioseph
3653 4776 3701 4826 in

2107 4881 2343 4937 medium
2374 4877 2648 4932 aﬂ‘erimus
2670 4875 2997 4944 speciosum,
3029 4870 3348 4931 formosum,
3381 4866 3705 4920 adolescant—

2107 4987 2237 5043 tem,
2275 4974 2328 5029 in
2370 4973 2484 5043 ipso
2513 4971 2690 5026 aetatis
2730 4968 2862 5024 ﬁore
2908 4975 3111 5022 latitant
3138 4963 3412 5019 castitatis
3442 4968 3705 5013 constan-

2101 5063 2228 5116 tiam
2275 5076 2382 5130 pra:
2434 5075 2494 5116 se
2543 5061 2839 5116 ferentem:
2871 5067 2924 5115 et
2973 5059 3051 5114 sic
3093 5057 3160 5114 ad
3192 5056 3556 5114 imitationem
3577 5056 3701 5128 justi

2101 5157 2260 5226 huius
2303 5155 2470 5211 auditt
2483 5171 2570 5211 res
2608 5170 2896 5225 provocare
2934 5155 3228 5209 studentes.
3257 5153 3391 5220 Quis
3415 5168 3572 5209 enim
3601 5168 3703 5207 non

2101 5251 2456 5305 admiraretur
2478 5248 2688 5303 beatum
2717 5248 2888 5313 illum,
2920 5248 3008 5318 qui
3039 5246 3091 5302 in
3121 5247 3379 5301 servitute
3404 5245 3696 5304 exsistens.

2102 5348 2156 5397 et
2175 5341 2226 5396 in
2254 5343 2369 5411 ipso
2395 5339 2528 5394 ﬁere
2553 5339 2745 5404 anatis,
2775 5335 2988 5408 quando
3020 5339 3249 5392 maxime
3285 5336 3474 5392 fornax
3499 5352 3704 5393 conca»

2103 5433 2481 5504 piscentiarum
2503 5429 2831 5496 accenditur,
2857 5446 2981 5484 cum
3012 5430 3216 5484 videret
3240 5429 3520 5484 dominam
3553 5443 3697 5481 suam

2103 5522 2462 5588 iuvadentem,
2513 5529 2568 5578 et
2611 5521 2964 5576 insanientem
3010 5521 3062 5575 in
3108 5536 3189 5587 se,
3225 5530 3424 5576 tantam
3461 5519 3700 5574 ostendit

2106 5614 2490 5679 fortitudinem,
2535 5621 2590 5669 et
2634 5613 2703 5667 ita
2749 5611 2815 5667 ad
2844 5611 3101 5668 castitatis
3128 5626 3328 5682 agones
3356 5628 3414 5667 se
3431 5612 3698 5673 exercuit,

2107 5717 2162 5760 ut
2201 5707 2267 5760 ab
2317 5706 2703 5776 intemperante
2729 5704 2816 5760 illa
2845 5704 3066 5761 muliere
3091 5703 3264 5760 nudus
3288 5703 3508 5766 quidem
3539 5703 3700 5759 vcsti-
