3792 6284
73 239 156 294 ιιι
1156 245 1224 301 ΙΝ
1256 246 1408 303 CAP.
1456 248 1593 305 XIX.
1638 250 1887 309 GENES.
1932 253 2165 313 HOMIL.
2202 256 2387 314 XLIV.

69 354 378 428 κειρώμεθά
402 373 565 412 τινων
586 359 897 415 ἀποδιδόναι
927 360 1064 415 κατά
1097 361 1159 415 τὸ
1187 362 1317 433 ἡμῖν
1343 366 1594 434 ἐφικτὸν,
1619 369 1733 421 ἀλλ’

66 446 203 514 ὅμως
250 447 344 499 καὶ
381 444 555 510 οὕτως
603 446 716 517 ἔχει
757 449 1206 525 ἐγκεκρυμμένον
1247 451 1371 504 τινά
1408 451 1683 526 θησαυρὸν
1708 468 1733 496 ιι

66 530 206 604 [455]
244 532 381 587 πολύ
426 534 749 605 ἀπόκρυφόν
782 552 841 588 τε
882 536 975 588 καὶ
1028 535 1488 608 δυσερμήνευτον.
1537 542 1735 595 Σκόπει

66 621 253 684 τοίνυν,
285 621 463 693 πῶςή
502 622 693 694 Γραφὴ
741 622 922 676 πάντα
971 624 1157 693 σαφῶς
1199 627 1602 698 διηγησαμένη,
1640 630 1735 682 καὶ

61 706 141 759 τὸν
182 706 385 761 σκοπὸν
403 709 537 780 ήμῖν
564 708 879 781 γνωρίσασα
908 710 1015 766 τῶν
1042 710 1137 763 τοῦ
1160 711 1368 767 δικαίου
1395 713 1730 787 θυγατέρων,

62 791 145 845 νῦν
176 794 279 864 μὲν
309 794 453 867 ὑπὲρ
480 794 663 850 αὐτῶν
698 795 975 868 ἀρκοῦσαν
1020 796 1319 867 ἀπολογίαν
1349 803 1604 868 ποιεῖται,
1636 801 1732 856 νῦν

60 880 107 933 δὲ
137 881 282 953 ὑπὲρ
308 881 403 935 τοῦ
433 882 664 949 δικαίου,
697 883 785 938 ῖνα
819 884 1008 956 μηδεὶς
1043 886 1266 957 ἀφορῶν
1297 888 1436 959 πρὸς
1460 890 1522 942 τὸ
1564 906 1729 960 γεγο-

61 968 162 1030 νὸς,
203 969 344 1041 μήτε
371 969 465 1024 τοῦ
490 970 699 1025 δικαίου
724 972 1046 1043 καταγνοίη,
1078 974 1214 1045 μήτε
1239 973 1346 1028 τῶν
1369 976 1534 1029 αὐτοῦ
1566 977 1733 1046 θυγα-

60 1055 242 1125 τέρων,
264 1053 339 1119 ώς
359 1055 425 1109 δι’
452 1056 745 1126 ἀσέλγειαν
767 1059 871 1129 τῆς
891 1059 1089 1130 μίξεως
1104 1061 1309 1132 ταύτης
1331 1063 1730 1137 γεγενημένης.

60 1143 173 1206 Πῶς
206 1139 304 1196 οὖν
333 1143 473 1216 ὑπὲρ
504 1144 611 1199 τῶν
638 1144 954 1219 θυγατέρων
978 1147 1075 1201 τοῦ
1104 1148 1312 1203 δικαίου
1343 1150 1727 1221 ἀπολογεῖται;

59 1226 217 1293 Ehe,
252 1232 439 1302 φησὶν,
470 1234 509 1301 ἡ
556 1233 930 1302 πρεσϐυτέρα
974 1234 1124 1304 πρὸς
1163 1235 1278 1305 τὴν
1304 1239 1619 1307 νεωτέραν
1667 1242 1729 1296 '0

57 1315 248 1384 πατὴρ
278 1317 445 1387 ἡμῶν
472 1321 897 1389 πρεσϐύτερος,
926 1321 1026 1376 καὶ
1064 1321 1267 1389 οὐδείς
1291 1323 1462 1377 ἐστιν
1493 1326 1592 1380 ἐπὶ
1616 1326 1728 1398 τῆς

55 1402 177 1472 τῆς,
212 1402 285 1470 ὃς
312 1405 725 1459 εἰσελεύσεται
760 1406 912 1474 πρὸς
950 1407 1129 1477 ἡμᾶς.
1162 1410 1243 1475 ὡς
1276 1408 1527 1477 καθήκει
1558 1411 1727 1486 πάσῃ

57 1492 119 1562 τῇ
280 1494 423 1565 Ὅρα
454 1495 544 1549 τὸν
574 1497 775 1551 σκοπὸν
827 1497 965 1569 μετά
1019 1498 1306 1571 ἀκριϐείας
1326 1539 1342 1565 ,
1384 1502 1479 1555 καὶ
1524 1503 1728 1569 παντὸς

54 1581 216 1645 αὐτὰς
264 1582 595 1650 ἀπαλλάξεις
667 1584 1035 1656 ἐγκλήματος.
1107 1587 1393 1659 Ἐνόμισαν
1433 1589 1541 1661 γὰρ
1592 1608 1729 1645 παν-

53 1668 311 1741 ωλεθρίαν
337 1669 787 1741 γεγενῆσθαι,καὶ
817 1671 1021 1742 μηδένα
1042 1672 1122 1727 ἔτι
1156 1673 1727 1748 καταλειφθῆναισεῖτα

52 1755 137 1808 καὶ
176 1755 279 1809 τοῦ
314 1758 520 1829 πατρὸς
566 1757 753 1829 ἐώρων
788 1760 849 1812 τὸ
890 1759 1087 1831 γῆρας.
1120 1762 1238 1816 Ἵνα
1273 1758 1399 1827 οὖν,
1426 1764 1592 1833 φησὶ,
1649 1766 1725 1837 μὴ

53 1844 317 1915 ἀφανισθῇ
346 1846 408 1898 τὸ
431 1846 609 1913 γένος,
645 1849 739 1901 καὶ
779 1846 1052 1919 ἀνώνυμοι
1083 1849 1370 1921 γενώμεθα
1397 1852 1576 1923 (τοῦτο
1613 1857 1724 1926 γὰρ

51 1926 113 2001 ἦν
138 1931 198 1985 τὸ
233 1932 490 1997 παλαιοῖς
522 1935 1021 2005 περισπούδαστον,
1056 1936 1198 1992 ὥστε
1231 1938 1319 1993 διά
1349 1940 1451 2009 τῆς
1490 1941 1600 1995 τῶν
1631 1944 1723 1995 ἐκ·

49 2021 217 2086 γόνων
246 2019 500 2091 διαδοχῆς
546 2022 884 2077 ἐκτείνεσθαι
926 2024 1106 2079 αὐτῶν
1150 2025 1212 2079 τὸ
1245 2026 1445 2097 γένος)’
1478 2027 1565 2082 ἵνα
1593 2025 1686 2082 οὖν
1705 2070 1719 2094 ,

49 2107 198 2175 φησι,
233 2106 310 2176 μή
351 2108 590 2178 παντελῆ
641 2110 737 2163 καὶ
778 2112 939 2181 ἡμεῖς
973 2112 1279 2183 ἀφανισμὸν
1314 2113 1720 2187 ὑπομείνωμεν,

46 2193 133 2245 τοῦ
168 2194 275 2261 μὲν
303 2194 510 2266 πατρὸς
538 2194 676 2267 πρὸς
708 2197 884 2268 γῆρας
928 2198 1241 2266 ἐλάσαντος,
1282 2201 1498 2266 οὐδενὸς
1538 2203 1595 2256 δὲ
1628 2204 1721 2257 εὐ-

50 2279 378 2350 ρισκομένου
403 2281 628 2353 ἀνδρὸς,
657 2276 702 2351 ᾧ
743 2285 1137 2358 συγγενόμεναι
1172 2287 1513 2359 δυνησόμεθα
1563 2291 1723 2344 ἑκτα-

47 2366 225 2436 θῆναι,
264 2370 360 2421 καὶ
398 2369 716 2424 καταλιπεῖν
738 2372 835 2426 τοῦ
858 2373 1173 2445 σπέρματος
1204 2375 1474 2448 διαδοχὴν,
1514 2376 1719 2445 Δεῦρο,

47 2455 231 2525 φησιν,
271 2456 358 2509 ἵνα
383 2457 459 2528 μή
490 2457 650 2511 τοῦτο
692 2460 917 2531 γένηται
942 2503 957 2528 ,
990 2462 1335 2533 ποτίσωμεν
1364 2464 1473 2518 τὸν
1496 2464 1723 2534 πατέρα

44 2542 213 2610 ἡμῶν
243 2545 437 2598 οἶνον.
486 2546 706 2617 Ἐπειδὴ
751 2548 851 2601 οὐκ
885 2548 950 2602 ἀν
1003 2566 1156 2614 ποτε,
1202 2551 1388 2623 φησὶν,
1438 2552 1722 2625 ἀνάσχοιτο

40 2633 158 2684 οὐδὲ
186 2633 330 2704 ἀκοῇ
360 2632 518 2686 τοῦτο
561 2634 973 2705 παραδέξασθαι
1002 2637 1030 2689 ὁ
1061 2638 1245 2709 πατὴρ
1264 2681 1279 2705 ,
1326 2638 1415 2692 διὰ
1441 2638 1534 2693 τοῦ
1578 2641 1720 2695 οῐνου

40 2720 138 2789 τὴν
193 2721 416 2791 ἀπάτην
451 2722 836 2793 ὲργασώμεθα.
893 2725 1210 2779 Ἐπότισαν
1250 2725 1319 2779 δὲ
1360 2725 1466 2780 τὸν
1498 2728 1723 2797 πατέρα

39 2807 243 2861 αὐτῶν
281 2805 449 2863 οἶνον
480 2810 550 2862 ἐν
572 2808 647 2879 τῆ
680 2810 854 2864 νυκτὶ
893 2812 1101 2881 ταύτῃ,
1143 2812 1242 2867 καί
1278 2815 1642 2869 εισελθοῦσα
1680 2817 1719 2885 ἡ

38 2896 419 2965 πρεσϐυτέρα
466 2898 754 2969 ἐκοιμήθη
792 2901 942 2969 μετὰ
969 2901 1077 2955 τοῦ
1108 2901 1333 2971 πατρὸς
1362 2901 1552 2971 αὐτῆς
1577 2922 1589 2935 ·
1622 2904 1722 2958 καί

36 2988 147 3039 οὐκ
182 2985 321 3055 ᾕδει
350 2986 419 3039 ἐν
449 2985 529 3052 τῷ
576 2986 928 3058 κοιμηθῆναι
964 2987 1182 3057 αὐτὴν,
1216 2990 1314 3044 καὶ
1348 2990 1710 3060 ἀναστῆναι.

38 3070 191 3135 Εἶδες
240 3072 360 3136 πῶς
391 3075 487 3126 καὶ
525 3074 664 3145 ὑπὲρ
714 3074 806 3128 τοῦ
853 3074 1066 3129 δικαίου
1112 3076 1491 3149 ἀπελογήσατο
1535 3080 1567 3149 ή
1605 3079 1720 3132 θεία

35 3159 261 3230 Γραφὴ,
306 3160 403 3231 οὐχ
439 3159 609 3226 ἅπαξ,
656 3161 791 3215 ἀλλά
840 3164 934 3215 καὶ
978 3162 1266 3235 δεύτερον;
1306 3166 1580 3237 Πρότερον
1624 3167 1721 3237 μὲν

33 3248 141 3319 γὰρ
169 3247 237 3313 ἐξ
275 3240 350 3301 ὧν
388 3250 443 3301 αἱ
485 3248 784 3322 θυγατέρες
810 3251 909 3322 τὴν
941 3251 1028 3305 διὰ
1060 3251 1153 3306 τοῦ
1180 3254 1324 3307 οἴνου
1358 3253 1575 3327 ἀπάτην
1605 3256 1721 3327 είρ-

31 3338 302 3405 γάσαντο,
338 3336 536 3402 ἔδειξεν
566 3337 643 3402 ὡς
674 3340 775 3393 οὐκ
815 3338 881 3392 ἃν
914 3340 1115 3411 έτέρως
1147 3340 1495 3414 ἠδυνήθησαν
1535 3345 1720 3397 πεῖσαι

31 3426 123 3479 τὸν
154 3424 379 3495 πατέρα
409 3424 571 3479 τοῦτο
613 3426 1014 3492 καταδέξασθαι
1036 3445 1050 3459 ’
1097 3430 1213 3482 νυνὶ⁸
1259 3430 1317 3483 δὲ
1350 3430 1533 3485 λοιπὸν
1568 3427 1720 3503 οἶμαι

34 3510 126 3565 καὶ
160 3508 487 3578 οἰκονομίας
516 3503 656 3562 εἶναι
676 3511 774 3580 τῆς
790 3510 999 3565 ἀνωθεν
1028 3511 1088 3565 τὸ
1113 3514 1355 3582 γεγονὸς,
1373 3514 1514 3568 ὥστε
1535 3515 1721 3568 τοσοῦ-

30 3614 122 3650 τον
150 3596 311 3667 αὐτῷ
357 3596 526 3667 κάρον
557 3597 900 3667 ἐγγενέσθαι,
952 3599 1028 3664 ὼς
1073 3600 1251 3672 πάντη
1302 3602 1601 3674 ἀγνοῆσαι,
1634 3602 1719 3655 ἴνα

33 3685 339 3749 ἀνεύθυνος
365 3685 590 3757 γένηται
635 3686 743 3739 τῶν
770 3686 1153 3759 ἐγκλημάτων.
1187 3689 1229 3741 Τ
1233 3690 1269 3743 ἀ
1314 3689 1425 3760 γάρ
1467 3691 1719 3761 ἀμαρτήα

35 3796 191 3849 ματα
228 3779 416 3831 ἐκεῖνα
463 3778 612 3848 ήμᾶς
650 3780 970 3850 κατακρίνει
1006 3783 1100 3834 καὶ
1144 3780 1530 3845 καταδικάζει,
1574 3780 1720 3853 ἅπερ

29 3867 95 3919 ἂν
128 3866 344 3929 εἰδότες
378 3866 474 3920 καὶ
515 3866 733 3931 ἑκόντες
762 3868 1121 3940 ἀμάρτωμεν.
1164 3868 1326 3941 Ὁρᾷς
1360 3869 1417 3923 δὲ
1452 3870 1549 3940 τὴν
1580 3870 1719 3942 Γρα-

29 3956 139 4025 φὴν
194 3952 588 4026 μαρτυροῦσαν
630 3953 711 4026 τῷ
761 3955 976 4028 δικαίῳ,
1030 3957 1112 4010 ὅτι
1153 3957 1291 4020 ὅλως
1340 3957 1441 4011 οὐκ
1495 3958 1615 4029 ᾔδει
1657 3956 1720 4010 τὸ

26 4042 293 4110 γεγονόςς
328 4040 489 4096 Ἀλλά
518 4041 678 4097 πάλιν
704 4041 893 4114 ἕτερον
926 4044 1228 4100 ἀνακόπτει
1262 4044 1486 4117 ζήτημα
1518 4045 1580 4098 τὸ
1617 4045 1719 4115 τῆς

27 4130 237 4201 μέθης.
273 4132 364 4183 Δεῖ
380 4132 490 4202 γὰρ
513 4129 691 4184 πάντα
714 4130 1113 4203 διερευνᾶσθαι,
1145 4132 1285 4187 ὥστε
1313 4133 1587 4204 μηδεμίαν
1619 4151 1720 4187 κα-

24 4221 291 4274 ταλιπεῖν
332 4222 447 4285 τοῖς
488 4219 769 4292 ἀγνώμοσι
798 4223 893 4275 καὶ⁸
922 4222 1301 4294 ἀναισχύντοις
1343 4226 1621 4297 ἀφορμήν.
1652 4224 1716 4278 Τί

23 4303 119 4361 οὖν
157 4309 265 4362 καὶ
288 4309 418 4380 περὶ
442 4308 633 4362 τούτου
654 4310 926 4382 εῖπωμεν;
959 4311 1080 4364 ’Ότι
1106 4311 1166 4364 οὐ
1190 4311 1443 4366 τοσοῦτον
1473 4312 1530 4379 ἐξ
1553 4314 1719 4384 ἀκρα-

24 4398 153 4460 σίας
184 4395 265 4450 τά
295 4396 397 4468 τῆς
427 4396 598 4469 μέθης
628 4397 776 4469 αὐτῷ
803 4399 1046 4469 γέγονεν,
1081 4399 1205 4454 ὅσον
1239 4399 1348 4454 ἀπὸ
1383 4400 1641 4471 ἀθυμίας.

96 4486 166 4541 ε’.
215 4483 423 4555 Μηδεὶς
450 4485 632 4541 τοίνυν
656 4486 908 4559 τολμάτω
950 4487 1042 4542 τοῦ
1067 4489 1099 4562 ή
1128 4489 1339 4543 δικαίου
1386 4491 1516 4543 ποτὲ
1547 4507 1716 4544 κατα-

24 4572 408 4644 ψηφίσασθαι,
442 4572 475 4642 ἢ
514 4572 622 4628 τῶν
645 4574 833 4628 τούτου
868 4574 1203 4649 θυγατέρων.
1238 4576 1364 4642 Πῶς
1392 4578 1500 4649 γάρ
1526 4579 1624 4632 οὐκ
1649 4578 1716 4634 ἀν

23 4664 106 4733 εἴη
149 4659 363 4732 μανίας
390 4659 627 4732 ἐσχάτης
650 4661 746 4715 καὶ
768 4663 1218 4737 παραφροσύνης,
1247 4662 1340 4728 οὓς
1362 4665 1397 4736 ή
1428 4664 1548 4718 θεία
1572 4665 1714 4737 Γρα-

23 4752 97 4821 gi]
134 4751 353 4811 παντὸς
388 4748 695 4820 ἀπήλλαξεν
726 4750 1090 4823 ἐγκλήματος,
1129 4751 1330 4823 μᾶλλον
1372 4751 1429 4805 δὲ
1471 4752 1613 4825 ὑπὲρ
1640 4745 1715 4808 ὧν

23 4837 312 4907 τοσαύτην
340 4836 636 4907 ἀπολογίαν
655 4838 968 4909 συνέθηκεν,
991 4840 1024 4910 ή
1032 4842 1137 4910 μᾶς
1156 4839 1281 4905 τοὺς
1304 4838 1517 4911 μυρίοις
1537 4840 1717 4913 ἀμαρ-

23 4945 83 4997 τη
93 4927 303 4996 μάτων
333 4925 573 4996 φορτίοις
599 4925 1062 4998 πεπληρωμένους
1085 4927 1491 4993 καταδικάζειν,
1516 4929 1610 4983 καὶ
1637 4929 1712 5002 μή

23 5016 261 5069 ὶκούειν
292 5014 508 5068 Παύλου
540 5014 814 5085 λέγοντος,
840 5015 985 5084 Θεὸς
1025 5019 1059 5071 ό
1098 5016 1363 5084 δικαιῶν,
1413 5018 1508 5083 τίς
1551 5020 1584 5072 ό
1612 5035 1715 5072 κα-

23 5104 373 5174 τακρίνων;
402 5104 511 5158 Καὶ
534 5104 623 5158 ἵνα
650 5105 829 5180 μάθῃς
841 5106 925 5160 ὅτι
949 5107 1047 5177 οὐχ
1068 5106 1256 5171 ἀπλῶς
1271 5106 1392 5160 οὐδέ
1415 5107 1538 5178 είκῆ
1559 5106 1716 5161 τοῦτο

23 5195 288 5261 γέγονεν,
307 5191 427 5245 ἀλλ’
446 5193 479 5263 ἡ
500 5192 775 5264 ὑπερϐολὴ
801 5194 899 5265 τῆς
913 5194 1150 5266 ἀθυμίας
1177 5195 1316 5266 μετά
1333 5194 1438 5266 τῆς
1455 5194 1548 5249 τοῦ
1565 5192 1712 5267 [454]

23 5282 168 5335 δῖνοι.)
198 5279 531 5350 προσθήκης
557 5280 817 5351 οὐδεμίαν
872 5282 1021 5353 αὐτῷ
1060 5282 1313 5352 αἴσθησιν
1368 5280 1713 5354 συνεχώρησε

23 5363 297 5433 γενέσθαι
329 5362 381 5426 δ,
417 5363 649 5420 ἀκουσον
694 5364 748 5418 τί
800 5383 987 5435 φησιν.
1030 5364 1299 5436 Ἐγένετο
1327 5364 1397 5419 δὲ
1425 5363 1499 5433 τῇ
1530 5365 1714 5420 ἐπαύ-

24 5468 176 5517 κον,
241 5451 343 5505 καὶ
379 5447 552 5506 εἶπεν
583 5452 623 5521 ἡ
666 5453 1040 5522 πρεσϐυτέρα
1071 5454 1221 5524 πρὸς
1250 5453 1365 5522 τὴν
1394 5452 1690 5522 νεωτέραν

23 5539 197 5596 Ἰδοὺ
248 5538 581 5608 ἐκοιμήθην
622 5540 766 5610 χθές
794 5542 947 5611 μετὰ
979 5542 1086 5596 τοῦ
1117 5541 1341 5610 πατρὸς
1373 5540 1564 5612 ἡμῶν
1603 5556 1713 5595 πο·-

68 5666 99 5695 ⁸
134 5662 313 5713 Savil.
340 5666 395 5711 et
416 5662 606 5724 aliquot
636 5676 751 5713 mss.
777 5664 831 5712 οὐ
851 5664 939 5729 γὰρ
961 5664 1149 5713 πάντων
1186 5662 1421 5727 δυνάμεθα
1453 5664 1554 5727 μετ’
1575 5664 1637 5712 ἀκ
1670 5682 1712 5711 ι-

24 5729 142 5783 Teia;
169 5725 359 5775 εἰδέναι
382 5725 468 5782 τήν
505 5725 677 5784 αἰτίαν,
702 5727 805 5775 ἀλλ’
827 5727 955 5784 ὅμως
989 5727 1085 5784 ἔχει
1105 5727 1209 5775 τινὰ
1241 5727 1614 5784 ἐγκεκρυμμένον
1634 5680 1712 5784 ξιι-

24 5729 142 5783 ῖείας
169 5725 359 5775 εἰδέναι
382 5725 468 5782 τήν
505 5725 677 5785 αἰτίαν,
702 5727 805 5775 ἀλλ’
827 5725 955 5788 ὅμως
989 5727 1085 5789 ἔχει
1105 5727 1209 5775 τινὰ
1241 5725 1614 5789 ἐγκεκρυμμένον
1634 5725 1703 5784 θη-

24 5789 225 5860 ςαυρρν.
280 5785 336 5833 In
378 5785 709 5860 sequentibus
743 5789 1237 5860 aliquol‘yariglales
1275 5794 1537 5839 occurrunt
1574 5789 1703 5850 apud

24 5850 275 5899 acilium
306 5862 417 5908 quae
435 5862 531 5895 non
553 5850 612 5899 ad
635 5862 839 5900 sensum
854 5852 1117 5913 pertinent.

61 5915 92 5954 ι»
120 5911 248 5966 Alii
276 5884 554 5966 ἐγγενέσθαι.

204 5924 248 5961 ιι
276 5924 554 5971 εγγενεσυαι.

3399 269 3506 325 ιω

1841 372 2102 442 τίσωμεν
2149 374 2263 429 οὖν
2297 376 2487 430 αὐτόν
2518 373 2688 433 οἶνον
2717 379 2816 433 καὶ
2858 381 2973 448 τὴν
3018 398 3207 439 νυκτα
3240 385 3467 446 ταύτην
3489 428 3503 451 ,

1838 457 1935 510 καὶ
1966 459 2331 513 εἰσελθοῦσα
2374 462 2687 529 κοιμήθητι
2740 465 2864 532 μετ’
2894 463 3083 518 αὐτοῦ
3102 506 3117 528 ,
3149 468 3247 521 καί
3288 466 3504 532 ἐξανα-

1835 539 2159 609 στήσωμεν
2176 543 2244 596 ἐκ
2288 544 2394 598 τοῦ
2434 547 2657 613 πατρὸς
2685 545 2855 615 ἡμῶν
2875 550 3133 618 σπέρμα.
3193 552 3356 623 Ὁρᾷς
3389 554 3506 616 πῶς

1835 623 1893 687 ἐξ
1926 623 2093 707 όρθῆς
2121 626 2345 697 γνώμης
2378 628 2534 681 τοῦτο
2556 630 2795 686 ἐποίουν.
2836 631 3053 703 Ἐπειδὴ
3078 632 3189 706 γὰρ
3209 634 3500 707 ἠδυνήθην,

1835 706 2023 775 φησὶν,
2057 707 2169 774 ἐγὼ
2192 711 2253 761 τὸ
2288 710 2723 782 σπουδαζόμενόν
2758 731 2848 783 μοι
2872 715 3181 786 πληρῶσαι,
3210 706 3505 787 ἀναγκαῖον

1973 788 2033 841 σὲ
2054 788 2115 842 τὸ
2132 791 2264 845 αὐτὸ
2292 792 2711 865 διαπράξασθαιο
2769 797 2899 861 ἴσως
2930 800 3037 870 γὰρ
3071 802 3150 863 είς
3187 800 3349 871 ἔργον
3368 804 3504 873 ἡμῖν

1832 872 2125 945 ἐκϐήσεται
2157 875 2227 929 τὰ
2245 877 2344 947 τῆς
2373 880 2719 950 προσδοκίας,
2738 881 2834 933 καὶ
2860 883 2961 934 οὐκ
2989 884 3068 947 είς
3082 884 3235 947 τέλος
3260 885 3321 937 τὸ
3346 872 3502 954 γένος

1831 956 1989 1028 ήμῶν
2036 958 2483 1031 ἀφανισθήσεται.
2534 963 2860 1018 Ἐπότισαν
2912 965 2981 1018 δὲ
3030 967 3129 1020 καὶ
3188 966 3266 1037 τῇ
3326 970 3501 1024 νυκτὶ

1831 1040 2032 1111 ἐκείνῃ
2061 1042 2169 1096 τὸν
2193 1043 2419 1113 πατέρα
2450 1044 2653 1099 αὐτῶν
2692 1042 2881 1112 οἶνον,
2914 1049 3014 1103 καὶ
3055 1051 3423 1106 εἰσελθοῦσα
3458 1052 3498 1121 ἡ

1829 1124 2084 1194 νεωτέρα
2116 1126 2401 1198 ἐκοιμήθη
2423 1128 2573 1198 μετὰ
2598 1129 2705 1183 τοῦ
2740 1131 2964 1199 πατρὸς
2999 1132 3208 1201 αὐτῆςο
3245 1134 3342 1188 καὶ
3384 1136 3498 1189 οὐκ

1831 1210 1963 1281 ᾔδει
2017 1213 2089 1267 ἐν
2150 1214 2233 1281 τῷ
2289 1215 2647 1285 κοιμηθῆναι
2692 1217 2923 1286 αὐτὴν,
2981 1219 3083 1273 καὶ
3134 1219 3495 1289 ἀναστῆναι.

1829 1300 2131 1373 Σκόπησον,
2164 1304 2435 1374 ἀγαπητὲ,
2491 1305 2572 1358 ὅτι
2604 1304 2664 1357 τὸ
2709 1305 2816 1358 πᾶν
2856 1304 2956 1376 τῆς
2992 1306 3087 1359 τοῦ
3116 1308 3251 1361 Θεοῦ
3292 1311 3497 1363 οἰκονο-

1832 1390 1962 1460 μίας
1989 1386 2058 1463 ἦν
2079 1391 2237 1462 ἔργον
2251 1392 2312 1446 τὸ
2330 1394 2574 1462 γεγονὸς,
2598 1394 2786 1467 ὥσπερ
2804 1394 2895 1449 ἐπὶ
2919 1395 3014 1450 τοῦ
3045 1397 3494 1467 πρωτοπλάστου.

1828 1478 2096 1552 Καθάπερ
2127 1480 2235 1551 γὰρ
2263 1482 2396 1548 ἐκεῖ,
2426 1482 2777 1546 καθεύδοντος
2805 1482 2992 1549 αὐτοῦ,
3028 1486 3093 1537 ἐκ
3123 1484 3226 1553 τῆς
3258 1484 3493 1556 πλευρᾶς

1830 1568 1993 1639 μέρος
2046 1568 2225 1622 λαϐὼν
2285 1570 2541 1641 οὐδεμίαν
2606 1571 2857 1643 αἴσθησιν
2928 1572 3077 1643 αὐτῷ
3147 1572 3493 1646 συνεχώρησε

1826 1656 2104 1723 γενέσθαι,
2139 1656 2277 1711 ἀλλὰ
2311 1658 2409 1728 τὴν
2443 1658 2680 1729 πλευρὰν
2724 1660 2940 1731 ἐκείνην
2987 1662 3067 1724 είς
3115 1664 3346 1729 γυναῖκα
3380 1663 3489 1716 δια-

1827 1743 2037 1808 πλάσας
2074 1745 2385 1817 παρέστησε
2414 1747 2490 1817 τῷ
2523 1748 2711 1817 Ἀδάμ·
2752 1748 2841 1802 τὸν
2874 1748 3035 1802 αὐτὸν
3074 1748 3137 1820 δὴ
3161 1749 3362 1820 τρόπον
3397 1753 3491 1804 καὶ

1825 1830 1940 1886 νῦν.
1970 1832 2032 1885 Εἰ
2065 1833 2173 1906 γάρ
2209 1836 2243 1906 ή
2274 1835 2372 1905 τῆς
2411 1834 2649 1906 πλευρᾶς
2693 1835 3003 1906 ἀφαίρεσις,
3036 1836 3222 1907 ἐπειδὴ
3256 1837 3355 1908 τὴν
3398 1837 3492 1891 ἐκ·

1827 1942 2012 1980 στασιν
2039 1926 2186 1997 αὐτῷ
2233 1928 2261 1979 ὁ
2307 1926 2437 1990 Θεὸς
2486 1928 2782 1997 ἐπήγαγεν,
2816 1926 3229 1997 ἀνεπαισθήτως
3264 1926 3455 1995 γέγονε
3476 1967 3491 1991 ,

1826 2013 2003 2082 πολλῴ
2044 2014 2240 2083 μᾶλλον
2274 2013 2368 2068 νῦν
2404 2013 2562 2067 τοῦτο
2599 2013 2664 2068 ἂν
2694 2014 2929 2082 ἐγένετο.
2966 2014 3144 2085 Ὅπερ
3184 2014 3293 2084 γὰρ
3338 2010 3489 2070 εἶπεν

1824 2103 1940 2153 ἐκεῖ
1968 2103 2000 2171 ή
2040 2101 2156 2155 θεία
2186 2102 2394 2174 Γραφὴ,
2425 2103 2506 2155 ὅτι
2551 2100 2874 2155 Ἐπέϐαλεν
2901 2103 3199 2155 ἔκστασιν
3245 2102 3343 2156 ἐπὶ
3385 2104 3489 2157 τὸν

1838 2189 2025 2259 Ἀδὰμ,
2074 2190 2171 2242 καὶ
2202 2191 2465 2244 ὕπνωσε·
2500 2190 2659 2242 τοῦτο
2690 2190 2784 2243 καὶ
2827 2189 3059 2244 ἐνταῦθα
3114 2192 3357 2265 ἐσήμανε
3402 2191 3487 2245 διά

1822 2278 1917 2334 τοῦ
1972 2282 2165 2344 εἰπεῖν,
2211 2280 2293 2332 ὅτι
2352 2282 2475 2333 Οὐκ
2527 2279 2659 2347 ῇδει
2703 2279 2774 2333 ἐν
2818 2277 2898 2344 τῷ
2944 2279 3335 2359 κοιμηθῆναι,
3391 2280 3488 2335 καὶ

1822 2366 2178 2436 ἀναστῆναι.
2233 2366 2345 2423 Καὶ
2375 2368 2741 2431 συνέλαϐον,
2796 2367 2983 2439 φησὶν,
3015 2368 3085 2420 ἐκ
3115 2367 3219 2422 τοῦ
3267 2369 3485 2436 πατρὸς

1821 2455 2039 2511 αὐτῶν.
2097 2455 2205 2510 Καὶ
2239 2454 2448 2509 ἔτεκεν
2476 2457 2515 2524 ἡ
2558 2455 2955 2524 πρεσϐυτέρα,
3000 2457 3100 2512 καὶ
3139 2456 3395 2512 ἐκάλεσε
3425 2457 3491 2513 τὸ

1824 2543 2011 2613 ὄνομα
2046 2544 2235 2599 αὐτοῦ
2264 2545 2460 2609 Μωὰϐ,
2485 2545 2776 2613 λέγουσα’
2826 2545 2921 2596 Ἐκ
2954 2545 3060 2599 τοῦ
3102 2547 3325 2613 πατρός
3346 2564 3487 2617 μου.

1826 2628 2015 2698 Οὗτος
2049 2632 2246 2701 πατὴρ
2294 2630 2636 2687 Μωαϐιτῶν.
2672 2634 2872 2685 Ἕτεκε
2900 2630 2968 2685 δὲ
2996 2632 3096 2685 καὶ
3128 2633 3168 2699 ἠ
3210 2634 3488 2702 νεωτέρα,

1822 2719 1921 2773 καί
1949 2720 2204 2775 ἐκάλεσε
2241 2720 2307 2773 τὸ
2347 2720 2534 2788 ὄνομα
2566 2718 2728 2785 αὐτῷ
2761 2719 2997 2790 Ἇμμᾶν,
3025 2721 3313 2790 λέγουσαο
3358 2726 3480 2791 Υἱὸς

1821 2808 1929 2861 τοῦ
1967 2808 2181 2877 γένους
2212 2826 2352 2878 μου.
2406 2805 2596 2874 Οὗτος
2645 2807 2844 2876 πατὴρ
2897 2809 3287 2879 Ἀμμανιτῶν.
3328 2811 3490 2883 Ὁρᾷς

1822 2895 1939 2959 πῶς
1967 2897 2065 2950 οὐκ
2085 2896 2371 2965 ἀσελγείας
2397 2891 2464 2967 ἦν
2496 2896 2557 2949 τὸ
2603 2896 2859 2964 γεγονὸς,
2903 2897 2985 2950 ὅτι
3022 2901 3363 2969 παραχρῆμα
3396 2902 3489 2954 καὶ

1821 2985 1919 3049 τάς
1956 2985 2322 3056 προσηγορίας
2348 2987 2458 3048 τοίς
2482 2983 2750 3054 τεχθεῖσιν
2779 2984 3045 3037 ἐπέθεσαν
3097 2987 3397 3057 μηνύουσαι
3428 2990 3490 3041 τὸ

1822 3073 2210 3144 γεγενημένον,
2233 3073 2327 3126 καὶ
2352 3072 2636 3142 μονονουχὶ
2670 3071 2921 3143 καθάπερ
2950 3076 3008 3126 ἐν
3034 3075 3204 3148 στήλῃ
3232 3078 3339 3129 τινί
3374 3079 3492 3138 τοῖς

1819 3163 1929 3217 τῶν
1957 3162 2183 3218 παιδίων
2208 3162 2460 3232 ὀνόμασιν
2483 3161 2934 3232 ἐναποτιθέμεναι
2962 3162 3057 3216 τοῦ
3084 3164 3368 3232 γεγονότος
3389 3168 3490 3237 τὴν

1824 3254 2076 3325 μνήμην,
2124 3252 2219 3305 καὶ
2263 3250 2363 3321 ήδη
2417 3250 2849 3322 προμηνύουσαι,
2902 3251 2985 3304 ὅτι
3043 3250 3168 3323 ἔθνη
3216 3252 3277 3318 ἐξ
3309 3252 3488 3308 αὐτῶν

1820 3342 1995 3405 ἔσται,
2025 3340 2119 3394 καὶ
2159 3341 2241 3403 είς
2271 3338 2475 3410 πλῆθος
2525 3338 2884 3409 ἐκταθήσεται
2938 3340 3046 3393 τῶν
3086 3341 3388 3411 τεχθέντων
3427 3343 3489 3396 τὸ

1821 3433 1994 3498 γένος.
2041 3430 2097 3485 Ὀ
2127 3429 2227 3501 μὲν
2259 3428 2388 3499 γὰρ,
2434 3429 2620 3499 φησὶν,
2652 3428 2805 3484 ἔσται
2862 3428 3045 3501 πατὴρ
3092 3424 3422 3496 Μωαϐιτῶν,
3458 3434 3488 3484 ό

1820 3520 1900 3581 δὲ,
1930 3520 2113 3589 πατὴρ
2158 3517 2525 3588 Ἀμμανιτῶν.

1891 3615 1964 3673 ς’.
2000 3607 2159 3660 Ἀλλά
2183 3607 2303 3659 τότε
2332 3606 2452 3683 μὲν,
2477 3605 2667 3676 ἐπειδὴ
2693 3606 2838 3677 ἀρχὴ
2869 3607 2962 3659 καὶ
2988 3608 3247 3678 προοίμια
3272 3604 3360 3681 ἦν,
3394 3613 3489 3667 καὶ

1818 3696 1907 3750 διὰ
1932 3695 2030 3764 τῆς
2060 3693 2153 3748 τοῦ
2182 3694 2371 3762 γένους
2400 3693 2650 3763 διαδοχῆς
2702 3692 2798 3763 τὴν
2852 3695 3073 3765 μνήμην
3115 3697 3299 3760 αὐτοῖς
3326 3698 3474 3753 ἐϐού.

1819 3783 1970 3837 λοντο
2018 3781 2410 3850 διατηρεῖσθαι,
2447 3779 2717 3850 τοσαύτην
2764 3782 3000 3850 σπουδήν
3051 3781 3145 3835 τοῦ
3190 3784 3399 3837 δικαίου
3428 3789 3483 3841 αί

1821 3871 2117 3943 θυγατέρες
2142 3870 2485 3940 ἐποιήσαντο*
2519 3871 2636 3923 νυνὶ
2667 3870 2742 3933 δὲ,
2778 3870 2962 3941 ἐπειδή
2990 3870 3081 3924 διά
3102 3870 3198 3943 τήν
3217 3872 3313 3925 τοῦ
3349 3874 3481 3929 Θεοῦ

1819 3960 1978 4033 χάριν
2007 3958 2077 4013 τὰ
2100 3958 2201 4029 τῆς
2228 3957 2507 4022 εὐσεϐείας
2531 3958 2838 4021 ἐπιδέδωκε,
2885 3960 2979 4012 καὶ
3012 3960 3152 4013 κατά
3177 3960 3269 4014 τὸν
3300 3964 3472 4032 μακά-

1821 4066 1935 4123 ριον
1966 4046 2197 4111 Παῦλον,
2225 4044 2479 4115 Παράγει
2516 4044 2728 4099 λοιπὸν
2755 4045 2821 4099 τὸ
2858 4045 3068 4114 σχῆμα
3109 4046 3218 4102 τοῦ
3249 4048 3481 4117 κόσμου

1818 4141 2057 4202 τούτου,
2096 4136 2193 4208 τὴν
2216 4135 2306 4189 διὰ
2334 4135 2431 4205 τῆς
2458 4134 2566 4186 τῶν
2596 4132 2816 4202 ἀγαθῶν
2851 4133 3102 4205 πράξεως
3146 4134 3323 4207 ἔργων
3355 4140 3476 4210 μνή.

1822 4246 1931 4302 μην
1957 4227 2169 4289 ἑαυτοῖς
2198 4222 2724 4293 καταλιμπάνωμεν,
2756 4222 2843 4275 ἴνα
2871 4224 2963 4277 καὶ
2998 4222 3136 4293 μετά
3166 4224 3264 4295 τὴν
3300 4227 3480 4281 ἐντεῦ-

1815 4318 1909 4374 θεν
1945 4315 2294 4389 μετάστασιν,
2314 4313 2348 4383 ή
2372 4312 2470 4382 τῆς
2501 4311 2729 4382 ἀρίστης
2755 4311 2910 4382 ήμῶν
2936 4310 3211 4375 πολιτείας
3229 4313 3479 4385 ἀκρίϐεια

1816 4407 2124 4477 ὑπόμνησις
2142 4403 2237 4457 καὶ
2269 4398 2584 4456 διδασκαλία
2606 4398 2828 4470 γένηται
2846 4402 2956 4464 τοῖς
2985 4400 3064 4464 είς
3088 4401 3237 4471 ἡμᾶς
3261 4402 3480 4471 ὁρῶσιν.

1817 4497 1880 4549 Οἱ
1915 4494 2023 4563 γὰρ
2057 4491 2320 4564 ὲνάρετοι,
2355 4489 2449 4542 καὶ
2478 4489 2567 4541 τὸν
2608 4486 2860 4559 σώφρονα
2894 4486 3007 4557 βίον
3047 4490 3352 4559 μετιόντες,
3382 4493 3481 4546 οὐκ

1816 4585 1874 4637 ἐν
1916 4584 1980 4653 τῇ
2020 4581 2131 4652 ζωῇ
2160 4578 2331 4651 ταύτῃ
2380 4576 2538 4647 μόνον
2585 4568 2937 4645 τυγχάνοντες
2985 4577 3053 4630 τά
3085 4576 3317 4646 μέγιστα
3356 4580 3479 4643 τοὺς

1815 4671 1896 4732 είς
1926 4668 2120 4730 αὐτοὺς
2151 4665 2394 4736 ὁρῶντας
2428 4661 2657 4733 ὠφελεῖν
2709 4662 2982 4725 δύνανται,
3037 4662 3173 4717 ἀλλά
3205 4665 3298 4719 καὶ
3345 4666 3480 4735 μετά

1814 4758 1912 4829 τὴν
1943 4756 2038 4811 τοῦ
2073 4756 2190 4826 βίου
2235 4754 2485 4829 πάροδον.
2538 4754 2649 4809 Καὶ
2679 4754 2765 4807 ἵνα
2800 4752 2998 4826 μάθῃς,
3043 4753 3147 4824 ὅρα
3182 4771 3273 4824 μοι
3314 4754 3482 4818 πόσος

1815 4845 1952 4901 ἐτῶν
1980 4842 2211 4915 ἀριθμὸς
2253 4841 2497 4914 παρῆλθε
2539 4841 2699 4915 μέχρι
2725 4839 2878 4913 [455]
2923 4841 3023 4911 τῆς
3070 4841 3331 4911 σήμερον,
3387 4843 3480 4896 καὶ

1815 4935 2002 4998 ὁσάκις
2035 4933 2102 4988 ἂν
2134 4930 2526 5002 βουληθείημεν
2556 4931 2636 4994 είς
2672 4928 2762 4983 τὸν
2793 4928 2895 4998 τῆς
2938 4929 3291 4998 σωφροσύνης
3318 4927 3480 4997 ζῆλόν

1812 5040 1963 5087 τινας
1983 5022 2218 5091 ἐνάγειν,
2243 5020 2335 5073 τὸν
2374 5018 2571 5089 Ἰωσὴφ
2592 5020 2671 5082 είς
2704 5017 2866 5087 μέσον
2889 5017 3130 5084 ἄγοντες.
3154 5015 3245 5068 τὸν
3273 5016 3479 5087 εὐειδῆ,

1813 5110 1904 5165 τὸν
1927 5109 2111 5173 καλὸν,
2144 5108 2237 5161 τὸν
2263 5106 2399 5170 νέον,
2441 5105 2535 5158 τὸν
2574 5105 2633 5157 ἐν
2668 5104 2806 5171 αὐτῇ
2845 5105 2912 5172 τῇ
2951 5103 3101 5172 ἀκμῇ
3138 5101 3236 5170 τῆς
3264 5102 3479 5173 ήλικίας

1812 5198 2080 5269 τοσαύτην
2100 5195 2349 5268 ἀνδρείαν
2378 5193 2506 5263 περὶ
2533 5191 2633 5258 τὴν
2663 5188 3018 5259 σωφροσύνην
3046 5187 3477 5259 ἐπιδειξάμενον,

1812 5287 1960 5342 οὕτω
2008 5284 2145 5357 πρὸς
2188 5282 2287 5353 τήν
2338 5280 2567 5351 μίμησιν
2611 5277 2705 5331 τοῦ
2757 5276 2961 5331 δικαίου
3008 5276 3132 5340 τοὺς
3186 5276 3479 5343 ἀκούοντας

1811 5371 2096 5441 διεγείρειν
2145 5366 2539 5435 σπουδάζομεν.
2584 5364 2681 5427 Τίς
2728 5363 2837 5435 γὰρ
2894 5363 2980 5428 ἂν,
3024 5363 3145 5417 είπέ
3192 5382 3319 5436 μοι,
3355 5369 3476 5420 κατ’

1813 5458 1970 5526 ἀξίαν
2003 5457 2300 5527 θαυμάσειε
2331 5454 2423 5507 τὸν
2482 5451 2749 5523 μακάριον
2779 5449 2990 5515 τοῦτον,
3042 5451 3124 5505 ὅτι
3173 5453 3232 5505 ἐν
3262 5451 3479 5525 δουλεία

1810 5548 2113 5617 τυγχάνων,
2151 5545 2244 5598 καὶ
2275 5544 2334 5596 ἐν
2363 5542 2513 5614 αὐτῷ
2542 5541 2619 5613 τῷ
2651 5541 2803 5597 ἄνθει
2844 5542 2943 5613 τῆς
2980 5541 3217 5614 ήλικίας,
3247 5543 3336 5597 ὅτε
3382 5545 3477 5597 καὶ

1814 5635 2048 5707 μάλιστα
2079 5635 2113 5706 ή
2139 5633 2367 5704 κάμινος
2389 5633 2481 5686 ἐπὶ
2507 5631 2668 5685 πλέον
2698 5631 2989 5697 ἐξάπτεται
3008 5631 3118 5685 τῶν
3150 5629 3474 5702 ἐπιθυμιῶν,

1810 5728 1953 5801 δρῶν
1991 5726 2090 5798 τὴν
2126 5724 2290 5780 αὐτοῦ
2331 5724 2618 5780 δέσποιναν
2651 5721 3001 5794 ἐπιπηδῶσαν
3047 5719 3195 5792 αὐτῷ
3226 5721 3320 5776 καὶ
3358 5722 3477 5774 ἐπι-

1816 5817 2170 5888 μαινομένην,
2186 5814 2454 5887 τοσαύτην
2481 5812 2789 5879 ἐπεδείξατο
2808 5812 2907 5883 τὴν
2927 5810 3199 5882 ἀνδρείαν,
3221 5810 3316 5863 καὶ
3333 5810 3477 5863 οὕτω

1818 5904 1955 5977 πρὸς
1989 5906 2114 5969 τοὺς
2139 5904 2239 5977 τῆς
2274 5902 2627 5977 σωφροσύνης
2655 5901 2873 5971 ἀγῶνας
2906 5898 3231 5961 ἀπεδύσατο,
3264 5899 3340 5960 ὡς
3373 5898 3472 5967 τῆς
