3792 6298
66 283 176 341 M3

63 400 167 453 bus
183 395 503 469 profugeret,
519 376 781 450 castitatis
797 398 974 447 autem
998 390 1361 445 indumentum
1383 390 1653 445 servaret?

63 492 390 559 Licebatque
417 488 597 545 videre
625 500 739 542 rem
766 499 957 540 novam
975 491 1030 538 et
1048 482 1433 544 admirabilem,
1464 496 1657 551 agnum

63 585 115 635 in
150 580 277 652 lupi,
315 583 423 636 imo
449 580 634 635 leaena:
661 593 863 649 ungues
886 574 1155 643 incidisse,
1179 584 1235 632 et
1258 575 1457 630 servari
1481 585 1655 630 tamen

62 675 342 747 potuisse:
392 681 447 727 et
492 673 631 727 sicut
661 670 906 726 columba
937 670 1131 737 aquila:
1161 668 1411 722 damnum
1440 666 1653 737 effugit,

62 770 134 823 ita
154 778 210 822 et
238 767 414 837 justus
441 765 510 819 ab
551 764 691 819 illius
737 761 980 817 manibus
1007 761 1194 816 emisit.
1226 760 1339 814 Non
1385 759 1461 813 sic
1489 759 1658 814 admi-

62 859 235 913 rabile
281 859 411 912 mihi
455 857 665 911 videtur
706 870 846 918 esse,
896 862 1004 908 tres
1035 867 1225 921 pueros
1257 851 1376 905 illos
1402 852 1454 905 in
1478 850 1655 905 medio

60 951 398 1024 Babylonica
446 947 677 1004 fornacis
712 947 886 1016 ignem
928 944 1118 999 vicisse
1141 942 1160 1015 (
1186 942 1319 997 Dan.
1345 944 1378 998 ὅ
1399 943 1441 1013 ),
1472 942 1655 997 illmsis

55 1060 249 1101 eorum
295 1042 630 1112 corporibus,
674 1050 730 1094 ut
779 1038 1018 1093 mirabile
1040 1046 1093 1092 et
1118 1053 1298 1091 rarum
1325 1045 1424 1099 est,
1451 1036 1653 1106 justum

56 1141 244 1201 istum,
294 1137 457 1207 quiin
504 1136 770 1189 fornacem
819 1134 954 1187 hanc
984 1131 1299 1204 Babylonica
1345 1133 1512 1187 multo
1536 1148 1655 1203 gra-

53 1234 284 1299 viorem,
331 1231 385 1286 in
430 1227 890 1294 incontinentiam,
934 1226 1170 1298 inquam,
1228 1225 1496 1298 [Egyptize
1523 1226 1655 1280 inci-

54 1324 250 1389 disset,
302 1322 555 1377 intactum
598 1319 977 1390 permansisse,
1024 1332 1262 1388 puroque
1288 1317 1548 1371 castitatis
1578 1317 1656 1370 in-

55 1416 320 1470 dumento
343 1421 575 1477 servato,
595 1411 809 1467 exiisse.
841 1410 907 1464 Et
932 1424 996 1464 ne
1020 1410 1248 1475 mireris,
1273 1408 1464 1464 dilecte
1491 1427 1503 1463 :
1532 1408 1652 1478 quia

54 1509 203 1562 enim
232 1505 374 1577 quod
401 1520 555 1559 suum
589 1512 703 1557 erat
750 1502 945 1564 attulit,
978 1500 1159 1555 habuit
1202 1516 1484 1569 supernam
1533 1515 1653 1570 gra-

55 1600 185 1653 tiam
237 1597 511 1661 comitem,
546 1610 665 1664 quae
709 1594 1011 1647 incendium
1038 1591 1166 1647 illud
1195 1593 1567 1661 reslingucret,
1600 1601 1654 1646 et

52 1689 102 1745 in
141 1689 319 1745 media
350 1689 563 1744 fornace
597 1702 772 1742 rorem
804 1684 1033 1755 Spiritus
1059 1686 1229 1739 daret.
1273 1684 1491 1739 Vidistis
1522 1701 1655 1755 quo-

52 1782 221 1837 modo
241 1782 343 1840 viri
363 1783 559 1837 virtute
583 1779 811 1849 pra:diti,
843 1788 895 1833 et
915 1793 1036 1832 cum
1062 1776 1148 1832 hic
1165 1777 1339 1831 adhuc
1365 1785 1653 1845 pra-sentes

49 1883 201 1939 sunt,
248 1882 301 1928 et
350 1880 469 1943 post
508 1872 878 1941 migrationem
907 1885 970 1923 ex
1005 1869 1103 1921 hac
1132 1868 1255 1932 vita,
1284 1883 1486 1935 magum
1517 1867 1655 1920 utili-

51 1969 179 2022 tatis
209 1976 463 2022 auctores
492 1965 645 2019 nohis
687 1963 833 2017 sint?
881 1963 1052 2031 Atque
1083 1961 1152 2015 ob
1178 1976 1293 2015 eam
1327 1975 1541 2014 causam
1569 1959 1652 2028 ju-

46 2067 194 2114 stum
229 2057 380 2112 illum
404 2057 457 2111 in
488 2055 721 2111 medium
749 2054 1087 2117 adduximus,
1119 2060 1177 2106 ut
1198 2068 1317 2107 eum
1348 2067 1535 2105 omnes
1563 2066 1649 2105 se-

47 2159 305 2223 quamur.
341 2150 491 2204 Hunc
516 2148 673 2218 igitur
693 2162 881 2202 omnes
900 2146 1187 2209 imitemur,
1212 2145 1654 2214 etconcupiscen-

49 2247 155 2300 tias
179 2252 396 2297 nostras
413 2242 707 2307 vincamus,
737 2240 1073 2310 scientesque
1092 2236 1241 2305 illud,
1278 2239 1393 2293 Non
1421 2248 1491 2293 est
1512 2239 1653 2293 nobis

45 2351 227 2406 pugna
271 2333 511 2387 adversus
556 2333 851 2403 sanguinem
892 2342 937 2383 et
991 2348 1223 2393 carnem,
1277 2333 1366 2385 sed
1416 2333 1653 2386 adversus

45 2428 369 2498 principatus
393 2435 439 2480 et
466 2434 751 2495 potestates,
780 2424 1020 2480 adorn-sus
1049 2424 1227 2477 mundi
1258 2435 1472 2479 rectores
1513 2433 1651 2479 tene-

44 2521 261 2574 brarum
304 2520 458 2590 hujus
510 2518 683 2572 saeculi
731 2515 970 2589 (Eph/93.
1020 2515 1234 2590 6.1⁴2),
1282 2517 1357 2571 sic
1385 2534 1480 2571 nos
1509 2519 1652 2587 ipsos

44 2629 364 2668 armemus:
394 2620 450 2667 et
490 2611 809 2682 cogitantes,
857 2624 964 2664 non
1009 2624 1235 2679 corpore
1272 2610 1648 2677 circumdatos,

43 2707 310 2761 adversus
335 2708 677 2774 incorporeas
702 2704 819 2774 cogi
848 2703 1073 2758 virtutes
1098 2712 1321 2768 certare,
1351 2690 1673 2759 muniamur‘

41 2801 217 2855 armis
266 2799 650 2870 spiritualibus.
700 2798 925 2867 Propter
954 2795 1055 2850 hoc
1083 2798 1224 2850 enim
1257 2797 1512 2865 benignus
1541 2797 1649 2849 Do-

42 2894 254 2957 minus,
288 2892 410 2962 quia
437 2905 599 2946 carne
630 2889 805 2944 vestiti
847 2903 1053 2951 sumus,
1085 2897 1139 2941 et
1168 2896 1248 2941 est
1277 2887 1430 2941 nobis
1458 2887 1648 2941 adver-

40 3002 135 3041 sus
186 2984 491 3040 invisibiles
538 2983 763 3036 virtutes
811 2992 1102 3046 certamen,
1157 2980 1439 3034 invisibilia
1497 2980 1649 3034 nobis

40 3078 569 3149 prmparavitarma,
618 3082 676 3128 ut
701 3074 897 3127 auxilio
927 3088 1197 3127 armorum
1234 3081 1433 3125 natura-
1462 3072 1651 3126 adver-

36 3172 223 3226 sarios
274 3182 660 3239 expugnemus.
708 3167 852 3221 Bene
907 3165 1063 3235 igitur
1106 3164 1330 3220 fidentes
1377 3180 1647 3219 armorum

36 3265 327 3338 potentizc,
378 3262 520 3333 quod
564 3278 593 3315 a
627 3260 778 3315 nobis
808 3269 888 3313 cst
921 3259 1228 3320 offeramus,
1277 3269 1329 3312 et
1359 3258 1649 3327 poterimus

35 3364 139 3417 hac
168 3358 439 3431 spirituali
468 3364 735 3411 armatura
768 3353 974 3418 muniti,
1008 3352 1176 3422 ipsam
1224 3353 1416 3406 diaboli
1458 3350 1647 3406 faciem

34 3456 229 3509 ferire.
284 3450 467 3521 Neque
513 3448 654 3504 enim
698 3448 836 3501 ferre
880 3446 1074 3515 poterit
1115 3444 1367 3514 fulgorem
1399 3444 1488 3514 qui
1522 3443 1647 3498 inde

30 3545 345 3616 egreditur,
389 3541 483 3596 sed
526 3542 623 3594 etsi
665 3547 890 3594 conetur
918 3548 1060 3592 stare
1100 3552 1163 3591 ex
1194 3537 1439 3601 adverso,
1470 3538 1647 3591 statim

30 3638 429 3697 excarcabitur.
457 3634 558 3690 Ubi
598 3634 739 3687 enim
770 3630 1097 3686 continentia
1128 3638 1181 3684 et
1217 3630 1488 3693 honesms,
1516 3628 1648 3683 alia-

33 3747 279 3801 rumque
322 3729 572 3783 virtutum
620 3738 934 3789 concursus,
980 3723 1104 3776 illuc
1149 3729 1202 3776 et
1245 3721 1387 3791 larga
1417 3720 1649 3792 Spiritus

29 3823 211 3893 gratia
266 3818 499 3874 advolat.
548 3818 884 3884 Quapropter
928 3813 1122 3866 Paulus
1170 3812 1416 3867 dicebat:
1460 3811 1649 3865 Pacem

28 3913 307 3968 sectemini
331 3926 447 3964 cum
476 3908 725 3973 erunibus,
749 3916 795 3959 et
837 3905 1286 3973 sancti/irationem
1314 3904 1333 3974 (
1359 3901 1519 3956 Hebr.
1556 3902 1643 3959 12.

31 4010 147 4077 M).
190 4003 547 4061 Purilieemus
574 3998 1001 4071 igitur,obsecro,
1029 3996 1387 4052 conscientias
1416 4008 1648 4067 nostras,

26 4111 81 4156 et
110 4108 475 4168 extergamus
521 4105 759 4149 mentem
807 4101 1040 4150 nostram
1076 4109 1089 4145 :
1140 4104 1198 4147 ut
1239 4091 1387 4147 omni
1432 4091 1648 4147 sordida

26 4190 374 4262 Cogitatione
423 4186 657 4252 liberati,
700 4184 931 4253 Spiritus
957 4183 1176 4252 gratiam
1207 4183 1360 4238 nobis
1395 4183 1649 4238 concilie-

27 4300 186 4342 mus.
224 4294 652 4351 supercmusque
695 4276 889 4331 diaboli
938 4275 1380 4341 machinationes,
1429 4290 1491 4330 ac
1529 4291 1646 4330 me-

25 4391 268 4432 reamur
286 4371 645 4428 inell'abilibus
675 4370 778 4424 illis
803 4370 955 4423 bonis
984 4368 1105 4432 frui,
1136 4368 1300 4437 gratia
1333 4377 1386 4421 et
1412 4366 1651 4437 benigni-

25 4480 143 4525 tate
200 4465 422 4522 Domini
468 4464 637 4519 nostri
686 4463 810 4517 Jesu
849 4462 1069 4525 Christi,
1116 4463 1198 4514 cui
1247 4477 1366 4515 cum
1416 4461 1569 4515 Patre
1597 4472 1651 4515 et

25 4572 238 4620 sancto
258 4559 461 4629 Spiritu
487 4557 758 4627 sitgloria,
790 4570 931 4610 nunc
961 4565 1014 4609 et
1044 4569 1276 4623 semper,
1300 4566 1352 4607 et
1375 4555 1424 4608 in
1454 4556 1648 4609 sarcula

25 4655 392 4712 saeculorum.
424 4653 618 4705 Amen.

613 4822 887 4880 HOMIIJA
930 4821 1092 4879 XLV.

25 4992 92 5047 Et
126 4988 299 5043 movit
346 4986 487 5039 illinc
528 4982 783 5036 Abraham
826 4980 878 5034 in
906 4989 1090 5034 terram
1114 4995 1286 5033 versus
1321 4977 1573 5050 africum,
1604 4987 1652 5031 et

98 5079 365 5134 «abituri:
405 5078 535 5129 inter
554 5072 738 5137 Cudea,
768 5083 814 5126 et
842 5073 971 5127 inter
999 5069 1126 5138 Sur,
1159 5080 1203 5125 et
1232 5070 1527 5141 peregrinus
1556 5069 1652 5140 fuit

93 5179 157 5230 in
192 5170 411 5227 Geraris
441 5166 591 5239 (Gen.
619 5165 712 5220 20.
744 5163 820 5236 1).

98 5313 159 5368 1.
190 5304 445 5371 Gaudeo,
469 5319 589 5359 cum
612 5316 707 5357 vos
731 5300 1037 5370 frequenter
1059 5297 1215 5353 video
1242 5298 1309 5353 ad
1340 5298 1649 5353 concionem

26 5416 357 5465 recurrere,
374 5413 438 5454 ac
455 5412 643 5467 magna
666 5409 787 5449 cum
806 5393 1074 5463 voluptate
1095 5392 1390 5446 doctrinam
1416 5400 1652 5446 nostram

40 5498 371 5567 uscipere;
423 5491 649 5560 ideoque
698 5488 749 5541 in
780 5485 895 5541 dies
921 5483 1107 5554 maiori
1147 5483 1417 5539 alacritate
1454 5497 1653 5553 paupe-

26 5608 142 5646 'em
184 5589 340 5642 hanc
366 5592 604 5639 nostram
627 5588 684 5637 et
713 5590 925 5634 tenuem
950 5590 1187 5632 mensam
1212 5575 1364 5630 vobis
1384 5588 1653 5645 apponere

25 5683 266 5743 itudeo.
317 5676 509 5731 Vestra
553 5675 695 5731 enim
736 5671 976 5727 ciborum
1022 5669 1304 5725 immodica
1350 5670 1651 5741 appetentia

26 5788 257 5831 melisa:
309 5780 508 5825 nostrae
556 5766 813 5821 vilitatem
861 5761 1083 5838 obtegit,
1132 5777 1401 5834 parvaque
1448 5762 1570 5817 facit
1596 5773 1651 5816 ut

1102 273 1167 330 IN
1205 274 1357 330 CAP.
1401 273 1517 330 XX.
1558 273 1797 331 GENES.
1842 276 2070 335 HOMIL.
2116 281 2276 341 XLV.

3237 292 3346 352 ΛΗ

1773 406 1961 462 magna
2005 406 2332 465 appareant:
2364 397 2415 453 id
2460 395 2600 471 quod
2646 412 2699 457 et
2725 420 2773 456 Ill
2803 405 3141 466 sensibilibus
3164 411 3355 471 eduliis

1765 484 1947 540 videre
1972 484 2115 542 licet.
2142 487 2274 543 Nam
2304 490 2442 545 sicut
2469 505 2590 546 cum
2618 494 2836 551 satiatos
2865 498 2983 568 quis
3003 500 3199 571 excipit
3227 521 3354 559 (‘tm-

1765 578 1933 643 vivas,
1974 579 2098 634 licet
2149 595 2339 652 magna
2380 595 2797 657 sumptuosaque
2838 602 3069 660 apponat
3118 596 3351 663 fercula,

1766 666 1978 724 illorum
2026 670 2273 727 satietate
2317 674 2572 730 minuitur
2616 679 2979 748 appositorum
3025 686 3262 753 lautitia;
3302 701 3351 745 et

1766 774 1956 830 magna
1997 776 2395 833 nonnumquam
2443 766 2639 823 nullius
2666 769 2915 827 videntur
2957 780 3236 845 momenti,
3288 796 3348 834 eo

1763 850 1901 920 quod
1958 855 2204 908 conviva:
2253 854 2452 925 absque
2484 860 2675 915 edendi
2705 864 2956 921 aviditate
2981 868 3311 926 advenerunt
3338 915 3348 928 .

1762 941 1833 995 ita
1873 952 2057 997 contra
2098 945 2140 998 si
2185 946 2303 1015 quis
2347 950 2617 1005 famelicos
2654 955 2905 1024 suscipiat
2943 967 2997 1012 et
3028 963 3342 1028 esurientes,

1763 1032 1887 1088 licet
1918 1035 2023 1090 illis
2045 1044 2258 1092 tenuem
2290 1051 2549 1108 proponat
2574 1059 2834 1111 mensam,
2864 1049 3140 1116 splendida
3173 1063 3349 1109 tamen

1762 1125 1854 1180 illa
1899 1129 2174 1198 apparebit
2221 1132 2479 1197 convivis,
2525 1136 2689 1189 multa
2728 1151 2846 1191 cum
2875 1141 3146 1212 voluptate
3190 1154 3350 1215 atque

1761 1220 2015 1277 aviditate
2059 1225 2300 1294 apposita
2351 1228 2775 1284 comedentibus.
2829 1231 2919 1288 Sic
2974 1243 3029 1289 et
3068 1252 3166 1293 nos
3213 1238 3351 1295 bene

1762 1313 1989 1369 ﬁdentes
2038 1317 2297 1386 spirituali
2341 1327 2524 1374 vestro
2570 1321 2865 1391 appetitui,
2918 1340 3023 1381 non
3071 1343 3353 1398 gravamur

1761 1420 2048 1476 pauperem
2076 1417 2130 1463 et
2151 1409 2307 1463 vilem
2337 1410 2472 1465 hanc
2502 1429 2740 1469 mensam
2762 1424 2953 1471 vestra:
2982 1420 3186 1474 caritati
3216 1424 3353 1476 assi-

1761 1499 1865 1555 due
1896 1516 2184 1571 apponere.
2232 1503 2345 1560 Hoc
2384 1515 2434 1560 et
2474 1506 2688 1576 sapiens
2715 1508 2929 1579 quidam
2958 1512 3203 1568 dicebat:
3238 1515 3352 1569 Mc-

1760 1595 1860 1649 lius
1903 1605 1974 1650 est
2018 1598 2300 1651 convivium
2347 1600 2538 1653 olerum
2569 1618 2683 1654 cum
2727 1604 2957 1666 caritate,
2988 1622 3137 1674 quam
3174 1607 3261 1662 bos
3292 1610 3355 1663 de

1762 1689 2006 1759 prwsepio
2053 1706 2165 1743 cum
2196 1690 2312 1743 odio
2345 1689 2523 1762 (Prov.
2551 1692 2639 1748 l5.
2665 1694 2755 1764 17)
2783 1713 2794 1747 :
2829 1710 2934 1766 quo
2961 1696 3135 1762 docet,
3163 1701 3355 1753 carita-

1760 1787 1865 1832 tem
1895 1779 2051 1833 aliter
2078 1781 2259 1835 videre
2287 1783 2547 1851 apposita,
2583 1783 2829 1854 illiusque
2849 1786 3017 1840 oculis
3040 1788 3161 1841 vilia
3189 1805 3354 1859 appa-

1758 1885 1878 1924 rere
1908 1886 1968 1924 ea
2014 1888 2132 1940 qua:
2172 1883 2479 1941 SUIIlplllOSII
2530 1885 2671 1941 sunt,
2706 1887 2756 1930 Cl
2784 1893 2945 1947 parva
2979 1894 3346 1951 flllt'BJllﬂglla.

1830 1960 2089 2015 Auditoris
2113 1962 2451 2018 benevolentia
2476 1967 2775 2020 necessaria.
2800 1967 3004 2035 ——Quid
3036 1970 3192 2040 igitur
3219 1971 3351 2026 bea-

1759 2053 1862 2110 tius
1914 2055 2068 2109 nobis
2116 2056 2204 2125 qui
2260 2057 2399 2127 apud
2445 2068 2518 2114 tot
2564 2060 2853 2124 auditores,
2887 2072 3100 2133 tamque
3146 2066 3353 2120 ferven-

1760 2146 1795 2200 ti
1836 2158 1888 2201 et
1943 2148 2168 2203 sollicita
2222 2151 2442 2205 caritate
2501 2153 2750 2221 prmditos
2799 2153 3161 2210 disserimus?
3208 2157 3351 2212 Nihil

1758 2239 1900 2292 enim
1941 2247 2217 2309 tant0pere
2260 2241 2455 2295 dicenti
2510 2245 2871 2299 necessarium
2923 2256 3044 2312 est,
3101 2257 3157 2301 ut
3202 2248 3353 2304 audi-

1759 2333 1890 2387 toris
1942 2331 2333 2393 benevolentia.
2377 2334 2813 2406 Quandoquidem
2862 2354 2982 2393 cum
3026 2339 3172 2395 videt
3200 2341 3350 2395 audi-

1759 2433 1903 2479 tores
1934 2424 2138 2480 fervere
2165 2426 2453 2493 desidcrio,
2498 2429 2738 2484 firmatur
2767 2441 2821 2485 et
2848 2432 2981 2501 ipse,
3011 2442 3066 2488 et
3102 2449 3350 2504 magmnn

1758 2530 1901 2585 scepe
1946 2517 2127 2581 robur,
2186 2528 2239 2572 ut
2296 2521 2363 2573 ita
2417 2520 2610 2586 «licam,
2668 2523 2877 2592 accipit,
2935 2525 3111 2580 sciens
3152 2537 3353 2597 quanto

1756 2613 2204 2679 sumptuosiorem
2254 2629 2490 2667 mensam
2536 2616 2863 2684 spiritualem
2902 2619 3171 2687 proponit,
3207 2629 3353 2674 tanto

1757 2701 2013 2770 majorem
2038 2703 2136 2755 sibi
2164 2705 2369 2771 cepian
2400 2705 2675 2761 accedere.
2710 2706 2876 2762 Secus
2903 2709 3044 2763 enim
3068 2724 3127 2764 se
3153 2709 3346 2766 habent

1756 2793 2047 2861 sensibilia,
2078 2811 2237 2865 quam
2267 2796 2578 2865 spiritualia.
2603 2798 2712 2852 lllic
2742 2800 2882 2853 enim
2912 2817 3111 2854 mensae
3134 2802 3350 2871 largitas

1755 2894 2026 2954 sumptum
2080 2887 2241 2956 parit,
2294 2898 2348 2942 et
2394 2888 2694 2942 convivium
2742 2890 3043 2945 exhibentis
3085 2892 3351 2946 imminuit

1755 2978 2143 3043 substantiam;
2175 2980 2261 3035 hic
2290 2989 2465 3036 autem
2493 2982 2714 3037 omnino
2739 2983 2912 3049 aliter,
2941 2994 3140 3054 quanto
3172 2986 3351 3055 plures

1755 3082 1879 3126 sunt
1924 3072 2230 3142 participes,
2280 3083 2426 3127 tanto
2470 3074 2582 3142 plus
2629 3076 2926 3129 substantia
2956 3084 3132 3130 nostra
3162 3091 3347 3131 accre—

1754 3166 1876 3218 scit.
1918 3163 2101 3233 Neque
2132 3166 2273 3219 enim
2308 3174 2486 3219 nostra
2519 3165 2763 3230 dicimus,
2797 3167 2890 3221 sed
2938 3184 2997 3220 ea
3031 3183 3148 3236 qua:
3178 3168 3228 3222 in
3259 3184 3350 3222 ve-

1754 3268 1920 3314 stram
1972 3260 2246 3315 utilitatem
2293 3260 2384 3315 Dei
2436 3262 2603 3331 gratia
2653 3277 2746 3329 per
2777 3275 2926 3314 suam
2967 3261 3348 3331 benignitatem

1755 3350 2079 3422 suppeditat.
2130 3351 2240 3422 Age
2273 3351 2450 3422 igitur,
2501 3353 2620 3422 quia
2671 3368 2791 3406 cum
2827 3362 2968 3405 tanta
2993 3353 3265 3408 alacritate
3298 3362 3351 3407 ct

1757 3454 1900 3497 tanta
1959 3444 2139 3499 laatilia
2188 3443 2255 3499 ad
2308 3444 2630 3503 audiendum
2682 3444 2954 3512 acceditis,
3004 3444 3192 3499 iterum
3234 3445 3346 3515 jam

1756 3536 1893 3590 let-ta
1917 3536 2248 3604 indagemus,
2278 3544 2332 3590 et
2361 3536 2498 3605 quod
2529 3536 2648 3589 inde
2676 3536 2919 3606 provenit
2949 3536 3150 3590 lucrum
3178 3539 3350 3606 perci-

1756 3628 1981 3697 piamus.
2024 3626 2154 3681 Nam
2204 3629 2351 3697 quia,
2381 3628 2671 3681 secnndum
2701 3643 2944 3696 magnam
2985 3628 3125 3683 illam
3156 3628 3351 3683 exhor-

1756 3719 2007 3772 tationem
2032 3717 2227 3772 Christi
2250 3718 2496 3783 dicentis,
2527 3716 2841 3771 Scrutamini
2858 3717 3150 3787 Scriptura:
3167 3716 3347 3788 (Joan.

1754 3809 1806 3863 5.
1834 3809 1946 3878 '59),
1981 3807 2263 3863 thesaurus
2284 3824 2505 3877 magnus
2524 3810 2575 3862 in
2605 3808 2894 3877 Scripturis
2919 3816 3001 3863 est
3020 3808 3346 3872 reconditus,

1755 3911 1810 3955 et
1854 3899 1908 3957 in
1953 3897 2220 3971 profundo
2262 3898 2432 3953 latet:
2463 3899 2663 3955 idcirco
2706 3899 3036 3955 scrutatione
3084 3914 3240 3971 opus,
3290 3912 3347 3958 ut

1753 4007 1874 4048 cum
1923 3989 2268 4046 didicerimus
2317 3991 2563 4046 virtutem
2595 4007 2713 4061 qua:
2744 3990 2797 4045 in
2842 3989 3111 4062 profundo
3139 3992 3347 4046 occulta

1752 4093 1856 4149 cst,
1888 4084 2112 4139 multam
2139 4083 2261 4139 inde
2291 4085 2573 4139 utilitatem
2620 4084 2912 4155 decerpere
2947 4100 3225 4155 queamus.
3259 4084 3350 4141 Et-

1755 4179 1896 4234 enim
1949 4185 2228 4249 propterea
2262 4181 2524 4247 justoruin
2556 4179 2795 4232 omnium
2846 4178 3088 4242 virtutes,
3121 4177 3351 4247 Spiritus

1756 4272 1925 4327 sancti
1957 4272 2125 4343 gratia
2151 4280 2207 4326 et
2232 4272 2654 4341 dispensatione,
2686 4270 2738 4325 in
2782 4270 3069 4339 Scripturis
3094 4280 3219 4325 sunt
3244 4278 3350 4326 tra-

1758 4364 1902 4430 diue,
1938 4375 1993 4420 ut
2017 4380 2114 4419 nos
2138 4366 2442 4420 continuam
2472 4364 2729 4419 habentes
2754 4364 3070 4431 doctrinam,
3095 4363 3159 4418 ad
3187 4381 3352 4418 aemu-

1757 4458 2009 4514 lationem
2065 4466 2120 4513 et
2181 4459 2529 4513 imitationem
2574 4457 2841 4526 justorum
2894 4458 3055 4511 vitam
3111 4467 3350 4513 nostram

1758 4550 2116 4606 instituamus.
2166 4550 2458 4604 Audiamus
2502 4550 2661 4621 igitur
2704 4548 2939 4604 divinam
2994 4549 3348 4619 Scripturam,

1756 4644 1883 4713 quid
1938 4652 1992 4698 et
2045 4644 2203 4700 hodie
2253 4645 2406 4699 nobis
2450 4644 2517 4700 (le
2550 4644 2842 4715 patriarcha
2873 4661 3093 4700 narrare
3121 4646 3267 4700 velit.
3300 4646 3349 4699 i.

1758 4738 1907 4808 (Cap.
1929 4738 2019 4807 20)
2038 4737 2103 4792 Et
2126 4740 2296 4804 movit,
2323 4738 2511 4809 inquit,
2535 4740 2677 4793 illinc
2692 4738 2944 4792 Abraham
2964 4739 3015 4793 in
3035 4749 3218 4792 terram
3240 4755 3353 4791 veru

1755 4847 1843 4885 sus
1864 4831 2100 4901 africum,
2123 4838 2171 4886 et
2198 4830 2434 4886 habitavit
2455 4830 2582 4885 inter
2608 4830 2766 4885 Gades
2795 4840 2839 4883 et
2869 4830 2998 4883 inter
3025 4828 3149 4895 Sur,
3180 4838 3227 4883 et
3246 4845 3355 4899 per-

1757 4923 1959 4992 egrinus
1989 4923 2086 4993 fuit
2124 4923 2175 4977 in
2217 4920 2440 4976 Cereris.
2478 4921 2543 4975 Et
2568 4923 2717 4975 movit
2739 4963 2751 4983 ,
2782 4920 2986 4990 inquit,
3016 4919 3174 4972 illinc.
3201 4916 3353 4973 Unde

1758 5016 1957 5071 movit?
1997 5017 2037 5069 A
2088 5016 2205 5070 loco
2246 5015 2333 5069 ubi
2365 5014 2763 5069 tabernaculum
2795 5012 3007 5071 ﬁxerat,
3035 5009 3123 5064 ubi
3145 5018 3200 5064 et
3231 5010 3353 5062 unis

1758 5112 1896 5167 versi
1919 5109 2264 5165 Conditorem
2288 5124 2407 5164 cum
2429 5106 2634 5178 angelis
2658 5105 2930 5174 suscipere
2961 5102 3009 5157 ei
3035 5116 3353 5157 concessum

1758 5203 1873 5258 fuit.
1917 5201 2087 5269 Illinc,
2128 5201 2317 5272 inquit,
2365 5215 2487 5256 cum
2510 5198 2782 5262 movisset,
2826 5195 3132 5269 Peregrinus
3157 5193 3253 5266 fuit
3306 5195 3356 5247 in

1760 5295 1985 5351 Ger-aris.

1830 5388 2047 5442 Abrahae
2066 5387 2291 5441 modesta
2310 5385 2505 5439 vivendi
2544 5384 2771 5438 ratio.—
2796 5382 2925 5439 Vide
2943 5382 3205 5453 justorum
3229 5380 3353 5435 vitae

1758 5481 2041 5543 rationem,
2058 5495 2214 5550 quam
2226 5488 2493 5535 contracta
2512 5479 2615 5533 illis
2629 5477 2785 5532 fuerit
2801 5485 2856 5532 et
2876 5476 3094 5532 minime
3107 5488 3353 5545 superva-

1758 5588 1859 5629 cua
1875 5572 2110 5643 supellex
2128 5589 2141 5625 :
2159 5570 2424 5641 quomodo
2442 5570 2593 5625 facile
2614 5568 3060 5639 transmigrabant
3084 5566 3353 5636 vitamque

1759 5679 1907 5719 suam
1925 5662 2264 5718 instituebant
2279 5660 2689 5733 sicutpcrcgrini
2706 5670 2758 5717 et
2769 5660 3009 5725 advenzn,
3026 5668 3073 5714 et
3091 5673 3230 5713 nunc
3243 5656 3349 5720 hic,

1762 5773 1902 5815 nunc
1923 5756 2025 5813 iilic
2043 5755 2377 5811 tabernacula
2396 5754 2695 5826 erigebant,
2719 5753 2867 5825 quasi
2901 5767 3119 5825 peregre
3155 5747 3354 5821 degen-
