3730 6248
459 188 568 245 H5

453 310 553 364 tes;
573 313 679 355 non
703 297 841 354 sicut
867 309 964 351 nos
978 293 1219 363 facimus,
1233 295 1322 365 qui
1337 294 1633 349 habitantes
1652 294 1705 349 in
1719 295 1892 350 aliena
1905 306 2043 352 terra

454 390 605 461 quasi
649 388 702 445 in
734 388 924 459 patria,
953 386 1142 442 domos
1161 387 1486 440 exstruimus
1510 384 1845 455 splendidas,
1878 389 2050 459 porti-

454 498 549 537 cus
575 491 629 538 et
667 480 1065 546 deambulacra,
1090 488 1145 533 et
1189 478 1343 533 villas
1388 478 1747 550 possidemus,
1779 489 1833 535 et
1862 481 2047 536 balnea

453 591 700 645 paramus
735 574 944 643 aliaque
966 572 1264 626 innumera.
1292 570 1398 626 Sed
1429 570 1551 627 vide
1574 572 1842 641 quomodo
1874 573 2050 643 justus

450 667 798 723 substantiam
838 681 989 719 suam
1023 667 1076 719 in
1104 665 1406 720 vernaculis
1441 674 1644 719 tantum
1683 674 1738 720 et
1769 666 2050 736 pecoribus

456 760 756 831 possidens,
788 766 842 813 et
869 773 1157 828 numquam
1182 757 1234 811 in
1255 756 1444 812 eodem
1472 758 1589 811 loco
1616 758 1924 827 persistens,
1952 758 2051 813 ali-

449 850 663 922 quando
689 850 904 921 quidem
935 850 987 904 in
1013 848 1199 904 Bethel
1228 848 1339 919 figit
1365 849 1729 915 tabernacula,
1758 850 2046 920 aliquando

448 954 624 998 autem
653 943 790 1013 apud
813 958 1067 1013 quercum
1090 942 1345 1009 Mambre,
1369 942 1655 1012 aliquando
1679 944 1731 997 in
1756 942 2045 1015 Aigyptum

452 1034 751 1098 descendit,
786 1048 927 1088 nunc
953 1042 1131 1087 autem
1160 1034 1212 1087 in
1235 1031 1451 1088 Geraris
1485 1033 1880 1089 tabernaculum
1915 1037 2043 1108 figit,

448 1135 504 1180 et
549 1127 728 1181 omnia
775 1127 932 1181 facile
976 1126 1225 1189 sustinet,
1270 1134 1580 1195 gratamque
1603 1141 1727 1195 erga
1762 1127 2044 1183 Dominum

449 1226 682 1272 mentem
713 1234 809 1287 per
837 1217 1013 1271 omnia
1041 1215 1323 1271 manifeste
1350 1217 1606 1272 declarat.
1638 1218 1704 1272 Et
1734 1229 1851 1288 post
1874 1229 2046 1276 tantas

450 1310 834 1380 promissiones
881 1326 1000 1380 quae
1028 1309 1075 1363 ei
1103 1324 1131 1363 a
1176 1309 1282 1363 Deo
1307 1308 1460 1363 facta:
1486 1318 1661 1373 erant,
1689 1310 1875 1365 videns
1905 1327 1963 1366 se
1992 1314 2044 1368 in

449 1402 612 1457 tantis
635 1402 833 1456 versari
873 1400 1295 1467 difficultatibus,
1343 1410 1396 1456 et
1427 1402 1478 1454 in
1510 1402 1681 1455 varias
1703 1402 2045 1475 diversasque

454 1494 775 1549 tentationes
824 1492 1085 1559 incidere,
1130 1492 1282 1563 quasi
1331 1492 1549 1547 adamas
1596 1494 1848 1550 immotus
1873 1498 2043 1566 persi-

448 1585 580 1651 stit;
622 1588 872 1655 piamque
899 1599 1050 1639 suam
1083 1596 1313 1638 mentem
1341 1584 1650 1650 ostendens,
1679 1587 1838 1642 nullis
1867 1587 2047 1642 obsta-

448 1676 585 1730 culis
615 1676 966 1747 negligentior
990 1676 1187 1731 evadit.
1221 1676 1354 1731 Vide
1383 1677 1526 1731 enim
1558 1688 1610 1731 et
1632 1695 1794 1745 nunc,
1824 1679 2036 1745 dilecte,

449 1769 624 1839 qualis
671 1770 895 1823 tentatio
939 1784 1061 1823 eum
1090 1771 1142 1824 in
1172 1769 1385 1825 Geraris
1416 1771 1655 1826 invadit:
1689 1781 1743 1827 et
1773 1774 2043 1830 admirare

449 1859 811 1923 fortitudinem
860 1870 912 1915 et
942 1862 1191 1915 virtutem
1215 1860 1366 1930 justi,
1399 1862 1667 1931 quomodo
1697 1864 1837 1933 quod
1872 1866 2042 1919 omni-

448 1952 548 2007 bus
590 1951 946 2019 intolerabile,
995 1960 1050 2007 et
1097 1955 1237 2021 quod
1287 1969 1462 2023 neque
1505 1955 1724 2010 auribus
1769 1958 2043 2028 suscipere

447 2044 567 2113 quis
602 2045 785 2108 vellet,
818 2045 919 2098 hoc
948 2044 1061 2113 ipse
1085 2044 1355 2109 sustinuit,
1388 2060 1491 2099 non
1521 2062 1666 2116 aegre
1709 2045 1910 2117 ferens,
1943 2066 2039 2107 ne-

447 2152 551 2204 que
575 2138 792 2206 exigens
834 2152 863 2189 a
906 2136 1133 2190 Domino
1164 2139 1422 2191 rationem
1467 2153 1650 2193 eorum
1681 2155 1799 2209 quae
1821 2140 2037 2209 fiebant,

449 2229 585 2282 sicut
615 2230 851 2298 plerique
878 2228 1122 2283 homines
1151 2228 1369 2295 faciunt,
1404 2229 1563 2299 hique
1593 2232 1886 2287 innumeris
1921 2248 2044 2303 pec-

447 2329 689 2374 catorqu
740 2320 964 2375 sarcinis
1010 2322 1199 2390 pressi.
1249 2320 1380 2375 Nam
1426 2337 1546 2376 cum
1595 2325 1643 2376 iu
1703 2323 2040 2384 difficultates

449 2410 706 2479 quasdam
756 2410 1059 2475 inciderint,
1101 2412 1280 2465 statim
1328 2411 1751 2480 obmurt‘nttrant,
1788 2423 1840 2468 et
1865 2418 2041 2471 curio-

445 2505 559 2556 sius
602 2502 893 2573 inquirunt,
917 2503 1203 2574 dicuntque
1231 2522 1243 2557 :
1269 2503 1444 2571 Quare
1472 2502 1573 2558 hoc
1603 2515 1656 2559 et
1684 2505 1785 2561 hoc
1824 2510 2039 2564 evenit?

445 2604 500 2650 et
529 2610 694 2666 quare
740 2595 841 2650 hoc
880 2597 1201 2667 permissum
1232 2596 1351 2651 est?
1384 2598 1451 2650 At
1472 2597 1647 2668 justus
1670 2599 1759 2653 ille
1782 2615 1885 2655 non
1919 2602 2035 2657 sic:

446 2687 586 2741 unde
640 2696 693 2742 et
751 2687 827 2740 illi
883 2688 1111 2757 amplius
1156 2702 1446 2756 supernum
1503 2688 1757 2744 auxilium
1786 2700 1869 2746 est
1910 2708 2039 2747 con-

444 2795 674 2835 cessum.
704 2779 815 2835 llnc
837 2781 977 2834 enim
1002 2795 1124 2835 vere
1144 2780 1277 2850 grati
1300 2781 1440 2835 servi
1459 2780 1634 2848 fuerit,
1663 2792 1719 2836 ut
1747 2798 2035 2854 numquam

443 2874 705 2927 curiosior
742 2873 811 2927 sit
856 2873 909 2926 iu
938 2872 999 2925 iis
1026 2871 1370 2942 explorandis
1417 2890 1535 2943 qua:
1575 2873 1605 2927 τι
1633 2873 1852 2931 domino
1884 2877 2066 2945 fiunt,’

442 2964 535 3019 sed
566 2966 617 3018 in
662 2965 874 3019 silentio
915 2974 967 3019 et
1007 2966 1295 3035 gratiarum
1322 2962 1535 3021 actione
1557 2968 1813 3037 suscipiat
1833 2970 2032 3025 omnia.

512 3054 565 3108 9..
608 3055 676 3109 Et
703 3054 1089 3121 animadverte,
1117 3055 1388 3123 quomodo
1414 3055 1582 3109 etiam
1615 3072 1706 3126 per
1738 3058 1859 3114 illas
1890 3062 2034 3130 ipsas

442 3162 561 3216 quin
593 3156 891 3216 sequuntur
916 3148 1236 3201 tentationes
1255 3145 1385 3215 justi
1409 3148 1574 3202 virtus
1602 3152 1770 3219 magis
1793 3153 2030 3221 emicuit,

448 3240 556 3294 Deo
587 3240 789 3294 clarqu
818 3240 968 3294 illum
999 3255 1092 3310 per
1121 3240 1299 3294 omnia
1340 3240 1674 3296 ostendente.
1710 3243 1845 3299 Nam
1892 3247 2033 3303 sicut

442 3332 658 3402 quando
704 3330 755 3385 in
786 3330 1079 3402 Egyptum
1111 3330 1421 3398 descendit,
1466 3341 1524 3386 ut
1566 3333 1777 3404 ignotus
1817 3346 1872 3393 et
1913 3354 2032 3408 per-

442 3427 680 3497 egrinus,
720 3436 774 3481 et
800 3427 927 3481 nulli
956 3427 1187 3497 agnitus,
1215 3427 1394 3482 subito
1435 3443 1627 3499 magno
1668 3445 1788 3484 cum
1830 3430 2033 3488 henore

443 3518 566 3572 inde
609 3518 789 3572 redit:
824 3519 891 3572 ita
923 3530 976 3572 et
1032 3534 1204 3581 nunc.
1253 3536 1372 3573 enm
1422 3526 1735 3593 peregrinus
1790 3534 1933 3579 esset
1976 3526 2031 3581 in

441 3608 678 3677 Cet-aris,
701 3611 750 3664 in
780 3611 909 3680 ipsis
936 3610 1149 3680 quidem
1181 3610 1348 3665 initiis
1375 3612 1517 3682 quod
1545 3630 1698 3668 suum
1726 3625 1844 3669 erat
1870 3616 2027 3672 fecit:

442 3710 629 3773 postea
660 3718 785 3757 vero
813 3712 961 3757 tanto
985 3703 1078 3757 Dei
1100 3703 1338 3759 subsidio
1366 3706 1605 3783 munitus
1634 3717 1736 3773 est,
1762 3715 1817 3761 ut
1842 3718 1899 3763 et
1933 3725 2028 3764 rex

438 3807 492 3852 et
520 3812 706 3853 omnes
748 3798 837 3869 qui
866 3798 918 3852 in
947 3812 1007 3852 ea
1039 3797 1259 3868 regione
1291 3795 1636 3866 habitabant,
1659 3800 1805 3856 omni
1851 3803 2029 3858 studio

438 3892 745 3948 ministrare
793 3892 941 3961 justo
988 3892 1288 3946 studerent.
1329 3891 1383 3945 Ξ.
1425 3890 1571 3947 Dixit
1618 3902 1805 3961 autem,
1834 3896 2024 3966 inquit,

437 3986 695 4041 Abraham
729 3988 792 4039 de
831 3986 994 4041 Sarra
1032 4002 1191 4041 uxore
1231 4003 1355 4053 sua,
1389 3986 1553 4043 Soror
1580 4004 1692 4041 mea
1720 3999 1812 4045 est.
1837 3990 2028 4044 Timuit

438 4080 571 4130 enim
592 4077 778 4141 dicere,
813 4075 955 4130 Uxor
978 4093 1087 4130 mea
1109 4086 1203 4143 est,
1235 4093 1296 4130 ne
1327 4081 1459 4148 forte
1486 4079 1767 4133 occiderent
1792 4097 1904 4134 eum
1933 4083 2026 4135 viri

438 4169 654 4222 civitatis
683 4178 887 4238 propter
911 4167 1073 4221 illam.
1101 4168 1236 4223 Vide
1264 4171 1533 4240 quomodo
1562 4187 1592 4226 a
1620 4173 2025 4231 violentissimis

439 4257 811 4313 affectionibus
854 4259 1029 4312 anima
1050 4259 1180 4328 justi
1223 4259 1586 4331 impugnetur,
1619 4272 1674 4318 et
1714 4265 1873 4320 timor
1903 4282 2023 4322 eum

445 4350 698 4404 incessat.
729 4350 795 4405 Et
818 4352 1063 4421 quamvis
1087 4352 1234 4422 prior
1261 4352 1440 4420 timor,
1468 4370 1534 4410 ne
1560 4356 1837 4413 mulierem
1867 4361 2025 4415 amit-

440 4451 539 4510 tat,
563 4442 739 4511 gravis
769 4440 966 4509 fuerit,
994 4444 1152 4499 timor
1184 4454 1360 4500 tamen
1404 4447 1593 4503 mortis
1617 4449 1766 4503 illum
1799 4453 2021 4522 expulit.

438 4532 511 4591 Ut
541 4534 683 4588 enim
708 4533 850 4589 hunc
880 4534 1169 4607 effugeret,
1192 4538 1445 4593 sustinuit
1475 4540 1589 4595 suis
1617 4541 1789 4597 oculis
1818 4544 2020 4613 videre,

434 4628 635 4684 sociam
664 4628 786 4682 vitae
821 4642 932 4681 sum
962 4628 1015 4682 in
1055 4629 1195 4700 regis
1239 4645 1428 4685 manus
1472 4631 1729 4689 incidere.
1761 4634 1928 4702 Quam
1955 4638 2027 4691 sit

434 4727 615 4774 autem
654 4717 756 4773 hoc
802 4718 1027 4772 toleratu
1061 4718 1309 4788 difficile,
1351 4721 1527 4777 sciunt
1573 4724 1662 4794 qui
1694 4740 1886 4781 uxores
1930 4726 2025 4782 ha-

436 4815 587 4869 bent.
614 4811 766 4868 Unde
790 4820 847 4866 et
875 4812 1092 4882 sapiens
1136 4812 1354 4882 quidam
1399 4814 1643 4870 dicebat:
1678 4815 1872 4872 Plenus
1914 4820 2023 4874 zelo

436 4908 577 4961 furor
598 4907 692 4961 viri
721 4908 832 4978 ejus
852 4949 866 4972 ,
904 4924 1006 4961 non
1051 4917 1218 4976 parcet
1247 4908 1298 4961 in
1342 4908 1424 4962 die
1441 4909 1627 4978 judicii
1649 4951 1665 4978 ,
1693 4912 1834 4966 nullo
1864 4917 2023 4983 pretio

431 5000 643 5054 mutabit
670 4998 960 5053 inimicitias
983 4998 1165 5069 (Prov.
1184 4998 1342 5054 6.54.
1366 5000 1478 5070 55).
1502 5000 1697 5056 Verum
1733 5018 1893 5073 grave
1923 5004 2024 5060 hoc

429 5103 485 5148 et
509 5094 758 5148 omnibus
782 5092 1140 5159 intolerabile,
1156 5093 1277 5149 vide
1301 5095 1570 5163 quomodo
1598 5106 1815 5166 propter
1837 5099 2023 5154 mortis

431 5197 632 5241 metum
657 5187 745 5243 ille
770 5187 907 5241 tulit.
931 5186 1043 5242 Hoc
1074 5202 1204 5242 sane
1232 5196 1286 5241 et
1311 5188 1363 5242 iu
1387 5188 1757 5258 corporalibus
1786 5188 2021 5246 affectio-

435 5281 593 5334 nibus
624 5281 939 5352 contingere
963 5280 1137 5336 solet:
1172 5297 1293 5335 nam
1326 5281 1543 5351 quando
1586 5282 1694 5337 duo
1733 5284 1905 5339 morbi
1944 5286 2019 5339 si-

429 5370 539 5425 mul
578 5370 831 5426 infestant
855 5387 1055 5444 corpus
1097 5384 1378 5438 nostrum,
1425 5372 1582 5428 unius
1631 5374 2018 5430 incrementum

431 5465 562 5534 tegit
614 5465 807 5533 alium,
861 5476 917 5522 et
969 5475 1109 5522 totos
1160 5481 1258 5521 nos
1323 5466 1414 5521 ille
1463 5466 1676 5537 gravior
1720 5469 1873 5524 dolor
1918 5470 2018 5525 sibi

434 5558 710 5625 vindicat,
749 5558 819 5614 ita
871 5570 929 5616 ut
975 5576 1120 5630 saepe
1166 5560 1428 5615 minorem
1479 5560 1719 5616 dolorem
1755 5577 1783 5615 a
1831 5563 2017 5633 majori

432 5651 674 5706 distracti
705 5668 811 5706 non
844 5653 1156 5707 sentiamus.
1192 5653 1392 5709 Eodem
1414 5655 1575 5710 modo
1601 5654 1778 5726 justus
1808 5671 2019 5729 quoque

1170 182 1230 240 S.
1267 180 1547 240 JOANNIS
1583 180 2034 239 CHRYSOSTOSI

2217 184 2417 242 IHIEP.
2457 186 2993 247 CONSTANTINOP.
3648 204 3723 258 416

2166 298 2256 355 ille
2297 316 2438 357 nunc
2488 302 2677 359 videns
2745 321 2938 376 urgere
2985 304 3230 364 dolorem
3282 310 3526 380 mortis,
3569 328 3723 371 caetera

2162 392 2342 447 omnia
2377 393 2676 449 tolerabilia
2705 397 2983 453 censebat.

2236 484 2382 541 Mors
2411 487 2542 542 nihil
2566 498 2641 543 est
2668 490 2812 544 aliud
2838 508 2993 562 quant
3020 508 3324 548 sonmus.—
3353 493 3623 550 Czeterum
3642 498 3727 556 hac

2165 576 2411 645 audiens,
2438 579 2634 636 dilecte
2655 623 2669 647 ,
2699 597 2768 637 ne
2792 583 3122 640 condemnes
3139 586 3345 655 justum
3379 589 3455 642 ob
3486 591 3721 657 pusillani-

2164 669 2425 734 mitatem,
2461 674 2601 740 quod
2635 682 2866 728 mortem
2908 674 3192 731 timuerit:
3223 676 3318 732 sed
3372 680 3562 749 potius
3602 683 3722 737 aduri

2163 772 2284 814 rare
2311 759 2619 817 Conditoris
2647 765 2879 820 universi
2906 782 3030 838 erga
3051 784 3152 824 nos
3179 769 3597 841 benignitatem,
3621 786 3719 845 quod

2163 860 2391 905 mortem
2427 851 2595 923 justis
2624 854 2727 911 illis
2751 866 2805 910 et
2831 860 3032 914 sanctis
3064 869 3190 915 tunc
3230 862 3581 930 terribilem,
3619 882 3719 923 nunc

2163 940 2233 995 ita
2258 942 2656 1012 despiciendam
2687 948 2899 1005 dederit
2922 949 3192 1019 Christus,
3223 963 3282 1008 ut
3310 970 3489 1025 quam
3515 955 3720 1015 formida.

2160 1033 2289 1088 bant
2317 1036 2415 1090 viri
2442 1036 2517 1091 illi
2551 1039 2749 1094 virtute
2771 1041 2901 1096 clari
2927 1084 2943 1109 ,
2966 1052 3022 1098 et
3048 1054 3190 1099 tanta
3217 1062 3348 1117 erga
3382 1048 3556 1102 Deum
3578 1050 3719 1106 fiducia

2163 1125 2306 1192 freti,
2340 1143 2481 1184 nunc
2507 1130 2787 1188 derideant
2813 1142 2865 1189 et
2888 1134 3115 1204 juvenes
3135 1180 3149 1203 ,
3179 1149 3235 1194 et
3263 1149 3479 1195 tenera:
3518 1143 3719 1214 virgine.

2157 1215 2298 1269 Nihil
2327 1219 2469 1272 enim
2500 1220 2644 1276 aliud
2685 1238 2831 1278 mors
2856 1234 2959 1293 est,
2987 1242 3145 1296 quam
3171 1244 3408 1286 somnus
3439 1241 3501 1286 et
3537 1240 3719 1304 peregri-

2159 1307 2326 1374 natio,
2349 1319 2508 1380 atque
2543 1315 2938 1385 transmigratio
2963 1334 2992 1372 a
3030 1319 3394 1377 deterioribus
3424 1324 3497 1378 ad
3526 1328 3717 1382 meliora.

2156 1398 2296 1455 Mors
2324 1403 2464 1457 enim
2495 1404 2705 1461 Domini
2734 1407 3187 1468 immortalitatem
3230 1415 3396 1470 nobis
3424 1415 3666 1485 donavit,
3687 1438 3721 1477 et

2158 1501 2213 1546 ut
2232 1492 2511 1551 descendit
2532 1497 2585 1551 in
2610 1499 2894 1567 infernum,
2920 1502 3163 1558 dissolvit
3181 1506 3299 1575 ejus
3322 1523 3556 1575 nervos,
3579 1512 3720 1564 robur.

2157 1598 2261 1653 que
2296 1586 2569 1644 destruxit
2597 1606 2610 1643 :
2638 1602 2692 1645 et
2715 1594 2859 1663 quod
2884 1605 3039 1650 antea
3069 1598 3305 1655 terribile
3328 1613 3457 1655 erat
3486 1613 3540 1657 et
3570 1604 3717 1673 impla-

2155 1677 2360 1744 cabile,
2393 1679 2495 1735 hoc
2533 1698 2676 1738 nunc
2702 1684 3104 1756 despiciendum
3134 1691 3319 1759 dedit,
3356 1694 3508 1748 adeo
3534 1706 3589 1749 ut
3620 1714 3718 1751 noa-

2155 1770 2284 1825 nulli
2316 1774 2564 1829 exsiliant
2590 1785 2643 1831 et
2678 1778 3071 1837 festinentcum
3102 1785 3226 1841 hinc
3264 1798 3355 1841 est
3398 1790 3719 1858 migrandum.

2154 1862 2386 1922 Proinde
2435 1877 2489 1923 et
2533 1870 2730 1928 Paulus
2771 1873 2990 1942 clamat,
3019 1877 3204 1934 dicens
3236 1898 3252 1934 :
3286 1881 3529 1937 Dissolvi
3570 1897 3611 1939 et
3640 1904 3719 1939 cui

2153 1956 2353 2014 Christo
2382 1978 2489 2017 esse
2513 1966 2670 2020 multo
2700 1968 2879 2023 melius
2906 1970 3162 2043 (Philipp.
3194 1977 3246 2030 1.
3270 1976 3397 2046 23).
3428 1978 3621 2035 Verum
3641 1983 3719 2036 hac

2152 2053 2369 2121 quidem
2413 2072 2556 2112 nunc
2586 2068 2706 2128 post
2741 2060 2941 2118 Christi
2967 2064 3277 2134 adventum,
3297 2081 3591 2138 postquam
3625 2089 3719 2126 coa-

2154 2140 2335 2198 fractze
2365 2158 2487 2200 sunt
2510 2158 2678 2216 porta:
2706 2150 2899 2207 inferni
2921 2170 3098 2221 aerem,
3123 2170 3414 2229 postquam
3438 2164 3521 2215 Sol
3546 2163 3719 2232 justiti:

2153 2234 2349 2306 ubique
2381 2247 2643 2296 terrarum
2688 2245 2909 2301 affulsit.
2939 2246 3089 2304 Tunc
3114 2261 3293 2308 autem
3343 2258 3633 2310 terribilem
3656 2264 3718 2311 at.

2152 2325 2257 2382 huc
2287 2328 2518 2387 habebat
2547 2332 2755 2402 faciem,
2789 2341 3232 2418 concutiebatque
3266 2345 3550 2416 justorum
3586 2350 3717 2403 boun-

2151 2435 2279 2474 num
2311 2421 2524 2477 illorum
2543 2435 2776 2482 mentem
2800 2447 2812 2483 :
2834 2428 2953 2486 ideo
2979 2440 3036 2487 et
3056 2436 3233 2488 etruria
3256 2436 3368 2490 alia
3394 2438 3593 2494 leviter
3617 2442 3716 2495 fere

2149 2512 2296 2581 bant,
2319 2517 2476 2571 etiam
2495 2534 2613 2589 quae
2633 2521 2985 2579 intolerabilia
3002 2540 3121 2582 esse
3143 2527 3497 2585 videbantur.
3524 2532 3643 2588 llinc
3663 2550 3717 2587 tsi

2149 2607 2290 2676 quod
2321 2617 2377 2665 et
2410 2611 2587 2680 justus
2616 2613 2706 2669 ille
2729 2615 2921 2671 timens
2963 2633 3169 2685 eorum,
3199 2624 3290 2692 qui
3327 2625 3382 2677 in
3413 2624 3628 2682 Ceraris
3652 2628 3717 2681 ha-

2147 2696 2389 2755 bitabant
2411 2740 2426 2767 ,
2459 2702 2707 2769 insidias,
2736 2705 3063 2764 domicilium
3110 2712 3180 2766 ibi
3226 2713 3520 2782 habuerit,
3550 2734 3644 2774 nou
3680 2732 3718 2773 et

2148 2807 2389 2858 uxorem.
2422 2796 2515 2851 sed
2546 2805 2601 2852 ut
2636 2813 2877 2855 sororem
2918 2817 3101 2857 secum
3143 2804 3392 2874 habens;
3430 2811 3503 2865 ita
3537 2816 3717 2867 inuncta

2149 2882 2247 2938 hac
2277 2886 2495 2954 regione
2537 2892 2850 2960 peregrinus
2882 2892 3045 2963 degit.
3078 2895 3144 2950 Et
3169 2898 3313 2952 sicut
3343 2916 3474 2955 cum
3511 2903 3561 2957 in
3589 2903 3718 2974 rigg-

2147 2984 2294 3045 ptum
2329 2993 2450 3032 eum
2486 2980 2814 3036 descendere
2842 2985 3086 3054 permisit
3116 2987 3283 3055 Dens,
3312 2992 3514 3048 volens
3550 2996 3717 3063 impro-

2145 3066 2243 3121 bos
2268 3067 2390 3123 illos
2416 3080 2469 3124 et
2494 3071 2749 3129 socordes
2770 3073 2979 3132 discere
3000 3077 3129 3147 justi
3154 3081 3409 3137 virtutem
3434 3103 3449 3139 :
3473 3086 3544 3139 ita
3574 3098 3625 3141 et
3654 3088 3715 3141 hic

2147 3161 2481 3218 tolerantiam
2509 3180 2661 3220 suam
2692 3168 2908 3224 exhibet
2934 3171 3191 3227 Dominus
3211 3216 3225 3240 ,
3245 3186 3304 3230 ut
3327 3178 3467 3245 justi
3494 3182 3713 3250 patientia

2144 3255 2199 3309 in
2222 3257 2469 3312 omnibus
2495 3259 2722 3328 eluceat,
2745 3260 2939 3333 fiatque
2958 3264 3049 3319 Dei
3074 3266 3126 3319 in
3148 3268 3326 3338 ipsum
3362 3270 3713 3329 benevolente

2144 3346 2429 3404 manifesta
2456 3350 2727 3405 omnibus.
2762 3352 2903 3407 Misit
2934 3367 3100 3411 autem
3138 3358 3438 3415 Abimelcclt
3481 3382 3569 3419 rex
3590 3368 3715 3421 Cera-

2141 3455 2335 3505 rornm,
2369 3451 2421 3494 at
2450 3444 2733 3513 acciperent
2762 3446 2997 3502 Sarram.
3020 3450 3205 3521 Cogita
3238 3456 3348 3521 hic,
3368 3474 3583 3527 qumso,
3612 3471 3716 3514 tea;-

2140 3542 2401 3601 pestatem
2428 3537 2806 3617 cogitationum
2833 3556 2991 3610 quam
3025 3545 3144 3598 tulit
3170 3547 3355 3615 justus
3377 3552 3572 3608 videns
3604 3572 3713 3609 uxo-

2141 3638 2253 3677 rem
2284 3640 2434 3679 suam
2458 3627 2669 3696 abduci,
2689 3639 2744 3684 et
2759 3646 2818 3686 se
2840 3633 2968 3687 nihil
2992 3650 3148 3705 posse
3165 3638 3358 3707 juvare
3380 3658 3531 3698 eam.
3560 3648 3710 3702 Siler-

2141 3724 2225 3770 ter
2248 3719 2391 3772 enim
2422 3718 2624 3776 ferebat
2649 3724 2860 3790 omnia,
2889 3727 3064 3783 sciens
3095 3728 3207 3787 fore
3238 3744 3298 3787 ut
3328 3750 3389 3790 se
3420 3753 3532 3793 non
3565 3742 3717 3809 deepi.

2138 3822 2280 3865 ceret
2302 3813 2578 3882 Dominus,
2598 3816 2690 3873 sed
2719 3819 3074 3876 acceleratum
3104 3825 3391 3884 adhiberet
3420 3834 3712 3887 SUb>idtmlL

2137 3902 2485 3960 Admirabilis
2524 3924 2737 3980 quoque
2777 3912 2951 3969 Sarra:
2981 3929 3134 3971 amor
3176 3929 3295 3986 est,
3325 3940 3453 3989 qua:
3502 3928 3717 3997 periculo

2138 3997 2330 4051 mortis
2357 3997 2557 4067 justum
2585 4003 2796 4072 eripere
2822 4007 3007 4060 voluit.
3032 4009 3239 4065 Poterat
3271 4016 3423 4068 enim
3454 4018 3570 4087 ipsa
3591 4021 3715 4074 dcte

2135 4090 2310 4161 gendo
2359 4092 2590 4163 factum,
2640 4108 2840 4152 certam
2889 4104 3265 4158 contumeliam
3315 4107 3603 4179 effugere:
3640 4114 3715 4166 sal

2136 4183 2351 4252 pertulit
2389 4187 2565 4241 omnia
2599 4186 2845 4257 fortiter,
2876 4202 2934 4247 ut
2976 4194 3094 4249 viro
3132 4197 3360 4254 salutem
3404 4217 3637 4271 pararet.
3667 4208 3716 4260 Et

2133 4272 2410 4344 impletum
2436 4286 2518 4332 est
2544 4278 2672 4333 illud
2695 4279 2916 4349 dictum,
2951 4282 3113 4339 Erunt
3134 4287 3235 4341 duo
3262 4290 3315 4344 in
3338 4309 3555 4348 carnem
3585 4314 3714 4349 una:

2135 4363 2289 4437 (Gen.
2318 4366 2373 4420 2.
2399 4367 2514 4440 24).
2546 4369 2842 4442 Tamquam
2891 4376 3034 4430 enim
3082 4393 3184 4432 una
3234 4395 3421 4437 essent
3472 4400 3630 4449 caro,
3660 4390 3713 4441 ita

2134 4467 2332 4513 mutua:
2359 4460 2546 4516 salutis
2573 4478 2755 4519 curam
2784 4465 3017 4521 vicissim
3049 4471 3299 4540 agebant,
3319 4485 3375 4529 et
3406 4484 3614 4533 tantain
3634 4482 3713 4533 de-

2132 4550 2409 4607 clarabant
2435 4556 2797 4625 concordiam,
2829 4562 2979 4628 quasi
3018 4578 3181 4617 unum
3222 4578 3407 4622 essent
3453 4585 3648 4641 corpus
3676 4590 3717 4627 et

2132 4657 2237 4697 una
2264 4644 2460 4700 anima.
2483 4647 2715 4703 Audiant
2740 4649 2854 4705 haec
2878 4653 3000 4717 viri,
3033 4656 3251 4710 audiant
3278 4667 3333 4712 et
3362 4663 3653 4718 mulieres:
3675 4678 3714 4718 τι

2131 4734 2246 4789 ista:
2271 4736 2516 4806 quidem,
2545 4749 2601 4793 ut
2640 4740 2889 4797 eumdem
2931 4759 3056 4815 erga
3097 4762 3224 4802 suos
3280 4750 3431 4805 viros
3479 4768 3710 4809 amorem

2131 4825 2445 4895 declarent,
2474 4830 2714 4902 nihilque
2753 4834 2895 4889 aliud
2937 4837 3149 4892 illorum
3200 4844 3490 4910 praiferant
3534 4850 3711 4902 Saluti.

2131 4918 2232 4974 viri
2255 4929 2455 4986 autem,
2488 4932 2545 4978 ut
2569 4940 2693 4995 erga
2717 4942 2914 4983 uxores
2941 4930 3172 4986 habeant
3203 4935 3715 5007 benevolentiam,ct

2130 5011 2281 5080 quasi
2306 5027 2464 5067 unam
2484 5016 2716 5071 animam
2744 5018 3003 5076 haberent
3032 5032 3086 5079 et
3113 5041 3279 5082 unum
3304 5045 3506 5103 corpus
3528 5050 3711 5093 essent.

2130 5103 2309 5158 omnia
2340 5103 2559 5161 faciant.

2199 5196 2254 5250 5.
2293 5194 2590 5269 Conjugalis
2609 5203 2897 5260 concordia
2914 5206 3311 5271 bonum.—floc
3349 5217 3497 5272 enim
3540 5234 3703 5273 verum

2129 5299 2213 5344 est
2238 5292 2541 5362 conjugium
2562 5334 2579 5361 ,
2601 5298 2816 5365 quando
2847 5309 2993 5357 tanta
3022 5303 3162 5359 inter
3185 5321 3279 5361 eos
3305 5319 3388 5363 est
3411 5313 3707 5369 concordia.

2127 5384 2340 5451 quando
2354 5386 2567 5443 vinculo
2580 5391 2815 5447 caritatis
2836 5395 2903 5447 ita
2917 5406 3042 5450 sunt
3054 5402 3385 5456 concatenati
3396 5402 3569 5459 .Sient
3580 5408 3705 5459 enim

2126 5492 2324 5547 corpus
2350 5496 2639 5553 numquam
2684 5502 2716 5541 a
2754 5493 3044 5559 semetipso
3072 5490 3315 5561 dissidet,
3338 5511 3519 5567 neque
3548 5500 3705 5554 ain

2127 5568 2387 5628 adversus
2429 5575 2660 5644 seipsam
2692 5594 2706 5631 :
2734 5578 2803 5633 ita
2844 5580 3017 5636 virum
3043 5592 3099 5637 et
3126 5585 3407 5642 mulierem
3447 5605 3565 5647 non
3604 5608 3707 5647 eos

2128 5662 2275 5716 venit
2304 5663 2587 5730 dissidere,
2611 5666 2705 5723 sed
2739 5669 2916 5726 unitos
2942 5686 3088 5729 esse.
3116 5672 3268 5731 Tunc
3289 5679 3431 5735 enim
3462 5682 3605 5738 bona
3644 5686 3707 5738 in-
