3792 6262
24 258 150 314 “Ti

23 379 161 428 ἐκεῖ
187 376 290 440 τάς
326 376 528 447 σκηνὰς
565 379 886 450 ἐπήγνυντο,
938 382 1188 455 καθάπερ
1230 386 1288 440 ἐν
1333 386 1458 458 ξένῃ
1501 387 1715 455 διάγον-

24 475 137 521 ῖεςο
158 460 236 543 οὐ
264 460 514 533 καθάπερ
536 463 694 533 ἡμεῖς
720 462 1003 534 ποιοῦμεν,
1053 466 1151 537 τὴν
1182 468 1338 540 ξένην
1370 470 1446 533 ὡς
1480 470 1710 543 πατρίδα

24 542 331 608 ιίκοῦντες,
366 545 461 599 καὶ
479 544 657 608 οἰκίας
678 545 1083 617 οἰκοδομοῦντες
1113 550 1391 623 λαμπρὰς,
1420 554 1513 606 καὶ
1542 553 1701 617 στοὰς

23 627 109 678 ταὶ
154 627 517 698 περιπάτους,
558 628 655 681 καὶ
706 629 911 701 ἀγροὺς
969 633 1471 704 κεκτημένοι,ικα)¹
1509 635 1709 704 λουτρὰ

23 716 555 781 ιατασκευάζοντες,
596 714 688 769 καὶ
718 717 879 788 ἕτερα
930 718 1119 791 μυρία.
1169 719 1307 773 Ἀλλ’
1339 721 1439 793 ὅρα
1490 722 1583 776 τὸν
1625 723 1707 775 δί-

23 813 181 850 εαιον
210 798 305 851 καὶ
344 799 402 851 ἐν
436 801 547 861 τοῖς
577 799 878 868 οίκογενέσι
927 801 1108 870 μόνοις
1140 804 1235 856 καὶ
1277 806 1391 868 τοῖς
1435 807 1707 876 ποιμνίοις

32 879 114 949 ὴν
150 882 345 934 οὐσίαν
374 882 591 935 ἃπασαν
620 883 977 954 κεκτημένον,
1010 886 1104 938 καὶ
1121 886 1357 958 οὐδαμοῦ
1390 890 1700 960 ἱστάμενον,

24 968 161 1022 ιλλὰ
190 969 325 1021 ποτὲ
360 968 459 1038 μὲν
493 970 573 1033 είς
621 968 719 1041 τὴν
768 970 941 1041 Βεθὴλ
993 971 1092 1043 τὴν
1135 974 1339 1046 σκηνὴν
1397 978 1700 1049 πηγνύντα,

23 1057 155 1109 εοτὲ
207 1058 269 1111 δὲ
323 1056 475 1127 παρὰ
517 1056 617 1129 τὴν
667 1057 797 1129 δρῦν
837 1060 1107 1131 Μαμϐρῆ,
1156 1062 1250 1116 καὶ
1298 1064 1428 1117 ποτὲ
1478 1064 1575 1135 μὲν
1624 1068 1701 1130 εἰς

23 1146 304 1212 ιῖγυπτον
338 1145 615 1209 κατιόντα,
636 1148 754 1201 νυνὶ
779 1147 836 1201 δὲ
860 1150 918 1203 ἐν
940 1149 1201 1221 Γεράροις
1227 1152 1695 1221 κατασκηνοῦντα,

24 1229 111 1279 εαὶ
146 1228 334 1282 πάντα
378 1228 496 1297 μετ’
541 1230 788 1293 εὐκολίας
823 1231 1183 1301 ὑπομένοντα,
1230 1233 1327 1286 καὶ
1362 1235 1463 1305 τὴν
1489 1236 1699 1305 εὐγνω-

24 1314 273 1385 Lac-:3qu
310 1314 409 1386 τὴν
447 1316 587 1386 πρὸς
621 1316 713 1370 τὸν
750 1318 946 1371 οἰκεῖον
1000 1318 1281 1389 Δεσπότην
1340 1319 1431 1373 διὰ
1477 1322 1695 1376 πάντων

23 1398 217 1463 ταφὼς
253 1398 715 1468 ἐπιδεικνύμενον.
748 1398 857 1453 Καὶ⁵
889 1400 1027 1469 μετά
1067 1401 1334 1466 τοσαύτας
1378 1403 1700 1473 ὑποσχέσεις

24 1483 108 1531 ιαὶ
144 1482 482 1551 ἐπαγγελίας
520 1480 619 1545 τὰς
664 1482 818 1554 παρὰ
847 1482 941 1537 τοῦ
976 1484 1112 1538 Θεοῦ
1154 1487 1233 1548 είς
1267 1487 1428 1541 αὐτὸν
1468 1504 1701 1559 γεγενη-

24 1568 220 1631 ιένας,
256 1567 399 1639 ὁρῶν
441 1568 630 1622 ἐαυτὸν
659 1569 950 1635 τοσαύταις
988 1573 1345 1644 περιστάσεσι
1392 1575 1701 1646 κυκλούμε-

24 1668 129 1709 you,
160 1652 256 1704 καὶ
278 1652 545 1714 ποικίλοις
574 1654 669 1706 καὶ
696 1653 976 1724 διαφόροις
998 1660 1321 1727 πειρασμοῖς
1338 1657 1698 1728 ἐμπίπτοντα,

24 1739 281 1809 ιαθάπερ
311 1740 522 1810 ἀδάμας
558 1757 643 1803 τις
686 1741 1088 1812 ἀπερίτρεπτος
1134 1744 1411 1813 εἱστήκει,
1465 1745 1566 1817 τὴν
1612 1764 1702 1815 φι-

24 1827 206 1878 λόθεον
236 1826 400 1878 αὐτοῦ
439 1826 664 1897 γνώμην
713 1827 955 1892 δεικνὺς,
1003 1829 1096 1881 καὶ¹
1149 1828 1325 1883 οὐδενὶ
1368 1829 1476 1884 τῶν
1527 1833 1583 1884 ἐν
1620 1831 1700 1902 τῷ

23 1907 179 1974 ιέσῳ
214 1904 556 1979 κωλυμάτων
593 1902 925 1974 νωθρότερος
956 1905 1258 1976 γινόμενος.
1291 1907 1435 1978 Ὅρα
1464 1908 1570 1979 γὰρ
1604 1910 1700 1963 καὶ

24 1983 136 2041 νῦν,
164 1978 563 2053 ἀγαπητέ,οίος
590 1983 752 2036 αὐτὸν
779 1985 1083 2054 πειρασμὸς
1105 1986 1267 2048 είςτά
1293 1987 1508 2058 Γέραρα
1532 1978 1700 2041 κατα-

24 2071 315 2140 ιαμϐάνει,
340 2071 435 2122 καὶ
460 2069 738 2140 θαύμασον
765 2072 859 2124 τοῦ
885 2071 1093 2125 δικαίου
1119 2073 1221 2143 τῆς
1249 2074 1448 2145 ἀρετῆς
1474 2074 1573 2143 τὴν
1604 2076 1687 2129 ἀν-

24 2155 227 2223 ἱρείαν,
263 2152 410 2224 [458]
441 2153 585 2216 ὅπως
612 2153 672 2206 τὸ
703 2156 868 2207 πᾶσιν
894 2154 1184 2226 ἀφόρητον,
1222 2158 1316 2209 καὶ
1341 2158 1370 2210 δ
1410 2159 1531 2211 οὐδὲ
1559 2160 1695 2230 ἀκοῇ

24 2259 93 2303 τις
131 2240 546 2311 παραδέξασθαι
575 2241 881 2310 ἀνάσχοιτο,
916 2241 1073 2295 τοῦτο
1102 2238 1253 2307 οὗτος
1292 2244 1607 2315 ὑπέμεινεν,
1634 2247 1695 2300 οὐ

24 2335 64 2379 ὐ
78 2328 413 2399 σχεραίνων,
442 2329 561 2381 οὐδέ
584 2329 831 2382 ἀπαιτῶν
875 2330 1105 2395 εὐθύνας
1132 2331 1239 2384 τῶν
1265 2332 1564 2403 γινομένων
1605 2333 1696 2387 τὸν

23 2416 320 2485 ιεσπότην,
353 2416 599 2487 καθάπερ
644 2416 692 2469 οἱ
734 2415 915 2469 πολλοὶ
960 2416 1069 2471 τῶν
1096 2417 1399 2488 ἀνθρώπων
1449 2420 1692 2487 ποιοῦσι,

23 2505 107 2555 (αὶ
136 2503 319 2555 ταῦτα
358 2502 571 2572 μυρίοις
618 2503 1029 2574 ἁμαρτημάτων
1072 2505 1312 2574 φορτίοις
1361 2507 1694 2577 πιεζόμενον

24 2608 110 2642 πε
122 2591 244 2643 ιδάν
258 2590 543 2659 δυσχερέσι
559 2593 671 2651 τισῆ¹
685 2590 1074 2661 περιπέσωσιν,
1091 2591 1293 2656 εὐθέως
1317 2592 1697 2667 πολυπραγμο-

23 2680 238 2741 mina;
262 2680 356 2732 καὶ
381 2677 866 2749 περιεργαζόμενοι
894 2679 1111 2747 λέγουσι
1137 2697 1150 2710 ·
1183 2681 1280 2735 Διά
1326 2680 1375 2732 τί
1415 2682 1474 2734 τὸ
1504 2684 1596 2735 καὶ
1633 2684 1694 2735 τὸ

23 2768 257 2837 ςυνέ6η;
288 2767 384 2820 καὶ
411 2767 554 2829 τίνος
603 2766 789 2819 ἕνεκεν
837 2766 958 2820 τόδε
1000 2768 1383 2841 συνεχωρήθης
1430 2770 1566 2821 Ἀλλ’
1596 2771 1692 2842 οὐχ

24 2890 30 2905 .
56 2857 278 2918 δίκαιος
299 2848 474 2917 οὗτοςο
505 2853 574 2906 δι’
597 2853 625 2906 ὃ
651 2854 744 2906 καὶ
770 2853 1016 2917 πλείονος
1044 2856 1328 2927 ἀπήλαυσε
1353 2855 1451 2926 τῆς
1481 2856 1689 2910 ἄνωθεν

24 2945 216 3014 Ξοπῆς.
248 2943 416 2995 Τοῦτο
450 2944 559 3012 γὰρ
593 2941 809 3012 άληθῶς
859 2942 1202 3013 εὐγνώμονος
1239 2945 1472 3008 οἰκέτου,
1526 2947 1690 3016 μηδὲν

23 3032 122 3083 εὼν
158 3030 267 3084 ὑπὸ
296 3029 390 3082 τοῦ
420 3029 676 3082 δεσπότου
705 3030 1003 3100 γινομένων
1033 3030 1529 3103 πολυπραγμονεῖν,
1556 3033 1691 3087 ἀλλά

23 3123 145 3191 ςεγῇ
178 3120 357 3173 πάντα
389 3119 822 3189 καταδέχεσθαι,
861 3118 955 3173 καὶ
988 3118 1126 3189 μετὰ
1161 3120 1363 3190 πολλῆς
1399 3122 1498 3193 τῆς
1528 3124 1689 3193 εὐχα-

24 3209 255 3271 »ιστίας.

83 3317 158 3387 β’.
182 3314 295 3368 Καὶ
317 3313 528 3376 σκόπει,
559 3311 674 3376 πῶς
698 3313 793 3368 καὶ
812 3313 880 3366 δι’
902 3313 1082 3369 αὐτῶν
1098 3313 1205 3367 τῶν
1225 3316 1691 3386 παρακολουθούν-

23 3420 121 3454 των
160 3399 483 3471 πειρασμῶν
510 3401 544 3471 ἡ
596 3401 692 3453 τοῦ
717 3400 929 3454 δικαίου
950 3401 1120 3473 ἀρετὴ
1163 3403 1362 3473 μᾶλλον
1393 3403 1686 3475 ἐξέλαμπε,

23 3491 105 3543 τοῦ
136 3488 273 3542 Θεοῦ
306 3489 540 3561 φανερὸν
574 3489 738 3542 αὐτὸν
765 3488 853 3543 διὰ
878 3491 1096 3544 πάντων
1127 3491 1454 3555 δεικνύντος.
1480 3493 1691 3563 ’Ὥσπερ

24 3580 122 3648 γὰρ
145 3578 311 3647 ἡνίκα
337 3578 417 3640 είς
450 3576 550 3648 τὴν
572 3575 849 3645 Αἴγυπτον
874 3576 1162 3646 κατῆλθεν,
1194 3578 1269 3640 ὼς
1289 3579 1567 3646 ἄγνωστος
1596 3581 1690 3632 καὶ

23 3666 165 3726 ξένος
179 3662 275 3714 καὶ
293 3662 469 3714 οὐδενὶ
488 3659 783 3731 γνώριμος,
806 3659 1001 3730 ἀθρόον
1031 3662 1167 3730 μετά
1186 3661 1381 3731 πολλῆς
1403 3663 1503 3732 τῆς
1522 3663 1689 3733 τιμῆς

24 3752 225 3803 ,κεῖθεν
249 3749 475 3820 ἐπανῄει
496 3768 510 3781 ο
538 3747 680 3802 οὑτω
708 3749 800 3801 καὶ
820 3747 915 3800 νῦν
943 3749 1285 3819 παροικήσας
1316 3751 1374 3801 ἐν
1406 3750 1685 3820 Γεράροις,

24 3858 63 3890 νν
100 3838 203 3908 μὲν
236 3840 348 3901 τοῖς
399 3837 703 3909 προοιμίοις
757 3835 828 3888 τὰ
862 3838 992 3909 παρ’
1041 3836 1234 3890 ἐαυτοῦ
1286 3837 1683 3891 ἐπιδείκνυται⁶

24 3927 153 3979 ιετά
188 3926 246 3979 δέ
294 3924 463 3978 ταῦτα
498 3924 765 3994 τοσαύτης
798 3924 1058 3977 ἀπολαύει
1097 3925 1195 3996 τῆς
1226 3927 1378 3996 παρά
1426 3925 1518 3979 τοῦ
1551 3925 1685 3979 Θεοῦ

23 4013 355 4085 συμμαχίας,
377 4013 454 4076 ὠς
480 4013 573 4065 καὶ
595 4013 686 4065 τὸν
718 4012 962 4084 βασιλέα,
993 4014 1087 4066 καὶ
1119 4014 1244 4075 τούς
1270 4012 1450 4066 αὐτόθι
1478 4013 1686 4077 πάντας

24 4102 316 4166 νίκοῦντας,
354 4102 485 4171 περὶ
526 4101 625 4172 τὴν
654 4100 949 4171 θεραπείαν
981 4101 1074 4153 τοῦ
1108 4101 1316 4154 δικαίου
1350 4103 1530 4155 πᾶσαν
1562 4103 1684 4154 ἐπι-

24 4190 323 4243 ιείκνυσθαι
349 4190 448 4261 τὴν
481 4190 737 4260 σπουδήν.
769 4188 918 4244 Eine
949 4190 1038 4254 δὲ,
1068 4191 1253 4259 φησὶν,
1288 4191 1530 4259 Ἀϐραὰμ
1550 4191 1683 4260 περὶ

23 4279 245 4347 ἳάρῤας
292 4278 397 4346 τῆς
452 4277 739 4348 γυναικὸς
789 4278 1004 4332 αὐτοῦ’
1040 4277 1288 4347 Ἀδελφή
1322 4296 1441 4347 μου
1489 4279 1680 4333 ἐστίν.

24 4366 318 4435 Ἐφοϐήθη
349 4363 461 4435 γὰρ
498 4365 713 4427 εἰπεῖν,
748 4365 837 4419 ὅτι
864 4365 1031 4432 Γυνή
1064 4384 1185 4435 μου
1220 4366 1374 4431 ἐστὶ,
1404 4366 1490 4435 μή
1540 4383 1683 4422 ποτε

24 4456 449 4509 ἱχοκτείνωσιν
467 4453 655 4509 αὑτὸν
675 4456 728 4507 οἱ
757 4453 971 4523 ἄνδρες
991 4454 1101 4523 τῆς
1123 4456 1354 4520 πόλεως
1374 4455 1446 4507 δι’
1466 4457 1677 4522 αὐτήν.

30 4548 147 4609 Ορα
183 4543 301 4605 πῶς
333 4542 437 4595 ὑπὸ
482 4542 967 4614 τυραννικωτάτων
1015 4541 1202 4595 παθῶν
1240 4542 1607 4612 ἐπολιορκεῖτο
1645 4546 1678 4613 ἡ

24 4631 94 4683 Ὀὖ
134 4629 348 4682 δικαίου
378 4628 545 4701 ψυχὴ,
581 4629 675 4682 καὶ
723 4632 751 4683 6
793 4630 955 4699 φόϐος
1002 4628 1162 4683 αὐτὸν
1196 4628 1466 4694 ἐξωθεῖτο.
1521 4628 1678 4683 Ἀλλά

24 4719 181 4771 εαίτοι
224 4717 429 4789 σφόδρα
483 4716 716 4788 χαλεπὸν
757 4718 885 4771 ὄντα
913 4717 1005 4771 τὸν
1050 4717 1313 4790 πρότερον
1350 4716 1547 4787 φόϐον,
1587 4718 1677 4771 τὸν

24 4805 100 4873 τῆς
142 4804 437 4875 προδοσίας
475 4804 574 4875 τῆς
602 4805 875 4873 γυναικὸς,
918 4805 1223 4877 παρωθεῖτο
1260 4807 1287 4859 6
1319 4803 1414 4859 τοῦ
1446 4804 1676 4858 θανάτου

23 4894 188 4955 ιόϐος.
224 4893 340 4946 Ἵνα
374 4894 480 4966 γὰρ
524 4894 710 4948 τοῦτον
756 4893 993 4965 διαφύγῃ
1017 4935 1032 4959 ,
1065 4894 1357 4965 ὑπέμεινεν
1400 4896 1536 4970 όρᾷν
1565 4897 1676 4958 τοῖς

24 4982 221 5043 κίκείοις
242 4981 539 5053 ὀφθαλμοῖς
563 4982 662 5052 τὴν
696 4982 950 5036 κοινωνὸν
973 4982 1121 5052 αὐτῷ
1149 4982 1241 5036 τοῦ
1273 4983 1389 5053 βίου
1419 4983 1527 5036 ὑπὸ
1558 4987 1675 5048 ταῖς

30 5070 88 5122 οῦ
138 5068 409 5139 βασιλέως
448 5071 604 5140 χερσὶ
646 5069 963 5140 γενομένην.
1012 5069 1175 5123 Ὅσον
1215 5070 1271 5124 δὲ
1310 5072 1474 5126 τοῦτό
1527 5073 1673 5125 ἐστιν

24 5159 298 5228 ιφόρητον,
330 5155 508 5209 ἴσασιν
535 5158 649 5210 ὅσοι
692 5160 955 5227 γυναῖκας
998 5156 1199 5226 ἔχουσι.
1234 5158 1332 5212 Διά
1375 5160 1532 5214 τοῦτο
1578 5162 1673 5212 καὶ

32 5246 159 5314 οφός
183 5263 272 5308 τις
300 5244 452 5314 ἔλεγε
470 5261 484 5275 ⁸
520 5247 749 5309 Μεστὸς
777 5245 955 5311 ζήλου
981 5244 1164 5314 θυμὸς
1191 5245 1406 5314 ἀνδρὸς
1442 5247 1638 5313 αὐτῆς
1654 5262 1668 5277 ⁹

24 5336 65 5383 ιύ
109 5333 385 5401 φείσεται
424 5332 495 5384 ἐν
538 5329 723 5400 ἡμέρᾳ
769 5333 1040 5399 κρίσεως,
1076 5334 1187 5385 οὐκ
1229 5333 1669 5399 ἀνταλλάξεται

37 5424 248 5489 ἰνδενὸς
274 5426 497 5493 λύτρον
530 5423 643 5490 τὴν
668 5422 907 5493 ἔχθραν.
944 5422 1101 5475 Ἀλλά
1121 5423 1181 5475 τὸ
1217 5423 1353 5495 βαρὺ
1380 5426 1534 5478 τοῦτο
1572 5427 1672 5481 καὶ

24 5514 163 5565 ;.ἰσιν
216 5514 490 5582 ἀφόρητον
533 5511 634 5580 ὅρα
672 5510 786 5574 πῶς
818 5510 906 5563 διὰ
945 5509 1037 5563 τὸν
1081 5510 1173 5563 τοῦ
1219 5510 1449 5565 θανάτου
1500 5514 1669 5582 φόϐον

24 5598 256 5661 ἐνναίως
282 5598 312 5649 6
349 5598 553 5662 δίκαιος
587 5599 804 5667 ήνεγκε.
837 5596 1005 5651 Τοῦτο
1028 5597 1083 5650 δὲ
1108 5598 1199 5651 καὶ
1223 5598 1312 5652 ἐπὶ
1343 5598 1451 5652 τῶν
1478 5617 1662 5672 σωμα-

30 5689 159 5741 ικῶν
216 5686 402 5739 παθῶν
440 5686 758 5757 συμϐαίνειν
804 5684 956 5750 ἔθος·
1000 5687 1214 5740 ἐπειδὰν
1243 5688 1351 5758 γὰρ
1384 5689 1474 5743 δύο
1521 5692 1662 5745 κατὰ

28 5775 155 5827 αὐτὸ
193 5773 342 5844 πάθη
383 5773 642 5845 πολιορκῇ
669 5774 729 5825 τὸ
768 5772 925 5844 σῶμα
961 5773 1021 5826 τὸ
1048 5773 1332 5844 ἡμέτερον,
1359 5777 1391 5845 ἡ
1418 5776 1509 5829 τοῦ
1540 5779 1657 5843 ἐνὸς

30 5863 241 5927 πίτασις
289 5863 634 5935 ἀποκρύπτει
688 5862 748 5915 τὸ
793 5863 978 5933 ἕτερον
1003 5903 1015 5923 ,
1051 5864 1145 5914 καὶ
1189 5863 1296 5916 ὅλοι
1337 5865 1431 5935 τῆς
1464 5866 1656 5941 ὀδύνης

26 5952 203 6025 κείνης
234 5952 515 6022 γινόμεθα,
538 5952 631 6005 καὶ⁸
655 5951 908 6014 πολλάκις
934 5951 1053 6004 οὐδέ
1075 5951 1323 6020 αἴσθησιν
1348 5954 1437 6006 τοῦ
1469 5957 1653 6027 ἑτέριυ

274 6050 547 6109 Ριτιιοι..
585 6047 702 6105 Gn.
740 6045 891 6105 ω’.

1173 268 1238 321 ΙΝ
1270 267 1420 324 CAP.
1464 270 1559 325 XX
1601 271 1848 328 GENES.
1893 277 2123 335 HOMIL.
2168 282 2324 339 XLV.

3374 305 3477 359 HG

1820 390 2187 486 λαμϐάνομεν,
2223 400 2324 471 τῆς
2359 402 2558 476 πολλῆς
2589 405 2776 476 ὀδύνης
2812 410 3166 484 περισπὼσης
3207 414 3371 486 ἡμᾶς,
3396 423 3488 475 καὶ

1816 480 2203 571 οὐκᾼάφιείσης
2227 488 2322 540 τοῦ
2352 490 2633 557 ἐλάττονος
2670 494 2875 560 πάθους
2916 480 3133 571 πεῖραν⁷
3155 480 3361 559 λαϐεῖν.
3390 507 3495 559 Τὸν

1817 567 1983 621 αὐτὸν
2010 570 2075 641 δὴ
2108 573 2308 643 τρόπον
2334 577 2426 629 καὶ
2451 579 2479 630 ὁ
2502 578 2706 645 δίκαιος
2731 575 2886 647 οὗτος
2915 585 3009 638 νῦν
3032 588 3175 659 ὁρῶν
3202 589 3293 643 τοῦ
3327 592 3492 650 θανά-

2033 657 2197 722 φόϐον
2209 663 2574 749 ἐπικείμενον,
2591 667 2769 721 πάντα
2788 670 2855 723 τὰ
2876 671 3035 727 λοιπά
3054 655 3262 745 φορητά
3283 682 3491 749 ἠγεῖτο.

1827 740 2178 831 Ἀλλὰμταῦτα
2202 747 2434 813 ἀκούων,
2457 753 2727 824 ἀγαπητὴ,
2756 758 2833 827 μὴ
2860 740 3145 831 καταγνῶς
3166 740 3258 818 τοῦ
3283 740 3492 822 δικαίου

1814 828 2204 921 μικροψυχίαν,
2235 836 2283 885 εί
2326 836 2418 890 τὸν
2446 837 2672 894 θάνατον
2698 843 2953 898 ἐδεδοίκει
2979 859 2990 873 ⁸
3036 828 3171 902 ἀλλὰ
3207 850 3490 921 θαύμασον

1808 914 1903 967 τοῦ
1928 917 2141 973 πάντων
2160 920 2314 995 ἡμῶν
2331 924 2601 980 Δεσπότου
2618 928 2713 1000 τὴν
2733 930 3174 1002 ὑπερϐάλλουσαν
3196 956 3262 990 πε
3273 939 3325 1009 ρὶ
3343 941 3490 1011 ἡμᾶς

1810 1002 2249 1075 φιλανθρωπίαν,
2275 1008 2356 1063 ὃτι
2385 1011 2475 1065 τὸν
2506 1012 2735 1069 θάνατον
2761 1018 2854 1071 τὸν
2876 1024 2987 1084 τοῖς
3008 1021 3235 1086 δικαίοις
3261 1002 3490 1094 ἐκείνοις

1808 1090 1901 1144 καὶ
1946 1092 2129 1188 ἀγίοις
2183 1095 2306 1148 τότε
2341 1099 2605 1172 φοϐερὸν,
2636 1103 2822 1160 τοῦτον
2875 1108 2970 1161 νῦν
3015 1090 3486 1188 εὐκαταφρόνητον

1807 1178 2154 1275 εἰργάσατοὺ
2203 1184 2472 1275 Χριστὸς,
2518 1189 2614 1242 καὶ
2645 1189 2705 1242 ὃν
2748 1191 3103 1251 ἐδεδοίκεισαν
3142 1202 3190 1253 οί
3235 1178 3487 1275 ⁷ἐνάρετοι

1807 1266 2004 1321 ἐκεῖνοι
2054 1269 2150 1322 καὶ⁸
2195 1271 2465 1344 τοσαύτην
2501 1278 2814 1349 παῤῥησίαν
2845 1283 2980 1351 πρὸς
3023 1286 3114 1339 τὸν
3153 1287 3286 1341 Θεὸν
3319 1266 3484 1363 gam-

1804 1355 1981 1419 κότες,
2008 1356 2193 1411 τοῦτον
2228 1360 2321 1413 νῦν
2350 1364 2690 1432 καταγελῶσι
2716 1380 2743 1408 κ
2773 1370 2868 1422 καὶ⁵
2894 1372 3001 1425 νέοι
3034 1376 3127 1428 καὶ
3155 1378 3313 1447 κόραι
3344 1380 3486 1435 ἁπα-

1804 1439 1914 1533 λαί.
1938 1442 2084 1533 -Οὐδὲ
2121 1445 2229 1533 γάρ
2280 1447 2507 1513 θάνατός
2550 1449 2700 1525 [459]
2750 1454 2866 1509 ἐστι
2906 1457 3122 1527 λοιπὸν,
3162 1439 3277 1516 ἀλλ’
3321 1465 3484 1533 ὕπνος

1804 1528 1899 1618 καὶ
1926 1530 2225 1618 ἀποδημία,
2262 1534 2355 1587 καὶ
2382 1538 2712 1605 μετάστασις
2738 1541 2845 1595 ἀπὸ
2874 1544 2981 1597 τῶν
3015 1548 3275 1618 χειρόνων
3298 1553 3387 1605 ἐπὶ
3415 1528 3485 1608 τά

1805 1613 2018 1705 βελτίω.
2069 1616 2129 1671 ’0
2170 1621 2279 1690 γὰρ
2326 1621 2555 1688 θάνατος
2598 1627 2693 1680 τοῦ
2724 1613 3143 1705 Δεσπότουμτην
3183 1636 3483 1693 ἀθανασίαν

1803 1704 2326 1793 ἡμῖν-ἐδωρήσατο,
2364 1711 2460 1764 καὶ
2490 1714 2765 1769 κατελθὼν
2800 1719 2879 1781 είς
2925 1720 3015 1771 τὸν
3060 1704 3192 1793 ᾅδην
3232 1724 3483 1790 ἐξέλυσεν

1802 1790 1969 1843 αὐτοῦ
2008 1792 2075 1844 τὰ
2109 1792 2294 1865 νεῦρα,
2333 1797 2429 1851 καὶ
2460 1799 2558 1870 τὴν
2592 1801 2745 1872 ίσχύν
2778 1804 2943 1857 αὐτοῦ
2976 1808 3223 1862 καθεῖλε’
3262 1812 3353 1865 καὶ
3390 1815 3481 1867 τὸν

1804 1876 2034 1948 φοϐερόν
2063 1878 2169 1951 πρὸ
2196 1881 2387 1935 τούτου
2415 1885 2509 1938 καὶ
2536 1887 2872 1958 ἀμείλικτον,
2907 1892 3096 1947 τοῦτον
3126 1896 3296 1961 οὕτως
3316 1901 3480 1955 εὐκα-

1799 1968 2136 2037 ταφρόνητον
2163 1971 2476 2038 εἰργάσατο,
2502 1973 2580 2039 ὡς
2600 1977 2692 2030 καὶ
2723 1978 2996 2052 ἐπιπηδᾷν
3028 2000 3177 2049 τινας
3213 1988 3309 2040 καὶ
3339 1989 3479 2042 ἐπεί-

1799 2054 1991 2121 γεσθαι
2030 2056 2165 2127 πρὸς
2205 2058 2303 2130 τὴν
2342 2060 2590 2115 ἐντεῦθεν
2632 2065 2985 2134 μετάστασιν.
3030 2072 3129 2124 Διά
3173 2074 3332 2128 τοῦτο
3383 2078 3479 2130 καὶ

1801 2141 2012 2206 Παῦλος
2038 2144 2139 2215 βοᾷ
2155 2145 2347 2214 λέγων,
2374 2148 2443 2201 T6
2475 2150 2778 2206 ἀναλῦσαι
2807 2155 2903 2208 καὶ
2932 2156 3055 2210 σὺν
3073 2161 3305 2227 Χριστῷ
3324 2160 3478 2218 εἶναι

1798 2228 2007 2295 πολλῷ
2029 2231 2275 2300 μᾶλλον
2312 2235 2625 2301 κρεῖσσον.
2667 2239 2826 2293 Ἀλλὰ
2859 2242 3030 2297 ταῦτα
3067 2246 3166 2315 μὲν
3207 2248 3300 2301 νῦν
3337 2254 3479 2319 μετά

1798 2316 1896 2385 τὴν
1928 2317 2020 2370 τοῦ
2054 2320 2289 2391 Χριστοῦ
2320 2324 2641 2394 παρουσίαν,
2675 2328 2814 2396 μετά
2858 2329 2916 2382 τὸ
2951 2316 3354 2406 συγκλασθῆναι
3379 2338 3477 2403 τάς

1797 2403 1976 2497 πύλας.
2005 2406 2103 2471 τὰς
2132 2408 2369 2477 χαλκᾶς,
2411 2412 2548 2481 μετὰ
2596 2413 2655 2465 τὸ
2688 2417 2963 2489 πανταχοῦ
3005 2420 3104 2490 τῆς
3157 2403 3478 2497 οίκουμένης

1796 2491 1887 2545 τὸν
1924 2491 2072 2580 ἥλιον
2115 2496 2213 2566 τῆς
2245 2496 2588 2571 δικαιοσύνης
2629 2502 2927 2575 ἐκλάμψαι.
2963 2508 3093 2561 Τότε
3118 2510 3171 2563 δέ
3210 2511 3289 2564 ἔτι
3312 2491 3477 2580 φοϐε-

1797 2576 1896 2646 ρὰν
1923 2573 2037 2648 εἶχε
2057 2579 2154 2651 τὴν
2183 2582 2466 2654 πρόσοψιν,
2490 2587 2581 2639 καὶ
2604 2590 2851 2643 κατέσειε
2876 2591 2981 2645 τῶν
3008 2594 3231 2649 δικαίων
3254 2599 3476 2654 ἐκείνων

1796 2664 2003 2735 ἀνδρῶν
2037 2666 2135 2737 τὴν
2178 2668 2449 2724 διάνοιαν·
2483 2673 2564 2725 διὸ
2609 2677 2703 2728 καὶ
2755 2678 2930 2732 πάντα
2961 2679 3030 2733 τὰ
3086 2682 3219 2736 ἄλλα
3258 2686 3473 2755 κούφως

1796 2751 2010 2822 ἔφερον,
2042 2755 2145 2808 κᾶν
2189 2758 2438 2829 ἀφόρητα
2475 2760 2770 2832 ἐτύγχανεν
2798 2764 2946 2820 ὄντα.
2978 2768 3077 2822 Διά
3111 2769 3269 2824 τοῦτο
3307 2751 3400 2827 καὶ

1793 2839 1998 2904 δίκαιος
2055 2840 2207 2908 οὗτος
2255 2847 2585 2918 φοϐούμενος
2617 2850 2726 2904 τῶν
2760 2853 2819 2904 ἐν
2871 2855 2910 2906 Γ
2914 2857 3136 2927 εράροις
3180 2860 3471 2917 οἰκούντων

1919 2930 2229 3021 ἐπιϐουλην,
2270 2934 2369 3005 οὐχ
2402 2935 2478 2999 ὡς
2513 2940 2776 3007 γυναῖκα,
2810 2941 2925 2996 ἀλλ’
2970 2926 3046 3009 ὠς
3102 2947 3336 3021 ἀδελφὴν
3370 2954 3470 3005 ἐπ-

1793 3015 2089 3086 αγόμενος,
2123 3018 2264 3074 οὕτω
2292 3022 2389 3094 τὴν
2424 3024 2657 3080 ἐνταῦθα
2698 3030 3029 3101 παροίκησιν
3066 3039 3317 3093 ποιεῖται.
3359 3041 3470 3094 Καὶ

1794 3104 2042 3176 καθάπερ
2073 3109 2151 3169 εἰς
2172 3108 2269 3179 τὴν
2294 3110 2568 3180 Αἴγυπτον
2598 3114 2881 3170 κατελθεῖν
2902 3118 3062 3173 αὐτὸν
3086 3123 3466 3197 συνεχώρησεν

1791 3193 1820 3244 6
1852 3192 2005 3258 Θεὸς,
2044 3193 2365 3266 βουλόμενος
2409 3200 2501 3252 καὶ¹
2544 3202 2669 3266 τοὺς
2702 3203 3025 3276 ἀγνώμονας
3075 3192 3324 3276 ἐκείνους
3356 3192 3467 3269 οιαὶ

1795 3280 2150 3353 ἀναισθήτους
2181 3283 2275 3337 τοῦ
2318 3285 2525 3340 δικαίου
2562 3290 2756 3360 μαθεῖν
2784 3293 2883 3364 τὴν
2930 3294 3161 3366 ἀρετήν·
3200 3297 3344 3354 οὑτω
3375 3304 3467 3356 καὶ

1792 3368 2025 3424 ἐνταῦθα
2069 3370 2166 3441 τὴν
2212 3374 2419 3427 οίκείαν
2463 3375 2842 3448 μακροθυμίαν
2887 3381 3255 3439 ἐπιδείκνυται
3291 3389 3320 3439 ὁ
3370 3390 3464 3442 Δε-

1793 3455 2017 3527 σπότης,
2047 3456 2133 3511 ἵνα
2165 3458 2261 3512 καὶ
2290 3459 2384 3513 τοῦ
2420 3460 2682 3535 δικαίουή
2722 3466 2968 3540 ὑπομονὴ
3000 3469 3091 3524 διὰ
3130 3472 3348 3529 πάντων
3372 3477 3463 3528 ἐκο

1790 3542 1998 3615 λάμψῃ,
2034 3547 2129 3599 καὶ
2172 3548 2205 3619 η
2236 3547 2328 3600 τοῦ
2360 3549 2495 3603 Θεοῦ
2534 3553 2661 3622 περὶ
2706 3555 2868 3608 αὐτὸν
2907 3556 3089 3612 εὔνοια
3127 3562 3259 3614 πᾶσι
3291 3566 3461 3617 κατά-

1788 3632 1948 3704 δηλος
1980 3634 2222 3705 γένηται.
2264 3637 2602 3693 Ἀπέστειλε
2632 3640 2701 3694 δὲ
2736 3643 3043 3715 Ἀϐιμέλεχ
3083 3650 3117 3700 ό
3158 3650 3462 3717 ,βασιλεὺς

1788 3723 2086 3794 Γεράρων,
2124 3728 2333 3781 λαϐεῖν
2361 3728 2475 3811 τὴν
2496 3731 2752 3800 Σάρραν.
2798 3734 3076 3806 Ἐννόησόν
3106 3755 3195 3807 μοι
3225 3740 3317 3794 τὸν
3346 3760 3459 3811 χει-

1792 3811 1946 3881 μῶνα
1970 3812 2075 3865 τῶν
2098 3811 2393 3883 λογισμῶν,
2419 3809 2492 3869 ὦν
2530 3817 2820 3888 ὑπέμεινεν
2845 3821 2872 3871 ὁ
2898 3821 3104 3886 δίκαιος
3124 3824 3264 3895 ὀρῶν
3291 3809 3456 3882 αὐτοῦ

1785 3900 1885 3970 τὴν
1905 3902 2135 3967 γυναῖκα
2158 3903 2534 3974 ἀπαγομένην,
2550 3907 2643 3960 καὶ
2671 3907 2822 3960 οὐδὲν
2843 3908 3135 3980 δυνάμενος
3158 3913 3452 3985 ἐπαμῦναι.

1788 3989 1919 4061 Σιγῇ
1955 3990 2062 4062 γάρ
2094 3993 2308 4047 ἅπαντα
2335 3992 2719 4065 ἐφερεν,είδὼς
2745 3997 2824 4050 ὅτι
2865 3998 2926 4051 οὐ
2957 4000 3269 4071 περιόψεται
3294 4005 3455 4058 αὐτὸν

1785 4084 1813 4133 6
1842 4082 2137 4152 Δεσπότης,
2168 4082 2302 4137 ἀλλά
2337 4088 2559 4154 ταχεῖαν
2587 4086 2816 4157 παρέξει
2850 4089 2949 4159 τὴν
2981 4093 3317 4161 συμμαχίαν.
3344 4096 3454 4148 Καὶ

1784 4166 1885 4235 τῆς
1918 4167 2134 4238 Σάρρας
2157 4167 2213 4220 δέ
2244 4167 2521 4238 θαυμάσαι
2543 4168 2657 4223 ἐστι
2688 4169 2782 4242 τὴν
2810 4172 3009 4243 πολλὴν
3049 4174 3449 4249 φιλοστοργίαν,

1786 4252 1904 4316 πῶς
1939 4254 2032 4307 τοῦ
2072 4254 2313 4307 κινδύνου
2360 4256 2451 4308 τοῦ
2499 4254 2728 4310 θανάτου
2771 4259 2861 4312 τὸν
2906 4259 3111 4316 δίκαιον
3145 4262 3449 4335 ἐξαρπάσαι

1785 4339 2083 4410 βουλομένη
2106 4358 2116 4369 ·
2146 4341 2271 4411 ἐξῆν
2300 4342 2407 4413 γὰρ
2433 4342 2601 4413 αὐτὴν
2627 4343 3011 4414 ἐκκαλύψασαν
3030 4348 3088 4402 τὸ
3114 4349 3311 4422 δρᾶμα,
3339 4352 3449 4407 δια-

1784 4430 1973 4494 φυγεῖν
1998 4428 2095 4496 τὴν
2121 4428 2555 4501 ὁμολογουμένην
2574 4430 2758 4502 ὐϐριψ
2782 4432 2896 4486 ἀλλ’
2922 4435 3212 4506 ὑπέμεινεν
3236 4440 3449 4495 ἅπαντα

1782 4515 2062 4581 γενναίως,
2088 4515 2171 4567 ἵνα
2198 4513 2275 4585 τῷ
2303 4516 2491 4587 δικαίῳ
2513 4516 2609 4588 τὴν
2634 4521 2907 4591 σωτηρίαν
2937 4525 3442 4597 πραγματεύσηται.

1782 4600 1894 4654 Καὶ
1931 4601 2234 4672 ἐπληροῦτο
2269 4604 2443 4657 ἐκεῖνο
2485 4605 2545 4658 τὸ
2591 4607 2900 4679 εἰρημένον,
2944 4611 3025 4665 ὅτι
3071 4614 3354 4668 Ἔσονται
3392 4621 3445 4669 οἱ

1778 4686 1889 4742 δύο
1916 4691 2003 4755 εὶς
2036 4688 2232 4757 σάρκα
2254 4691 2420 4759 μίαν.
2446 4691 2656 4764 Ὥσπερ
2686 4698 2794 4767 γὰρ
2824 4697 2920 4767 μία
2947 4697 3081 4769 σὰρξ
3101 4698 3271 4767 ὄντες,
3304 4701 3443 4755 οὑτω

1779 4776 1877 4846 τῆς
1906 4775 2148 4846 ἀλλήλων
2182 4779 2453 4850 σωτηρίας
2493 4781 2765 4852 ἐκήδοντο,
2804 4785 2899 4836 καὶ
2926 4786 3193 4856 τοσαύτην
3234 4788 3440 4843 ἐπεδεί-

1779 4881 1972 4918 κνυντο
1999 4865 2096 4934 τὴν
2122 4865 2395 4935 ὁμόνοιαν,
2426 4866 2504 4930 ὼς
2529 4868 2587 4921 ἐν
2622 4867 2781 4940 σῶμα
2823 4872 3181 4943 τυγχάνοντες
3211 4876 3302 4928 καὶ
3344 4878 3440 4947 μία

1776 4950 1945 5023 ψυχή.
1971 4952 2156 5005 Ταῦτα
2184 4954 2526 5007 ἀκουέτωσαν
2551 4955 2761 5027 ἄνδρες,
2784 4959 3126 5015 ἁκουέτωσαν
3152 4965 3403 5030 γυναῖκες
3423 4982 3436 4995 ·

1776 5043 2054 5109 γυναῖκες,
2088 5043 2173 5095 ἵνα
2205 5042 2471 5113 τοσαύτην
2499 5045 2626 5117 περὶ
2655 5047 2781 5108 τούς
2801 5047 2999 5118 ἄνδρας
3031 5048 3129 5119 τὴν
3161 5049 3439 5121 φιλοστορ-

1776 5131 1901 5199 γίαν
1954 5129 2369 5195 ἐπιδεικνύωσι,
2412 5131 2506 5185 καὶ
2554 5132 2718 5202 μηδὲν
2760 5133 2943 5204 ’έτερον
2986 5137 3291 5205 προτιμῶσι
3341 5140 3436 5209 τῆς

1774 5216 1996 5272 ἐκείνων
2023 5218 2296 5290 σωτηρίας
2314 5235 2328 5249 ο
2363 5220 2454 5272 καὶ
2483 5218 2691 5290 ἄνδρες,
2719 5220 2783 5273 ἵν’
2806 5220 2946 5274 οὓτω
2967 5221 3162 5293 πολλὴν
3185 5226 3283 5295 τὴν
3311 5229 3435 5299 περὶ

1774 5307 1943 5369 αὐτὰς
1964 5304 2176 5360 εὐνοιαν
2200 5306 2382 5377 ἔχωσι,
2402 5308 2497 5360 καὶ
2524 5305 2599 5370 ὡς
2631 5305 2755 5377 μίαν
2781 5308 2959 5379 ψυχὴν
2991 5312 3313 5382 κεκτημένοι
3343 5316 3433 5367 καὶ

1772 5394 1831 5447 ἓν
1871 5394 2029 5465 σῶμα
2060 5394 2230 5460 ὄντες,
2254 5393 2395 5447 οὕτω
2423 5394 2598 5448 πάντα
2624 5394 3075 5468 διαπράττωνται.

1834 5505 2082 5574 γ’.Τοῦτο
2097 5506 2207 5576 γὰρ
2220 5506 2417 5575 ἀληθὲς
2431 5506 2913 5574 συνοικέσιον,ὂταν
2923 5507 3156 5580 τοσαύτη
3182 5510 3239 5562 ἐν
3254 5511 3434 5575 αὐτοῖς

1773 5593 2122 5664 πολιτεύηται
2168 5593 2456 5664 συμφωνία
2476 5632 2492 5656 ,
2520 5594 2650 5647 ὅταν
2677 5594 2929 5658 τοσοῦτος
3042 5598 3071 5648 6
3105 5595 3397 5667 σύνδεσμος
3416 5638 3431 5661 ,

1771 5682 1898 5735 ὅταν
1925 5682 2096 5747 οὕτως
2119 5676 2223 5736 ὦσι
2249 5685 2314 5752 τῇ
2347 5683 2536 5754 ἀγάπῃ
2568 5684 3004 5755 συνεσφιγμένοι.
3033 5684 3296 5755 Καθάπερ
3326 5686 3434 5755 γὰρ

1774 5769 1932 5840 σῶμα
1978 5771 2112 5841 πρὸς
2162 5772 2322 5824 ἑαυτὸ
2369 5772 2470 5825 οὐκ
2517 5773 2583 5826 ἄν
2617 5789 2748 5825 ποτε
2797 5772 3272 5836 διαστασιάσειεν,
3312 5773 3432 5826 οὐδὲ

1772 5860 1917 5930 ψυχὴ
1952 5859 2086 5929 πρὸς
2119 5860 2346 5929 ἑαυτήν⁸
2393 5859 2565 5924 οὕτως
2596 5861 2763 5931 ἄνδρα
2795 5861 2890 5914 καὶ
2930 5863 3162 5930 γυναῖκα
3206 5861 3266 5913 οὐ
3319 5859 3427 5913 δια-

2488 5981 2496 5997 ι

1837 5966 1858 5991 θ
1887 5965 2109 6024 Quinque
2133 5977 2240 6011 mss.
2263 5963 2432 6011 τούτου
2460 5963 2538 6010 νῦν
2562 5966 2876 6013 καταγελῶσι.

3012 6032 3051 6092 3
