3730 6294
50 317 146 373 ὀίῖ

48 436 185 486 unita
207 429 328 499 ipsis
356 426 579 482 affluere
612 435 881 495 poterunt.
912 425 1042 479 Nam
1075 424 1163 476 ubi
1189 420 1474 477 concordia
1499 459 1514 482 ,
1545 418 1615 471 ibi

47 527 296 581 bonorum
321 520 625 587 conﬂuxus,
656 521 726 575 ibi
751 534 874 589 pas,
896 518 966 573 ibi
991 519 1209 583 caritas,
1240 515 1307 569 ibi
1330 512 1623 583 spiritualis

48 619 216 673 lmtitia
244 635 257 670 :
288 615 489 670 nullum
525 614 759 678 bellum,
786 613 928 666 nulla
960 613 1071 665 rixa
1097 628 1112 665 ;
1141 624 1399 673 nusquam
1443 607 1623 660 iuitui-
1670 638 1671 641 η

44 710 175 763 cilia:
205 717 254 762 et
281 705 557 761 contentio
587 705 715 759 :sed
749 705 861 757 hate
891 704 1067 756 omnia
1096 717 1127 756 e
1154 700 1331 754 medio
1361 699 1620 753 tolluntur

44 815 136 868 per
173 797 552 864 concordiam,
590 796 853 851 bonorum
910 795 1148 848 omnium
1194 792 1424 846 radicem
1448 832 1463 854 ,
1502 805 1623 858 qure

41 892 213 944 omnia
243 890 330 945 illa
359 889 518 943 simul
541 887 740 943 abolet.
771 887 826 941 2.
862 886 1004 940 Misit
1030 897 1199 940 autem
1221 884 1505 938 Abimeleclt
1534 897 1624 936 rea:

44 983 370 1047 Gerarorum,
399 994 444 1035 et
472 982 667 1052 accepit
712 982 945 1039 Sat-rant.
976 982 1028 1033 5.
1054 979 1122 1032 Et
1159 979 1365 1032 intravit
1390 977 1523 1031 Deus
1554 976 1623 1029 ad

42 1075 318 1131 Abimeleclt
344 1077 395 1129 in
419 1092 593 1129 somno
624 1075 637 1105 ¹
668 1083 817 1127 noctu
837 1114 852 1139 ,
883 1084 929 1127 et
958 1073 1086 1126 dixit
1111 1088 1129 1126 :
1156 1070 1287 1126 Ecce
1315 1082 1369 1125 tu
1397 1069 1622 1123 morieris

39 1178 239 1238 prapter
263 1167 544 1233 mulierem,
562 1182 711 1236 quam
732 1165 982 1220 abstulisti
1003 1181 1021 1218 :
1042 1165 1140 1218 ista
1166 1173 1334 1217 autem
1358 1163 1624 1217 contuber-

39 1261 171 1314 nalis
218 1271 285 1315 est
338 1261 464 1314 viro.
495 1259 631 1314 Vide
670 1259 764 1313 Dei
805 1258 1144 1313 clementiam
1179 1275 1192 1311 :
1225 1257 1349 1328 quia
1382 1257 1514 1313 vidit
1538 1256 1622 1327 jn-

39 1363 176 1406 stum
200 1362 410 1423 propter
432 1362 627 1405 metum
655 1350 841 1405 mortis
879 1350 1092 1405 Sarram
1119 1349 1218 1405 sibi
1243 1349 1471 1403 ablatam
1502 1363 1623 1405 esse

39 1446 248 1499 fortiter
275 1444 416 1499 ferre
441 1487 455 1510 ,
489 1453 543 1498 et
575 1459 755 1513 regem
782 1459 900 1497 eam
933 1450 990 1496 ut
1019 1457 1261 1498 sororem
1286 1440 1414 1511 justi
1451 1440 1621 1499 alidue

39 1553 195 1599 cere,
224 1551 371 1590 suam
412 1535 628 1589 demum
680 1535 915 1588 declarat
968 1533 1392 1603 providentiam,
1421 1534 1623 1602 justum

39 1642 247 1698 quoque
275 1627 618 1681 illustriorem
650 1626 842 1689 reddit,
865 1636 919 1679 et
945 1626 1158 1678 Sarram
1188 1626 1254 1678 ab
1296 1626 1507 1691 injuria,
1536 1639 1625 1679 re-

39 1736 161 1791 gem
190 1734 316 1776 vero
345 1736 373 1772 a
406 1729 625 1787 peccato
654 1721 861 1773 liberat.
892 1716 958 1772 Et
995 1719 1229 1783 intravit,
1250 1718 1457 1788 inquit,
1490 1715 1627 1772 Deus

39 1815 109 1865 ad
147 1811 429 1866 Abimeleclt
483 1812 536 1863 in
578 1827 755 1865 somno
808 1820 981 1863 noctu.
1024 1810 1129 1865 Per
1174 1809 1347 1879 ipsum
1374 1851 1390 1875 ,
1425 1809 1623 1879 inquit,

39 1906 214 1960 somni
244 1915 450 1973 tempus
480 1903 688 1972 eripere
707 1919 827 1957 etun
857 1904 1042 1957 volens
1066 1902 1134 1957 ab
1158 1902 1454 1972 iniquitate,
1479 1900 1627 1957 dedit

39 1998 207 2052 menti
243 1996 360 2065 ejus
399 1996 676 2051 scientiam
721 2003 775 2049 et
817 1994 1026 2049 occulta
1071 1995 1459 2057 manifestavit,
1490 1993 1629 2047 ntul-

39 2104 255 2159 .umque
284 2098 484 2142 metunt
523 2087 671 2141 auxit
695 2085 1090 2140 interminando
1115 2094 1365 2140 mortem.
1394 2083 1628 2137 Morieris

39 2182 207 2246 enim,
239 2180 427 2249 inquit,
458 2189 664 2248 propter
690 2177 982 2241 mulierem,
1014 2194 1163 2247 quam
1193 2176 1445 2230 abstulisti
1479 2191 1497 2230 :
1528 2176 1626 2229 ista

40 2285 208 2326 mtem
247 2272 619 2326 contubernalis
663 2280 734 2324 est
779 2271 904 2324 viro.
938 2271 992 2324 4.
1024 2268 1307 2324 Abimeleclt
1335 2278 1500 2322 autem
1529 2285 1630 2323 non

45 2367 270 2437 eligeret
302 2366 466 2419 illam.
506 2364 631 2418 llaec
656 2372 834 2418 autem
877 2361 1052 2417 omnia
1085 2360 1222 2417 facta
1250 2371 1405 2428 sunt,
1439 2371 1496 2415 ut
1537 2361 1629 2416 Dei

46 2458 325 2513 trontissio
376 2456 512 2511 facta
578 2454 900 2528 patriarcha:
956 2453 1287 2524 impleretur.
1347 2453 1631 2507 Enimvero

40 2555 159 2623 [uia
193 2551 349 2622 paulo
377 2559 533 2605 antea
563 2550 659 2618 ipsi
690 2548 1009 2619 promiserat
1051 2548 1198 2602 lsaac
1236 2562 1357 2602 esse
1396 2547 1629 2601 nascitu-

39 2664 182 2714 -nm,
206 2655 259 2701 et
299 2660 464 2716 prope
503 2644 688 2699 aderat
733 2653 978 2712 tempus:
1005 2650 1065 2696 ut
1104 2656 1170 2696 ne
1218 2641 1344 2710 quid
1392 2641 1633 2694 ofﬁceret

40 2739 381 2794 ποιπιίεείοηὶ
408 2738 520 2802 Dei,
541 2745 742 2790 tantum
771 2735 1015 2788 timorem
1046 2733 1095 2786 in
1119 2732 1429 2787 Abimelech
1458 2731 1632 2785 immi-

40 2836 125 2899 tit,
150 2841 209 2887 ut
237 2831 509 2902 perculsus
535 2830 713 2884 animo
735 2826 949 2883 Sarram
976 2828 1235 2898 attingere
1257 2842 1359 2881 non
1386 2826 1624 2879 auderet.

40 2930 267 2994 ’ropter
299 2924 401 2979 hoc
430 2923 570 2977 enim
596 2922 791 2990 adjecit
811 2919 989 2975 divina
1016 2920 1290 2989 Scriptura
1310 2942 1323 2979 :
1343 2917 1628 2971 Abimelech

39 3038 140 3073 ton
178 3018 409 3088 tetigerat
434 3016 576 3069 illam
608 3029 626 3067 ε
655 3013 746 3068 sed
773 3022 827 3067 et
853 3011 919 3066 de
952 3011 1186 3066 facinore
1211 3024 1271 3065 se
1306 3009 1543 3063 defendit
1568 3023 1633 3065 ac

39 3114 172 3166 licit
202 3131 215 3163 ι
251 3110 487 3183 Domine,
511 3119 712 3180 gentem
742 3107 938 3177 justam
976 3115 1021 3158 et
1064 3105 1374 3173 ignorantem
1410 3102 1633 3173 perdes?

39 3202 309 3273 {nmquid
339 3182 536 3268 sciens,
566 3200 754 3270 inquit,
788 3213 1007 3253 uxorem
1031 3198 1147 3267 ejus
1168 3212 1287 3253 esse
1311 3238 1327 3263 ,
1353 3196 1456 3251 hoc
1487 3197 1630 3251 feci?

39 3296 302 3366 numquid
350 3294 541 3365 injuria
582 3294 923 3364 peregrinum
970 3290 1186 3345 afficere
1222 3288 1445 3344 volens?
1473 3304 1632 3342 num-

40 3388 164 3458 :uid
224 3395 283 3441 ut
333 3398 555 3440 uxorem
612 3384 728 3453 ejus
780 3381 1066 3437 auferens?
1114 3380 1180 3437 Ut
1227 3395 1467 3436 sororem
1513 3397 1630 3445 eam

46 3468 358 3549 coepturus
380 3477 479 3532 hoc
509 3476 613 3547 egi,
642 3485 788 3530 ratus
813 3476 913 3530 hoc
933 3475 1147 3551 nomine
1173 3474 1390 3530 ethunc
1417 3484 1470 3529 et
1488 3475 1630 3531 illaut

51 3570 317 3627 onorari.
341 3569 545 3624 Gentem
567 3570 748 3639 igitur,
761 3568 955 3638 justam
979 3577 1023 3622 et
1066 3568 1383 3639 ignorante»:
1422 3568 1634 3639 perdes?

39 3686 74 3720 ιι
89 3682 204 3721 ene
245 3666 373 3736 justi
419 3664 599 3718 ofﬁcio
642 3644 877 3718 functum
910 3662 1103 3732 perdes
1127 3662 1183 3715 ’?
1210 3661 1410 3717 Deinde
1440 3662 1635 3717 clarius

44 3762 276 3815 chrens
324 3756 469 3829 quod
524 3756 766 3823 dicebat,
800 3756 1008 3826 inquit:
1043 3755 1097 3810 5.
1134 3754 1319 3809 Nonne
1360 3756 1468 3826 ipse
1511 3756 1636 3809 mihi

46 3856 189 3915 insit,
222 3852 389 3906 Soror
418 3866 529 3904 mea
567 3859 673 3915 est,
718 3858 764 3903 et
795 3850 906 3918 ipsa
934 3848 1057 3925 milii
1085 3848 1213 3901 dixit
1233 3888 1248 3913 ,
1282 3846 1468 3901 Frater
1496 3864 1635 3901 meus

39 3959 99 4003 se
126 3948 153 4000 ?
187 3944 323 3999 Vide
361 3958 480 3999 cum
533 3950 733 4013 quanto
776 3956 1039 3995 consensu
1096 3950 1151 3995 et
1204 3939 1490 3996 concordia
1535 3940 1635 3996 hoc

39 4040 274 4111 gerint.
294 4037 360 4092 Et
387 4038 520 4107 ipse,
551 4036 740 4107 inquit,
762 4034 862 4089 hoc
889 4034 1016 4088 mihi
1049 4034 1216 4099 dixit,
1247 4043 1302 4089 et
1329 4033 1441 4103 ipsa
1469 4032 1634 4087 adsti-

42 4135 219 4188 ιιιειιι
250 4140 334 4186 est
354 4131 509 4184 dictis
536 4130 670 4200 ejus.
696 4126 762 4183 In
785 4127 934 4182 corde
954 4144 1107 4197 puro,
1142 4136 1186 4181 et
1212 4128 1265 4181 in
1294 4127 1494 4197 justitia
1522 4143 1635 4179 ma-

39 4243 194 4282 umn
222 4224 321 4295 feci
346 4223 459 4289 hoc,
493 4221 684 4293 inquit,
714 4235 820 4275 non
853 4229 911 4275 ιιι
951 4219 1183 4289 iniquam
1228 4235 1340 4273 rem
1366 4220 1633 4284 facturus,

52 4320 127 4373 -d
156 4328 219 4371 ut
250 4316 539 4387 legitimam
561 4324 615 4369 et
640 4314 836 4368 licitam
864 4312 1491 4382 irreprelteusibilemque
1515 4311 1635 4369 feci.

40 4412 176 4468 ‘tlid
229 4411 391 4482 igitur
448 4409 708 4478 benignus
742 4406 1039 4461 Dominus?
1092 4405 1145 4460 6.
1179 4404 1323 4460 Dixit
1371 4418 1536 4460 autem
1590 4406 1634 4460 ei

39 4516 176 4562 ἐπιδ
201 4505 259 4558 in
287 4519 482 4557 somno.
513 4502 639 4557 Vide
666 4498 935 4569 quomodo
960 4514 1020 4553 se
1049 4508 1366 4569 attemperat
1397 4500 1635 4553 omnium

46 4599 310 4657 ominus
331 4639 347 4665 ,
388 4612 538 4652 suam
578 4596 870 4650 bonitatem
905 4608 1001 4663 per
1028 4592 1205 4647 omnia
1237 4593 1539 4647 declarans.
1569 4590 1637 4645 Et

40 4713 127 4763 το
156 4691 272 4746 scio
299 4691 434 4761 quod
463 4690 613 4744 corde
639 4704 765 4759 puro
786 4688 879 4742 hoc
900 4688 1097 4758 feceris.
1121 4686 1263 4750 Scio,
1285 4687 1473 4756 inquit,
1496 4687 1639 4755 ipsos

40 4801 177 4844 nte
231 4784 461 4838 fabulam
506 4793 841 4837 commentos
885 4794 1038 4844 esse,
1071 4789 1125 4834 et
1155 4788 1205 4833 te
1235 4779 1514 4849 deceptum
1548 4796 1639 4832 co-

40 4897 155 4938 nm
182 4877 352 4933 dictis
384 4876 485 4929 hoc
515 4875 709 4930 fecisse
737 4891 750 4926 :
780 4873 850 4926 ob
878 4872 1009 4937 hoc,
1039 4880 1096 4925 ut
1125 4886 1193 4925 ne
1233 4886 1329 4942 per
1369 4871 1640 4940 deceptio-

40 4986 158 5034 2m
199 4971 346 5025 hanc
375 4984 584 5038 pecces.
617 4966 830 5038 Peperci
860 4964 966 5029 tibi,
1002 4981 1064 5018 ne
1094 4973 1147 5017 tu
1172 4980 1401 5035 peccares
1444 4964 1495 5016 in
1540 4980 1636 5019 me.

40 5080 232 5137 agna
285 5063 432 5117 verbi
479 5073 561 5116 est
615 5058 1009 5127 attemperatio,
1036 5056 1265 5111 maxima
1312 5056 1517 5110 Domini
1560 5066 1641 5110 est

40 5157 356 5217 mittentia.
392 5156 446 5210 lu
473 5168 559 5209 me
579 5195 592 5216 ,
630 5151 834 5223 inquit,
865 5150 1160 5205 rediturum
1193 5160 1309 5204 erat
1337 5159 1634 5219 peccatum.

78 5253 223 5321 Qui
269 5251 389 5304 colit
439 5264 606 5303 sertos
650 5246 747 5300 Dei
770 5287 784 5309 ,
812 5244 974 5298 Deum
1002 5244 1138 5299 colit.
1165 5273 1237 5285 —-
1257 5242 1387 5298 Nam
1418 5244 1553 5299 sicut
1587 5245 1637 5298 itt

40 5345 362 5408 sminibus
388 5359 511 5400 cum
535 5342 657 5412 quis
697 5341 929 5410 aliquem
973 5338 1325 5394 domesticum
1368 5338 1418 5391 in
1474 5338 1639 5392 multo

39 5460 137 5501 ,ιι
150 5452 258 5494 ore
284 5434 428 5507 apud
449 5433 727 5489 dominum
752 5447 906 5488 suum
958 5430 1150 5500 injuria
1184 5431 1413 5501 quadam
1440 5429 1600 5484 allicit
1621 5472 1636 5498 ,

43 5571 77 5602 ι
106 5627 133 5632 _
150 5569 250 5632 με
273 5573 439 5632 noces,
467 5559 517 5609 in
534 5573 720 5632 suntne,
745 5563 824 5612 hic
841 5572 898 5632 et
942 5566 1062 5632 infra
1087 5544 1264 5620 desunt
1299 5573 1345 5623 in
1368 5574 1541 5626 Savilio
1583 5586 1636 5632 et

51 5627 299 5737 ἐξ
321 5624 548 5685 uss.;sed
572 5624 815 5675 habentur
838 5627 886 5675 in
910 5630 1072 5680 Morel.
1100 5640 1152 5683 et
1172 5634 1297 5696 aliis,
1314 5645 1463 5701 atque
1487 5624 1634 5694 ciui;

52 5699 369 5853 ξηξέιῖἒῖἱη.
397 5752 575 5802 omittit
595 5749 746 5800 verba
764 5785 780 5811 ,
808 5756 943 5800 tum
952 5748 1081 5813 justi
1106 5748 1261 5816 ofﬁcio
1304 5752 1519 5816 functum
1541 5768 1649 5819 per-

40 5846 109 5873 ’³Ῡό

1094 308 1159 364 IN
1197 306 1347 362 CAP.
1398 304 1511 360 XX.
1555 300 1798 359 GENES.
1844 301 2068 356 llOMlL
2115 300 2269 358 XLV.

3222 308 3321 362 l-‘i

1736 418 1834 473 sibi
1874 417 2125 488 injuriam
2159 416 2350 481 ΐειιςειιιιιι
2404 424 2554 486 putat
2601 416 2879 476 dominus.
2906 428 2957 472 et
2991 418 3119 475 dicit
3152 437 3166 474 :
3196 419 3319 474 Mihi

1735 512 1981 581 injuriam
2012 511 2183 567 fecisti
2204 528 2296 581 per
2321 526 2382 565 ea
2412 510 2605 580 quibus
2631 526 2660 566 a
2693 519 2743 566 te
2771 511 3099 568 domesticus
3128 511 3318 583 injuria

1733 613 1813 659 est
1843 603 2065 659 affectus
2099 622 2112 658 :
2144 618 2206 657 ea
2234 604 2376 657 enim
2405 618 2524 673 quae
2555 605 2605 657 in
2638 604 2783 659 illum
2814 606 3238 672 committuntur,
3270 609 3324 661 iu

1729 712 1814 749 me
1840 702 2119 750 transeunt
2151 713 2164 750 :
2198 695 2392 751 eodem
2436 695 2598 751 modo
2621 705 2677 751 et
2698 696 2872 750 bonus
2903 696 3157 755 Dominus
3177 739 3194 763 ,
3216 695 3323 751 Pe-

1726 792 1860 859 perci
1891 790 1998 853 tibi,
2031 790 2221 860 inquit,
2248 798 2304 843 ut
2329 806 2391 844 ne
2408 806 2650 858 peccares
2664 790 2719 843 in
2744 805 2844 845 me.
2862 790 2986 857 Mei,
3020 790 3213 860 inquit,
3243 792 3322 845 fa-

1727 882 1854 935 muli
1889 888 2033 945 sunt,
2063 888 2118 935 et
2168 881 2304 935 adeo
2353 880 2483 935 mihi
2522 881 2903 946 commendati,
2933 890 2990 937 ιιι
3024 881 3154 937 mihi
3206 883 3321 937 fieri
3360 930 3373 943 ,

1728 974 2030 1028 existimem
2060 987 2414 1042 qumcumque
2445 972 2551 1028 illis
2578 973 2733 1038 fiunt,
2754 972 2868 1029 sive
2892 975 3030 1030 bona
3062 974 3189 1041 sint,
3209 975 3323 1029 site

1728 1082 1833 1121 non
1863 1067 2002 1121 bona
2036 1082 2049 1119 :
2085 1064 2368 1137 Propterea
2397 1082 2502 1120 non
2528 1064 2700 1119 dimisi
2723 1075 2799 1133 te,
2828 1076 2883 1118 nt
2928 1076 3159 1138 langeres
3188 1083 3321 1121 eam.

1727 1161 1989 1229 Quoniam
2045 1174 2291 1229 magnam
2347 1174 2533 1214 eorum
2582 1174 2761 1215 curam
2801 1176 2952 1230 gero,
2982 1163 3158 1217 sciens
3181 1161 3325 1232 quod

1730 1268 1825 1322 per
1854 1252 2206 1324 ignorantiam
2238 1251 2378 1307 hanc
2408 1253 2486 1306 eis
2506 1252 2886 1307 contumeliam
2916 1255 3150 1309 fat-turus
3178 1270 3321 1319 eras,

1734 1345 1946 1416 Peperci
1975 1345 2084 1410 tibi,
2115 1353 2254 1399 utne
2283 1360 2513 1415 peccares
2553 1343 2607 1397 in
2651 1360 2749 1398 me.
2783 1343 2861 1399 Ne
2908 1345 3219 1415 simpliciter
3268 1354 3328 1401 ut

1729 1439 2036 1509 quempiam
2059 1438 2356 1507 vulgarium
2380 1438 2638 1509 respicias
2660 1435 2804 1492 hunc
2832 1437 3036 1492 virum:
3061 1438 3154 1493 sed
3176 1438 3327 1494 disco

1731 1547 1852 1585 eum
1885 1547 1952 1586 ex
1975 1546 2201 1585 numero
2232 1531 2444 1585 illorum
2476 1544 2617 1597 esse,
2650 1545 2879 1601 quorum
2910 1546 3010 1601 ego
3034 1532 3325 1586 maximam

1730 1640 1911 1678 curam
1951 1640 2115 1694 gero,
2161 1634 2216 1679 et
2250 1625 2340 1693 qui
2370 1625 2711 1694 peculiariter
2737 1625 2842 1681 mei
2886 1634 3029 1681 sunt.
3064 1626 3115 1679 7.
3148 1625 3327 1680 Redde

1730 1717 1886 1788 igitur
1918 1733 2123 1770 uxorem
2156 1718 2281 1778 viro,
2311 1716 2432 1787 quia
2462 1716 2711 1787 propheta
2736 1726 2830 1783 est,
2858 1727 2904 1771 et
2933 1717 3100 1771 orabit
3132 1734 3226 1788 pro
3252 1728 3317 1782 te,

1732 1819 1778 1865 et
1805 1811 1956 1865 vives.
1987 1810 2121 1865 Vide
2155 1810 2426 1880 quomodo
2467 1812 2721 1867 virtutem
2754 1812 2885 1881 justi
2930 1813 3166 1883 detegit:
3199 1829 3325 1883 pro-

1734 1904 1947 1974 phetam
1983 1902 2157 1972 ipSum
2190 1913 2379 1967 vocat,
2410 1913 2466 1958 et
2502 1903 2890 1972 propemodum
2921 1904 3118 1969 efficit,
3146 1916 3203 1957 ut
3233 1921 3324 1959 rex

1732 1994 2027 2064 supplicem
2051 2010 2109 2049 se
2139 1995 2186 2048 ei
2215 1994 2471 2064 priebeat.
2501 1993 2678 2049 Orabit
2704 1995 2846 2051 enim
2878 2012 2972 2066 pro
2998 2006 3076 2061 te,
3097 2007 3143 2049 et
3174 1999 3324 2051 vives.

1735 2087 1827 2143 Ille
1855 2088 2052 2144 etenim
2075 2125 2092 2154 ,
2127 2089 2317 2158 inquit,
2341 2089 2543 2145 veritus
2574 2103 2642 2143 ne
2666 2087 3011 2149 occideretur
3038 2106 3069 2142 a
3103 2090 3328 2152 te,ltaue

1733 2180 2053 2235 comoediam
2085 2179 2354 2246 instruxit,
2389 2189 2443 2233 et
2469 2180 2621 2249 quasi
2650 2189 2975 2250 coeperatus
3004 2190 3088 2235 est
3120 2182 3170 2234 iu
3199 2197 3328 2234 con-

1734 2274 2007 2328 tumeliam
2059 2273 2236 2328 Sarree
2267 2290 2279 2326 :
2314 2273 2454 2337 scias
2506 2283 2687 2327 autem
2740 2274 2881 2328 illius
2931 2290 3118 2343 preces
3164 2277 3325 2329 vitam

1738 2368 1829 2422 tibi
1884 2368 2202 2437 praebiturus
2247 2382 2387 2423 esse.
2420 2366 2622 2422 Deinde
2671 2378 2728 2423 ut
2780 2385 2847 2422 ne
2894 2370 3328 2439 concupiscentia

1738 2462 1999 2532 ﬂagrans,
2037 2472 2091 2516 et
2150 2461 2541 2531 pulchritudine
2594 2460 2771 2517 Sarra:
2824 2463 3035 2526 victus,
3078 2463 3325 2517 mandata

1736 2563 2064 2619 eontetnnat,
2088 2553 2325 2607 immittit
2354 2562 2410 2607 et
2432 2555 2681 2609 timorem
2703 2596 2720 2618 ,
2741 2563 2798 2609 et
2828 2554 3085 2625 majorem
3116 2571 3327 2625 [uenam

1738 2646 1969 2699 minatur
1987 2660 2047 2699 se
2074 2644 2435 2699 inducturum.
2469 2645 2617 2711 Quod
2647 2648 2690 2700 si
2720 2663 2819 2700 non
2849 2647 3045 2703 dederis
3069 2690 3083 2712 ,
3110 2648 3282 2718 inquit
3307 2691 3324 2713 ,

1736 2740 1867 2793 scias
1906 2738 2040 2805 quod
2082 2738 2310 2792 morieris
2348 2749 2401 2792 lu
2445 2749 2490 2793 et
2534 2739 2703 2797 onmia
2753 2750 2859 2795 tcta.
2905 2739 3017 2793 Non
3068 2740 3243 2799 solum
3275 2752 3328 2795 tu

1739 2830 2114 2887 inobedientite
2143 2846 2358 2900 pmnant
2392 2831 2539 2895 lues,
2569 2831 2661 2884 sed
2692 2843 2747 2886 et
2776 2831 2953 2886 omnia
2987 2841 3074 2886 tua
3114 2844 3330 2905 propter

1741 2935 1790 2980 te
1818 2939 1964 2979 mors
1988 2923 2197 2994 perdet.
2226 2924 2307 2979 0b
2336 2924 2434 2978 hoc
2459 2934 2634 2979 autem
2667 2941 2759 2994 per
2787 2935 2992 2995 tempus
3020 2930 3191 2980 noctis
3217 2928 3330 2981 hac

1737 3017 1916 3073 omnia
1945 3016 2086 3072 Deus
2116 3016 2165 3071 ei
2195 3016 2446 3086 loquitur,
2479 3018 2609 3071 utin
2634 3018 2814 3085 quiete
2843 3028 3060 3085 accepta
3088 3018 3330 3072 admoui-

1741 3111 1905 3176 tione,
1939 3125 2134 3180 magno
2166 3109 2357 3165 timore
2382 3110 2636 3178 imperata
2666 3110 2842 3164 faciat.
2870 3110 2924 3164 8.
2956 3108 3087 3164 Nam
3113 3108 3327 3172 Statim,

1740 3204 1930 3273 inquit,
1965 3220 2113 3257 mane
2144 3219 2358 3274 surgens
2380 3203 2667 3257 Abimeleclt
2695 3202 2886 3257 vocavit
2907 3220 3088 3275 pueros
3111 3220 3253 3269 suos,
3278 3216 3324 3258 et

1740 3298 1977 3366 loquutus
1995 3305 2066 3350 est
2096 3295 2267 3349 omnia
2298 3294 2444 3347 verba
2474 3293 2583 3348 ha'c
2617 3294 2669 3348 in
2698 3311 2847 3349 aures
2868 3311 3061 3349 eorum.

1812 3391 1863 3442 4.
1899 3387 2032 3443 Vide
2070 3386 2342 3458 quomodo
2384 3402 2479 3441 rex
2526 3385 2584 3439 lit
2615 3402 2789 3456 pra-co
2821 3386 3031 3443 virtutis
3053 3387 3182 3458 justi
3220 3431 3233 3453 ,
3278 3398 3331 3443 et

1742 3497 1861 3538 eum
1894 3481 2141 3536 omnibus
2168 3479 2507 3535 manifestum
2547 3479 2744 3534 reddit.
2787 3480 3001 3534 Vocatis
3031 3481 3175 3535 enim
3206 3521 3220 3543 ,
3255 3482 3332 3534 iu-

1739 3576 1873 3644 qttit,
1906 3574 2157 3629 omnibus
2177 3573 2356 3643 pueris
2383 3573 2495 3627 suis
2516 3614 2533 3639 ,
2573 3573 2808 3635 narravit
2836 3574 3013 3627 omnia
3036 3574 3135 3629 sibi
3166 3590 3195 3629 a
3224 3575 3333 3628 Deo

1742 3667 2100 3733 utanifeStata,
2119 3676 2175 3722 ut
2199 3682 2386 3722 omnes
2410 3667 2610 3721 scirent
2635 3675 2689 3721 et
2715 3666 2809 3720 Dei
2834 3682 2956 3735 erga
2990 3665 3135 3721 illum
3168 3667 3332 3722 bene-

1739 3761 2049 3824 volentiam,
2079 3770 2134 3815 et
2159 3769 2415 3832 quantum
2446 3760 2553 3815 Deo
2579 3775 2723 3815 cura:
2751 3771 2890 3813 esset
2923 3768 3140 3829 prepter
3167 3760 3332 3829 ipsius

1742 3868 1921 3910 mores
1953 3862 2009 3909 et
2032 3854 2303 3908 virtutem.
2355 3851 2651 3907 Timuerunt
2682 3860 2861 3909 autem,
2883 3867 3054 3906 omnes
3101 3852 3327 3905 homines

1743 3949 1908 4004 valde.
1936 3947 2124 4002 Vidisti
2152 3944 2422 4016 quomodo
2462 3960 2565 3998 non
2610 3943 2803 3998 frustra
2839 3953 2889 3998 et
2936 3944 3138 4014 absque
3167 3959 3328 3999 causa

1745 4043 1901 4098 toties
1928 4039 2341 4111 transmigrahat
2378 4038 2602 4109 justus?
2634 4037 2764 4097 Nam
2811 4037 2854 4091 si
2890 4036 2941 4091 in
2990 4037 3335 4093 tabernaculo

1742 4152 1839 4189 suo
1867 4134 2038 4204 primo
2066 4133 2346 4189 mansisset
2374 4171 2389 4198 ,
2422 4129 2563 4186 ttude
2607 4129 2903 4199 potuissent
2927 4128 3188 4185 Gcraritai
3213 4147 3332 4185 om-

1745 4245 1837 4282 nes
1858 4226 1995 4282 seire
2015 4234 2267 4296 quantam
2281 4223 2455 4294 justus
2466 4221 2606 4292 apud
2629 4222 2794 4278 Deum
2820 4221 3035 4276 haberet
3062 4221 3335 4277 fiduciam?

1750 4320 2041 4374 Timuerunt
2075 4328 2244 4371 autem
2267 4332 2439 4371 omnes
2463 4316 2688 4371 homines
2714 4314 2878 4368 valde.
2911 4314 3129 4385 Magnus
3155 4316 3209 4369 itt
3232 4331 3331 4371 eos

1747 4415 1907 4467 timor
1952 4411 2221 4465 immissus
2266 4409 2333 4463 de
2377 4424 2553 4462 rerum
2593 4421 2800 4461 summa
2852 4405 3077 4461 faciebat
3124 4408 3331 4462 anxios.

1746 4506 1934 4560 Postea
1979 4503 2254 4571 sequitur:
2286 4500 2340 4556 9.
2383 4501 2588 4554 Vocavit
2627 4500 2912 4553 Abimeleclt
2960 4500 3330 4555 Abrulmmum.

1742 4596 2034 4651 Considera
2066 4596 2119 4649 in
2159 4602 2355 4663 quanta
2382 4592 2544 4663 gloria
2571 4592 2748 4661 justus
2776 4603 2957 4661 postea
2981 4592 3119 4661 apud
3151 4608 3349 4662 regem

1744 4690 1872 4758 agit,
1904 4687 2179 4758 quipaulo
2198 4695 2354 4741 antea
2371 4685 2439 4739 ab
2463 4684 2709 4739 omnibus
2726 4684 2997 4753 despectui
3019 4685 3335 4754 habebatur,

1744 4782 1894 4852 quasi
1924 4796 2049 4837 erro
2074 4788 2129 4835 et
2154 4778 2483 4850 peregrinus.
2511 4777 2674 4846 Igitur
2700 4792 2817 4833 cum
2841 4792 3028 4833 omnes
3049 4779 3332 4833 convenis-

1745 4884 1884 4939 sent,
1915 4884 2136 4927 Vocatur
2161 4874 2339 4926 statim
2369 4870 2690 4941 patriarcha,
2710 4870 2798 4939 qui
2823 4868 2952 4925 nihil
2977 4869 3166 4923 horum
3199 4868 3331 4923 scio

1746 4968 1836 5023 bat
1867 4967 2176 5036 ,didicitque
2207 4974 2385 5035 postea
2415 4979 2445 5018 a
2473 4979 2597 5032 rege
2625 4963 2738 5031 ipso
2771 5003 2787 5027 ,
2819 4976 2937 5030 quae
2975 4970 3191 5031 propter
3216 4974 3279 5016 se
3305 4975 3335 5017 ιι

1748 5063 1859 5118 Deo
1883 5062 1958 5116 illi
2003 5059 2136 5115 facta
2171 5066 2346 5113 erant.
2374 5056 2519 5110 Dixit
2557 5056 2689 5110 enim
2718 5055 2761 5107 ei
2782 5069 2802 5108 :
2832 5052 3001 5119 Quare
3033 5055 3128 5107 hoc
3175 5055 3337 5126 fecisti

1746 5156 1886 5209 nobis
1912 5156 1937 5211 ?
1960 5153 2083 5225 quid
2108 5152 2419 5220 peccavimus
2446 5150 2498 5203 in
2526 5159 2575 5201 te
2598 5189 2613 5213 ,
2644 5147 2779 5216 quod
2800 5145 3053 5200 induxisti
3072 5163 3218 5215 super
3256 5162 3338 5201 me

1746 5258 1791 5302 et
1813 5263 1964 5318 super
1992 5259 2203 5314 regnum
2232 5259 2395 5297 meum
2415 5250 2671 5310 peccatum
2688 5254 2928 5306 magnum
2958 5236 3151 5299 Hlem.
3181 5255 3333 5305 quam

1747 5341 1917 5394 nullus
1939 5342 2145 5407 faceret,
2181 5335 2341 5407 fecisti
2371 5334 2534 5389 nobis.
2567 5332 2650 5389 l0.
2676 5330 2813 5395 Quid
2833 5330 3005 5387 videns
3029 5331 3195 5403 fecisti
3215 5332 3338 5388 hoc!

1747 5433 1924 5501 Quare
1951 5432 2003 5485 in
2034 5438 2261 5492 tantum,
2292 5427 2482 5496 inquit,
2507 5425 2717 5479 voluisti
2751 5438 2838 5479 me
2875 5424 3110 5479 incidere
3140 5440 3333 5495 pecca-

1748 5524 1897 5580 tum?
1924 5540 2021 5577 cur
2041 5535 2091 5578 et
2111 5520 2234 5592 quid
2263 5520 2503 5589 cogitans
2540 5517 2641 5573 hoc
2672 5516 2841 5572 fecisti
2863 5517 2885 5573 ?
2911 5516 3042 5573 Vide
3068 5519 3338 5588 quomodo

1748 5634 1843 5690 per
1879 5616 2039 5671 verba
2087 5631 2179 5670 sua
2228 5614 2427 5668 indicat
2469 5613 2641 5666 minas
2671 5653 2686 5678 ,
2714 5626 2833 5682 qua:
2880 5626 2909 5665 a
2951 5612 3060 5668 Deo
3086 5612 3185 5667 sibi
3214 5623 3336 5669 sunt

1750 5712 1917 5769 factae.
1941 5710 2200 5779 Quoniam
2222 5708 2363 5763 enim
2401 5706 2611 5762 dixerat
2640 5705 2711 5771 ei,
2744 5703 2892 5771 Quod
2913 5706 2957 5760 si
2979 5722 3078 5760 non
3105 5709 3336 5761 reddide-

1756 5810 1846 5874 ris,
1877 5804 2105 5858 morieris
2136 5812 2184 5855 tu
2225 5811 2269 5854 et
2296 5800 2464 5854 omnia
2497 5808 2623 5853 tua:
2655 5797 2754 5852 hoc
2786 5798 2956 5869 ipsum
2982 5798 3332 5868 interpretans
