3730 6254
346 273 448 333 ιιι»

347 386 661 443 Abiutelceh
702 384 831 440 dicit
865 403 876 439 :
914 383 1052 453 Quid
1086 382 1285 452 peccavi
1313 381 1364 434 in
1395 389 1441 433 te
1474 420 1489 442 ,
1520 378 1657 445 quod
1686 374 1935 429 induxisti

342 495 493 549 super
533 496 611 533 me
633 492 678 532 et
723 495 876 548 super
904 492 1113 547 regnum
1155 491 1318 528 nteant
1369 482 1627 543 peccatum
1654 468 1937 540 magnum?

343 573 604 643 Numquid
649 572 796 627 solus
836 585 1023 641 Mnes
1055 584 1203 624 cram
1235 568 1456 622 daturus
1477 566 1500 619 ?
1522 565 1691 618 Omne
1717 576 1937 631 regnum

343 680 521 721 meum
550 666 705 719 simul
732 664 1061 734 perdendum
1093 670 1209 717 erat
1229 677 1294 716 ex
1322 659 1634 727 deceptione
1662 670 1822 727 quam
1859 655 1939 707 fe-

344 759 483 813 cisti.
502 758 638 824 Quid
661 758 828 812 vidisti
852 766 905 810 ut
926 756 1019 810 hoc
1040 754 1273 828 faceres?
1292 752 1582 807 Considera
1603 750 1708 813 hic,
1725 747 1940 809 dilecte,

347 848 470 925 justi
494 849 851 920 prudentiam,
872 844 1539 920 quomodosatisfactionis
1566 842 1683 896 luco
1715 840 1765 894 in
1794 840 1946 908 agni-

349 944 546 999 tionem
601 941 693 995 Dei
748 942 867 995 illos
917 938 1240 994 iutroducat.
1274 938 1359 991 lt.
1388 934 1513 990 Dixi
1539 935 1670 988 enim
1692 975 1705 995 ,
1734 931 1905 999 inquit
1925 972 1939 992 ,

349 1032 489 1088 Nunt
531 1034 659 1103 forte
687 1048 788 1086 non
814 1044 887 1087 est
919 1033 1071 1085 timor
1097 1028 1191 1084 Det
1228 1031 1281 1083 in
1318 1030 1428 1083 loco
1455 1028 1571 1091 isto,
1606 1041 1781 1095 meque
1810 1024 1946 1077 occi-

346 1132 465 1184 dent
493 1140 698 1201 prapter
727 1144 935 1184 uxorem
956 1127 1028 1199 (a)
1057 1129 1082 1183 .9
1119 1126 1279 1195 Quasi
1300 1125 1523 1189 diceret,
1544 1122 1707 1176 Valde
1734 1134 1945 1174 mecum

346 1224 537 1277 anxius
566 1222 658 1287 t‘ui,
692 1238 758 1275 ne
785 1224 919 1276 forte
946 1236 1011 1275 eo
1038 1220 1178 1290 quod
1208 1218 1382 1273 adhuc
1410 1214 1683 1272 erroribus
1713 1212 1943 1267 tenemi-

347 1316 437 1383 ni,
470 1315 614 1371 nulla
670 1315 820 1368 vobis
874 1314 1092 1383 justiti-.e
1140 1328 1265 1367 cura
1317 1311 1425 1365 sit:
1459 1318 1676 1379 propter
1724 1305 1829 1361 hoc
1875 1303 1948 1358 si-

348 1408 566 1473 mulavi,
602 1407 749 1460 Vobis
772 1420 995 1475 parcens
1028 1446 1042 1469 ,
1087 1414 1145 1459 ut
1175 1420 1241 1458 ne
1272 1446 1287 1469 ,
1342 1403 1386 1458 si
1437 1399 1801 1469 intelligeretis
1830 1410 1949 1452 eam

350 1516 572 1555 uxorem
614 1516 787 1554 meum
830 1499 993 1554 fuisse
1024 1540 1039 1563 ,
1069 1498 1209 1567 capti
1236 1496 1352 1567 ejus
1381 1508 1564 1549 amore
1588 1491 1836 1547 occidere
1866 1505 1951 1544 me

357 1591 655 1649 tentarctis.
691 1592 824 1647 Vide
848 1592 1117 1663 quomodo
1165 1605 1260 1660 per
1300 1603 1464 1660 pauca
1509 1587 1599 1642 illa
1639 1586 1800 1640 verba
1833 1584 1953 1638 illos

350 1696 569 1757 carpat,
595 1697 649 1743 ct
695 1687 855 1743 simul
896 1687 1088 1741 doceat
1125 1692 1375 1756 oportere
1422 1698 1543 1738 eum
1573 1681 1660 1753 qui
1704 1681 1867 1734 Deum
1898 1678 1952 1732 in

353 1789 529 1834 mente
561 1779 740 1845 habet,
770 1779 899 1833 nihil
926 1779 1163 1849 iniquum
1191 1790 1351 1847 agere
1378 1818 1393 1841 ,
1425 1774 1521 1831 sed
1550 1774 1763 1844 vigilem
1797 1770 1950 1825 illum

351 1874 566 1927 oculum
601 1873 790 1928 timere
812 1912 828 1939 ,
858 1881 912 1927 et
941 1873 1009 1927 ob
1038 1886 1251 1943 pcenam
1284 1913 1298 1938 ,
1322 1886 1441 1941 qua:
1462 1869 1531 1923 ab
1552 1868 1643 1923 illo
1664 1867 1905 1921 imminet
1934 1905 1951 1931 ,

353 1967 571 2019 multam
611 1965 832 2035 justitia:
867 1979 1049 2020 curam
1093 1978 1303 2035 gerere.
1336 1964 1529 2019 Postea
1558 1961 1745 2016 volens
1772 1975 1869 2029 pro
1896 1974 1956 2014 se

353 2057 721 2112 defensionem
751 2056 964 2123 afferre,
988 2056 1068 2113 Ne
1098 2055 1313 2125 putetis,
1340 2056 1547 2126 inquit,
1581 2068 1666 2108 me
1687 2053 1845 2108 etiam
1874 2053 1954 2107 sic

356 2150 635 2205 mentitum
663 2164 801 2204 esse.
831 2150 918 2205 12.
951 2148 1151 2203 Etenim
1173 2164 1318 2203 soror
1339 2163 1449 2201 mea
1469 2156 1541 2200 est
1571 2162 1634 2200 ea:
1655 2154 1797 2216 patre
1817 2186 1829 2206 ,
1862 2144 1955 2199 sed

356 2260 458 2297 non
490 2259 553 2297 ea:
582 2252 776 2305 matre;
804 2244 927 2296 data
969 2253 1136 2296 autem
1180 2241 1306 2295 mihi
1350 2249 1424 2295 est
1465 2241 1515 2294 in
1563 2255 1795 2294 uxorem.
1824 2238 1957 2305 Quia

357 2337 601 2392 eumdem
633 2346 835 2407 patrem
866 2345 1053 2402 vocat,
1090 2336 1294 2406 inquit.
1325 2349 1483 2405 quem
1512 2345 1565 2389 et
1585 2347 1716 2404 ego;
1748 2331 1870 2386 ideo
1896 2339 1954 2384 et

361 2445 603 2486 sororem
652 2431 820 2501 ipsam
872 2430 1079 2484 vocavi.
1129 2427 1208 2483 Ne
1246 2427 1403 2497 igitur
1435 2423 1801 2481 condemnetis
1850 2438 1957 2478 tne.

362 2521 495 2576 Nam
535 2522 637 2577 etsi
678 2530 851 2576 metus
892 2521 1080 2575 mortis
1106 2520 1158 2574 in
1187 2518 1322 2573 hanc
1350 2533 1434 2572 me
1464 2516 1836 2572 necessitatem
1863 2530 1959 2570 cos

363 2615 554 2685 egerit,
577 2624 631 2670 et
651 2613 772 2685 quia
802 2614 951 2669 timui
980 2628 1045 2668 ne
1071 2611 1210 2667 forte
1237 2620 1453 2684 propter
1478 2626 1595 2667 eam
1631 2625 1717 2665 me
1744 2608 1960 2664 occide.

360 2709 527 2774 rutis,
558 2708 723 2776 ipsam
777 2717 956 2761 autem
1010 2706 1061 2770 in
1114 2704 1221 2759 vita
1262 2704 1691 2759 conservaretis:
1722 2711 1960 2757 attamen

362 2814 533 2869 neque
549 2799 629 2853 sic
654 2806 738 2855 est
761 2797 1095 2854 mendacium
1129 2796 1269 2868 quod
1299 2812 1327 2850 a
1351 2811 1436 2851 me
1465 2795 1663 2850 dictum
1690 2801 1791 2850 est.
1826 2792 1958 2849 Vide

363 2906 520 2959 quam
548 2889 834 2960 diligenter
858 2889 963 2961 agit
996 2890 1207 2960 justus,
1240 2896 1296 2942 ut
1333 2894 1595 2942 monstret
1619 2900 1677 2939 se
1706 2900 1878 2955 neque
1908 2884 1961 2939 in

364 2984 464 3037 hoc
489 2984 794 3037 mentitum.
829 2984 895 3037 Et
924 2992 983 3037 ut
1009 2984 1186 3038 omnia
1212 3024 1227 3047 ,
1262 2980 1433 3051 inquit
1460 3022 1474 3045 ,
1503 2979 1784 3050 diligenter
1813 2994 1840 3031 a
1864 2992 1949 3033 me

361 3078 565 3141 sciatis,
591 3076 770 3131 audite
792 3084 846 3131 et
871 3076 1151 3131 consilium
1178 3114 1193 3139 ,
1223 3074 1365 3146 quod
1389 3074 1527 3128 inter
1566 3087 1666 3128 nos
1690 3072 1961 3139 inivtmus,

366 3172 454 3222 15.
485 3167 701 3234 Quando
757 3169 932 3223 eduxit
992 3185 1071 3223 me
1130 3167 1266 3222 Deus
1319 3167 1383 3222 de
1423 3166 1573 3221 domo
1632 3166 1790 3235 patris
1843 3165 1963 3222 mei.

370 3260 660 3314 tinusidera
688 3301 705 3327 ,
736 3261 962 3315 obsecro
991 3302 1006 3327 ,
1034 3260 1119 3313 hic
1166 3274 1413 3330 magnam
1441 3258 1569 3328 justi
1600 3258 1918 3328 sapientiam
1946 3297 1960 3315 .

365 3354 633 3423 quomodo
663 3354 714 3408 in
749 3355 890 3409 serie
925 3354 1245 3408 narrationis
1266 3353 1423 3408 docet
1448 3368 1544 3408 eos
1567 3393 1583 3419 ,
1612 3367 1671 3407 se
1698 3366 1725 3404 a
1757 3351 1962 3421 princi-

374 3446 460 3514 pio
487 3445 650 3501 fuisse
680 3446 1018 3516 peculiariter
1063 3445 1335 3500 addit-tum
1383 3446 1491 3500 Deo
1519 3486 1535 3510 ,
1566 3452 1622 3499 et
1654 3444 1819 3498 Deum
1850 3458 1909 3496 se
1936 3456 1966 3495 a

375 3539 539 3593 domo
564 3555 659 3593 sua
690 3539 998 3594 evocavisse
1019 3580 1034 3605 ,
1066 3548 1121 3594 et
1161 3540 1211 3593 in
1257 3554 1377 3594 eum
1409 3538 1583 3592 locum
1626 3537 1879 3599 duxisse;
1911 3542 1969 3589 ut

368 3633 503 3687 sciat
530 3648 624 3687 rex
656 3673 671 3696 ,
702 3648 768 3686 ex
813 3646 996 3686 eorum
1039 3646 1263 3686 numero
1302 3645 1422 3687 esse
1466 3630 1829 3685 Ahrahamum
1872 3626 1965 3697 qui

368 3740 612 3794 magnam
663 3726 715 3780 in
753 3725 862 3780 Deo
905 3725 1100 3781 habent
1149 3724 1413 3780 fiduciam.
1460 3722 1679 3788 Quando
1705 3764 1719 3787 ,
1750 3720 1965 3790 inquit,

374 3820 551 3877 eduxit
576 3836 659 3873 me
675 3818 815 3873 Deus
839 3836 901 3874 ea:
920 3819 1071 3873 domo
1099 3820 1260 3885 patris
1288 3819 1404 3881 mei,
1427 3816 1651 3870 dicebam
1682 3817 1725 3869 ei
1757 3830 1775 3868 :
1818 3813 1968 3867 lianc

364 3914 613 3985 justitiam
643 3912 798 3982 facies
826 3913 877 3965 in
902 3928 998 3975 me,
1024 3912 1075 3964 in
1093 3913 1231 3964 omni
1254 3912 1385 3973 loco,
1412 3911 1461 3963 in
1490 3925 1638 3980 quem
1665 3908 1963 3971 venerimus,

369 4009 453 4061 die
484 4024 504 4061 :
540 4006 722 4060 Frater
751 4024 892 4061 meus
912 4016 1006 4059 est.
1055 4006 1187 4071 Quia
1236 4008 1380 4059 enim
1424 4002 1670 4073 superius
1713 4000 1920 4054 dixerat
1951 4015 1964 4053 :

375 4099 496 4153 Dixi
528 4099 681 4160 enim,
716 4114 840 4151 num
868 4101 1004 4169 forte
1031 4114 1131 4150 non
1154 4107 1226 4150 est
1250 4098 1400 4150 timor
1417 4094 1510 4147 Dei
1529 4095 1585 4147 in
1608 4094 1719 4147 loco
1745 4093 1841 4145 isto
1871 4131 1884 4152 ,
1915 4100 1969 4146 et

370 4191 649 4245 videbatur
685 4204 779 4244 eos
805 4190 1025 4243 nimium
1053 4203 1294 4258 carpere,
1328 4188 1513 4241 volens
1538 4186 1783 4256 mitigare
1810 4198 1967 4254 aspeo

369 4285 583 4340 ritatem
611 4282 780 4348 verbi,
805 4282 890 4336 hic
928 4281 1078 4345 dicit,
1100 4279 1179 4335 Ne
1203 4280 1401 4350 putetis
1430 4293 1514 4332 me
1541 4276 1643 4331 hoc
1671 4276 1842 4331 solum
1879 4290 1969 4330 ve-

374 4376 470 4430 stri
496 4374 668 4444 gratia
688 4373 898 4428 fecisse.
918 4372 1107 4428 Statim
1130 4372 1271 4427 enim
1301 4369 1522 4437 Quando
1544 4368 1719 4423 eduxit
1736 4383 1814 4421 me
1831 4366 1969 4422 Deus

373 4470 437 4521 de
464 4468 612 4521 domo
650 4468 808 4537 patris
834 4469 953 4533 mei,
986 4466 1212 4520 dicebant
1241 4465 1309 4519 ad
1354 4480 1465 4519 eam
1497 4478 1515 4518 :
1550 4461 1697 4516 Hanc
1709 4462 1968 4532 justitiam

373 4561 530 4631 facies
570 4558 693 4613 mihi
723 4560 776 4612 in
810 4559 947 4612 omni
975 4558 1084 4613 loco
1112 4600 1126 4623 ,
1171 4559 1224 4612 in
1265 4564 1410 4628 quem
1439 4555 1635 4610 venturi
1664 4570 1857 4609 sumus.
1894 4554 1968 4608 De

372 4653 643 4720 munibus,
673 4654 862 4724 inquit,
892 4654 981 4722 qui
1015 4664 1209 4707 terram
1230 4653 1368 4709 hanc
1396 4651 1715 4719 inhabitant,
1749 4650 1969 4705 manda-

374 4756 486 4799 tum
536 4745 585 4799 ei
635 4743 872 4800 dedi:et
899 4745 1080 4798 docuit
1119 4744 1279 4799 etiam
1309 4744 1388 4800 sic
1427 4744 1819 4798 simulationem
1851 4742 1969 4797 sine

374 4836 655 4891 mendacio
674 4850 815 4891 esse.
847 4835 1032 4891 Mortis
1065 4836 1209 4891 enim
1242 4837 1400 4891 timor
1448 4835 1511 4889 ad
1555 4835 1655 4888 hoc
1697 4850 1793 4890 nos
1817 4850 1969 4890 com-

375 4931 526 5000 pulit.
579 4929 703 4984 Ilaec
733 4937 792 4984 ut
826 4928 956 4983 dixit
1004 4928 1180 4999 justus
1210 4970 1225 4995 ,
1274 4929 1405 4982 iram
1444 4942 1628 4983 eorum
1677 4928 1966 4993 demulsit,

372 5038 634 5094 suamque
658 5022 860 5078 dett-xit
890 5024 1136 5078 Virtutem
1168 5064 1183 5086 ,
1237 5031 1289 5077 et
1318 5022 1665 5076 subicientem
1700 5020 1971 5091 religionis

375 5132 517 5171 vera:
569 5115 868 5169 doctrinam
916 5116 996 5169 ris
1039 5115 1275 5170 tradidit.
1331 5114 1612 5169 Reveritus
1658 5114 1819 5182 igitur
1876 5128 1966 5168 rex

378 5222 623 5276 magnam
646 5207 773 5277 justi
799 5206 1260 5261 mansuetudinem
1286 5248 1302 5271 ,
1333 5220 1521 5275 magna
1550 5204 1864 5259 liberalitate
1883 5220 1970 5259 re-

379 5310 632 5356 munerat
676 5299 1055 5370 patriarcham.
1104 5300 1240 5355 Dicit
1285 5300 1427 5353 enim
1460 5314 1474 5351 :
1504 5298 1587 5352 N.
1623 5298 1824 5367 Accepit
1849 5297 1972 5350 Abi.

444 5432 514 5493 (ni
548 5439 658 5497 Haec
684 5432 1005 5482 Ahraltamutn
1030 5432 1338 5497 loquentem
1386 5431 1567 5497 inducit
1581 5432 1969 5497 tjhrysostomus,

375 5497 513 5558 quasi
532 5494 761 5544 videlicet
784 5496 1059 5545 sbimelech
1086 5492 1136 5546 ci
1159 5496 1338 5544 subditi
1362 5495 1487 5545 circa
1521 5492 1813 5558 religionem
1839 5507 1972 5543 erra-

376 5556 505 5606 rent.
537 5557 583 5605 td
605 5564 789 5620 tamen
815 5560 1066 5620 scripturae
1088 5559 1237 5620 seriei
1279 5570 1375 5606 non
1407 5566 1639 5620 consonat
1664 5570 1676 5605 :
1704 5556 1971 5620 exhibetur

378 5619 508 5666 enim
536 5616 811 5666 .thimclcch
836 5616 971 5679 quasi
996 5634 1092 5669 non
1124 5618 1268 5668 modo
1292 5620 1393 5667 veri
1419 5620 1501 5667 Dei
1520 5617 1691 5677 cultor,
1716 5618 1803 5667 sed
1825 5620 1969 5668 etiam

380 5680 505 5747 aequi
531 5693 607 5725 aut
625 5691 713 5747 tus.
916 5682 1051 5747 enim
1086 5682 1316 5747 abi-aliam
1339 5681 1470 5737 dicit,
1496 5680 1761 5747 A'ttntforle
1782 5691 1876 5747 non
1899 5685 1972 5747 est

379 5739 522 5809 timor
548 5739 634 5809 Dei
657 5739 704 5788 in
731 5739 830 5789 loco
852 5740 984 5809 ista?
1009 5743 1054 5791 id
1084 5743 1350 5809 dubitantis
1371 5754 1507 5791 more
1542 5739 1677 5804 dicit,
1718 5743 1830 5805 quia
1853 5742 1970 5793 relic

377 5804 497 5858 gion
518 5816 557 5849 rs
579 5808 628 5852 et
655 5814 815 5851 mores
837 5806 1001 5865 gentis
1024 5804 1233 5853 nondum
1258 5813 1493 5865 expertus
1518 5814 1639 5857 erat.

1149 266 1205 323 S.
1248 263 1526 322 JOANNIS
1559 255 2028 318 CilRYSOSTOMl
2060 255 2374 313 ARCHIEP.
2418 252 2951 315 CONSTANTINOP.
3550 262 3640 318 ιξθ

2049 374 2239 427 melech
2266 372 2405 427 mille
2434 372 2761 429 didrachmas
2785 413 2800 438 ,
2827 382 2875 428 et
2905 386 3046 439 oves,
3074 381 3121 427 et
3140 372 3348 440 vitulos,
3377 382 3432 429 et
3458 390 3641 441 senm,

2047 477 2093 519 et
2118 467 2339 522 ancillas
2363 509 2377 533 ,
2424 478 2471 521 et
2519 468 2740 522 reddidit
2766 468 2845 522 illi
2874 466 3093 523 Sanam
3118 484 3330 523 umorem
3360 485 3536 524 mm.
3568 470 3647 525 Vi.

2047 560 2173 615 disti
2203 603 2218 626 ,
2251 561 2442 616 dilcCte
2466 601 2480 625 ,
2512 564 2935 631 onmipotentem
2977 570 3033 616 et
3075 563 3278 616 variam
3309 561 3409 617 Dei
3440 564 3650 631 sapien—

2050 656 2177 710 tiam
2198 656 2220 708 ζ’
2241 655 2340 722 Qui
2369 657 2510 709 enim
2539 656 2590 709 in
2622 656 2811 712 mortis
2850 656 3087 726 periculo
3125 659 3458 713 constitutus
3493 669 3608 713 erat
3637 703 3650 725 ,

2050 758 2103 803 et
2124 749 2299 803 omnia
2324 747 2553 803 faciebat
2577 758 2633 802 ut
2659 757 2884 803 mortem
2919 758 3100 818 posset
3128 750 3367 820 ell’ngere
3390 793 3404 811 ,
3442 765 3553 804 non
3580 766 3655 803 ειυς

2050 841 2159 896 lum
2188 852 2413 895 mortem
2440 840 2643 910 eﬂ‘ugit,
2666 840 2759 896 sed
2784 850 2836 894 et
2852 856 3096 911 magnam
3120 843 3350 896 obtinuit
3376 842 3655 912 ﬁduciam,

2051 942 2104 989 et
2134 940 2353 1001 repente
2376 932 2641 1003 gloriosus
2668 934 2834 988 factus
2859 942 2962 989 est.

2125 1025 2179 1079 5.
2210 1023 2265 1078 in
2297 1024 2439 1079 hunc
2463 1026 2605 1080 enim
2627 1025 2844 1080 modum
2862 1042 3022 1096 agere
3044 1026 3180 1082 solet
3208 1027 3351 1083 Deus
3383 1045 3401 1082 :
3432 1042 3547 1082 non
3573 1043 3655 1083 so-

2053 1116 2162 1171 lum
2193 1133 2221 1170 a
2258 1117 2499 1173 tristibus
2534 1118 2725 1172 liberat
2766 1133 2860 1174 eos
2900 1120 2992 1189 qui
3030 1118 3242 1176 fortiter
3284 1136 3346 1175 se
3382 1134 3587 1191 gerunt
3615 1129 3659 1176 in

2056 1209 2437 1265 tentationibus
2456 1252 2471 1279 ,
2505 1212 2556 1266 in
2582 1226 2718 1282 quas
2738 1212 3015 1278 incidunt;
3047 1213 3141 1267 sed
3168 1225 3221 1269 et
3245 1224 3459 1268 tantum
3490 1216 3545 1268 in
3575 1216 3662 1268 ad-

2054 1306 2223 1360 versis
2251 1305 2454 1376 praebet
2486 1306 2741 1371 lzetitiam,
2773 1316 2832 1360 ut
2857 1306 2909 1361 in
2939 1321 3124 1362 eorum
3163 1308 3506 1363 oblivionem
3547 1325 3661 1363 om-

2056 1398 2183 1452 nino
2210 1398 2455 1464 veniant,
2484 1406 2537 1452 et
2565 1398 2616 1451 in
2647 1399 2811 1453 multa
2836 1399 2944 1454 sint
2970 1398 3229 1454 bonorum
3254 1400 3570 1455 afﬂuentia.
3604 1401 3664 1455 Et

2055 1490 2177 1545 vide
2220 1490 2440 1560 insuper
2478 1490 2620 1561 regis
2660 1504 2786 1561 erga
2821 1490 3023 1561 justum
3057 1491 3207 1545 illum
3242 1490 3519 1546 ofﬁcium.
3553 1491 3664 1547 Non

2058 1584 2227 1638 solum
2249 1584 2389 1637 enim
2410 1583 2569 1637 tantis
2594 1584 2904 1638 muneribus
2931 1583 3075 1637 illum
3098 1583 3348 1651 honorat,
3377 1585 3479 1639 sed
3507 1587 3662 1639 etiam

2064 1683 2381 1746 potestatem
2419 1674 2467 1731 ei
2513 1675 2638 1741 dat,
2693 1683 2750 1730 ttt
2778 1676 2830 1730 in
2861 1686 3000 1731 terra
3027 1691 3121 1732 sua
3152 1676 3379 1733 habitet.
3420 1678 3511 1734 15.
3544 1677 3667 1733 Ecce

2059 1769 2191 1821 enim
2221 1809 2235 1832 ,
2272 1768 2441 1839 inquit
2466 1809 2482 1835 ,
2514 1778 2648 1822 terra
2675 1784 2786 1822 mea
2812 1785 2985 1822 coram
3014 1779 3064 1823 te
3086 1779 3158 1824 est
3186 1786 3204 1835 ,'
3242 1770 3567 1840 ubicumque
3585 1775 3665 1825 tibi

2060 1858 2344 1929 placuerit,
2376 1858 2569 1915 habita.
2598 1859 2728 1914 Nam
2760 1861 2879 1931 quia
2909 1860 3092 1916 didicit
3122 1871 3343 1932 pr0ptcr
3370 1863 3530 1917 illum
3566 1906 3579 1928 ,
3618 1875 3665 1918 et

2062 1964 2281 2025 propter
2308 1954 2447 2008 illius
2473 1969 2662 2026 preces
2700 1956 2863 2009 vitam
2893 1954 2992 2010 sibi
3019 1954 3198 2010 datam
3236 1971 3362 2011 esse
3395 1998 3411 2020 ,
3448 1956 3576 2010 ideo
3602 1960 3662 2009 ita

2062 2048 2115 2103 in
2157 2049 2529 2120 peregrinum,
2557 2062 2835 2117 erronem,
2874 2058 2926 2104 et
2973 2060 3127 2106 antea
3174 2052 3303 2106 nulli
3350 2054 3663 2123 cognitum,

2062 2144 2214 2214 quasi
2262 2144 2315 2198 in
2360 2143 2752 2199 lieuel‘actorem
2783 2153 2835 2198 et
2864 2151 3092 2199 tutorem
3120 2146 3354 2215 aliquem
3389 2146 3456 2201 of
3458 2147 3665 2201 liciosus

2064 2238 2181 2294 fuit.
2213 2239 2299 2294 16.
2332 2239 2511 2295 Sarra:
2536 2248 2705 2294 autem
2732 2280 2747 2304 ,
2779 2239 2968 2308 inquit,
3002 2239 3131 2294 dixit
3161 2255 3181 2293 :
3222 2238 3362 2294 Ecce
3390 2242 3518 2294 dedi
3541 2244 3666 2294 mille

2064 2331 2394 2386 didrachmas
2418 2333 2566 2403 fratri
2594 2343 2701 2386 tuo.
2731 2330 2865 2385 Vide
2894 2331 3183 2401 quomodo,
3216 2342 3448 2401 accepta
3476 2349 3508 2387 a
3533 2334 3666 2402 justo

2063 2422 2302 2479 doctrina
2328 2465 2343 2489 ,
2371 2424 2597 2479 credidit
2616 2427 2732 2493 ejus
2754 2422 2911 2479 dictis
2930 2466 2943 2488 ,
2976 2435 3134 2495 atque
3164 2425 3277 2494 ipse
3307 2424 3542 2480 fratrem
3575 2427 3665 2479 hu-

2064 2516 2150 2587 jus
2182 2517 2327 2571 illum
2356 2528 2528 2571 vocat.
2566 2517 2646 2571 Ea
2667 2533 2779 2589 quae
2807 2517 2945 2583 dedi,
2981 2518 3167 2589 inquit,
3201 2519 3360 2589 fratri
3387 2529 3503 2584 tuo,
3532 2530 3667 2573 enim

2063 2608 2117 2663 in
2144 2610 2385 2664 honorem
2413 2611 2584 2664 vultus
2612 2612 2709 2665 tui.
2732 2621 2777 2664 et
2795 2614 2963 2665 omnia
2992 2629 3105 2666 vere
3125 2613 3226 2667 dic.
3259 2612 3402 2680 Quid
3437 2624 3528 2669 est
3547 2657 3563 2679 ,
3607 2613 3665 2668 In

2066 2704 2307 2758 honorem
2334 2706 2499 2759 vultus
2526 2705 2632 2771 tui,
2664 2713 2711 2758 et
2755 2706 2927 2758 omnia
2964 2720 3077 2760 vere
3114 2704 3195 2759 dic
3229 2705 3255 2759 1
3309 2706 3421 2760 Pro
3452 2706 3525 2760 iis
3560 2723 3671 2776 qua

2068 2811 2166 2868 per
2188 2796 2539 2868 ignorantiam
2570 2812 2849 2867 aggressus
2869 2812 2986 2851 sum
3008 2839 3022 2864 ,
3053 2807 3104 2853 te
3127 2812 3246 2869 qua:
3272 2814 3332 2854 es
3360 2816 3507 2853 uxor
3523 2800 3669 2869 justi,

2069 2888 2122 2945 in
2153 2888 2371 2945 domum
2404 2905 2576 2945 meam
2617 2887 3045 2944 introducendo:
3076 2904 3172 2959 pro
3202 2888 3307 2944 hoc
3335 2891 3528 2945 solum
3555 2892 3671 2961 quia

2066 2982 2403 3039 contumelia:
2431 2981 2524 3038 tibi
2546 2990 2731 3038 auctor
2752 2981 2845 3046 fui,
2874 2982 3019 3037 mille
3042 2981 3162 3037 dedi
3190 2981 3570 3045 didrachmas,
3594 2998 3673 3038 re-

2068 3083 2313 3130 sarturus
2338 3089 2401 3130 ea
2432 3089 2551 3146 quae
2568 3089 2597 3129 a
2620 3088 2705 3129 me
2732 3074 2783 3129 in
2813 3083 2865 3130 te
2889 3074 3278 3129 suntadmissa.
3302 3072 3514 3129 Verum
3551 3074 3671 3129 0m-

2069 3166 2156 3221 nia
2176 3182 2288 3221 vere
2315 3167 2416 3220 die.
2447 3166 2582 3235 Quid
2605 3166 2869 3239 signiﬁcat
2887 3209 2901 3231 ,
2929 3166 3114 3220 Omnia
3139 3182 3253 3221 vere
3269 3167 3354 3220 dic
3377 3167 3405 3220 ?
3427 3166 3635 3221 Omnes
3658 3209 3670 3230 ,

2071 3260 2259 3330 inquit,
2291 3274 2318 3313 a
2352 3268 2402 3314 te
2432 3259 2641 3314 discant
2672 3258 2803 3314 nihil
2840 3258 3077 3330 iniquum
3106 3274 3137 3313 a
3172 3274 3259 3313 me
3285 3257 3494 3313 factum
3518 3272 3671 3323 esse,

2072 3353 2193 3423 quia
2219 3354 2412 3409 intacta
2440 3353 2647 3409 exivisti
2673 3353 2741 3409 de
2769 3353 2929 3408 domo
2955 3368 3093 3406 mea.
3126 3353 3266 3406 Doce
3285 3394 3299 3417 ,
3338 3352 3523 3423 inquit
3545 3395 3562 3418 ,
3596 3356 3673 3405 vi-

2072 3463 2189 3503 rum
2219 3458 2364 3502 tuum
2398 3490 2412 3514 ,
2449 3463 2568 3503 esse
2594 3463 2680 3502 me
2704 3448 3040 3502 innocentem
3070 3461 3097 3499 a
3128 3455 3349 3515 peccato
3384 3462 3397 3498 :
3442 3444 3622 3500 discat
3646 3460 3671 3497 a

2076 3549 2145 3605 te,
2177 3541 2309 3596 nihil
2331 3556 2358 3593 a
2390 3558 2475 3596 me
2506 3540 2702 3596 factum
2726 3555 2865 3596 esse.
2897 3539 3074 3607 Quare
3096 3553 3223 3592 vero
3257 3538 3373 3592 inec
3398 3538 3584 3592 dicit?
3612 3538 3673 3593 lJt

2073 3648 2193 3688 cum
2218 3633 2392 3703 justus
2432 3633 2500 3687 ab
2530 3647 2591 3688 ea
2621 3630 2869 3687 didicerit
2894 3673 2908 3696 ,
2938 3631 3223 3700 multisque
3261 3630 3424 3683 fuerit
3451 3629 3672 3684 rationi-

2075 3726 2177 3781 bus
2228 3725 2489 3791 edoctus,
2525 3740 2619 3795 pro
2661 3737 2726 3779 eo
2776 3736 2960 3794 preces
3012 3722 3234 3775 Domino
3277 3720 3500 3775 oﬂ'erat.
3547 3720 3671 3775 Nam

2075 3829 2352 3891 postquam
2378 3819 2469 3874 ille
2492 3818 2622 3872 dixit
2650 3859 2665 3883 ,
2714 3815 2900 3872 Omnia
2927 3831 3041 3869 vere
3065 3815 3146 3868 dic
3166 3831 3186 3869 :
3228 3813 3331 3870 hoc
3370 3825 3494 3869 est:
3533 3816 3669 3867 Doce

2076 3915 2246 3967 virum
2276 3922 2421 3967 tuum
2458 3927 2521 3966 ea
2542 3926 2661 3982 qua:
2688 3908 2824 3965 facta
2855 3918 2999 3975 sunt,
3029 3909 3203 3963 statim
3234 3905 3484 3962 subdidit
3530 3907 3674 3962 Scri-

2076 4020 2227 4079 ptura
2254 4026 2268 4062 :
2294 4008 2381 4062 i7.
2420 4007 2488 4060 Et
2524 4006 2686 4061 oravit
2713 4005 2968 4059 Abraham
3008 4002 3189 4067 Deum,
3223 4014 3271 4056 et
3302 4003 3517 4057 sanavit
3547 4001 3675 4055 Deus

2076 4100 2361 4155 Abimeleclt
2383 4142 2396 4164 ,
2419 4109 2466 4154 et
2494 4114 2700 4154 uxorem
2720 4099 2829 4168 ejus
2854 4139 2869 4162 ,
2899 4106 2944 4151 et
2962 4096 3177 4150 ancillas
3200 4096 3311 4162 eius
3341 4137 3355 4159 ,
3387 4104 3437 4148 et
3472 4111 3679 4164 pepere-

2074 4203 2195 4247 runt
2226 4208 2245 4247 :
2274 4192 2361 4247 18.
2390 4191 2508 4262 quia
2540 4190 2848 4244 concludens
2869 4187 3181 4242 conciuerat
3208 4186 3531 4239 extrinsecus
3566 4201 3677 4237 om-

2076 4302 2191 4340 nem
2220 4285 2418 4340 vulvam
2447 4284 2500 4338 in
2527 4283 2677 4337 domo
2709 4279 2989 4336 Abimelech
3006 4288 3209 4350 prOpter
3226 4278 3447 4332 Sarram
3468 4293 3680 4331 uxorm

2076 4379 2316 4434 Abralne.
2348 4376 2481 4433 Vide
2518 4372 2789 4447 quomodo
2818 4372 3075 4428 Dominus
3113 4370 3300 4426 volens
3338 4370 3552 4440 justum
3588 4388 3680 4438 per

2076 4474 2253 4529 omnia
2287 4471 2511 4528 reddere
2537 4470 2883 4525 illustriorem
2910 4508 2926 4534 ,
2956 4464 3203 4536 precibus
3234 4463 3568 4534 patriarcha:
3600 4480 3684 4516 sa-

2079 4568 2243 4622 lutem
2276 4565 2415 4635 regis
2443 4576 2497 4619 et
2526 4562 2765 4618 omnium
2788 4575 2908 4630 qure
2935 4560 2987 4613 in
3009 4560 3170 4613 domo
3198 4556 3340 4610 illius
3370 4564 3559 4619 erant,
3592 4555 3685 4609 do-

2076 4669 2188 4715 nat.
2222 4658 2395 4713 Oravit
2425 4658 2592 4723 enim,
2629 4654 2816 4725 inquit,
2851 4652 3106 4705 Abraham
3137 4648 3300 4702 Deum
3339 4689 3355 4713 ,
3384 4659 3436 4701 et
3480 4661 3686 4701 δωισεη

2077 4752 2217 4808 Deus
2249 4748 2556 4816 Abimeleclt;
2582 4759 2628 4804 et
2654 4765 2861 4803 uxorem
2884 4747 3011 4816 ejus,
3046 4755 3091 4798 et
3116 4743 3328 4799 ancillas
3354 4750 3494 4810 ejus,
3521 4753 3571 4795 et
3606 4760 3691 4809 pe-

2079 4852 2315 4916 pererunt
2335 4858 2353 4896 :
2376 4843 2492 4911 quia
2523 4841 2826 4895 concludens
2853 4838 3167 4893 concluserat
3196 4834 3450 4889 Dominus
3479 4836 3685 4889 extrin-

2075 4955 2217 4994 secus
2254 4952 2453 4991 omnem
2483 4935 2679 4988 vulvam
2727 4934 2781 4987 in
2819 4932 2969 4986 domo
2994 4928 3298 4983 Abimclech.
3332 4926 3648 4997 Propterea
3675 4970 3688 4989 ,

2070 5029 2321 5102 quamvis
2369 5028 2574 5082 alienus
2612 5034 2756 5082 esset
2795 5040 2822 5078 a
2862 5032 3081 5094 peccato
3114 5036 3207 5075 rex
3237 5063 3250 5084 ,
3279 5020 3499 5091 plagam
3546 5019 3691 5073 itan.-

2078 5123 2286 5180 induxit
2328 5124 2501 5179 bonus
2540 5121 2835 5185 Dominus,
2880 5126 2936 5172 ut
2981 5118 3224 5188 precibus
3260 5115 3388 5184 justi
3430 5129 3691 5168 annuet»

2078 5233 2194 5273 cam
2225 5217 2459 5273 solveret
2484 5259 2498 5284 ,
2525 5224 2578 5271 et
2603 5215 2805 5285 justum
2828 5213 3109 5267 clariorem
3132 5219 3185 5265 et
3211 5208 3579 5263 illustriorem
3614 5208 3689 5260 cf-

2080 5313 2281 5369 liceret.
2330 5313 2460 5369 Nam
2507 5325 2720 5380 semper
2764 5308 2942 5363 omnia
2993 5306 3061 5360 ita
3098 5305 3220 5359 facit
3257 5311 3313 5358 et
3354 5310 3561 5356 tractat
3594 5344 3612 5367 ,
3642 5312 3693 5355 ct

2078 5408 2281 5479 singula
2309 5407 2601 5476 dispensat,
2629 5414 2681 5459 ut
2705 5404 2793 5474 qui
2820 5403 2918 5457 sibi
2948 5400 3185 5457 serviunt
3211 5440 3226 5464 ,
3260 5398 3414 5469 quasi
3448 5399 3685 5452 lumina-

2078 5503 2159 5558 ria
2186 5502 2459 5557 rcluceant
2479 5538 2494 5564 ,
2536 5508 2592 5554 et
2620 5512 2806 5552 eorum
2836 5496 3004 5551 virtus
3037 5493 3233 5563 ubique
3258 5490 3600 5545 celebretur.
3626 5488 3684 5544 Et

2078 5598 2220 5661 vide,
2252 5595 2477 5649 obsecro
2499 5636 2514 5661 ,
2542 5592 2735 5647 dilecte
2755 5634 2769 5657 ,
2800 5599 3079 5660 postquam
3098 5585 3302 5656 justum
3330 5583 3406 5638 ita
3435 5584 3688 5637 liberant

2077 5704 2107 5744 a
2137 5688 2403 5743 molestiis
2432 5727 2449 5753 ,
2478 5683 2751 5756 quomodo
2777 5684 2967 5737 iterum
2997 5691 3205 5733 summa
3238 5675 3512 5731 bonorum
3538 5674 3687 5742 justo

2079 5782 2322 5850 traditur,
2348 5778 2741 5855 pollicitationis
2766 5775 3007 5843 edoctus,
3030 5781 3083 5830 et
3110 5783 3257 5826 nunc
3286 5770 3553 5825 eveniunt
3570 5780 3687 5837 qu:
