3792 6264
158 277 259 333 ιῖἰ

155 415 289 468 olim
323 413 395 469 illi
423 430 452 467 a
484 412 595 469 Deo
618 415 875 484 promissa
908 421 1050 468 sunt.
1098 413 1164 468 Et
1211 413 1456 467 Dominus
1481 455 1496 476 ,
1529 414 1699 483 inquit
1733 452 1749 477 ,

156 505 378 562 uisitauit
407 506 623 562 Sarram
643 548 659 573 ,
676 507 805 561 sicut
825 507 953 562 dixit
978 548 993 573 ,
1014 517 1060 561 ct
1085 507 1200 580 fecit
1219 506 1395 562 Same
1417 510 1545 562 sicut
1577 509 1754 575 loquu-

153 607 238 652 tus
266 607 359 653 cst.
390 598 444 652 2.
468 595 538 651 Et
564 599 807 669 concepit,
834 598 1123 670 peperitque
1152 598 1314 653 Sarra
1339 598 1559 653 Abrahte
1588 598 1752 668 ﬁlium

157 689 213 742 in
245 698 499 744 senectute
521 730 534 754 ,
574 690 627 743 in
665 701 887 761 tempore
910 690 1039 745 sicut
1067 690 1304 760 loquutus
1328 700 1402 744 est
1430 691 1476 745 ei
1504 689 1752 745 Dominus

156 779 314 850 (Cap.
343 780 456 850 2|).
485 780 621 850 Quid
648 790 749 849 est,
778 780 922 837 Sicut
944 782 1179 853 loquutus
1204 794 1296 846 est,
1315 791 1387 849 et,
1412 782 1560 838 Sicut
1580 784 1706 838 dixit
1728 783 1754 837 .9

159 868 857 942 Quemadmodum,inq’uit,
879 876 1139 944 promisit,
1163 876 1375 944 quando
1402 876 1629 947 hospitio
1654 892 1750 932 ex-

150 972 345 1034 ceptus
378 974 461 1020 est
486 979 609 1021 cum
643 966 846 1036 angelis
874 968 1013 1038 apud
1043 983 1297 1039 quercum
1327 969 1583 1025 Mambre.
1612 968 1744 1024 Nam

146 1056 300 1126 quod
330 1056 463 1114 dixit
486 1074 500 1114 :
533 1056 600 1112 In
628 1067 850 1129 tempore
874 1059 969 1113 hoc
991 1060 1208 1123 veniant,
1238 1069 1285 1114 et
1305 1062 1399 1116 erit
1416 1061 1593 1116 Sarra:
1608 1061 1746 1130 ﬁlius

154 1145 316 1217 (Gen.
346 1148 433 1205 18.
464 1146 557 1221 24)
583 1166 597 1203 :
627 1149 729 1205 hoc
756 1164 896 1204 nunc
919 1165 1083 1220 opere
1110 1152 1383 1222 impletum
1409 1159 1509 1208 est.
1533 1152 1599 1207 Et
1627 1168 1746 1223 quae

152 1248 351 1293 natura
376 1238 693 1310 denegabat,
726 1254 789 1295 ea
814 1239 1065 1295 videbant
1098 1241 1343 1297 evenisse
1365 1283 1380 1308 ,
1414 1257 1518 1296 non
1550 1256 1743 1297 secun-

148 1326 287 1382 dum
328 1328 618 1384 humanum
656 1338 711 1386 et
738 1330 953 1386 solitum
982 1345 1185 1386 morem
1219 1373 1233 1397 ,
1264 1332 1358 1388 sed
1385 1348 1481 1403 per
1507 1332 1740 1389 divinam

147 1422 403 1491 gratiam.
446 1422 500 1478 3.
535 1420 600 1476 Et
637 1424 830 1477 vocavit
868 1440 1047 1477 nomen
1089 1424 1184 1492 ﬁlii
1217 1414 1298 1478 sui
1323 1467 1337 1491 ,
1378 1442 1521 1497 quem
1552 1426 1746 1497 peperit

146 1514 255 1583 ipsi
277 1512 459 1580 Sarra,
508 1513 675 1570 Isaac.
700 1515 818 1571 Non
844 1517 1043 1587 absque
1066 1532 1221 1571 causa
1244 1518 1552 1588 assignavit,
1584 1518 1745 1584 Quem

153 1607 357 1674 peperit
381 1606 479 1677 ipsi
503 1606 663 1661 Sarra
683 1622 702 1661 :
728 1623 835 1661 non
861 1608 1002 1662 enim
1028 1608 1162 1662 dixit
1182 1610 1531 1678 simpliciter,
1575 1608 1742 1663 Voca-

147 1698 224 1749 vit
245 1712 427 1751 nomen
438 1698 534 1767 ﬁlii
556 1700 637 1753 sui
654 1715 675 1764 ;
702 1699 795 1755 sed
809 1699 1020 1770 adjecit,
1048 1700 1205 1769 Quem
1220 1704 1411 1773 peperit
1431 1704 1531 1773 ipsi
1556 1702 1740 1769 Sarra,

147 1790 438 1845 infecunda
465 1790 551 1845 illa
576 1802 629 1847 et
652 1792 847 1847 vetula.
876 1793 929 1846 4.
954 1791 1023 1846 Et
1059 1793 1375 1847 circumcidit
1400 1811 1534 1863 eum,
1554 1796 1741 1864 inquit,

147 1882 239 1935 die
264 1890 437 1937 octavo
463 1922 479 1946 ,
511 1882 638 1936 sicut
679 1893 985 1953 prwceperat
1012 1880 1284 1938 Dominus.
1311 1883 1399 1939 Sic
1430 1886 1573 1940 enim
1604 1901 1741 1956 prte-

144 1981 369 2039 ceptum
409 1982 733 2042 acceperat,
782 1982 838 2027 ut
874 1973 961 2029 die
1003 1984 1192 2031 octavo
1234 1975 1745 2033 circumciderentur

144 2063 244 2131 qui
280 2062 499 2131 posthac
527 2076 891 2119 nascerentur.

228 2152 418 2207 Omnia
446 2151 553 2209 Deo
583 2156 939 2225 possibilia.—
956 2156 1122 2213 Porro
1142 2166 1201 2213 ut
1227 2158 1449 2216 ulterius
1475 2159 1744 2218 discamus

145 2244 472 2302 ineﬂ'abilem
502 2247 789 2317 potentiam
822 2249 911 2305 Dei
941 2291 957 2317 ,
986 2259 1040 2305 et
1078 2265 1139 2305 ea
1171 2266 1290 2321 quae
1329 2252 1469 2323 apud
1498 2252 1743 2311 homines

146 2336 503 2404 impossibilia
529 2347 690 2404 sunt,
718 2339 858 2409 apud
881 2356 1001 2396 eum
1030 2342 1301 2411 possibilia
1329 2358 1448 2400 esse
1486 2362 1500 2400 :
1542 2345 1744 2403 idcirco

146 2431 313 2484 nobis
346 2440 553 2502 tempus
583 2433 872 2503 assignavit
903 2435 1092 2489 iterum
1132 2436 1310 2492 divina
1340 2436 1612 2507 Scriptura
1647 2481 1662 2506 ,
1690 2451 1743 2495 et

145 2532 275 2591 post
304 2532 508 2592 partum
543 2524 700 2580 docet
739 2540 837 2581 nos
882 2525 966 2581 his
1010 2528 1187 2584 verbis
1216 2547 1228 2582 :
1260 2529 1313 2584 5.
1343 2528 1598 2586 Abraham
1637 2542 1745 2587 erat

142 2631 407 2668 annorum
434 2625 654 2681 centum,
675 2618 879 2687 quando
914 2630 1062 2673 natus
1094 2629 1168 2674 est
1193 2620 1239 2674 ei
1265 2618 1416 2675 Isaac
1434 2620 1576 2690 ﬁlius
1600 2640 1741 2681 suus.

144 2708 201 2760 6.
238 2705 387 2760 Dixit
409 2715 576 2761 autem
599 2708 762 2764 Sarra
776 2725 795 2764 :
816 2708 996 2765 Risum
1022 2712 1139 2783 fecit
1164 2712 1288 2767 mihi
1307 2711 1564 2772 Dominus
1583 2732 1604 2771 :
1628 2734 1745 2771 nam

141 2800 236 2869 qui
268 2800 459 2868 audiet,
476 2801 724 2873 gaudebit
746 2818 966 2859 mecum.
987 2803 1125 2873 Quid
1148 2813 1250 2871 est,
1271 2805 1451 2861 Risum
1480 2810 1596 2905 paci!
1620 2810 1744 2864 mihi

146 2893 405 2949 Dominus
435 2894 704 2952 ertitne
746 2898 958 2952 occasio
1001 2896 1132 2952 mihi
1171 2907 1351 2969 partus
1388 2893 1495 2957 est:
1524 2902 1584 2958 Et
1617 2902 1742 2974 quid

143 2987 371 3053 mirum,
398 2988 445 3043 si
473 2988 602 3043 mihi
630 2990 925 3061 gaudium?
954 2990 1152 3048 Omnes
1179 2993 1343 3048 etiam
1365 2995 1454 3066 qui
1482 2996 1700 3053 audient
1719 3040 1734 3064 ,

142 3079 363 3135 habebo
388 3082 835 3151 congratulantes,
867 3097 975 3138 non
1002 3084 1124 3154 quia
1155 3085 1368 3155 peperi,
1395 3087 1488 3142 sed
1516 3089 1637 3159 quia
1664 3092 1743 3147 sic

144 3171 359 3240 peperi.
388 3171 519 3226 Tam
562 3172 891 3231 admirabilis
932 3189 1191 3246 rarusque
1232 3189 1413 3247 pertus
1459 3166 1646 3238 omnes
1688 3183 1741 3238 in

143 3265 557 3320 admirationem
585 3266 773 3336 rapiet,
796 3276 850 3321 et
870 3267 1127 3338 majorem
1144 3269 1393 3327 omnibus
1414 3272 1738 3343 voluptatem

140 3356 341 3412 aﬂ’eret
365 3399 378 3421 ,
407 3372 528 3413 cmn
553 3358 804 3413 sciverint
829 3374 916 3415 me
937 3400 952 3427 ,
978 3376 1098 3430 qua:
1119 3360 1252 3416 nihil
1274 3378 1304 3417 a
1335 3362 1560 3420 mortuis
1587 3366 1739 3423 ditfe-

141 3451 337 3505 rcbam
384 3462 643 3520 quantum
684 3451 750 3506 ad
794 3453 1193 3523 generationem
1227 3496 1245 3522 ,
1291 3456 1468 3512 subito
1512 3469 1738 3515 matrem

141 3543 344 3597 laetam
365 3558 506 3609 esse,
534 3554 634 3599 etc
664 3545 818 3600 vulva
835 3548 1099 3603 exsiccata
1129 3546 1371 3618 puelluni
1386 3552 1659 3622 peperisse
1684 3564 1740 3610 et

139 3636 353 3689 laetare
377 3650 533 3705 posse
557 3678 572 3703 ,
605 3646 659 3692 et
686 3636 857 3693 fontes
888 3638 1040 3695 lactis
1068 3641 1321 3696 emittere»
1342 3683 1357 3707 ,
1389 3656 1509 3711 qua:
1538 3645 1739 3702 nullam

136 3744 299 3797 spem
342 3728 582 3798 pariendi
632 3729 911 3785 habebam.
942 3732 995 3786 7.
1033 3731 1095 3785 Et
1123 3732 1440 3800 dixit:Quis
1459 3738 1739 3790 annuntia-

137 3819 213 3871 bit
249 3817 486 3883 Abrahae,
506 3820 642 3889 quod
668 3822 823 3874 lactat
856 3838 1069 3890 puerum
1099 3823 1261 3877 Sarra
1292 3825 1317 3877 ?
1358 3824 1492 3880 Nam
1522 3836 1738 3897 propter

56 3938 57 3941 η
138 3914 253 3968 huc
295 3921 351 3967 et
396 3913 548 3968 laetis
578 3916 749 3970 lontes
778 3917 1018 3971 concessi
1048 3926 1209 3981 sunt,
1246 3926 1302 3972 ut
1330 3931 1539 3989 partum
1569 3922 1737 3991 magis

134 4005 457 4061 credibilem
478 4004 689 4072 faciant,
711 4015 857 4062 etne
882 4008 1000 4077 quis
1019 4010 1414 4078 supposilitium
1442 4027 1562 4067 esse
1588 4021 1737 4082 putet

136 4114 371 4168 puerum
409 4115 423 4151 :
458 4098 630 4153 lentes
670 4099 813 4153 enim
869 4100 1021 4155 laetis
1065 4102 1314 4157 oumibus
1376 4104 1740 4173 prmdieabant

135 4199 340 4261 praeter
382 4190 665 4245 humanam
696 4194 1149 4262 exspectationem
1182 4194 1282 4250 hoc
1318 4198 1578 4253 evenisse.
1609 4198 1735 4265 Quis

133 4286 466 4339 unnuntiabit
484 4328 499 4353 ,
540 4286 676 4354 quod
705 4286 859 4341 lactat
889 4304 1100 4357 puerum
1123 4289 1286 4344 Sarra
1308 4292 1335 4344 Ζ)
1358 4288 1493 4362 quod
1521 4309 1731 4365 pepere-

129 4383 241 4434 rim
262 4379 505 4447 ﬁliumin
534 4387 785 4433 senectute
811 4396 923 4433 mea
947 4379 973 4435 2
999 4380 1143 4450 quod
1171 4396 1270 4452 ego
1291 4398 1410 4453 quae
1430 4384 1605 4451 senui,
1639 4400 1730 4454 pa-

127 4486 267 4527 rere
291 4471 555 4540 potuerim
587 4511 601 4536 ,
642 4478 696 4527 et
723 4470 777 4526 in
803 4471 904 4527 hac
928 4481 1085 4527 astate
1111 4471 1276 4527 lilium
1316 4474 1460 4530 alere
1488 4476 1685 4546 possim
1709 4477 1733 4531 τ

128 4567 188 4621 8.
215 4564 283 4619 Et
329 4568 505 4631 creuit,
534 4565 724 4635 inquit,
770 4582 916 4636 puer,
965 4576 1014 4620 et
1056 4566 1337 4621 obluctatus
1381 4578 1473 4622 est.
1503 4568 1568 4622 Et
1613 4570 1732 4637 fecit

126 4659 399 4712 Abraham
443 4659 722 4712 convivium
759 4675 1000 4730 magnum
1033 4660 1116 4713 die
1143 4676 1241 4731 quo
1262 4659 1544 4716 obluctatus
1565 4672 1637 4719 est
1666 4664 1732 4733 ﬁ-

123 4751 161 4804 li
168 4766 236 4803 us
270 4766 412 4805 suus.

202 4844 260 4897 6.
299 4841 351 4894 Μ
358 4841 514 4895 oralis
531 4843 833 4896 exhortatio.
853 4840 999 4896 Nihil
1015 4858 1115 4897 non
1136 4842 1266 4896 cedit
1286 4843 1433 4897 nutui
1447 4845 1634 4899 divino.
1657 4876 1729 4887 —

120 4933 324 4991 Vidisti
357 4932 449 4987 Dci
478 4932 803 4988 ineffabilem
838 4934 1156 5004 sapientiam
1177 4975 1194 5002 ,
1220 4934 1489 5004 quomodo
1522 4937 1729 5005 patien-

118 5032 261 5086 tiam
274 5026 407 5098 justi
425 5026 597 5082 modis
614 5026 865 5082 omnibus
889 5027 1155 5098 probavit,
1178 5029 1391 5097 quando
1409 5029 1522 5098 ipse
1542 5037 1596 5085 et
1612 5046 1728 5085 Olll-

116 5138 226 5180 nes
245 5121 335 5193 qui
353 5119 529 5191 ipsum
542 5120 811 5186 videbant,
836 5120 1081 5177 humana:
1100 5131 1303 5177 naturae
1315 5123 1457 5178 vires
1476 5133 1725 5194 spectan-

116 5229 229 5279 tes,
258 5213 389 5268 nihil
415 5227 634 5282 sperare
663 5211 949 5279 audebant,
978 5222 1103 5273 tunc
1131 5214 1241 5283 ipsa
1270 5215 1553 5284 promissio
1578 5231 1725 5271 eom-

114 5308 273 5377 pleta
287 5305 408 5359 est?
428 5304 611 5375 Igitur,
635 5303 836 5369 dilecti,
865 5311 920 5359 et
947 5319 1044 5360 nos
1069 5305 1337 5372 eamdem,
1367 5322 1526 5377 quam
1549 5308 1726 5377 justus

115 5398 219 5453 ille
249 5396 560 5467 patientiam
588 5395 941 5453 exhibeamus
963 5439 978 5463 ,
1008 5406 1063 5451 et
1093 5413 1379 5468 numquam
1406 5399 1618 5456 desides
1644 5402 1722 5455 si-

112 5506 249 5547 mus
275 5508 290 5543 :
314 5489 408 5545 sed
431 5506 527 5561 spe
556 5489 697 5546 bona
725 5506 1050 5557 recreemur,
1080 5492 1312 5549 scientes
1342 5509 1514 5564 neque
1542 5510 1720 5550 rerum

115 5585 501 5642 difﬁcultatem
522 5627 537 5651 ,
569 5601 740 5656 neque
763 5586 903 5640 aliud
924 5585 1049 5658 quid
1079 5585 1365 5642 humanum
1387 5589 1718 5643 obstaculum

113 5676 284 5734 nobis
305 5691 427 5731 esse
453 5691 631 5746 posse,
656 5678 700 5732 si
727 5676 941 5748 quando
961 5677 1131 5747 gratia
1155 5677 1247 5733 Dei
1269 5692 1418 5733 suam
1443 5677 1720 5735 declarare

114 5770 359 5827 voluerit
386 5769 781 5825 liberalitatem.
799 5770 1019 5838 Quoties
1037 5770 1178 5825 en’m
1202 5770 1288 5827 ille
1310 5770 1516 5839 annuit,
1536 5770 1714 5827 omuis

1217 277 1281 333 IN
1320 275 1471 335 CAP.
1514 275 1657 334 ut.
1701 273 1947 332 cenes.
1980 244 2210 332 ιιωιιιζ
2254 276 2436 332 xm.

3336 282 3442 338 423

1862 392 2057 446 cedunt
2082 402 2135 448 et
2170 393 2565 465 obtemperant.
2616 404 2669 453 et
2710 396 2945 453 difﬁcilia
2987 396 3160 453 {acilia
3205 414 3348 467 sunt,
3388 413 3443 458 et

1860 483 2209 553 impossibilia
2238 488 2508 557 possibilia
2528 530 2541 555 ,
2572 489 2616 544 si
2643 488 2980 547 solummodo
3007 490 3211 545 lirmam
3245 491 3300 548 in
3328 493 3445 563 ipso

1860 574 2019 630 iidem
2037 590 2439 646 conservemus,
2454 587 2510 634 et
2528 580 2593 635 ad
2613 582 3032 651 magnitudinem
3052 583 3171 654 ejus
3190 587 3443 656 potentiae

1855 674 2163 735 spectantes
2186 667 2433 725 humanis
2467 670 2716 727 omnibus
2745 672 3050 742 superiores
3084 674 3272 729 simus.
3309 675 3442 731 Nam

1856 760 1945 828 qui
1976 758 2150 814 futura
2178 760 2313 816 bona
2336 771 2391 816 et
2420 762 2701 819 inell'abilia
2730 765 2817 820 illa
2837 766 3077 834 promisit
3109 767 3175 821 iis
3203 766 3295 836 qui
3319 781 3441 821 eum

1857 852 2052 906 virtute
2081 852 2243 907 vitam
2273 854 2358 909 hic
2387 858 2708 926 peregerint,
2736 868 2936 927 quanto
2964 862 3132 930 magis
3157 871 3211 915 et
3233 876 3295 916 ea
3323 863 3441 931 qni~

1858 943 1956 998 bus
1987 943 2073 997 hic
2093 959 2228 1014 opus
2256 956 2337 1000 est
2361 947 2620 1016 praebebit
2650 966 2661 1002 :
2695 959 2750 1004 et
2775 951 3005 1005 maxime
3034 953 3080 1006 si
3111 968 3207 1008 nos
3232 954 3317 1007 illa
3345 954 3441 1008 de-

1856 1035 2155 1093 siderantes
2200 1041 2487 1108 praesentia
2539 1041 2935 1111 despiciamus?
2976 1047 3125 1102 Tune
3167 1050 3313 1103 enim
3357 1050 3438 1104 eis

1855 1128 2086 1181 maxime
2111 1136 2165 1182 et
2192 1129 2420 1185 ubertim
2453 1130 2721 1194 fruemur,
2750 1137 2964 1205 quando
2993 1154 3055 1192 ea
3090 1149 3437 1197 corrtemuere

1855 1219 2209 1277 voluerimus.
2243 1222 2475 1279 Proinde
2511 1223 2625 1281 haec
2661 1227 2925 1295 scientes,
2957 1229 3044 1285 illa
3073 1231 3441 1289 desideremus

1856 1312 1994 1368 bona
2022 1329 2141 1384 qua:
2170 1325 2389 1371 manent
2426 1324 2483 1370 et
2522 1316 2813 1373 immobilia
2845 1329 2989 1385 sunt,
3036 1319 3093 1377 ἐι
3119 1314 3237 1392 αὐτη
3280 1324 3438 1379 linem

1859 1405 2147 1481 nesciunt;
2196 1417 2246 1461 ut
2294 1418 2347 1461 et
2396 1418 2714 1478 prmsentem
2762 1414 2925 1465 vitam
2980 1412 3112 1467 citra
3146 1415 3436 1471 tristitiam

1853 1496 2298 1565 transmittamus,
2342 1507 2397 1554 et
2431 1500 2517 1555 illa
2552 1498 2801 1571 assequi,
2850 1502 3061 1573 illisque
3103 1520 3291 1562 omnes
3336 1507 3435 1561 frui

1852 1591 2142 1657 valeamus.
2174 1592 2344 1663 gratia
2375 1602 2430 1649 et
2456 1595 2822 1650 misericordia
2857 1595 3066 1651 Domini
3110 1600 3278 1654 nostri
3314 1599 3442 1655 Jesu

1849 1678 2071 1749 Christi,
2101 1684 2186 1738 eui
2229 1699 2351 1738 eum
2394 1684 2551 1742 Patre
2595 1695 2651 1741 et
2675 1686 2877 1758 Spiritu
2920 1698 3108 1745 sancto
3132 1692 3201 1746 sit
3240 1692 3432 1762 gloria,

1851 1786 1994 1829 nunc
2019 1782 2073 1828 et
2099 1787 2332 1845 semper,
2359 1783 2414 1831 et
2439 1776 2489 1830 in
2517 1777 2713 1833 saecula
2739 1778 3077 1835 surculorum.
3112 1782 3306 1838 Amen.

2395 1889 2675 1963 HOMILIA
2715 1890 2900 1948 XLVI.

1853 1974 1919 2035 Et
1944 1982 2070 2037 dixit
2111 1982 2272 2061 Sarra
2303 2003 2317 2039 :
2352 1984 2477 2061 Quis
2503 1987 2836 2061 annuntiabit
2855 1988 3096 2052 Abrahce,
3126 1995 3259 2061 quod
3282 1993 3432 2048 lactat

1921 2070 2131 2129 puerum
2164 2055 2327 2129 serra
2346 2058 2372 2112 Ρ
2394 2057 2531 2128 quod
2562 2059 2734 2129 peperi
2760 2060 2927 2129 ﬁlium
2957 2061 3007 2115 in
3037 2055 3289 2118 senectute
3320 2082 3429 2118 mea

1920 2123 2074 2193 (Gen.
2103 2125 2192 2180 21.
2227 2126 2322 2195 7)?

1923 2239 1972 2294 1.
2003 2241 2116 2311 Age
2146 2250 2199 2295 et
2228 2240 2386 2296 hodie
2405 2283 2421 2309 ,
2449 2242 2650 2307 dilecti,
2686 2243 2799 2299 heri
2838 2244 3098 2301 dictorum
3130 2248 3324 2303 seriem
3354 2264 3437 2306 rer

1853 2340 2116 2402 petentes,
2146 2334 2447 2389 convivium
2473 2334 2575 2391 hoc
2604 2336 2755 2392 vobis
2775 2339 3049 2409 spirituale
3073 2341 3397 2399 instruamus
3424 2364 3434 2397 :

1851 2434 1908 2479 ut
1938 2425 2152 2492 iterum,
2202 2427 2340 2482 sicut
2373 2427 2508 2497 heri,
2552 2428 2823 2486 diseamus
2863 2441 2914 2486 et
2945 2432 3073 2489 boni
3113 2434 3207 2492 Dei
3249 2436 3437 2492 inclia-

1849 2514 2013 2572 bilem
2036 2517 2441 2589 benignitatem,
2463 2537 2564 2592 qua
2584 2532 2766 2577 nostra
2788 2532 2958 2591 curat,
2989 2526 3143 2582 nobis
3161 2543 3220 2583 se
3242 2537 3433 2584 attem-

1852 2622 2073 2678 perans,
2123 2618 2177 2665 et
2223 2626 2467 2683 magnam
2510 2614 2823 2681 patriarcha:
2864 2616 3222 2675 obedientiam
3273 2632 3431 2691 atque

1848 2707 2057 2769 gratum
2101 2701 2358 2757 animum.
2421 2703 2641 2760 Vidistis
2686 2707 2955 2776 quomodo
2999 2710 3245 2766 nativitas
3292 2714 3433 2769 Isaae

1850 2788 2066 2845 Sari-am
2105 2790 2457 2849 exhilaravit?
2489 2793 2633 2849 Dixit
2667 2797 2819 2865 enim,
2866 2797 3066 2870 inquit,
3098 2800 3277 2856 Risum
3320 2805 3434 2874 fecit

1849 2883 1975 2935 mihi
1998 2882 2135 2939 Deus
2155 2899 2175 2938 :
2193 2901 2309 2938 nam
2332 2886 2417 2955 qui
2437 2887 2674 2947 audierit.
2699 2890 2936 2961 gaudebit
2968 2908 3179 2946 mecum.
3210 2894 3427 2963 Omnes,

1846 2972 1994 3041 dicit,
2041 2976 2313 3032 auditores
2365 2979 2650 3050 participes
2690 2982 2867 3052 gaudii
2918 2985 3021 3039 mei
3071 2984 3279 3042 faciam.
3321 2988 3433 3043 Μεί-

1845 3083 2007 3139 gnum
2027 3069 2167 3124 enim
2185 3069 2383 3126 donum
2412 3072 2540 3127 mihi
2564 3089 2596 3129 a
2625 3073 2734 3132 Deo
2753 3092 3063 3134 concessum
3089 3090 3193 3149 est,
3217 3086 3439 3155 etquod

1848 3163 2137 3217 humanam
2177 3166 2507 3221 transcendit
2552 3166 2936 3226 inﬁrmitatem.
2984 3172 3114 3241 Quis
3155 3174 3321 3242 enim,
3352 3177 3423 3232 in-

1846 3256 1983 3328 quit,
2017 3272 2123 3312 non
2149 3257 2517 3330 Obstupescat,
2548 3261 2735 3317 videns
2763 3280 2848 3318 me
2874 3264 3015 3321 laete
3046 3282 3166 3323 meo
3194 3270 3433 3326 nutrien-

1847 3359 1954 3406 tem
1982 3366 2209 3421 puerum
2241 3352 2292 3407 in
2318 3362 2555 3409 extrema
2579 3365 2873 3420 senectute,
2896 3373 3016 3427 qua:
3034 3357 3308 3433 hucusque
3329 3376 3433 3419 non

1846 3444 2069 3514 peperi?
2099 3445 2165 3500 Et
2189 3446 2341 3516 quasi
2369 3447 2641 3503 admirans
2680 3458 2735 3505 et
2763 3451 2985 3506 attonita
3016 3452 3083 3508 de
3113 3450 3273 3522 facto,
3300 3456 3431 3512 sub-

1845 3534 1979 3590 didit
2008 3553 2022 3590 :
2055 3537 2181 3602 Quis
2214 3539 2537 3595 annuntiabit
2576 3540 2828 3610 Abraltw,
2859 3546 2994 3615 quod
3034 3546 3189 3600 lactat
3221 3565 3429 3618 puerum

1846 3628 2047 3684 Sarra?
2067 3631 2206 3697 quod
2236 3634 2410 3703 peperi
2436 3633 2600 3702 ﬁlium
2628 3635 2681 3688 in
2709 3648 2960 3692 senectute
2980 3656 3091 3693 mea
3111 3640 3137 3694 .9
3162 3640 3425 3709 Quoniam

1844 3732 2008 3790 super
2027 3730 2273 3776 naturam
2293 3731 2375 3778 est
2399 3724 2498 3778 hoc
2527 3724 2747 3793 factum,
2779 3737 3056 3797 propterea
3083 3732 3273 3801 inquit,
3303 3733 3430 3801 Quis

1842 3811 2205 3867 annuntiabit?
2246 3828 2309 3869 ac
2355 3815 2401 3870 si
2447 3814 2669 3884 diceret,
2724 3817 2855 3886 Quis
2902 3835 3082 3875 secum
3130 3826 3429 3893 reputabit!

1841 3902 1962 3972 quis
1992 3912 2171 3960 mente
2198 3905 2504 3977 concipiet?
2528 3924 2647 3979 quae
2674 3925 2827 3965 mens
2847 3913 3304 3981 comprehendere
3330 3934 3421 3989 po.

1843 3997 2006 4052 terit?
2031 4014 2148 4068 quae
2181 4000 2315 4054 ratio
2342 3999 2538 4057 sul‘lieit
2570 4013 2625 4057 ut
2653 4014 2899 4061 accurate
2941 4007 3063 4061 lacti
3107 4007 3267 4079 hujus
3310 4028 3426 4065 tnu-

1842 4090 1968 4146 dum
1998 4092 2270 4148 inveniat?
2297 4093 2412 4149 Non
2441 4094 2519 4149 sic
2555 4095 2868 4153 admirabile
2916 4099 3009 4153 luit
3030 4143 3045 4167 ,
3073 4116 3135 4155 ex
3185 4111 3329 4172 petra
3375 4106 3431 4160 in

1841 4182 2058 4239 deserto
2104 4186 2415 4242 scaturiisse
2460 4186 2633 4243 fontes
2679 4203 2971 4259 aquarum,
3019 4194 3232 4262 quando
3281 4194 3422 4251 illam

1840 4274 2017 4330 Moses
2038 4276 2183 4347 virga
2208 4278 2469 4347 percussit
2491 4277 2688 4349 (Exod.
2720 4280 2809 4354 l7)
2838 4299 2851 4336 :
2880 4282 3016 4337 sicut
3043 4284 3110 4339 de
3134 4286 3287 4340 vulva
3314 4288 3425 4358 jam

1836 4379 2077 4424 emortua
2126 4387 2347 4440 puerum
2401 4373 2547 4427 nasci
2599 4372 2785 4446 (Nunt.
2818 4373 2943 4447 ‘20),
2974 4379 3205 4433 etlactis
3250 4380 3424 4438 futues

1837 4462 2117 4519 scaturire.
2145 4461 2277 4517 Nam
2308 4474 2364 4519 ut
2392 4466 2641 4521 omnilms
2682 4478 2867 4537 partus
2913 4470 3225 4527 manifestus
3259 4486 3423 4542 esset,

1835 4563 1888 4608 et
1916 4568 2123 4615 omnes,
2160 4565 2265 4610 tam
2297 4571 2392 4611 eos
2420 4557 2506 4626 qui
2543 4565 2671 4613 tunc
2700 4558 2943 4628 aderant,
2975 4576 3133 4632 quam
3160 4566 3249 4636 qui
3280 4576 3414 4636 post.

1835 4661 1896 4701 ea
1940 4647 2227 4714 audierint,
2260 4648 2327 4704 ad
2380 4648 2537 4706 (idem
2583 4652 2825 4708 miraculi
2871 4654 3169 4725 induceret,
3222 4659 3424 4715 ideirco

1836 4739 1951 4809 ipsa
1977 4756 2199 4809 puerum
2226 4742 2319 4797 alit
2345 4752 2400 4797 et
2424 4743 2561 4800 lacte
2587 4759 2686 4800 suo
2712 4746 2823 4801 vult
2848 4749 3107 4806 enutrirc.
3141 4752 3206 4806 Et
3230 4752 3427 4823 inquit,

1837 4832 1965 4900 Quis
1990 4835 2310 4890 annuntiabit
2350 4836 2568 4893 Abrahte
2585 4881 2600 4905 ,
2627 4840 2764 4909 quod
2793 4841 2941 4895 Iactet
2982 4860 3192 4914 puerum
3219 4845 3429 4901 Sarra?

1833 4925 1936 4981 hoc
1973 4939 2170 4983 novum
2196 4938 2248 4984 et
2279 4929 2618 4989 admirabile.
2652 4943 2706 4988 et
2749 4944 2940 5005 praeter
2965 4938 3417 5006 exspectationem

1835 5018 1962 5072 mihi
1988 5035 2333 5086 concessum,
2378 5023 2566 5092 inquit,
2599 5022 2749 5090 Quod
2781 5026 2954 5095 peperi
2995 5026 3240 5096 ﬁliumin
3270 5045 3418 5083 sene-

1830 5122 1965 5166 ctute
1984 5130 2113 5167 mea.
2143 5113 2277 5181 Quid
2302 5114 2402 5169 hoc
2423 5124 2522 5180 est,
2545 5114 2730 5187 Peperi
2747 5117 2909 5185 ﬁlium
2930 5118 2983 5171 in
3004 5130 3251 5174 senectute
3266 5137 3377 5175 mea
3396 5123 3423 5179 2

1831 5207 1963 5275 Quia
1995 5220 2189 5277 prmter
2215 5209 2544 5263 sterilitatem
2577 5208 2872 5264 sufﬁciebat
2904 5218 3134 5267 senectae
3170 5220 3381 5284 tempus
3404 5256 3423 5283 ,

1833 5307 1889 5352 ut
1917 5308 2098 5367 partus
2142 5314 2262 5371 spes
2293 5298 2586 5355 tolleretur.
2620 5300 2995 5359 Verumtamen
3035 5303 3417 5375 impedimenta

1832 5391 1944 5446 lucc
1969 5392 2147 5447 omnia
2178 5407 2208 5448 e
2234 5391 2409 5448 medio
2452 5394 2666 5449 sustulit
2713 5396 2965 5452 Dominus
2986 5439 3001 5466 ,
3029 5407 3084 5455 et
3120 5400 3267 5469 pueri
3292 5417 3415 5472 par-

1835 5497 1944 5539 tum
1973 5493 2028 5540 et
2052 5485 2202 5540 lactis
2231 5484 2406 5541 fontes
2437 5487 2564 5541 mihi
2596 5489 2881 5542 concessit.
2916 5489 3112 5545 Verum
3144 5491 3418 5549 videamus

1829 5581 2128 5650 sequentia.
2162 5581 2444 5651 Postquam
2494 5583 2769 5651 impletum
2801 5595 2882 5638 est
2918 5584 3144 5641 lactentb'
3178 5597 3411 5656 tempus,

1842 5672 1996 5738 Vidit,
2019 5675 2207 5745 inquit,
2239 5676 2399 5730 Sarra
2427 5676 2589 5746 ﬁlium
2631 5677 2771 5750 Agar
2808 5672 3110 5753 (Egyptiaz,
3146 5682 3231 5749 qui
3258 5691 3408 5734 natus

1825 5780 1896 5825 est
1923 5770 2155 5835 Abrahaz,
2182 5769 2431 5825 ludentem
2454 5787 2567 5825 cum
2589 5769 2738 5826 Isaac
2762 5788 2915 5841 puero
2935 5789 3052 5828 suo.
3082 5772 3167 5828 10.
3195 5770 3258 5827 Et
3278 5772 3406 5825 dixit
