3730 6252
366 228 471 286 4ξό

366 344 583 398 Alunt/ns
608 360 627 398 :
662 342 803 413 [ἔβα
845 343 1085 398 ancillam
1120 344 1250 397 hanc
1286 354 1331 397 et
1364 344 1531 412 [ilium
1561 344 1689 412 ejus.
1743 341 1949 413 Nequa-

364 455 514 507 quam
535 438 668 492 enim
697 438 839 491 heres
854 437 947 492 erit
973 436 1112 505 ﬁlius
1136 436 1341 490 ancilla:
1365 452 1479 489 cum
1507 436 1615 504 [ilio
1637 451 1749 489 mea
1778 434 1947 489 Isaac.

366 534 455 589 ιι.
484 531 676 585 Durum
701 538 868 584 autem
890 529 1130 599 apparuit
1152 526 1474 584 verbumhoc
1498 544 1670 581 coram
1698 526 1954 582 Abraham

369 642 524 696 super
563 610 672 692 ﬁlio
702 639 814 679 suo.
848 620 998 687 Vide,
1042 620 1290 687 obsecro,
1345 620 1458 684 hic,
1493 620 1705 681 dilecte,
1736 623 1952 673 Sarram

365 720 554 772 iterum
589 732 691 771 non
725 716 985 770 ferentem
1008 714 1245 769 lsmaelis
1277 714 1492 767 nimiam
1526 713 1817 775 licentiam,
1852 730 1950 766 ne-

363 824 467 879 que
498 807 760 877 patienter
786 806 1053 860 sustinere
1096 806 1364 860 volentem
1403 806 1612 858 ancillae
1639 806 1803 857 lilium
1830 819 1951 859 cum

363 916 463 955 suo
498 900 646 956 isaac
671 908 1101 954 conversantem.
1132 898 1281 953 Sicut
1309 899 1467 969 igitur
1494 899 1640 968 prius
1667 899 1950 967 superbum

364 992 609 1061 spiritum
648 992 789 1061 Agar
819 990 1102 1046 hmniliare
1131 990 1341 1055 volens,
1376 991 1678 1045 vehementi
1715 990 1955 1060 indigna-

363 1084 508 1139 tione
538 1084 714 1153 l'ugam
755 1083 890 1137 inire
913 1098 1031 1137 eam
1058 1081 1236 1152 coegit
1261 1100 1273 1135 :
1303 1082 1373 1135 ita
1418 1092 1472 1136 et
1499 1097 1641 1137 nunc
1678 1082 1860 1136 volens
1885 1080 1953 1136 ab

366 1174 517 1230 initio
548 1175 842 1245 reprimere
870 1174 1108 1229 lsmaelis
1137 1175 1517 1240 temeritatem,
1540 1184 1595 1228 et
1619 1190 1724 1230 non
1749 1173 1950 1239 ferens,

364 1281 486 1321 eum
515 1265 721 1321 videret
749 1281 972 1336 puerum
1004 1280 1159 1321 suum
1189 1280 1220 1319 a
1256 1265 1366 1319 Deo
1395 1264 1498 1318 sibi
1532 1264 1787 1319 donatum
1830 1279 1952 1320 cum

362 1357 568 1412 ancill:e
590 1356 922 1428 IEgyptiaca:
942 1356 1052 1411 ﬁlio
1077 1355 1236 1409 simul
1268 1357 1492 1418 versari,
1521 1355 1649 1409 dicit
1678 1356 1905 1411 Abrahze
1936 1374 1949 1409 :

365 1448 512 1518 Ejice
536 1447 792 1501 ancillam
824 1457 868 1502 et
895 1448 1059 1517 ﬁlium
1083 1447 1209 1515 eius.
1240 1445 1361 1501 Non
1384 1446 1515 1501 enim
1537 1448 1629 1501 erit
1650 1446 1792 1501 heres
1817 1447 1954 1516 filius

300 1548 303 1552 ‘
366 1543 569 1595 ancilla:
593 1540 745 1610 hujus
772 1557 886 1594 cum
912 1541 1021 1611 ﬁlio
1044 1556 1175 1595 meo.
1199 1540 1461 1609 Quoniam
1482 1551 1538 1595 et
1562 1556 1622 1596 se
1643 1542 1694 1595 in
1716 1551 1953 1596 extrema

366 1644 465 1688 :eta
475 1644 525 1690 te
544 1650 664 1688 esse
687 1632 921 1700 videbat,
944 1641 997 1688 et
1020 1633 1374 1703 patriarcham
1395 1647 1604 1704 quoque
1623 1632 1952 1703 decrepitum

367 1729 547 1789 (erant
568 1725 709 1780 enim
737 1726 928 1790 ambo,
964 1726 1151 1796 inquit,
1187 1726 1329 1796 pleni
1358 1726 1623 1796 dierum),
1654 1728 1954 1797 suSpicans,

368 1819 413 1873 si
445 1817 580 1873 forte
606 1828 828 1889 repente
853 1828 1211 1886 morerentur,
1256 1834 1322 1874 ne
1348 1819 1573 1885 Ismael,
1605 1834 1670 1875 eo
1708 1819 1849 1889 quod
1888 1835 1951 1874 ex

372 1910 684 1980 patriarcha:
714 1911 997 1966 concubitu
1028 1925 1183 1965 natus
1212 1922 1386 1977 esset,
1420 1926 1480 1967 se
1509 1912 1560 1965 in
1602 1912 1769 1983 patris
1797 1912 1954 1967 here-

364 2003 584 2058 ditatem
613 2003 923 2067 intrudere,
952 2003 1370 2073 participemque
1398 2013 1452 2059 et
1476 2005 1733 2074 a'qnalcm
1773 2004 1953 2059 Isaaco

369 2096 484 2149 lieri
530 2103 761 2150 tentaret
802 2113 816 2149 :
861 2094 1058 2149 idcirco
1097 2095 1242 2159 dicit,
1286 2094 1435 2166 Ejice
1472 2098 1713 2151 ancillam
1756 2098 1873 2151 hinc
1908 2107 1955 2152 et

367 2188 531 2255 [ilium
568 2188 697 2257 ejus.
745 2185 941 2255 Discat,
980 2186 1180 2257 inquit,
1216 2186 1326 2255 jam
1370 2188 1501 2242 nihil
1535 2204 1817 2245 commune
1857 2190 1952 2244 ha-

368 2280 598 2333 biturum
638 2278 807 2335 tilium
839 2278 1045 2333 ancilla:
1078 2294 1199 2334 cum
1251 2280 1359 2334 lilio
1399 2296 1520 2336 meo
1560 2281 1723 2336 Isaac.
1772 2283 1956 2352 Neque

367 2368 509 2422 cnim
546 2384 754 2439 a-quum
794 2378 877 2424 est
915 2381 970 2421 ut
1013 2370 1149 2423 illius
1189 2368 1455 2441 [Egyptiie
1493 2382 1547 2426 et
1582 2373 1791 2427 ancilla:
1834 2389 1954 2428 cum

370 2463 480 2515 tilio
509 2478 629 2517 meo
664 2471 716 2517 et
744 2462 977 2517 domina:
1013 2463 1170 2517 simul
1207 2475 1466 2520 versetur.
1498 2465 1761 2521 Cancrum
1797 2468 1953 2523 Sarra

370 2570 473 2607 non
532 2554 650 2608 sine
695 2569 854 2608 causa
900 2569 1013 2609 rem
1063 2554 1200 2608 hae;
1228 2555 1368 2625 egit,
1413 2556 1507 2611 sed
1554 2557 1676 2626 jure
1729 2574 1791 2612 ac
1840 2576 1955 2613 me-

368 2648 489 2712 rito,
533 2658 690 2717 atque
736 2647 808 2701 ita
845 2657 1230 2717 congruenter,
1273 2658 1331 2702 nt
1368 2658 1423 2703 et
1458 2650 1598 2704 Deus
1642 2651 1957 2706 collaudarit

364 2740 480 2809 ejus
532 2738 692 2792 dicta.
744 2736 1049 2792 Patriarcha
1095 2754 1224 2793 vero
1267 2739 1404 2795 bene
1447 2741 1670 2796 allectus
1712 2759 1838 2814 erga
1874 2717 1953 2799 ἰξ-

372 2833 619 2897 maelem,
653 2832 879 2887 moleste
902 2833 1199 2902 accipiebat
1230 2850 1349 2903 qua:
1377 2849 1405 2889 a
1432 2835 1591 2891 Sarra
1620 2836 1952 2892 dicebautur.

368 2924 569 2979 Durant
624 2924 799 2991 enim,
848 2925 1049 2995 inquit,
1103 2928 1344 2998 apparuit
1395 2929 1597 2983 verbum
1641 2932 1737 2985 hoc
1786 2949 1957 2986 coram

368 3016 624 3070 Abraham
669 3015 732 3070 de
761 3014 870 3086 ﬁlio
904 3034 1016 3070 suo.
1049 3017 1232 3089 Neque
1260 3020 1399 3073 enim
1446 3021 1513 3075 de
1542 3023 1685 3091 Agar
1725 3024 1952 3078 multum

364 3108 627 3163 sollicitus
652 3116 787 3169 erat.
827 3106 921 3162 sed
961 3124 1085 3180 erga
1128 3124 1347 3179 pucrmu
1380 3112 1452 3167 ita
1481 3114 1834 3182 afﬁciebatur,
1866 3126 1953 3170 nt-

367 3210 495 3265 pote
519 3198 627 3270 jam
654 3199 1072 3256 adolescentem.
1104 3202 1208 3258 Sed
1237 3206 1515 3261 considera
1538 3247 1552 3272 ,
1580 3209 1831 3275 obsecro,
1869 3211 1953 3269 hic

367 3292 650 3347 clementis
681 3292 773 3347 Dei
804 3293 993 3347 tniram
1022 3296 1381 3351 clementiam.
1424 3298 1556 3354 Nam
1588 3302 1709 3371 quia
1738 3303 1869 3358 vidit
1895 3314 1951 3360 et

370 3389 584 3441 Sarram
625 3388 731 3456 pati
762 3388 965 3459 aliquid
998 3388 1319 3456 humanum,
1356 3403 1410 3447 et
1434 3408 1577 3463 aegre
1604 3394 1744 3450 ferre
1770 3411 1951 3466 parem

369 3480 600 3536 {diorum
646 3481 949 3539 honorem:
992 3483 1150 3552 idque
1185 3485 1378 3539 merito
1409 3502 1423 3539 :
1469 3486 1737 3542 Abraham
1776 3498 1952 3547 autem

369 3587 475 3629 non
499 3570 638 3629 ferre
666 3589 822 3643 aequo
848 3574 1028 3629 animo
1058 3575 1370 3646 ejectionem
1403 3577 1639 3635 lsmaelis
1664 3593 1717 3637 et
1744 3584 1955 3640 ancilla:

371 3668 515 3737 (uani
561 3666 682 3723 licet
731 3684 840 3722 non
883 3668 1247 3725 obluctaretur
1289 3669 1464 3727 Sarra:
1507 3674 1577 3729 ob
1627 3675 1952 3746 singularem

369 3758 831 3814 mansuetudinem
853 3801 869 3825 ,
907 3769 1141 3815 attamen
1183 3761 1375 3818 durum
1401 3764 1451 3820 ei
1500 3766 1778 3824 videbatur
1806 3788 1819 3824 :
1850 3770 1956 3827 hoc

366 3859 449 3903 est
466 3838 650 3919 grave,
677 3850 959 3905 molestum
982 3862 1037 3906 et
1059 3853 1394 3926 onerosum),
1418 3866 1544 3913 tunc
1564 3858 1781 3915 demum
1798 3877 1952 3917 suam

365 3941 574 3995 solitam
600 3957 821 3997 servans
848 3943 1266 3999 misericordiam
1287 3988 1302 4011 ,
1334 3957 1388 4002 et
1411 3950 1711 4004 concordiae
1739 3952 1953 4009 illorum

366 4033 610 4103 copulam
633 4034 1022 4103 constringens,
1043 4034 1171 4090 dicit
1192 4037 1256 4091 ad
1288 4037 1558 4095 Abraham
1583 4059 1595 4094 :
1625 4041 1712 4096 η.
1746 4043 1828 4098 Νε
1851 4046 1953 4100 du-

366 4141 478 4176 rum
502 4126 565 4179 sit
592 4142 762 4179 coram
785 4134 831 4178 te
854 4126 1054 4180 verbum
1079 4127 1171 4180 hoc
1199 4130 1261 4182 de
1287 4147 1442 4197 puero
1466 4141 1514 4187 et
1533 4135 1743 4191 ancilla.
1768 4137 1953 4193 Omnia

368 4232 690 4285 qmecumque
710 4215 891 4269 dixerit
923 4217 1011 4270 tibi
1036 4218 1196 4273 Sarra
1216 4261 1231 4286 ,
1263 4221 1385 4275 audi
1409 4238 1576 4278 vocem
1603 4228 1731 4296 ejus.
1758 4229 1835 4284 Ne
1863 4245 1951 4286 ac-

368 4307 553 4376 cipias,
576 4306 765 4376 inquit,
783 4308 1017 4377 graviter
1037 4310 1177 4380 quod
1203 4312 1271 4366 ab
1287 4328 1356 4373 ea
1378 4314 1575 4371 dictum
1599 4318 1689 4373 tibi
1706 4329 1827 4376 est:
1853 4324 1949 4379 sed

372 4396 559 4452 Omnia
583 4414 909 4469 quaecumque
933 4400 1114 4455 dixerit
1149 4404 1235 4458 tibi
1264 4405 1446 4475 Sarra,
1470 4410 1595 4464 audi
1622 4428 1790 4467 vocem
1815 4418 1947 4487 ejus.

437 4489 493 4543 2.
522 4489 661 4560 Agar
675 4489 875 4560 ejicitur
887 4508 906 4557 ,°
924 4492 1205 4547 obedientia
1224 4496 1473 4564 Abrahae;
1499 4502 1809 4571 providentia
1828 4506 1945 4562 Dei.

368 4610 440 4620 —
457 4578 583 4634 lianc
607 4579 808 4648 omnia,
836 4581 1026 4653 inquit,
1049 4599 1166 4655 qua:
1193 4602 1333 4642 nunc
1360 4590 1451 4644 tibi
1481 4592 1609 4647 dicit
1630 4594 1697 4651 de
1727 4597 1950 4655 lsmaele

370 4679 426 4727 et
452 4672 518 4725 de
549 4671 722 4741 Agar,
751 4673 935 4745 accipe
964 4691 977 4727 :
1009 4685 1062 4729 et
1099 4677 1219 4732 audi
1271 4695 1456 4736 vocem
1499 4684 1634 4752 ejus.
1685 4687 1763 4744 Ne
1792 4691 1944 4759 velis,

364 4763 556 4834 inquit,
585 4764 903 4819 contristare
946 4781 1062 4820 eam
1085 4809 1099 4829 ,
1131 4785 1248 4838 quae
1288 4781 1434 4828 tanto
1476 4784 1715 4846 tempore
1744 4791 1945 4837 tantum

364 4869 604 4910 amorem
640 4870 764 4926 erga
796 4862 849 4912 te
878 4855 1166 4913 declaravit
1198 4879 1211 4914 :
1239 4877 1358 4931 qua:
1400 4882 1502 4919 non
1531 4866 1704 4923 solam
1740 4874 1942 4940 semel,

363 4947 457 5003 sed
486 4957 539 5002 et
570 4948 828 5017 secundo,
862 4958 919 5004 ut
955 4959 1004 5004 te
1029 4966 1061 5006 a
1100 4962 1274 5009 morte
1303 4957 1557 5028 eriperet,
1589 4963 1817 5033 seipsam
1849 4980 1945 5033 pro

363 5048 448 5092 tua
476 5039 644 5095 salute
665 5042 947 5110 exposuit,
992 5053 1045 5097 et
1068 5054 1255 5101 auctor
1282 5055 1385 5102 tum
1429 5049 1585 5120 hujus
1614 5055 1796 5125 glorise
1824 5057 1943 5112 luit.

362 5129 597 5184 Primum
620 5132 835 5201 quidem
858 5132 983 5189 fecit
1009 5145 1064 5189 ut
1083 5151 1204 5191 cum
1233 5141 1393 5195 tantis
1414 5140 1608 5199 divitiis
1627 5146 1696 5202 ab
1713 5146 1944 5219 Egypto

358 5221 587 5287 redires,
620 5233 801 5291 postea
832 5241 957 5281 vero
987 5225 1178 5282 iterum
1207 5230 1257 5284 in
1281 5247 1440 5288 causa
1465 5235 1560 5291 fuit
1589 5247 1645 5293 ut
1671 5239 1743 5295 ita
1773 5249 1823 5296 te
1853 5257 1944 5296 ve-

362 5323 643 5366 neraretur
694 5324 749 5367 et
793 5315 1104 5374 observaret
1151 5321 1479 5380 Ahimelech.
1537 5327 1615 5384 Ne
1656 5331 1811 5400 igitur
1861 5333 1943 5389 di-

359 5415 511 5455 versa
555 5402 622 5456 ab
667 5403 751 5459 his
792 5421 912 5475 qua:
955 5409 1167 5479 loquuta
1198 5424 1281 5469 est
1328 5418 1460 5473 velis
1505 5420 1640 5477 inire
1678 5427 1939 5483 consilia:

357 5494 634 5549 enimvero
664 5514 767 5551 non
794 5500 948 5555 aliter
968 5507 1195 5561 eveniet.
1225 5507 1278 5562 In
1305 5508 1449 5566 Isaac
1468 5516 1610 5570 enim
1633 5532 1697 5572 ex
1723 5533 1785 5574 ea
1814 5531 1940 5576 nato

358 5592 709 5684 tutari-semen
742 5592 1035 5684 vocabitur,
1064 5608 1115 5650 et
1140 5599 1250 5666 ipse
1272 5603 1372 5656 erit
1397 5613 1518 5661 tuus
1540 5607 1697 5665 heres
1724 5611 1793 5684 (v.
1823 5615 1939 5684 l2)-

358 5671 445 5728 ιδ.
479 5672 669 5727 Filium
708 5688 872 5732 autem
915 5682 1057 5737 illum
1082 5689 1280 5744 ancilla
1315 5708 1533 5751 crescere
1559 5671 1767 5771 faciam,
1796 5717 1843 5761 et
1883 5671 1933 5762 in

1137 222 1193 281 S.
1235 222 1513 280 JOANNIS
1538 218 1945 279 CHRYSOSTOJ

2111 219 2366 279 RCIIIEP.
2407 224 2944 288 CONSTANTINOP.

3548 241 3640 298 £94

2064 355 2259 413 gentem
2284 363 2521 420 magnam
2548 350 2736 420 faciam
2757 395 2771 418 ,
2798 355 3038 424 quoniam
3064 372 3231 412 senten
3259 368 3402 413 tuum
3424 369 3515 414 est.
3548 361 3639 419 Fac

2064 435 2219 507 igitur
2238 455 2354 509 quae
2386 441 2472 496 illa
2505 443 2595 497 tibi
2619 444 2835 513 dixerit,
2862 456 2916 502 et
2950 448 3105 502 obedi
3133 452 3250 505 voci
3278 452 3413 519 ejus.
3469 451 3641 521 Cogita

2066 528 2169 593 hic,
2200 528 2445 597 Obsecro,
2478 548 2673 602 quanta
2702 537 2880 593 subito
2908 541 3194 595 concordia
3222 551 3275 598 et
3306 559 3407 611 pax
3435 544 3488 597 in
3519 561 3635 596 cou-

2066 624 2363 679 tuberuium
2406 643 2592 684 eorum
2634 632 2982 699 concesserit,
3026 634 3263 689 bonitate
3311 636 3490 689 divina
3536 638 3645 689 vin-

2062 719 2240 772 cuhnn
2284 736 2469 777 eorum
2513 725 2930 796 constringente.
2964 728 3051 783 14.
3100 728 3338 784 Surrexit
3384 731 3544 791 enim,
3580 734 3642 782 in-

2064 812 2195 879 quit,
2213 829 2378 878 mane,
2393 824 2439 867 et
2460 817 2648 885 accepit
2662 833 2837 886 panes,
2855 827 2900 871 et
2914 829 3073 872 utrem
3092 836 3260 889 aqum,
3275 834 3319 873 et
3339 821 3481 873 dedit
3497 824 3643 891 Agar,

2063 914 2110 957 ct
2149 904 2388 971 imposuit
2423 922 2576 975 super
2601 908 2865 962 humerum
2893 910 3002 979 ejus
3032 921 3080 964 et
3123 928 3365 980 puerum,
3393 923 3441 965 et
3469 914 3645 965 dimisit

2063 1014 2193 1050 eam.
2218 998 2349 1054 Vide
2371 999 2455 1055 hic
2477 1000 2665 1055 iterum
2686 1001 2816 1071 justi
2844 1004 3091 1058 eximiam
3123 1006 3465 1073 probitatem.
3485 1016 3543 1059 et
3559 1022 3645 1072 qua

2064 1089 2270 1143 ratione
2320 1091 2373 1144 in
2421 1092 2671 1147 omnibus
2724 1094 3027 1164 religiosam
3077 1111 3230 1151 suam
3279 1107 3518 1149 mentem
3568 1096 3648 1150 de-

2063 1182 2251 1234 claret.
2290 1181 2420 1235 Nam
2452 1182 2665 1251 quando
2691 1184 2890 1240 audivit
2920 1185 3133 1241 Sarram
3170 1187 3443 1242 dicentem
3466 1228 3482 1251 ,
3520 1188 3648 1258 Ejus

2064 1274 2305 1329 ancillam
2327 1284 2372 1330 et
2404 1276 2565 1345 ﬁlium
2596 1278 2707 1348 ejus
2730 1294 2749 1332 :
2775 1278 2968 1333 durum
2998 1280 3045 1335 ei
3076 1280 3359 1335 videbatur
3377 1322 3397 1346 ,
3426 1295 3495 1334 co
3521 1283 3646 1348 quod

2065 1366 2197 1420 bene
2220 1366 2549 1423 afficiebatur
2570 1384 2696 1440 erga
2725 1369 3000 1424 Ismaelem
3028 1389 3040 1425 :
3066 1386 3252 1427 verum
3283 1372 3373 1426 ubi
3405 1371 3650 1425 Dominus

2064 1459 2337 1527 pra-cepit,
2381 1460 2579 1533 statim:
2598 1460 2724 1516 fecit
2751 1460 2891 1531 quod
2944 1462 3259 1531 imperatum
3303 1472 3455 1526 erat,
3500 1464 3646 1516 etiam

2065 1551 2319 1604 naturalis
2340 1551 2538 1605 amoris
2566 1551 2784 1621 oblitus,
2807 1556 2957 1624 quasi
2978 1553 3216 1610 diceret:
3243 1555 3340 1611 Ubi
3370 1555 3501 1625 quid
3530 1572 3647 1624 pra:-

2064 1642 2191 1710 cipit
2224 1643 2499 1711 Dominus,
2525 1643 2790 1700 lacessant
2810 1661 2998 1703 omnes
3024 1646 3335 1702 affectiones
3363 1665 3377 1700 ε
3414 1650 3538 1717 quia
3568 1666 3648 1701 na-

2065 1742 2195 1787 tura:
2228 1734 2484 1790 Dominus
2505 1746 2607 1801 est,
2637 1735 2726 1807 qui
2760 1738 3019 1808 prmcipit.
3054 1738 3120 1793 Ut
3142 1741 3334 1810 accepit
3365 1740 3547 1811 igitur.
3580 1742 3647 1792 in-

2065 1827 2200 1897 quit,
2248 1829 2437 1883 ancilla
2478 1846 2656 1899 panes,
2687 1839 2747 1884 et.
2772 1842 2937 1885 utrem
2974 1848 3150 1901 aqum,
3178 1848 3381 1903 egressa
3424 1844 3501 1886 est
3541 1850 3641 1885 cum

2069 1920 2476 1990 puero.Verum,
2500 1923 2745 1990 obsecro,
2769 1924 2891 1981 vide
2912 1925 3124 1986 iterum.
3149 1927 3425 1995 quomodo
3449 1938 3648 1996 propter

2065 2014 2511 2085 benevolentiam,
2543 2032 2645 2088 qua
2678 2019 3095 2089 prosequebatur
3117 2019 3322 2089 justum
3352 2020 3521 2084 Deus,
3550 2022 3650 2076 tuac

2063 2124 2275 2179 quoque
2306 2125 2537 2180 superna
2563 2126 2692 2167 cura
2724 2112 2883 2183 digna
2923 2113 3203 2168 habeatur.
3234 2113 3303 2170 Ut
3339 2129 3476 2185 ergo
3512 2114 3645 2179 abiit,

2064 2200 2357 2269 vagabatur
2398 2218 2492 2271 per
2519 2203 2902 2271 solitudinem,
2941 2215 3141 2260 etcum
3166 2221 3305 2275 aqua
3339 2218 3647 2275 consumpta

2065 2293 2263 2347 nullam
2307 2310 2530 2365 usquam
2560 2295 2825 2350 inveniret
2849 2296 3271 2351 consolationem
3292 2338 3309 2363 ,
3340 2297 3438 2353 15.
3471 2298 3648 2368 Abjecit

2066 2402 2300 2456 puerum,
2330 2387 2518 2457 inquit,
2549 2387 2717 2443 subter
2742 2405 2896 2442 unam
2918 2388 3148 2443 abietem.
3179 2389 3648 2459 Disrumpebantur

2063 2480 2205 2534 enim
2238 2480 2354 2549 ejus
2374 2480 2601 2545 viscera,
2634 2490 2689 2535 et
2712 2480 2927 2536 dolebat
2965 2482 3190 2535 multant
3219 2482 3290 2536 ob
3317 2482 3647 2535 immodicam

2063 2589 2188 2644 erga
2215 2589 2441 2644 puerum
2471 2573 2829 2629 aﬂ‘ectionem.
2862 2574 2949 2629 i6.
2977 2574 3155 2640 Sedit,
3183 2576 3386 2644 inquit,
3421 2576 3649 2627 adversus

2063 2682 2208 2733 cum,
2237 2666 2381 2737 quasi
2406 2667 2474 2720 ad
2504 2667 2703 2737 jactum
2740 2683 2908 2721 arcus.
2953 2666 3162 2720 Dicebat
3203 2667 3383 2720 enim:
3424 2665 3551 2721 Non
3588 2669 3649 2718 si-

2063 2755 2187 2809 debo
2218 2768 2428 2809 mortem
2455 2758 2600 2826 pueri
2636 2758 2753 2811 mei.
2794 2755 2863 2810 Et
2888 2759 3017 2812 sedit
3046 2775 3073 2812 e
3098 2759 3303 2828 regione
3343 2758 3515 2827 pueri.
3546 2758 3650 2810 Cla-

2064 2864 2208 2901 mans
2235 2856 2403 2901 autem
2433 2864 2577 2917 puer,
2610 2849 2826 2920 ploravit
2854 2849 2953 2920 (a).
2977 2848 3244 2905 Caeterum
3268 2850 3585 2904 misericors
3606 2860 3648 2902 et

2063 2942 2324 3013 benignus
2354 2942 2492 2996 Deus
2511 2985 2525 3007 ,
2556 2942 2726 3012 patris
2767 2951 2821 2998 et
2848 2943 3033 2997 matris
3070 2958 3195 3013 erga
3224 2959 3323 2997 nos
3349 2958 3541 2997 coram
3568 2959 3650 2996 sua

2064 3033 2445 3089 transcendens
2482 3035 2696 3105 pietate,
2746 3036 2833 3090 17.
2872 3035 3152 3090 Exaudivit
3190 3052 3361 3089 vocem
3406 3036 3558 3105 pueri
3598 3038 3652 3085 de

2062 3126 2175 3180 loco
2204 3125 2290 3180 ubi
2334 3136 2443 3180 erat
2481 3143 2502 3179 :
2546 3128 2799 3182 misertus
2844 3136 3005 3182 estet
3050 3127 3199 3197 pueri
3245 3136 3300 3181 et
3341 3128 3651 3182 calamitaas

2060 3220 2240 3289 Agar:
2266 3220 2508 3289 permisit
2527 3227 2729 3274 tantum
2757 3234 2875 3273 eam
2900 3219 3128 3288 experiri
3157 3218 3283 3289 quid
3308 3221 3382 3274 sit
3399 3220 3647 3283 solitudo,

2060 3324 2113 3369 et
2129 3315 2305 3368 statim
2325 3330 2478 3368 suum
2495 3314 2765 3370 concessit
2784 3314 3112 3383 praesidium.
3134 3311 3200 3366 Et
3222 3315 3434 3379 vocavit,
3464 3313 3647 3383 inquit,

2061 3405 2272 3476 angelus
2304 3405 2400 3461 Dei
2427 3406 2566 3477 Agar
2589 3406 2651 3460 de
2678 3406 2821 3469 caelo,
2856 3416 2901 3460 et
2932 3406 3158 3460 dixitei:
3183 3405 3318 3473 Quid
3348 3415 3445 3471 est,
3483 3406 3651 3477 Agar?

2064 3496 2147 3552 Ne
2176 3497 2355 3552 timeas
2379 3514 2397 3552 :
2426 3499 2618 3553 audivit
2647 3499 2780 3553 enim
2802 3497 2944 3555 Deus
2971 3515 3138 3552 vocem
3162 3500 3305 3569 pueri
3336 3500 3401 3552 de
3429 3498 3552 3553 loco
3579 3502 3651 3551 ubi

2060 3601 2151 3648 est.
2182 3593 2270 3648 18.
2311 3593 2499 3665 Surge,
2537 3596 2709 3663 accipe
2738 3612 2979 3665 puerum,
3006 3605 3054 3650 et
3087 3597 3413 3665 apprehende
3452 3615 3649 3650 ntauum

2060 3688 2170 3752 eius
2200 3702 2219 3740 :
2242 3687 2295 3740 in
2322 3697 2517 3758 gentem
2546 3690 2680 3742 enim
2709 3706 2947 3760 magnam
2974 3691 3159 3762 faciam
3196 3706 3334 3743 eum.
3363 3690 3408 3745 Ο
3447 3692 3650 3745 miseri-

2060 3777 2297 3834 cordiam
2348 3780 2594 3835 Domini!
2638 3780 2754 3835 Non
2804 3781 2928 3852 quia
2970 3782 3162 3837 ancilla
3210 3793 3349 3849 erat,
3400 3784 3652 3852 despexit

2060 3886 2177 3925 eam
2203 3886 2219 3936 ;
2250 3871 2343 3925 sed
2371 3872 2490 3941 quia
2532 3872 2846 3941 patriarcha:
2886 3874 3232 3943 promiserat,
3264 3886 3316 3929 et
3353 3877 3485 3945 quia
3519 3878 3652 3929 illius

2060 3977 2245 4017 semen
2272 3975 2404 4030 erat,
2432 3974 2628 4019 tantam
2651 3981 2865 4036 quoque
2884 3982 3067 4021 curam
3089 3983 3214 4038 erga
3238 3984 3355 4022 eam
3377 3969 3653 4023 declarare

2061 4053 2325 4125 dignatur.
2361 4057 2527 4110 Dicit:
2556 4056 2693 4124 Quid
2715 4069 2807 4124 est,
2832 4058 3006 4129 Agar?
3039 4058 3122 4113 Ne
3146 4061 3321 4114 timeas
3349 4076 3368 4114 :
3395 4063 3651 4114 exaudivit

2058 4151 2191 4204 enim
2232 4149 2477 4204 Dominus
2517 4168 2686 4205 vocem
2717 4154 2879 4222 pueri.
2916 4153 3083 4223 Surge
3113 4162 3161 4207 et
3187 4154 3362 4224 accipe
3406 4156 3582 4217 illum,
3611 4168 3651 4207 et

2057 4244 2381 4313 apprehende
2408 4261 2613 4297 manum
2634 4246 2741 4315 ejus
2766 4261 2786 4299 :
2816 4246 2868 4299 in
2895 4257 3090 4317 gentem
3135 4246 3268 4300 enim
3303 4264 3553 4318 magnum
3579 4254 3649 4318 {a-

2057 4336 2186 4388 ciam
2204 4334 2371 4389 illum.
2395 4335 2470 4390 Ne
2493 4351 2739 4400 intereas,
2764 4338 2952 4407 inquit,
2974 4353 3040 4392 eo
3060 4336 3205 4408 quod
3238 4353 3269 4394 e
3296 4339 3468 4394 domo
3487 4341 3649 4411 ejecta

2056 4427 2149 4480 sis.
2183 4425 2408 4481 Tantam
2434 4429 2575 4481 enim
2616 4444 2799 4482 curam
2852 4444 2952 4498 ego
2983 4430 3135 4501 pueri
3181 4446 3361 4501 agam,
3392 4444 3457 4487 ut
3502 4446 3559 4488 et
3603 4436 3647 4485 in

2055 4528 2264 4588 gentem
2294 4533 2538 4590 magnam
2560 4521 2672 4592 ipse
2693 4522 2781 4576 sit.
2812 4523 2899 4577 l9.
2925 4522 2992 4577 Et
3013 4525 3231 4594 aperuit,
3259 4525 3458 4595 inquit,
3480 4533 3648 4579 oculos

2056 4612 2164 4682 ejus
2188 4626 2206 4665 :
2236 4628 2341 4666 non
2372 4612 2513 4682 quod
2534 4622 2687 4668 antea
2720 4629 2826 4668 non
2858 4614 3073 4682 viderit,
3102 4614 3198 4670 sed
3217 4616 3344 4686 quia
3366 4617 3504 4670 nihil
3531 4633 3648 4686 ιποο

2053 4700 2243 4777 derant
2276 4703 2323 4756 ei
2370 4704 2538 4773 aperti
2575 4706 2715 4759 oculi
2760 4715 2884 4759 ante
2925 4721 3211 4777 supernam
3255 4708 3641 4763 visitationem.

2057 4776 2376 4854 Propterea,
2403 4794 2525 4832 cum
2550 4784 2707 4835 vehet
2739 4798 2889 4837 suam
2919 4786 3313 4853 providentiam
3337 4790 3637 4855 declarare,

2056 4869 2229 4940 inquit
2259 4886 2270 4921 :
2303 4870 2517 4939 Aperuit
2541 4875 2714 4929 oculos
2744 4877 2857 4945 ejus
2879 4893 2898 4932 :
2922 4878 2974 4933 id
3001 4889 3103 4944 est,
3134 4881 3466 4940 indicavitei
3491 4888 3641 4957 igno-

2055 4961 2214 5028 ranti,
2238 4970 2292 5016 et
2318 4971 2554 5018 mentem
2584 4966 2701 5035 ejus
2723 4970 2998 5032 excitavit.
3025 4972 3275 5043 viamque
3300 4977 3352 5031 ei
3373 4982 3634 5041 ostendit,

2054 5064 2114 5109 ut
2138 5053 2346 5110 videret
2368 5055 2545 5111 locum
2574 5059 2628 5113 in
2654 5075 2760 5129 quo
2786 5060 2961 5119 fontes
2980 5080 3132 5135 aquae
3153 5070 3553 5127 scaturiebant.
3575 5074 3635 5127 Et

2051 5149 2195 5213 vidit,
2223 5149 2417 5220 inquit,
2438 5162 2651 5221 puteum
2677 5172 2829 5225 aqua!
2856 5158 3093 5223 viventis,
3121 5169 3168 5213 et
3192 5162 3305 5223 ivit,
3332 5174 3380 5217 et
3405 5165 3637 5236 implerit

2111 5274 2264 5366 (ulla
2288 5280 2500 5366 Debrteo
2525 5282 2709 5366 legitur
2732 5287 2876 5366 qam
2898 5264 3124 5366 n‘ip-nu
3143 5292 3302 5366 nam
3318 5295 3470 5366 mn
3486 5298 3637 5345 2m

2052 5352 2105 5425 tit
2134 5349 2266 5425 sedit.
2286 5350 2561 5425 gregique,
2582 5362 2625 5405 et
2645 5349 2999 5425 levavit_vocerit
3016 5374 3172 5417 suam,
3195 5369 3240 5412 et
3259 5362 3414 5425 ﬂevit.
3443 5366 3633 5415 scilicet

2046 5416 2598 5489 Agapftpipjulgata
2631 5425 2793 5468 nostra
2821 5420 3113 5489 Hebraicum
3142 5416 3338 5489 textum
3366 5439 3397 5473 e
3422 5427 3636 5489 vestigio

2045 5474 2407 5549 sequuta;.1.iix
2434 5474 2552 5526 vero
2576 5493 2783 5549 puerum
2808 5485 3369 5549 plorantemeshibent.
3386 5474 3503 5549 quia
3520 5474 3633 5549 qus

2047 5548 2154 5612 pios
2182 5536 2470 5612 in‘llebraeo
2484 5536 2781 5612 sequpntur,
2799 5536 3117 5612 Etexaudivjt
3138 5547 3265 5597 Deus
3290 5536 3451 5598 vocent
3469 5536 3626 5612 ρκὲή.

2043 5596 2157 5662 huic
2180 5596 2578 5668 interpretationi
2605 5596 2779 5653 faveret
2796 5603 3043 5656 videntur.
3065 5596 3448 5665 Chrysostomus
3465 5596 3629 5660 {intem

2047 5660 2491 5738 ift4_Aesplattati_one
2531 5677 2621 5738 sua
2661 5671 2928 5738 utrumque
2969 5660 3252 5719 exauditum
3300 5671 3532 5738 eehioet,
3576 5681 3628 5722 et

2046 5722 2254 5782 Agarem
2279 5727 2502 5784 matrem,
2530 5731 2583 5775 et
2608 5722 2863 5778 lsmaelem
2894 5742 3116 5792 puerum.
