3792 6304
33 269 147 323 423

30 381 262 453 αὐτῆς.
306 380 414 436 Καὶ
446 376 576 436 εἷπε
623 377 703 444 τῷ
743 376 1034 448 Ἀϐραάμ·
1068 379 1330 432 Ἔκϐαλε
1374 375 1490 446 τὴν
1534 377 1728 433 παιδί-

29 488 218 540 σκην
235 472 463 537 ταύτην
493 469 592 523 καὶ
613 467 722 522 τὸν
749 468 887 521 υἱὸν
922 465 1133 535 αὐτῆς.
1160 468 1242 519 Οὐ
1268 466 1381 535 γὰρ
1401 464 1487 535 μὴ
1521 469 1727 535 κληρο-

30 560 295 631 νομήσῃ
324 557 514 624 ὁυίὸς
549 555 660 624 τῆς
707 554 1035 621 παιδίσκης
1076 554 1227 623 μετὰ
1276 552 1382 609 τοῦ
1430 554 1566 608 υἱοῦ
1608 571 1727 623 μου

46 646 285 701 Ἰσαάκ.
311 644 591 713 Σκληρὸν
608 644 676 698 δὲ
686 641 879 713 ἐφάνη
898 640 966 695 τὸ
980 640 1150 710 ῥῆμα
1163 641 1443 695 ἐναντίον
1472 641 1727 709 Ἀϐραὰμ

36 734 179 802 περὶ
219 733 330 788 τοῦ
354 732 491 788 υίοῦ
514 730 723 787 αὑτοῦ.
749 731 893 803 Ὅρα
926 747 1037 802 μοι,
1071 730 1343 801 ἀγαπητὲ,
1372 729 1603 783 ἐνταῦθα
1628 730 1724 800 τήν

36 825 271 895 Σάρραν
311 822 475 876 πάλιν
517 821 580 874 οὐ
629 819 900 893 φέρουσαν
946 817 1039 872 τοῦ
1095 818 1319 889 Ἰσμαὴλ
1371 818 1469 890 τὴν
1525 818 1726 888 πολλὴν

37 910 389 981 παρρησίαν,
424 907 544 962 οὐδὲ
578 905 819 969 ἀνεκτῶς
853 907 1095 975 ἐνεγκεῖν
1140 904 1447 977 δυναμένην
1484 905 1576 958 τὸν
1625 905 1726 975 τῆς

39 998 349 1069 παιδίσκης
370 997 484 1049 υἰδν
521 997 655 1067 μετὰ
684 994 776 1048 τοῦ
806 995 991 1048 Ἰσαὰκ
1025 994 1515 1065 ἀναστρεφόμενον.
1540 993 1727 1048 Καθά-

39 1103 147 1156 περ
208 1082 308 1139 οὖν
346 1084 539 1157 πρώην
566 1096 593 1124 ει
641 1082 989 1136 καταστεῖλαι
1034 1082 1134 1153 τῆς
1162 1082 1339 1153 ’Ἅγαρ
1382 1082 1442 1135 τὸ
1472 1082 1726 1153 φρόνημα

41 1172 383 1245 βουλομένη,
435 1172 523 1227 διὰ
556 1172 655 1238 τῆς
699 1170 935 1241 σφοδρᾶς
967 1170 1391 1242 ἀγανακτήσεως
1431 1171 1512 1233 είς
1548 1171 1726 1241 φυγὴν

39 1262 218 1330 αὐτὴν
244 1260 519 1331 τραπῆναι
551 1258 964 1330 παρεσκεύασεν
982 1274 995 1287 ο
1028 1256 1171 1311 ο¹ὑτω
1191 1258 1286 1311 καὶ
1309 1256 1403 1311 νῦν
1426 1256 1720 1329 βουλομένη

40 1351 101 1401 ἐκ
144 1348 456 1419 προοιμίων
485 1346 798 1400 ἀναστεῖλαι
830 1346 924 1400 τοῦ
978 1346 1202 1417 Ἰσμαὴλ
1229 1347 1328 1418 τὴν
1369 1347 1719 1418 προπέτειαν,

40 1437 137 1489 καὶ
173 1436 257 1507 μὴ
288 1436 527 1507 φέρουσα
560 1436 694 1507 ὁρᾷν
719 1435 812 1488 τὸν
845 1436 909 1488 ἐκ
938 1435 1160 1505 χάριτος
1188 1434 1449 1505 τεχθέντα
1484 1434 1598 1488 υἱὸν
1627 1434 1723 1489 καὶ

41 1524 99 1589 ἐξ
128 1524 314 1595 αὐτῆς
340 1523 434 1577 τοῦ
457 1522 591 1576 Θεοῦ
616 1523 719 1595 τῆς
744 1522 953 1594 δωρεᾶς
1007 1522 1145 1593 μετά
1172 1521 1269 1577 τοῦ
1308 1522 1407 1591 τῆς
1435 1521 1723 1594 παιδίσκης

39 1614 141 1683 τῆς
218 1611 527 1681 Αἰγυπτίας
597 1611 1200 1682 συναναστρεφόμενον,
1261 1611 1395 1682 φησὶ
1453 1611 1590 1682 πρὸς
1630 1611 1721 1665 τὸν

52 1699 338 1771 ’Δϐραάμρ
365 1700 623 1753 Ἔκϐαλε
639 1697 755 1767 τὴν
768 1698 1101 1767 παιδίσκην
1120 1698 1342 1753 καὶτὸν
1362 1698 1495 1753 υίόν
1508 1698 1718 1769 αὐτῆς.

44 1790 125 1841 Οὐ
156 1787 275 1857 γὰρ
301 1786 387 1857 μὴ
417 1787 848 1858 κληρονομήσῃ
873 1791 907 1842 ὀ
933 1788 1065 1854 υίὸς
1092 1787 1203 1856 τῆς
1230 1787 1555 1856 παιδίσκης
1583 1789 1722 1843 ταύ-

40 1892 150 1939 της
182 1876 340 1942 μετὰ
368 1875 477 1929 τοῦ
504 1876 640 1930 υἱοῦ
673 1893 817 1946 μου.
856 1874 1083 1948 Ἐπειδὴ
1111 1876 1229 1947 ᾔδει
1253 1877 1335 1930 ὅτι
1365 1877 1460 1931 καὶ
1487 1876 1627 1948 αὐτὴ
1661 1878 1721 1932 ἐν

48 1963 272 2034 ἐσχάτῳ
288 1965 438 2035 γήρᾳ
469 1964 731 2035 τυγχάνει
755 1964 847 2018 καὶ
873 1964 965 2017 τὸν
988 1964 1337 2036 πατριάρχην
1359 1964 1507 2037 ἐώρα
1532 1966 1723 2037 προδε-

42 2051 256 2121 ϐηκότα
301 2046 461 2121 (ἦσαν
498 2053 608 2125 γὰρ
651 2051 951 2123 ἀμφότεροι
1001 2051 1404 2123 προϐεὸηκότες
1444 2052 1716 2125 ἡμερῶν),

44 2138 309 2209 ὑφορῶσα
369 2141 577 2210 μήποτε
604 2178 621 2204 ,
670 2138 867 2211 ἀθρόον
916 2138 1096 2193 αὐτῶν
1164 2140 1635 2212 τελευτησάντων,
1691 2145 1720 2197 6

55 2226 287 2296 Ἰσμαὴλ
309 2226 397 2280 διὰ
428 2225 492 2281 τὸ
518 2228 583 2279 ἐκ
600 2227 704 2297 τῆς
732 2226 828 2281 τοῦ
848 2226 1185 2297 πατριάρχου
1213 2229 1497 2302 συνουσίας
1523 2229 1721 2301 τεχθῆ-

43 2332 148 2373 ναι.
172 2314 523 2386 ἐπιχειρήσει
551 2314 631 2378 είς
660 2314 752 2368 τὸν
780 2315 978 2386 κλῆρον
1008 2315 1197 2371 ἑαυτὸν
1223 2315 1318 2369 τοῦ
1343 2317 1549 2389 πατρὸς
1572 2320 1720 2373 εἱσα-

44 2406 264 2471 γαγείν,
294 2402 390 2456 καὶ
411 2402 671 2467 κοινωνὸς
688 2402 942 2471 γενέσθαι.
969 2403 1046 2474 τῷ
1083 2404 1289 2471 Ἰσαὰκ,
1316 2404 1406 2459 διὰ
1427 2405 1583 2460 τοῦτό
1616 2426 1720 2479 φη-

42 2510 146 2553 σιν,
187 2492 453 2545 Ἔκϐαλε
479 2490 596 2559 τὴν
628 2491 963 2558 παιδίσκην
979 2493 1281 2557 ἐντεῦθεν,
1311 2494 1411 2548 καὶ
1446 2494 1556 2548 τὸν
1581 2497 1719 2551 υίὸν

42 2581 261 2649 αὐτῆς.
302 2580 658 2647 Μανθανέτω,
690 2582 874 2652 φησιν,
909 2582 1009 2653 ήδη
1036 2584 1119 2636 ὅτι
1150 2584 1301 2638 οὐδὲν
1335 2585 1513 2639 κοινὸν
1546 2586 1658 2654 ἐξει
1690 2588 1719 2639 6

40 2672 137 2740 τῆς
168 2670 470 2741 παιδίσκης
493 2671 607 2734 υίὸς
634 2669 771 2741 μετά
800 2668 894 2723 τοῦ
918 2669 1036 2723 υἰοῦ
1065 2688 1168 2741 μου
1213 2672 1416 2727 Ἰσαάκ.
1450 2674 1587 2728 Οὐδὲ
1609 2674 1718 2745 γάρ

44 2760 268 2830 εὐλογον
294 2760 387 2814 τὸν
412 2761 508 2831 τῆς
526 2760 719 2830 δούλης
743 2760 859 2813 υἱὸν
887 2761 1025 2831 μετά
1054 2759 1149 2813 τοῦ
1180 2761 1298 2814 υἱοῦ
1330 2761 1422 2815 τοῦ
1458 2762 1593 2832 ἐμοῦ
1617 2766 1719 2835 τῆς

43 2848 336 2920 δεσποίνης
380 2847 937 2919 συναναστρέφεσθαι.
998 2847 1137 2900 Ἀλλ’
1179 2850 1212 2918 ἡ
1267 2849 1365 2918 μὲν
1399 2851 1587 2922 Σάρρα
1618 2853 1719 2907 οὐκ

44 2936 278 3000 ἀπεικὸς
302 2939 537 3009 πρᾶγμα
563 2937 855 3001 πέπονθεν,
875 2935 1011 2989 ἀλλά
1041 2936 1133 2989 καὶ
1159 2938 1365 3009 σφόδρα
1402 2939 1714 3004 ἀκόλουθον.

43 3027 136 3078 καὶ
168 3025 349 3089 οὕτως
381 3024 693 3089 ἀκόλουθον,
722 3023 798 3088 ὡς
831 3024 925 3077 καὶ
970 3023 1062 3077 τὸν
1106 3024 1239 3077 Θεὸν
1265 3028 1575 3081 συναινέσαι
1604 3034 1719 3094 τοῖς

48 3113 174 3185 παρ’
204 3113 380 3184 αὐτῆς
418 3112 746 3184 εἰρημένοις.
789 3112 848 3165 '0
883 3112 942 3165 δέ
980 3112 1325 3184 πατριάρχης
1369 3114 1717 3187 φιλόστοργος

46 3199 115 3253 ὢν
133 3201 232 3254 καὶ
253 3199 557 3272 συμπαθῶς
574 3199 917 3268 διακείμενος
943 3200 1079 3272 πρὸς
1090 3200 1181 3254 τὸν
1204 3202 1446 3274 ’ῐσμαὴλ,
1466 3205 1720 3275 ἐπαχθῶς

46 3288 269 3350 ἐδέξατο
299 3288 368 3341 τὰ
407 3288 559 3356 παρά
586 3287 687 3358 τῆς
721 3288 939 3359 Σάρρας
961 3289 1246 3359 εἰρημένα.
1282 3291 1561 3358 Σκληρὸν
1585 3293 1716 3363 γὰρ,

48 3377 237 3447 φησὶν,
270 3374 464 3446 ἐφάνη
496 3375 564 3428 τὸ
803 3376 1085 3431 ἐναντίον
1139 3377 1386 3447 Ἀϐραὰμ
1425 3379 1560 3447 περὶ
1612 3381 1719 3435 τοῦ

47 3462 177 3517 υἱοῦ
201 3463 418 3517 αὐτοῦ.
440 3461 577 3515 Οὐδὲ
605 3462 716 3534 γὰρ
742 3462 842 3531 τῆς
863 3462 1046 3534 ’Ἅγαρ
1064 3464 1359 3535 ἐποιήσατο
1374 3464 1528 3534 λόγον
1544 3482 1560 3497 ο
1584 3465 1720 3521 ἀλλά

51 3550 356 3622 συμπαθῶς
404 3550 542 3621 πρὸς
582 3550 674 3604 τὸν
715 3551 883 3604 παῖδα
914 3551 1166 3616 διέκειτο,
1209 3552 1305 3606 ἅτε
1330 3552 1395 3625 δὴ
1444 3555 1629 3611 λοιπὸν
1660 3557 1720 3611 ἐν

49 3642 234 3714 ἡλικία
266 3640 549 3711 γεγονότα.
599 3639 759 3693 Ἀλλά
786 3639 977 3694 σκόπει
1008 3657 1099 3711 μοι
1141 3641 1375 3696 ἐνταῦθα
1402 3643 1496 3696 τοῦ
1527 3644 1717 3713 φιλαν-

51 3728 273 3801 θρώπου
299 3727 436 3782 Θεοῦ
457 3728 554 3801 τὴν
576 3727 1020 3799 ὑπερϐάλλουσαν
1044 3729 1467 3797 συγκατάϐασιν.
1500 3731 1717 3804 Ἐπειδὴ

48 3820 151 3889 γὰρ
179 3813 294 3871 εἶδε
326 3817 421 3870 καὶ
460 3818 561 3889 τὴν
614 3816 831 3888 Σάρραν
874 3817 1015 3870 κατά
1066 3816 1127 3869 τὸ
1175 3816 1322 3880 είκὺς
1355 3817 1635 3872 παθοῦσάν
1663 3837 1719 3874 τι

50 3906 411 3977 ἀνθρώπινον,
452 3906 544 3958 καὶ
582 3905 1044 3976 δυσχεραίνουσαν
1070 3906 1162 3959 ἐπὶ⁵
1203 3908 1270 3977 τῇ
1305 3908 1565 3981 ὁμοτιμία
1609 3909 1720 3965 τῶν

48 3998 276 4057 παίδων.
313 3995 407 4048 καὶ
436 3994 528 4049 τὸν
565 3995 821 4068 Ἀϐραὰμ
853 3996 913 4049 οὐ
944 3995 1177 4068 φέροντα
1212 3999 1407 4069 πράως
1432 3999 1532 4070 τήν
1560 3997 1720 4053 ἐκϐο-

48 4082 140 4157 λὴν
188 4083 293 4139 τοῦ
333 4084 561 4156 Ἰσμαὴλ
586 4085 680 4139 καί
701 4084 803 4156 τῆς
831 4085 1121 4156 παιδίσκης
1153 4087 1222 4153 (εἰ
1245 4087 1353 4158 γὰρ
1379 4088 1474 4141 καὶ
1503 4088 1577 4160 μὴ
1601 4089 1721 4143 ἀντ·

49 4170 217 4224 ἑτεινε
261 4173 328 4243 τῇ
361 4172 549 4245 Σάρρᾳ
580 4172 669 4226 διὰ
704 4170 903 4244 πολλὴν
943 4172 1043 4242 τὴν
1082 4173 1402 4239 ἐπιείκειαν,
1432 4174 1546 4228 ἀλλ’
1570 4177 1719 4248 ὅμως

50 4258 284 4330 σκληρὸν
313 4258 465 4329 αὑτῷ
495 4259 871 4328 κατεφαίνετο,
905 4258 1049 4314 τοῦτ’
1086 4259 1222 4323 ἔστι,
1252 4261 1412 4334 βαρὺ,
1438 4264 1589 4334 φησὶ,
1623 4264 1719 4319 καὶ

50 4347 285 4417 ἐπαχθὲς
324 4347 419 4401 καὶ
463 4348 767 4419 φορτικὸν),
807 4349 929 4402 τότε
956 4348 1140 4403 λοιπόν
1174 4350 1273 4422 τήν
1296 4351 1502 4405 οίκείαν
1529 4353 1719 4423 φιλαν-

50 4430 292 4499 θρωπίαν
336 4432 672 4503 μιμούμενος
713 4435 743 4487 6
766 4433 1065 4504 Δεσπότης,
1093 4435 1185 4489 καὶ
1216 4435 1316 4507 τῆς
1351 4435 1603 4508 ὁμονοίας
1625 4438 1716 4493 τὸν

51 4519 346 4591 σύνδεσμον
376 4520 560 4575 αὐτῶν
589 4520 933 4590 συσφίγγων,
976 4522 1112 4595 φησὶ
1138 4523 1277 4595 πρὸς
1302 4523 1392 4577 τὸν
1435 4525 1713 4597 Ἀὅραάμ’

48 4609 140 4676 Μὴ
179 4608 462 4679 σκληρὸν
494 4609 650 4664 ἔστω
691 4610 970 4666 ἐναντίον
996 4626 1112 4666 σου
1149 4611 1215 4666 τὸ
1232 4610 1399 4683 ῥῆμα
1440 4614 1574 4683 περὶ
1609 4614 1716 4670 τοῦ

47 4697 285 4753 παιδίου
313 4698 414 4752 καὶ
441 4696 553 4767 τῆς
582 4698 929 4767 παιδίσκης.
963 4699 1171 4754 Πάντα
1199 4700 1317 4755 ὅσα
1346 4700 1423 4756 ἂν
1445 4703 1584 4773 εἴπῃ
1615 4717 1716 4759 σοι

48 4786 263 4855 Σάρῤα.
298 4787 570 4843 ἄκουσον
606 4786 718 4856 τῆς
745 4786 952 4858 φωνῆς
982 4786 1196 4857 αὐτῆς.
1253 4788 1347 4861 Μὴ
1375 4790 1523 4861 δέξῃ,
1559 4793 1713 4863 φησι.

51 4871 259 4943 βαρέως
285 4874 348 4927 τὸ
372 4875 506 4946 παρ’
543 4873 715 4944 αὐτῆς
739 4873 903 4946 ῥηθέν
932 4891 1035 4940 σοι,
1069 4873 1205 4928 ἀλλὰ
1246 4876 1451 4931 Πάντα
1475 4877 1594 4934 ὅσα
1636 4877 1715 4935 ἂν

49 4960 181 5028 εἴπῃ
224 4961 252 5001 δ
276 4976 379 5015 σοι
400 4959 621 5030 Σάρῤα,
654 4960 927 5015 ἄκουσον
957 4960 1068 5030 τῆς
1099 4960 1305 5032 φωνῆς
1328 4963 1539 5033 αὐτῆς.

114 5047 180 5117 β’.
216 5047 370 5121 [468]
388 5047 574 5103 Ταῦτα
595 5049 794 5116 πάντα,
817 5050 1003 5120 φησὶν,
1028 5049 1171 5122 ἅπερ
1188 5067 1270 5104 σοι
1291 5051 1386 5106 νῦν
1405 5052 1713 5123 διαλέγεται

50 5136 172 5207 περί
193 5137 290 5189 τοῦ
320 5137 548 5209 Ἰσμαὴλ
569 5138 779 5208 καὶτῆς
799 5138 1003 5207 Ἀγαρ,
1031 5138 1346 5207 κατάδεξαι,
1360 5143 1453 5195 καὶ
1472 5142 1713 5197 ὑπάκου-

50 5240 135 5276 σον
154 5225 254 5295 τῆς
280 5225 467 5295 φωνῆς
492 5225 684 5295 αὐτῆς.
709 5226 801 5297 Μὴ
830 5225 1066 5300 θελήσῃς
1089 5225 1326 5298 λυπῆσαι
1340 5229 1442 5300 τὴν
1467 5231 1526 5283 ἐν
1548 5231 1712 5285 παντὶ

48 5312 119 5382 τῷ
152 5312 333 5385 χρόνῳ
364 5311 633 5382 τοσαύτην
658 5313 790 5384 περὶ
819 5313 879 5367 σὲ
906 5314 1006 5385 τὴν
1031 5314 1415 5387 φιλοστοργίαν
1440 5317 1713 5385 ἐπιδειξα-

54 5402 234 5472 μένην,
264 5400 363 5473 τὴν
394 5400 454 5454 οὐ
490 5400 652 5473 μόνον
683 5402 853 5467 ἅπαξ,
885 5402 1021 5456 ἀλλὰ
1054 5404 1150 5457 καὶ
1188 5404 1462 5477 δεύτερον,
1490 5407 1576 5460 ἵνα
1614 5408 1709 5462 τοῦ

50 5488 274 5543 θανάτου
303 5506 363 5542 σε
390 5487 698 5562 ἐξαρπάσῃ,
723 5488 925 5560 ἑαυτὴν
942 5489 1299 5547 ἐκδώωκυίαν
1322 5493 1463 5566 ὑπὲρ
1483 5494 1583 5566 τῆς
1611 5496 1711 5567 σῆς

50 5579 339 5651 σωτηρίας,
376 5580 471 5633 καὶ
514 5578 770 5633 ὑπόθεσίν
806 5594 889 5633 σοι
920 5579 1220 5651 γενομένην
1252 5582 1518 5652 τοσαύτης
1548 5601 1706 5655 περι-

52 5670 267 5736 φανείας
291 5684 306 5699 ·
338 5670 433 5722 καὶ
461 5669 727 5741 πρότερον
769 5670 867 5741 μὲν
897 5669 1037 5739 μετά
1059 5670 1311 5725 τοσούτου
1344 5671 1572 5726 πλούτου
1601 5674 1711 5728 ἀπὸ

50 5752 139 5821 τῆς
171 5752 447 5820 Αἰγύπτου
483 5753 801 5807 ἐπανελθεῖν
847 5756 1213 5825 πεποιηκυῖαν
1234 5772 1247 5784 ·
1286 5755 1424 5826 μετά
1450 5755 1618 5810 ταῦτα
1647 5758 1706 5811 δέ

105 5844 128 5870 ⁸
158 5842 268 5913 ξεῖ.
297 5850 350 5892 ει
370 5852 561 5913 ερρὶβω
573 5857 689 5893 mss.
711 5845 1136 5913 ἀναστρεφόμενον·
1151 5846 1272 5894 ἀλλά
1296 5849 1505 5913 καθάπερ
1522 5850 1702 5913 πρώην.

51 5900 211 5969 lqrel.
235 5900 654 5969 ἀναστρεφόμενον,
677 5900 887 5969 καθάπερ
908 5900 990 5953 οὖν
1006 5909 1187 5969 πρῴην.

104 5965 130 6005 δ
154 5968 279 6030 him;
301 5965 454 6018 (Συὶειζ
472 5965 623 6019 recte.
653 5965 900 6019 Edebatdr
922 5965 1061 6017 εἴποι.
1086 5968 1217 6019 Εοιτ.

1158 261 1228 319 1N
1262 260 1418 317 CAP.
1464 259 1605 315 XXI.
1648 256 1892 321 GENES.
1937 261 2173 322 ηοιιη..
2216 260 2399 319 XLVI.

3388 265 3492 321 ιιι

1836 379 2102 451 τοσαύτης
2130 380 2294 449 τιμῆς
2332 378 2635 448 ποιήσασαν
2664 375 2963 447 ἀξιωθῆναί
2996 394 3059 431 σε
3086 376 3189 433 ὑπὸ
3216 379 3309 434 τοῦ
3350 382 3497 438 ’Λόι-

1837 463 2025 534 μέλεχ.
2050 464 2141 535 Μὴ
2169 465 2345 519 τοίνυν
2365 464 2576 534 ἀνάσχῃ
2610 462 2826 515 ἐναντία
2854 466 2967 527 τοῖς
2999 467 3129 535 παρ’
3160 466 3327 538 αὐτῆς
3348 467 3500 537 λεγο-

1837 550 2021 621 μένοις
2056 550 2483 621 βουλεύσασθαι·
2521 551 2614 604 καὶ
2654 550 2762 621 γὰρ
2810 550 2929 604 οὐδὲ
2963 552 3136 615 ἄλλως
3181 554 3355 607 ἔσται.
3410 556 3497 608 Ἐν

1835 638 1945 708 γὰρ
1974 637 2051 709 τῷ
2102 636 2287 692 Ἰσαὰκ
2318 639 2395 709 τῷ
2426 638 2552 711 παρ’
2586 639 2757 709 αὐτῆς
2785 639 3028 710 τεχθέντι
3062 639 3121 692 τὸ
3157 642 3381 713 σπέρμα
3418 661 3499 696 σοι

1837 726 2192 798 κληθήσεται,
2236 728 2329 781 καὶ
2356 723 2509 791 οὗτος
2550 726 2702 780 ἔσται
2746 745 2839 780 σου
2871 727 3224 798 κληρονόμος.
3253 730 3360 783 Καὶ
3394 730 3500 784 τὸν

1835 815 1971 869 υἱόν
2014 815 2084 869 δὲ
2127 816 2344 870 τοῦτον
2384 814 2495 883 τῆς
2547 814 2874 882 παιδίσκης
2923 815 3260 883 αὐξηθῆναι
3312 832 3501 886 παρα-

1834 902 2140 967 σκευάσω,
2170 904 2270 957 καὶ
2299 905 2386 968 είς
2412 904 2587 968 ἔθνος
2609 903 2763 972 μέγα
2794 903 3029 971 ποιήσω
3058 903 3262 969 αὑτὸν,
3291 904 3497 974 ἐπειδὴ

1834 990 2074 1059 σπέρμα
2093 990 2208 1044 σόν
2232 991 2385 1045 ἐστι.
2404 991 2554 1044 Ποίει
2571 987 2663 1044 οῦν
2684 991 2752 1044 τά
2774 992 2902 1061 παρ’
2925 992 3097 1061 αὐτῆς
3112 1009 3192 1044 σοι
3207 992 3496 1063 λεγόμενα,

1834 1079 1928 1132 καὶ
1958 1080 2264 1133 ὑπάκουσον
2292 1082 2391 1150 τῆς
2422 1078 2607 1149 φωνῆς
2636 1079 2827 1148 αὐτῆς.
2863 1080 3145 1151 Ἐννόησόν
3172 1098 3262 1151 μοι
3291 1081 3496 1147 λοιπὸν,

1829 1170 1931 1239 ὅση
1956 1169 2151 1242 ἀθρόον
2179 1172 2211 1241 ή
2243 1171 2432 1242 εἰρήνη
2451 1171 2545 1224 καί
2568 1172 2601 1240 ἡ
2625 1170 2844 1240 ὁμόνοια
2866 1173 2945 1233 εἰς
2962 1170 3022 1224 τὸ
3046 1172 3377 1227 συνοικέσιον
3403 1174 3501 1228 αὑ-

1829 1259 1939 1313 τῶν
1962 1259 2326 1325 ἐπολιτεύετο,
2342 1261 2439 1330 τῆς
2456 1259 2549 1312 τοῦ
2576 1258 2713 1313 Θεοῦ
2735 1259 3072 1331 ἀγαθότητος
3097 1262 3188 1313 τὸν
3207 1260 3499 1333 σύνδεσμον

1831 1348 2011 1402 αὐτῶν
2076 1348 2505 1418 συσφιγγούσης.
2553 1346 2793 1414 Ἀνέστη
2843 1346 2972 1417 γὰρ,
3013 1348 3169 1417 φησί,
3199 1344 3279 1412 τῷ
3326 1349 3495 1417 πρωῒ,

1828 1436 1928 1490 καὶ
1978 1435 2197 1491 ἐλαϐεν
2231 1436 2449 1504 ἄρτους
2494 1437 2591 1489 καὶ
2626 1435 2820 1490 ἀσκὸν
2852 1435 3091 1500 θῦδατος,
3147 1434 3245 1489 καί
3278 1435 3500 1491 ἔδωκεν

1831 1524 2034 1593 Ἀταρ,
2058 1525 2155 1577 καὶ
2179 1524 2471 1591 ἐπέθηκεν
2492 1523 2588 1577 ἐπὶ
2608 1523 2723 1577 τῶν
2750 1523 2922 1592 ὤμων
2936 1522 3125 1592 αὐτῆς
3151 1523 3249 1576 καὶ
3281 1524 3345 1577 τὸ
3368 1541 3499 1579 παι-

1828 1611 1983 1675 δίον,
2020 1611 2119 1665 καὶ
2154 1612 2517 1665 ἀπέστειλεν
2558 1610 2772 1678 αὑτήν.
2811 1612 2954 1682 Ὅρα
2992 1627 3083 1681 μοι
3113 1610 3276 1665 πάλιν
3305 1611 3399 1664 τοῦ
3423 1613 3501 1665 δι-

1830 1698 1990 1754 καίου
2020 1698 2119 1770 τὴν
2159 1697 2361 1770 πολλὴν
2389 1699 2835 1770 εὐγνωμοσύνην,
2868 1699 2962 1752 καὶ
2990 1700 3136 1763 ὅπως
3156 1698 3243 1753 διὰ
3281 1701 3498 1754 πάντων

1825 1789 1920 1842 τὸν
1953 1787 2201 1858 φιλόθεον
2245 1787 2411 1842 αὐτοῦ
2465 1787 2666 1841 σκοπὸν
2706 1788 2999 1842 δείκνυσιν.
3051 1785 3181 1841 Ὅτε
3236 1789 3334 1859 μὲν
3388 1790 3498 1860 γὰρ

1827 1877 2030 1949 ἢκουσε
2053 1876 2156 1946 τῆς
2182 1876 2401 1949 Σάρρας
2428 1875 2715 1947 λεγούσης,
2744 1878 3003 1929 Ἔκϐαλε
3026 1876 3141 1943 τὴν
3166 1878 3499 1942 παιδίσκην

1828 1963 1928 2018 καὶ
1967 1963 2076 2017 τὸν
2108 1964 2244 2017 υἱὸν
2271 1963 2484 2031 αὐτῆς,
2516 1962 2752 2033 πονηρὸν
2786 1962 2935 2034 αὐτῷ
2969 1964 3163 2034 ἐφάνη,
3197 1963 3385 2035 ἐπειδὴ
3417 1983 3500 2034 φι-

1826 2049 2136 2121 λοστόργως
2170 2051 2307 2124 πρὸς
2338 2052 2429 2104 τὸν
2475 2050 2704 2121 Ἰσμαὴλ
2735 2049 2965 2105 διέκειτο
2988 2069 3002 2082 ⁸
3037 2053 3222 2124 ἐπειδὴ
3256 2054 3312 2106 δὲ
3339 2056 3367 2106 6
3402 2057 3497 2106 Δεο

1828 2138 2034 2207 σπότης
2067 2138 2376 2202 ἐκέλευσεν,
2407 2138 2611 2202 εὐθέως
2647 2139 2820 2191 ἐποίει
2854 2139 2914 2191 τὸ
2946 2140 3257 2211 ἐπιταχθὲν,
3283 2143 3375 2194 καὶ
3397 2143 3496 2194 ἐπ-

1825 2218 2147 2281 ελανθάνετο
2168 2228 2268 2297 τῆς
2288 2227 2526 2296 φυσικῆς
2556 2226 3133 2298 φιλοστοργίας.”οταν
3157 2230 3285 2303 γὰρ,
3308 2231 3494 2301 φησὶν,

1826 2314 1991 2377 αὐτὸς
2025 2315 2310 2387 ἐπιτάττῃ,
2342 2315 2652 2383 σχολαζέτω
2683 2314 2860 2367 πάντα
2891 2314 2960 2367 τά
2989 2317 3162 2386 πάθη’
3198 2319 3226 2369 ὁ
3260 2315 3364 2389 γὰρ
3399 2319 3496 2387 τῆς

1826 2400 2042 2471 φύσεώς
2072 2403 2191 2455 ἐστι
2234 2401 2511 2472 Δεσπότης
2541 2403 2570 2455 6
2608 2402 2863 2455 κελεύων.
2897 2403 3176 2457 Λαϐοῦσα
3222 2406 3431 2459 τοίνυν
3456 2408 3493 2473 τ’,

1824 2489 2136 2559 παιδίσκη,
2167 2490 2323 2561 φησὶ,
2352 2490 2493 2556 τοὺς
2514 2489 2731 2557 ἄρτους
2759 2490 2985 2544 καὶτὸν
3012 2492 3207 2546 ἀσκὸν
3232 2492 3336 2545 τοῦ
3356 2493 3497 2547 ὕδα-

1822 2598 1948 2646 τος,
1978 2580 2142 2647 ἐξῄει
2164 2581 2315 2649 μετὰ
2342 2580 2448 2633 τοῦ
2475 2580 2738 2636 παιδίου.
2786 2580 2924 2633 Ἀλλ’
2955 2582 3054 2652 ὅρα
3084 2600 3172 2651 μοι
3206 2582 3386 2647 πάλιν,
3411 2586 3497 2639 διά

1824 2668 1923 2738 τὴν
1951 2667 2087 2739 πρὸς
2109 2668 2198 2721 τὸν
2219 2668 2427 2721 δίκαιον
2460 2667 2674 2721 εὔνοιαν
2705 2668 2822 2732 πῶς
2847 2669 2942 2722 καὶ
2966 2669 3103 2738 αὐτὴ
3127 2670 3369 2733 ἀξιοῦται
3396 2675 3497 2741 τῆς

1825 2755 2157 2826 κηδεμονίας
2192 2756 2294 2826 τῆς
2342 2755 2570 2811 ἄνωθεν.
2618 2756 2956 2809 Ἀπελθοῦσα
3001 2758 3181 2809 τοίνυν
3230 2758 3496 2812 ἐπλανᾶτο

1824 2843 1969 2898 κατά
1994 2844 2093 2914 τὴν
2133 2843 2361 2914 ἔρημον,
2397 2844 2493 2897 καὶ
2524 2842 2620 2896 τοῦ
2645 2843 2837 2908 ’ὑδατος
2864 2844 3249 2910 ἀναλωθέντος,
3285 2847 3376 2900 καὶ
3402 2847 3495 2899 οὐ-

1823 2931 2015 3004 δεμίαν
2054 2930 2354 3001 οὐδαμόθεν
2403 2931 2735 3001 εὑρίσκουσα
2792 2933 3179 3004 παραμυθίαν,
3224 2936 3493 3004 Ἔρριψε,

1825 3027 1981 3098 φησὶ,
2002 3025 2067 3079 τὸ
2096 3025 2337 3079 παιδίον
2354 3022 2634 3078 ὑποκάτω
2650 3021 2793 3093 μιᾶς
2818 3023 3039 3091 ἐλάτης
3055 3041 3068 3055 ·
3092 3025 3183 3077 καὶ
3207 3025 3493 3080 διακόπτο-

1828 3114 1965 3185 μένη
1997 3113 2068 3167 τά
2092 3112 2396 3182 σπλάγχνα,
2430 3112 2527 3165 καὶ
2548 3111 2653 3164 ὑπὸ
2680 3112 2780 3181 τῆς
2814 3110 3007 3182 ὀδύνης
3041 3112 3369 3185 συνεχομένη
3401 3115 3496 3169 καὶ

1823 3203 1924 3272 τῆς
1958 3203 2094 3273 πρὸς
2126 3201 2188 3255 τὸ
2228 3200 2443 3255 παιδίον
2490 3200 2896 3272 φιλοστοργίας.
2956 3201 3260 3269 Ἐκάθητο,
3308 3205 3492 3275 φησὶν.

1823 3290 2115 3345 ἀπέναντι
2160 3288 2367 3353 αὐτοῦ,
2408 3288 2553 3342 ὡσεί
2590 3288 2769 3352 τοί-ζου
2794 3288 3015 3357 βολήν.
3072 3285 3221 3343 Εἷπε
3253 3290 3382 3360 γάρ·
3411 3295 3495 3346 Οὐ

1820 3379 1909 3449 μὴ
1942 3378 2047 3432 ιδω
2074 3378 2183 3433 τὸν
2212 3377 2473 3432 θάνατον
2497 3377 2602 3431 τοῦ
2634 3377 2873 3432 παιδίου
2899 3395 3036 3448 μου.
3078 3379 3186 3434 Καὶ
3213 3378 3497 3435 ἐκάθισεν

1822 3466 2113 3522 ἀπέναντι
2143 3464 2407 3520 παιδίου.
2423 3465 2535 3519 Καὶ
2562 3463 2917 3532 άναϐοῆσαν
2934 3466 2999 3519 τὸ
3019 3466 3258 3520 παιδίον
3273 3469 3495 3522 ἔκλαυ-

1824 3570 1957 3609 σεν.
2010 3552 2150 3607 Ἀλλ’
2183 3555 2212 3607 6
2244 3553 2493 3623 ἐλεήμων
2524 3553 2619 3606 καὶ
2655 3552 3038 3624 φιλάνθρωπος
3067 3554 3220 3619 Θεὸς,
3256 3556 3350 3609 καὶ
3390 3574 3496 3611 πα.

1821 3637 1952 3708 τρὸς
1989 3637 2086 3691 καὶ
2122 3636 2330 3707 μητρὸς
2357 3635 2739 3706 φιλοστοργίαν
2759 3636 2838 3698 εἰς
2867 3635 2965 3707 τὴν
2997 3638 3126 3708 περί
3158 3638 3305 3709 ήμᾶς
3335 3640 3496 3709 κηδε-

1829 3719 2017 3791 μονίαν
2058 3717 2522 3789 ὑπερακοντίζων,
2572 3718 2915 3783 Εὶσήκουσε
2962 3717 3073 3786 τῆς
3125 3720 3334 3789 φωνῆς
3387 3724 3495 3776 τοῦ

1823 3802 2064 3857 παιδίου
2084 3802 2152 3857 ἐκ
2178 3801 2286 3856 τοῦ
2309 3802 2495 3855 τόπου
2514 3796 2586 3855 οὗ
2604 3796 2681 3870 ἦν
2699 3818 2711 3829 ·
2731 3799 2961 3872 ᾤκτειρε
2978 3800 3038 3854 τὸ
3052 3802 3278 3862 παιδίον.
3294 3805 3493 3876 ἠλέησε

1823 3885 1920 3956 τὴν
1951 3884 2238 3957 συμφορὰν
2261 3884 2359 3955 τῆς
2398 3883 2581 3965 ’Ἅγαρ
2603 3899 2616 3912 ’
2651 3881 3028 3965 συνεχώρησεν
3052 3884 3304 3955 αἴσθησιν
3324 3887 3493 3959 αὐτὴν

1823 3969 2008 4023 λαϐεῖν
2045 3969 2144 4039 τῆς
2181 3965 2439 4038 ἐρημίας,
2473 3964 2568 4019 καὶ
2596 3966 2799 4029 εὐθέως
2830 3964 2932 4037 τὴν
2960 3968 3091 4038 παρ’
3123 3968 3317 4022 ἐαυτοῦ
3346 3970 3493 4022 ἀντί-

1822 4051 1984 4123 ληψιν
2010 4050 2317 4123 ἐχαρίσατο.
2349 4047 2500 4122 [469]
2540 4047 2650 4101 Καὶ
2677 4047 2964 4115 ἐκάλεσε,
3000 4050 3188 4121 φησὶν,
3238 4051 3494 4123 ἅγγελος

1825 4135 1929 4189 τοῦ
1950 4136 2098 4190 Θεοῦ
2120 4132 2236 4203 τὴν
2254 4133 2431 4203 ’Ἅγαρ
2450 4132 2517 4186 ὲκ
2540 4130 2648 4185 τοῦ
2679 4132 2960 4200 οὐρανοῦ,
2988 4136 3085 4187 καὶ
3111 4129 3280 4188 εἶπεν
3304 4137 3456 4206 αὐτῇ
3476 4157 3491 4171 ο

1829 4221 1890 4275 Τί
1906 4220 2099 4284 ἐστιν,
2124 4218 2302 4287 Ἅγαρ
2315 4232 2335 4279 ;
2358 4216 2455 4285 Μὴ
2478 4216 2667 4286 φοϐοῦ
2685 4235 2699 4248 ·
2724 4218 3027 4284 ἐπακήκοε
3044 4220 3155 4288 γὰρ
3173 4223 3204 4273 ό
3224 4222 3365 4287 Θεῶς
3382 4221 3493 4289 τῆς

1822 4302 2028 4373 φωνῆς
2048 4301 2155 4356 τοῦ
2176 4300 2415 4354 παιδίου
2431 4315 2547 4353 σου
2575 4300 2643 4353 ἐκ
2666 4299 2773 4354 τοῦ
2792 4301 2979 4354 τόπου
3002 4298 3073 4357 οὗ
3098 4304 3287 4358 ἐστιν.
3334 4305 3492 4359 Ἀνά-

1823 4388 2021 4453 στηθι,
2069 4384 2216 4439 λάϐε
2244 4382 2310 4436 τὸ
2346 4380 2608 4446 παιδίον,
2655 4382 2751 4438 καὶ
2787 4385 3097 4452 κρότησον
3138 4387 3247 4455 τῆς
3295 4389 3494 4458 χειρὸς

1821 4463 2010 4520 αὐτοῦ
2033 4480 2048 4495 ·
2088 4466 2177 4529 εἰς
2204 4464 2315 4532 γὰρ
2352 4464 2526 4528 ἔθνος
2551 4462 2706 4532 μέγα
2739 4464 2971 4530 ποιήσω
2999 4468 3165 4520 αὐτό.
3206 4469 3269 4520 Ὤ
3313 4470 3494 4538 φιλοιν⁴

1825 4548 2074 4621 θρωπίας
2108 4547 2401 4601 Δεσπότου.
2433 4548 2548 4599 υὺκ
2574 4547 2765 4618 ἐπειδὴ
2792 4549 3049 4621 παιδίσκη
3081 4546 3172 4622 ἦν.
3210 4551 3491 4624 ὑπερεῖδεν

1823 4632 2013 4703 αὐτὴν,
2041 4631 2159 4685 ἀλλ’
2197 4631 2384 4703 ἐπειδὴ
2420 4631 2749 4699 ἐπαγγελίαν
2782 4632 3076 4703 ἐποιήσατο
3112 4635 3245 4705 πρὸς
3273 4636 3363 4689 τὸν
3386 4655 3491 4691 πα-

1821 4715 2113 4787 τριάρχην,
2144 4715 2238 4767 καλ⁸
2283 4714 2470 4785 ἐπειδὴ
2501 4714 2709 4768 ἐκείνου
2748 4715 2809 4768 τὸ
2839 4716 3061 4787 σπέρμα
3094 4718 3375 4789 ἐτύγχανε,
3402 4738 3489 4773 το-

1824 4798 2028 4870 σαύτης
2059 4797 2315 4869 προνοίας
2354 4798 2448 4850 καὶ
2476 4796 2646 4868 αὐτὴν
2676 4797 2834 4864 ἀξιοῖ,
2870 4799 2963 4851 καί
3001 4815 3165 4869 φησι·
3209 4800 3273 4853 Τί
3294 4802 3484 4864 ἐστιν,

1823 4882 2027 4952 "Amp;
2060 4881 2160 4951 Μὴ
2193 4881 2400 4951 φοϐοῦ
2431 4880 2741 4948 ἐπήκουσε
2768 4881 2876 4949 γὰρ
2906 4884 2937 4935 ό
2980 4883 3123 4948 Θεὸς
3151 4882 3261 4951 τῆς
3282 4883 3488 4952 φωνῆς

1817 4967 1925 5021 τοῦ
1945 4966 2206 5020 παιδίου.
2224 4964 2387 5019 Ἀνάο
2400 4968 2534 5032 τηθι.
2567 4965 2662 5018 καί
2688 4963 2834 5017 λάϐε
2857 4964 3024 5029 αὐτὸ,
3043 4963 3141 5016 καὶ
3183 4964 3489 5032 κράτησον

1817 5046 1929 5116 τῆς
1962 5044 2160 5116 χειρὸς
2199 5044 2413 5099 αὐτοῦ’
2437 5046 2521 5109 εἰς
2546 5044 2654 5113 γὰρ
2677 5042 2851 5108 ἔθνος
2866 5041 3019 5111 μέγα
3054 5042 3286 5109 παύσω
3313 5047 3481 5102 αὐτό·

1817 5128 1909 5199 Μὴ
1936 5127 2158 5197 ἀθύμει,
2190 5125 2343 5196 φησὶ,
2367 5122 2458 5177 διὰ
2475 5124 2536 5175 τὸ
2569 5120 2897 5191 ἐκϐληθῆναι
2918 5138 2977 5173 σε
3010 5121 3106 5190 τῆς
3138 5121 3335 5186 οἰκίας.
3353 5125 3487 5179 Τοσ-

1820 5208 1991 5280 αύτης
2021 5207 2130 5278 γάρ
2160 5205 2526 5260 ἀπολαύσεται
2552 5204 2648 5272 τῆς
2678 5204 2808 5273 παρ’
2828 5200 2962 5273 ἐμοῦ
2992 5202 3269 5272 προνοίας,
3292 5204 3366 5268 ὡς
3391 5206 3486 5260 καὶ

1820 5294 1900 5354 εἰς
1932 5289 2084 5351 ἔθνος
2106 5286 2258 5359 μέγα
2290 5283 2544 5355 γενέσθαι
2588 5285 2683 5337 καὶ
2732 5285 2882 5337 αὑτό.
2919 5285 3031 5338 Καὶ
3069 5284 3294 5353 ἤνοιξε,
3327 5290 3480 5359 φησί,

1820 5372 1961 5440 τοὺς
1976 5370 2281 5441 ὀφαλμοὺς
2299 5367 2491 5436 αὐτῆς
2505 5385 2519 5400 ·
2544 5368 2642 5421 οὐκ
2662 5367 2850 5438 ἐπειδὴ
2868 5369 2973 5439 πρὸ
2994 5368 3180 5423 τούτου
3197 5372 3295 5443 οὐχ
3313 5374 3478 5444 ἐώρα.

1819 5458 1934 5513 ἀλλ’
1969 5454 2158 5527 ἐπειδὴ
2188 5454 2284 5507 καὶ
2308 5452 2417 5507 τῶν
2446 5451 2738 5522 ὀφθαλμῶν
2769 5452 3128 5523 ἀνεῳγμένων
3165 5456 3318 5509 οὐδὲν
3345 5458 3481 5531 αὐτῇ

1819 5541 2014 5611 ὄφελος
2064 5539 2279 5607 ἐγένετο
2307 5536 2412 5609 πρὸ
2440 5537 2537 5606 τῆς
2582 5534 2787 5590 ἀνωθεν
2822 5537 3147 5606 ἐπισκοπῆς.
3177 5538 3276 5591 Διά
3303 5540 3479 5608 τοῦτο,

1828 5626 1917 5680 ὅτε
1949 5621 2213 5694 ἐϐουλήθη
2244 5620 2340 5693 τὴν
2368 5622 2497 5692 παρ’
2514 5619 2708 5672 ἐαυτοῦ
2741 5620 3066 5692 κηδεμονίαν
3090 5622 3478 5690 ἐπιδείξασθαι,

1820 5709 2006 5781 φησὶν,
2059 5706 2296 5774 Ἁνέῳξε
2343 5705 2482 5770 τοὺς
2528 5705 2873 5774 ὀφθαλμοὺς
2922 5706 3143 5775 (ιὺτῆς’
3193 5709 3313 5761 ἀντὶ
3358 5707 3473 5774 τοῦ,

1830 5791 2278 5864 ’Υπέδειξεναύτῇ
2297 5788 2579 5860 ἀγνοούσῃ,
2598 5788 2695 5858 τὴν
2719 5788 2953 5843 διάνοιαν
2989 5790 3159 5858 αὐτῆς
3186 5790 3471 5861 διέγειρεν,

1815 5879 2093 5949 ὡδήγησεν
2117 5874 2307 5947 αὐτὴν,
2341 5873 2481 5926 ὥστε
2514 5872 2642 5925 ἰδεῖν
2670 5872 2763 5926 τὸν
2786 5872 2952 5926 τόπον
2986 5873 3076 5926 τὸν
3105 5872 3472 5937 ἀναϐλύζοντα

1819 5962 1912 6017 τοῦ
1949 5961 2134 6025 ὓδατος
2165 5959 2258 6023 τὰς
2301 5957 2497 6029 πηγάς.
2528 5957 2638 6010 Καὶ
2671 5953 2811 6023 εἶδε,
2854 5958 3007 6028 φησι,
3040 5957 3225 6025 φρέαρ
3258 5956 3459 6014 ὓδατος
