3792 6266
72 295 181 353 425

72 426 258 475 utrem,
297 421 343 466 et
372 412 561 482 potauit
586 428 817 482 puerum.
851 413 908 468 in
953 414 1110 469 inviis
1138 416 1274 469 viam
1322 412 1580 483 prmbuit,
1610 417 1665 464 et

73 504 344 572 perplexa:
371 504 535 557 menti
560 502 862 574 nullamque
884 505 1070 559 salutis
1086 519 1234 575 Spem
1258 504 1492 567 habenti,
1513 518 1660 557 suam

73 594 454 648 liberalitatem
484 594 745 657 exhibuit,
779 595 941 649 simul
961 610 1079 649 eam
1104 594 1406 655 consolans,
1431 602 1483 647 et
1516 592 1662 662 pueri

69 700 260 739 curam
286 698 467 753 agens.
495 684 592 745 .Sic
620 684 1065 755 quandocumque
1090 685 1317 738 voluerit
1338 685 1475 737 Deus
1496 725 1510 748 ,
1544 684 1666 737 licet

71 779 121 828 in
158 776 448 830 solitudine
474 775 664 838 simus,
696 784 752 830 et
772 776 824 829 in
852 777 1106 830 extremis
1126 775 1517 840 alllictionibus,
1545 774 1665 827 nul-

72 871 293 940 lamque
322 885 471 938 spem
517 871 705 924 salutis
730 869 1045 933 habeamus,
1087 870 1232 923 nullo
1273 868 1377 923 alio
1408 884 1538 936 opus
1568 868 1665 920 ha-

70 961 340 1024 bebimus,
387 960 568 1015 divino
610 961 809 1014 auxilio
852 961 1005 1014 nobis
1040 962 1217 1013 omnia
1264 957 1660 1029 suppeditante.

67 1050 207 1104 Nam
224 1051 271 1105 si
294 1050 410 1119 ejus
429 1051 849 1105 benevolentiam
874 1051 1027 1105 nobis
1042 1050 1522 1115 conciliaverimus,
1551 1050 1667 1103 nul-

69 1145 156 1199 lns
204 1144 361 1198 nobis
404 1143 736 1213 prievalebit,
782 1143 877 1198 sed
928 1158 1025 1198 nos
1071 1144 1375 1213 superiores
1417 1143 1667 1197 omnibus

68 1236 295 1289 erimus.
328 1234 417 1289 20.
452 1234 518 1288 Et
538 1246 646 1290 erat
674 1234 817 1290 Deus
840 1251 954 1288 eum
982 1251 1167 1307 puero,
1197 1235 1392 1305 inquit,
1422 1245 1469 1289 et
1490 1239 1664 1301 crevit,

67 1338 117 1380 et
144 1329 389 1382 habitauit
429 1330 482 1382 in
510 1328 801 1382 solitudine.
834 1328 923 1383 Sic
959 1327 1174 1397 quando
1215 1328 1445 1383 amicum
1485 1339 1538 1383 et
1569 1329 1666 1383 be-

69 1424 327 1477 nevolum
352 1422 608 1478 habemus
629 1422 821 1489 Deum,
844 1421 1053 1476 etiamsi
1074 1421 1124 1475 in
1152 1420 1367 1476 deserto
1387 1421 1663 1489 fuerimus,

69 1516 249 1568 multo
276 1514 577 1568 securiores
600 1513 859 1579 vivemus,
890 1528 1049 1581 quam
1085 1511 1122 1567 ii
1146 1512 1235 1581 qui
1280 1511 1331 1565 in
1364 1511 1664 1567 civitatibus

71 1614 380 1660 versantur.
409 1604 639 1659 Maxima
682 1603 825 1659 enim
856 1603 1116 1658 securitas
1150 1614 1201 1657 et
1242 1602 1665 1673 inexpugnabilis

70 1717 265 1757 murus
292 1710 372 1755 est
398 1700 655 1755 auxilium
685 1699 945 1755 divinum.
977 1699 1043 1753 Et
1073 1706 1132 1753 ut
1168 1697 1365 1763 discas,
1393 1696 1665 1768 quomodo

70 1797 162 1865 qui
191 1794 246 1848 in
274 1792 653 1848 solitudinibus
678 1792 808 1862 agit,
835 1792 1074 1846 securior
1100 1790 1190 1853 sit,
1219 1797 1275 1845 et
1305 1791 1571 1859 potentior
1600 1790 1664 1844 iis

70 1888 161 1955 qui
194 1887 250 1939 in
282 1884 472 1939 mediis
496 1884 799 1940 civitatibus
828 1892 1128 1946 versantur,
1157 1881 1357 1951 ingenti
1388 1876 1663 1935 hominum

75 1975 330 2045 prcesidio
362 1975 505 2038 freti,
535 1974 811 2029 videamus
852 1973 1118 2044 quomodo
1147 1971 1311 2026 David
1345 1971 1413 2026 de
1448 1972 1567 2026 loco
1608 1971 1661 2025 in

74 2070 254 2121 locum
287 2068 569 2132 transiens,
602 2075 659 2122 et
683 2067 833 2137 quasi
860 2068 1119 2122 erraticus
1146 2080 1363 2137 vagans,
1394 2083 1550 2119 manu
1577 2081 1666 2120 sn-

74 2176 243 2229 perna
267 2161 502 2214 munitus
526 2159 720 2215 fuerit:
748 2160 874 2215 Sani
896 2168 1073 2215 autem
1096 2175 1215 2215 cum
1239 2168 1381 2214 eSSCl
1407 2161 1457 2214 in
1478 2160 1665 2215 mediis

72 2252 402 2317 civitatibus,
436 2261 488 2305 et
516 2261 718 2305 tantum
758 2265 938 2305 secum
968 2251 1187 2306 duceret
1217 2253 1506 2306 exercitum
1531 2291 1547 2317 ,
1576 2266 1667 2306 sa-

74 2346 276 2400 tellites
306 2344 512 2399 habens
540 2355 594 2399 et
622 2346 941 2414 armigeros,
973 2345 1209 2415 quotidie
1231 2344 1448 2399 timebat
1475 2356 1527 2399 et
1558 2354 1662 2401 tre-

76 2437 260 2490 mebat
313 2436 651 2490 inimicorum
702 2437 921 2492 insidias
971 2435 1048 2507 (l.
1114 2437 1241 2509 Reg.
1298 2439 1411 2509 17).
1465 2439 1528 2492 Et
1578 2439 1669 2494 ille

76 2529 317 2597 quidem,
358 2527 447 2598 qui
478 2527 624 2582 solus
650 2536 785 2593 erat,
818 2528 1126 2599 nullumque
1154 2529 1313 2582 alium
1346 2545 1526 2584 secum
1569 2530 1668 2583 ha-

80 2623 260 2687 bebat,
293 2636 400 2675 non
428 2620 691 2691 indigebat
718 2620 951 2675 humano
982 2622 1228 2692 pra-sidio
1253 2639 1265 2674 :
1298 2623 1381 2678 hic
1406 2640 1531 2678 vero
1557 2624 1671 2679 dia-

80 2714 295 2768 demate
316 2713 615 2777 redimitus,
636 2724 687 2768 et
706 2728 939 2784 purpura
962 2714 1196 2781 indutus,
1218 2713 1357 2770 illius
1375 2717 1571 2771 auxilio
1590 2717 1671 2771 in-

78 2806 314 2874 digebat,
337 2814 391 2861 et
412 2808 523 2877 regi
548 2822 682 2876 Opus
703 2819 823 2862 erat
837 2809 1063 2877 pastoris
1085 2824 1268 2879 opera,
1292 2820 1344 2865 et
1369 2811 1668 2868 diademate

81 2896 335 2951 redimito
361 2898 551 2966 privati
579 2897 676 2952 viri
718 2898 1086 2967 adjumentum
1128 2903 1483 2957 necessarium
1531 2914 1664 2959 erat.

150 2991 205 3044 5.
244 2988 394 3043 Nihil
415 2994 664 3059 potentius
694 3009 751 3047 eo
774 2993 861 3063 qui
886 2990 981 3046 Dei
1007 2994 1200 3049 auxilio
1231 2997 1452 3050 munitus
1481 3008 1572 3052 est.
1598 3028 1671 3038 â€”

76 3080 183 3134 Sed
210 3082 257 3134 si
290 3080 447 3135 vultis
470 3122 486 3145 ,
526 3083 802 3153 aliquanto
848 3087 1095 3155 superius
1125 3087 1319 3142 seriem
1362 3087 1519 3160 hujus
1558 3106 1671 3145 ser-

78 3174 258 3227 monis
283 3182 545 3242 petamus,
581 3185 634 3228 ut
660 3174 804 3230 omni
832 3175 931 3230 hac
957 3176 1176 3232 hiStoria
1206 3178 1256 3232 in
1280 3180 1510 3235 medium
1544 3198 1669 3251 pro-

77 3264 261 3327 ducta,
291 3265 560 3319 discnmus
576 3266 705 3320 nihil
732 3266 922 3322 fortius
942 3285 1060 3323 esse
1084 3270 1198 3324 viro
1219 3272 1422 3326 munito
1442 3288 1670 3344 superna

78 3357 288 3424 gratia,
335 3365 391 3411 et
433 3357 565 3411 nihil
616 3358 877 3415 infirmius
922 3376 988 3415 eo
1029 3362 1119 3433 qui
1171 3362 1271 3419 huc
1300 3366 1540 3433 privatus
1565 3376 1670 3436 est,

80 3450 293 3503 etiamsi
349 3450 644 3505 innumeris
690 3452 1053 3509 eircmndetur
1097 3457 1440 3512 exercitibus.
1509 3457 1673 3529 Igitur

82 3542 250 3597 David
278 3543 365 3598 ille
389 3558 509 3598 cum
540 3544 715 3600 adhuc
736 3545 1050 3601 adolescens
1080 3548 1149 3601 ob
1175 3547 1514 3604 immaturam
1541 3560 1672 3606 aita-

82 3646 188 3689 tem
218 3635 271 3688 in
297 3645 514 3703 paterna
539 3636 699 3691 domo
723 3646 1045 3699 versaretur,
1070 3640 1321 3708 quoniam
1344 3651 1551 3710 tempus
1573 3643 1673 3696 ali-

81 3728 303 3796 quando
339 3727 657 3795 exposcebat
690 3735 747 3782 ut
776 3728 973 3783 clarior
1012 3729 1125 3799 ers
1152 3729 1304 3785 fieret
1331 3732 1531 3796 virtus,
1572 3732 1672 3787 ad-

82 3824 321 3874 monitus
348 3836 377 3873 a
407 3830 553 3889 patre
584 3828 640 3875 ut
666 3820 854 3875 fratres
883 3837 1007 3876 suos
1031 3823 1307 3890 inviseret,
1340 3823 1675 3893 obtempera-

83 3913 176 3979 vit,
210 3922 267 3967 et
296 3912 491 3966 missus
510 3921 592 3966 est
619 3912 683 3967 ad
710 3928 822 3968 eos.
854 3913 1021 3967 Porro
1049 3929 1171 3968 cum
1197 3914 1263 3969 ad
1291 3914 1413 3970 illos
1438 3916 1677 3970 venisset

83 4006 349 4060 invisendi
395 4005 593 4076 gratia,
638 4005 723 4060 ubi
758 4005 887 4062 vidit
929 4008 1240 4062 instructam
1283 4008 1453 4064 aciem
1479 4018 1663 4064 contra

84 4097 440 4166 alienigenam
471 4096 710 4163 Goliath,
755 4104 810 4152 et
834 4113 1046 4153 omnem
1087 4100 1339 4169 populum
1366 4101 1515 4170 juxta
1542 4101 1677 4157 Sail-

85 4190 187 4242 lem
226 4187 510 4242 formidine
536 4188 857 4257 perculsum,
889 4203 1175 4259 regemque
1199 4192 1369 4261 ipsum
1394 4192 1446 4246 in
1469 4209 1678 4247 summo

86 4281 437 4335 constitutum
464 4280 700 4349 periculo
720 4322 736 4348 ,
780 4289 906 4334 tunc
934 4291 1205 4349 spectator
1245 4283 1413 4338 voluit
1442 4300 1562 4341 esse
1580 4326 1594 4351 ,
1623 4294 1677 4341 et

88 4373 221 4426 abiit
247 4382 305 4426 ut
333 4370 539 4427 videret
570 4386 761 4425 novum
789 4380 843 4425 et
883 4387 1061 4427 rarum
1088 4375 1452 4444 spectaculum
1474 4418 1489 4442 ,
1536 4376 1679 4447 quod

91 4483 229 4520 unus
268 4466 430 4521 homo
477 4466 733 4520 adversus
774 4473 854 4520 tot
888 4466 1049 4520 millia
1091 4480 1149 4521 se
1180 4470 1431 4538 erigeret.
1486 4469 1679 4524 Verum

92 4559 288 4613 fratres
314 4559 431 4628 ejus
471 4573 574 4612 non
607 4557 837 4613 ferentes
869 4568 974 4612 tam
1005 4559 1144 4613 altos
1170 4558 1497 4616 fortitudinis
1524 4562 1680 4632 spiri-

91 4664 176 4704 tus
200 4694 213 4713 ,
247 4650 517 4719 provocati
547 4660 671 4704 sunt
708 4650 760 4704 in
791 4650 1076 4718 invidiam,
1118 4659 1174 4705 et
1197 4650 1380 4707 dicunt
1407 4653 1473 4708 ad
1508 4670 1630 4710 eum
1663 4672 1678 4710 Îµ

94 4743 215 4797 Non
236 4744 342 4796 alia
358 4744 419 4796 de
433 4760 586 4797 causa
606 4744 798 4809 venisti,
823 4760 973 4811 quam
990 4752 1041 4797 ul
1058 4743 1240 4798 bellum
1254 4746 1441 4801 videres
1455 4748 1501 4817 (l
1517 4788 1531 4803 .
1552 4747 1681 4821 Reg.

92 4839 179 4890 l7.
207 4836 347 4905 28)?
394 4835 509 4889 Non
538 4836 679 4890 enim
712 4834 901 4889 venisti
926 4836 1093 4890 nostri
1120 4851 1302 4903 causa,
1333 4848 1390 4892 ut
1421 4854 1517 4894 nos
1548 4841 1679 4896 invi-

91 4945 262 4983 seres.
314 4929 383 4982 At
413 4938 467 4980 tn
497 4927 617 4981 vide
648 4926 803 4997 hujus
842 4927 1176 4997 prudentiam
1214 4938 1268 4983 et
1315 4933 1683 4989 mansuetudi-

93 5038 236 5074 nem.
268 5018 410 5074 Nihil
444 5020 817 5085 temerarium,
849 5035 1023 5090 neque
1041 5036 1288 5091 asperum
1313 5024 1390 5077 cis
1417 5024 1681 5094 loquitur:

92 5111 189 5167 sed
217 5111 519 5181 reprimens
560 5126 744 5166 eorum
786 5109 1088 5179 flammam,
1122 5122 1176 5168 et
1198 5113 1509 5170 demulceus
1545 5116 1685 5171 invi-

88 5206 275 5270 diam,
331 5205 543 5274 inquit:
577 5202 842 5275 Numquid
883 5204 1084 5259 verbum
1132 5215 1205 5260 esl
1250 5205 1411 5277 (Ibid.
1464 5225 1510 5261 Ï….
1553 5209 1685 5280 29)?

91 5297 393 5367 Numquid,
438 5298 629 5365 inquit,
676 5297 884 5353 vidistis
915 5313 1001 5354 me
1028 5314 1173 5355 arma
1204 5302 1481 5371 arripere?
1526 5320 1683 5358 umn-

92 5389 219 5457 quid
251 5386 461 5442 vidiStis
493 5403 578 5442 me
604 5388 839 5443 ordinari
869 5404 991 5444 cum
1019 5393 1228 5445 czrteris
1261 5392 1312 5445 in
1345 5393 1504 5447 acie?
1544 5394 1684 5447 Tan-

94 5491 208 5534 tum
238 5480 423 5534 videre
457 5480 639 5545 volui,
692 5492 748 5535 et
794 5482 1125 5552 interrogare
1153 5484 1292 5540 unde
1323 5486 1445 5542 huic
1480 5494 1682 5543 tantum

94 5574 343 5627 insaniae.
394 5572 519 5640 Quis
554 5574 685 5627 enim
718 5584 791 5627 est
816 5575 1102 5647 alienigena
1136 5578 1257 5641 iste,
1304 5580 1390 5648 qui
1415 5581 1685 5650 exprobrat

95 5667 375 5720 Â«territum
402 5666 497 5719 Dei
525 5667 729 5721 viventis
759 5666 920 5737 (Ibid.
952 5685 1000 5722 Ï….
1027 5669 1162 5742 26)?
1210 5672 1399 5728 Postea
1431 5691 1552 5729 cum
1592 5694 1684 5730 au-

95 5761 240 5814 diret
286 5757 431 5813 illius
476 5759 832 5831 blasphemias
857 5774 910 5817 et
949 5765 1342 5836 arrogantiam.
1382 5776 1436 5823 ct
1479 5768 1684 5827 videret

1071 296 1137 355 Î™Î
1173 298 1327 356 CAP.
1369 294 1508 352 XXI.
1542 284 1785 347 GENES.
1833 288 2058 347 llOlllL.
2103 290 2286 348 XLVI.

3246 302 3351 360 4'26

1774 406 2181 493 trepidationem
2221 426 2405 466 eorum
2443 412 2535 482 qui
2578 428 2698 469 cum
2728 416 2855 472 Saiil
2896 429 3081 489 erant,
3133 420 3347 492 inquit:

1769 498 1906 565 Quid
1933 501 2035 555 erit
2065 502 2179 557 viro
2202 544 2217 569 ,
2263 506 2355 574 qui
2402 505 2543 561 illius
2582 521 2737 577 caput
2765 512 3099 567 exsecuerit?
3150 515 3213 567 Et
3241 532 3354 569 ma-

1768 602 1930 660 gnum
1957 593 2120 647 animi
2150 593 2313 649 robur
2354 596 2435 651 his
2474 599 2651 653 verbis
2688 601 3042 669 ostendebat,
3088 586 3275 660 onines
3301 608 3353 661 in

1770 684 2171 742 admirationem
2200 688 2488 744 adducens.
2536 690 2660 747 Haec
2689 701 2740 745 ut
2772 695 3023 764 cognovit
3053 695 3201 765 Sat'tl,
3233 699 3356 755 mit-

1773 775 1832 827 tit
1858 774 1922 828 ad
1948 775 2198 844 juvenem
2222 820 2237 844 ,
2269 780 2358 849 qui
2388 790 2582 849 printer
2603 785 2928 852 pastoritâ€™am
2958 794 3126 842 artem
3152 790 3357 846 sciebat

1772 865 1903 919 nihil
1936 885 1950 920 :
1974 877 2025 921 et
2053 879 2108 921 ut
2130 868 2257 923 vidit
2282 873 2398 938 ejus
2422 880 2653 940 atatem,
2683 875 2957 944 vilipendit
2986 893 3125 932 eum.
3153 880 3356 937 Deinde

1770 971 1890 1011 cum
1918 959 2187 1015 didicisset
2206 976 2274 1016 ex
2301 976 2366 1017 eo
2385 1002 2402 1029 ,
2432 964 2699 1032 quomodo
2728 982 2847 1020 cum
2875 970 3015 1025 ursis
3042 972 3241 1042 egisset
3266 974 3353 1041 qui

1769 1065 1959 1120 greges
1986 1067 2112 1107 suos
2138 1053 2478 1110 invaserant:
2505 1069 2722 1114 coactus
2742 1061 2883 1115 enim
2910 1062 3006 1117 fuit
3025 1064 3354 1119 admirabilis

1772 1142 1861 1197 ille
1893 1144 1977 1197 vir
2006 1143 2123 1198 haec
2148 1161 2399 1213 narrare,
2431 1148 2619 1203 nolens
2640 1148 2763 1205 hinc
2793 1166 2979 1205 vanam
3009 1154 3231 1223 gloriam
3261 1173 3357 1208 an-

1771 1234 1956 1303 cupari
1982 1274 1997 1300 ,
2036 1236 2129 1290 sed
2169 1238 2221 1291 in
2260 1240 2577 1294 necessitate
2599 1242 2938 1305 constitutus.
2968 1255 3022 1299 et
3046 1255 3101 1298 ut
3132 1246 3203 1299 illi
3235 1248 3353 1300 ani-

1772 1341 1917 1378 mum
1944 1325 2186 1392 adderet,
2218 1336 2272 1383 et
2300 1344 2367 1383 ne
2394 1338 2659 1400 spectaret
2683 1332 2749 1386 ad
2772 1332 3028 1388 vilitatem
3055 1336 3169 1405 ejus
3197 1352 3355 1406 quem

1771 1416 2003 1482 videbat,
2036 1419 2131 1474 sed
2151 1420 2216 1474 ad
2246 1420 2405 1476 fidem
2428 1438 2546 1492 qua:
2571 1423 2892 1479 intrinsecus
2916 1426 3134 1492 latebat,
3164 1444 3354 1498 super-

1771 1524 2003 1579 numque
2031 1511 2284 1567 auxilium
2311 1528 2416 1582 quo
2442 1512 2753 1569 adolescens
2785 1515 3002 1571 inermis
3030 1518 3155 1572 viris
3180 1536 3357 1575 arma-

1773 1601 1840 1655 tis
1867 1612 1921 1657 et
1950 1614 2131 1673 pastor
2156 1605 2414 1661 militibus
2436 1605 2623 1661 fortior
2646 1617 2762 1662 erat
2791 1626 2805 1663 :
2834 1624 2961 1679 ergo
2988 1611 3073 1665 ubi
3105 1628 3195 1667 rex
3224 1612 3355 1667 vidit

1768 1694 1931 1749 animi
1975 1695 2090 1765 ejus
2134 1695 2411 1763 fiduciam,
2452 1697 2561 1752 suis
2589 1698 2737 1753 illum
2767 1701 2932 1755 armis
2962 1700 3183 1758 induere
3209 1704 3358 1758 volcâ€”

1771 1785 1897 1852 bat;
1941 1787 2154 1843 indutus
2180 1802 2358 1845 autem
2389 1806 2451 1845 ea
2484 1790 2622 1847 ferre
2649 1808 2756 1847 non
2788 1794 2974 1863 potuit.
3025 1796 3136 1851 Hoc
3178 1808 3356 1853 auten.

1772 1878 1967 1936 factum
2010 1890 2091 1936 est
2113 1924 2129 1948 ,
2163 1892 2219 1936 ut
2248 1883 2414 1937 virtus
2440 1883 2557 1948 Dei,
2586 1899 2703 1954 qua:
2741 1901 2837 1955 per
2864 1901 2984 1940 eum
3015 1888 3356 1957 operabatur,

1772 1974 2049 2030 manifesta
2094 1985 2519 2042 monstraretur,
2570 1985 2624 2030 et
2669 1991 2773 2031 non
2816 1978 2981 2032 armis
3005 1994 3123 2049 qua:
3164 1979 3359 2034 fiebant

1770 2065 2220 2121 adscriberentur.
2270 2066 2403 2121 Nam
2433 2069 2682 2138 quoniam
2733 2069 2945 2123 indutus
2972 2069 3079 2125 illis
3098 2073 3362 2141 gravaba.

1775 2167 1880 2221 tur,
1915 2167 1971 2211 et
1998 2158 2174 2213 minus
2211 2159 2490 2229 expeditus
2526 2168 2674 2224 erat,
2704 2160 2949 2230 deposuit
2975 2179 3120 2217 arma
3141 2205 3157 2229 ,
3186 2174 3239 2218 et
3266 2180 3360 2220 ac-

1772 2261 1924 2320 cepta
1948 2266 2072 2321 pera
2091 2253 2340 2321 pastorali
2368 2262 2421 2307 et
2448 2253 2704 2320 siliczbus,
2729 2264 2910 2308 contra
2942 2270 3193 2311 carneam
3216 2256 3357 2310 illam

1777 2343 1962 2396 turrim
1993 2357 2240 2413 egressus
2266 2352 2368 2398 est.
2402 2343 2507 2399 Sed
2540 2343 2661 2399 vide
2691 2345 2883 2398 iterum
2909 2345 3258 2415 alienigenam
3288 2347 3351 2399 ad

1775 2434 2028 2489 vilitatem
2059 2435 2233 2490 artatis
2257 2445 2585 2505 spectantem
2610 2478 2624 2500 ,
2651 2444 2705 2491 et
2729 2436 2798 2491 ob
2825 2435 2925 2491 hoc
2952 2437 3360 2506 vilipendentem

1772 2527 1975 2596 justum
1998 2527 2169 2592 illum,
2197 2536 2251 2583 et
2275 2529 2425 2599 quasi
2452 2541 2636 2583 contra
2654 2542 2873 2599 puerum
2903 2528 3156 2584 humilem
3181 2530 3361 2586 verbis

1778 2620 2160 2688 insurgentem.
2189 2618 2321 2673 Nam
2352 2630 2628 2690 postquam
2658 2620 2788 2673 vidit
2815 2635 2936 2674 eum
2967 2636 3088 2673 cum
3114 2622 3364 2688 pastor.di

1779 2726 1904 2780 pera
1935 2719 2119 2765 contra
2149 2726 2206 2766 se
2232 2712 2643 2767 contendentem
2667 2753 2685 2778 ,
2731 2723 2786 2768 et
2811 2712 3013 2782 lapides
3039 2712 3206 2767 solem
3232 2712 3364 2769 affe-

1780 2812 2010 2867 rentem,
2042 2803 2095 2858 in
2132 2803 2273 2859 hunc
2300 2802 2468 2859 ferme
2509 2804 2724 2859 modum
2756 2820 2876 2859 eum
2906 2805 3211 2873 alloquutus
3236 2818 3317 2860 est
3349 2824 3362 2860 :

1781 2893 1980 2949 Potasti
2010 2903 2061 2949 te
2100 2894 2275 2950 adhuc
2303 2895 2443 2964 apud
2479 2911 2608 2951 oves
2632 2910 2752 2951 esse
2776 2937 2791 2962 ,
2837 2906 2892 2951 et
2918 2912 3079 2951 canes
3108 2897 3367 2967 quosdam

1782 2988 2066 3058 persequi?
2106 2995 2161 3043 et
2202 2987 2271 3041 ita
2297 2988 2580 3043 adversum
2606 3004 2727 3056 me,
2773 2987 2925 3058 quasi
2963 2998 3149 3043 contra
3175 3004 3365 3043 canem

1782 3081 2152 3137 instrumentis
2178 3080 2281 3136 illis
2312 3082 2622 3149 instructus,
2655 3081 2706 3136 in
2738 3096 2967 3152 pugnam
2992 3082 3226 3136 venisti?
3257 3091 3367 3138 sta-

1785 3174 1880 3228 tim
1909 3173 2237 3244 experientia
2264 3174 2440 3228 disces
2465 3188 2572 3228 non
2622 3173 2714 3228 tibi
2746 3189 2867 3227 cum
2912 3172 3128 3229 homine
3162 3175 3368 3245 vulgari

1785 3267 1985 3322 bellum
2010 3281 2150 3323 esse.
2203 3267 2274 3321 Et
2298 3280 2427 3322 usus
2447 3280 2639 3338 magno
2666 3267 2951 3321 verborum
2981 3268 3149 3331 fastu,
3180 3283 3373 3338 propeâ€”

1786 3360 1959 3425 rabat,
1983 3368 2414 3429 armaturamque
2433 3374 2582 3413 suam
2601 3374 2818 3414 onmem
2848 3360 3115 3425 movebat,
3140 3375 3203 3414 ac
3224 3375 3372 3417 arma

1785 3453 2085 3508 esserebat.
2140 3452 2203 3506 Et
2246 3452 2359 3522 ipse
2396 3452 2610 3521 quidem
2645 3468 2913 3506 armorum
2946 3453 3137 3508 virtute
3178 3453 3369 3519 fidens,

1786 3561 2013 3614 pugnam
2056 3545 2209 3599 inivit
2238 3562 2252 3598 :
2288 3544 2451 3597 David
2476 3553 2653 3598 autem
2686 3544 2790 3598 fide
2809 3586 2824 3606 ,
2864 3560 3203 3616 supernoque
3231 3561 3371 3615 pne-

1784 3636 1921 3689 sidio
1964 3636 2219 3689 muniltts.
2270 3634 2334 3689 Et
2363 3635 2509 3704 prius
2544 3633 2719 3688 verbis
2743 3635 3057 3705 alienigena:
3086 3636 3370 3691 elationem

1784 3737 1841 3785 et
1868 3729 2208 3799 supercilium
2235 3728 2544 3794 decutiens,
2574 3736 2631 3780 ut
2658 3727 2790 3781 dixit
2819 3726 2886 3783 ad
2917 3743 3039 3783 eum
3073 3744 3086 3781 :
3116 3727 3193 3781 Tn
3223 3729 3371 3783 venis

1783 3821 1850 3876 ad
1889 3837 1975 3877 me
2000 3820 2052 3875 in
2079 3820 2241 3875 armis
2268 3828 2322 3873 et
2359 3820 2564 3885 lancea,
2611 3828 2666 3874 et
2694 3831 2779 3873 tua
2810 3821 3000 3875 virtute
3026 3820 3285 3874 victurum
3318 3830 3368 3879 te

1785 3922 1958 3986 putas,
1995 3930 2095 3984 ego
2121 3921 2295 3967 autem
2324 3912 2375 3967 in
2408 3912 2622 3966 nomine
2646 3911 2853 3966 Domini
2888 3912 2977 3967 Dei
3001 3930 3014 3967 :
3040 3922 3096 3966 Î¹Î¹Î¹
3119 3912 3250 3978 lucc,
3284 3912 3366 3966 in-

1783 4022 1941 4077 quam
1966 4048 1981 4072 ,
2009 4005 2175 4072 dixit,
2207 4013 2419 4074 sumpto
2442 4020 2507 4057 ex
2545 4020 2669 4073 pera
2710 4002 2963 4073 pastorali
2998 4003 3145 4059 silice
3169 4045 3185 4071 ,
3213 4004 3373 4075 quasi

1787 4116 1971 4157 revera
2014 4114 2203 4155 canem
2246 4100 2475 4168 aliquem
2520 4112 2733 4168 gregem
2780 4096 3115 4152 invadentem
3158 4096 3375 4152 abactu-

1787 4211 1877 4251 rus
1901 4237 1915 4260 ,
1949 4195 2106 4250 funda
2133 4193 2396 4264 jaculatus
2422 4202 2503 4247 est
2522 4234 2536 4257 ,
2564 4192 2849 4261 statimque
2874 4191 2924 4246 in
2955 4191 3127 4246 fronte
3160 4207 3374 4261 percus-

1789 4302 1906 4344 sum
1941 4286 2291 4358 alienigenam
2318 4284 2512 4355 dejecit
2541 4301 2555 4339 :
2584 4292 2639 4339 et
2669 4282 2980 4338 festinanter
3004 4281 3197 4338 educto
3227 4282 3364 4337 illius

1788 4379 1963 4452 gladio
1983 4388 2143 4449 caput
2170 4377 2288 4448 ejus
2311 4376 2638 4447 amputavit,
2665 4384 2718 4429 et
2747 4374 2855 4444 regi
2880 4373 3073 4439 attulit,
3108 4373 3375 4444 finemque

1790 4470 1932 4525 bello
1961 4469 2233 4542 imposuit.
2279 4470 2453 4538 Atque
2482 4467 2621 4522 illius
2649 4482 2808 4535 Opera
2834 4476 2888 4521 et
2916 4482 3009 4521 rex
3040 4466 3263 4521 salutem
3298 4468 3371 4520 in-

1789 4562 1971 4625 venit,
2005 4571 2059 4616 et
2087 4560 2263 4615 omnis
2303 4560 2444 4614 illius
2482 4557 2747 4614 exercitus
2785 4557 3089 4627 respiravit.
3142 4558 3375 4614 Vidisses

1794 4664 1919 4710 tunc
1972 4652 2269 4723 inopinatas
2321 4650 2770 4720 admirabilesque
2820 4664 2944 4717 res,
3000 4660 3263 4706 armatum
3310 4653 3379 4705 ab

1793 4750 1982 4804 inermi
2008 4747 2292 4820 dejeetum,
2321 4748 2505 4815 reique
2535 4746 2782 4800 militaris
2811 4746 3037 4815 peritum
3062 4746 3129 4801 ab
3157 4761 3224 4801 eo
3253 4762 3374 4815 pro-

1791 4854 2013 4898 stratum
2039 4884 2054 4910 ,
2100 4842 2189 4912 qui
2218 4848 2412 4911 praeter
2442 4839 2759 4909 pastoralem
2789 4847 2957 4893 artem
3001 4838 3131 4892 nihil
3156 4840 3377 4893 sciebat.

1792 4938 2002 5006 Quare.
2047 4946 2101 4991 et
2129 4936 2199 4990 ob
2234 4951 2393 5006 quam
2434 4932 2692 4989 causam?
2739 4932 2871 4998 Quia
2912 4932 2998 4986 hic
3036 4931 3251 5002 quidem
3280 4931 3377 4985 ha-

1798 5032 1911 5085 buit
1946 5045 2230 5100 supernam
2278 5028 2501 5099 gratiam
2545 5044 2605 5082 se
2646 5024 3030 5095 adjuvantem:
3070 5026 3157 5080 ille
3200 5034 3376 5079 autem

1794 5137 1853 5176 ea
1876 5136 2083 5185 carens,
2112 5121 2163 5174 in
2188 5120 2343 5189 hujus
2369 5135 2555 5172 manus
2584 5118 2747 5171 venit.
2777 5116 2891 5171 Jaut
2918 5116 3040 5172 vide
3068 5116 3151 5170 hic
3175 5158 3190 5181 ,
3217 5133 3377 5187 quam

1794 5212 2019 5267 absurda
2042 5222 2291 5281 operatus
2320 5214 2388 5265 sit
2416 5208 2628 5264 invidia:
2656 5209 2894 5263 morbus.
2924 5208 3209 5277 Postquam
3236 5210 3376 5263 enim

1797 5319 1892 5359 rex
1924 5302 2054 5357 vidit
2089 5302 2290 5371 justum
2337 5300 2475 5354 hunc
2506 5308 2645 5354 tanta
2684 5299 2851 5370 gloria
2890 5298 3171 5362 celebrari,
3205 5310 3257 5354 et
3288 5301 3380 5353 tri-

1798 5396 2075 5466 pudiantes
2100 5395 2331 5450 clamare
2363 5411 2377 5449 :
2420 5392 2546 5447 Vicit
2575 5393 2706 5448 Sail
2739 5392 2790 5446 in
2822 5393 3061 5457 millibus,
3094 5390 3257 5445 David
3281 5411 3378 5445 au-

1799 5500 1897 5543 tem
1935 5489 1990 5542 in
2034 5486 2203 5540 decem
2250 5484 2470 5538 millibus
2519 5482 2594 5558 (l.
2637 5484 2767 5553 Reg.
2808 5484 2895 5539 l8.
2925 5482 3022 5554 7):
3055 5498 3161 5538 non
3207 5484 3384 5539 ferens

1795 5597 1948 5652 aâ€˜quo
1976 5579 2155 5635 animo
2181 5595 2298 5647 qua:
2328 5578 2393 5632 de
2433 5577 2532 5631 hoc
2555 5576 2866 5632 dicebantur
2890 5574 3151 5651 (quamvis
3191 5592 3380 5632 secun-

1796 5676 1921 5728 dum
1957 5674 2215 5728 rationem
2253 5670 2449 5741 justam
2480 5671 2529 5725 ei
2567 5670 2735 5741 magis
2763 5669 3057 5725 tribuerant
3086 5686 3243 5741 quam
3277 5669 3379 5723 Da-

1803 5771 1910 5835 vid]
1938 5813 1950 5836 ,
1985 5769 2150 5824 vietus
2178 5764 2373 5820 invidia
2402 5763 2725 5821 benefactori
2771 5766 2968 5820 malum
3012 5761 3285 5833 rependit;
3331 5771 3385 5815 et
