3730 6276
402 259 505 314 427

399 388 557 443 quem
587 369 864 442 oportebat
892 375 952 424 ut
983 364 1300 424 salvatorem
1328 374 1384 422 et
1402 363 1798 421 benefactorem
1823 376 1987 432 agno-

399 481 572 529 scere,
590 469 710 519 eum
724 462 1020 517 interﬁcere
1031 460 1320 531 quaerebat.
1343 459 1388 514 Ο
1401 457 1667 530 ingentem
1690 458 1947 512 insaniam
1969 456 1988 510 l

400 578 432 610 o
459 557 691 628 Stuporis
735 552 1184 626 magnitudineml
1237 552 1368 606 Eum
1412 551 1500 621 qui
1535 550 1698 604 vitam
1739 549 1840 604 sibi
1875 564 1988 603 ser-

403 661 551 705 varat
575 692 590 715 ,
616 660 670 703 et
695 662 907 701 omnem
941 659 1098 701 suum
1129 644 1421 698 exercitum
1446 643 1514 698 ab
1542 642 1852 712 alienigena:
1876 639 1986 696 Go-

403 743 534 795 liatb
558 739 736 794 furore
765 739 1100 800 liberaverat,
1129 745 1186 790 ut
1211 736 1416 790 hostem
1439 745 1744 804 suspectum
1775 733 1981 800 habuit,

407 843 455 888 et
506 833 786 886 immemor
833 827 1118 891 beneficii,
1170 827 1238 881 ab
1285 826 1567 882 all'ectiooe
1623 823 1986 878 vincebatur:

401 925 494 979 sed
529 933 709 978 mente
754 937 850 977 sua
881 920 1260 975 obtenebratus
1287 919 1354 972 ab
1395 918 1593 972 invidia
1614 959 1629 982 ,
1664 916 1880 986 perinde
1904 926 1987 969 at-

401 1030 506 1083 que
546 1015 613 1067 ab
643 1012 900 1068 ebrietate
927 1010 1152 1081 quadam
1177 1051 1194 1078 ,
1241 1009 1633 1066 benefactorcm
1681 1019 1739 1062 ut
1780 1007 1987 1062 hostem

401 1105 699 1176 Spectabat.

474 1199 527 1250 4.
559 1195 772 1250 Invidia:
800 1194 1002 1249 morbus
1018 1192 1333 1248 describitur.
1375 1190 1587 1246 Moralis
1624 1195 1902 1246 exhortatio
1923 1192 1991 1246 ad

409 1287 705 1359 fugiendum
740 1285 1002 1339 invidiam.
1045 1283 1260 1339 Dwmon
1291 1286 1482 1337 homini
1509 1285 1790 1355 subjectus.
1818 1313 1887 1324 —-
1913 1284 1990 1339 lta

403 1380 544 1433 enim
585 1393 645 1432 se
680 1377 876 1432 habere
917 1376 1054 1430 solet
1097 1375 1250 1444 hujus
1281 1374 1577 1429 all'emionis
1605 1377 1802 1428 malitia
1835 1392 1848 1427 :
1881 1376 1986 1444 pri-

407 1487 551 1525 nnnn
573 1471 867 1543 corrumpit
886 1487 1006 1527 eum
1031 1485 1062 1524 a
1087 1485 1192 1539 quo
1214 1478 1516 1540 generatur.
1545 1469 1606 1522 Et
1639 1469 1988 1538 quemadmo-

403 1563 529 1618 dum
572 1564 769 1620 vermis
813 1563 963 1634 quia
1005 1563 1147 1633 ligno
1187 1561 1532 1632 producitur,
1575 1561 1772 1631 ligtum
1820 1562 1990 1630 primo

403 1655 671 1708 consumit
708 1671 724 1711 :
767 1654 835 1708 ita
877 1665 931 1710 et
975 1652 1170 1707 invidia
1218 1653 1360 1706 illam
1403 1653 1573 1720 primo
1610 1652 1843 1704 animam
1869 1667 1990 1706 cor-

404 1746 602 1818 rumpit
625 1763 655 1801 a
681 1762 783 1815 qua
822 1754 943 1800 nata
981 1753 1098 1809 est,
1144 1744 1270 1799 etei
1296 1743 1378 1798 cui
1415 1743 1684 1798 invidetur
1711 1744 1864 1812 plane
1902 1743 1990 1796 di-

403 1852 555 1892 versa
582 1854 738 1908 quam
756 1837 869 1892 vult
887 1836 1060 1892 aliert.
1087 1835 1162 1890 Ne
1185 1836 1342 1906 igitur
1364 1837 1568 1904 reSpice
1589 1836 1652 1888 ad
1677 1835 1990 1904 principium

404 1946 587 1985 corum
638 1931 830 2002 quibus
872 1930 1169 1995 invidetur,
1220 1929 1312 1984 sed
1356 1929 1422 1983 ad
1466 1927 1622 1984 liuent
1657 1929 1896 1998 respice,
1937 1937 1990 1984 et

404 2022 640 2087 attende,
673 2023 794 2093 quia
825 2023 1023 2077 malitia
1045 2021 1390 2076 invidentium
1415 2062 1431 2088 ,
1459 2037 1552 2078 eos
1571 2022 1761 2093 quibus
1791 2021 1992 2078 invidet

403 2114 658 2167 clariores
696 2112 878 2167 efficit.
933 2113 1063 2167 Nam
1098 2113 1130 2166 ii
1171 2112 1364 2182 quibus
1411 2099 1678 2166 invidetur
1719 2113 1988 2168 subsidia-

405 2205 540 2258 rium
578 2203 775 2258 habent
815 2203 907 2259 Dei
938 2204 1190 2258 auxilium
1217 2245 1232 2270 ,
1273 2213 1328 2259 et
1362 2204 1529 2274 gratia
1575 2204 1820 2258 fruuntur
1853 2223 1867 2260 :
1899 2205 1989 2274 qui

404 2307 580 2350 autem
626 2295 860 2363 invidet,
890 2298 1057 2368 gratia
1082 2297 1360 2366 Spoliatur,
1403 2305 1457 2351 et
1489 2295 1644 2352 facile
1669 2298 1899 2352 vincitur
1921 2298 1989 2352 ab

404 2389 652 2442 omnibus
677 2407 689 2441 :
721 2399 774 2444 et
798 2398 954 2445 antea
983 2405 1013 2444 a
1045 2390 1155 2444 suis
1180 2390 1489 2455 atl‘ectibus,
1519 2407 1680 2462 quam
1711 2391 1779 2446 ab
1807 2402 1988 2448 exter-

405 2478 489 2532 nis
516 2477 756 2533 hostibus
800 2478 1074 2534 infcstatus
1095 2522 1111 2546 ,
1161 2480 1310 2550 quasi
1338 2482 1670 2536 consumitur
1691 2523 1708 2549 ,
1742 2492 1797 2538 et
1837 2483 1990 2553 quasi

403 2570 624 2624 occultis
653 2569 880 2624 maxillis
907 2569 1225 2633 devoratur,
1261 2581 1314 2625 et
1340 2571 1685 2642 absumptus,
1724 2583 1778 2626 ut
1809 2576 1875 2627 ita
1903 2575 1987 2628 di-

402 2676 558 2726 cam,
605 2661 983 2731 sulnnergitur.
1032 2661 1162 2728 Qum.
1201 2676 1322 2715 cum
1369 2663 1520 2716 nobis
1558 2674 1830 2732 comperta
1861 2665 1986 2730 sint,

402 2750 647 2815 obsecro,
679 2752 937 2821 l'ugiunus
965 2752 1132 2806 morbi
1164 2750 1320 2822 hujus
1342 2752 1615 2816 damnum,
1640 2765 1692 2809 et
1718 2757 1839 2810 totis
1865 2757 1994 2811 viri-

405 2842 504 2896 bus
531 2842 596 2896 ab
616 2841 894 2897 animabus
924 2844 1118 2897 nostris
1147 2843 1506 2900 elimiuemus.
1533 2846 1987 2903 Perniciosissima

402 2935 543 2988 enim
571 2944 653 2989 est
684 2936 919 2988 omnium
950 2933 1289 2990 all‘eetionum
1318 2977 1332 3001 ,
1389 2948 1736 3010 nostramque
1763 2940 1989 2996 salutem

402 3027 696 3096 corrumpit
715 3067 727 3087 ,
756 3035 941 3095 utpote
969 3027 1164 3081 diaboli
1195 3028 1484 3082 inventum.
1515 3029 1799 3100 Propterea
1828 3040 1881 3087 et
1901 3048 1989 3086 sa-

404 3117 554 3188 piens
591 3117 804 3188 quidam
850 3117 1057 3172 dicebat
1099 3136 1114 3174 :
1156 3117 1358 3172 Invidia
1403 3129 1571 3174 autem
1619 3123 1808 3188 diaboli
1855 3141 1990 3180 mors

406 3210 607 3262 intravit
644 3211 695 3262 in
734 3210 974 3263 mundum
1017 3210 1172 3282 (Sap.
1198 3211 1251 3265 2.
1282 3212 1396 3278 24).
1445 3212 1580 3280 Quid
1623 3226 1739 3278 est,
1787 3214 1991 3271 Invidia

405 3302 595 3355 diaboli
618 3319 751 3355 mors
780 3302 980 3355 intravit
1007 3303 1058 3356 in
1077 3304 1360 3379 mundum?
1385 3305 1515 3358 Nam
1550 3319 1826 3376 postquam
1853 3311 1989 3366 mala

409 3393 521 3448 hinc
549 3393 717 3448 bestia
754 3393 978 3464 priumm
1022 3393 1291 3449 hominem
1315 3395 1443 3450 vidit
1475 3397 1826 3454 immortalem
1853 3443 1866 3465 ,
1900 3418 1991 3470 per

407 3499 557 3538 suam
609 3484 987 3552 malignitatem
1027 3485 1093 3539 ad
1135 3489 1608 3556 transgressionem
1640 3492 1868 3546 mandati
1913 3494 1990 3546 in-

407 3578 591 3643 duxit,
625 3593 717 3648 per
746 3594 903 3648 quam
930 3577 1051 3634 fecit
1085 3586 1144 3633 ut
1173 3581 1329 3633 morti
1361 3579 1512 3635 ﬁeret
1537 3583 1814 3638 obnoxius.
1850 3586 1989 3640 luvi-

406 3667 492 3723 dia
531 3667 687 3738 igitur
726 3667 1093 3738 dt-ccptionent
1135 3679 1352 3740 operata
1382 3681 1497 3738 est,
1528 3672 1771 3743 deceptio
1803 3676 1988 3731 inobe-

405 3759 695 3823 dientiam,
755 3759 1109 3816 inobedientia
1164 3771 1412 3816 mortem.
1474 3763 1760 3834 Propterim
1813 3767 1986 3823 dicit:

406 3853 608 3909 Invidia
629 3863 795 3908 autem
825 3853 1010 3908 diaboli
1032 3872 1166 3908 mors
1193 3855 1398 3909 intravit
1423 3856 1476 3910 in
1505 3861 1765 3914 mundum.
1800 3861 1986 3916 Vidis:i

406 3959 659 4018 quantum
704 3947 1001 4002 al'l'cctiouis
1042 3947 1200 4016 hujus
1249 3948 1537 4003 damnum?
1589 3949 1989 4007 lnnnortalitate

408 4041 724 4094 honoratum
753 4040 1030 4092 mortalem
1061 4040 1200 4093 fecit.
1253 4038 1444 4092 Verum
1495 4041 1739 4096 inimicus
1776 4045 1987 4114 quidem

407 4142 604 4188 nostras
642 4131 862 4197 salutis,
904 4146 998 4185 sua
1045 4131 1269 4194 invidia,
1317 4143 1373 4185 ut
1421 4137 1620 4202 primus
1666 4137 1854 4201 homo,
1901 4139 1989 4208 qui

407 4223 721 4276 immortalis
749 4231 863 4276 erat
881 4265 895 4283 ,
944 4221 1010 4276 ad
1051 4232 1275 4276 mortem
1303 4226 1746 4282 condemnaretur
1770 4232 1943 4286 etTecit
1972 4249 1988 4291 :

407 4314 712 4368 misericors
748 4322 924 4368 autem
970 4314 1332 4384 sollicitusque
1379 4330 1477 4385 pro
1513 4319 1666 4373 nobis
1713 4321 1987 4391 Dominus,

408 4421 504 4474 per
536 4414 756 4480 mortem
784 4421 932 4458 suam
974 4404 1161 4459 iterum
1195 4405 1645 4464 immortalitatem
1688 4411 1846 4466 nobis
1884 4415 1988 4468 lar-

405 4495 545 4566 gitus
574 4503 675 4550 est.
705 4494 856 4551 Unde
885 4506 938 4551 et
965 4497 1164 4565 majora
1189 4515 1344 4568 quain
1370 4501 1646 4557 amisimus
1669 4504 1986 4562 invenimus.

403 4588 661 4644 Paradiso
686 4588 842 4660 ejccit
869 4590 955 4645 ille
978 4631 993 4655 ,
1022 4590 1108 4645 hic
1135 4591 1186 4644 in
1213 4592 1402 4646 cadum
1434 4594 1637 4650 induxit
1666 4613 1680 4651 :
1706 4597 1794 4653 ille
1819 4611 1990 4656 morte

404 4683 751 4738 condemnari
792 4700 889 4739 nos
918 4686 1154 4751 curavit,
1211 4688 1294 4740 hic
1341 4689 1786 4746 immortalitatem
1837 4695 1990 4750 nobis

406 4775 627 4846 largitus
646 4784 728 4832 est
759 4793 774 4830 :
806 4777 892 4831 ille
920 4774 1148 4847 paradisi
1166 4779 1368 4835 deliciis
1392 4781 1638 4849 privavit,
1665 4783 1748 4840 liéc
1767 4802 1987 4856 regnum

404 4867 657 4921 caelorum
707 4866 861 4921 nobis
908 4869 1246 4938 prmparavit.
1283 4868 1468 4924 Vidisti
1499 4874 1748 4928 solertem
1779 4875 1988 4932 Domini

404 4961 476 5013 tui
529 4959 890 5032 sapientiam?
946 4970 998 5015 et
1038 4962 1308 5032 quomodo
1351 4978 1412 5016 ea
1445 4980 1562 5034 qua}
1604 4982 1696 5034 per
1741 4969 1988 5025 invidiam

400 5053 592 5108 diaboli
623 5065 809 5109 contra
836 5054 1057 5110 salutem
1089 5065 1324 5109 nostraut
1373 5056 1507 5111 facta
1550 5070 1703 5125 sunt,
1757 5060 1804 5114 in
1833 5075 1991 5130 caput

403 5148 541 5201 illius
567 5147 872 5201 convertit?
919 5145 1031 5202 Non
1059 5148 1200 5202 enim
1233 5151 1403 5204 solum
1451 5167 1547 5203 nos
1590 5152 1878 5221 majoribus
1904 5157 1987 5208 di-

409 5250 590 5296 :natus
610 5251 710 5306 est,
753 5239 847 5296 sed
881 5250 933 5296 et
962 5241 1104 5294 illum
1138 5243 1308 5312 ipsmn
1343 5243 1494 5297 nobis
1527 5245 1752 5314 subjecit
1778 5247 1984 5316 dicens,

413 5333 528 5386 "Sera
556 5333 674 5385 dedi
713 5333 849 5386 vobis
883 5343 1175 5403 potestatem
1203 5335 1434 5388 calcandi
1461 5355 1612 5404 super
1646 5351 1898 5409 serpentes
1937 5353 1984 5396 et

408 5425 690 5478 :rorviones
717 5423 864 5491 (an.
897 5424 980 5480 l0.
1019 5427 1128 5496 19).
1160 5427 1383 5482 Proinde
1403 5428 1514 5482 [nec
1541 5430 1718 5484 omnia
1746 5433 1983 5502 cogitan-

398 5528 474 5566 :es
503 5556 517 5577 ,
559 5524 612 5569 et
639 5515 891 5570 invidiam
929 5533 993 5571 ex
1021 5519 1297 5573 anim-dius
1336 5523 1530 5575 nostris
1571 5521 1862 5593 cl‘l‘ugemus
1883 5567 1897 5587 ,
1930 5534 1984 5580 et

392 5606 709 5660 Studeamus
739 5617 793 5659 ttt
816 5607 1046 5660 divinam
1079 5609 1230 5662 nabis
1269 5609 1690 5666 benevolentiam
1728 5617 1979 5671 concilie-

396 5716 447 5757 m
461 5715 544 5756 us.
579 5699 702 5753 llrcc
722 5699 861 5753 enim
886 5711 1064 5755 nostra
1094 5710 1357 5757 armatura
1373 5705 1563 5774 solida,
1587 5717 1640 5761 et
1663 5707 1978 5780 inexpugna-

1114 251 1176 310 Β.
1213 250 1493 312 JOANNIS
1527 243 1998 308 CHRYSOSTOMI
2037 246 2351 303 ARCHIEP.
2391 249 2924 310 CONSTANTINOP.

3568 263 3660 317 s3

2095 359 2215 414 bilis
2237 402 2254 428 ,
2300 362 2382 416 lue
2420 373 2616 419 nostrae
2662 367 2911 422 maximae
2954 367 3232 426 factdtates
3267 384 3288 423 :
3317 384 3419 439 per
3457 370 3588 427 hanc
3619 385 3668 429 et

2095 449 2302 516 lsmael,
2326 456 2571 522 quamvis
2593 456 2903 514 adolescens
2927 500 2942 521 ,
2968 461 3096 515 etin
3121 461 3413 516 solitudine
3436 504 3451 523 ,
3474 479 3670 517 rerum-

2093 556 2195 610 que
2214 543 2452 598 omnium
2477 545 2649 616 inopia
2673 562 2889 604 versans
2910 589 2927 615 ,
2952 550 3133 604 statim
3151 553 3325 606 crevit
3343 591 3362 618 ,
3399 555 3530 608 etin
3551 570 3669 622 gee-

2093 641 2202 688 tem
2242 649 2488 704 magnam
2511 638 2679 695 lactus
2705 649 2788 696 est
2817 658 2833 700 :
2861 641 2983 712 quia
3019 642 3111 699 20.
3140 643 3278 698 Deus
3304 656 3416 698 erat
3435 686 3452 711 ,
3492 647 3664 716 inquit,
3710 631 3711 634 ¹

2092 739 2206 777 cum
2233 742 2405 795 puero.
2453 727 2590 785 Hinc
2623 731 2771 787 enim
2815 740 2958 787 totus
3000 748 3179 789 sermo
3219 746 3409 790 noster
3431 753 3669 805 egressus
3710 735 3711 742 “

2093 825 2196 872 est.
2229 817 2591 886 Despiciamus
2612 819 2801 890 igitur,
2833 839 2956 888 oro,
2982 830 3286 895 przesentia,
3311 829 3670 886 desiderantis

2094 907 2270 966 futura
2300 927 2315 966 :
2341 915 2567 983 gratiam
2596 915 2687 970 Dei
2714 918 2960 973 omnibus
2987 920 3333 989 przeferamus
3354 964 3376 989 ,
3404 935 3460 977 et
3489 940 3584 991 per
3609 943 3670 976 n-

2098 1013 2205 1058 tam
2245 1006 2501 1074 Optimam
2541 1009 2763 1064 multam
2792 1009 3040 1066 fiduciam
3065 1013 3220 1069 nobis
3248 1011 3411 1069 antea
3449 1031 3666 1086 reponi.
3710 1013 3711 1020 “

2093 1112 2213 1150 mus
2245 1116 2258 1152 ;
2295 1106 2349 1152 ut
2376 1110 2430 1152 et
2465 1111 2782 1169 praesentem
2804 1105 2967 1160 vitam
2993 1105 3125 1159 citra
3154 1121 3455 1162 maerorem
3489 1112 3667 1164 transi-

2093 1199 2279 1255 gamus
2298 1227 2313 1253 ,
2343 1197 2398 1241 et
2435 1186 2611 1245 futura
2636 1189 2776 1245 bona
2796 1206 3186 1264 consequamur
3204 1234 3222 1261 ,
3252 1197 3424 1266 gratia
3457 1206 3518 1250 et
3543 1198 3670 1251 beni-

2093 1280 2292 1347 gnitate
2335 1278 2546 1334 Domini
2591 1283 2754 1337 nostri
2790 1282 2918 1339 Jesu
2957 1283 3192 1352 Christi,
3235 1287 3322 1341 cui
3355 1302 3486 1341 cum
3529 1287 3667 1343 Patre
3710 1345 3711 1350 η

2094 1369 2252 1423 simul
2279 1378 2332 1425 et
2358 1371 2556 1440 Spiritu
2580 1383 2766 1429 sancto
2793 1376 2862 1430 sit
2897 1376 3094 1446 gloria,
3131 1377 3422 1448 imperium
3443 1420 3460 1442 ,
3493 1378 3664 1448 honor,
3710 1431 3711 1438 η

2094 1475 2236 1516 nunc
2260 1470 2314 1517 et
2339 1476 2571 1534 seraper,
2595 1474 2645 1520 et
2666 1466 2718 1519 in
2745 1468 2940 1522 sazcula
2969 1469 3309 1526 saeculorum.
3339 1472 3545 1526 Amen.

2623 1601 2896 1658 HOMILIA
2938 1604 3141 1662 XLVII.

2094 1703 2165 1760 Et
2193 1707 2381 1778 factum
2407 1718 2479 1764 est
2522 1722 2634 1781 post
2656 1715 2802 1768 verba
2833 1717 2938 1770 hwc
2957 1758 2971 1778 ,
3001 1716 3140 1773 Deus
3166 1724 3394 1776 tentabat
3421 1721 3663 1777 Abraham

2676 1804 2846 1878 (Gen.
2872 1808 3083 1881 22.1.)

2166 1913 2218 1966 1.
2253 1913 2443 1982 Ingens
2485 1916 2688 1974 lucrum
2711 1961 2727 1986 ,
2768 1922 3084 1994 grandisque
3115 1925 3401 1983 thesaurus
3425 1930 3482 1982 in
3511 1933 3668 1986 verbis

2093 2019 2212 2074 qute
2238 2005 2396 2061 hodie
2418 2007 2582 2074 lecta,
2616 2014 2821 2067 tametsi
2856 2030 3017 2082 pauca
3043 2017 3182 2082 sint,
3212 2019 3407 2074 latent.
3439 2022 3522 2075 Eo
3542 2026 3663 2075 enim

2094 2098 2254 2152 modo
2279 2115 2338 2154 se
2360 2099 2555 2155 habent
2580 2102 2754 2158 divina
2784 2106 3015 2176 eloquia,
3037 2118 3096 2162 ut
3113 2110 3308 2166 multas
3334 2113 3556 2168 divitias
3577 2132 3662 2170 non

2095 2190 2146 2244 in
2180 2192 2513 2249 multitudine
2541 2198 2844 2265 verborum,
2875 2201 2967 2254 sed
3000 2203 3049 2254 in
3080 2202 3341 2262 brevitate
3369 2223 3660 2262 sermone

2093 2283 2420 2339 contineant.
2452 2288 2562 2357 Age
2587 2287 2743 2356 igitur
2766 2291 3104 2360 exploremus
3126 2309 3188 2350 ea
3215 2312 3339 2366 qua:
3368 2298 3518 2354 dicta
3543 2313 3661 2360 sunt,

2093 2385 2147 2428 et
2168 2371 2438 2431 hodierna:
2460 2377 2701 2433 lectionis
2725 2383 2826 2434 vim
2849 2383 3130 2454 diligenter
3154 2387 3521 2442 addiscamus.
3555 2391 3663 2444 Diam

2093 2467 2171 2521 sic
2201 2468 2391 2522 iterum
2417 2470 2647 2526 sciemus
2673 2487 2729 2528 et
2758 2474 3068 2543 patriarcha:
3095 2479 3369 2545 capiosam
3398 2481 3662 2540 virtutem.

2094 2568 2146 2616 et
2176 2560 2264 2615 Dei
2286 2562 2631 2618 excellentem
2658 2565 3014 2621 clementiam.
3038 2570 3089 2623 1.
3131 2568 3199 2622 Et
3238 2572 3434 2638 {action
3465 2586 3570 2638 est,
3601 2575 3664 2624 in-

2093 2654 2226 2722 quit,
2257 2665 2366 2724 post
2392 2655 2540 2709 verba
2561 2657 2684 2723 hac,
2714 2655 2853 2712 Deus
2873 2662 3093 2714 tentabat
3111 2663 3365 2717 Abraham
3397 2665 3548 2734 (Cap.
3569 2667 3663 2732 ἓξ).

2092 2743 2228 2810 Quid
2257 2745 2355 2798 sibi
2385 2746 2568 2800 volunt
2604 2747 2718 2803 haec
2744 2751 2901 2804 verba
2921 2793 2935 2818 ,
2967 2750 3035 2805 Et
3064 2753 3254 2822 factum
3293 2766 3365 2809 est
3388 2766 3509 2824 post
3533 2763 3662 2810 verba

2094 2833 2220 2901 hinc,
2247 2834 2465 2890 tentabat
2497 2836 2631 2892 Deus
2660 2838 2957 2895 Abraham?
2983 2840 3295 2912 Considera,
3317 2846 3570 2909 obsecro,
3598 2853 3668 2898 tit-

2093 2927 2268 2982 vinam
2297 2925 2644 2998 Seripturam,
2673 2933 2939 3001 quomodo
2967 2914 3116 2988 nobis
3140 2934 3269 3004 justi
3296 2937 3550 2992 virtutem
3577 2940 3663 3007 jam

2095 3018 2221 3072 velit
2244 3017 2511 3087 detegere.
2541 3021 2604 3074 Et
2633 3023 2752 3091 quia
2782 3033 3055 3079 narratura
3085 3033 3186 3088 est,
3215 3028 3494 3097 quomodo
3519 3030 3664 3082 Abra-

2094 3111 2217 3166 ham
2247 3127 2277 3166 a
2310 3113 2418 3168 Deo
2448 3121 2677 3168 tentatus
2705 3117 2802 3182 sit,
2837 3118 2980 3185 prius
3011 3118 3119 3171 vult
3149 3127 3205 3172 ut
3243 3118 3523 3175 discamus
3552 3133 3661 3175 tent-

2095 3219 2192 3274 pus
2213 3247 2225 3266 ,
2257 3219 2359 3273 quo
2391 3203 2504 3258 haec
2540 3204 2850 3274 patriarcha:
2893 3219 3151 3284 pra-cepta
3193 3219 3320 3262 sunt
3344 3252 3359 3274 ,
3391 3222 3444 3264 et
3474 3213 3664 3281 quand.

2087 3297 2269 3362 jussus
2296 3306 2376 3351 est
2405 3296 2598 3352 oll'erre
2627 3297 2860 3353 Isaacum
2884 3340 2899 3366 ,
2928 3315 2984 3353 ut
3013 3302 3153 3355 scias
3179 3318 3426 3372 magnam
3461 3308 3660 3371 patriar

2092 3388 2207 3443 clue
2227 3389 2597 3458 obedientiam,
2625 3399 2678 3444 et
2698 3393 2965 3462 quomodo
2991 3393 3079 3446 Dei
3096 3393 3260 3462 jussis
3281 3396 3412 3450 nihil
3441 3397 3662 3466 pncierri

2096 3496 2280 3550 passus
2308 3481 2394 3535 sit.
2421 3481 2555 3550 Quid
2586 3482 2744 3552 igitur
2764 3493 2864 3548 est,
2889 3481 3102 3538 Factum
3119 3495 3190 3539 est
3214 3496 3383 3540 autem
3403 3500 3520 3556 post
3544 3493 3666 3542 vcrb:

2094 3573 2198 3625 lucc
2215 3572 2240 3626 .9
2260 3571 2517 3638 Quoniam
2543 3584 2816 3645 postquam
2839 3587 2990 3628 natus
3011 3585 3092 3630 est
3121 3577 3283 3642 Isaac,
3311 3579 3533 3647 quando
3558 3582 3664 3631 vitii;

2093 3664 2252 3720 Sarra
2301 3666 2574 3721 lsmaelem
2614 3666 2769 3726 simul
2799 3668 2998 3720 versari
3032 3683 3152 3722 cum
3181 3667 3330 3723 Isaac
3355 3712 3369 3733 ,
3400 3670 3544 3723 sicut
3573 3674 3664 3723 lim

2093 3759 2244 3813 Vobis
2274 3758 2504 3814 diximus
2527 3801 2539 3824 ,
2584 3759 2684 3815 hoc
2725 3777 2867 3830 a'gre
2907 3762 3081 3816 ferens
3105 3804 3120 3826 ,
3148 3762 3358 3816 dicebat
3405 3767 3628 3817 Abnnx

2093 3850 2240 3920 Ejice
2266 3853 2501 3906 ancillam
2527 3863 2574 3908 et
2595 3855 2759 3922 [ilium
2787 3856 2895 3924 ejus
2925 3870 2944 3908 :
2969 3871 3068 3908 non
3096 3855 3228 3908 enim
3251 3857 3348 3910 erit
3374 3856 3522 3910 lieres
3551 3860 3666 3923 ﬁlias

2092 3945 2294 3997 ancilla:
2315 3962 2428 3998 cum
2455 3945 2560 4013 ﬁlio
2591 3961 2699 3998 meo
2728 3950 2743 4012 (
2772 3944 2901 4000 Gen.
2931 3945 3022 3998 2|.
3046 3945 3167 4016 i0);
3199 3961 3436 4016 cumque
3467 3947 3569 4002 hoc
3594 3966 3667 4018 pa.

2095 4036 2340 4091 triarchte
2375 4036 2563 4092 durum
2596 4037 2863 4092 videretur
2884 4077 2900 4100 ,
2928 4038 3113 4093 volens
3144 4053 3269 4093 eum
3311 4039 3456 4094 Deus
3493 4055 3666 4096 θωπευο-

2094 4130 2213 4198 lari,
2241 4131 2314 4185 ait
2343 4148 2355 4184 :
2389 4131 2526 4186 Audi
2555 4130 2767 4186 Sarram
2799 4148 3020 4188 uxorem
3055 4142 3219 4198 tuam,
3249 4142 3304 4188 et
3332 4133 3416 4190 l‘ac
3445 4136 3585 4206 quod
3612 4139 3666 4189 ab

2093 4240 2154 4280 ea
2186 4224 2384 4277 dictum
2417 4235 2498 4278 est
2531 4241 2545 4277 :
2579 4239 2749 4294 neque
2775 4224 3016 4280 videatur
3043 4225 3133 4279 tibi
3162 4225 3354 4280 durum
3382 4269 3397 4291 ,
3426 4228 3570 4298 quod
3599 4229 3665 4280 di-

2094 4325 2236 4370 ctum
2263 4325 2346 4369 est
2365 4313 2433 4369 de
2464 4331 2626 4384 puero
2652 4325 2702 4370 et
2728 4315 2795 4369 de
2821 4317 3032 4371 ancilla.
3061 4316 3128 4370 In
3150 4315 3302 4372 Isaac
3325 4319 3468 4372 enim
3492 4320 3666 4373 vocabi-

2095 4420 2176 4462 tnr
2205 4409 2290 4461 tibi
2317 4425 2482 4462 semen
2513 4412 2529 4480 (
2559 4406 2638 4463 Ib.
2671 4426 2718 4462 v.
2754 4408 2821 4464 12
2841 4412 2882 4481 ),
2915 4421 2969 4465 et
2993 4410 3142 4465 illum
3167 4427 3383 4482 quoque
3412 4412 3600 4467 faciant
3626 4415 3664 4466 in

2093 4509 2302 4570 gentem
2328 4515 2571 4570 magnam
2595 4541 2612 4567 ,
2643 4501 2764 4570 quia
2792 4515 2974 4556 semen
3006 4512 3151 4556 tuum
3178 4511 3278 4557 est.
3311 4502 3382 4556 Et
3404 4505 3581 4558 omnis
3609 4503 3667 4556 illi

2093 4608 2122 4645 a
2155 4593 2264 4647 Deo
2301 4593 2432 4648 facta
2471 4595 2757 4664 promissio
2783 4610 2849 4650 eo
2879 4595 3158 4662 tendebat,
3200 4606 3256 4650 ut
3298 4598 3412 4652 nati
3443 4614 3514 4654 ex
3544 4599 3668 4652 lsaac

2095 4686 2145 4741 in
2178 4702 2422 4757 magnum
2459 4689 2710 4758 p0pulum
2754 4699 3187 4760 propagarentur.
3219 4687 3353 4743 Cum
3385 4706 3518 4762 ergo
3545 4691 3664 4745 bona

2096 4779 2395 4850 hujusmodi
2427 4796 2521 4850 spe
2550 4782 2784 4836 aleretur
2806 4783 3001 4850 justus,
3027 4790 3148 4852 post
3170 4790 3345 4835 tantas
3364 4792 3420 4838 et
3441 4793 3547 4837 tam
3575 4784 3665 4838 tre-

2093 4883 2314 4941 quentes
2342 4889 2606 4929 aerumnas
2634 4883 2688 4929 et
2718 4875 3056 4940 tentationes,
3079 4889 3260 4928 earum
3286 4886 3508 4944 accepta
3537 4892 3664 4930 mer.

2093 4964 2242 5030 cede,
2271 4975 2325 5020 et
2354 4965 2404 5020 in
2435 4975 2545 5020 tuto
2573 4965 2786 5020 demum
2815 4965 3116 5030 collocatus,
3149 4981 3256 5035 prie
3275 4966 3450 5022 oculis
3482 4967 3665 5021 habens

2092 5057 2192 5111 sibi
2223 5071 2592 5110 successurum
2627 5057 2901 5124 heredem,
2931 5072 3116 5112 secure
3139 5057 3360 5127 agebat,
3394 5060 3661 5112 maximam

2092 5150 2215 5205 inde
2239 5150 2532 5219 percipiens
2558 5151 2995 5204 conSolationem.
3029 5148 3224 5204 Verum
3252 5152 3340 5221 qui
3367 5151 3660 5206 abscondita

2089 5244 2331 5298 cardium
2365 5243 2509 5296 novit
2531 5285 2546 5304 ,
2577 5244 2760 5298 volens
2789 5243 2941 5297 nobis
2963 5243 3092 5312 justi
3121 5242 3278 5312 hujus
3306 5246 3557 5299 virtutem
3586 5244 3658 5297 de-

2092 5347 2274 5408 tegere
2297 5380 2311 5401 ,
2341 5348 2396 5392 et
2436 5354 2683 5407 magnum
2713 5353 2949 5393 amorem
2976 5354 3131 5408 quem
3159 5353 3284 5408 erga
3325 5352 3385 5392 se
3423 5340 3658 5408 gerebat.

2089 5441 2209 5500 past
2252 5439 2327 5484 tot
2373 5431 2751 5500 promissioues
2793 5440 2846 5485 et
2890 5430 3026 5484 hanc
3071 5445 3281 5500 quoque
3325 5447 3446 5500 qum
3495 5446 3658 5486 fceres
3710 5473 3711 5480 η

2089 5523 2225 5578 facta
2251 5538 2385 5589 erat,
2415 5536 2466 5578 et
2487 5525 2638 5595 cujus
2665 5523 2973 5580 memoriam
3002 5526 3174 5579 adhuc
3203 5526 3411 5580 ﬁrmam
3448 5528 3657 5584 latebat,

2086 5634 2207 5673 cum
2230 5620 2338 5688 jam
2367 5619 2698 5674 adolesceret
2727 5619 2888 5682 Isaac,
2928 5629 2975 5673 et
3012 5620 3060 5673 in
3093 5620 3206 5688 ipso
3231 5622 3407 5674 atatis
3437 5620 3562 5674 ﬂore
3588 5634 3656 5671 cs-

2089 5722 2190 5780 set,
2213 5721 2580 5782 cresceretque
2602 5723 2768 5782 patris
2793 5728 2917 5782 erga
2948 5711 3092 5766 illum
3119 5710 3358 5779 dilectio,
3382 5724 3499 5782 post
3519 5711 3652 5764 verba
3710 5745 3711 5750 η
