3730 6256
17 270 45 322 ⁷
1042 272 1106 328 IN
1145 272 1299 327 cm
1349 270 1489 325 χχιι

1042 272 1106 328 ΙΝ
1145 272 1299 327 ΟΜ).
1349 270 1489 325 XXII
1530 264 1777 323 (:ENES.
1822 268 2054 326 NOMSL.
2097 270 2300 327 XLVII.

17 401 110 454 την
150 387 259 449 τοῖς
289 386 543 449 ἐναντίοις
572 385 761 441 λοιπὸν
789 387 1063 457 ἠμείϐετο,
1103 393 1197 443 καὶ
1228 390 1287 442 ὃν
1313 386 1480 457 ἐχρῆν
1511 402 1613 437 σω-

17 489 89 540 ρα
136 473 231 527 καί
279 473 573 543 εὐεργέτην
601 475 1019 545 ἐπιγράφεσθαι,
1057 477 1245 529 τοῦτον
1281 474 1488 529 ἀνελεῖν
1519 474 1616 525 ἐπ-

17 560 239 631 είρει.’Ὡ
268 562 460 631 μανίας
488 561 789 634 ὑπερὸολήε
828 562 874 616 ὣ
916 564 1301 633 παραπληξίας
1331 560 1610 620 ὲπίτασιςί

3275 271 3378 326 428

1731 385 2101 459 Ὑπερίδωμεν
2141 385 2255 448 οῦν.
2286 387 2607 460 παρακαλῶ,
2640 386 2749 441 τῶν
2795 386 3099 458 παρόντων,
3132 388 3378 455 ποθήσω-

1718 491 1819 543 μεν
1849 477 1916 529 τά
1948 477 2230 545 μέλλοντα,
2264 478 2362 547 τὴν
2395 475 2608 529 εῦνοιαν
2632 476 2732 547 τὴν
2758 475 2912 545 παρά
2943 475 3036 528 τοῦ
3070 473 3204 528 Θεοῦ
3240 476 3374 528 πάν-

1712 579 1827 616 των
1858 565 2234 635 προτιμῶμεν,
2262 565 2357 617 καὶ
2388 565 2474 618 διὰ
2494 566 2593 633 τῆς
2617 564 2843 634 ἀρίστης
2864 562 3137 626 πολιτείας
3165 563 3378 625 ἐαυτοῖς

17 665 43 697 ν
64 647 168 718 τὴν
192 647 336 719 ζωὴν
360 647 506 719 αὑτῷ
533 651 917 720 χαρισάμενον,
946 651 1039 704 καὶ
1067 652 1243 704 πάντα
1272 650 1363 702 τὸν
1388 646 1614 718 στρατὸν
1634 708 1657 724 h
1712 651 1915 720 πολλὴν
1938 652 2376 723 προαποθώμεθα
2400 653 2498 723 τὴν
2530 652 2864 724 παρρησίαν,
2891 651 2976 704 ἵνα
2997 650 3092 703 καὶ
3111 650 3205 704 τὸν
3232 667 3376 720 παρ-

17 734 108 786 τοῦ
142 734 582 806 ἐλευθερώσαντα
608 738 703 809 τῆς
730 736 823 790 τοῦ
851 738 1145 805 ἀλλοφύλου
1175 737 1390 808 μανίας,
1424 733 1612 787 τοῦτον
1636 733 1656 741 “
1710 735 1840 788 όντα
1867 735 1980 805 βίον
2016 736 2238 800 ἀλύπως
2264 738 2509 791 διανύσαι
2541 737 2874 807 δυνηθῶμεν,
2905 737 2998 789 καὶ
3022 735 3129 789 τῶν
3156 735 3376 807 μελλόν-

44 822 306 894 πολέμιον
334 823 519 876 λονπδν
549 825 825 896 ὑφωρᾶτο,
862 826 958 897 καὶ
1002 825 1122 878 οὑδέ
1170 823 1387 886 ἔναυλος
1416 817 1548 875 οῦσα
1577 821 1609 891 ἠ

1711 838 1818 875 των
1866 821 2087 891 ἀγαθῶν
2132 822 2494 894 ἐπιτύχωμεν,
2531 824 2712 894 χάριτι
2748 826 2841 877 καὶ
2877 823 3251 895 φιλανθρωπίᾳ
3274 821 3372 876 τοῦ

18 909 230 978 ιργεσία
272 911 609 980 περιεγίνετο
642 912 734 965 τοῦ
771 913 991 976 πάθους.
1034 911 1169 966 ἀλλά
1212 910 1458 980 καθάπερ
1507 907 1611 962 ὑπὸ
1712 906 1863 980 [475]
1900 910 2104 980 Κυρίου
2132 910 2290 980 ήμῶν
2348 911 2521 980 Ἰησοῦ
2554 910 2810 983 Χριστοῦ,
2864 911 2983 982 μεθ’
3008 905 3067 963 οῦ
3094 910 3171 981 τῷ
3198 910 3372 980 Πατρὶ

17 995 120 1065 θης
146 997 311 1061 τινὸς,
334 998 439 1051 ὑπὸ
471 997 564 1051 τοῦ
599 998 791 1068 φθόνου
824 999 1112 1064 σκοτωθεὶς
1139 1000 1229 1052 τὸν
1253 1000 1351 1069 τῆς
1375 998 1611 1060 διανοίας
1708 998 1825 1065 ἅμα
1845 997 1923 1067 τῷ
1944 998 2083 1068 ἀγίῳ
2104 998 2378 1069 Πνεύματι
2402 998 2548 1063 δόξα,
2581 1000 2798 1070 κράτος,
2826 999 2981 1071 τιμὴ,
3011 999 3106 1053 νῦν
3134 998 3232 1054 καὶ
3259 997 3369 1064 ἀεὶ,

17 1084 222 1153 νισμδν,
256 1085 347 1139 τὸν
378 1087 671 1159 εὐεργέτην
696 1088 771 1153 ὡς
801 1088 1053 1158 πολέμιον
1081 1088 1248 1159 ἐώρα.

17 1169 64 1224 ι’.
109 1172 360 1226 Τοιοῦτον
410 1173 520 1245 γάρ
547 1176 579 1246 ἡ
611 1176 778 1229 κακία
809 1176 904 1229 τοῦ
940 1175 1144 1239 πάθους
1168 1175 1357 1229 τούτου
1382 1190 1399 1207 ⁸
1459 1172 1608 1245 αύτῷ

17 1258 203 1331 5τερον
250 1260 567 1331 λυμαίνεται
599 1263 678 1332 τῷ
714 1263 871 1316 τοῦτο
906 1264 1166 1317 τίκτοντι.
1212 1264 1324 1316 Καὶ
1357 1260 1608 1333 καθάπερ

18 1343 156 1415 ὒληξ
179 1346 286 1402 ὑπὸ
302 1348 395 1402 τοῦ
428 1348 586 1413 ξύλου
608 1351 918 1422 τικτόμενος
936 1351 1067 1403 αὐτὸ
1090 1350 1351 1422 πρότερον
1371 1349 1431 1403 τὺ
1454 1349 1606 1414 ξύλον

17 1433 324 1489 εαναλίσκει
342 1452 357 1468 ’
394 1437 537 1491 οὕτω
562 1438 657 1491 καὶ
682 1439 710 1490 0
738 1439 927 1509 φθόνος
960 1440 1174 1511 ἐκείνην
1206 1438 1468 1510 πρότερον
1495 1437 1607 1490 δια-

17 1519 146 1588 είρει
180 1520 278 1593 τὴν
316 1523 581 1577 τεκοῦσαν
624 1525 785 1579 αὑτὸν
830 1526 1028 1601 ψυχὴν,
1056 1528 1150 1581 καὶ
1200 1527 1261 1579 τὸ
1298 1526 1536 1579 ἐναντίον
1568 1523 1601 1597 ἢ

15 1605 189 1662 ἱλεται
213 1610 305 1665 τὸν
339 1612 699 1683 φθονούμενον
731 1613 1017 1686 διατίθησι.
1057 1612 1205 1686 [472]
1231 1614 1321 1684 Μὴ
1364 1613 1473 1685 γάρ
1515 1630 1604 1683 μοι

31 1698 299 1768 προοίμια
329 1700 520 1757 σκόπει
540 1701 632 1756 ἐπὶ
661 1701 768 1756 τῶν
796 1703 1197 1773 φθονουμένων,
1227 1702 1362 1756 ἀλλά
1384 1702 1517 1773 πρὸς
1540 1701 1602 1756 τὸ

15 1800 84 1845 ,ος
109 1785 312 1855 ἀφόρα,
348 1788 442 1841 καὶ
481 1790 650 1843 ἐννόει
680 1790 762 1842 ὅτι
788 1790 926 1861 αὑτὴ
956 1792 990 1861 ή
1016 1791 1181 1843 κακία
1210 1789 1319 1843 τῶν
1348 1789 1601 1859 φθονούν-

16 1889 36 1923 ν
68 1876 152 1936 εἰς
189 1875 409 1945 μείζονα
450 1880 803 1949 περιφάνειαν
849 1880 971 1948 ἀγει
1018 1881 1144 1943 τοὺς
1188 1877 1598 1948 φθονουμένους.

30 1960 134 2029 μὲν
164 1961 277 2033 γάρ
309 1964 516 2018 καὶτὸν
535 1965 668 2019 Θεὸν
696 1966 1009 2034 ἐφέλκονται
1035 1967 1117 2030 εἰς
1148 1967 1480 2037 συμμαχίαν,
1505 1966 1600 2020 καὶ

15 2065 28 2109 ;
69 2049 283 2104 ἀνωθεν
320 2051 651 2108 ἀπολαύουσι
701 2055 905 2125 ῥοπῆς·
946 2056 975 2108 0
1020 2054 1076 2106 δέ
1122 2054 1326 2124 ταύτης
1372 2054 1596 2125 ἔρημος,

16 2154 99 2189 σιν
136 2139 549 2212 εὐεπιχείρητος
577 2143 808 2211 γίνεται,
835 2144 930 2197 καὶ
960 2143 1066 2214 πρὸ
1086 2143 1195 2197 τῶν
1222 2142 1418 2208 ἔξωθεν
1444 2146 1602 2197 πολε-

15 2242 70 2276 υν
116 2226 211 2280 ὑπ’
240 2228 403 2283 αὐτοῦ
439 2230 533 2283 τοῦ
573 2228 776 2293 πάθους
822 2230 1274 2301 πολιορκούμενος
1318 2231 1597 2301 μονονουχὶ

15 2314 512 2385 ταναλίσκεται,καὶ
543 2317 730 2389 ῶσπερ
758 2316 971 2389 ἀδήλοις
996 2316 1215 2387 γνάθοις
1243 2317 1596 2389 κατεσθιόμε-

18 2440 31 2462 ,
62 2399 211 2453 οὕτω
242 2402 1001 2475 δαπανώμενος,ὑποὸρύχιος,
1037 2404 1111 2468 ὡς
1145 2406 1339 2468 εἰπεῖν,
1366 2405 1592 2473 γίνεται.

15 2506 109 2560 τερ
157 2485 355 2553 εἰδότες
408 2490 719 2561 φεύγωμεν,
767 2489 1102 2561 παρακαλῶ,
1150 2489 1249 2562 τὴν
1285 2491 1463 2563 λύμην
1498 2494 1595 2549 τοῦ

15 2580 159 2643 θους,
186 2580 279 2634 καὶ
300 2576 447 2653 πάσῃ
464 2578 692 2651 δυνάμει
718 2576 1046 2651 ἐξορίζωμεν
1075 2576 1233 2633 τοῦτο
1263 2580 1360 2651 τῆς
1388 2580 1597 2641 ἑαυτῶν

15 2666 127 2735 (ῆς.
159 2667 386 2722 Πάντων
400 2670 515 2741 «γὰρ
543 2669 651 2723 τῶν
685 2668 869 2724 παθῶν
895 2665 1052 2725 τοῦτο
1080 2666 1364 2741 ὀλεθριώτε
1375 2688 1486 2742 ρον,
1503 2674 1597 2726 καὶ

15 2756 60 2823 τῇ
99 2753 259 2823 ήμῶν
288 2757 354 2826 τῇ
379 2756 620 2828 σωτηρίᾳ
657 2756 1049 2828 λυμαινόμενον
1070 2776 1084 2790 ο
1105 2756 1199 2811 τοῦ
1225 2756 1335 2830 γάρ
1359 2758 1596 2831 πονηροῦ

15 2842 172 2895 δόλου
193 2843 340 2896 ἐστὶν
360 2844 491 2915 εὑρη
501 2862 595 2916 μα.
630 2845 706 2899 Δι’
726 2845 754 2898 ὃ
770 2846 863 2899 καί
888 2862 970 2909 τις
990 2845 1153 2915 σοφὸς
1174 2845 1327 2915 ἔλεγε
1343 2864 1359 2880 ⁸
1394 2848 1599 2912 Φθόνφ

18 2928 33 2999 ]
84 2929 370 2985 διαϐόλου
419 2931 673 2999 θάνατος
728 2933 1013 3002 εἰσῆλθεν
1067 2935 1153 2999 εἰς
1198 2934 1305 2987 τὸν
1344 2934 1593 3004 κόσμον.

20 3020 139 3072 ἐστι
167 3034 180 3048 ·
218 3020 421 3084 Φθόνῳ
461 3018 529 3072 δὲ
573 3020 854 3075 διαϐόλου
886 3020 1133 3087 θάνατος
1181 3020 1463 3089 εἰσῆλθεν
1509 3023 1597 3089 εἰς

14 3124 27 3139 ·
50 3108 291 3177 κόσμον
306 3122 327 3171 ;
366 3106 584 3180 Ἐπειδὴ
619 3109 725 3182 γάρ
754 3105 859 3163 εἶδε
886 3109 947 3163 τὸ
972 3108 1204 3181 πονηρὸν
1235 3108 1390 3162 τοῦτο
1411 3109 1597 3180 θηρίον

13 3196 194 3249 ἱνατον
220 3196 509 3267 γενόμενον
539 3196 630 3251 τὸν
659 3196 1101 3269 πρωτόπλαστον,
1138 3195 1225 3250 διὰ
1258 3197 1356 3268 τῆς
1391 3197 1597 3263 οἰκείας

13 3284 195 3355 νηρίας
236 3284 315 3347 εἰς
349 3283 445 3354 τὴν
492 3284 589 3355 τῆς
634 3285 852 3357 ἐντολῆς
901 3287 1183 3358 παρακοῆν
1212 3286 1371 3339 αὑτὸν
1402 3287 1593 3357 ῆγαγε,

42 3373 112 3424 δι’
143 3369 359 3440 ἐκείνης
389 3370 481 3423 τοῦ
518 3370 744 3425 θανάτου
771 3372 868 3443 τὴν
894 3374 1162 3444 τιμωρίαν
1191 3374 1595 3445 παρεσκεύασεν

13 3460 83 3513 τὸν
116 3459 551 3513 ἐπισπάσασθαι.
570 3460 627 3512 '0
660 3459 850 3528 φθόνος
882 3461 1057 3514 τοίνυν
1093 3461 1192 3534 τὴν
1230 3462 1446 3532 ἀπάτην
1486 3465 1597 3534 εἰρ-

13 3479 83 3513 ζον
116 3479 551 3513 επισπασασυαι.
586 3479 627 3512 υ
660 3479 850 3528 φθονος
882 3479 1057 3514 τοίνυν
1093 3479 1123 3513 τ
1163 3479 1192 3514 ν
1230 3479 1446 3532 απατην
1486 3479 1593 3534 εἰρ-

13 3564 152 3609 τατο,
174 3548 207 3617 ἡ
232 3548 413 3617 ἀπάτη
444 3546 544 3618 τὴν
569 3548 874 3618 παρακοὴν,
889 3550 923 3618 ή
956 3479 1206 3621 παρακίὲῆ
1227 3549 1319 3603 τὸν
1345 3549 1593 3607 θάνατον.

36 3634 206 3687 τοῦτό
230 3649 363 3703 φησι
381 3649 397 3664 ’
428 3634 631 3701 Φθόνῳ
653 3632 766 3705 [δέ]
796 3634 1081 3688 διαϐόλου
1109 3634 1363 3701 θάνατος
1388 3635 1597 3704 εἰσῆλ-

13 3742 21 3757 .
63 3727 163 3789 εις
192 3723 300 3777 τὸν
330 3723 579 3794 κόσμον.
616 3720 770 3787 Εἶδες
814 3723 953 3794 πόση
983 3723 1076 3776 τοῦ
1108 3723 1313 3787 πάθους
1343 3727 1376 3794 ἢ
1408 3724 1593 3796 λύμης

13 3830 20 3859 ι
53 3808 331 3881 ἀθανασίᾳ
358 3809 656 3881 τιμηθέντα
690 3808 903 3880 θανάτῳ
932 3809 1249 3864 ὑποκεῖσθαι
1275 3811 1592 3883 πεποίηκεν.

14 3902 70 3954 ,λ’
94 3902 123 3953 0
160 3899 263 3970 μὲν
298 3898 488 3969 ἐχθρὸς
512 3899 609 3970 τῆς
636 3899 911 3970 ἡμετέρας
958 3900 1249 3971 σωτηρίας,
1275 3901 1367 3954 τὸν
1398 3902 1596 3956 οἰκεῖον

13 3992 109 4042 '.v0v
144 3988 397 4058 κινήσας,
425 3986 553 4040 ὄντα
580 3986 848 4041 ἀθάνατον
890 3988 981 4043 τὸν
1029 3988 1447 4059 πρωτόπλαστον
1497 3990 1594 4043 0a-

19 4098 62 4147 ῳ
90 4075 562 4147 καταδικασθῆναι
592 4077 891 4147 πεποίηκεν
911 4092 923 4106 ⁸
941 4078 969 4130 0
994 4075 1050 4130 δέ
1079 4076 1328 4148 κηδεμὼν
1353 4079 1447 4132 καὶ
1477 4078 1595 4148 φιλο

14 4183 209 4237 ρωπος
236 4165 511 4235 Δεσπότης
560 4163 650 4219 διὰ
680 4164 771 4219 τοῦ
811 4163 1043 4220 θανάτου
1081 4165 1175 4219 τοῦ
1200 4166 1402 4219 οἰκείου
1434 4167 1594 4220 πάλιν

13 4278 18 4297 ο
50 4253 356 4309 ἀθανασίαν
386 4255 518 4324 ἡμῖν
554 4252 868 4323 ἐχαρίσατο,
898 4254 993 4308 καὶ
1023 4251 1245 4323 μείζονα
1275 4246 1349 4308 ὧν
1375 4254 1594 4309 ἀπωλέο

13 4362 91 4397 ιεν
138 4342 408 4415 εὕραμεν.
442 4341 777 4414 Παραδείσου
830 4343 1039 4405 ἐκεῖνος
1086 4340 1343 4413 ἐξήγαγε.
1373 4344 1468 4396 καὶ
1516 4343 1595 4406 εἰς

59 4429 295 4502 οὐρανὸν
342 4422 499 4494 οὗτος
546 4429 790 4499 ἀνήγαγε
815 4444 828 4458 ·
876 4427 1089 4499 θανάτῳ
1136 4429 1595 4500 καταδικασθῆναι

13 4522 125 4583 tvo;
165 4514 458 4589 πεποίηκε,
484 4517 579 4570 καὶ
615 4516 714 4588 τὴν
739 4515 1038 4570 ἀθανασίαν
1076 4517 1207 4586 ἡμῖν
1233 4509 1388 4580 οὗτος
1414 4517 1597 4589 ἐχαρί-

17 4626 45 4661 ο
66 4626 79 4638 ·
111 4606 218 4677 τῆς
253 4608 312 4659 ἐν
345 4604 657 4676 παραδείσῳ
696 4603 907 4675 τρυφῆς
950 4603 1322 4674 ἀπεστέρησεν
1367 4605 1592 4669 ἐκεῖνος,

36 4694 320 4768 βασιλείαν
353 4682 484 4765 ἡμῖν
513 4692 756 4765 οὐρανῶν
787 4691 1106 4764 εὐτρέπισεν
1128 4687 1298 4756 οὗτος.
1330 4686 1479 4755 Εἶδες
1501 4692 1594 4746 τοῦ

14 4785 194 4837 ’πότου
237 4800 333 4837 σου
370 4782 433 4836 τὸ
477 4782 803 4853 εὐμήχανον,
850 4781 945 4835 καὶ
988 4780 1134 4845 ὅπως
1179 4780 1249 4833 τὰ
1297 4778 1449 4851 παρά
1497 4779 1594 4848 τῆς

13 4873 220 4937 ’κανίας
246 4870 384 4925 ὅπλα
407 4870 501 4923 τοῦ
533 4869 777 4923 διαϐόλου
811 4866 954 4923 κατά
990 4868 1087 4938 τῆς
1118 4866 1390 4939 ἡμετέρας
1424 4884 1597 4937 σωτη-

13 4979 37 5023 ς
69 4958 442 5031 γεγενημένα,
473 4957 657 5010 ἐκεῖνα
701 4956 840 5010 αὑτά
886 4954 1239 5026 περιέτρεψεν
1268 4956 1347 5016 εἰς
1374 4953 1471 5025 τὴν
1502 4953 1597 5007 αὑ-

53 5045 340 5117 κεφαλήν;
385 5046 460 5098 υὺ
503 5045 665 5115 μόνον
709 5044 817 5116 γάρ
849 5045 993 5115 ἡμᾶς
1041 5042 1303 5114 μειζόνων
1344 5042 1595 5113 ἠξίωσεν,

18 5134 50 5184 ἀ
78 5133 180 5186 καὶ
210 5133 418 5186 ἐκεῖνον
444 5133 577 5203 ἡμῖν
610 5132 922 5202 ὑποχείριον
950 5130 1170 5193 ἔδωκεν,
1196 5129 1366 5184 εἰπών
1387 5148 1399 5160 ·
1450 5130 1596 5185 Ἰδοὺ

13 5225 149 5274 τωκα
210 5218 356 5288 ὑμῖν
397 5219 691 5283 ἐξουσίαν
739 5218 949 5272 πατεῖν
994 5217 1194 5271 ἐπάνω
1241 5216 1434 5286 ὄφεων
1495 5216 1596 5271 καί

13 5310 251 5376 matur.
288 5306 471 5360 Ταῦτα
526 5306 707 5360 τοίνυν
754 5306 967 5361 ἃπαντα
1012 5304 1350 5376 λογιζόμενοι
1383 5305 1596 5359 καὶτὸν

14 5414 111 5449 ,νον
157 5396 263 5464 τῆς
306 5379 514 5447 ἑαυτῶν
542 5393 720 5464 ψυχῆς
758 5393 1105 5464 ἐξορίξωμεν,
1138 5392 1229 5446 καὶ
1260 5393 1359 5464 τὴν
1386 5393 1597 5447 εὔνοιαν

60 5483 221 5555 παρά
269 5482 364 5536 τοῦ
413 5482 547 5536 Θεοῦ
594 5481 972 5552 ἐπισπώμεθα.
1006 5480 1175 5534 Τοῦτο
1213 5481 1320 5552 γὰρ
1352 5482 1507 5553 ἡμῶν
1538 5482 1598 5536 τὸ

18 5592 75 5626 ον
118 5574 181 5626 τὸ
225 5571 668 5640 ἀκαταγὼνιστον
693 5585 707 5600 ⁶
744 5574 900 5622 τοῦτο
931 5568 1087 5639 ἡμῶν
1120 5571 1153 5639 ἡ
1182 5569 1411 5641 μεγίστη
1441 5586 1597 5639 περι-

16 5665 86 5718 ία.
128 5662 230 5716 Διά
262 5660 423 5715 τοῦτο
452 5660 543 5713 καὶ
570 5663 597 5714 0
634 5657 877 5729 Ἰσμαῆλ,
913 5659 1086 5712 καίτοι
1118 5657 1234 5721 νέος
1268 5657 1361 5710 καὶ
1386 5661 1441 5711 ἐν
1470 5658 1586 5729 ἐρη·

14 5791 16 5801 ,
46 5750 126 5803 ὢν
151 5752 250 5803 καὶ
281 5749 451 5820 πολλῇ
483 5750 708 5820 ἀπορίᾳ,
740 5748 933 5818 ἀθρόον
964 5747 1195 5816 ηὐξήθη,
1224 5749 1319 5801 καὶ
1342 5748 1421 5810 είς
1442 5746 1593 5811 ἔθνος

13 5856 62 5891 ἀ
108 5836 417 5891 ἐπέδωκενο
464 5836 649 5905 ἐπειδὴ
688 5836 750 5887 '0
796 5837 939 5901 Θεὸς
981 5832 1080 5905 ἦν,
1117 5836 1268 5907 φησι,
1293 5837 1444 5904 μετὰ
1482 5836 1590 5891 τοῦ

14 5927 185 5980 εὸίου.
204 5923 484 5979 Ἐντεῦθεν
515 5924 623 5991 γάο
651 5926 781 5991 ἡμῖν
826 5925 854 5977 0
896 5922 1051 5991 λόγος
1079 5923 1220 5989 ἄπας
1248 5923 1583 5993 ἐξεκυλίσθη.

1706 1082 1803 1135 καὶ
1831 1084 1912 1145 εἰς
1941 1084 2065 1148 τοὺς
2093 1085 2295 1149 αἰῶνας
2324 1086 2434 1139 τῶν
2454 1084 2684 1140 αἰώνων.
2702 1088 2891 1159 Ἀμήν.

2327 1174 2569 1227 ΟΜΙΛΙΑ
2607 1175 2736 1229 MZ'.

1704 1255 1815 1312 καὶ
1835 1257 2075 1328 ἐγένετο
2097 1276 2208 1329 μετ
2208 1268 2247 1314 α
2268 1262 2338 1315 τὰ
2353 1261 2591 1384 ςήμῇα
2614 1260 2879 1347 ταῦτα,’ό
2900 1261 3042 1327 Θεὸς
3068 1261 3365 1331 ὲπείραζὲι

2329 1348 2359 1384 τ
2397 1348 2435 1384 ν
2564 1347 2739 1384 οααιι.

2329 1331 2435 1385 τὸν
2475 1330 2739 1401 Ἀϐραάμ.

1774 1420 1844 1468 α’.
1879 1414 2021 1469 Πολὺ
2050 1416 2158 1472 τῶν
2184 1417 2418 1488 σήμερον
2446 1420 2577 1489 ήμῖν
2598 1418 3045 1487 ἀναγνωσθέντων
3068 1419 3129 1471 τὸ
3154 1418 3365 1489 κέρδος,

1704 1501 1800 1556 καὶ
1833 1502 2035 1571 ἀφατος
2062 1507 2091 1559 0
2128 1505 2398 1577 θησαυρὸς
2428 1509 2460 1560 ὸ
2489 1508 2602 1571 τοῖς
2637 1506 2860 1580 βραχέσι
2892 1506 3100 1569 τούτοις
3126 1508 3367 1578 ῥήμασιν

1704 1590 2168 1662 ἐγκεκρυμμένος.
2199 1592 2432 1647 Τοιαῦτα
2456 1593 2564 1665 γὰρ
2592 1594 2659 1649 τὰ
2687 1594 2805 1648 θεῖα
2838 1592 3023 1663 λόγια·
3055 1594 3154 1647 οὑκ
3190 1595 3247 1647 ἐν
3288 1593 3367 1665 τῷ

1703 1677 1896 1749 πλήθει
1943 1680 2054 1734 τῶν
2097 1680 2375 1751 ῥημάτων,
2417 1682 2532 1739 ἀλλ’
2557 1684 2616 1736 ἐν
2652 1685 2720 1753 τῇ
2754 1682 3014 1753 συντομία
3044 1681 3153 1735 τῶν
3192 1681 3367 1751 λόγων

1703 1765 1871 1820 πολὺν
1892 1767 2311 1838 ἐναποκείμενον
2325 1768 2438 1840 ἔχει
2454 1769 2548 1823 τὸν
2568 1768 2813 1824 πλοῦτον.
2831 1768 2966 1839 Φέρε
2990 1765 3103 1833 οὖν,
3126 1768 3366 1823 ἀναπτύ-

1701 1852 1882 1923 ξωμεν
1923 1855 1993 1909 τά
2046 1856 2332 1927 εἰρημένα,
2378 1857 2473 1912 καὶ
2519 1857 2922 1928 καταμάθωμεν
2968 1856 3213 1929 ἀκριϐῶς
3253 1856 3365 1911 τῶν

1700 1940 1940 2012 σήμερον
1978 1944 2431 2012 ἀναγνωσθέντων
2456 1943 2555 2016 τὴν
2585 1944 2829 2016 δύναμιν.
2863 1943 3022 1998 Οῦτω
3052 1945 3159 2016 γὰρ
3200 1945 3364 2001 πάλιν

1700 2028 1961 2096 εἰσόμεθα
1992 2030 2089 2083 καὶ
2116 2028 2211 2084 τοῦ
2240 2031 2580 2103 πατριάρχου
2623 2032 2723 2103 τὴν
2771 2031 2970 2102 πολλὴν
3022 2031 3241 2102 ἀρετὴν,
3267 2032 3364 2087 καὶ

1697 2115 1789 2169 τοῦ
1816 2116 1950 2169 Θεοῦ
1976 2117 2077 2187 τὴν
2102 2117 2541 2189 ὑπερϐάλλουσαν
2570 2116 2995 2189 φιλανθρωπίαν.
3025 2118 3135 2171 Καὶ
3162 2118 3360 2188 ἐγένε-

1697 2219 1785 2259 το.
1812 2205 1966 2273 φησὶ,
1988 2206 2139 2274 μετὰ
2165 2206 2236 2260 τὰ
2247 2205 2486 2275 ῥήματα
2511 2206 2717 2271 ταῦτα,
2736 2209 2768 2260 ό
2799 2205 2942 2272 Θεὸς
2967 2204 3227 2274 ἐπείραζε
3252 2206 3362 2262 τὸν

1709 2289 1973 2361 Ἁϐραάμ.
2008 2292 2073 2345 Τί
2103 2292 2350 2363 βούλεται
2386 2294 2542 2348 ταυτὶ
2572 2293 2642 2347 τά
2683 2295 2934 2364 ῥήματα,
2971 2295 3079 2348 Καὶ
3123 2292 3360 2364 ἐγένετο

1690 2378 1842 2446 μετὰ
1868 2379 1942 2433 τὰ
1954 2378 2193 2449 ῥήματα
2209 2381 2415 2446 ταῦτα,
2437 2384 2471 2435 ό
2491 2379 2637 2447 Θεὸς
2654 2379 2914 2450 ἐπείραζε
2942 2381 3047 2434 τὸν
3078 2379 3321 2449 Ἁϐραάμ
3337 2420 3355 2445 ,

1696 2465 1896 2520 Σκόπει
1928 2485 2018 2538 μοι
2044 2467 2142 2540 τὴν
2168 2468 2322 2523 θείαν
2363 2468 2604 2541 Γραφὴν,
2629 2469 2743 2533 πῶς
2764 2468 3009 2523 ἐντεῦθεν
3047 2469 3147 2541 ἥδη
3175 2469 3361 2539 βούλε-

1696 2568 1783 2609 ται
1817 2554 2122 2624 ἐκκαλύψαι
2145 2557 2276 2625 ἡμίν
2304 2556 2396 2610 τοῦ
2427 2555 2633 2609 δικαίου
2656 2556 2756 2626 τὴν
2793 2557 3012 2627 ἀρετήν.
3042 2558 3150 2609 Καὶ
3171 2557 3358 2628 ἐπειδὴ

1699 2641 1881 2713 μέλλει
1906 2642 2209 2713 διηγεῖσθαι
2238 2644 2336 2712 τὴν
2360 2647 2554 2714 πεῖραν
2578 2643 2677 2714 τὴν
2698 2645 2846 2716 παρά
2873 2644 2965 2698 τοῦ
2990 2644 3123 2697 Θεοῦ
3160 2646 3360 2712 ἐπαγο-

1699 2729 1868 2800 μένην
1896 2729 1976 2799 τῷ
2013 2729 2281 2801 Ἁϐραάμ,
2306 2731 2570 2802 πρότερον
2598 2733 2739 2802 ἡμᾶς
2768 2730 3017 2800 βούλεται
3040 2731 3131 2784 τὸν
3169 2732 3359 2804 καιρὸν

1694 2818 1924 2883 διδάξαι,
1973 2817 2093 2872 καθ’
2116 2819 2175 2871 δν
2219 2818 2391 2872 ταῦτα
2422 2820 2451 2872 0
2482 2819 2827 2889 πατριάρχης
2869 2820 3213 2881 ἐπετάττετο,
3264 2820 3360 2875 καὶ

1695 2906 1827 2959 πότε
1874 2906 1966 2959 τὸν
2000 2905 2183 2961 Ἱσαάκ
2226 2908 2535 2974 ἀνενεγκεῖν
2578 2904 2876 2971 ἐκελεύετο,
2909 2907 2995 2960 ἵνα
3041 2906 3217 2979 μάθῃς
3261 2906 3360 2978 τὴν

1696 2992 1895 3064 πολλὴν
1922 2992 2015 3047 τοῦ
2042 2995 2381 3066 πατριάρχου
2411 2992 2677 3065 ὑπακοὴν,
2706 2994 2800 3047 καὶ
2827 2994 2974 3057 ὅπως
2995 2993 3103 3047 τῶν
3130 2994 3208 3064 τῷ
3240 2994 3357 3065 Θεῷ

1694 3081 1992 3136 δοκούντων
2033 3081 2182 3136 οὐδὲν
2205 3083 2477 3153 προτιμᾷν
2497 3080 2772 3153 ἠνέσχετο.
2798 3080 2863 3134 Τί
2892 3076 2984 3135 οῦν
3021 3081 3359 3152 ἐστιν,Ἐγέο

1693 3186 1830 3224 rato
1862 3169 1931 3222 δὲ
1953 3169 2106 3239 μετὰ
2148 3171 2221 3224 τὰ
2257 3168 2497 3239 ῥήματα
2543 3168 2766 3232 ταῦτα;
2807 3168 3023 3241 Ἐπειδὴ
3065 3169 3173 3240 γὰρ
3223 3170 3359 3240 μετά

1694 3260 1789 3313 τὸν
1838 3259 1935 3313 τοῦ
1976 3259 2163 3314 ἰσαάκ
2209 3259 2403 3323 τόκον,
2434 3258 2602 3330 ήνίκα
2644 3258 2907 3313 ἐθεάσατο
2954 3260 2989 3330 ὴ
3041 3260 3227 3332 Σάρρα
3267 3260 3359 3314 τὸν

1708 3347 1931 3419 Ἰσμαὴλ
1968 3348 2535 3419 ουναναστρεφόμενον
2569 3346 2647 3418 τῷ
2686 3347 2870 3401 Ἰσαάκ
2892 3387 2906 3411 ,
2946 3346 3198 3419 καθάπερ
3234 3348 3360 3419 χθὲς

1694 3437 1835 3509 πρὸς
1895 3437 2037 3507 ὑμᾶς
2094 3435 2463 3507 διελέχθημεν,
2502 3434 2874 3505 δυσχεράνασά
2923 3435 3059 3504 πρὸς
3114 3435 3270 3489 τοῦτο
3323 3438 3358 3507 ἡ

1694 3525 1882 3597 Σάρρα
1918 3524 2070 3593 ἐλεγε
2106 3524 2241 3594 πρὸς
2275 3521 2369 3576 τὸν
2404 3521 2685 3592 Ἀδραάμυ
2719 3523 2979 3576 Ἔκϐαλε
3014 3520 3132 3589 τὴν
3166 3522 3361 3576 παιδί-

1694 3627 1862 3681 σκην
1891 3612 1988 3667 καί
2020 3610 2126 3665 τὸν
2150 3611 2285 3665 υἱὸν
2320 3608 2542 3679 αὺτῆςο
2570 3611 2644 3663 οὐ
2672 3609 2782 3678 γὰρ
2806 3609 2892 3678 μὴ
2924 3611 3356 3680 κληρονομήσῃ

1696 3702 1729 3754 ὁ
1765 3700 1897 3767 υίὸς
1932 3700 2043 3767 τῆς
2082 3699 2404 3763 παιδίσκης
2452 3691 2603 3767 μετὰ
2649 3696 2758 3751 τοῦ
2806 3696 2942 3751 υἰοῦ
2986 3712 3139 3766 μου³
3182 3698 3355 3769 ἐφάνη

1693 3789 1752 3842 δέ
1802 3788 1960 3843 τοῦτο
2013 3788 2245 3859 σκληρὸν
2281 3786 2360 3858 τῷ
2397 3786 2741 3858 πατριάρχῃ,
2784 3784 3100 3856 βουλόμενος
3147 3788 3177 3838 0
3224 3787 3359 3850 Θεὸς

1694 3876 2186 3950 παραμυθήσασθαι
2221 3875 2313 3929 τὸν
2348 3874 2574 3939 δίκαιον,
2612 3872 2805 3944 φησίν·
2841 3873 3175 3927 ’Υπάκουσον
3211 3874 3359 3944 Σάρ-

1698 3968 1799 4037 ρας
1834 3964 1938 4036 τῆς
1973 3963 2228 4033 γυναικός
2269 3980 2386 4026 σου,
2412 3962 2506 4015 καὶ
2534 3961 2676 4014 ποίει
2701 3961 2763 4014 τὸ
2790 3960 2917 4031 παρ’
2937 3960 3107 4031 αὐτῆς
3136 3960 3321 4032 λεχθέν
3338 3975 3360 3994 ο

1694 4054 1790 4107 καὶ
1828 4053 1903 4124 μὴ
1943 4051 2176 4123 σκληρόν
2196 4068 2278 4104 σοι
2310 4048 2585 4121 φαινέσθω
2618 4048 2679 4101 τὸ
2716 4049 2845 4121 περὶ
2877 4048 2973 4101 τοῦ
3014 4048 3225 4101 παιδίου
3262 4048 3363 4103 καὶ

1693 4141 1795 4212 τῆς
1838 4141 2147 4212 παιδίσκης.
2186 4140 2287 4193 Ἑν
2323 4137 2434 4209 γὰρ
2471 4135 2551 4202 τῷ
2587 4136 2793 4191 Ἰσαὰκ
2844 4136 3210 4205 κληθήσεται
3258 4152 3365 4190 σοι

1695 4231 1951 4302 σπέρμα,
1988 4230 2083 4284 καὶ
2119 4229 2307 4283 τοῦτον
2343 4228 2400 4281 δὲ
2439 4228 2647 4297 ποιήσω
2684 4226 2763 4289 εἰς
2800 4225 2949 4289 ἔθνος
2989 4224 3147 4296 μέγα,
3171 4225 3363 4297 ἐπειδὴ

1698 4320 1917 4392 σπέρμα
1955 4319 2044 4372 σόν
2082 4319 2216 4371 ἐστι.
2263 4317 2372 4370 Καὶ
2410 4316 2558 4369 πᾶσα
2595 4316 2628 4386 ή
2667 4314 2957 4384 ὑπόσχεσις
2993 4313 3143 4384 αὑτῷ
3192 4315 3285 4366 καὶ
3321 4315 3362 4385 ἡ

1696 4408 1850 4479 παρά
1884 4404 1978 4460 τοῦ
2016 4404 2150 4458 Θεοῦ
2188 4402 2486 4471 ἐπαγγελία
2510 4402 2644 4473 αῦτη
2673 4397 2762 4473 ἦν,
2784 4400 2924 4455 ὥστε
2955 4401 3034 4466 εἰς
3062 4402 3195 4454 πολὺ
3224 4402 3359 4472 πλῆ-

1696 4496 1787 4559 θος
1818 4492 2149 4548 ἐκτείνεσθαι
2181 4492 2305 4556 τοὺς
2339 4492 2403 4543 ἐκ
2434 4490 2527 4543 τοῦ
2556 4489 2738 4544 Ἰσαὰκ
2773 4488 3059 4560 τεχθέντας
3075 4489 3124 4542 δ.
3143 4488 3362 4561 Ἐπειδὴ

1695 4581 1917 4645 ταύταις
1953 4583 2072 4644 ταῖς
2111 4579 2289 4632 ἐλπίσι
2326 4577 2658 4648 τρεφόμενος
2694 4578 2721 4631 0
2758 4577 2963 4640 δίκαιος
2994 4577 3236 4639 διετέλει,
3264 4579 3361 4631 καὶ

1694 4669 1770 4732 ὡς
1804 4666 1913 4720 τῶν
1948 4665 2216 4719 τοσούτων
2269 4664 2365 4718 καὶ
2410 4662 2724 4735 ἐπαλλήλων
2763 4662 2993 4733 θλίψεων
3032 4664 3125 4717 καὶ
3163 4680 3327 4735 πειρα

1697 4754 1851 4826 σμῶν
1887 4753 1985 4819 τὰς
2023 4752 2257 4825 ἀμοιϐὰς
2294 4752 2679 4822 κομισάμενος,
2721 4751 2813 4804 καὶ
2853 4752 2910 4803 ἐν
2947 4750 3213 4821 ἀσφαλείᾳ
3248 4750 3329 4802 λοι

1696 4845 1795 4898 πὸν
1845 4841 2080 4915 γεγονὼς
2105 4881 2120 4906 ,
2169 4840 2264 4894 καὶ
2319 4839 2460 4911 ὁρῶν
2509 4840 2568 4893 ἐν
2617 4838 2912 4910 ὀφθαλμοῖς
2962 4839 3052 4891 τὸν
3101 4838 3358 4909 μέλλοντα

1694 4929 2032 5002 διαδέχεσθαι
2074 4926 2239 4983 αὑτοῦ
2281 4926 2372 4981 τὸν
2416 4926 2635 4999 κλῆρον,
2676 4925 2817 4979 οὕτω
2866 4925 3001 4995 μετά
3033 4925 3212 4987 ἁδείας
3234 4925 3360 4978 καθ⁴

1696 5021 1962 5090 ειστήκει,
1998 5018 2260 5089 μεγίστην
2287 5013 2531 5069 ἐντεῦθεν
2568 5013 2920 5085 παραμυθίαν
2957 5010 3355 5082 καρπούμενος.

1708 5107 1847 5161 Ἀλλ’
1886 5108 1914 5160 0
1938 5105 2008 5159 τά
2040 5104 2325 5175 ἀπόρρητα
2360 5102 2461 5172 τῆς
2486 5101 2723 5163 διανοίας
2760 5100 3143 5171 ἐπιστάμενος,
3173 5098 3359 5169 βουλό-

1703 5211 1864 5266 μενος
1891 5195 2024 5263 ἡμῖν
2057 5190 2360 5259 ἐκκαλύψαι
2394 5188 2487 5241 τοῦ
2522 5187 2729 5240 δικαίου
2768 5187 2866 5258 τὴν
2904 5187 3126 5259 ἀρετὴν,
3156 5187 3359 5243 καὶτὸν

1696 5283 1863 5336 πολὺν
1892 5280 2074 5343 πόθον,
2093 5280 2152 5333 δν
2173 5279 2300 5349 περὶ
2322 5277 2482 5331 αὑτὸν
2499 5275 2862 5338 ἐπεδείκνυτο,
2885 5275 3021 5345 μετά
3044 5276 3140 5338 τὰς
3165 5274 3359 5329 τοσαύ-

1695 5390 1791 5435 τας
1812 5369 2150 5439 ὑποσχέσεις,
2183 5368 2278 5421 καὶ
2307 5366 2508 5435 ταύτην
2518 5364 2617 5435 τὴν
2639 5365 2949 5436 πρόσφατον
2963 5364 3355 5435 γεγενημένην,

1698 5461 1793 5515 καὶ
1831 5452 1901 5530 ἧς
1950 5458 2051 5528 τὴν
2101 5456 2323 5527 μνήμην
2371 5453 2592 5507 ἔναυλον
2626 5449 2771 5523 εῐχεν
2815 5451 2983 5525 [474],
3032 5454 3121 5507 ὅτε
3171 5453 3357 5507 λοιπὸν

1761 5618 2060 5681 ⁸Ἐπείραζε,
2080 5613 2379 5671 lentabat,sic
2398 5614 2545 5681 etiam
2572 5610 2690 5660 infra
2712 5613 2762 5681 in
2786 5612 2925 5669 Non,
2944 5612 2996 5658 in
3025 5611 3155 5681 εον,
3177 5623 3353 5681 10.001-

1698 5672 2156 5740 nibnsque'omhiuo
2180 5691 2314 5733 mss,
2349 5683 2423 5740 ML
2444 5676 2575 5721 nulla
2603 5677 2749 5733 possit
2784 5686 2894 5740 esse;
2935 5675 3097 5740 ωειλᾳί
3120 5672 3351 5740 ειιερὶεἰρ,

1704 5732 1992 5802 ἐετιυιὶιψιθ
2015 5740 2078 5787 sit
2105 5732 2365 5800 ilalegiSse
2377 5732 2927 5802 Chr);su§l0_lptnxxn._Atin
2952 5733 3356 5802 (fdiliuuibus'rﬂw

1704 5804 1770 5857 0'
1790 5796 1972 5865 legifur
1994 5796 2593 5865 ἐπείρασεγξιεηιαυίιλίξοιί.
2620 5797 2763 5844 Alex.
2792 5797 3016 5865 ἐπείραςε.

1763 5867 1793 5909 δ
1816 5855 2359 5923 Ανᾱάἱάὶωυέτεχθέντας
2381 5872 2411 5909 e
2436 5861 2581 5911 Coisl.
2614 5867 2665 5909 et
2689 5871 2837 5921 marg.
2867 5855 3009 5909 S’avll.
3035 5856 3121 5918 qui
3145 5855 3194 5904 in
3216 5858 3359 5903 textu

1696 5929 2012 5992 τικτομὲνους,
2040 5926 2120 5974 καὶ
2138 5924 2342 5979 ταύταις.
