3730 6258
20 293 89 346 ξε)
1040 285 1101 339 IN
1136 282 1292 338 CAP.
1334 283 1493 343 XXII.
1530 288 1773 345 GENES.
1821 287 2043 346 HOMIL
2090 293 2296 350 XLVII.

27 403 349 460 mutissiouis
386 411 440 456 et
473 412 747 471 postquam
775 399 907 454 dixit
941 417 951 452 :
990 398 1051 452 lu
1079 399 1168 453 illo
1197 395 1451 450 vocabitur
1476 396 1563 449 tibi

20 513 145 549 amen
170 536 184 558 ,
228 505 281 549 et
325 493 412 547 ille
447 492 548 546 erit
590 506 868 545 successor
894 498 1012 543 tuus
1042 507 1053 541 :
1091 487 1212 543 Post
1234 488 1381 541 verba
1413 487 1520 539 haec
1544 526 1560 549 ,

20 588 199 642 mtabat
221 585 358 640 Deus
388 584 662 638 Abraham.
689 582 824 650 Qttid
853 592 953 646 est,
983 582 1229 635 Tentabat
1248 580 1400 634 ?Nou
1426 580 1563 650 quod

20 698 93 737 ise
121 682 415 751 ignoraret,
454 678 744 732 teutatione
771 675 913 729 ilium
946 674 1219 743 probavit,
1246 673 1339 727 sed
1369 682 1425 726 ut
1452 681 1503 726 et
1532 672 1563 725 ii

24 772 68 825 ui
92 781 217 825 tunc
235 779 406 833 erant,
430 780 483 823 et
502 766 590 838 qui
613 767 680 821 ab
696 782 760 821 eo
784 775 1021 833 tempore
1046 779 1211 834 usque
1235 763 1300 817 ad
1331 778 1565 833 pncseus

22 865 140 919 ituri
185 872 346 930 sunt,
392 861 533 917 istud
571 862 743 930 ipsum
791 856 1106 928 patriarcha:
1149 855 1471 911 desiderium
1514 865 1568 910 et

22 957 334 1042 hedientiam
382 955 432 1009 in
469 952 750 1024 praeceptis
778 950 1059 1006 dominicis
1086 965 1196 1017 pra:
1222 963 1281 1004 se
1310 947 1453 1003 ferre
1481 946 1564 1002 di-

19 1041 152 1103 cant.
188 1048 253 1103 Et
285 1049 434 1114 dixit,
458 1048 660 1117 inquit,
691 1046 759 1099 ad
778 1060 935 1099 eum:
964 1043 1257 1104 Abraham,
1290 1041 1563 1096 Abraham.

19 1152 46 1194 il
90 1142 174 1196 ille
213 1142 340 1196 dixit
366 1157 387 1196 :
416 1139 549 1195 Ecce
576 1156 689 1211 ego.
721 1137 856 1206 Quid
884 1137 983 1191 sibi
1013 1138 1124 1190 vult
1152 1128 1305 1190 verbi
1324 1135 1566 1204 duplica-

19 1235 100 1289 io?
129 1235 333 1305 Magna:
357 1232 739 1291 benevolentia:
760 1246 885 1299 erga
914 1229 1265 1299 patriarcliam
1288 1243 1571 1298 argumen-

19 1345 93 1381 um
123 1337 225 1391 est,
257 1336 311 1382 et
336 1326 664 1381 monstrabat
689 1324 737 1380 ei
767 1324 1044 1377 vocatione
1067 1321 1203 1391 ipsa,
1237 1336 1296 1375 se
1321 1335 1568 1389 maguum

22 1420 178 1490 liquid
203 1428 593 1490 praecepturum
619 1432 759 1471 esse.
784 1414 852 1471 Ut
879 1415 1038 1484 igitur
1063 1413 1207 1466 illum
1231 1410 1569 1466 attentiorem

19 1511 253 1575 rdderet,
283 1511 610 1566 vocationem
641 1506 941 1578 geminabat
962 1547 977 1573 ,
1008 1514 1061 1561 et
1088 1504 1221 1559 dixit
1250 1521 1262 1558 :
1292 1503 1567 1563 Abraham,

19 1604 259 1657 lbraham.
290 1601 393 1656 Ille
410 1610 575 1656 autem
600 1600 727 1654 dixit
753 1617 771 1652 :
802 1599 932 1653 Ecce
969 1614 1080 1667 ego.
1102 1596 1156 1652 2.
1184 1595 1249 1649 Et
1271 1595 1399 1649 dixit
1423 1612 1437 1648 :
1469 1593 1570 1647 Ac-

20 1695 96 1763 ipe
115 1695 279 1763 ﬁlium
303 1704 442 1747 tuum
472 1693 730 1753 dilectum,
753 1707 897 1760 quem
918 1688 1159 1751 dilexisti,
1184 1686 1355 1752 Isaac,
1377 1696 1424 1739 et
1449 1686 1575 1739 vade

20 1803 39 1838 lt
69 1795 253 1839 terram
289 1784 571 1846 excelsam,
601 1792 646 1836 et
672 1780 799 1847 o/fer
825 1798 936 1835 eum
968 1781 1019 1834 in
1047 1780 1395 1835 holocaustum
1420 1795 1575 1848 super

20 1893 143 1929 :num
174 1877 453 1942 montium,
493 1890 639 1942 quem
679 1874 766 1927 tibi
809 1872 1003 1927 dixero.
1044 1871 1290 1941 Magnum
1323 1869 1574 1941 prmcepti

19 1965 219 2031 iondus,
249 1973 304 2020 et
332 1981 418 2021 res
448 1964 737 2019 humanam
766 1962 1146 2017 transcendens
1174 1970 1441 2016 naturam.
1474 1962 1574 2014 Ac-

20 2059 96 2127 ipe
123 2058 289 2126 ﬁlium
309 2067 452 2112 tuum
479 2057 753 2120 dilectum,
779 2073 927 2127 quem
949 2055 1174 2109 dilexisti
1194 2096 1210 2122 ,
1234 2053 1404 2108 Isaac.
1440 2053 1576 2110 Vide

20 2149 261 2218 [uomodo
298 2164 395 2218 per
421 2148 580 2203 verba
622 2148 721 2203 ista
763 2146 1017 2216 majorem
1048 2161 1232 2216 rogum
1262 2144 1574 2209 succendit,

23 2249 43 2294 t
69 2240 339 2295 fornacem
364 2240 581 2305 amoris,
612 2253 718 2309 quo
740 2238 914 2307 justus
943 2237 993 2291 in
1024 2237 1169 2290 lsaac
1194 2234 1415 2289 aﬂ‘ectus
1437 2244 1574 2300 erat,

24 2332 358 2386 ehvmeutius
374 2334 593 2387 excitat.
612 2330 796 2400 Accipe
813 2328 976 2398 ﬁlium
994 2337 1134 2382 tuum
1157 2326 1411 2391 dilectum,
1431 2342 1577 2397 quem

19 2425 233 2492 'ilexisti,
268 2423 433 2479 Isaac.
470 2423 891 2493 Unumquodque
915 2421 1137 2476 verbum
1165 2436 1258 2489 per
1281 2435 1339 2474 se
1365 2418 1578 2473 sufﬁce-

22 2526 73 2571 et
91 2517 157 2570 ad
184 2516 518 2571 sauciandam
542 2516 771 2570 animam
788 2514 937 2585 justi.
962 2513 1075 2568 Non
1098 2512 1240 2568 enim
1262 2510 1579 2581 simplicitrr

19 2610 141 2672 lixit,
176 2608 360 2675 Isaac,
387 2609 479 2663 sed
518 2606 741 2673 addidit,
773 2606 965 2660 Filium
991 2616 1173 2672 tuum,
1199 2620 1354 2675 quem
1387 2612 1580 2674 praeter

19 2716 207 2755 .mnem
228 2700 676 2769 exspectationem
698 2697 998 2767 suscepisti,
1020 2707 1073 2751 et
1089 2697 1140 2750 in
1166 2697 1276 2767 ipsa
1300 2703 1581 2751 senectute

19 2793 194 2847 labere
215 2790 450 2862 potuisti,
481 2790 749 2852 Dilectum,
779 2788 1187 2844 desiderabilem
1219 2797 1388 2853 tuum,
1420 2803 1578 2854 quem

19 2900 96 2938 am
139 2884 428 2939 immodice
468 2882 677 2953 diligis,
712 2881 949 2937 lsaacum
973 2922 988 2946 ,
1021 2896 1178 2951 quem
1209 2894 1576 2935 successurum

19 2977 83 3032 ibi
111 2985 417 3046 exspectas,
441 2991 505 3031 es
532 2990 636 3044 quo
661 2984 714 3029 et
742 2989 924 3028 semen
951 2981 1098 3026 tuum
1123 2970 1577 3040 multiplicandum

19 3068 217 3122 tl'OlﬂiSi
237 3109 251 3131 ,
282 3077 338 3122 et
366 3068 417 3122 in
450 3075 651 3120 tantum
690 3064 1144 3134 multiplicandum
1175 3103 1191 3130 ,
1222 3072 1279 3117 ut
1305 3061 1578 3116 stellarum

19 3163 316 3217 multitudini
346 3172 401 3217 et
437 3178 614 3218 arente
650 3178 771 3233 qua:
794 3161 941 3232 juxta
982 3160 1106 3215 litus
1133 3160 1296 3214 maris
1323 3166 1408 3213 est
1435 3156 1583 3211 θόω-

19 3264 204 3324 inetur.
228 3254 379 3309 Illum
415 3256 583 3324 ipsum
611 3254 814 3325 Accipe,
836 3263 883 3307 et
901 3251 1027 3307 vade
1042 3252 1094 3305 in
1112 3259 1294 3305 terram
1310 3249 1580 3313 excelsam,

20 3360 36 3403 t
65 3349 196 3416 offer
229 3366 346 3403 eum
370 3350 439 3402 ibi
466 3349 518 3402 in
555 3349 899 3401 holocaustum
927 3362 1079 3416 super
1110 3360 1264 3398 unum
1295 3343 1536 3397 montium
1564 3383 1579 3409 ,

20 3461 133 3498 ruem
164 3444 257 3498 tibi
282 3444 467 3497 dicam.
498 3441 761 3496 Admirari
791 3440 935 3495 subit
957 3437 1225 3509 quomodo
1259 3437 1372 3491 haec
1411 3436 1580 3506 juatus

20 3536 207 3590 nuribus
235 3534 377 3590 ferre
401 3534 649 3605 potuerit.
677 3533 827 3587 Illum
856 3531 999 3586 enim
1026 3532 1219 3600 ipsum,
1252 3528 1442 3599 inquit,
1469 3537 1577 3582 tam

19 3628 405 3685 lesiderabilem
449 3627 539 3681 tibi
566 3667 581 3690 ,
619 3624 752 3681 oﬂ'er
782 3624 913 3679 mihi
943 3624 994 3678 in
1027 3624 1390 3677 holocaustum
1417 3634 1582 3688 super

19 3739 158 3777 unum
186 3721 471 3776 montium.
500 3719 637 3788 Quid
667 3718 826 3790 igitur
846 3717 1060 3788 justus?
1086 3715 1200 3771 Non
1233 3714 1473 3769 turbatus
1500 3720 1582 3766 est

20 3814 192 3879 iniiuo,
226 3829 335 3869 non
362 3812 613 3868 confusus
638 3820 721 3868 est
741 3819 940 3877 mente,
971 3823 1078 3863 non
1106 3806 1329 3862 consilio
1355 3806 1579 3860 destitu-

20 3920 78 3959 us
98 3914 183 3960 est
206 3904 273 3959 ad
303 3915 408 3959 tam
436 3902 754 3974 stupendum
787 3909 1129 3972 praeceptum,
1160 3914 1264 3953 non
1292 3896 1578 3968 cogitabat,

19 4013 97 4051 non
140 3997 557 4052 ratiocinabatur
590 4011 773 4052 secum
803 4014 816 4050 :
844 3993 980 4060 Quid
1027 3994 1129 4048 hoc
1167 4001 1247 4047 est
1270 3991 1292 4043 ?
1319 3990 1405 4060 qui
1454 3989 1582 4044 mihi

20 4100 188 4145 mrter
232 4105 445 4143 omnem
488 4088 938 4157 exspectationem
980 4085 1181 4156 prolem
1221 4084 1439 4153 largitus
1464 4090 1579 4147 est,

20 4183 80 4251 lui
111 4195 333 4253 propter
360 4183 742 4252 benignitatem
769 4195 917 4234 suam
940 4187 1240 4235 emortuam
1264 4177 1440 4233 Same
1468 4175 1581 4229 vul-

20 4291 110 4327 am
142 4274 476 4344 generatioui
509 4273 750 4327 idoneam
778 4272 930 4337 fecit,
963 4285 1103 4325 nunc
1130 4279 1404 4340 postquam
1432 4268 1582 4323 abla~~

20 4380 166 4422 tatus
198 4379 282 4422 est
308 4367 447 4422 [ilius
472 4376 526 4420 et
552 4367 716 4421 crevit
736 4406 752 4432 ,
784 4374 838 4419 et
865 4365 917 4418 in
946 4363 1078 4419 ﬂore
1104 4363 1274 4417 :etatis
1302 4372 1413 4428 est,
1443 4362 1581 4415 hunc

20 4461 166 4514 recidi
197 4470 252 4514 et
294 4459 344 4512 in
378 4461 743 4512 holocaustum
784 4454 962 4510 offerri
994 4455 1229 4524 principit
1259 4471 1272 4507 :
1305 4454 1393 4523 qui
1428 4454 1582 4523 paulo

25 4565 147 4607 utea
177 4551 331 4610 dixit.
362 4549 426 4603 In
457 4551 567 4619 ipso
595 4549 850 4602 vocabitur
875 4546 961 4600 tibi
991 4563 1177 4610 semen,
1208 4561 1347 4599 nunc
1371 4554 1583 4599 eontra-

22 4648 65 4699 ia
99 4643 359 4713 prau-ipit.
410 4643 475 4697 Et
521 4640 788 4711 quomodo
822 4638 1199 4708 implebantur,
1244 4652 1362 4707 qua:
1407 4637 1476 4690 ab
1519 4651 1583 4690 eo

20 4748 115 4793 unt
142 4736 405 4809 promissa
425 4735 581 4802 ‘tQuo
606 4744 758 4804 pacto
785 4733 928 4788 enim
958 4731 1069 4787 ﬁeri
1098 4738 1293 4802 potest,
1321 4739 1377 4784 ut
1406 4729 1583 4784 radice

24 4844 211 4886 xseeta
258 4830 393 4884 rami
432 4828 738 4899 pullulent,
780 4826 864 4881 vel
903 4826 1106 4879 succisa
1150 4824 1344 4878 arbore
1383 4822 1585 4879 fructus

20 4925 313 4980 woveniant
337 4965 351 4988 ,
383 4923 463 4978 vel
505 4921 650 4977 fonte
676 4920 914 4975 arefacto
942 4918 1082 4973 ﬂuvii
1114 4917 1407 4973 scaturiant
1431 4917 1455 4970 i
1483 4914 1582 4971 Se-

22 5022 228 5076 mulum
258 5020 489 5073 hominis
511 5019 767 5072 rationem
792 5014 910 5071 talia
938 5014 1049 5070 ﬁeri
1076 5029 1179 5068 non
1204 5023 1286 5069 est
1309 5011 1582 5082 possibile;

19 5124 101 5167 »ρο
130 5122 313 5165 autem
337 5110 547 5165 volente
576 5108 687 5162 ﬂeri
718 5117 938 5179 possunt
958 5106 1155 5160 omnia.

58 5204 116 5257 ‘2.
146 5202 418 5257 Caeterum
441 5200 628 5255 horum
658 5198 787 5253 nihil
814 5197 1061 5266 cogitarit
1083 5209 1261 5250 secum
1277 5194 1456 5265 justus
1474 5194 1579 5256 ille.

19 5297 81 5351 ed
99 5296 246 5351 sicut
264 5302 448 5365 gratus
469 5292 717 5353 famulus,
731 5291 928 5345 omissa
944 5290 1089 5345 omni
1110 5289 1317 5344 ratione
1331 5288 1582 5352 humana,

20 5405 156 5443 .nam
190 5397 395 5443 tantum
425 5400 538 5441 rem
566 5384 800 5445 curabat,
830 5393 883 5437 ut
917 5384 1173 5450 imperata
1202 5396 1363 5451 opere
1393 5380 1583 5449 imple-

19 5492 71 5537 et
102 5500 117 5537 :
149 5490 206 5536 et
248 5480 400 5551 quasi
437 5478 607 5532 factus
648 5476 715 5530 ab
756 5475 981 5529 humana
1026 5483 1213 5528 natura
1258 5473 1463 5527 alienus
1490 5511 1504 5534 ,
1534 5480 1587 5525 et

19 5570 423 5642 oslponetidam
454 5568 657 5623 ducens
680 5565 872 5621 divinis
904 5564 1181 5633 prrceeptis
1218 5575 1427 5616 omnem
1459 5560 1588 5615 aﬂ‘e-

26 5668 233 5719 tionem
265 5670 319 5718 et
346 5660 683 5714 dilectionem
710 5699 723 5722 ,
753 5656 817 5709 ad
848 5654 1111 5725 implenda
1143 5654 1232 5708 Dei
1260 5654 1404 5723 jussa
1434 5653 1584 5707 festi-

20 5758 167 5813 mit.
189 5757 243 5811 5.
276 5753 343 5808 Et
372 5770 485 5807 cum
514 5748 809 5807 surrexisset
834 5788 849 5816 ,
884 5748 1086 5819 inquit,
1114 5746 1366 5803 Abraham
1402 5762 1581 5815 mane,

3150 311 3255 368 450

1671 401 1846 452 stravit
1874 403 2070 456 asinam
2104 421 2266 459 suam.
2302 408 2503 477 Accepit
2530 422 2696 468 autem
2737 431 2905 471 secum
2929 418 3063 475 duos
3084 436 3258 476 servos

1673 502 1721 543 et
1757 490 1908 546 Isaac
1946 496 2109 563 filium
2138 515 2285 552 suum
2315 518 2334 555 :
2368 513 2414 556 et
2448 504 2619 559 scissis
2654 508 2804 578 lignis
2830 510 2881 564 in
2907 510 3255 566 holocaustum

1672 599 1784 636 cum
1810 588 2141 655 surrexisset,
2166 597 2419 664 profectus
2443 607 2535 661 est,
2561 609 2607 652 et
2633 602 2762 653 venit
2788 603 2840 655 in
2875 603 3041 657 locum
3061 646 3074 669 ,
3107 622 3255 674 quens

1673 676 1801 728 dixit
1838 678 1883 730 ei
1918 677 2053 733 Deus
2075 721 2090 744 ,
2123 682 2207 736 die
2233 687 2399 740 tertio.
2424 686 2557 744 Vide
2583 691 2901 747 clementem
2926 694 3206 751 Dominum
3239 739 3252 761 ,

1673 767 1941 835 quomodo
1983 778 2038 824 et
2074 770 2357 828 intervallo
2398 777 2502 831 loci
2539 780 2664 846 justi
2706 783 2950 849 probavit
2978 784 3251 840 virtutem.

1673 858 1852 927 Cogita
1880 871 2056 915 autem
2082 863 2207 932 quid
2233 865 2507 933 probabile
2530 869 2600 924 sit
2630 873 2804 926 triduo
2829 873 2920 927 illo
2940 876 3257 930 sustinuisse

1669 948 1871 1018 ju~tum
1904 950 1918 981 ¹
1950 965 2128 1007 secum
2169 966 2499 1024 reputantem
2534 960 2635 1015 sibi
2665 974 2984 1033 praeceptum
3012 980 3131 1021 esse
3153 1006 3169 1030 ,
3200 975 3259 1019 ut

1672 1039 1783 1095 Suis
1804 1043 2047 1099 manibus
2065 1052 2170 1099 tam
2190 1046 2440 1102 dilectum
2464 1048 2629 1105 filium
2650 1052 2936 1119 occideret,
2957 1070 3127 1124 neque
3144 1072 3257 1111 rem

1674 1134 1769 1188 ulli
1799 1138 2221 1194 communicaret
2246 1148 2300 1195 et
2337 1139 2649 1209 detegeret;
2684 1152 2739 1198 et
2766 1145 3082 1215 obstupesce
3107 1147 3254 1217 pium

1674 1228 2088 1300 religiosumque
2132 1246 2196 1286 ac
2237 1234 2550 1303 prudentem
2595 1237 2758 1305 ipsius
2810 1239 3069 1294 animum.
3123 1241 3258 1308 Quia

1676 1322 1818 1375 enim
1849 1321 2050 1377 sciebat
2079 1324 2493 1394 magnitudinem
2525 1324 2795 1397 praecepti,
2814 1332 3010 1384 nemini
3040 1346 3258 1400 prorsus

1679 1413 1780 1469 hoc
1802 1415 2120 1484 significavit
2138 1458 2153 1479 ,
2182 1432 2353 1487 neque
2380 1420 2584 1488 pueris,
2616 1436 2791 1491 neque
2821 1423 2920 1491 ipsi
2954 1424 3096 1479 Isaac
3122 1441 3136 1479 :
3163 1424 3257 1479 sed

1678 1507 1823 1561 Solus
1849 1523 2030 1561 secum
2060 1523 2287 1578 agonem
2320 1510 2465 1563 illum
2495 1511 2797 1567 decertabat
2826 1555 2840 1578 ,
2870 1524 2924 1568 et
2950 1516 3098 1583 quasi
3129 1514 3260 1569 ada-

1678 1612 1792 1651 mas
1831 1597 2042 1665 quidam
2083 1599 2332 1654 manebat
2370 1601 2630 1668 invictus,
2673 1603 2838 1657 robur
2881 1605 3258 1673 cogitationum

1679 1695 1883 1743 tantum
1908 1690 2165 1745 exhibens
2183 1731 2200 1754 ,
2228 1700 2279 1745 et
2308 1707 2413 1756 non
2441 1692 2600 1745 multa
2626 1703 2895 1758 causatus,
2925 1709 3116 1764 magno
3139 1710 3259 1750 cum

1678 1780 1944 1835 desiderio
1972 1781 2372 1850 obtemperabat
2397 1785 2545 1837 nutui
2566 1783 2765 1838 divino.
2797 1786 2860 1838 Et
2887 1796 3164 1857 postquam
3192 1788 3257 1841 ad

1678 1873 1852 1930 locum
1894 1874 2043 1929 illum
2084 1878 2361 1945 pervenit,
2387 1877 2443 1932 4.
2476 1876 2702 1933 Sublatis
2724 1918 2739 1941 ,
2768 1877 2974 1948 inquit,
3006 1878 3264 1933 Abraham

1679 1970 1840 2023 oculis
1866 1968 1973 2023 suis
1996 1968 2119 2022 vidit
2146 1970 2313 2023 locum
2341 1986 2373 2022 a
2407 1970 2587 2040 longe,
2618 1970 2670 2024 5.
2703 1980 2747 2024 et
2778 1970 2906 2025 dixit
2944 1971 3098 2024 servis
3121 1970 3263 2024 suis:

1681 2062 1866 2117 Sedete
1897 2063 1980 2116 hic
2014 2080 2128 2116 cum
2162 2065 2327 2118 asina.
2356 2063 2492 2119 Vide
2513 2074 2567 2118 et
2598 2063 2683 2118 hic
2708 2063 2834 2133 justi
2862 2078 3105 2134 magnam
3136 2078 3263 2131 pru-

1680 2153 1913 2209 dentiam
1941 2170 1955 2206 :
1981 2154 2141 2208 etiam
2171 2155 2340 2207 servis
2365 2155 2476 2208 vult
2503 2169 2623 2208 esse
2652 2154 2896 2208 occultus
2918 2195 2933 2219 ,
2964 2170 3057 2223 per
3084 2155 3263 2207 omnia

1680 2245 1959 2299 declarans
1983 2260 2040 2299 se
2060 2261 2179 2299 cum
2211 2246 2431 2299 ferventi
2456 2245 2728 2299 alacritate
2748 2255 2801 2298 et
2829 2244 3031 2298 intento
3053 2244 3264 2298 deside-

1680 2338 1762 2392 rio
1783 2338 2004 2406 implere
2024 2339 2158 2391 velle
2180 2335 2319 2403 quod
2341 2337 2449 2391 Deo
2471 2336 2810 2406 probabatur.
2835 2334 2967 2390 Nam
2990 2335 3109 2406 quia
3132 2335 3267 2389 scie-

1685 2429 1773 2483 bat
1800 2443 1991 2482 uovunt
2024 2438 2077 2483 et
2110 2428 2399 2493 inauditum
2429 2443 2549 2483 esse
2584 2427 2634 2482 id
2665 2426 2804 2496 quod
2829 2426 2896 2481 ab
2924 2425 3039 2494 ipso
3064 2423 3265 2480 facien-

1682 2523 1808 2578 dum
1829 2531 1963 2583 erat,
1987 2536 2159 2590 neque
2179 2522 2245 2574 ab
2267 2520 2372 2574 ullo
2390 2535 2636 2589 umquam
2666 2518 2769 2574 tale
2789 2517 3039 2587 quiddam
3068 2515 3263 2569 factum

1684 2616 1849 2670 fuisse
1877 2626 2032 2670 antea
2054 2658 2069 2679 ,
2098 2630 2210 2669 rem
2237 2614 2411 2670 servis
2439 2613 2690 2667 occultat.
2722 2612 2785 2666 Et
2810 2609 3012 2669 reliCtis
3041 2610 3117 2663 eis
3142 2623 3263 2662 cum

1684 2708 1854 2773 asina,
1889 2709 2056 2777 inquit
2088 2725 2101 2761 :
2128 2706 2180 2760 5.
2215 2704 2313 2757 llic
2332 2712 2612 2773 exspectate
2632 2719 2650 2757 :
2669 2719 2759 2773 ego
2780 2702 2913 2755 enim
2942 2710 2987 2754 et
3010 2715 3133 2770 puer
3150 2716 3264 2750 am-

1685 2799 1969 2853 bulabimus
1999 2814 2150 2865 usque
2173 2797 2315 2862 illuc,
2337 2806 2381 2849 et
2407 2812 2522 2849 cum
2544 2793 2942 2854 adoraverimus,
2967 2800 3267 2845 revertemur

1687 2894 1754 2947 ad
1782 2909 1868 2946 vos
1922 2890 2178 2961 Ignorans
2205 2888 2435 2943 futurum
2466 2901 2584 2941 esse
2614 2885 2663 2939 id
2696 2884 2837 2953 quod
2877 2882 3087 2937 dicebat
3114 2921 3129 2947 ,
3170 2878 3265 2935 sed

1689 2982 2030 3054 prophetavit
2057 2980 2268 3050 quidem
2294 3020 2309 3042 ,
2343 2979 2590 3048 ignorans
2614 2984 2789 3030 tamen
2823 2971 3080 3027 fortassis.
3117 2970 3267 3024 Dice-

1688 3076 1777 3130 bat
1805 3083 1980 3128 autem
2014 3071 2129 3126 lucc
2152 3068 2318 3125 servis
2343 3108 2357 3133 ,
2390 3066 2525 3122 forte
2555 3075 2611 3120 ut
2639 3066 2933 3134 imponeret
2960 3062 3037 3117 eis
3057 3100 3074 3126 ,
3103 3070 3156 3115 ct
3186 3059 3267 3113 fa-

1689 3176 1835 3223 ceret
1864 3173 1920 3220 ut
1960 3165 2027 3219 ibi
2071 3168 2347 3216 manentes
2376 3174 2481 3215 non
2509 3164 2857 3227 sequerentur
2884 3169 2901 3209 :
2928 3167 2991 3208 ac
3015 3152 3269 3221 deinceps

1689 3272 1809 3313 cum
1839 3269 2003 3326 puero
2028 3262 2144 3307 erat
2172 3248 2489 3321 patriarcha.
2512 3246 2564 3303 6.
2589 3246 2793 3316 Accepit
2817 3253 2984 3297 autem
3013 3241 3269 3296 Abraham

1689 3350 1829 3420 ligna
1860 3344 2158 3408 holocausti,
2189 3352 2233 3397 et
2260 3340 2498 3411 imposuit
2528 3337 2675 3393 Isaac
2703 3336 2811 3405 ﬁlio
2839 3352 2952 3390 suo.
2983 3333 3117 3388 Tulit
3140 3348 3268 3403 quo-

1688 3455 1784 3511 que
1806 3438 1858 3491 in
1878 3436 2112 3489 manibus
2132 3433 2295 3504 ignem
2322 3440 2369 3484 et
2392 3428 2639 3497 gladium,
2661 3434 2706 3480 et
2728 3431 3053 3494 perrexerunt
3075 3422 3174 3475 duo
3194 3421 3269 3474 illi

1688 3532 1861 3590 simul.
1891 3530 1935 3586 Ο
1962 3530 2153 3584 anima:
2185 3523 2540 3580 fortitudinem
2567 3522 2580 3575 ι
2612 3535 2645 3575 o
2671 3517 2887 3588 spiritus
2910 3514 3262 3570 soliditatem!

1689 3628 1757 3682 Et
1782 3625 2040 3696 imposuit,
2069 3622 2258 3691 inquit,
2282 3617 2589 3688 Isaacligna
2608 3615 2889 3669 holocausti
2909 3626 2927 3664 :
2955 3612 3066 3679 ipse
3090 3618 3267 3662 autem

1688 3718 1921 3789 gladium
1962 3723 2017 3769 et
2055 3714 2229 3780 ignem
2264 3708 2502 3777 accepit,
2542 3716 2595 3760 et
2632 3704 2846 3758 iverunt
2882 3700 3041 3755 ambo
3085 3697 3265 3753 simul.

1689 3809 1943 3880 Qualibus
1971 3806 2138 3862 oculis
2173 3801 2445 3873 Spectabat
2472 3811 2691 3868 puerum
2733 3796 2868 3864 ligna
2910 3792 3218 3847 aﬂerentcm
3250 3831 3269 3856 ,

1690 3916 1853 3972 super
1877 3913 1995 3969 quae
2022 3911 2128 3951 non
2153 3894 2321 3949 multo
2351 3899 2471 3961 post
2499 3888 2644 3943 illum
2673 3885 3037 3941 immolaturus
3058 3883 3079 3913 ²
3108 3891 3222 3936 erat
3247 3880 3272 3935 τ

1689 3971 1957 4065 quomodo
1996 4002 2185 4043 manus
2225 3985 2363 4040 ferre
2404 3980 2574 4052 potuit
2615 3979 2788 4050 ignem
2815 3986 2867 4032 et
2899 3972 3176 4045 gladium?
3206 3971 3273 4026 Et

1691 4098 1879 4141 manus
1908 4080 2120 4153 quidem
2147 4076 2353 4132 ferebat
2376 4075 2549 4144 ignem
2579 4068 2908 4132 sensibilem,
2936 4064 3070 4135 ignis
3094 4073 3270 4116 autem

1690 4176 1911 4232 interior
1927 4151 2261 4228 accendebat
2297 4166 2462 4235 ipsius
2491 4170 2722 4216 mentem
2746 4199 2760 4221 ,
2788 4165 2843 4210 et
2884 4156 3142 4211 rationem
3171 4151 3270 4206 ab-

1689 4267 1950 4331 sumebat,
1979 4260 2436 4335 persuadebatque
2456 4264 2513 4310 ut
2538 4267 2719 4308 amore
2745 4252 2797 4305 in
2824 4250 2988 4305 Deum
3011 4247 3269 4308 vinceret,

1691 4370 1744 4416 et
1775 4360 1910 4413 hanc
1937 4354 2309 4425 cogitationem
2340 4345 2677 4409 immittebat,
2701 4358 2843 4405 eum,
2870 4339 2957 4410 qui
2980 4338 3088 4409 jam
3110 4349 3269 4404 supra

1691 4454 1974 4508 humanam
1988 4458 2227 4503 naturain
2242 4459 2299 4499 se
2316 4444 2511 4497 fecerat
2525 4453 2643 4495 esse
2659 4446 2882 4507 patrem,
2906 4435 3095 4488 iterum
3116 4443 3273 4501 posse

1690 4556 1742 4601 et
1774 4559 1912 4597 nunc
1939 4556 2057 4611 qua:
2074 4540 2356 4592 humanam
2382 4529 2839 4600 transgrediuntur
2860 4526 3117 4582 rationem
3143 4537 3272 4591 ope-

1691 4637 1816 4692 rari.
1840 4634 2103 4689 Caeterum
2131 4629 2269 4691 vide,
2287 4626 2530 4685 obsecro,
2550 4620 2799 4689 deinceps
2820 4626 2941 4673 ante
2966 4615 3270 4672 sensibilem

1693 4731 1840 4785 illutn
1884 4727 2095 4796 ignem,
2142 4718 2442 4775 incendium
2487 4716 2792 4777 internum,
2838 4709 2977 4781 quod
3020 4706 3270 4777 paulatim

1691 4794 2107 4877 exardescebat,
2133 4818 2187 4866 ct
2211 4807 2340 4879 justi
2367 4814 2596 4861 mentem
2629 4802 3008 4858 inﬂammabat.
3045 4798 3097 4851 7.
3131 4794 3271 4848 Dixit

1692 4923 1880 4975 autem,
1906 4909 2095 4979 inquit,
2123 4903 2274 4957 Isaac
2294 4900 2361 4953 ad
2381 4884 2637 4952 Abraham
2662 4904 2852 4965 patrem
2879 4906 3025 4946 suum
3047 4905 3065 4943 :
3094 4886 3269 4940 Pater.

1692 4976 1997 5060 Sufticichai
2050 4998 2150 5051 hoc
2194 4994 2412 5049 verbum
2463 4989 2527 5043 ad
2581 4983 2890 5041 lancinanda
2935 4980 3061 5048 justi
3116 4976 3272 5045 hujus

1692 5099 1913 5151 viscera.
1949 5090 2045 5144 Ille
2074 5098 2240 5142 autem
2279 5084 2407 5138 dixit
2438 5097 2456 5135 :
2490 5078 2625 5144 Quid
2652 5086 2744 5140 est,
2777 5073 2897 5144 ﬁli?
2938 5072 3148 5125 Patrem
3182 5083 3276 5118 vo-

1691 5206 1801 5254 cas,
1826 5185 1980 5256 paulo
1998 5191 2117 5253 post
2141 5180 2367 5233 futurum
2387 5172 2573 5226 orbum
2599 5185 2612 5222 :
2642 5177 2694 5223 et
2719 5181 2818 5237 ego
2850 5164 3010 5218 lilium
3039 5159 3281 5230 appello,

1691 5252 1917 5352 quinon
1947 5252 2112 5327 multo
2139 5276 2255 5339 post
2278 5280 2437 5333 super
2464 5263 2627 5316 altare
2655 5269 2971 5315 ascensurus
2999 5264 3112 5317 est,
3143 5252 3277 5305 meis

1690 5344 2011 5429 occidendus
2036 5360 2299 5420 manibus.
2328 5354 2525 5411 Deinde
2552 5366 2682 5421 puer
2710 5347 2879 5419 inquit
2907 5364 2920 5400 :
2952 5344 3084 5400 Ecce
3109 5344 3275 5411 ignem

1692 5463 1884 5527 aﬂ‘ers,
1916 5469 1963 5515 et
1992 5471 2090 5527 ego
2128 5454 2303 5524 ligna;
2326 5447 2414 5504 ubi
2450 5455 2535 5502 est
2569 5442 2740 5498 hostia
2781 5435 3146 5495 immolanda?
3179 5433 3275 5489 Ubi

1755 5627 1791 5686 *_
1809 5617 2025 5686 savtl..e_t
2047 5612 2239 5686 quidam
2265 5617 2385 5686 uss.
2402 5602 2649 5686 ⁸ξηρορὶια
2668 5600 2796 5652 enim
2825 5606 3004 5664 quanta
3027 5608 3278 5661 perpessus

1691 5686 1751 5739 sit
1767 5684 1929 5748 justus
1951 5677 2031 5729 ille
2053 5676 2179 5725 intra
2203 5681 2299 5745 tres
2328 5676 2506 5748 nectes.
2552 5740 2638 5748 _“
2660 5706 2697 5748 γὲ

1756 5723 2028 5805 {Fabioque
2202 5734 2527 5801 intpositurus,
2552 5740 2655 5793 pro,
2679 5723 3030 5777 iinawlaturus.
