3792 6284
432 287 531 341 431

426 412 495 455 est
518 401 623 456 ouis
642 401 709 455 ad
737 401 1082 455 holocaustum
1102 401 1128 454 ?
1152 400 1462 465 Considera,
1490 402 1737 461 obsecro.
1766 402 1849 456 hic
1873 402 1999 471 ju<ti

427 492 524 546 viri
539 492 854 558 cruciatum,
874 491 1141 561 quomodo
1162 492 1278 544 tulit
1292 492 1527 554 auribus,
1549 492 1815 562 quomodo
1839 492 2005 560 potuit

428 581 750 651 reSpoudere
778 598 964 653 puero,
992 584 1256 652 quomodo
1283 598 1387 636 non
1410 594 1490 637 est
1518 583 1772 637 confusos
1797 591 2002 645 mente,

429 672 698 742 quomodo
725 674 833 726 lilio
857 674 1124 727 occultare
1153 672 1319 741 potuit
1345 674 1393 726 id
1425 673 1563 742 quod
1589 672 1819 727 futurum
1851 682 1966 726 erat
1991 687 2002 725 :

430 763 521 816 sed
556 762 725 831 inquit
751 776 1011 830 generoso
1050 762 1235 830 spiritu
1275 772 1329 815 et
1370 762 1489 816 forti
1529 763 1701 816 anima
1735 782 1745 814 :
1779 762 1831 817 8.
1875 762 2007 815 Deus

428 855 611 908 videbit
628 856 919 925 sibimetipsi
946 872 1084 909 ovem
1111 857 1178 908 ad
1200 856 1562 921 holocaustum,
1591 856 1825 924 ﬁli.\’ide
1846 856 2002 908 etiam

432 946 515 999 hic
543 960 650 1015 quo
676 956 828 1013 pacto
855 946 1069 1015 ignarus
1106 946 1336 1000 insinuat.
1379 948 1566 1000 iterum
1598 948 1735 1015 quod
1780 948 2008 998 l’utnrum

432 1044 563 1089 erat.
600 1035 883 1090 Videbatur
910 1038 1051 1090 enim
1080 1052 1174 1103 per
1201 1051 1510 1105 responsum
1542 1037 1686 1089 Isaac
1711 1034 2008 1101 decepisse,

433 1126 527 1180 sed
556 1128 627 1182 illi
659 1127 872 1197 quidem
909 1129 1085 1183 verbis
1112 1130 1320 1182 interim
1352 1129 1612 1198 persuasit
1646 1144 1658 1181 :
1692 1129 1805 1196 ipse
1833 1137 2010 1181 autem

434 1219 690 1289 majorem
734 1223 1135 1291 gravioremqne
1184 1222 1424 1276 dolorem
1470 1223 1715 1290 pertulit,
1756 1222 1917 1275 verba
1959 1223 2012 1276 in

433 1311 609 1364 anima
631 1326 870 1377 versans,
890 1324 941 1366 et
959 1314 1195 1381 cogitans
1218 1312 1362 1379 pueri
1386 1311 1697 1380 elegan'iam
1713 1323 2011 1378 externam,

444 1399 814 1469 intentamque
841 1401 1281 1469 pulchritudinem
1311 1442 1324 1465 ,
1353 1401 1737 1465 obedientiam,
1768 1404 2013 1471 gratiam,

435 1492 605 1545 :etatis
633 1490 841 1547 ﬂorem.
870 1493 924 1547 9.
957 1490 1179 1562 Cumque
1210 1493 1335 1546 irent
1365 1493 1512 1547 ambo
1530 1534 1546 1560 ,
1583 1504 1819 1548 venerunt
1846 1496 1912 1547 ad
1942 1495 2020 1547 lo-

434 1600 547 1637 cum
569 1583 632 1637 de
652 1599 747 1652 quo
763 1584 889 1638 dixit
911 1584 956 1638 ei
977 1583 1132 1638 Deus.
1157 1584 1445 1649 Venerunt,
1471 1585 1656 1654 inquit,
1681 1586 1747 1638 ad
1780 1597 2015 1640 montem

435 1674 742 1736 excelsum,
792 1688 950 1743 quem
991 1674 1192 1728 scilicet
1227 1675 1276 1729 ci
1324 1676 1576 1729 Dominus
1618 1674 1874 1729 indicarat
1906 1692 1920 1729 :
1952 1676 2019 1729 Et

438 1768 706 1834 adiﬁcavit
735 1767 801 1820 ibi
826 1766 1085 1821 Abraham
1114 1768 1295 1823 altare.
1332 1768 1524 1821 lterum
1554 1768 1871 1837 obstupesco
1890 1767 2018 1837 justi

427 1857 797 1914 fortitudinem
829 1897 844 1921 ,
900 1857 1166 1927 quomodo
1215 1861 1446 1927 potuerit
1486 1867 1760 1913 exstruere
1808 1860 1973 1912 altare
2002 1899 2018 1924 ,

436 1948 703 2014 quomodo
740 1949 1001 2015 valuerit,
1046 1948 1311 2018 quomodo
1352 1965 1459 2004 non
1498 1950 1756 2005 defecerit
1786 1966 1893 2018 rrze
1922 1967 2021 2003 an-

436 2040 627 2107 gustia,
659 2041 751 2094 sed
782 2052 832 2094 et
864 2042 1031 2095 altare
1056 2043 1419 2106 militiraverit,
1448 2052 1501 2097 et
1528 2044 1837 2111 imposuerit
1860 2043 2022 2111 ligna.

440 2130 506 2185 Et
542 2133 753 2202 ligatum
793 2132 958 2201 ﬁlium
997 2150 1146 2187 suum
1187 2132 1342 2186 Isaac
1376 2135 1612 2202 imposuit
1656 2150 1805 2202 super
1838 2133 2021 2187 altare.

439 2226 529 2279 £0.
575 2223 642 2277 Et
676 2224 896 2277 extendit
931 2224 1188 2277 Abraham
1227 2241 1619 2278 manum'suam
1641 2265 1654 2289 ,
1688 2235 1742 2278 ut
1778 2225 2026 2293 acciperet

441 2315 690 2385 gladium,
714 2326 759 2368 et
784 2314 1031 2367 occideret
1062 2316 1227 2382 ﬁlium
1249 2331 1417 2369 suum.

512 2429 565 2481 5.
596 2428 871 2480 Abrahami
910 2428 1151 2497 fortitudo
1190 2439 1233 2481 et
1266 2427 1434 2481 Isauri
1470 2429 1802 2499 obsequentia.
1838 2460 1913 2470 —-
1954 2428 2029 2484 Ne

440 2518 626 2572 leviter
667 2530 1133 2586 praetercurramus
1156 2561 1170 2583 ,
1200 2520 1415 2583 dilecti,
1444 2536 1560 2590 qnze
1581 2521 1719 2575 dicta
1748 2533 1901 2575 sunt:
1936 2521 2029 2575 sed

438 2611 834 2664 comidert-mns
859 2612 1122 2679 quntuodo
1149 2625 1251 2664 non
1279 2613 1498 2664 avolarit
1521 2627 1549 2664 a
1576 2627 1797 2682 corpore
1822 2615 1994 2667 anima
2012 2658 2026 2682 ,

440 2702 708 2770 quomodo
734 2703 960 2769 potuerit
980 2704 1088 2756 suis
1112 2704 1354 2756 manilius
1379 2704 1656 2773 colligare,
1689 2715 1741 2758 et
1761 2706 1913 2774 lignis
1937 2708 2035 2761 im-

444 2809 641 2861 ponere
681 2805 783 2846 tam
815 2795 1064 2847 dilectum
1092 2836 1107 2859 ,
1142 2804 1246 2848 tam
1278 2796 1556 2849 amabilem
1596 2799 1943 2868 unigenitum.
1968 2798 2034 2851 Et

443 2885 661 2937 extendit
694 2928 710 2950 ,
756 2885 963 2954 inquit,
1004 2885 1256 2939 Abraham
1294 2904 1496 2940 manum
1521 2905 1706 2952 suam,
1763 2901 1816 2943 ut
1841 2893 2035 2960 acipe-

442 2986 515 3029 ret
537 2974 762 3046 gladium
792 2977 859 3028 ad
884 2976 1210 3030 occidendum
1237 2978 1397 3044 ﬁlium
1430 2994 1593 3030 suum.
1643 2978 1687 3033 Ο
1734 2980 2033 3049 religiosmn

441 3067 693 3121 animam!
727 3082 759 3120 0
790 3064 977 3121 fortem
1025 3070 1274 3122 mentem!
1324 3083 1358 3122 0
1413 3070 1675 3137 ingentem
1717 3074 1973 3127 amorem!
2006 3089 2039 3128 0

443 3161 705 3216 rationem
754 3164 1051 3215 vincentem
1115 3162 1397 3215 humanam
1469 3167 1728 3219 naturam!
1796 3166 2036 3237 Accepit,

447 3253 648 3322 inquit,
672 3254 901 3324 gladium
920 3296 935 3319 ,
956 3266 1008 3306 ut
1027 3256 1266 3308 ocrideret
1292 3256 1450 3323 ﬁlium
1469 3273 1613 3309 suum
1665 3259 1850 3312 Utrum
1876 3262 2042 3331 magis

444 3345 677 3399 admirer
713 3357 764 3400 et
797 3348 1166 3414 obstupescam
1213 3388 1227 3412 ,
1258 3348 1515 3403 fortemne
1544 3350 1788 3419 spiritum
1821 3356 2044 3419 patriar-

445 3440 594 3503 clne,
631 3454 698 3492 an
740 3440 884 3508 pueri
932 3438 1329 3494 obedientiam?
1369 3442 1507 3511 quod
1541 3458 1708 3512 neque
1757 3444 1953 3500 rt‘lllCia
1983 3461 2044 3500 ns

451 3544 527 3587 est
556 3573 570 3596 ,
602 3548 771 3602 neque
810 3535 1006 3586 factum
1029 3549 1168 3602 wgre
1194 3534 1309 3587 tulit
1331 3576 1343 3593 .
1377 3536 1468 3590 sed
1501 3538 1653 3588 cessit
1681 3546 1732 3590 rt
1766 3538 2043 3605 oli'etnpe-

449 3627 588 3679 ravit
637 3626 699 3679 iis
741 3641 860 3695 quin
894 3641 921 3676 a
954 3635 1102 3694 patre
1130 3624 1261 3679 facta
1292 3636 1412 3681 sunt
1432 3668 1447 3692 ,
1476 3638 1528 3681 et
1564 3630 1697 3682 sicut
1728 3644 1891 3697 agnus
1922 3645 2041 3682 cum

448 3718 666 3772 silentio
696 3734 857 3787 super
885 3718 1055 3773 altare
1083 3719 1325 3773 arculinit
1347 3761 1361 3783 ,
1385 3730 1705 3788 exspectans
1733 3722 1894 3789 patris
1919 3721 2048 3774 dex—

454 3810 664 3864 teram?
692 3810 883 3865 Verum
914 3811 998 3865 tibi
1027 3813 1111 3866 illa
1145 3814 1226 3883 pia
1260 3828 1410 3865 mens
1458 3827 1548 3864 sua
1580 3812 1753 3865 Omnia
1795 3827 2046 3865 consum-

457 3903 621 3955 mavit
675 3914 726 3956 et
755 3903 879 3955 nihil
906 3903 1222 3957 intermisit:
1252 3905 1538 3956 OSlcndmlS
1558 3902 1726 3955 bonus
1758 3904 2008 3956 Dominus
2028 3944 2044 3969 ,

458 4007 648 4045 Sotion
679 3994 845 4047 occidi
890 4008 1140 4061 puerum,
1167 3993 1259 4045 sed
1303 3995 1475 4062 potius
1516 3994 1641 4060 justi
1675 4003 1919 4049 virtutem
1965 3996 2050 4049 dc-

456 4086 557 4153 trgi
590 4086 856 4138 volentem
879 4128 892 4148 ,
922 4085 1035 4139 lucc
1062 4086 1351 4154 imperasse
1376 4103 1388 4136 :
1418 4097 1671 4140 coronato
1698 4087 1840 4153 justo
1870 4089 1938 4141 ob
1958 4104 2050 4140 vo-

461 4179 714 4228 lnntatem
762 4190 947 4241 Suam,
999 4186 1053 4231 et
1096 4187 1308 4245 accepta
1356 4186 1718 4230 consummata
1772 4178 1936 4231 hostia
1987 4197 2049 4234 t-x

463 4276 640 4319 incute
672 4266 1015 4345 patriarclue,
1047 4282 1186 4320 nunc
1215 4283 1361 4321 suam
1392 4268 1623 4322 declarat
1653 4270 2047 4339 benignitatem.

463 4358 547 4411 ll.
584 4355 649 4409 Et
670 4359 859 4411 vocarit
880 4374 990 4411 eum
1015 4400 1028 4423 ,
1056 4359 1259 4429 inquit,
1302 4360 1508 4429 angelus
1548 4360 1753 4414 Domini
1790 4364 1851 4415 de
1888 4365 2010 4416 cmlo
2033 4406 2048 4429 ,

460 4450 713 4518 dixitque,
736 4449 1009 4515 Abraham,
1034 4452 1305 4505 Abraham.
1339 4451 1468 4506 Nam
1487 4455 1605 4523 quia
1628 4454 1835 4509 videbat
1859 4457 2048 4522 justum

458 4538 567 4607 jam
603 4543 896 4594 accinctum
928 4549 983 4596 et
1006 4553 1241 4611 paratum
1263 4542 1328 4596 ad
1380 4544 1821 4611 immolrtionem,
1872 4558 1923 4600 et
1962 4564 2055 4599 vo-

465 4631 659 4686 lentem
692 4633 914 4701 implere
944 4635 1245 4689 mandatum
1272 4635 1501 4701 Domini,
1532 4637 1726 4690 idcirco
1758 4647 1908 4692 vocat
1930 4654 2049 4691 cmn

459 4725 526 4777 de
554 4725 713 4789 cmlo,
755 4735 807 4779 et
833 4725 997 4779 dicit:
1028 4727 1323 4793 Abraham,
1367 4729 1653 4783 Abraham.
1710 4730 1848 4784 Bone
1879 4740 1932 4784 et
1966 4732 2052 4787 hic

458 4818 816 4888 geminatione
844 4835 969 4873 usus
990 4829 1104 4885 est,
1138 4831 1191 4873 nt
1219 4830 1494 4890 superaret
1524 4823 1773 4891 impetum
1814 4824 1937 4892 justi
1961 4866 1974 4889 ,
2000 4837 2053 4882 et

461 4915 605 4982 quasi
634 4928 729 4982 per
761 4928 947 4966 vocem
993 4913 1315 4967 detineretur
1350 4912 1474 4978 justi
1503 4912 1748 4978 deXtera,
1788 4915 1894 4983 jam
1941 4927 2054 4971 ten-

458 5006 591 5059 dens
607 5005 670 5058 ad
697 5005 843 5074 pueri
871 5003 1090 5058 emdem.
1118 5000 1184 5055 Et
1207 5004 1331 5056 dixit
1362 5019 1381 5057 :
1401 5002 1532 5057 E‘cce
1553 5021 1662 5074 ego.
1688 5005 1774 5059 l2.
1804 5005 1867 5058 Et
1888 5007 2014 5060 dixit
2032 5026 2050 5063 :

462 5095 546 5149 Nc
570 5097 769 5166 injicias
809 5112 1011 5148 trionum
1055 5104 1190 5147 tuam
1214 5095 1265 5147 in
1306 5111 1542 5163 puerum,
1588 5113 1744 5166 neque
1782 5098 1939 5167 [arias
1979 5099 2053 5153 illi

461 5190 753 5257 quidquam.
783 5188 934 5241 Nunc
964 5188 1094 5240 enim
1116 5189 1324 5257 cognovi
1342 5189 1461 5257 quia
1490 5189 1632 5241 times
1676 5188 1832 5241 Deum
1878 5200 1929 5241 tu
1949 5232 1962 5251 ,
2009 5201 2053 5243 et

464 5298 562 5331 non
592 5279 853 5348 pepercisti
883 5277 990 5347 ﬁlio
1011 5289 1094 5331 tuo
1125 5278 1304 5332 dilecto
1351 5295 1461 5347 pro;
1480 5288 1552 5331 ter
1580 5296 1676 5332 me.
1713 5278 1794 5332 Nc
1818 5280 2051 5350 injicias,

466 5371 661 5440 inquit,
711 5387 916 5423 manum
941 5380 1076 5422 luant
1123 5369 1174 5422 in
1203 5385 1429 5438 puerum.
1458 5368 1572 5424 Non
1606 5369 1706 5423 hoc
1746 5371 1969 5440 praecepi
2000 5380 2056 5424 ιιι

466 5476 598 5530 opus
644 5460 942 5529 perﬁciatur
962 5501 974 5523 ,
1005 5476 1173 5530 neque
1203 5459 1321 5513 volo
1348 5470 1401 5513 nt
1428 5461 1700 5515 occidatur
1727 5461 1862 5514 liti-is
1890 5471 2010 5515 tuus
2040 5480 2054 5517 :

466 5552 560 5606 sed
591 5562 646 5604 nt
674 5551 971 5606 obedientia
999 5561 1081 5605 tua
1113 5551 1384 5606 manifcsm
1417 5554 1766 5607 sitomnibus.
1802 5553 1961 5623 Igitur
1990 5568 2055 5607 ne

469 5646 655 5698 laceris
684 5646 731 5699 ei
773 5644 1081 5714 quidquam.
1114 5645 1401 5700 Contentus
1430 5663 1545 5700 sum
1576 5647 1844 5701 voluntate
1874 5658 1979 5709 tua,
2004 5655 2057 5701 et

473 5753 535 5791 ex
563 5738 661 5790 hac
684 5748 731 5790 te
758 5749 958 5789 eurono
989 5745 1040 5789 et
1062 5736 1309 5805 prmdico.
1342 5736 1490 5791 Nunc
1519 5742 1658 5793 enim
1685 5738 1906 5808 Cognovi
1933 5739 2052 5807 quia

1173 287 1229 343 S.
1269 284 1547 342 JOANNIS
1584 285 2059 341 Clll‘tYSOSTOlll
2100 289 2411 345 ARCIHEP.
2454 290 2988 349 CONSTANTINOP.

3612 298 3714 351 {Si

2114 405 2267 458 times
2296 404 2456 457 Deum
2490 414 2561 458 tu.
2589 404 2718 460 Vide
2740 407 3004 474 quomodo
3032 406 3301 463 humiliter
3326 422 3386 461 se
3407 419 3614 462 nostra:
3642 411 3717 463 in-

2112 494 2346 548 ﬁrmitati
2373 496 2471 549 hoc
2492 498 2653 551 verbo
2681 507 3017 566 attemperat.
3046 498 3180 566 Quid
3203 499 3386 568 igitur?
3407 502 3719 567 ignorabat-

2114 604 2179 641 ne
2204 598 2327 642 ante
2356 589 2456 643 hoc
2480 590 2606 656 justi
2635 590 2881 644 virtutem
2902 633 2914 654 ,
2941 603 2991 645 et
3024 606 3163 645 nunc
3195 594 3451 661 cognovit
3477 595 3721 646 ninnium

2118 680 2407 733 Dominus?
2432 680 2545 734 Non
2568 680 2696 738 hoc.
2727 680 2922 749 inquit.
2950 680 3243 750 signiﬁcat,
3270 681 3411 752 quod
3443 696 3595 736 nunc
3620 684 3723 750 ipse

2115 771 2437 841 cognoverit.
2464 773 2569 827 Sed
2590 772 2712 842 quid
2741 772 2916 827 dicere
2938 773 3089 827 vult?
3113 772 3286 838 Nunc,
3313 774 3529 843 inquit,
3554 777 3724 827 Omni-

2119 862 2214 915 bus
2251 862 2529 917 declarasti
2548 903 2563 929 ,
2591 863 2858 933 quomodo
2899 865 3106 918 sincero
3135 864 3327 918 timore
3360 866 3537 919 Deum
3566 865 3721 918 colas.

2118 952 2245 1006 Nam
2278 970 2375 1022 ego
2405 968 2653 1008 noveram
2698 953 2947 1007 famulum
2976 968 3151 1007 meum
3177 972 3189 1008 :
3221 970 3340 1023 quae
3369 967 3557 1009 autem
3597 970 3727 1006 nunc

2118 1059 2147 1095 a
2180 1053 2231 1097 te
2256 1042 2389 1096 facta
2411 1054 2533 1097 sunt
2558 1045 2814 1098 doctrinze
2839 1046 3057 1099 materia
3083 1055 3207 1099 sunt
3229 1057 3337 1100 tam
3369 1048 3724 1115 prmsentilms

2119 1150 2277 1204 quam
2306 1135 2515 1190 futuris.
2547 1136 2737 1191 Notum
2766 1139 2904 1191 enim
2937 1136 3107 1192 fecisti
3130 1153 3272 1193 nunc
3299 1139 3564 1193 omnibus
3594 1148 3647 1193 te
3672 1139 3726 1191 ti-

2121 1244 2268 1282 mere
2286 1229 2447 1282 Deum
2468 1271 2481 1292 ,
2510 1236 2564 1283 et
2580 1243 2766 1283 curare
2788 1240 2841 1281 ιιι
2867 1228 3109 1282 mandata
3130 1228 3245 1298 ejus
3265 1243 3434 1299 Opere
3463 1228 3689 1297 impleas
3712 1248 3724 1280 :

2126 1317 2191 1370 Et
2211 1335 2309 1371 non
2327 1318 2588 1388 pepercisti
2609 1319 2715 1387 filio
2737 1328 2820 1371 tuo
2844 1318 3025 1371 dilecto
3051 1328 3254 1387 propter
3266 1335 3348 1372 me
3366 1334 3387 1374 :
3412 1318 3495 1372 illi
3514 1320 3611 1389 qui
3631 1330 3727 1371 tam

2123 1409 2347 1464 dilectus
2376 1419 2491 1473 est,
2524 1425 2681 1479 quem
2725 1418 2830 1463 tam
2859 1409 3107 1463 ardenter
3146 1423 3329 1475 amas,
3387 1425 3501 1462 non
3548 1424 3731 1478 peper-

2123 1501 2238 1555 cisti
2262 1509 2479 1570 propter
2500 1515 2584 1553 me
2603 1542 2617 1567 ,
2644 1511 2855 1569 pr0pter
2873 1499 3178 1555 mandatum
3199 1510 3253 1554 et
3274 1500 3491 1567 jussum
3520 1516 3728 1553 incum:

2124 1592 2217 1646 sed
2246 1591 2521 1661 praetulisti
2552 1592 2853 1646 mandatum
2885 1607 3059 1645 meum
3102 1591 3213 1645 lilio
3238 1600 3352 1645 tuo.
3395 1591 3638 1644 Proinde
3681 1599 3730 1643 et

2126 1683 2290 1738 lilium
2321 1693 2466 1738 tuum
2494 1684 2696 1753 accipe.
2728 1684 2950 1753 Propter
2976 1683 3078 1737 hoc
3118 1684 3258 1738 enim
3291 1683 3570 1751 pollicitus
3620 1698 3727 1736 sunt

2126 1774 2241 1830 fore
2271 1785 2327 1829 ut
2349 1789 2531 1830 semen
2551 1784 2696 1828 tuum
2723 1774 3128 1828 extenderetur:
3150 1774 3425 1828 redimitus
3451 1788 3589 1843 ergo
3609 1775 3729 1826 obe-

2128 1868 2344 1924 dientim
2382 1876 2485 1922 tua:
2509 1881 2705 1921 corona
2724 1908 2739 1933 ,
2770 1867 2879 1923 abi.
2912 1867 3019 1937 Ego
3042 1867 3185 1921 enim
3212 1867 3549 1921 voluntatem
3576 1882 3728 1920 coro-

2130 1977 2259 2016 nare
2278 1960 2459 2022 soleo,
2487 1968 2540 2015 et
2578 1969 2794 2030 prapter
2826 1969 3053 2014 mentem
3084 1960 3295 2031 praemia
3326 1961 3534 2030 largiri.
3560 1959 3729 2028 Opere

2130 2052 2270 2106 enim
2293 2053 2493 2122 imp'eri
2515 2067 2608 2121 par
2633 2060 2715 2106 est
2738 2067 2798 2106 ca
2825 2064 2946 2120 quae.
2986 2063 3015 2101 ιι
3050 2060 3102 2105 te
3143 2052 3285 2106 dicta
3311 2062 3437 2105 sunt
3482 2061 3539 2105 et
3566 2054 3727 2105 servis.

2133 2142 2235 2197 tuis
2280 2151 2334 2198 et
2378 2144 2555 2198 Isaac:
2589 2142 2693 2197 illis
2727 2142 2868 2196 enim
2898 2142 3217 2211 promisisti,
3264 2141 3391 2197 Cum
3443 2143 3732 2196 adornari}

2132 2254 2277 2300 uuis,
2323 2237 2642 2290 redibimus:
2682 2250 2807 2289 ecce
2851 2234 2955 2288 hoc
2992 2249 3131 2288 nunc
3165 2235 3297 2299 erit;
3329 2243 3385 2288 et
3425 2249 3601 2302 puero
3652 2252 3720 2285 l'u—

2132 2340 2309 2400 gante,
2343 2328 2437 2385 Ubi
2468 2329 2572 2383 ovis
2596 2337 2667 2383 est
2693 2328 2761 2380 ad
2790 2325 3183 2380 holocaustum?
3208 2324 3343 2378 Deus
3381 2325 3570 2378 videbit
3614 2328 3719 2376 sibi-

2134 2422 2335 2491 metipsi
2379 2437 2515 2475 ouem
2542 2420 2611 2473 ad
2654 2419 2998 2473 holocaustum
3021 2459 3035 2484 ,
3062 2416 3262 2470 dixisti.
3305 2416 3447 2470 Ecce
3497 2431 3621 2469 eum
3650 2434 3723 2469 re.

2141 2514 2380 2583 spexcris
2401 2556 2416 2580 ,
2449 2512 2616 2583 inquit
2641 2551 2657 2578 ,
2688 2510 2857 2566 oculis
2875 2551 2890 2572 .
2918 2509 3038 2564 vide
3061 2509 3363 2572 prtetlietam
3385 2523 3413 2560 a
3443 2517 3499 2561 te
3544 2524 3693 2561 orem
3711 2553 3723 2571 ,

2137 2622 2293 2676 quam
2319 2606 2519 2660 scilicet
2554 2620 2650 2675 pro
2681 2618 2847 2674 puero
2889 2602 3229 2657 sacrilicabis.
3282 2602 3361 2655 15.
3398 2599 3469 2656 Ut
3517 2602 3731 2670 respexit

2138 2714 2303 2754 autem
2332 2699 2488 2753 oculis
2516 2697 2637 2750 vidit
2659 2712 2677 2750 :
2703 2706 2746 2750 et
2780 2712 2889 2750 ecce
2909 2696 3038 2748 aries
3066 2711 3196 2747 unus
3212 2692 3526 2747 delinebatur
3570 2693 3724 2744 comi

2139 2793 2227 2847 bus
2250 2793 2302 2847 in
2331 2791 2531 2845 arbusto
2559 2790 2736 2845 Sabec.
2767 2788 2828 2843 Et
2848 2789 2935 2841 ivit
2960 2787 3245 2853 Abraham,
3283 2795 3328 2840 et
3366 2784 3561 2855 accepit
3605 2784 3724 2834 avie.

2142 2899 2237 2941 tem
2254 2928 2269 2953 ,
2300 2897 2347 2942 et
2381 2886 2555 2939 obtulit
2580 2885 2724 2939 illum
2746 2886 2799 2937 in
2830 2884 3178 2936 holocaustum
3204 2898 3293 2948 pro
3312 2879 3467 2933 Isaac
3490 2881 3599 2946 [ilio
3624 2896 3727 2931 soo-

2144 2973 2261 3027 Vidi
2292 2972 2588 3040 religiosam
2621 2979 2761 3022 tuam
2809 2976 3072 3033 mentem,
3104 2966 3304 3034 inquit,
3343 2979 3473 3017 ecce
3522 2964 3570 3015 id
3598 2964 3727 3029 quod

2144 3066 2288 3134 prius
2314 3063 2490 3117 dixisti
2533 3076 2731 3130 puero,
2765 3059 2869 3114 hoc
2911 3059 3003 3113 tibi
3034 3056 3340 3127 praeparari.
3399 3055 3465 3109 Et
3515 3058 3726 3119 ﬂct'tpll,

2141 3156 2345 3225 inquit,
2376 3167 2419 3208 et
2448 3155 2627 3208 obtulit
2669 3155 2721 3206 in
2752 3153 3096 3205 holocaustum
3126 3166 3217 3219 pro
3264 3148 3413 3202 Isaac
3462 3149 3574 3215 [ilio
3624 3165 3724 3200 sae.

2146 3248 2333 3303 Vidisi
2366 3248 2455 3300 Dei
2484 3243 2853 3300 clementiam?
2883 3242 2947 3296 Et
2972 3241 3282 3295 sacriticium
3309 3250 3725 3294 COttSlttttmziltttn

2145 3352 2262 3405 est,
2297 3351 2349 3394 et
2393 3338 2686 3409 patriarcha
2738 3336 3037 3405 religio~am
3092 3348 3239 3387 suam
3272 3342 3509 3385 mentem
3558 3333 3725 3385 deela-

2148 3437 2315 3501 ravit,
2342 3445 2395 3487 et
2443 3449 2469 3485 a
2525 3433 2794 3486 voluntate
2839 3444 3090 3484 coronam
3130 3427 3453 3497 reponavit:
3486 3438 3544 3482 et
3597 3426 3727 3479 Isaac

2148 3538 2366 3596 accepto
2386 3568 2401 3591 ,
2426 3527 2579 3581 rediit
2606 3541 2725 3577 cum
2759 3523 3051 3577 innumeris
3076 3520 3309 3575 coronis.

2225 3618 2549 3687 Sacriﬁcium
2602 3616 2819 3669 Abrahar
2863 3615 3028 3684 ﬁgura
3056 3613 3237 3665 crucis.
3268 3641 3339 3651 —
3377 3611 3506 3665 [Lee
3558 3621 3723 3662 autem

2152 3712 2329 3765 omnia
2380 3711 2545 3779 ligura
2592 3708 2806 3763 luerunt
2847 3706 3042 3761 erucis.
3074 3706 3356 3773 Propterea
3407 3718 3460 3756 et
3494 3707 3727 3756 Christus

2152 3805 2350 3860 .Iudmis
2392 3803 2599 3858 dicebat
2634 3820 2648 3855 :
2680 3801 2935 3854 Abraham
2977 3810 3120 3869 pater
3152 3810 3309 3853 voster
3336 3800 3641 3860 exsultauit,
3680 3810 3724 3846 ut

2154 3899 2340 3951 videret
2364 3895 2493 3949 diem
2520 3893 2966 3957 meum;etvidit,
3018 3902 3061 3944 et
3088 3892 3285 3961 gavisus
3339 3900 3411 3944 est
3465 3890 3629 3957 (ltum
3677 3892 3721 3942 8.

2154 3988 2268 4057 56).
2324 3984 2602 4053 Quomodo
2650 3984 2809 4047 vidit,
2862 3983 2948 4050 qui
3004 3990 3079 4034 tot
3109 3981 3601 4047 anniSprteressit?
3633 3982 3726 4031 l’er

2156 4080 2401 4149 ﬁguram,
2435 4092 2529 4146 per
2557 4076 2821 4130 umbram.
2850 4072 2999 4129 Sicut
3026 4073 3169 4125 enim
3201 4072 3283 4125 hic
3302 4073 3419 4123 ovis
3444 4073 3625 4125 oblata
3654 4081 3726 4123 est

2158 4189 2255 4243 pro
2276 4175 2440 4237 Isaac,
2458 4172 2531 4225 ita
2552 4181 2602 4226 et
2623 4167 2892 4225 rationalis
2906 4182 3073 4236 agnus
3088 4166 3382 4219 oblatuscst
3399 4182 3495 4233 pro
3519 4166 3721 4218 mundo.

2158 4265 2440 4334 Oportebat
2466 4261 2607 4317 enim
2632 4262 2681 4314 in
2712 4260 2893 4312 umbra
2922 4258 3149 4313 describi
3171 4268 3223 4311 et
3251 4258 3559 4327 pnesignari
3581 4268 3724 4309 antea

2158 4358 2455 4412 veritatem.
2504 4354 2634 4407 Vide
2675 4367 2943 4421 namque,
2985 4348 3226 4411 obsecro,
3257 4350 3559 4411 carissime,
3606 4366 3725 4417 quo.

2159 4449 2319 4503 modo
2344 4445 2522 4499 omnia
2550 4458 2643 4512 per
2663 4442 2903 4495 umbram
2932 4443 3259 4510 pnetignrata
3295 4449 3416 4491 sunt
3447 4456 3461 4489 :
3494 4440 3725 4506 un‘gcni-

2160 4554 2244 4598 tus
2300 4543 2447 4606 illic,
2499 4553 2553 4597 et
2609 4540 2910 4611 unigenitus
2959 4541 3044 4594 hic
3116 4541 3224 4607 (a);
3267 4537 3494 4590 dilectus
3545 4538 3649 4589 illic
3684 4546 3725 4589 et

2157 4651 2462 4707 germanus,
2498 4635 2725 4690 dilectus
2765 4644 2819 4690 et
2856 4636 2939 4689 hic
2980 4648 3042 4687 ac
3081 4647 3385 4702 germanus.
3442 4628 3549 4683 Hic
3596 4646 3726 4683 eoin

2158 4739 2229 4783 est
2284 4727 2453 4781 Filius
2479 4744 2616 4781 meus
2669 4727 2912 4790 dilectus,
2934 4726 2983 4778 in
3014 4742 3111 4795 quo
3148 4723 3269 4775 mihi
3298 4724 3418 4775 bene
3454 4722 3727 4790 contpr

2161 4820 2375 4892 (Matth.
2424 4822 2479 4875 '5.
2512 4818 2622 4891 Π).
2677 4819 2722 4873 Α
2773 4830 2920 4888 patre
2951 4818 3036 4871 ille
3079 4818 3128 4869 iit
3196 4814 3565 4869 holocaustum
3610 4813 3723 4863 offr-

2160 4913 2414 4976 rebatur,
2470 4920 2522 4965 et
2582 4914 2721 4965 ltnnc
2766 4910 2921 4963 Pater
2982 4906 3210 4961 tradidit.
3267 4905 3335 4959 Et
3393 4904 3493 4956 hoc
3550 4906 3727 4956 Clutorii

2164 5005 2355 5059 Paulus
2388 5004 2568 5065 dicens
2601 5023 2613 5057 :
2659 5003 2759 5069 Qui
2812 5002 3015 5071 proprio
3048 4998 3181 5052 Filio
3210 5014 3301 5050 suo
3334 5014 3434 5049 non
3481 4996 3695 5064 pepercit
3716 5036 3727 5055 ,
3776 5050 3777 5059 γ

2160 5100 2247 5152 sed
2288 5114 2378 5166 pro
2421 5097 2562 5149 nobis
2605 5095 2834 5148 omnibus
2864 5093 3068 5146 tradidit
3113 5092 3302 5144 illum:
3337 5089 3588 5157 quomodo
3641 5106 3670 5137 ιι
3704 5106 3728 5135 ι
3776 5144 3777 5153 γ

2161 5201 2206 5243 ct
2230 5164 2341 5242 cum
2358 5188 2451 5241 illo
2478 5187 2645 5240 omnia
2671 5186 2811 5239 nobis
2838 5187 3047 5238 daturus
3068 5190 3140 5236 est
3166 5181 3341 5249 (Rom.
3364 5181 3415 5234 8.
3438 5180 3531 5249 3'2)
3552 5180 3574 5231 ?
3597 5180 3726 5231 llnc-

2162 5296 2331 5350 usque
2369 5274 2587 5343 umbra;
2631 5290 2812 5348 postea
2856 5291 3030 5329 rerum
3069 5274 3262 5327 veritas
3291 5272 3445 5340 longe
3470 5270 3725 5322 excelled

2163 5375 2265 5425 tior
2312 5382 2656 5425 monSIratur.
2692 5372 2871 5439 Agnus
2899 5368 3039 5421 enim
3067 5365 3155 5419 hic
3193 5363 3463 5417 rationalis
3502 5377 3597 5429 pro
3625 5372 3724 5411 tota

2161 5465 2360 5519 mundo
2386 5464 2593 5518 oblatus
2621 5472 2703 5518 est
2724 5505 2736 5526 ,
2778 5471 2943 5516 totum
2983 5459 3163 5513 orbem
3192 5468 3450 5511 terrarum
3498 5454 3723 5523 μιιιιιιεπ-

2224 5621 2297 5683 (a)
2331 5621 2449 5670 ttuic
2468 5619 2577 5668 loco
2609 5618 2885 5685 conferatur
2904 5617 3057 5685 oratio
3079 5615 3158 5685 _de_
3182 5615 3328 5685 beato
3353 5612 3627 5685 Abi-aliine}.
3655 5624 3723 5685 sin}

2161 5672 2245 5744 pta
2277 5672 2399 5792 i'orq.
2427 5689 2478 5738 ll,
2503 5696 2613 5745 quae
2648 5681 2841 5731 lioniilia
2872 5681 2921 5730 in
2956 5679 3118 5727 multis
3150 5678 3259 5725 huic
3288 5685 3464 5724 nostra:
3486 5672 3724 5721 atliuisde-

2161 5748 2363 5795 ttrt-lietu
2385 5753 2509 5795 etur.

2160 5761 2509 5808 pri-nenuetur.
