3792 6270
235 299 339 358 533

233 416 340 476 vit;
371 411 456 468 Itic
486 412 727 468 homines
756 411 822 468 ab
844 428 1041 491 errore
1069 415 1329 482 liberavit,
1361 423 1415 469 et
1444 414 1509 467 atl
1537 412 1813 468 veritatem

234 505 479 569 reduxit;
514 505 601 559 hic
647 515 840 560 terram
871 505 1058 560 czelum
1098 506 1260 572 fecit,
1289 522 1395 562 non
1435 507 1817 562 elementorum

234 594 510 649 immutata
552 605 762 664 natura,
809 596 902 651 sed
929 600 1335 654 conversatione
1360 599 1558 655 caelesti
1585 598 1819 654 hornini-

233 685 337 740 bus
361 700 523 755 super
553 695 750 742 terram
779 688 1094 758 degentibus
1120 690 1299 744 allata.
1330 691 1432 746 Per
1461 691 1604 746 hunc
1639 690 1816 745 omnis

232 776 536 832 dmmonum
566 779 743 835 cultus
768 781 974 836 solutus
999 791 1117 846 est;
1151 799 1246 852 per
1265 783 1405 839 hunc
1434 783 1626 838 factum
1657 793 1738 839 est
1761 793 1820 837 ut

231 883 341 924 non
372 869 662 924 adorentur
685 872 888 941 Iapidcs
914 882 968 928 et
1014 874 1153 944 ligna
1180 875 1248 929 ab
1275 875 1614 932 hominibus:
1644 884 1698 931 et
1727 875 1816 946 qui

232 959 443 1015 ratione
473 962 816 1030 prteditisunt
841 975 965 1020 ante
993 965 1320 1021 insensibilia
1365 982 1470 1020 non
1495 966 1814 1037 procidunt,

229 1050 327 1105 sed
343 1051 517 1106 omnis
531 1053 838 1116 abiiterror.
872 1064 925 1109 et
945 1056 1182 1111 veritatis
1201 1057 1291 1112 lux
1310 1057 1493 1112 orbem
1513 1058 1812 1112 illustravit.

302 1140 357 1196 4.
394 1141 583 1197 Vidisti
610 1145 849 1199 veritatis
873 1148 1275 1202 excellentiam?
1322 1149 1498 1204 vidisti
1527 1149 1652 1219 quid
1699 1164 1817 1202 um-

229 1230 325 1285 bra
350 1271 367 1298 ,
397 1232 524 1302 quid
552 1235 788 1289 veritas?
826 1236 913 1291 14.
965 1237 1028 1292 Et
1052 1240 1274 1306 vocavit,
1304 1239 1476 1310 inquit
1498 1281 1513 1305 ,
1560 1239 1816 1293 Abraham

229 1338 413 1376 nomen
441 1323 540 1377 loci
581 1326 718 1380 illius
741 1367 757 1392 ,
789 1325 1040 1383 Dominus
1067 1329 1188 1383 uidit
1214 1346 1232 1384 :
1257 1340 1310 1384 ut
1349 1332 1520 1385 dicant
1540 1332 1690 1387 hodie
1711 1373 1726 1398 ,
1760 1333 1814 1386 in

227 1423 398 1466 monte
439 1413 684 1470 Dominus
709 1419 842 1473 visus
884 1429 975 1474 est.
1007 1420 1286 1491 Videjusti
1328 1424 1630 1492 religiosam
1661 1441 1813 1479 men-

229 1515 336 1558 tem
359 1547 373 1571 ,
404 1507 674 1575 quomodo
701 1509 894 1579 ubique
919 1525 985 1566 ex
1017 1511 1079 1567 iis
1106 1529 1222 1583 qua:
1251 1515 1553 1570 acciderant
1580 1516 1814 1587 appella-

226 1597 402 1652 tiones
442 1599 573 1654 locis
601 1601 845 1670 imponit.
877 1603 1244 1661 Visitationem
1268 1608 1409 1663 enim
1433 1623 1462 1662 a
1490 1609 1598 1664 Deo
1618 1606 1811 1664 factam

225 1688 412 1742 volens
459 1692 609 1759 quasi
654 1693 706 1746 in
752 1694 999 1750 columna
1031 1711 1170 1752 azrea
1218 1698 1517 1769 insculpere
1556 1701 1672 1755 loco
1718 1716 1814 1771 per

224 1780 675 1850 appellationem,
730 1783 932 1840 Vocavit
982 1804 1163 1843 nomen
1215 1789 1343 1856 loci,
1377 1790 1622 1846 Dominus
1667 1794 1808 1848 vidit.

221 1871 534 1927 Sttfliciehat
559 1875 768 1944 quidem
797 1877 942 1946 justo
967 1893 1064 1948 pro
1091 1881 1310 1949 praemio
1331 1923 1344 1946 ,
1372 1882 1510 1950 quod
1549 1883 1698 1937 vivus
1726 1899 1806 1938 re-

221 1963 364 2018 diret
414 1965 678 2031 Isaac,et
703 1969 843 2038 quod
899 1971 1122 2026 meritus
1174 1983 1319 2027 esset
1370 1973 1515 2028 illam
1553 1975 1809 2030 eximiam

223 2056 436 2111 laudem
459 2099 474 2122 ,
520 2074 713 2129 nempe
741 2061 881 2131 quod
905 2062 1070 2119 dicit:
1102 2063 1254 2119 Nunc
1285 2067 1491 2137 cognovi
1514 2068 1646 2136 quod
1667 2070 1810 2122 times

224 2144 389 2200 Deum
419 2159 471 2203 tu
502 2164 522 2203 :
547 2161 909 2208 verumtamen
938 2153 984 2208 is
1003 2154 1093 2224 qui
1123 2155 1280 2211 donis
1298 2166 1506 2213 certare
1535 2159 1716 2228 cupit,
1754 2167 1809 2214 et

222 2239 496 2295 beneﬁciis
519 2257 734 2313 semper
769 2246 930 2302 vincit
956 2257 1191 2304 mentem
1234 2257 1470 2306 nostram
1492 2292 1508 2319 ,
1531 2251 1656 2320 justi
1687 2254 1807 2308 ani-

222 2347 368 2386 mum
420 2334 583 2388 variis
624 2347 853 2392 exornat
898 2339 1169 2408 prtemiis,
1223 2352 1276 2396 et
1301 2340 1471 2411 inquit
1503 2345 1692 2398 iterum
1738 2343 1806 2399 ad

221 2423 368 2476 illum
394 2440 408 2475 :
439 2425 522 2479 I5.
548 2423 615 2478 Et
641 2427 829 2480 vocavit
854 2430 1063 2500 angelus
1083 2429 1291 2485 Domini
1311 2432 1566 2487 Abraham
1589 2435 1806 2490 secundo

221 2515 286 2568 de
313 2516 456 2581 cazlo,
485 2516 656 2571 dicens
687 2534 705 2571 :
731 2519 818 2574 16.
846 2519 950 2574 Per
975 2524 1319 2595 memetipsum
1337 2526 1531 2593 iuravi,
1560 2527 1680 2581 dicit
1701 2527 1807 2581 Do-

220 2609 406 2674 minus,
436 2627 493 2663 eo
532 2611 668 2682 quod
695 2614 856 2682 fecisti
908 2615 1109 2669 verbum
1144 2617 1236 2672 hoc
1257 2659 1272 2683 ,
1324 2629 1370 2672 et
1399 2635 1500 2673 non
1539 2621 1805 2690 pepercisti

219 2702 329 2769 [ilio
375 2711 460 2756 tuo
487 2703 669 2758 dilecto
721 2716 925 2775 prapter
950 2725 1028 2762 me
1050 2749 1065 2774 ,
1101 2710 1189 2764 I7.
1247 2713 1470 2780 profecto
1511 2712 1804 2769 benedicens

217 2792 510 2847 benedicam
535 2804 582 2848 te
601 2835 618 2860 ,
640 2806 686 2850 et
717 2798 1057 2870 multiplicans
1091 2803 1435 2872 multiplicabo
1463 2822 1629 2860 semen
1660 2818 1802 2861 tuum

211 2883 350 2936 sicut
386 2885 560 2940 stellas
583 2887 695 2940 celi
714 2929 728 2952 ,
760 2897 806 2941 et
835 2890 962 2944 sicut
1013 2908 1217 2946 arenam
1263 2911 1377 2964 qua:
1422 2905 1493 2950 est
1534 2897 1585 2950 in
1638 2898 1803 2953 littore

217 2973 372 3026 maris
397 2989 415 3036 ;
438 2985 486 3027 et
511 2975 782 3030 hereditate
809 2980 1078 3046 possidebit
1102 2997 1267 3036 semen
1293 2993 1436 3038 tuum
1460 2985 1681 3041 civitates
1705 2988 1799 3042 ho-

214 3065 387 3126 stium,
431 3067 515 3122 18.
550 3078 596 3120 et
619 3069 670 3121 in
709 3071 896 3124 semine
930 3082 1012 3125 tuo
1041 3072 1393 3129 benedicentur
1420 3093 1592 3132 omnes
1629 3088 1800 3148 gentes

213 3165 378 3221 terrm,
408 3174 466 3211 eo
493 3161 630 3229 quod
657 3163 844 3217 audisti
872 3180 1037 3219 vocem
1072 3183 1252 3221 meam.
1281 3168 1415 3237 Quia
1436 3210 1452 3236 ,
1472 3171 1662 3241 inquit,
1694 3173 1795 3227 im-

211 3250 424 3316 plevisti
467 3262 790 3324 praeceptum
836 3272 1011 3312 meum
1033 3301 1048 3323 ,
1077 3267 1131 3314 et
1158 3268 1298 3315 tuam
1326 3262 1682 3319 obedientiam
1706 3281 1799 3335 per

210 3343 393 3396 omnia
438 3343 754 3411 declarasti,
787 3358 1062 3418 propterea
1091 3351 1212 3406 audi
1243 3369 1256 3406 :
1299 3351 1404 3408 Per
1451 3356 1797 3427 memetipsum

211 3431 378 3492 iuravi
399 3476 412 3497 ,
462 3435 582 3488 dicit
613 3435 875 3492 Dominus.
909 3439 1040 3496 Vide
1071 3443 1339 3512 quomodo
1381 3446 1432 3501 in
1463 3462 1710 3504 sermone
1736 3464 1796 3506 se

206 3524 454 3580 demittat
495 3528 749 3584 Dominus
780 3548 794 3584 :
840 3529 943 3586 Per
966 3536 1344 3606 memetipsum,
1375 3536 1571 3608 inquit,
1605 3540 1790 3611 iuravi,

207 3626 268 3670 ut
291 3618 527 3674 conﬁdas
576 3624 796 3678 omnino
848 3634 1102 3680 eventura
1149 3628 1242 3682 tibi
1290 3646 1408 3699 qua:
1456 3647 1487 3687 a
1537 3648 1623 3689 me
1652 3635 1792 3691 dicta

206 3721 356 3765 sunt.
390 3711 831 3783 Quandoquidem
874 3718 1018 3771 enim
1061 3733 1182 3774 cum
1226 3719 1468 3778 homines
1515 3726 1792 3795 promissis

202 3797 504 3870 iuramenta
534 3802 762 3870 addunt,
794 3814 920 3860 tunc
936 3807 1259 3864 stabiliorem
1275 3812 1535 3881 accipiunt
1566 3816 1790 3883 promis-

202 3899 414 3947 sionem
461 3894 494 3947 ii
523 3894 714 3963 quibus
744 3897 1073 3966 promittitur
1100 3916 1113 3952 :
1145 3910 1430 3970 eapropter
1454 3913 1508 3959 et
1535 3905 1788 3964 Dominus

205 3982 436 4039 humana
482 4002 611 4042 usus
653 3990 1039 4046 consuetudine
1067 3992 1236 4062 inquit
1265 4011 1278 4049 :
1311 3994 1412 4049 Per
1442 3999 1787 4070 memetipsum

199 4072 370 4127 iuravi
393 4117 407 4139 ,
456 4093 514 4130 eo
567 4079 704 4148 quod
740 4079 896 4148 fecisti
926 4086 1126 4136 verbum
1156 4086 1286 4153 hoc,
1316 4095 1359 4140 et
1389 4104 1490 4142 non
1521 4092 1787 4160 pepercisti

199 4171 311 4238 ﬁlio
332 4181 418 4224 tuo
439 4171 619 4226 dilecto
650 4183 853 4245 prapter
891 4193 987 4231 me.
1028 4177 1315 4235 Considera
1337 4222 1353 4247 ,
1383 4182 1639 4252 obsecro,
1671 4186 1781 4241 cle-

198 4265 458 4318 mentiam
515 4265 746 4321 Domini.
795 4266 918 4322 Non
968 4273 1258 4340 perpercisti
1302 4275 1411 4342 ﬁlio
1457 4285 1542 4331 tuo
1598 4279 1778 4336 dilecto

198 4365 407 4423 propter
430 4371 527 4409 me.
551 4357 800 4413 Attamen
822 4375 998 4415 vtvum
1021 4361 1193 4432 ipsum
1221 4365 1444 4422 reducit.
1472 4367 1590 4424 Non
1619 4385 1782 4435 evenv

197 4456 313 4502 tum
338 4449 626 4517 reSpicias,
667 4449 888 4518 dilecte,
947 4453 1040 4508 sed
1083 4456 1410 4514 voluntatem
1455 4469 1509 4514 et
1547 4471 1781 4518 mentem

194 4537 374 4601 disce,
428 4554 532 4609 qua
571 4540 688 4596 sine
735 4542 842 4597 ullo
886 4544 1160 4598 ratiocinio
1209 4549 1456 4604 mandata
1507 4552 1777 4622 implebat.

194 4629 468 4699 Quantum
497 4633 640 4686 enim
674 4632 740 4687 ad
769 4635 1096 4690 voluntatem
1143 4639 1363 4704 attinet,
1411 4653 1781 4699 cruentaverat

193 4722 442 4777 dextram
467 4723 785 4794 patriarcha.
819 4735 875 4780 et
901 4741 996 4796 per
1017 4728 1281 4784 cervicem
1309 4732 1458 4800 pueri
1489 4733 1781 4791 immiserat

190 4813 452 4883 gladium,
481 4813 880 4884 perfectumque
905 4817 1168 4872 obtulerat
1187 4821 1506 4878 sacriﬁcium
1539 4842 1550 4875 :
1581 4825 1778 4881 idcirco

195 4906 476 4971 Dominus,
509 4907 660 4977 quasi
687 4909 945 4964 sacrilicio
966 4925 1024 4965 re
1047 4911 1162 4981 ipsa
1192 4926 1579 4982 consummato,
1600 4917 1780 4975 laudat

187 4997 396 5067 justum
417 5040 434 5064 ,
461 5008 516 5053 et
539 4999 703 5054 dicit:
741 4999 860 5056 Non
892 5006 1155 5075 pepercisti
1175 5007 1283 5076 ﬁlio
1325 5018 1409 5064 tuo
1436 5011 1621 5067 dilecto
1656 5032 1778 5084 pro-

193 5099 307 5158 pter
363 5107 460 5142 me.
489 5090 568 5144 Tu
610 5091 825 5160 quidem
871 5109 975 5148 non
1017 5098 1293 5166 pepercisti
1339 5109 1558 5171 propter
1597 5120 1778 5161 meum

193 5179 539 5244 mandatum;
572 5195 672 5250 ego
697 5193 873 5237 autem
900 5187 1111 5254 peperci
1130 5199 1342 5257 propter
1364 5200 1506 5247 tuam
1524 5193 1779 5252 obedien-

191 5273 342 5324 tiam.
375 5271 598 5340 Propter
619 5273 755 5327 ltanc
779 5284 922 5328 tuam
948 5276 1303 5337 obedientiam
1329 5291 1380 5336 te
1406 5299 1773 5354 remunerans,

189 5362 498 5419 Benedicam
539 5373 614 5431 te,
669 5375 715 5419 et
770 5366 1110 5436 multiplicans
1139 5369 1480 5441 multiplicabo
1529 5385 1594 5430 te.
1645 5378 1776 5435 Vide

190 5457 522 5510 cumulatam
549 5455 970 5514 benedictionem
1006 5477 1020 5514 :
1046 5461 1145 5516 hoc
1170 5473 1252 5518 est
1278 5482 1290 5517 :
1321 5466 1562 5536 Amplius
1592 5469 1774 5525 multi-

191 5549 409 5619 plicabo
441 5567 622 5606 semen
652 5562 822 5607 tuum.
858 5553 951 5608 ilic
999 5556 1139 5610 enim
1170 5559 1258 5628 qui
1308 5575 1400 5628 per
1447 5563 1771 5620 voluntatem

188 5651 340 5697 tuam
371 5643 580 5698 occisus
599 5654 703 5710 eat,
731 5645 781 5699 in
813 5651 1013 5701 tantam
1052 5649 1438 5707 multitudinem
1471 5657 1776 5727 prepagabit

191 5749 382 5792 semen
430 5745 574 5790 tuum
597 5777 611 5804 ,
642 5745 698 5792 ut
735 5737 902 5793 stellis
931 5747 983 5794 et
1012 5754 1188 5797 arente
1237 5743 1620 5814 adaequandum
1666 5751 1774 5821 sit,

1211 300 1274 356 IN
1313 299 1465 356 CAP.
1511 295 1691 352 XXIII.
1735 289 1817 349 οε

1913 291 1981 350 ιε.
2022 293 2247 350 1103111..
2291 290 2521 352 XLVIII.
3402 284 3504 338 41⁷4

1930 408 2001 464 Et
2029 426 2200 465 omnes
2225 420 2393 481 gentes
2443 411 2494 463 in
2519 407 2704 462 semine
2732 414 2818 460 tuo
2846 399 3221 460 benedicenda:
3272 401 3406 465 sint,
3449 418 3506 452 eo

1926 503 2060 570 quod
2090 503 2276 555 audisti
2299 518 2466 555 vocem
2512 517 2690 555 meam.
2745 499 2866 552 Iltec
2911 496 3124 560 omnia,
3181 495 3383 566 inquit,
3416 494 3506 548 tibi

1929 594 1979 647 in
2007 593 2318 648 obedientize
2335 603 2496 647 tantae
2522 589 2822 646 mercedem
2852 587 3100 644 aderunt.

1999 685 2214 739 Moralis
2241 685 2627 739 exhortatio.—
2654 684 2864 754 Ergone
2909 681 3134 751 plurima
3179 679 3332 735 nobis
3369 679 3504 736 bona

1926 775 1978 831 id
2009 776 2289 842 conciliat,
2341 776 2483 847 quod
2519 775 2799 831 obedimus
2837 776 2946 829 Deo
2972 781 3027 828 et
3073 771 3352 842 praeceptis
3391 771 3506 838 ejus

1924 869 2386 938 obtemperamus,
2442 878 2495 922 et
2543 867 2680 922 sicut
2727 866 3023 936 patriarcha
3069 865 3190 928 ille,
3241 863 3506 919 curiosius

1925 975 2030 1013 non
2077 959 2421 1028 inquirimus,
2456 975 2619 1028 quare
2669 959 2789 1012 talia
2824 957 2893 1012 ab
2923 971 2989 1013 eo
3037 956 3293 1026 imperata
3343 955 3449 1007 sint
3487 971 3502 1006 :

1921 1050 2015 1105 sed
2059 1059 2115 1104 ιιι
2144 1051 2275 1122 grati
2306 1051 2443 1105 servi
2489 1052 2767 1119 implemus
2810 1048 3056 1103 mandata
3080 1089 3095 1113 ,
3135 1048 3503 1115 rationemque

1921 1160 2105 1198 eorum
2150 1144 2498 1214 relinquimus
2544 1143 2802 1198 Domino?
2843 1142 2896 1196 Si
2939 1142 3098 1212 igitur
3137 1141 3214 1195 sic
3250 1137 3498 1193 docueri~

1920 1253 2040 1292 ntus
2100 1239 2488 1308 nosmetipsos,
2539 1237 2830 1308 poterimus
2863 1245 2918 1290 et
2959 1232 3199 1289 eamdem
3246 1230 3496 1287 ohcdicu-

1920 1329 2045 1383 tiam
2069 1329 2342 1393 exhibere,
2363 1343 2521 1399 quam
2543 1327 2717 1397 justus
2743 1326 2829 1380 ille
2848 1367 2863 1389 ,
2897 1324 3216 1391 easdemque
3243 1321 3496 1391 consequi

1918 1436 2161 1476 coronas.
2185 1421 2462 1489 Quomodo
2481 1430 2656 1474 autem
2687 1417 3029 1474 obediemus?
3050 1419 3104 1472 Si
3127 1417 3368 1471 mandata
3381 1415 3496 1484 ejus

1917 1527 2080 1582 Opere
2119 1513 2607 1582 adimplevcrimus.
2640 1511 2760 1566 Non
2787 1510 2920 1565 enim
2959 1509 3247 1572 auditores,
3291 1508 3492 1577 inquit,

1916 1603 2040 1674 legis
2066 1604 2502 1675 justiﬁcabuntur,
2543 1604 2630 1657 sed
2669 1607 2884 1674 factores
2914 1600 3089 1672 (Rom.
3133 1600 3188 1654 2.
3221 1598 3330 1670 15).
3364 1597 3494 1665 Qutu

1915 1700 2056 1754 enim
2087 1699 2285 1753 utilitas
2302 1739 2316 1765 ,
2339 1699 2385 1753 si
2413 1697 2650 1768 quotidie
2670 1696 2967 1760 audiamus,
2995 1703 3050 1748 et
3068 1708 3230 1764 opera
3253 1691 3494 1762 negliga-

1915 1790 2065 1844 mus?
2096 1788 2218 1844 Ideo
2244 1804 2360 1854 oro,
2387 1798 2446 1844 ut
2472 1788 2536 1842 ad
2564 1787 2762 1858 agenda
2781 1802 2942 1856 opera
2968 1786 3104 1841 bona
3148 1783 3491 1842 festinemus;

1916 1897 2088 1952 neque
2113 1882 2254 1936 enim
2276 1883 2431 1937 aliter
2455 1882 2679 1936 salutem
2700 1879 2950 1947 consequi
2981 1890 3264 1946 possumus
3293 1892 3306 1927 :
3341 1883 3397 1928 ttt
3440 1883 3494 1928 et

1913 1983 2130 2044 peccata
2161 1983 2340 2028 nostra
2383 1973 2697 2035 abluamus,
2735 1981 2789 2025 et
2833 1970 3114 2025 clementia
3166 1967 3373 2022 Domini
3403 1966 3489 2022 di-

1912 2065 2000 2134 gni
2031 2066 2340 2129 babeamur,
2367 2065 2534 2134 gratia
2560 2073 2610 2118 et
2639 2061 3066 2116 miserationibus
3084 2059 3292 2114 Domini
3323 2071 3487 2113 nosm

1910 2156 2034 2211 Jesu
2076 2155 2307 2221 Christi,
2360 2171 2479 2210 cum
2519 2169 2625 2225 quo
2678 2154 2815 2208 Patri
2865 2163 2918 2208 et
2946 2162 3130 2208 sancto
3177 2150 3490 2220 viviﬁcoque

1912 2248 2133 2318 Spiritui
2163 2247 2235 2301 sit
2257 2245 2421 2317 gloria
2447 2287 2462 2313 ,
2492 2260 2632 2302 nunc
2654 2256 2708 2301 et
2732 2259 2963 2314 semper,
2995 2253 3048 2300 et
3075 2243 3128 2299 in
3155 2243 3351 2298 saecula
3380 2257 3483 2298 sa:-

1913 2339 2173 2394 culorutn.
2207 2340 2394 2393 Amen.

2416 2407 2692 2463 HOMILIA
2743 2403 2974 2463 XLVIII.

1912 2500 2296 2571 Responderunt
2329 2510 2495 2555 autem
2523 2499 2617 2569 lilii
2642 2499 2764 2554 Chet
2797 2499 2865 2552 ad
2901 2499 3156 2553 Abraham
3180 2539 3194 2563 ,
3239 2509 3286 2554 et
3329 2500 3482 2554 dixes

1977 2607 2093 2651 runt
2117 2613 2136 2651 :
2165 2595 2274 2650 Rex
2299 2613 2330 2649 a
2367 2594 2476 2649 Deo
2511 2612 2561 2649 es
2593 2604 2646 2649 tu
2689 2596 2742 2648 in
2767 2594 2928 2657 nobis,
2957 2595 3008 2646 in
3043 2594 3208 2648 electis
3238 2595 3480 2663 sepulcris

1977 2692 2160 2746 nostris
2187 2691 2340 2762 sepeli
2369 2699 2619 2744 mortuum
2647 2698 2786 2742 tuum
2811 2686 2960 2758 (Gen.
2991 2687 3082 2741 Ξῖ).
3115 2688 3168 2741 5.
3201 2686 3279 2758 6).

1979 2802 2030 2859 1.
2065 2804 2282 2859 Vidistis
2313 2803 2462 2869 heri,
2483 2802 2700 2869 dilecti,
2732 2800 3045 2872 patriarchae
3077 2799 3433 2856 fortitudinem
3466 2819 3478 2852 :

1906 2897 2110 2951 vidistis
2149 2896 2380 2950 animam
2434 2894 2711 2949 adamante
2763 2888 3101 2956 solidioretn,
3165 2892 3474 2961 quomodo,

1903 2995 2156 3057 quantum
2184 2985 2235 3040 in
2269 2985 2384 3054 ipso
2397 2993 2530 3048 erat,
2561 2983 2631 3038 ob
2660 2998 2903 3053 magnam
2932 2982 2984 3036 in
3009 2982 3172 3037 Demu
3199 2983 3477 3036 caritatem

1902 3077 2151 3132 sacerdos
2183 3076 2274 3130 ﬁlii
2302 3075 2471 3131 factus
2496 3083 2614 3140 est,
2652 3082 2705 3129 et
2735 3074 3006 3143 proposito
3032 3071 3244 3142 quidem
3285 3087 3479 3126 cruen-

1902 3170 2031 3224 tavit
2055 3169 2315 3233 dextram,
2337 3167 2764 3236 sacriﬁciumque
2792 3166 3016 3222 obtulit:
3040 3180 3134 3236 per
3158 3164 3479 3220 ineffabilem

1899 3268 2075 3314 autem
2107 3257 2526 3314 misericordiam
2567 3259 2659 3313 Dei
2685 3258 2833 3312 salvo
2875 3266 2929 3312 et
2963 3256 3230 3315 sanoﬁlio
3267 3271 3364 3314 suo
3391 3272 3479 3311 rc-

1899 3359 2056 3420 cepto
2092 3350 2284 3416 rediit,
2317 3358 2372 3405 et
2415 3358 2631 3420 propter
2671 3349 2994 3403 voluntatem
3032 3347 3350 3418 prtedicatus
3396 3359 3480 3403 est

1896 3457 2199 3513 coronaque
2244 3441 2439 3513 fulgida
2488 3441 2796 3504 redimitus,
2840 3448 2896 3495 et
2941 3455 3208 3494 summum
3250 3455 3475 3510 agonem

1896 3535 2118 3590 certavit
2137 3577 2151 3599 ,
2173 3550 2236 3589 ac
2272 3549 2367 3604 per
2394 3534 2573 3588 omnia
2609 3534 2854 3602 pietatem
2885 3532 3074 3586 mentis
3099 3546 3211 3587 suae
3233 3530 3476 3586 declara-

1894 3630 1989 3683 vit.
2020 3628 2304 3683 Videamus
2334 3636 2388 3682 et
2410 3627 2569 3682 hodie
2597 3635 2843 3696 quantam
2865 3625 3038 3694 justus
3061 3626 3147 3680 ille
3178 3623 3265 3678 lilii
3292 3640 3474 3679 curant

1895 3722 2155 3776 habuerit.
2195 3720 2327 3775 Nam
2351 3732 2628 3790 postquam
2650 3735 2680 3773 a
2710 3719 2970 3773 sacriﬁcio
3009 3718 3101 3772 illo
3130 3733 3269 3772 novo
3296 3727 3350 3774 et
3375 3719 3471 3770 atl-

1895 3813 2121 3868 mirabili
2149 3811 2340 3877 rediit,
2370 3813 2577 3882 excepit
2601 3827 2722 3866 eum
2773 3811 2945 3866 Sarra:
2983 3810 3155 3864 luctus
3183 3827 3196 3862 :
3229 3823 3349 3864 cum
3379 3825 3473 3862 au-

1891 3912 1998 3959 tem
2018 3904 2259 3973 petiisset
2277 3918 2306 3956 a
2326 3902 2445 3957 ﬁliis
2459 3901 2595 3957 Chet
2612 3901 3001 3973 possessionem
3022 3899 3272 3969 sepulcri,
3290 3909 3470 3968 empto

1891 3999 2008 4055 loco
2029 4037 2044 4062 ,
2074 3997 2321 4066 deposuit
2365 4007 2652 4063 mortuam,
2682 4003 2737 4050 et
2775 3994 2876 4049 hoc
2913 3995 3227 4064 principium
3259 4007 3471 4062 posscs-

1887 4088 2054 4144 sionis
2123 4087 2283 4142 habet
2337 4085 2634 4157 patriarcha
2695 4086 2881 4140 mortis
2933 4085 3106 4141 Sarra:
3161 4085 3462 4140 occasione.

1886 4180 2187 4235 Monstrans
2210 4179 2350 4234 enim
2379 4178 2530 4233 nobis
2547 4178 2815 4247 Scriptura
2843 4177 3017 4231 divina
3041 4175 3169 4246 justi
3195 4177 3465 4242 virtutem,

1886 4287 2114 4341 eyrnque
2142 4271 2278 4325 sicut
2321 4270 2660 4341 peregrinum
2701 4279 2756 4324 ct
2785 4268 3042 4323 advenam
3076 4276 3185 4322 toto
3228 4275 3466 4337 tempore

1884 4334 2048 4422 {disse
2065 4407 2079 4431 ,
2105 4365 2206 4420 hoc
2233 4380 2445 4436 quoque
2472 4364 2824 4434 signiﬁcavit,
2858 4373 2916 4418 ut
2935 4363 3201 4418 discamus
3226 4378 3348 4418 eum
3375 4367 3463 4434 qui

1886 4466 2032 4511 tanto
2057 4473 2292 4524 superno
2338 4456 2587 4526 praesidio
2615 4455 2910 4521 fruebatur,
2932 4465 2989 4510 et
3014 4456 3091 4510 sic
3138 4455 3357 4510 illustris
3384 4455 3464 4508 fa-

1883 4557 1998 4603 ctus
2032 4559 2190 4618 atque
2235 4548 2286 4602 in
2340 4557 2538 4602 tantam
2589 4544 2981 4602 multitudinem
3036 4544 3262 4599 diffusus
3309 4553 3460 4609 erat,

1883 4642 2154 4710 proprium
2178 4640 2478 4711 sepulcrum
2507 4654 2610 4694 non
2631 4637 2930 4708 possedisse
2949 4678 2964 4704 ,
2988 4638 3124 4693 sicut
3150 4651 3288 4692 nunc
3312 4637 3462 4693 multi

1883 4734 2116 4800 faciunt,
2142 4748 2298 4803 agros
2323 4743 2377 4788 et
2404 4732 2590 4797 villas,
2633 4730 2996 4800 inﬁnitamque
3024 4728 3182 4783 aliam
3210 4727 3459 4782 substan-

1883 4828 2010 4881 tiam
2054 4826 2330 4896 possidcre
2355 4826 2649 4880 studentes.
2677 4825 2850 4880 Multis
2887 4825 3028 4880 enim
3071 4823 3231 4879 animi
3262 4823 3461 4877 divitiis

1883 4918 2172 4982 fruebatur,
2205 4927 2258 4973 et
2295 4918 2361 4973 de
2411 4919 2530 4974 aliis
2555 4933 2660 4973 non
2706 4926 2821 4973 erat
2849 4917 3056 4972 anxius.
3110 4915 3342 4971 Audiant
3369 4915 3459 4983 qui

1881 5021 2102 5082 repente
2149 5021 2203 5066 et
2231 5011 2281 5064 in
2313 5027 2418 5066 uno
2452 5010 2706 5079 temporis
2736 5016 3005 5063 momento
3033 5007 3268 5066 omnium
3318 5006 3457 5061 bona

1881 5104 2202 5164 corratlunt.
2246 5110 2300 5155 et
2349 5101 2574 5171 ubique,
2616 5109 2673 5154 ut
2725 5102 2794 5154 ita
2842 5098 3047 5162 dicam,
3081 5097 3317 5153 avaritia:
3347 5112 3457 5153 sua:

1880 5195 2363 5263 CthUpISCCIIIIam
2425 5192 2754 5256 extendunt,
2810 5191 3185 5259 imitenturque
3232 5191 3456 5259 patriar-

1880 5289 2033 5344 cham
2060 5327 2078 5354 ,
2109 5287 2199 5357 qui
2225 5303 2291 5340 ne
2316 5286 2526 5355 quidem
2579 5285 2761 5340 habuit
2803 5286 2976 5340 locum
3033 5286 3082 5338 in
3127 5299 3233 5354 quo
3279 5284 3452 5340 Sarra:

1879 5380 2165 5434 collocaret
2191 5378 2472 5448 reliquias,
2505 5377 2598 5433 sed
2647 5385 2770 5438 tunc
2816 5377 3082 5448 primum,
3132 5376 3346 5447 quando
3390 5377 3451 5433 alt

1882 5473 1992 5543 ipsa
2017 5473 2332 5527 necessitate
2358 5471 2662 5542 compulsus
2689 5480 2800 5535 est,
2841 5471 2970 5525 emit
3009 5485 3191 5540 agrum
3222 5480 3278 5526 et
3326 5486 3441 5541 spe-

1880 5567 2088 5621 luncam
2115 5580 2144 5618 a
2171 5565 2290 5625 ﬁliis
2316 5565 2470 5619 Chet.
2497 5564 2626 5618 Nam
2655 5564 2796 5634 quod
2825 5564 3128 5634 spectabilis
3148 5573 3291 5622 esset
3312 5564 3452 5634 apud

1879 5656 2233 5720 Chananzeos,
2290 5655 2410 5710 audi
2460 5655 2594 5710 ﬁlios
2637 5644 2774 5710 Chet
2823 5656 2887 5710 ad
2941 5672 3062 5714 eum
3090 5657 3361 5720 dicentes,
3395 5656 3447 5710 6.

1882 5750 1991 5805 Rea:
2018 5767 2048 5804 a
2079 5748 2181 5804 Deo
2211 5763 2260 5803 es
2289 5759 2340 5802 tu
2367 5750 2418 5802 in
2471 5747 2642 5818 nobis,
2673 5749 2918 5812 in_electis
2972 5752 3219 5820 sepulcris
3253 5755 3447 5806 nostris
