3730 6286
266 274 365 331 £35

265 392 418 461 sepeli
446 398 700 445 mortuum
727 396 906 443 tuum:
932 386 1104 440 nullus
1140 387 1272 440 enim
1302 393 1527 439 nostrum
1570 380 1845 453 prohibebit

265 484 551 554 sepulcrum
599 496 747 535 suum
789 496 822 533 a
852 488 900 532 te
925 477 1079 547 (Cap.
1109 476 1225 546 23).
1254 474 1519 531 Caeterum
1544 472 1668 529 vide
1715 485 1849 542 quo-

266 578 427 634 modo
443 576 617 647 justus
642 573 893 643 cperibus
911 571 1022 627 suis
1041 570 1231 625 doceat
1254 569 1374 623 illos
1398 582 1579 623 veram
1613 564 1850 637 philoso-

267 670 478 739 phiam,
521 676 575 722 et
631 680 736 721 non
780 663 929 734 prius
974 662 1104 719 velit
1122 663 1368 730 accipere
1408 667 1849 722 monumentum,

266 777 423 831 quam
469 760 670 831 justum
699 758 1003 814 dinumeret
1054 756 1301 827 pretium.
1356 754 1489 809 Nam
1544 753 1669 807 licet
1719 764 1850 816 vos,

268 852 469 922 inquit,
520 851 590 906 ita
620 850 864 906 benevoli
904 864 1030 918 erga
1067 863 1155 903 me
1191 846 1311 901 silis
1340 864 1354 900 :
1386 856 1435 903 al
1461 861 1565 916 ego
1612 859 1717 900 non
1762 859 1855 914 pa-

270 947 393 1011 tiar,
424 944 525 999 nisi
570 944 717 1014 prius
738 942 977 998 debitum
1004 941 1236 1013 pretium
1262 938 1607 1010 dependerim
1626 936 1694 1007 (υ.
1726 937 1851 1007 15):

267 1045 323 1091 et
350 1036 428 1091 sic
449 1035 707 1105 accipiam
731 1032 1053 1104 sepulcrum.
1088 1033 1155 1087 Et
1180 1039 1454 1087 numerata
1475 1072 1490 1096 ,
1524 1029 1728 1097 inquit,
1757 1043 1855 1098 pe-

267 1128 420 1183 cunia
441 1124 640 1195 accepit
670 1134 1106 1179 monumentum:
1160 1125 1246 1183 l9.
1315 1121 1384 1177 Et
1401 1121 1625 1193 sepelivit
1643 1119 1857 1175 Sarram

269 1234 477 1273 uxorem
498 1235 644 1273 suam
670 1219 723 1273 in
745 1218 986 1286 spelunca
1012 1216 1125 1287 agri
1144 1214 1358 1286 duplici,
1385 1230 1497 1285 qum
1520 1222 1592 1269 est
1615 1231 1642 1267 e
1656 1213 1859 1284 regione

272 1310 523 1366 Mambre.
556 1311 627 1377 Et,
667 1311 757 1381 qui
785 1320 890 1365 tam
921 1309 1102 1364 clarus
1125 1316 1182 1363 et
1226 1306 1531 1377 spectabilis
1574 1314 1718 1371 erat,
1766 1303 1856 1375 qui

272 1411 469 1457 tantam
498 1400 639 1472 apud
668 1401 832 1455 Deum
860 1399 1063 1455 habens
1088 1397 1333 1454 ﬁduciam
1356 1437 1373 1464 ,
1400 1405 1455 1452 et
1490 1395 1629 1465 apud
1672 1409 1860 1451 omnes

273 1494 385 1550 fere
409 1493 499 1565 qni
548 1494 619 1549 ibi
664 1493 891 1564 agebant
942 1493 996 1547 in
1026 1499 1175 1547 tante
1202 1489 1406 1545 honore
1442 1496 1589 1556 erat,
1622 1498 1679 1544 ut
1723 1496 1781 1544 et
1826 1503 1857 1543 a

276 1588 399 1643 liliis
427 1587 561 1642 Chet
614 1602 708 1641 rex
740 1586 1128 1654 nominaretur,
1177 1597 1356 1654 neque
1390 1583 1671 1653 vestigium
1710 1581 1862 1653 pedis

273 1681 597 1751 possidebat.
626 1681 914 1750 Propterea
937 1688 992 1735 et
1029 1678 1216 1734 beatus
1246 1677 1446 1733 Paulus
1467 1676 1717 1732 virtutem
1732 1674 1863 1745 justi

275 1773 572 1843 praedicans
599 1780 655 1828 et
680 1771 920 1827 scribens
945 1770 1157 1827 dicebat
1188 1788 1202 1825 :
1233 1768 1337 1824 Per
1372 1770 1526 1839 ﬁdem
1567 1767 1863 1839 peregrinus

277 1866 373 1934 fuit
398 1866 655 1919 Abraham
691 1865 746 1919 in
787 1874 922 1919 terra
952 1864 1299 1934 promissionis
1325 1863 1476 1917 veluti
1509 1862 1677 1916 aliena
1699 1903 1713 1926 ,
1748 1876 1864 1914 cum

275 1958 327 2011 in
365 1957 701 2011 tabernaculis
729 1956 999 2011 habitasset
1019 1972 1134 2010 cum
1164 1954 1315 2011 Isaac
1343 1964 1391 2009 et
1413 1954 1574 2009 Iacob
1601 1953 1865 2008 coheredi-

276 2051 367 2106 bus
389 2050 611 2122 ejusdem
631 2050 979 2123 promissionis
1004 2050 1188 2121 (Hebr.
1217 2051 1303 2106 Η.
1326 2050 1404 2120 9).
1434 2049 1634 2104 Deinde
1663 2048 1867 2104 docens

278 2158 376 2198 nos
398 2185 415 2210 ,
442 2143 709 2212 quomodo
729 2143 833 2199 lide
862 2143 1178 2214 peregrinus
1220 2140 1415 2209 fuerit,
1452 2140 1724 2196 subdidit:
1758 2139 1867 2195 Ea:-

276 2236 532 2306 spectabat
552 2237 683 2291 enim
728 2238 991 2291 habentem
1027 2235 1360 2308 fundamenta
1396 2236 1644 2289 civitatem
1668 2275 1686 2298 ,
1720 2234 1869 2304 cujus

282 2327 456 2399 epifea:
478 2336 523 2381 et
548 2327 778 2382 conditor
816 2337 889 2382 est
919 2328 1057 2382 Deus
1085 2325 1248 2400 (Ibid.
1275 2343 1323 2380 υ.
1358 2326 1469 2395 10).
1493 2326 1601 2396 Spe
1620 2366 1635 2393 ,
1661 2326 1867 2397 inquit,

282 2418 582 2474 futurorum
623 2419 953 2489 despiciebat
1002 2420 1323 2490 pnesentia;
1372 2427 1427 2475 et
1471 2418 1874 2488 exspectatione

281 2510 545 2581 majorum
568 2510 854 2577 bonorum,
874 2509 1050 2567 minus
1071 2511 1291 2566 curabat
1306 2525 1368 2566 ea
1395 2525 1516 2582 quae
1536 2509 1589 2565 in
1619 2510 1871 2582 prmsenti

281 2605 391 2662 vita
432 2616 600 2662 sunt:
633 2616 791 2677 atque
832 2605 948 2662 haec
974 2614 1099 2661 ante
1141 2607 1343 2677 legem,
1372 2614 1427 2662 et
1453 2614 1580 2661 ante
1621 2603 1870 2676 gratiam.

282 2701 504 2771 Qualem
526 2701 684 2771 igitur
712 2700 1025 2757 habebimus
1055 2714 1154 2756 nos
1176 2699 1595 2767 excusationem,
1627 2697 1734 2767 dic,
1751 2713 1870 2764 oro,

285 2796 376 2865 qui
408 2803 527 2865 post
553 2804 632 2849 tot
660 2793 1067 2873 pollicitationes
1085 2836 1102 2863 ,
1130 2802 1185 2850 et
1214 2792 1603 2864 promissiones
1629 2791 1873 2848 ineffabi-

287 2887 418 2943 lium
458 2887 718 2942 bonorum
744 2928 759 2953 ,
804 2886 1072 2942 inhiamus
1120 2886 1506 2958 praesentibus,
1553 2895 1609 2943 et
1645 2886 1875 2942 emimus

287 2993 479 3050 agros,
523 2988 579 3035 et
609 2979 803 3050 ubique
823 2979 951 3035 clari
977 2994 1098 3035 esse
1126 2980 1404 3035 studemus
1424 3022 1440 3047 ,
1469 2980 1877 3051 colligimusque

288 3073 404 3127 lucc
442 3073 619 3127 omnia
665 3088 762 3143 per
804 3074 1078 3129 avaritiam
1134 3083 1190 3130 et
1230 3075 1515 3144 rapinam?
1567 3086 1623 3132 et
1653 3076 1707 3132 id
1735 3076 1879 3145 quod

289 3165 476 3219 beatus
525 3165 785 3235 propheta
830 3181 953 3221 cum
995 3166 1229 3222 lamento
1280 3166 1533 3223 dicebat:
1575 3167 1666 3223 γω
1700 3169 1765 3223 iis
1793 3169 1880 3239 qui

286 3259 599 3329 conjungunt
620 3256 825 3312 doruum
850 3258 1055 3325 domui,
1082 3269 1129 3311 et
1167 3275 1346 3329 agrum
1373 3276 1495 3330 agro
1516 3260 1787 3331 copulant,
1826 3268 1882 3315 ut

292 3349 416 3418 quid
445 3366 477 3402 a
501 3348 736 3418 proximo
765 3351 999 3421 auferant
1025 3348 1175 3419 (Isai.
1209 3349 1264 3406 5.
1302 3350 1356 3409 8)
1389 3369 1402 3405 :
1434 3350 1537 3407 hoc
1571 3365 1669 3406 nos
1707 3352 1883 3421 operi-

292 3441 391 3494 bus
416 3439 738 3509 implemus?
766 3441 958 3495 Annon
990 3441 1228 3512 quotidie
1244 3442 1485 3498 videmus
1512 3443 1668 3513 diripi
1695 3443 1881 3498 vidua-

293 3549 409 3587 rum
442 3533 579 3588 bona
600 3575 615 3598 ,
658 3533 875 3603 spoliari
901 3534 1205 3604 orphanos,
1238 3536 1478 3591 inﬁrmos
1505 3551 1532 3589 a
1570 3535 1880 3593 fortioribus

291 3625 564 3695 opprimi?
594 3625 791 3681 Verum
836 3626 1008 3697 justus
1030 3626 1121 3681 ille
1166 3643 1502 3698 nequaquam
1533 3629 1646 3693 sic,
1692 3629 1787 3685 sed
1827 3639 1883 3686 et

293 3718 597 3787 sepulcrum
641 3733 825 3775 emere
848 3734 968 3773 cum
1022 3720 1215 3786 voluit,
1248 3722 1497 3792 quoniam
1539 3721 1671 3778 vidit
1716 3738 1811 3778 eos
1850 3739 1879 3777 a

294 3811 486 3880 quibus
516 3812 665 3881 petiit
686 3811 815 3867 dare
842 3813 1120 3881 volentes,
1153 3830 1258 3869 non
1290 3816 1436 3886 prius
1455 3816 1692 3886 accepit,
1722 3832 1882 3888 quam

293 3902 493 3973 justum
524 3904 871 3975 dependisset
898 3908 1150 3978 pretium.
1179 3906 1305 3963 Hum
1345 3909 1523 3980 itaque
1549 3918 1730 3966 mente
1756 3925 1882 3966 ver-

297 4004 478 4051 santes
503 4037 517 4061 ,
540 3996 717 4053 dilecti
741 4041 755 4065 ,
781 4014 880 4054 nos
906 4000 996 4070 qui
1027 3999 1127 4054 sub
1146 4001 1314 4070 gratia
1332 4043 1346 4066 ,
1387 4016 1509 4057 eum
1533 4003 1622 4073 qui
1652 4011 1777 4059 ante
1807 4003 1887 4059 le-

298 4104 418 4157 gem
471 4089 782 4148 imitemur:
838 4100 893 4145 et
941 4108 1009 4146 ne
1036 4093 1203 4147 multa
1248 4093 1554 4163 possidendi
1597 4094 1886 4166 cupiditate

301 4180 547 4247 accensi,
580 4181 838 4248 majorem
869 4191 919 4237 et
946 4184 1244 4252 graviorem
1294 4186 1688 4241 accumulemus
1709 4187 1885 4257 ignem

305 4270 823 4341 inexstinguibilem,
865 4284 918 4328 et
946 4272 1215 4329 ﬂammam
1249 4275 1657 4331 intolerabilem.
1687 4277 1891 4346 Andie.

305 4378 422 4417 inus
447 4364 619 4428 enim,
650 4364 695 4418 si
725 4364 777 4417 in
806 4364 1108 4435 hujnsmodi
1138 4366 1323 4437 rapina
1354 4376 1409 4423 et
1427 4368 1645 4423 avaritia
1676 4384 1888 4424 manse-

308 4454 499 4521 rimus,
532 4470 593 4510 ca
620 4470 739 4525 quae
760 4456 899 4511 dicta
921 4465 1045 4511 sunt
1068 4457 1219 4513 diviti
1248 4458 1358 4513 illi:
1390 4458 1592 4527 Stulte,
1618 4462 1717 4514 ista
1744 4472 1891 4517 nocte

302 4545 392 4600 abs
420 4556 466 4600 te
495 4547 717 4601 animam
747 4558 884 4602 tuam
922 4560 1143 4619 repetent
1171 4566 1192 4605 :
1212 4567 1327 4618 quc
1362 4562 1528 4606 autem
1553 4555 1885 4625 praeparasti,

305 4641 454 4712 cujus
478 4652 625 4697 erunt
666 4642 816 4714 (Luc.
849 4642 934 4698 19..
961 4644 1097 4722 2οη
1141 4644 1319 4712 Quare
1342 4686 1358 4712 ,
1402 4645 1489 4701 die
1514 4645 1645 4701 mihi
1667 4689 1681 4712 ,
1716 4655 1891 4701 tanto-

307 4749 435 4802 pere
472 4733 636 4789 sndcs
660 4774 675 4800 ,
707 4743 767 4789 ut
791 4735 1012 4806 colligas
1041 4751 1102 4792 ea
1130 4754 1248 4807 qua:
1276 4751 1386 4793 non
1422 4737 1591 4792 multo
1616 4746 1735 4807 post
1765 4737 1891 4792 hinc

308 4824 650 4896 abripiendus
675 4868 690 4893 ,
718 4826 805 4882 hic
853 4827 1124 4898 relinques
1146 4868 1161 4894 ,
1192 4842 1256 4883 ex
1284 4829 1364 4884 eis
1402 4842 1508 4883 non
1556 4829 1729 4884 solum
1758 4827 1891 4888 nihil

312 4920 558 4975 utilitatis
584 4920 861 4991 percipere
906 4920 1122 4989 valens,
1164 4920 1258 4977 sed
1285 4931 1337 4977 et
1363 4936 1498 4977 onus
1548 4931 1889 4994 peccatorum

310 5012 362 5066 in
414 5012 655 5067 humeris
698 5013 929 5084 propriis
983 5012 1204 5080 ferens,
1251 5022 1305 5069 et
1352 5014 1521 5069 inutili
1580 5014 1890 5084 pmnitentia

314 5104 544 5160 ductus?
564 5105 694 5162 Nam
716 5122 777 5162 ea
803 5123 923 5177 qua:
952 5122 980 5160 a
1005 5115 1057 5161 te
1083 5122 1178 5178 per
1197 5107 1473 5162 avaritiam
1498 5106 1721 5168 collecta
1743 5116 1888 5176 sunt,

313 5197 366 5250 in
396 5198 624 5255 hostium
649 5214 791 5270 saepe
819 5198 1105 5255 devenient
1144 5214 1369 5268 manus,
1400 5210 1454 5255 tu
1482 5210 1658 5257 autem
1700 5215 1801 5272 pro
1826 5200 1893 5257 iis

311 5291 573 5346 rationem
600 5301 652 5346 et
678 5305 888 5363 plenam
912 5291 1084 5347 dabis.
1121 5290 1343 5359 Quanta:
1374 5292 1532 5363 igitur
1559 5301 1639 5347 est
1668 5293 1891 5349 demen-

315 5384 401 5437 tiae
424 5383 545 5436 aliis
576 5382 817 5439 laborare
837 5426 853 5452 ,
879 5392 934 5439 et
960 5392 1012 5439 te
1044 5394 1327 5454 propterea
1358 5398 1572 5454 ptenam
1615 5384 1780 5439 dare?

383 5475 441 5531 2.
471 5472 603 5529 Esto
626 5484 825 5541 autem,
859 5476 1111 5531 hactenus
1139 5476 1207 5531 ita
1235 5476 1563 5548 negligenter
1582 5490 1680 5530 nos
1706 5490 1890 5546 gesse-

308 5568 475 5624 rimus
494 5610 510 5635 ,
541 5582 681 5623 nunc
700 5569 891 5624 saltem
912 5569 1034 5639 quid
1058 5583 1192 5641 opus
1222 5568 1361 5624 laeto
1387 5568 1457 5623 sit
1484 5567 1850 5623 eonsultemus
1874 5586 1892 5637 ;

309 5672 361 5714 et
389 5677 493 5716 non
517 5670 721 5715 tantum
748 5676 965 5733 operam
993 5663 1180 5717 demus
1198 5706 1211 5730 ,
1239 5673 1297 5717 ut
1325 5663 1478 5717 nobis
1499 5677 1629 5732 opes
1652 5662 1893 5731 amuant,

310 5755 405 5807 sed
436 5765 487 5811 ut
528 5764 580 5807 et
606 5753 827 5823 justitiam
856 5769 1099 5823 magnam
1132 5757 1387 5809 rationem
1430 5766 1481 5809 et
1524 5770 1706 5810 curam
1746 5770 1897 5823 gera-

994 269 1050 326 S.
1089 267 1364 325 JOANNIS
1400 260 1870 325 CHRYSOSTOM!
1907 253 2224 320 ARClllEP.
2264 260 2798 320 CONSTANTINOP.

3442 268 3548 324 ιδε

1961 396 2099 440 mus.
2137 381 2322 454 Neque
2362 384 2506 441 enim
2545 398 2633 442 res
2671 394 2869 441 nostra:
2918 386 3077 457 hujus
3117 389 3241 444 vitae
3287 387 3553 443 limitibus

1960 476 2376 547 circumscripta:
2417 486 2580 544 sunt,
2612 493 2787 550 neque
2808 494 3022 549 semper
3048 480 3106 535 in
3133 480 3309 534 aliena
3331 480 3557 550 regione

1960 567 2203 625 erimus:
2233 567 2327 625 sed
2374 584 2480 639 pou
2532 573 2705 626 multo
2743 579 2862 641 post
2892 572 2946 625 in
2975 572 3248 642 propriam
3288 567 3562 626 mbi-

1962 675 2080 717 mus
2110 661 2357 731 patriam.
2388 660 2579 718 Omnia
2613 663 2774 734 igitur
2808 662 3098 729 faciamus,
3143 678 3213 718 ne
3256 662 3367 717 illic
3395 660 3556 732 egeni

1960 754 2125 811 simus
2149 754 2337 811 futuri.
2365 755 2498 811 Nam
2518 771 2638 827 qua:
2655 756 2876 823 utilitas,
2904 757 2957 811 in
2978 757 3148 812 aliena
3164 757 3390 827 regione
3416 754 3560 810 tntil-

1965 858 2045 903 tas
2073 847 2286 904 divitias
2314 848 2635 919 relinquere,
2669 850 2723 904 in
2752 852 2964 918 propria
2990 857 3194 913 autem,
3221 856 3280 903 et
3301 849 3356 901 in
3385 847 3560 918 patria

1961 943 2280 999 necessariis
2299 942 2527 998 carere?
2548 943 2729 1013 Itaque
2748 956 2866 1006 ore,
2890 941 3207 998 festinemus
3229 941 3364 997 dum
3383 941 3563 994 adhuc

1964 1041 2171 1104 tempus
2205 1044 2309 1099 est,
2357 1042 2415 1089 ut
2456 1034 2585 1089 illuc
2618 1033 3002 1089 transferamus
3036 1033 3198 1087 etiam
3228 1047 3351 1100 quae
3380 1032 3434 1084 in
3460 1030 3565 1085 hac

1962 1126 2134 1181 aliena
2163 1125 2439 1181 habemus.
2484 1124 2776 1181 Enimvero
2797 1125 2921 1180 licet
2944 1125 3175 1180 multum
3216 1124 3364 1179 inter
3388 1138 3451 1178 se
3476 1123 3562 1178 di-

1966 1227 2129 1287 stent,
2170 1218 2343 1275 facilis
2372 1228 2553 1276 tamen
2577 1229 2663 1275 est
2687 1220 3031 1275 transvectio.
3071 1218 3174 1288 Qui
3208 1219 3356 1274 enim
3377 1228 3565 1274 nostra

1964 1327 2031 1368 eo
2060 1310 2419 1376 transierant,
2451 1311 2623 1382 parati
2649 1319 2805 1377 sunt,
2846 1320 2901 1366 et
2924 1324 3114 1366 secure
3138 1309 3265 1365 illuc
3294 1320 3566 1381 pergunt,

1966 1413 2123 1474 atque
2161 1404 2216 1458 in
2249 1403 2502 1458 thesauro
2527 1401 2925 1472 indepmdabili
2955 1416 3017 1456 ea
3048 1410 3320 1471 reponunt
3342 1441 3359 1465 ,
3410 1415 3566 1470 qua:-

1967 1498 2194 1565 cuinqne
2224 1510 2318 1565 per
2342 1495 2557 1550 illorum
2600 1508 2792 1548 manus
2835 1492 3162 1562 praemittere
3208 1491 3563 1562 potuerimus.

1970 1588 2267 1659 Pauperum
2308 1588 2454 1644 enim
2500 1602 2689 1642 manus
2715 1586 2766 1641 in
2806 1585 3040 1641 caelestia
3069 1585 3439 1656 promptuaria
3464 1584 3567 1640 sibi

1971 1682 2161 1737 collata
2199 1680 2340 1736 dona
2381 1687 2561 1735 nostra
2601 1687 2883 1748 reponunt.
2910 1678 3176 1747 Quoniam
3216 1678 3381 1748 igitur
3420 1686 3568 1747 tanta

1970 1782 2025 1829 et
2062 1772 2285 1827 facilitas
2321 1782 2376 1827 et
2396 1771 2656 1828 securitas
2692 1780 2795 1837 est,
2828 1785 2996 1841 quare
3034 1785 3343 1835 moramur,
3376 1777 3435 1825 et
3460 1785 3566 1824 non

1970 1867 2113 1923 omni
2143 1866 2321 1922 studio
2344 1866 2448 1922 hoc
2476 1866 2728 1931 iacimus,
2762 1875 2818 1922 ut
2847 1866 2917 1920 ibi
2948 1881 3009 1922 ea
3054 1865 3432 1931 inveniamus,
3472 1865 3562 1918 ubi

1972 1962 2050 2016 eis
2075 1961 2309 2017 maxime
2329 1976 2465 2031 opus
2489 1960 2629 2016 erit?
2651 1959 2936 2031 Propterea
2964 1960 3261 2031 patriarcha
3285 1960 3387 2015 ille
3409 1960 3561 2029 quasi

1972 2056 2200 2110 alienam
2228 2053 2484 2111 inhabitat
2509 2053 2883 2118 Cbananmam,
2912 2054 3036 2123 quia
3057 2053 3198 2107 illam
3222 2051 3568 2121 Exspectata:

1974 2147 2221 2201 ciuitatem
2237 2187 2250 2211 ,
2282 2146 2431 2216 cujus
2456 2147 2629 2216 apifea:
2653 2154 2698 2200 et
2722 2144 2954 2199 conditor
2977 2152 3051 2198 est
3076 2142 3215 2198 Deus
3242 2142 3450 2216 (Hebr.
3476 2144 3561 2197 Η.

1977 2238 2099 2308 10).
2126 2236 2181 2294 Si
2211 2238 2371 2309 igitur
2399 2236 2723 2293 voluerimus
2746 2235 2947 2305 justum
2974 2235 3116 2291 hunc
3136 2235 3357 2301 imitari,
3387 2242 3448 2291 et
3472 2250 3569 2289 nos

1978 2330 2032 2385 in
2056 2331 2198 2385 illam
2225 2342 2604 2395 occurremus,
2644 2335 2699 2383 et
2740 2327 2791 2382 in
2835 2327 3013 2382 sinum
3036 2326 3358 2398 patriarcha
3386 2326 3570 2382 venie-

1978 2438 2118 2479 mus.
2146 2422 2379 2494 Operum
2410 2422 2551 2478 enim
2580 2420 2889 2477 communio
2925 2420 3084 2475 etiam
3127 2418 3400 2475 lruitionis
3427 2434 3571 2475 com-

1979 2516 2287 2573 munionem
2317 2523 2555 2587 praestat.
2606 2512 2804 2569 Verum
2848 2514 2893 2569 si
2921 2512 3125 2584 placet,
3169 2512 3462 2568 redeamus
3509 2513 3570 2567 ad

1980 2607 2248 2666 sermonis
2275 2608 2470 2663 seriem
2495 2646 2512 2671 ,
2559 2616 2611 2662 et
2653 2605 2926 2661 videamus
2957 2613 3078 2675 post
3121 2603 3299 2661 Sarra:
3340 2614 3570 2661 mortem

1981 2710 2231 2773 quantam
2268 2699 2445 2770 justus
2467 2714 2649 2755 curam
2673 2698 2782 2770 agit
2809 2697 2942 2764 lilii,
2989 2697 3155 2752 lsaaci
3195 2697 3339 2752 dico.
3374 2696 3572 2751 Audia-

1983 2811 2100 2850 mus
2117 2795 2275 2866 igitur
2291 2794 2525 2849 diviuam
2554 2792 2882 2863 Scripturam
2904 2790 3059 2846 nobis
3081 2798 3415 2845 narrantem.
3439 2790 3491 2845 ί.
3515 2789 3575 2843 Et

1982 2888 2237 2943 Abraham
2262 2896 2369 2941 erat
2394 2902 2546 2941 aenea:
2565 2928 2578 2952 ,
2606 2894 2866 2957 provectus
2893 2884 3085 2938 diebus.
3116 2882 3184 2937 Et
3207 2880 3468 2937 Dominus
3497 2884 3572 2937 be-

1985 2983 2176 3039 nedixit
2199 2981 2457 3036 Abraham
2481 2997 2568 3051 per
2587 2979 2758 3034 omnia
2785 2977 2946 3047 (Cap.
2975 2976 3047 3031 24
3066 2978 3104 3044 ).
3129 2975 3307 3044 Quare
3331 2974 3453 3030 haec
3479 2991 3573 3030 nn:-

1988 3077 2069 3133 bis
2097 3073 2387 3148 assignavit
2424 3072 2739 3143 Scriptura?
2785 3071 2917 3139 Quia
2948 3068 3246 3141 patriarcha
3292 3070 3577 3141 diligentes

1986 3178 2271 3224 curaturus
2310 3175 2426 3222 erat
2463 3175 2519 3221 ut
2549 3180 2742 3235 sponsa
2793 3163 2975 3219 ls::aco
3015 3160 3371 3216 adduceretur
3394 3200 3411 3225 ,
3461 3160 3577 3213 ideo

1987 3259 2140 3315 nobis
2163 3259 2283 3329 ejus
2306 3267 2517 3313 :etatem
2561 3255 2864 3326 assignavit.
2905 3252 3127 3321 Quando
3154 3250 3298 3307 enim
3321 3293 3335 3316 ,
3366 3250 3539 3321 inquit
3559 3292 3572 3312 .

1989 3352 2053 3408 ad
2081 3362 2378 3409 extremam
2406 3358 2735 3407 senectutem
2765 3347 3031 3417 pervenit,
3061 3345 3247 3400 volens
3275 3342 3523 3397 lsaacum
3547 3358 3573 3394 a

1989 3445 2411 3502 Chananmorum
2442 3440 2757 3513 cognatione
2794 3446 3039 3493 avertere
3061 3478 3076 3503 ,
3111 3446 3168 3491 ut
3193 3451 3260 3490 ne
3290 3435 3417 3489 inde
3446 3450 3576 3488 uxo-

1992 3555 2104 3596 rem
2136 3538 2393 3601 duceret,
2438 3542 2627 3590 vocato
2650 3575 2665 3599 ,
2712 3532 2921 3602 inquit,
2963 3529 3157 3584 famulo
3187 3528 3572 3599 prudentiore,

1992 3628 2331 3687 commendat
2354 3627 2403 3683 ei
2433 3627 2702 3697 negotium
2748 3623 2850 3679 hoc
2874 3665 2889 3689 ,
2930 3630 2983 3678 et
3008 3620 3137 3676 dicit
3166 3639 3179 3675 :
3206 3620 3262 3675 2.
3300 3618 3448 3673 Pone
3476 3635 3578 3672 mo-

1994 3740 2115 3779 num
2152 3732 2288 3776 luant
2324 3719 2492 3775 subter
2512 3722 2677 3790 rentur
2702 3733 2886 3770 meum.
2932 3713 3132 3785 Lingua
3175 3712 3359 3768 Grmca
3388 3707 3577 3777 habet,

1993 3816 2160 3872 subter
2184 3818 2349 3888 femur
2368 3812 2532 3869 meum
2560 3814 2627 3885 (α
2653 3814 2670 3884 )
2695 3822 2711 3866 ξ
2743 3810 2997 3866 llebraica
3023 3822 3149 3863 vero
3168 3849 3182 3873 ,
3215 3806 3411 3862 Subter
3449 3806 3576 3859 litas-

1995 3911 2131 3965 bum.
2164 3909 2234 3965 Et
2257 3923 2421 3979 quare
2450 3907 2528 3963 sic
2552 3905 2718 3961 dicit?
2738 3904 2851 3959 Mos
2876 3903 2962 3957 ille
2989 3910 3229 3956 veterum
3251 3908 3392 3954 erat.
3416 3899 3579 3953 Aliter

1995 4012 2170 4057 autem
2201 4000 2434 4066 dixeris,
2480 3999 2605 4069 quia
2646 3997 2770 4051 hinc
2815 3992 3127 4065 principium
3169 3990 3394 4059 originis
3440 3988 3578 4042 Isaac

1996 4095 2240 4151 duxerat.
2271 4093 2341 4149 Et
2366 4102 2424 4147 ut
2447 4091 2621 4148 discas
2648 4088 2749 4144 hoc
2779 4096 2907 4142 tunc
2938 4086 2989 4140 in
3015 4100 3164 4140 more
3190 4082 3383 4149 fuisse,
3408 4082 3577 4137 anim—

1996 4189 2213 4244 adverte
2254 4187 2401 4242 illum
2432 4186 2698 4255 imperare
2745 4188 2803 4236 ut
2839 4193 3054 4235 manum
3092 4177 3181 4232 ille
3220 4191 3287 4232 eo
3331 4176 3461 4230 loco
3496 4189 3581 4244 po-

1997 4292 2109 4348 nat,
2141 4291 2194 4337 et
2226 4279 2406 4335 statim
2432 4277 2725 4348 adjungere
2752 4292 2765 4329 :
2792 4274 2847 4328 3.
2887 4270 2954 4325 Et
2980 4269 3261 4341 adjurabo,
3302 4268 3513 4338 inquit,
3540 4279 3582 4319 te

1998 4394 2089 4448 per
2109 4374 2384 4430 Dominum
2404 4369 2570 4427 Deum
2596 4368 2707 4423 cali
2726 4375 2771 4423 et
2792 4365 2954 4420 Deum
2980 4374 3143 4418 terra.
3165 4360 3297 4416 Vide
3313 4358 3581 4431 quomodo

1997 4471 2155 4527 docet
2194 4466 2446 4523 famulum
2487 4462 2556 4519 ad
2582 4457 3011 4532 cognoscendum
3042 4454 3413 4509 universorum
3439 4451 3578 4506 C0"-

1997 4565 2249 4621 ditorem.
2302 4557 2436 4615 Nam
2476 4556 2565 4627 qui
2594 4553 2767 4620 dixit,
2799 4550 2961 4605 Deum
2997 4547 3109 4602 εωιὶ
3133 4553 3177 4600 et
3208 4544 3369 4598 Deum
3407 4553 3577 4607 terra,

1997 4672 2213 4713 omnem
2240 4661 2539 4711 creaturam
2567 4643 2993 4718 comprehendit.
3026 4642 3092 4696 Et
3117 4637 3257 4711 quod
3286 4636 3418 4692 illud
3440 4638 3582 4705 jura-

1998 4759 2238 4808 mentum
2268 4745 2423 4804 erat?
2457 4742 2527 4800 Ut
2554 4758 2655 4796 non
2684 4738 2904 4810 accipias
2934 4750 3141 4790 uxorem
3160 4731 3266 4802 ﬁlio
3295 4746 3407 4784 meo
3436 4727 3580 4782 Isaac

1999 4844 2062 4899 de
2080 4842 2282 4914 ﬁliabus
2310 4838 2734 4894 Chananaeorum,
2759 4830 2890 4885 inter
2916 4842 3041 4899 quos
3066 4842 3157 4897 e90
3182 4824 3353 4877 habito
3372 4839 3393 4877 :
3423 4824 3481 4877 4.
3499 4822 3579 4875 sed

2000 4938 2055 4992 in
2074 4945 2258 4991 terram
2280 4946 2467 4996 meam,
2492 4928 2547 4982 in
2565 4942 2664 4998 qua
2692 4931 2841 4978 natus
2860 4936 2996 4987 sunt,
3014 4918 3130 4985 ibis,
3160 4926 3207 4971 et
3230 4916 3298 4968 ad
3318 4915 3574 4985 coynalio-

2060 5124 2134 5188 (α)
2168 5124 2223 5175 ln
2254 5121 2470 5188 Hebraeo
2491 5120 2683 5188 legitur
2700 5115 2988 5188 ’Βῆ-,ΠΠῆ
3015 5113 3164 5188 ,(ιυΐοό
3187 5112 3417 5188 [vertitur
3438 5110 3576 5188 ,λεῲ

1994 5175 2181 5253 femore
2229 5199 2355 5253 meo.
2398 5186 2487 5253 At_
2515 5175 2758 5253 Diodorus
2796 5178 3073 5253 Tarsensis"
3094 5178 3145 5224 in
3185 5175 3383 5253 C'atenis
3409 5188 3423 5253 ξ
3450 5175 3577 5253 τρέε

1997 5238 2113 5314 ἔασι
2135 5248 2493 5315 τῂν-Σύρονμκᾳὶ
2520 5248 2611 5315 κτὸν
2656 5241 2879 5315 Ἑϐραῖον
2915 5240 3191 5315 pingue.
3209 5238 3339 5315 ipsis.
3368 5238 3577 5315 71:6,.

2144 5312 2245 5375 εῖρά
2268 5298 2357 5359 dou
2383 5310 2462 5357 ἐπὶ
2484 5308 2567 5358 τὸν
2591 5298 2871 5372 μηρὸν’μυυ·
2906 5298 3009 5350 ἄλλ’
3035 5304 3115 5357 Εἰς
3134 5298 3255 5380 pirro
3280 5298 3575 5375 16.1295016-

1997 5392 2078 5424 vov
2101 5330 2302 5437 ἐργανρν
2326 5387 2338 5397 ’
2358 5372 2528 5437 ἐπειξή
2555 5376 2639 5437 τῇς
2671 5368 2956 5437 διᾳροχῆςηή
2988 5364 3180 5437 εὖλογιᾳ
3207 5360 3575 5437 ἰὸιᾳιζξςῖειξξθξι

1997 5392 2078 5424 νον
2101 5381 2302 5437 ὄργανον
2326 5387 2338 5397 '
2364 5381 2528 5428 ἐπειΰή
2555 5381 2639 5429 τῆς
2671 5381 2896 5427 διαδοχῆς
2924 5381 2956 5419 η
2988 5381 3180 5427 ευΑογια
3210 5381 3267 5409 το
3307 5381 3575 5415 augurum

1998 5439 2083 5488 καὶ
2107 5435 2440 5491 πληθύνεσθαι.
2473 5431 2683 5491 Quidam
2708 5429 2875 5479 dicunt
2899 5429 3086 5491 Syrum
3119 5431 3165 5477 et
3200 5421 3467 5491 Ηιὺτωωζι
3493 5433 3579 5468 non

2000 5484 2079 5548 ita,
2116 5484 2575 5561 habere,_nentpe,
2612 5505 2742 5561 pone
2782 5484 2988 5561 manuni
3022 5496 3176 5559 tuam.
3208 5497 3361 5561 super
3384 5484 3577 5561 hiemant

2002 5573 2168 5623 meum
2211 5574 2223 5608 ε
2269 5552 2388 5617 sed.
2421 5552 2577 5623 ειέρθΐ
2613 5552 2783 5623 ips“!!!
2819 5552 3107 5623 ,Ρτοηίὲσιιηι
3162 5552 3572 5623 ίηῆινυκωὲηὲνῗὲ

2002 5608 2231 5688 ciuilium
2267 5608 2589 5688 άκάωίρνιίι
2920 5613 2987 5665 αα
3017 5609 3403 5688 εῐεξοεὲτάὲηὲἐ

2004 5668 2286 5748 imiimi";
2297 5668 2581 5747 spectabat.
2603 5668 2816 5748 vulgata
2841 5685 3006 5748 tamen
3046 5674 3213 5748 habet,
3243 5670 3403 5723 subter
3430 5668 3574 5732 femur

2006 5738 2183 5807 meum,
2210 5738 2358 5809 atque
2387 5748 2454 5797 ita
2479 5750 2678 5795 vertere
2701 5738 2868 5792 solent
2904 5738 3277 5791 Hebraizantes.
