3792 6326
142 381 241 435 855

139 497 443 564 μνημείοις
470 496 637 566 ἡμῶν
675 496 872 567 θάψον
897 497 1004 551 τὸν
1026 497 1242 565 νεκρόν
1271 512 1387 550 σου
1410 514 1425 530 ·
1454 495 1654 563 οὐδεὶς
1700 495 1812 565 γὰρ

143 581 309 649 ἡμῶν
337 585 410 636 οὐ
437 584 524 653 μὴ
570 586 817 653 κωλύσῃ
857 584 924 638 τὸ
957 583 1253 655 μνημεῖον
1283 582 1472 638 αὑτοῦ
1511 583 1632 637 ἀπὸ
1672 581 1812 636 σοῦ.

156 669 289 723 Ἀλλ’
314 673 416 743 ὅρα
434 674 526 727 τὸν
558 674 786 738 δίκαιον,
828 675 976 737 ὅπως
1008 675 1295 738 κάκείνους
1344 673 1587 727 παιδεύει
1618 672 1685 726 δι’
1717 672 1815 725 αὐ-

144 760 249 812 τῶν
273 762 384 814 τῶν
406 762 584 833 ἔργων
603 765 701 833 τὴν
731 763 933 817 οἰκείαν
961 762 1298 833 φιλοσοφίαν,
1330 762 1426 816 καὶ
1451 761 1512 814 οὐ
1548 761 1814 832 πρότερον

143 848 391 918 ἀνέχεται
424 849 607 904 λαϐεῖν
633 850 693 904 τὸ
724 854 1004 922 μνημεῖον,
1029 852 1159 921 πρὶν
1186 850 1251 904 ἂν
1278 849 1377 916 τὴν
1406 848 1620 903 δικαίαν
1644 860 1812 902 κατα·

144 934 314 1008 ϐάλλῃ
342 938 531 1008 τιμήν.
586 938 648 992 Εἰ
670 937 780 1009 γὰρ
807 939 899 991 καὶ
941 938 1120 1009 ὑμεῖς,
1159 937 1343 1007 φησὶν,
1370 935 1513 990 οὔτω
1556 936 1685 1007 περί
1715 933 1816 1005 ἐμὲ

148 1024 482 1095 εὐγνώμονες
497 1026 780 1095 γεγόνατε,
812 1026 927 1080 ἀλλ’
951 1024 1060 1095 ἐγὼ
1082 1025 1180 1079 οὐκ
1207 1024 1491 1095 ἀνέξομαι,
1513 1024 1561 1077 εἰ
1589 1022 1663 1094 μὴ
1685 1020 1819 1093 πρό-

145 1132 297 1188 τερον
316 1118 416 1189 τὴν
437 1117 662 1172 δέουσαν
685 1116 849 1189 τιμὴν
869 1115 1281 1186 καταϐάλλοιμι,
1299 1112 1481 1168 λαϐὼν
1510 1113 1641 1181 παρ’
1665 1113 1694 1165 ὐ
1702 1110 1819 1184 μῶν

146 1205 205 1257 τὸ
245 1206 529 1275 μνημεῖον.
582 1205 695 1257 Kal
735 1203 880 1268 δοὺς,
917 1205 1070 1275 φησι,
1121 1202 1184 1256 τὸ
1235 1199 1524 1273 ἀργύριον,
1567 1198 1726 1253 ἔλαϐε
1758 1199 1820 1252 τὸ

151 1293 414 1361 μνημεῖον
438 1306 454 1323 ο
489 1303 517 1332 ι
553 1291 652 1346 καὶ
733 1288 926 1360 ἔθαψε
946 1289 1182 1359 Σάρραν
1211 1289 1327 1358 τὴν
1346 1288 1605 1359 γυναῖκα
1632 1288 1820 1342 αὐτοῦ

146 1380 216 1432 ὲν
246 1378 328 1444 τῷ
358 1380 640 1448 σπηλαίῳ
684 1378 791 1434 τοῦ
838 1378 1023 1448 ἀγροῦ
1055 1375 1137 1443 τῷ
1178 1375 1391 1442 διπλῷ,
1428 1375 1461 1431 ὅ
1496 1376 1669 1431 ἐστιν
1704 1376 1821 1431 ἀπ-

147 1466 345 1520 έναντι
364 1466 635 1536 Μαμϐρῆ.
652 1468 761 1520 Kal
786 1467 816 1518 δ
835 1465 977 1519 οὕτω
1006 1462 1309 1537 περιφανὴς
1325 1463 1416 1517 καὶ
1438 1461 1819 1533 περίϐλεπτος,

152 1554 246 1607 καὶ
268 1554 541 1625 τοσαύτην
576 1553 889 1627 παρρησίαν
917 1552 1070 1624 παρὰ
1103 1550 1184 1622 τῷ
1220 1548 1339 1621 Θεῷ
1362 1549 1522 1621 ἔχων,
1552 1549 1647 1603 καὶ
1671 1548 1822 1621 παρὰ

151 1641 386 1706 πάντων,
412 1641 489 1705 ώς
509 1642 703 1707 εἰπεῖν,
718 1640 827 1695 τῶν
853 1639 1043 1694 αὐτόθι
1057 1638 1326 1708 τοσαύτης
1346 1635 1638 1691 ἀπολαύων
1660 1634 1822 1706 θερα-

151 1729 326 1794 πείας,
359 1728 435 1793 ώς
470 1729 565 1782 καί
592 1730 718 1792 τοὺς
749 1728 902 1792 υἱοὺς
926 1727 1036 1781 Χέτ
1071 1726 1293 1797 βασιλέα
1325 1724 1487 1780 αὐτὸν
1513 1722 1820 1793 ὀνομάζειν,

148 1818 283 1872 οὐδὲ
311 1817 467 1889 βῆμα
514 1816 672 1881 ποδὸς
708 1816 992 1888 ἐκέκτητο.
1031 1815 1131 1869 Διά
1171 1814 1328 1869 τοῦτο
1364 1813 1458 1867 καὶ
1486 1813 1516 1865 δ
1553 1812 1825 1883 μακάριος

150 1905 359 1970 Παῦλος
409 1904 801 1978 ἀνακηρύττων
847 1904 943 1958 τοῦ
984 1902 1194 1957 δικαίου
1244 1901 1436 1955 τούτου
1468 1899 1567 1972 τὴν
1602 1898 1823 1970 ἀρετὴν,

148 1995 373 2067 γράφων
406 1992 592 2062 ἔλεγε·
643 1994 853 2047 Πίστει
895 1991 1258 2062 παρῴκησεν
1309 1987 1556 2059 Ἀϐραὰμ
1592 1990 1680 2053 εις
1712 1986 1828 2054 τὴν

148 2080 264 2153 γῆν
316 2080 425 2150 τῆς
477 2081 862 2151 ἐπαγγελίας,
919 2080 999 2147 ώς
1052 2077 1402 2147 ἀλλοτρίαν,
1454 2075 1524 2129 ὲν
1566 2073 1827 2142 σκηναῖς

147 2169 519 2236 κατοικήσας
550 2168 703 2239 μετὰ
767 2169 975 2224 Ἰσαὰκ
1024 2166 1124 2220 καὶ
1175 2164 1376 2221 Ἰακὼϐ
1404 2162 1524 2217 τῶν
1555 2165 1829 2232 συγκλη-

142 2258 417 2328 parde
446 2256 557 2325 τῆς
598 2256 960 2327 ἐπαγγελίας
1004 2253 1117 2324 τῆς
1156 2253 1367 2323 αὐτῆς.
1405 2248 1538 2306 Είτα
1559 2250 1828 2305 διδάσκων

144 2350 294 2418 ημᾶς
318 2346 435 2411 πῶς
466 2347 647 2399 πίστει
695 2344 1044 2417 παρῴκησεν,
1105 2343 1387 2412 ἐπήγαγεν
1410 2356 1426 2372 θ
1481 2338 1829 2408 Ἐξεδέχετο

142 2437 259 2506 τὰρ
293 2434 410 2503 τὴν
433 2434 575 2501 τοὺς
592 2434 903 2504 θεμελίους
932 2433 1205 2501 ἔχουσαν
1231 2423 1523 2499 πόλιν,ἧς
1551 2427 1830 2496 τεχνίτης

142 2526 246 2578 καὶ
277 2522 638 2593 δημιουργὸς
660 2526 691 2576 ό
710 2522 872 2587 Θεός.
902 2520 980 2592 Τῇ
1008 2519 1204 2583 ἐλπίδι,
1228 2518 1381 2590 φησί,
1400 2517 1507 2570 τῶν
1527 2515 1830 2587 μελλόντων

138 2612 440 2687 ,ὑπερεώρα
466 2611 571 2665 τῶν
606 2609 911 2682 παρόντων,
945 2608 1038 2661 xal
1064 2608 1131 2679 τῇ
1164 2604 1462 2677 προσδοκία
1505 2603 1612 2657 τῶν
1650 2599 1830 2673 μειζό-

142 2720 256 2755 νων
281 2700 502 2753 ἔλαττον
542 2696 825 2772 ἐφρόντιζε
852 2696 1058 2751 τούτων
1083 2696 1193 2749 τῶν
1222 2696 1280 2747 ἐν
1307 2693 1384 2764 τῷ
1431 2692 1662 2762 παρόντι
1685 2689 1787 2761 βίῳ
1812 2704 1826 2717 ⁸

144 2792 247 2844 καὶ
278 2790 454 2843 ταῦτα
491 2790 598 2859 πρὸ
625 2786 721 2841 τοῦ
756 2787 942 2858 νόμου,
984 2785 1078 2839 καὶ
1122 2784 1229 2855 πρὸ
1256 2782 1356 2853 τῆς
1382 2781 1627 2853 χάριτος.
1664 2778 1831 2831 Ποίαν

142 2876 247 2933 οὖν
272 2877 469 2949 ἕξομεν
495 2878 658 2948 ήμεῖς
690 2873 1009 2943 ἀπολογίαν,
1041 2873 1162 2925 εἰπέ
1188 2887 1298 2941 μοι,
1317 2870 1366 2923 οἱ
1396 2870 1536 2940 μετά
1563 2864 1832 2929 τοσαύτας

144 2966 490 3036 ἐπαγγελίας
518 2965 614 3021 ιαὶ
637 2964 737 3028 τὰς
752 2962 1078 3035 ὑποσχέσεις
1105 2960 1215 3014 τῶν
1248 2958 1578 3031 ἀπορρήτων
1603 2954 1832 3024 ἀγαθῶν

144 3057 293 3129 πρὸς
332 3056 402 3110 τα
436 3053 681 3124 παρόντα
715 3052 1062 3122 ἐπτοημένοι,
1118 3049 1213 3103 καὶ
1260 3046 1558 3117 ὠνούμενοι
1605 3044 1829 3129 ἀγροὺς,

144 3128 251 3197 καὶ
305 3139 585 3211 πανταχοῦ
642 3138 1031 3209 φαιδρύνεσθαι
1080 3134 1505 3199 σπουδάζοντες,
1570 3133 1665 3185 καί
1726 3128 1834 3186 ἀπὸ

148 3228 477 3295 πλεονεξίας
511 3227 605 3282 καὶ
640 3225 898 3300 ἁρπαγῆς
956 3223 1130 3278 ταῦτα
1182 3221 1398 3276 ἅπαντα
1453 3218 1829 3287 συλλέγοντες,

150 3321 255 3375 καί.
271 3320 412 3390 ὅπερ
438 3320 467 3372 δ
496 3316 763 3389 μακάριος
791 3313 1080 3385 προφήτης
1106 3309 1320 3382 θρηνῶν
1349 3308 1525 3378 ἐλεγε,
1565 3307 1724 3362 τοῦτο
1748 3306 1837 3360 διὰ

147 3407 268 3461 τῶν
300 3407 480 3478 ἔργων
518 3401 879 3475 πληροῦντεςυ
920 3400 1064 3454 Οὐαὶ
1109 3401 1163 3452 οἱ
1197 3395 1620 3462 συνάπτοντες
1641 3394 1839 3449 οὶκίαν

144 3496 310 3566 ,πρὸς
337 3494 555 3560 οὶκίαν,
601 3491 701 3545 καὶ
745 3487 932 3560 ἀγρὸν
990 3486 1136 3556 πρὸς
1166 3482 1353 3556 ἀγρὸν
1371 3483 1717 3554 ἐγγίζοντες.
1738 3482 1839 3535 ἵνα

145 3583 266 3637 τοῦ
296 3580 570 3648 πλησίον
617 3574 961 3647 ἀφέλωνταί
989 3588 1079 3637 τις
1115 3574 1185 3626 Ἢ
1213 3572 1335 3643 οὐχί
1358 3570 1532 3625 ταῦτα
1558 3571 1680 3624 καθ’
1707 3570 1838 3624 ἐκά-

148 3688 295 3744 στην
319 3668 535 3741 ἡμέραν
593 3666 812 3739 δρῶμεν
844 3665 1127 3733 γινόμενα,
1171 3663 1266 3714 καί
1305 3662 1482 3733 χήρας
1518 3659 1617 3731 μὲν
1658 3658 1838 3729 ἁρπα-

146 3759 418 3830 ζομένας,
453 3755 725 3828 ὀρφανοὺς
760 3752 819 3806 δέ
862 3747 1287 3821 ἀποδυομένους.
1318 3747 1557 3811 καὶτοὺς
1588 3746 1840 3810 ἀσθενεῖς

148 3846 270 3899 ὑπὸ
318 3843 427 3898 τῶν
477 3839 861 3911 δυνατωτέρων
905 3836 1299 3906 πιεζομένουςς
1347 3832 1486 3886 Ἀλλ’
1529 3833 1628 3903 οὐχ
1668 3831 1839 3897 οὕτως

146 3937 178 3989 ὁ
204 3932 422 3994 δίκαιος
444 3924 622 3993 οὗτοςο
649 3925 785 3982 ἀ).λά
802 3925 897 3980 καὶ
920 3926 1182 3995 μνημεῖον
1204 3919 1519 3992 ὠνήσασθαι
1537 3919 1838 3993 βουληθεὶς,

146 4020 356 4092 ἐπειδὴ
385 4014 522 4072 εἶδεν
549 4016 801 4088 ἑτοίμους
833 4012 1102 4068 διαδοῦναι
1135 4010 1495 4082 βουλομένους
1529 4009 1657 4073 τοὺς
1682 4010 1839 4078 αἰτη-

148 4111 381 4173 θέντας,
412 4107 474 4161 οὐ
503 4103 767 4179 πρότερον
795 4103 1077 4173 ⁴ήνέσχετο,
1096 4100 1225 4171 πρὶν
1258 4099 1290 4169 ἢ
1319 4100 1418 4169 τὴν
1462 4097 1677 4151 δικαίαν
1706 4113 1841 4149 κατ-

149 4197 324 4254 έϐαλε
356 4197 543 4266 τιμήν.
570 4193 747 4263 "Amp
778 4189 1105 4252 ἐννοοῦντες,
1142 4187 1438 4259 ἀγαπητοὶ,
1474 4182 1844 4258 μιμησώμεθα

151 4291 205 4343 οἰ
242 4289 307 4341 ἐν
332 4287 401 4357 τῇ
423 4284 606 4355 χάριτι
636 4281 727 4334 τὸν
757 4278 865 4351 πρὸ
882 4276 976 4331 τοῦ
1003 4278 1190 4349 νόμου,
1223 4276 1318 4347 καὶ
1352 4275 1427 4347 μὴ
1453 4276 1584 4346 περί
1608 4273 1706 4344 τὴν
1736 4273 1844 4325 τῶν

154 4374 435 4429 πλειόνων
486 4368 785 4441 ἐπιθυμίαν
828 4365 1199 4439 ἐκκαιόμενοι,
1252 4364 1436 4436 μεῖζον
1490 4365 1704 4427 ἑαυτοῖς
1753 4363 1846 4417 καὶ

154 4463 533 4537 σφοδρότερον
590 4456 1015 4531 ἐπισωρεύωμεν
1071 4456 1134 4509 τὸ
1181 4454 1295 4526 πῦρ
1336 4454 1396 4507 τὸ
1438 4452 1721 4518 ἄσϐεστον,
1747 4452 1846 4522 τὴν

153 4552 346 4623 φλόγα
374 4549 471 4621 τὴν
508 4547 803 4619 ἀφόρητον.
846 4542 1219 4615 Ἀκουσόμεθα
1253 4542 1384 4612 γὰρ,
1416 4542 1463 4594 εἰ
1489 4540 1846 4611 ἐπιμένοιμεν

153 4644 290 4705 ταῖς
333 4637 610 4700 τοιαύταις
642 4637 917 4709 ἁρπαγαῖς
960 4634 1056 4687 καί
1091 4630 1448 4697 πλεονεξίαις,
1484 4630 1552 4683 τὰ
1586 4629 1723 4700 πρὸς
1756 4630 1847 4683 τὸν

156 4728 429 4785 πλούσιον
453 4726 658 4780 ἐκεῖνον
691 4722 955 4795 εἰρημένα
1034 4722 1282 4790 Ἀφρον,
1332 4718 1516 4785 ταύτῃ
1560 4715 1633 4786 τῇ
1676 4715 1850 4770 νυκτὶ

154 4837 188 4872 τ
202 4818 289 4886 ὴν
303 4819 393 4885 ψυ
398 4814 517 4884 χήν
544 4828 661 4867 σου
674 4808 1030 4865 ἐπαιτοῦσιν
1048 4808 1166 4864 ἀπὸ
1180 4807 1297 4862 σοῦ
1313 4823 1326 4836 ⁶
1351 4805 1390 4861 ἂ
1412 4805 1480 4859 δὲ
1495 4806 1846 4876 ἡτοίμασας,

154 4910 293 4961 τίνι
324 4904 537 4966 ἑσται;
566 4899 722 4964 Τίνος
751 4897 861 4969 γὰρ
886 4898 1093 4963 ἕνεκεν,
1133 4896 1405 4966 ἀγαπητὲ,
1453 4893 1687 4948 τοσαῦτα
1727 4894 1851 4947 συλ-

153 4997 355 5063 λέγειν
406 4989 750 5055 σπουδάζεις,
780 4987 923 5059 ἆπερ
951 4990 1067 5060 μετ’
1093 4988 1154 5041 οὐ
1183 4986 1316 5041 πολὺ
1354 4985 1565 5057 μέλλων
1603 4985 1851 5040 ἐντεῦθεν

155 5083 330 5160 [482]
352 5078 776 5151 ἀφαρπάζεσθαι
796 5076 1141 5146 καταλείψεις
1162 5074 1414 5139 ἐνταῦθα,
1434 5076 1495 5129 οὐ
1515 5075 1672 5145 μόνον
1700 5075 1851 5128 οὐδὲν

154 5176 267 5230 ἀπ’
305 5170 489 5224 αὐτῶν
532 5166 930 5239 καρπώσασθαι
952 5164 1220 5235 δυνηθεὶς,
1249 5163 1385 5217 ἀλλά
1415 5163 1510 5217 καὶ
1541 5164 1603 5217 τὸ
1632 5164 1851 5235 φορτίον

156 5263 289 5317 τῶν
315 5259 732 5331 ἁμαρτημάτων
762 5253 856 5308 ἐπὶ
876 5252 985 5307 τῶν
1001 5251 1218 5305 οἰκείων
1246 5251 1412 5323 ὤμων
1432 5251 1849 5322 ἐπιφερόμενος,

157 5351 271 5408 καὶ
298 5348 560 5419 ἄπρακτα
598 5342 784 5396 λοιπὸν
817 5339 1242 5413 μεταγινώσκων
1273 5356 1288 5405 ;
1331 5340 1442 5393 Kal
1474 5340 1542 5392 τὰ
1577 5339 1676 5411 μὲν
1703 5340 1851 5412 παρὰ

158 5438 273 5496 σοῦ
328 5434 469 5509 μετά
519 5430 837 5498 πλεονεξίας
867 5429 1195 5498 συλλεγέντα
1226 5428 1485 5492 πολλάκις
1523 5430 1617 5482 καί
1647 5430 1728 5493 εἰς
1755 5429 1853 5492 τὰς

155 5529 288 5584 τῶν
315 5522 528 5596 ἐχθρῶν
557 5521 743 5591 χεῖρας
771 5517 1054 5570 ἐλεύσεται
1078 5531 1093 5548 ⁸
1120 5515 1280 5580 αὐτὸς
1304 5515 1360 5569 δὲ
1387 5516 1487 5589 τὴν
1522 5516 1616 5569 ἐπὶ
1641 5516 1854 5581 τούτοις

152 5620 335 5686 δίκην
362 5609 739 5680 άπαιτηθήσῃ.
796 5606 963 5669 Ποίας
1003 5601 1096 5659 οὖν
1132 5606 1232 5658 οὐκ
1265 5605 1330 5658 ἂν
1360 5605 1444 5675 εἴη
1485 5603 1645 5657 τοῦτο
1676 5622 1856 5677 παρα-

154 5701 480 5777 φροσύνης,
506 5696 569 5748 τὸ
588 5694 792 5766 ἑτέροις
830 5692 1128 5759 πονεῖσθαι,
1164 5690 1258 5746 καὶ
1290 5691 1451 5755 αὐτὸς
1476 5691 1572 5762 τὴν
1600 5691 1694 5745 ὲπί
1735 5693 1856 5746 τού-

154 5812 226 5847 το
236 5809 288 5854 ;ς
315 5789 475 5857 δίκην
504 5783 703 5839 διδόναι
723 5799 739 5849 ;

231 5900 263 5930 ⁸
297 5896 355 5944 In
378 5890 501 5941 edit.
547 5889 722 5940 Morel.
765 5889 846 5937 hic
883 5889 1013 5937 male
1038 5889 1225 5949 positus
1267 5886 1428 5935 fuerat
1468 5888 1737 5936 versiculus
1763 5889 1849 5938 ille

153 5966 368 6028 νήπιος
394 5968 501 6028 τερ..
608 5950 819 6025 Genesi?
846 5951 1061 6028 ζ’ἐγένετο
1177 5950 1394 6028 malui,
1415 5949 1513 6028 (cui!
1539 5949 1716 6028 Σάῤῥας
1737 5952 1843 5999 έκάο

153 6010 250 6077 ιἴον
290 6010 593 6071 εἰκοσιεπτὰ
613 6016 713 6073 ἐτη,
734 6013 812 6061 καὶ
854 6013 1067 6061 ἀπέθανε.
1094 6014 1250 6061 Secus
1274 6010 1458 6060 habent
1483 6010 1706 6062 Smillet
1729 6026 1845 6064 mss.

1274 380 1341 436 ΙΝ
1376 381 1527 437 CAP.
1562 379 1732 435 XXIV
1766 380 2007 436 GENES.
2054 378 2283 438 HOMIL.
2322 376 2550 436 XLVIII-

3482 378 3589 431 07,6

1989 498 2053 569 β’.
2083 496 2221 550 Ἀλλ’
2246 499 2293 550 εί
2310 498 2405 551 καί
2425 496 2689 567 πρότερον
2704 492 2846 548 οὓτω
2862 493 2927 547 τὰ
2945 492 3062 547 καθ’
3080 494 3307 557 ἐαυτους
3331 492 3587 565 ῥαθύμως

1914 588 2266 658 διεθήκαμεν,
2324 587 2418 642 νῦν
2459 586 2589 655 γοῦν
2640 586 2702 639 τδ
2739 586 2858 639 δέον
2901 584 3338 655 βουλευσώμεθα,
3385 584 3479 637 καί
3514 584 3587 653 μὴ

1914 678 2102 742 ἁπλῶς
2124 678 2551 748 περιϐάλλεσθαι
2583 676 2972 746 σπουδάζωμεν
3002 675 3204 746 πολλὴν
3227 676 3328 747 τὴν
3352 692 3419 728 πε
3430 694 3581 747 ριου-

1921 768 2064 828 σίαν,
2100 767 2238 822 ἀλλά
2262 767 2461 838 πολλὴν
2484 767 2579 821 τοῦ
2598 766 2807 820 δικαίου
2836 765 3120 836 ποιώμεθα
3145 765 3403 836 πρόνοιαν
3456 760 3589 817 Οὐδὲ

1920 855 2029 927 γὰρ
2053 855 2215 927 μέχρι
2245 854 2340 908 τοῦ
2374 854 2639 926 παρόντος
2666 853 2924 924 στήσεται
2960 850 3028 905 τὰ
3056 851 3321 922 ἡμέτερα,
3349 850 3469 904 οὐδὲ
3497 850 3588 903 ἐπὶ

1923 945 2022 1016 τῆς
2053 944 2210 1015 ξένης
2231 942 2320 997 διὰ
2343 942 2548 1005 παντὸς
2588 940 2847 1012 ἐσόμεθα,
2892 938 3031 994 άλλά
3059 940 3178 1010 μετ’
3223 938 3286 992 οὐ
3336 937 3469 992 πολὺ
3510 937 3591 1001 εἰς

1921 1032 2020 1105 τήν
2055 1032 2263 1087 οἰκείαν
2296 1028 2638 1101 ἐπανήξομεν
2682 1028 2938 1098 πατρίδα.
2970 1026 3157 1080 Πάντα
3193 1021 3288 1079 οὖν
3325 1024 3589 1096 ποιῶμεν,

1922 1120 2062 1175 ὥστε
2117 1120 2191 1192 μὴ
2227 1120 2346 1173 ἐκεῖ
2381 1120 2438 1171 ἐν
2475 1116 2656 1188 ἐνδείᾳ
2676 1117 2824 1187 ἡμᾶς
2860 1114 3135 1184 γενέσθαι.
3168 1113 3233 1168 Τί
3261 1111 3372 1185 γὰρ
3400 1112 3593 1182 δφελος

1920 1209 1979 1263 ἐν
2016 1208 2140 1279 ξένῃ
2179 1207 2277 1279 μὲν
2306 1206 2472 1260 πολὺν
2516 1204 2609 1258 τόν
2636 1203 2865 1257 πλοῦτον
2895 1202 3236 1266 καταλιπεῖν,
3263 1201 3393 1255 ἐνδέ
3426 1204 3493 1273 τῇ
3517 1201 3595 1252 οἰο

1921 1295 2049 1367 κεία
2108 1293 2330 1364 πατρίδι
2382 1291 2516 1364 μηδέ
2566 1290 2676 1345 τῶν
2722 1289 3037 1358 ἀναγκαίων
3067 1289 3164 1359 τὴν
3198 1287 3386 1360 χρείαν
3418 1287 3593 1358 έχεινς

1922 1382 2255 1454 Σπεύσωμεν
2282 1376 2396 1445 οὖν,
2433 1377 2759 1452 παρακαλῶ,
2798 1377 2873 1440 ὡς
2903 1376 2985 1430 ἔτι
3034 1375 3243 1446 καιρὸς,
3282 1377 3376 1430 καὶ
3404 1376 3472 1429 τὰ
3502 1375 3597 1428 ἐπὶ

1923 1473 2023 1542 τῆς
2053 1470 2213 1542 ξένης
2262 1471 2377 1523 ἐκεῖ
2409 1466 2759 1539 μεταθῶμεν.
2813 1466 2887 1523 ,Εἰ
2932 1465 3041 1536 γὰρ
3088 1465 3181 1527 καὶ
3232 1464 3365 1518 πολὺ
3387 1465 3449 1517 τδ
3478 1464 3595 1517 διάο

1926 1576 2132 1634 στημα,
2158 1558 2296 1615 ἀλλὰ
2336 1558 2540 1629 σφόδρα
2581 1555 2803 1620 εὐκολος
2824 1557 2859 1625 ή
2888 1554 3238 1626 μετακομιδή.
3267 1555 3379 1607 Kal
3412 1553 3521 1624 γὰρ
3548 1555 3596 1606 οί

1928 1648 2387 1722 μετακομίζοντες
2408 1642 2636 1717 ἕτοιμοι,
2660 1646 2756 1698 καὶ
2783 1644 2920 1715 μετὰ
2937 1641 3230 1712 ἀσφαλείας
3246 1641 3426 1694 ἐκεῖσε
3448 1639 3597 1722 βαδί-

1925 1720 2130 1804 ζοντες,
2148 1738 2239 1791 καὶ
2262 1739 2321 1790 ἐν
2337 1734 2522 1807 ἀσύλῳ
2557 1732 2818 1807 θησαυρῷ
2830 1731 3212 1801 ἀποτιθέμενοι
3264 1729 3408 1801 άπερ
3443 1720 3509 1782 ἂν
3531 1728 3598 1782 δι’

1925 1827 2105 1880 αὐτῶν
2136 1822 2563 1898 προαποστεῖλαι
2610 1821 2948 1893 δυνηθῶμεν.
2983 1822 3047 1873 Αἰ
3078 1818 3186 1890 γὰρ
3208 1817 3316 1871 τῶν
3354 1820 3602 1887 πενήτων

1926 1916 2107 1985 χεῖρες
2153 1914 2233 1976 εἰς
2263 1912 2487 1982 ταμιεῖα
2528 1908 2640 1963 τῶν
2684 1906 2930 1979 οὐρανῶν
2968 1904 3318 1959 ἀποτίθενται
3365 1901 3435 1955 τά
3470 1904 3599 1971 παρ’

1927 2000 2082 2072 ήμῶν
2102 2000 2375 2072 διδόμενα.
2409 1999 2579 2052 Ὅταν
2610 1992 2703 2051 οὖν
2731 1994 2884 2067 καὶὴ
2918 1994 3138 2048 εὐκολία
3241 1990 3477 2061 τοσαύτη
3510 1992 3604 2043 καὶ

1928 2089 2221 2159 ἀσφάλεια,
2254 2088 2402 2151 τίνος
2427 2078 2616 2140 ἕνεκεν
2656 2082 3024 2155 ἀναδυόμεθα,
3048 2082 3168 2152 οὐχί
3205 2081 3263 2134 δέ
3311 2078 3450 2150 μετά
3496 2078 3603 2130 πά-

1930 2193 2030 2247 σης
2079 2173 2316 2245 σπουδῆς
2340 2173 2496 2228 τοῦτο
2535 2169 2999 2247 διαπραττόμεθα,
3030 2169 3118 2222 ἵνα
3164 2170 3279 2221 ἐκεῖ
3312 2165 3485 2220 ταῦτα
3511 2163 3603 2217 εὖ-

1931 2281 2135 2337 ρωμεν,
2172 2261 2301 2316 ἔνθα
2356 2261 2591 2333 μάλιστα
2630 2257 2812 2312 αὐτῶν
2842 2258 3154 2329 χρῄζομενς
3190 2254 3289 2307 Διά
3314 2252 3473 2307 τοῦτο
3510 2250 3607 2305 καὶ

1928 2355 1957 2405 ὁ
2002 2351 2349 2424 πατριάρχης
2392 2341 2549 2413 οὗτος
2600 2348 2677 2411 ὡς
2725 2345 3013 2417 ἀλλοτρίαν
3051 2344 3290 2413 κατῴκει
3342 2340 3441 2413 τὴν
3498 2342 3606 2393 Χα-

1930 2442 2173 2505 ναναίαν,
2235 2439 2425 2510 ἐπειδὴ
2485 2437 2702 2509 ἐκείνην
2769 2433 3036 2504 Ἐδέχετο
3078 2433 3195 2500 τὴν
3246 2433 3430 2486 πόλιν
3458 2471 3473 2495 ,
3531 2424 3607 2498 ἧς

1928 2531 2204 2599 τεχνίτης
2258 2528 2357 2582 καὶ
2411 2521 2771 2595 δημιουργὸς
2796 2527 2831 2579 ὁ
2870 2523 3034 2588 Θεός.
3067 2522 3190 2575 Ἐὰν
3214 2521 3395 2574 τοίνυν
3416 2516 3609 2589 βουλη-

1931 2617 2114 2688 θῶμεν
2148 2616 2238 2669 τδν
2293 2614 2499 2667 δίκαιον
2547 2611 2742 2665 τοῦτον
2796 2608 3163 2681 μιμήσασθαι,
3200 2608 3297 2660 καί
3325 2606 3485 2677 ἡμεῖς
3523 2604 3605 2665 εἰς

1930 2708 2147 2777 ἐκείνην
2190 2705 2602 2774 καταντήσομεν
2644 2700 2731 2765 ἂν,
2784 2700 2879 2754 καί
2930 2700 3011 2762 εἰς
3058 2700 3187 2760 τούς
3234 2696 3469 2757 κόλπους
3505 2693 3602 2745 τοῦ

1931 2796 2273 2867 πατριάρχου
2322 2791 2619 2862 φθάσομεν.
2660 2790 2724 2841 'H
2776 2790 2886 2858 γάρ
2908 2786 3163 2840 κοινωνία
3202 2784 3310 2837 τῶν
3351 2781 3603 2854 πράξεων

1932 2885 2026 2939 καὶ
2082 2884 2181 2955 τῆς
2236 2879 2589 2947 ἀπολαύσεως
2634 2876 2733 2948 τὴν
2766 2874 3055 2929 κοινωνίαν
3111 2873 3243 2944 ήμῖν
3300 2869 3601 2942 χαρίζεται.

1944 2972 2106 3037 Ἀλλ’,
2141 2972 2190 3023 εί
2229 2970 2394 3033 δοκεῖ,
2448 2964 2830 3035 ἐπανέλθωμεν
2884 2962 3070 3015 λοιπὸν
3094 2962 3186 3014 ἐπὶ
3231 2958 3329 3029 τὴν
3380 2957 3609 3011 ἀκολου-

1934 3062 2056 3117 θίαν
2093 3058 2190 3114 τοῧ
2233 3058 2393 3125 λόγου
2416 3095 2431 3119 ,
2462 3056 2556 3108 καί
2591 3054 2792 3123 ῖδωμεν
2824 3049 2962 3120 μετά
2991 3048 3081 3102 τὸν
3108 3045 3210 3118 τῆς
3244 3042 3463 3119 Σάρρας
3506 3043 3609 3097 ea-

1935 3166 2117 3213 νατον,
2148 3147 2281 3218 ὅσην
2302 3146 2330 3199 δ
2361 3143 2571 3204 δίκαιος
2600 3141 2835 3193 ποιεῖται
2868 3133 3127 3207 φροντίδα
3160 3130 3251 3186 τοῦ
3278 3131 3486 3195 παιδὸς,
3516 3131 3611 3184 τού

1947 3236 2135 3291 Ἰσαὰκ
2195 3233 2366 3302 λέγω.
2417 3227 2769 3298 Ἀκούσωμεν
2818 3225 2999 3278 τοίνυν
3045 3223 3144 3293 τῆς
3193 3220 3345 3281 θείας
3388 3218 3614 3291 Γραφῆς

1934 3323 2298 3397 διηγουμένης
2327 3321 2481 3392 ήμῖν.
2530 3316 2642 3372 Καὶ
2681 3314 2929 3383 Ἀϐραὰμ
2953 3353 2969 3379 ,
3015 3311 3178 3381 φησὶν
3198 3348 3213 3373 ,
3240 3304 3321 3381 ἦν
3355 3308 3615 3397 πρεσϐύ-

1936 3396 2142 3484 τερος,
2176 3407 2557 3480 προϐεϐηκὼς
2587 3401 2841 3474 ἡμερῶν.
2894 3397 3004 3455 Καὶ
3055 3399 3269 3466 Κύριος
3306 3396 3616 3465 ηὐλόγησε

1936 3503 2043 3560 τὸν
2080 3502 2327 3572 Ἀϐραὰμ
2367 3496 2517 3553 κατὰ
2557 3494 2778 3549 πάντα.
2820 3490 2983 3554 Τίνος
3031 3488 3219 3542 ἕνεκεν
3273 3484 3430 3539 τοῦτο
3483 3485 3618 3556 ἡμῖν

1937 3590 2370 3665 ἐπεσημήνατο;
2417 3584 2634 3655 Ἐπειδὴ
2679 3579 2863 3654 μέλλει
2909 3577 3165 3650 φροντίδα
3208 3574 3480 3628 ποιεῖσθαι
3520 3573 3615 3625 τοῦ

1950 3661 2134 3738 Ἰσαὰκ
2156 3680 2251 3733 καί⁸
2280 3676 2535 3745 σπουδὴν,
2564 3672 2705 3726 ὥστε
2734 3669 2953 3741 νύμφην
2983 3668 3132 3735 αὐτῷ
3158 3662 3484 3733 ἀγαγέσθαι,
3524 3661 3612 3714 διά

1937 3770 2097 3825 τοῦτο
2123 3768 2395 3839 ἐσήμανεν
2412 3765 2542 3834 ἡμῖν
2560 3761 2656 3833 τὴν
2683 3758 2900 3829 ἡλικίαν
2922 3754 3016 3808 τοῦ
3045 3752 3406 3823 πατριάρχου.
3426 3749 3616 3802 Ἡνίκα

1940 3862 2068 3933 γάρ,
2102 3837 2271 3929 φησί,
2308 3852 2446 3926 πρὸς
2477 3851 2703 3920 ἔσχατον
2732 3848 2909 3917 γῆρας
2944 3843 3132 3914 ἤλασε,
3176 3839 3500 3933 βουλόμενος
3526 3837 3618 3889 τὸν

1954 3925 2139 4005 λιςὶαάᾆς
2167 3925 2266 4017 τῆς
2306 3925 2416 3996 τῶν
2459 3936 2780 3993 Χαναναίων
2816 3931 3134 4001 συγγενείας
3158 3925 3462 3990 ἀπαλλάξαι
3485 3966 3499 3988 ,
3533 3925 3616 3977 ἵνα

1944 4049 2021 4122 μὴ
2075 4046 2285 4102 ἐκεῖθεν
2322 4041 2601 4111 ἀγάγηται
2647 4036 2900 4105 γυναῖκα,
2937 4027 3228 4091 οκαλέσας,
3291 4023 3447 4095 φησί,
3510 4022 3617 4076 τῶν

1943 4145 2169 4203 οἰκετῶν
2205 4143 2297 4197 τὸν
2330 4137 2700 4207 εὐνούστερον,
2728 4128 3036 4184 ἐντέλλεται
3066 4123 3215 4196 αὐτῷ
3247 4123 3375 4195 περὶ
3403 4120 3616 4185 τούτου,

1945 4246 2038 4303 καί
2058 4257 2211 4317 φησιο
2238 4236 2390 4313 [485]
2409 4238 2518 4302 Θὲς
2532 4232 2647 4301 τὴν
2661 4227 2830 4300 χεῖρά
2854 4242 2969 4281 σου
2991 4223 3110 4280 ὑπὸ
3126 4222 3233 4276 τὸν
3253 4220 3446 4291 μηρόν
3458 4234 3578 4289 μου
3600 4257 3613 4271 .

1946 4349 2025 4420 Τῇ
2072 4314 2178 4416 μέν
2211 4336 2421 4411 Ἐλλάδι
2479 4330 2696 4402 γλώττῃ
2743 4325 2885 4382 οὕτω
2940 4323 3275 4395 γέγραπται,
3319 4315 3463 4371 Ὑπὸ
3513 4314 3621 4369 τόν

1940 4414 2266 4516 μου
2290 4454 2305 4469 ο
2330 4438 2387 4491 ἐν
2416 4432 2473 4486 δέ
2500 4433 2567 4501 τῇ
2607 4424 2846 4498 Ἐϐραΐδι
2873 4422 3060 4492 φασὶν,
3084 4416 3233 4473 Ὑπὸ
3266 4415 3377 4483 τὴν
3397 4414 3617 4483 ὀσφύν.

1948 4512 2056 4595 Καὶ
2103 4537 2248 4599 τίνος
2312 4533 2497 4584 ’ἐνεκεν
2536 4525 2680 4580 οὓτω
2720 4521 2916 4592 φησίν;
2941 4518 3160 4589 ’ἰδίωμα
3187 4513 3346 4568 τοῦτο
3374 4512 3481 4565 τῶν
3510 4528 3618 4565 πα-

1946 4637 2112 4693 λαιῶν
2157 4629 2368 4703 ἀνδρῶν
2406 4624 2495 4699 ἦν.
2528 4622 2738 4685 Ἀλλως
2786 4620 2847 4674 δὲ’
2891 4618 2984 4671 καί.
3039 4611 3229 4684 ἐπειδὴ
3275 4608 3527 4664 ἐντεῦθεν
3585 4610 3618 4676 ή

1948 4733 2093 4807 ἀρχὴ
2120 4731 2219 4802 τῆς
2260 4725 2444 4781 Ἰσαὰκ
2471 4721 2775 4793 γεννήσεως
2789 4716 3010 4786 γέγονε.
3060 4711 3170 4767 Kal
3199 4710 3286 4763 ἵνα
3326 4706 3501 4778 μάθῃς
3535 4704 3617 4756 δτι

1952 4805 2240 4904 συνηθείας
2269 4825 2413 4889 τινὸς
2438 4816 2506 4895 ἦν
2534 4820 2595 4875 τὸ
2627 4818 2931 4889 γινόμενον,
2954 4815 3055 4884 δρα
3079 4809 3240 4864 αὐτὸν
3264 4805 3617 4860 ἐπιτάττοντα

1949 4930 2047 4999 τὴν
2074 4902 2175 4999 μὲν
2217 4928 2375 4997 χεῖρα
2406 4918 2596 4976 αὐτόθι
2628 4915 2896 4971 ἐπιθεῖναι
2921 4951 2936 4975 ,
2966 4908 3167 4970 εὐθέως
3204 4905 3260 4958 δὲ
3300 4902 3575 4967 ἐπάγοντα
3602 4915 3614 4927 ·

1950 4994 2360 5091 καί-ἐξορκιγῶ
2400 5032 2475 5072 σε
2512 5015 2731 5083 Κύριον
2764 5010 2871 5064 τὸν
2894 5004 3041 5061 Θεὸν
3070 5002 3176 5057 τοῦ
3213 4996 3475 5067 οἰιρανοῦ
3520 4994 3615 5047 καὶ

1950 5122 2058 5176 τὸν
2086 5118 2235 5175 Θεὸν
2262 5116 2373 5184 τῆς
2401 5111 2534 5183 γῆς.
2576 5112 2717 5180 Ὅρα
2752 5106 2867 5168 πῶς
2892 5102 2985 5156 καί.
3012 5100 3102 5153 τὸν
3129 5096 3346 5165 οἰκέτην
3378 5091 3616 5146 διδάσκει

1951 5216 2149 5272 εἰδέναι
2180 5213 2273 5266 τὸν
2305 5209 2412 5264 τῶν
2439 5204 2693 5261 ἁπάντων
2718 5197 3068 5272 δημιουργόν.
3120 5191 3303 5247 Εἰπὼν
3331 5188 3441 5260 γάρ
3470 5186 3567 5242 Θεε
3580 5196 3625 5238 ν’

1952 5308 2208 5381 οὐρανοῦ
2267 5307 2365 5362 καί
2397 5303 2546 5359 Θεὸν
2567 5300 2702 5371 γῆς,
2731 5299 2947 5352 ἃπασαν
2986 5294 3084 5363 τὴν
3126 5289 3302 5344 κτίσιν
3350 5301 3617 5357 συμπερι-

1952 5377 2132 5465 έλαϐε.
2172 5405 2283 5461 Kal
2318 5403 2402 5466 τίς
2443 5401 2471 5453 δ
2509 5399 2703 5470 δρκος;
2733 5395 2867 5449 Ἵνα
2901 5388 2988 5462 μὴ
3028 5388 3223 5454 λάϐῃς
3260 5381 3513 5455 γυναῖκα
3542 5377 3620 5443 τῷ

1952 5504 2061 5571 υΙῷ
2093 5522 2212 5575 μου
2257 5499 2465 5557 Ἰσαὰκ
2506 5493 2623 5551 ἀπὸ
2660 5490 2777 5545 τῶν
2820 5485 3154 5558 θυγατέρων
3198 5478 3541 5541 Χαναναίων
3570 5478 3619 5538 ιι,

1950 5603 2077 5676 μεθ’
2093 5570 2194 5656 *ὧν
2221 5598 2336 5670 ἐγὼ
2380 5590 2632 5650 κατοικῶ
2674 5590 2744 5643 ἐν
2785 5584 2993 5651 αὐτοῖς
3028 5600 3041 5613 ο
3078 5582 3215 5637 ἀλλ’
3245 5580 3330 5643 εις
3365 5576 3479 5644 τὴν
3508 5570 3623 5644 γῆν

1949 5670 2090 5774 μου,
2147 5696 2218 5757 οὗ
2260 5693 2616 5768 ἐγεννήθην,
2663 5686 2951 5757 πορεύσῃ,
2996 5680 3096 5736 καὶ
3137 5681 3223 5743 εἰς
3268 5676 3383 5744 τὴν
3418 5670 3623 5743 φυλήν

1953 5770 2092 5873 μου,
2117 5798 2216 5853 καί
2242 5794 2413 5865 λήψῃ
2434 5789 2697 5863 γυναῖκα
2732 5783 2810 5853 τῷ
2842 5783 2947 5851 υἱῷ
2970 5798 3087 5853 μου
3132 5776 3336 5852 Ἰσαὰκ
3372 5770 3617 5825 ἐκεῖθεν.

2018 6012 2048 6054 δ
2077 6012 2201 6065 Bibl.
2223 6006 2330 6061 Τῶν
2352 6005 2645 6060 Χαναναίων.
