3792 6260
274 304 373 355 637

282 410 435 479 Εἶδες
456 414 554 485 τὴν
588 414 803 483 ἐντολὴν
823 411 921 465 τοῦ
945 411 1283 482 πατριάρχου
1314 410 1412 480 τὴν
1437 407 1575 479 πρὸς
1606 406 1697 459 τὸν
1723 401 1941 471 οἰκέτην

279 502 609 572 γενομένην;
634 501 723 570 Μὴ
753 499 936 562 ἁπλῶς
977 499 1085 569 γάρ
1136 497 1504 569 παραδράμῃς
1543 495 1613 546 τά
1640 489 1903 562 εἰρημένα
1924 526 1941 552 ,

280 588 394 641 ἀλλ’
418 587 672 657 ἐννόησον
692 586 787 639 τὸν
814 585 1014 638 σκοπὸν
1044 584 1137 638 τοῦ
1163 582 1394 645 δικαίου,
1430 583 1525 634 καὶ
1549 580 1763 647 λόγισαι
1785 577 1937 638 ὅπως

278 676 342 727 τὸ
387 674 613 729 παλαιὸν
662 672 939 727 ἐποιοῦντο
994 672 1250 741 σπουδὴν,
1303 670 1364 723 οὐ
1410 668 1718 740 χρημάτων·
1747 663 1941 735 ἐπιζη-

282 762 501 825 τοῦντες
534 761 872 832 περιουσίαν,
904 761 965 813 οὐ
1004 760 1170 813 πολὺν
1204 757 1451 821 πλοῦτον,
1478 757 1571 811 καὶ
1596 752 1904 826 ἀνδράποδα
1923 791 1939 814 ,

279 849 374 901 καὶ
401 848 607 918 πλέθρα
631 850 733 920 γῆς
754 849 889 903 τόσα
917 848 1011 901 καὶ
1046 847 1182 900 τόσα
1203 887 1219 911 ,
1258 846 1317 898 οὐ
1350 843 1446 897 τοῦ
1477 843 1672 910 ἔξωθεν
1710 840 1940 903 κάλλους

276 935 375 1004 τὴν
416 934 752 1006 εὐμορφίαν,
784 934 920 988 ἀλλά
960 934 1058 1004 τῆς
1100 934 1277 1003 ψυχῆς
1304 932 1362 985 τὸ
1391 931 1586 995 κάλλος
1617 929 1937 999 ἐπεζήτουν,

278 1024 373 1075 καὶ
420 1023 637 1095 τρόπων
686 1022 984 1092 εὐγένειαν.
1027 1020 1247 1092 Ἐπειδὴ
1294 1020 1403 1092 γάρ
1446 1015 1552 1073 εἰδε
1597 1018 1706 1071 τῶν
1758 1019 1816 1070 ἐν
1869 1016 1936 1085 τῇ

277 1110 556 1180 Χαναναία
598 1108 888 1163 οἰκούντων
933 1108 1033 1179 τὴν
1082 1107 1377 1179 πονηρίαν,
1426 1106 1583 1170 εἰδὼς
1625 1106 1748 1159 ὅσον
1790 1100 1940 1155 ἐστὶν

276 1196 476 1262 ἀγαθὸν
503 1196 804 1267 ὁμότροπον
836 1195 979 1266 ἐχειν
1005 1195 1257 1263 σύζυγον,
1280 1194 1620 1249 διατάττεται
1641 1190 1718 1262 τῷ
1746 1189 1899 1244 παιδὶ
1918 1226 1936 1251 ,

276 1282 370 1336 καὶ⁵
397 1284 558 1354 ὅρκον
588 1283 977 1355 προστίθησιν,
1014 1282 1152 1335 ὥστε
1184 1284 1247 1335 ἐκ
1278 1282 1379 1351 τῆς
1409 1280 1731 1349 συγγενείας
1766 1276 1932 1331 αὐτοῦ

277 1369 582 1438 ἀγαγέσθαι
623 1370 701 1440 τῷ
742 1369 925 1424 Ἰσαάκ
965 1372 1200 1439 γυναῖκα
1224 1385 1239 1401 ·
1263 1370 1359 1423 καὶ
1401 1367 1524 1422 οὐτε
1564 1366 1625 1419 τὸ
1662 1366 1935 1433 διάστημα

274 1454 381 1508 τῶν
413 1457 615 1520 τόπων,
639 1456 762 1510 οὔτε
792 1459 849 1511 αἱ
878 1457 1035 1512 ἄλλαι
1067 1455 1347 1510 δυσκολίαι
1377 1453 1735 1525 ὀκνηρότερον
1773 1452 1934 1504 αὐτὸν

275 1541 405 1612 περὶ
430 1542 587 1597 τοῦτο
616 1545 974 1615 πεποιήκασιν
999 1558 1013 1575 ’
1054 1543 1169 1597 ἀλλ’
1203 1541 1357 1605 εἰδὼς
1395 1540 1489 1594 τοῦ
1520 1540 1839 1609 πράγματος
1874 1537 1936 1591 τδ

273 1630 591 1697 ἀναγκαῖον,
629 1633 806 1686 πᾶσαν
842 1634 1073 1686 ποιεῖται
1098 1631 1196 1703 τὴν
1225 1628 1480 1700 σπουδὴν,
1501 1629 1595 1683 καὶ
1615 1625 1933 1681 ἀποστέλλει

273 1714 363 1770 τὸν
387 1717 623 1789 οἰκέτην.
665 1718 806 1772 Ἀλλ’
835 1719 863 1771 6
894 1718 990 1790 μέν
1018 1717 1358 1789 πατριάρχης
1382 1715 1805 1787 ἐπιμελούμενος
1836 1714 1934 1783 τῆς

271 1802 415 1856 κατά
456 1803 631 1876 ψυχὴν
670 1805 892 1877 ἀρετῆς,
946 1805 1041 1860 καὶ
1089 1804 1307 1875 φεύγων
1356 1802 1464 1858 τῶν
1510 1802 1787 1873 ἐγχωρίων
1833 1800 1930 1871 τὴν

269 1888 560 1961 πονηρίαν,
595 1892 753 1945 τοῦτο
782 1894 961 1945 ποιεῖ’
1007 1892 1057 1946 οί
1098 1890 1154 1944 δέ
1179 1891 1274 1944 νῦν
1305 1890 1542 1953 ἅπαντες
1573 1890 1672 1942 οὐκ
1701 1889 1765 1943 ἀν
1800 1905 1931 1941 ποτε

270 1975 591 2046 ἀνάσχοιντο
630 1975 870 2031 τοιοῦτόν
911 1994 963 2030 τι
1003 1977 1249 2049 ἐννοῆσαι
1292 1993 1308 2007 ·
1345 1975 1482 2031 ἀλλὰ
1510 1975 1615 2030 κᾶν
1656 1974 1863 2045 μυρίων

270 2061 456 2115 κακῶν
499 2063 804 2135 ἀνάμεστος
827 2102 842 2127 ,
877 2063 935 2116 ἓν
970 2064 1129 2133 μόνον
1162 2062 1514 2135 ἐπιζητοῦσι,
1555 2060 1665 2115 τῶν
1711 2062 1929 2131 χρημά-

267 2167 375 2206 των
397 2152 497 2223 τὴν
531 2154 847 2223 περιουσίαν
867 2191 882 2214 ,
918 2154 1010 2206 καὶ
1040 2153 1216 2206 πάντα
1240 2154 1308 2205 τά
1329 2151 1463 2206 ἄλλα
1491 2149 1719 2222 δεύτερα
1748 2150 1932 2214 αὐτοῖς

265 2238 621 2309 νενόμισται,
678 2241 779 2293 οὐκ
836 2239 1034 2303 εἰδότες
1104 2240 1187 2293 ὃτι
1238 2237 1463 2310 γνώμης
1531 2236 1931 2309 διεφθαρμένης

264 2326 467 2398 οὔσης,
516 2328 621 2384 κᾶν
663 2329 869 2398 ἀφατος
913 2328 1147 2402 ἐπιρρέῃ
1188 2328 1449 2392 πλοῦτος,
1486 2326 1679 2381 θᾶττόν
1720 2342 1802 2389 τις
1849 2326 1929 2389 εἰς

266 2416 502 2487 ἐσχάτην
543 2416 732 2472 πενίαν
770 2416 922 2488 ἥξει,
967 2418 1063 2471 καὶ
1092 2417 1243 2471 οὐδὲν
1284 2416 1473 2483 ὄφελος
1519 2414 1671 2469 ἐσται
1699 2414 1800 2484 τῆς
1830 2430 1929 2465 πε-

267 2504 546 2569 ριουσίας,
589 2506 691 2560 οὐκ
731 2504 897 2577 οὐσης
934 2506 1031 2574 τῆς
1067 2506 1372 2577 οἰκονομεῖν
1409 2504 1582 2558 ταῦτα
1622 2501 1927 2573 δυναμένης

258 2591 487 2657 δεόντως
510 2593 707 2667 ψυχῆς.

332 2677 397 2747 γ’.
444 2680 582 2733 Ἀλλ’
609 2683 639 2735 6
665 2681 764 2753 μὲν
815 2680 1163 2751 πατριάρχης
1190 2678 1466 2751 ἀρκοῦσαν
1502 2678 1580 2749 τῷ
1630 2678 1781 2731 παιδὶ
1826 2676 1924 2747 τὴν

258 2765 479 2837 ἐντολήν
508 2768 821 2839 ἐποιήσατο,
858 2768 950 2821 καὶ
979 2769 1165 2838 ὅρκοις
1193 2768 1355 2821 αὐτὸν
1378 2764 1925 2837 συνέδησεν.”1δωμεν

260 2851 318 2908 δὲ
347 2851 531 2908 λοιπὸν
560 2854 660 2923 τὴν
684 2854 1104 2926 εὐγνωμοσύνην
1134 2853 1228 2908 τοῦ
1257 2855 1470 2908 οἰκέτου
1494 2892 1510 2918 ,
1542 2855 1689 2917 ὅπως
1728 2850 1922 2922 ἐζήλου

258 2938 352 2995 τοῦ
405 2934 667 2995 δεσπότου
728 2942 789 2995 τὸ
853 2942 1118 3012 φιλόθεον.
1186 2942 1404 3013 Ἐπειδὴ
1459 2940 1567 3012 γάρ
1622 2936 1728 2994 εἶδε
1785 2939 1922 3011 μετά

258 3030 457 3102 πολλῆς
505 3031 861 3103 σφοδρότητος
912 3031 1292 3100 ἐντελλόμενον
1354 3031 1445 3083 τὸν
1490 3029 1696 3083 δίκαιον
1720 3070 1735 3094 ,
1784 3029 1925 3100 φησὶ

257 3118 393 3189 πρὸς
430 3119 591 3172 αὐτόν
626 3136 640 3149 ·
697 3118 837 3173 Ἐὰν
880 3119 966 3188 μὴ
990 3119 1287 3186 βούληται
1311 3119 1348 3185 η
1380 3117 1532 3186 γυνὴ
1561 3116 1921 3187 πορευθῆναι

254 3207 380 3275 μετ’
409 3203 555 3272 ἐμοῦ
575 3244 589 3267 ,
613 3204 827 3267 βούλει
860 3203 967 3257 τὸν
992 3205 1125 3258 υίόν
1146 3220 1262 3257 σου
1299 3204 1660 3271 ἁποστρέψω
1691 3206 1775 3269 εἰς
1807 3202 1922 3269 τὴν

258 3289 397 3360 γῆν,
431 3290 569 3346 ὅθεν
588 3290 844 3359 ἐξῆλθες
875 3290 1138 3353 ἐκεῖθεν;
1166 3290 1280 3343 ’Ἰνα
1312 3289 1405 3361 μὴ,
1438 3291 1572 3360 φησὶ
1597 3329 1611 3352 ,
1639 3290 1921 3354 δυσκολίας

257 3376 400 3440 τινὸς
436 3375 901 3447 παρεμπεσούσης
949 3375 1222 3431 ἐκϐαίνειν
1260 3375 1394 3443 δόξω
1431 3377 1530 3439 τὰς
1566 3376 1785 3441 ἐντολάς
1822 3377 1921 3443 τὰς

261 3463 381 3527 σὰς,
405 3463 493 3517 διὰ
522 3462 679 3517 τοῦτο
712 3462 1071 3533 πυνθάνομαι,
1102 3464 1153 3516 τί
1177 3463 1283 3518 δέοι
1321 3481 1387 3535 με
1412 3464 1917 3537 παραφυλάξασθαι,

257 3552 351 3604 καὶ
376 3551 425 3603 εἰ
453 3550 681 3620 ἀρεστόν
712 3566 794 3603 σοι
834 3550 924 3603 τὸν
951 3548 1098 3622 [484]
1134 3550 1313 3604 Ἰσαὰκ
1336 3552 1453 3605 ἐκεῖ
1475 3550 1747 3616 ἀπελθεῖν,
1778 3551 1917 3606 ὥστε

253 3637 488 3692 λαϐόντα
511 3637 607 3710 τὴν
623 3636 865 3711 γαμετὴν
884 3636 1057 3701 οὕτως
1083 3637 1414 3705 ἐπανελθεῖν,
1442 3641 1489 3693 εἰ
1512 3639 1586 3711 μὴ
1609 3640 1915 3711 ἀνάσχοιτο,

256 3726 506 3799 καθάπερ
551 3727 819 3793 ἐνετείλω,
864 3728 983 3798 μετ’
1010 3727 1144 3800 ἐμοῦ
1176 3728 1618 3799 παραγενέσθαι;
1648 3729 1714 3782 Τί
1756 3726 1849 3782 οὖν
1890 3732 1918 3783 6

252 3816 492 3883 δίκαιος;
540 3816 897 3889 Ἀπαγορεύει
928 3816 1088 3870 τοῦτο
1118 3816 1264 3889 αὐτῷ
1295 3818 1388 3873 καί
1417 3835 1548 3890 φησι
1592 3834 1605 3848 ·
1646 3820 1917 3889 Πρόσεχε

252 3903 486 3970 σεαυτῷ
520 3904 605 3975 μὴ
635 3903 1029 3974 ἁποστρέψ-ῃς
1066 3904 1168 3957 τὸν
1198 3905 1331 3959 υἱόν
1353 3922 1473 3973 μου
1497 3904 1638 3959 ἐκεῖ.
1662 3905 1735 3957 Οὐ
1760 3907 1917 3974 χρεία

256 4008 338 4046 σοι
391 3993 681 4062 γενήσεται
729 3991 943 4057 τούτου,
996 3992 1179 4061 φησίν.
1218 3992 1277 4045 '0
1315 3992 1424 4065 γὰρ
1461 3993 1561 4064 τὴν
1587 3993 1915 4062 ἐπαγγελίαν

254 4079 389 4151 πρός
433 4094 499 4148 με
535 4078 924 4148 ποιησάμενος,
958 4080 1049 4131 καὶ
1084 4081 1174 4131 ἐπὶ
1215 4079 1469 4133 τοσοῦτον
1512 4080 1809 4151 αὐξηθῆναι
1853 4082 1915 4136 τὸ

254 4172 475 4243 σπέρμα
500 4167 664 4223 αὐτοῦ
693 4169 723 4222 ὐ
734 4170 1061 4239 ποσχόμενος
1084 4208 1098 4232 ,
1123 4170 1283 4233 αὐτός
1310 4187 1389 4223 σοι
1418 4172 1507 4224 καὶ
1535 4171 1693 4224 τοῦτο
1718 4171 1913 4225 εὐοδώ-

254 4277 356 4312 σει.
381 4256 478 4323 Μὴ
499 4256 677 4310 τοίνυν
697 4256 1086 4324 ἀποστρέψῃς
1118 4257 1224 4310 τὸν
1251 4258 1384 4311 υίόν
1406 4275 1524 4325 μου
1545 4257 1684 4311 ἐκεῖ.
1700 4258 1915 4326 Κύριος

250 4350 284 4400 ό
328 4344 471 4410 Θεὸς
510 4345 617 4400 τοῦ
649 4343 908 4413 οὐρανοῦ
944 4344 1040 4397 καὶ
1076 4348 1109 4399 ό
1146 4346 1291 4412 Θεὸς
1332 4345 1440 4414 τῆς
1466 4345 1599 4416 γῆς.
1628 4347 1769 4419 Ὀρα
1800 4348 1914 4412 πῶς

250 4434 345 4487 καὶ
385 4433 640 4505 ἀνωτέρω
685 4431 865 4505 ὁρκῶν
913 4432 1005 4486 τὸν
1051 4434 1216 4490 παῖδα
1237 4473 1252 4498 ,
1306 4433 1399 4488 τὸν
1441 4434 1768 4509 δημιουργὸν
1804 4436 1914 4490 τῶν

249 4523 386 4577 ὅλων
424 4522 585 4577 αὐτὸν
628 4522 939 4582 ἐκπαιδεύει
973 4539 987 4553 ·
1023 4524 1116 4581 καὶ
1163 4522 1258 4577 νῦν
1301 4523 1509 4597 μέλλων
1554 4523 1909 4595 ἐπεύχεσθαι,

248 4611 315 4666 τά
340 4610 481 4667 αὐτά
502 4609 726 4681 ῥήματά
740 4627 894 4681 φησι,
916 4610 1004 4664 διά
1035 4611 1251 4665 πάντων
1283 4611 1552 4666 παιδεύων
1585 4612 1674 4666 τὸν
1695 4612 1910 4682 οἰκέτην

247 4701 335 4752 ἐπ’
368 4699 575 4751 ἐκεῖνον
604 4696 703 4769 τὴν
728 4696 1051 4771 πεποίθησιν
1074 4697 1285 4771 ἔχοντα,
1314 4697 1455 4751 οὕτω
1481 4698 1581 4769 τ’ἡς
1606 4697 1911 4770 ὁδοιπορίας

247 4787 525 4858 ἀψασθαι,
569 4788 662 4841 καὶ
719 4786 939 4861 θαρρεῖν
973 4786 1068 4843 καὶ
1100 4787 1241 4856 ὑπὲρ
1271 4787 1364 4840 τοῦ
1403 4788 1608 4851 τέλους.
1660 4788 1909 4841 Διδάσκει

247 4878 354 4947 γὰρ
391 4874 552 4930 αὐτὸν
578 4874 709 4943 ὅσης
735 4874 792 4940 ἐξ
830 4874 1005 4947 ἀρχῆς
1045 4875 1141 4929 καὶ
1189 4876 1252 4929 ἐκ
1293 4875 1589 4948 προοιμίων
1629 4875 1909 4945 ἀπήλαυσε

243 4965 342 5036 τῆς
392 4963 540 5035 παρά
588 4962 682 5016 τοῦ
712 4961 819 5020 τῶν
851 4962 987 5015 ὅλων
1032 4962 1168 5016 Θεοῦ
1209 4963 1439 5027 εὐνοίας,
1482 4963 1577 5016 καὶ
1616 4963 1698 5016 δτι
1750 4963 1909 5028 αὐτὸς

243 5046 395 5115 οὗτος
415 5091 431 5116 ,
476 5054 506 5105 6
531 5050 626 5104 καὶ
654 5053 718 5104 ἐκ
744 5050 843 5121 τῆς
876 5050 1084 5113 οἰκείας
1127 5051 1385 5123 πατρίδος
1432 5052 1776 5123 ἀναστήσας,
1813 5052 1907 5106 καὶ

249 5138 411 5208 μέχρι
448 5137 543 5190 νῦν
582 5136 651 5190 τὰ
691 5137 810 5192 κατ’
833 5137 995 5191 αὐτὸν
1044 5137 1215 5202 οὕτως
1262 5141 1625 5210 οἰκονομήσας
1648 5180 1663 5205 ,
1718 5142 1812 5195 καὶ
1848 5141 1906 5193 ἐν

243 5224 391 5293 αὐτῷ
436 5223 512 5294 τῷ
566 5226 715 5296 γήρᾳ
766 5224 859 5277 τοῦ
912 5225 1097 5278 Ἰσαὰκ
1152 5226 1243 5279 τὸν
1293 5227 1451 5281 τόκον
1511 5229 1904 5299 χαρισάμενος,

243 5311 407 5373 αὐτὸς
440 5310 534 5363 καὶ
565 5311 635 5363 τά
661 5311 996 5381 προκείμενα
1028 5312 1178 5382 αὐτῷ
1216 5314 1595 5371 κατευοδώσει.
1630 5318 1845 5385 Κύριος
1874 5320 1906 5370 ό

246 5396 388 5463 Θεὸς
414 5436 429 5461 ,
468 5398 600 5467 φησὶ
621 5435 637 5461 ,
672 5399 773 5452 τοῦ
806 5399 1067 5467 οὐρανοῦ
1098 5400 1198 5453 καὶ
1227 5400 1333 5467 τῆς
1366 5400 1508 5469 γῆς,
1538 5401 1605 5467 δς
1630 5403 1806 5458 ἔλαϐέ
1829 5421 1907 5472 με

241 5484 313 5538 ἐκ
353 5483 458 5537 τοῦ
506 5482 676 5537 οἶκου
723 5485 827 5539 τοῦ
877 5488 1101 5554 πατρός
1140 5504 1291 5556 μου,
1321 5487 1417 5542 καί
1447 5488 1515 5541 ἐκ
1544 5487 1647 5556 τῆς
1690 5488 1800 5557 γῆς
1832 5485 1907 5559 ἧς

244 5570 598 5640 ἐγεννήθην,
626 5572 809 5639 αὐτὸς
839 5569 1017 5638 οὗτος
1046 5572 1113 5639 ὃς
1134 5571 1400 5641 ἐλάλησέ
1423 5592 1525 5643 μοι
1559 5575 1773 5644 λέγων,
1804 5576 1906 5630 Σοὶ

249 5658 420 5713 δώσω
448 5658 561 5726 τὴν
586 5656 701 5729 γῆν
724 5661 945 5727 ταύτην
972 5661 1069 5715 καί
1100 5660 1180 5725 τῷ
1201 5662 1495 5730 σπέρματί
1522 5678 1667 5726 σου,
1695 5658 1849 5728 οὗτος
1880 5666 1908 5717 6

247 5744 513 5814 τοσαύτην
543 5746 669 5814 περὶ
688 5745 789 5815 ἐμὲ
817 5745 911 5815 τὴν
938 5746 1257 5815 κηδεμονίαν
1282 5745 1702 5816 ἐπιδειξάμενος,
1726 5751 1909 5814 αὐτὸς

260 5833 279 5857 ηῖ
302 5830 575 5884 τρστελεῖ
616 5832 721 5884 τὸν
768 5831 1026 5899 ἄγγελον
1057 5832 1241 5885 αὐτοῦ
1264 5832 1601 5900 ἔμπροσθέν
1624 5850 1740 5889 σου
1760 5876 1774 5899 ,
1812 5837 1911 5889 καὶ

420 5940 423 5951 τ
462 5923 709 5981 γυναῖκα
758 5918 834 5985 τῷ
883 5917 982 5983 υἱῷ
1008 5936 1123 5987 μου
1160 5918 1402 5974 ἐκεῖθεν.
1435 5919 1681 5992 Θαρρῶν,
1720 5924 1915 5995 φησὶν,

1055 298 1113 352 S.
1144 292 1425 351 JOANNIS
1462 282 1947 350 CHRYSOSTOMI
2000 282 2300 340 ARCHIEP
2364 283 2899 342 CONSTANTINOP.

3601 282 3698 342 632

2043 399 2198 454 ἄπιθι
2226 418 2239 434 ο
2277 402 2577 472 πέπεισμαι
2626 402 2734 472 γὰρ
2780 402 2861 455 ὅτι
2913 400 2943 453 6
2990 398 3256 470 τοσαύτην
3303 400 3433 471 περί⁵
3473 402 3574 471 ἐμὲ
3605 403 3698 472 τὴν

2043 489 2358 558 εὐεργεσίαν
2391 489 2827 557 ἐπιδειξάμενος,
2874 488 2967 541 καὶ
3000 488 3202 559 ταύτην
3240 488 3541 558 προσθήσει
3582 496 3697 556 tu”;

2042 576 2460 644 προλαδοσᾶσαις,
2512 578 2607 629 καὶ
2659 574 2944 629 ἀποστελεῖ
2979 576 3069 629 τὸν
3114 575 3342 644 ἄγγελον
3385 577 3555 631 αὐτοῦ
3607 580 3676 649 ἐμ

2042 666 2273 736 προσθέν
2312 683 2427 721 σου.
2462 666 2634 729 Αὐτός
2676 683 2757 719 σοι
2800 664 3209 736 προοδοποιήσει
3252 665 3499 729 ἅπαντα,
3539 668 3697 732 αὐτός

2043 769 2124 806 σοι
2170 753 2264 807 καὶ
2311 754 2410 825 τὴν
2458 757 2691 822 γυναῖκα
2737 752 3012 822 γνώριμον
3062 753 3275 821 ποιήσει
3303 794 3319 817 ,
3374 754 3469 807 καὶ
3518 753 3696 809 λαϐὼν

2038 832 2207 902 αὐτὴν
2237 832 2404 901 ἥξεις.
2445 832 2569 886 Ἐἀν
2596 833 2651 886 δέ
2677 833 2932 902 γένηται,
2974 830 3001 882 6
3044 830 3117 901 μὴ
3153 831 3360 899 γένοιτο
3383 873 3400 896 ,
3429 835 3527 886 καὶ
3549 835 3694 887 ἀντι-

2038 912 2188 984 τείνῃ
2212 914 2244 982 ἡ
2266 912 2400 983 γυνὴ
2422 912 2513 966 τοῦ
2542 914 2615 984 μὴ
2645 911 2995 983 πορευθῆναι.
3028 912 3305 981 ἀλλότριος
3340 913 3439 985 ἔσῃ
3474 915 3584 968 άπδ
3602 918 3694 986 τῆς

2039 990 2177 1061 ἀράς
2206 990 2297 1044 τοῦ
2330 992 2514 1062 ὅρκου.
2548 991 2655 1044 Τὸν
2670 991 2877 1059 μέντοι
2907 993 3041 1044 υἱόν
3060 1009 3178 1060 μου
3196 990 3280 1059 μὴ
3309 992 3694 1061 ἀποστρέψῃ(-

2036 1068 2176 1122 ἐκεῖ.
2211 1071 2322 1123 Οὐκ
2349 1069 2671 1141 άμφιδάλλω
2702 1070 2829 1140 γάρ,
2854 1070 2934 1122 δτι
2956 1068 3309 1123 κατευοδώσει
3330 1088 3388 1124 σε
3410 1085 3435 1113 ει
3466 1073 3689 1144 Κύριος.

2038 1148 2148 1201 Καὶ
2191 1148 2400 1212 δεικνὺς
2439 1150 2583 1211 ὅπως
2611 1147 2886 1202 ἐπεποίθει
2911 1152 2975 1218 τῇ
3008 1147 3102 1200 τοῦ
3136 1148 3269 1200 Θεοῦ
3300 1150 3551 1220 δυνάμει,
3590 1153 3693 1204 ἀπο

2036 1227 2285 1299 ἀγορεύει
2334 1228 2410 1298 τῷ
2458 1228 2607 1281 παιδί
2643 1228 2736 1280 τὸν
2775 1227 2959 1280 Ἰσαάκ
2994 1228 3170 1278 ἐκεῖσε
3204 1227 3533 1295 ἀπαγαγεῖν.
3569 1226 3693 1285 Εἶτα

2035 1305 2221 1375 ἐπειδὴ
2259 1304 2396 1375 μετά
2422 1305 2704 1376 ἀκριϐείας
2732 1305 3025 1358 διετείλατο
3055 1305 3132 1374 τῷ
3163 1305 3313 1357 παιδὶ
3336 1345 3353 1368 ,
3390 1308 3487 1358 καί⁵
3519 1309 3693 1378 ἀπήλ-

2033 1382 2193 1460 λαξεν
2242 1384 2403 1438 αὐτὸν
2454 1385 2551 1454 τῆς
2598 1385 2873 1456 φροντίδος
2917 1383 3193 1452 (ἐδεδοίκει
3236 1384 3345 1454 γάρ
3371 1384 3400 1435 6
3430 1388 3567 1448 παῖς
3622 1388 3690 1460 μὴ

2033 1459 2365 1533 ἐπιορκήσας
2418 1462 2530 1535 ἀλῷ
2570 1464 2631 1517 τὸ
2676 1462 3009 1535 προσταχθὲν
3036 1461 3110 1532 μὴ
3154 1461 3497 1533 πληρώσας).
3540 1459 3689 1531 Θείςέ

2033 1544 2189 1611 φησί,
2213 1541 2328 1610 τὴν
2352 1543 2515 1612 χεῖρα
2535 1543 2721 1600 αὑτοῦ
2751 1542 2866 1596 ὑπὸ
2897 1542 3002 1594 τὸν
3025 1540 3237 1610 μηρὸν.
3264 1541 3508 1610 ὤμοσεν
3535 1544 3692 1610 αὺτῷ

2032 1620 2166 1687 περί
2204 1622 2310 1676 τοῦ
2334 1623 2603 1691 ῥήματος
2628 1623 2861 1685 τούτου,
2889 1620 3028 1673 ὥστε
3062 1620 3134 1690 μὴ
3169 1619 3255 1672 τὸν
3294 1621 3478 1676 Ἰσαάκ
3513 1623 3690 1677 ἐκεῖσε

2032 1697 2355 1768 ἀπαγαγεῖν.
2411 1698 2560 1763 Εἶδες
2604 1699 2721 1762 πῶς
2758 1699 2821 1753 ἐκ
2845 1696 3141 1769 προοιμίων
3181 1697 3379 1761 ἔδειξεν
3421 1703 3449 1753 6
3473 1703 3692 1772 οἰκέτης

2030 1776 2128 1848 τὴν
2156 1777 2366 1832 εὐνοιαν
2393 1779 2490 1849 τὴν
2520 1778 2647 1850 περί
2670 1777 2763 1830 τὸν
2788 1777 3087 1842 δεσπότην;
3127 1777 3266 1846 Ὀρα
3298 1778 3491 1832 λοιπὸν
3529 1783 3691 1836 αὐτὸν

2030 1855 2096 1911 ἐκ
2120 1859 2219 1930 τῆς
2257 1860 2349 1912 τοῦ
2386 1859 2725 1930 πατριάρχου
2752 1855 3098 1919 διδασκαλίας
3136 1855 3327 1925 βελτίω
3366 1861 3689 1930 γινόμενον,

2030 1937 2123 1989 καὶ
2155 1938 2485 2007 μιμούμενον
2531 1936 2625 1990 τοῦ
2677 1934 2884 1989 δικαίου
2913 1935 2973 1987 τὸ
3008 1935 3271 2004 φιλόθεον.
3322 1938 3542 1992 Λαϐὼν
3564 1943 3688 2011 γάρ,

2031 2017 2194 2085 φησὶν
2217 2057 2232 2077 ,
2268 2020 2302 2070 ό
2337 2016 2475 2083 παῖς
2501 2016 2647 2070 δέκα
2677 2013 2986 2083 καμήλους
3016 2014 3112 2068 καί
3140 2016 3255 2070 ἀπὸ
3288 2016 3540 2071 πάντων
3577 2020 3689 2074 τῶν

2027 2094 2265 2162 ἀγαθῶν
2312 2095 2417 2149 τοῦ
2458 2096 2666 2162 κυρίου
2711 2092 2931 2159 αὐτοῦ,
2978 2093 3242 2159 ἀναστὰς
3272 2095 3571 2163 ἐπορεύθη
3605 2103 3688 2166 εις

2028 2170 2143 2238 τὴν
2168 2173 2628 2241 Μεσοποταμίαν
2649 2173 2736 2237 εις
2774 2169 2891 2238 τὴν
2918 2173 3097 2224 πόλιν
3127 2172 3360 2240 Ναχώρ,
3402 2174 3506 2228 καὶ
3538 2176 3689 2230 61w!-

2026 2267 2166 2320 μισε
2228 2251 2332 2318 τὰς
2388 2252 2698 2319 καμήλους
2756 2249 2872 2313 ἔξω
2938 2247 3047 2316 τῆς
3097 2251 3327 2316 πόλεως
3388 2253 3556 2321 παρὰ
3624 2255 3684 2309 τὸ

2025 2327 2211 2397 φρέαρ
2235 2329 2339 2383 τοῦ
2363 2328 2583 2394 ὕδατος
2610 2328 2675 2381 τὸ
2700 2325 2851 2393 πρὸς
2883 2326 3018 2392 ὀψὲ,
3056 2326 3235 2392 ἡνίκα
3258 2328 3681 2397 ἐκπορεύονται

2024 2411 2085 2461 αἱ
2110 2407 2517 2477 ὐδρευόμεναι.
2547 2406 2655 2459 Καὶ
2678 2405 2807 2458 εἷπε
2837 2419 2849 2433 '
2885 2404 3060 2472 Κύριε
3086 2407 3119 2458 ό
3148 2406 3291 2472 Θεὸς
3321 2407 3431 2460 τοῦ
3474 2412 3680 2478 κιφίου

2018 2504 2138 2555 μου
2175 2485 2437 2555 Ἁϐραάμ.
2468 2486 2610 2557 Ὅρα
2631 2483 2723 2537 τοῦ
2749 2482 2957 2536 οἰκέτου
2989 2482 3085 2553 τὴν
3113 2484 3559 2557 εὐγνωμοσύνην.
3584 2489 3678 2541 τὸν

2022 2565 2122 2634 τῆς
2143 2566 2459 2635 οἰκουμένης
2486 2562 2760 2633 Δεσπότην
2788 2562 2894 2615 ἀπὸ
2911 2561 3004 2614 τοῦ
3031 2563 3369 2634 πατριάρχου
3405 2567 3673 2638 ὀνομάζει·

2022 2644 2198 2711 Κύριε
2230 2642 2337 2714 γὰρ
2370 2646 2403 2696 ὁ
2437 2640 2601 2707 Θεὸς,
2632 2641 2785 2710 φησὶ,
2818 2641 2921 2695 τοῦ
2956 2642 3164 2709 κυρίου
3182 2660 3301 2710 μου
3353 2645 3627 2714 Ἀϐραὰμ,
3649 2648 3675 2699 6

2023 2722 2287 2786 τοσαύτας
2321 2721 2447 2793 περὶ
2477 2720 2637 2773 αὐτὸν
2669 2720 2984 2791 εὐεργεσίας
3007 2718 3427 2789 ἐπιδειξάμενος.
3482 2726 3589 2779 Καὶ
3624 2727 3673 2779 τί

2024 2800 2322 2868 θαυμάζεις
2351 2802 2398 2853 εί
2424 2803 2451 2854 6
2476 2799 2692 2869 οἰκέτης
2720 2799 2880 2853 αὐτὸν
2904 2799 3044 2852 οὐτω
3073 2799 3223 2852 καλεῖ
3247 2802 3379 2854 Θεὸν
3395 2803 3671 2873 Ἀδραάμε

2022 2879 2193 2943 Αὐτὸς
2230 2882 2258 2932 6
2298 2880 2407 2933 τῶν
2437 2878 2575 2932 ὅλων
2618 2878 2749 2939 Θεὸς
2770 2877 2982 2939 δεικνὺς
3014 2878 3159 2941 ὅπως
3186 2878 3292 2931 τῶν
3332 2879 3560 2934 δικαίων
3581 2883 3673 2952 τὴν

2022 2958 2219 3029 ἀρετὴν
2243 2960 2370 3028 περὶ
2397 2956 2591 3011 πολλοῦ
2617 2958 2871 3020 ποιεῖται,
2901 2956 3065 3025 φησίν
3088 2973 3102 2986 ·
3140 2955 3287 3028 [485]
3326 2957 3475 3026 Ἐγώ
3501 2963 3615 3028 ειμι
3642 2964 3674 3015 δ

2024 3036 2164 3103 Θεὸς
2210 3036 2417 3091 Ἰακὼϐ
2434 3036 2530 3089 καί
2561 3038 2595 3089 ό
2622 3034 2763 3100 Θεὸς
2780 3032 2982 3087 Ἰσαὰκ
3003 3033 3097 3086 καί
3116 3037 3147 3087 d
3170 3034 3313 3097 Θεὸς
3357 3035 3602 3107 Ἀϐραάμ
3625 3039 3669 3093 δ.

2020 3115 2215 3181 Κύριε,
2245 3114 2427 3183 φησιν,
2463 3116 2495 3168 ό
2528 3112 2670 3179 Θεὸς
2695 3111 2799 3165 τοῦ
2834 3111 3039 3180 κυρίου
3069 3128 3188 3181 μου
3242 3112 3487 3183 Ἀϐραὰμ
3517 3157 3535 3180 ,
3582 3118 3674 3170 εὑ.

2020 3191 2252 3247 όδωσον
2276 3192 2555 3246 ἐναντίον
2586 3208 2704 3261 μου
2740 3187 3025 3258 σήμερον,
3068 3190 3163 3243 καὶ
3207 3192 3469 3258 ποίησον
3506 3194 3675 3262 ἕλεος

2013 3270 2163 3338 μετὰ
2216 3269 2321 3323 τοῦ
2365 3271 2574 3338 κυρίου
2613 3287 2731 3339 μου
2798 3266 3083 3337 Ἀεραάμ’
3132 3268 3206 3332 ώς
3252 3271 3301 3322 εἰ
3349 3269 3675 3338 ἐλεγενηεξς

2020 3348 2179 3420 ἔργον
2195 3349 2367 3403 ἐλθεῖν
2388 3350 2612 3419 ποίησον
2639 3348 2706 3401 τὰ
2732 3346 2953 3411 δόξαντα
2974 3347 3141 3416 αὐτῷ,
3160 3348 3255 3400 καὶ
3280 3349 3421 3403 κατά
3448 3352 3675 3421 γνώμην

2018 3428 2118 3497 τὴν
2145 3427 2308 3481 αὐτοῦ
2346 3427 2520 3481 πάντα
2552 3426 2829 3481 εὐόδωσον.
2867 3427 3133 3492 Ποίησον
3162 3426 3335 3491 ἕλεος
3382 3431 3534 3496 μετὰ
3570 3432 3671 3484 τοῦ

2018 3508 2226 3575 κυρίου
2261 3524 2379 3576 μου
2432 3504 2699 3575 Ἀϐραάμ.
2746 3505 2810 3558 Τί
2844 3507 2959 3558 ἐστι
2981 3545 2993 3561 .
3028 3506 3293 3572 Ποίησον
3319 3505 3537 3571 Haec;
3567 3510 3674 3577 Τὴν

2018 3587 2310 3658 ἐπιθυμίαν
2357 3585 2519 3639 αὐτοῦ
2574 3586 2877 3655 πλήρωσον.
2929 3580 3061 3638 Είτά
3114 3600 3275 3654 φησιν
3309 3599 3323 3612 '
3373 3585 3532 3640 Ἰδοὺ
3563 3588 3674 3657 ἐγώ

2015 3665 2243 3733 ἕστηκα
2268 3664 2365 3718 ἐπὶ
2398 3664 2507 3732 τῆς
2539 3663 2740 3735 πηγῆς
2769 3663 2873 3717 τοῦ
2898 3662 3134 3729 ὕδατος,
3163 3665 3222 3715 al
3258 3663 3326 3716 δὲ
3363 3666 3673 3734 θυγατέρες

2015 3743 2134 3797 τῶν
2174 3744 2501 3797 οἰκούντων
2534 3743 2649 3809 τὴν
2685 3744 2868 3796 πόλιν
2904 3743 3327 3809 ἐκπορεύονται
3373 3744 3672 3811 ἀντλῆσαι

2015 3821 2191 3890 ὕδωρ.
2229 3822 2339 3876 Καὶ
2371 3822 2541 3876 ἐσται
2574 3823 2611 3890 ἠ
2647 3820 2937 3890 παρθένος
2957 3861 2971 3885 ,
3006 3815 3045 3893 ᾗ
3073 3820 3148 3875 ἂν
3196 3821 3310 3890 ἐγὼ
3339 3823 3671 3889 είπω,Ἐπίο

2015 3905 2227 3956 κλινον
2263 3902 2378 3969 τὴν
2406 3902 2617 3969 ὑδράν
2645 3918 2759 3955 σου
2787 3902 2885 3955 ἵνα
2917 3902 3049 3965 πίω,
3081 3900 3177 3955 καί
3208 3901 3349 3968 εῖπῃ
3373 3918 3477 3970 μοι
3504 3944 3518 3967 ,
3552 3906 3668 3967 Ilia,

2014 3979 2113 4033 κιιί
2158 3982 2261 4046 τὰς
2308 3978 2618 4048 καμήλους
2667 3996 2783 4033 σου
2832 3977 3032 4044 ποτιῶ,
3070 3979 3180 4045 ἕως
3213 3978 3290 4033 ἃν
3326 3980 3670 4035 παύσωνται

2013 4056 2202 4113 πᾶσαι
2246 4058 2552 4123 πίνουσαι,
2596 4059 2821 4125 ταύτην
2858 4059 3190 4128 ἡτοίμασας
3228 4056 3307 4122 τῷ
3344 4058 3517 4112 παιδί
3557 4077 3669 4114 σου

2027 4136 2254 4195 Ἰσαὰκ.
2277 4136 2374 4189 καὶ
2397 4136 2467 4189 ἐν
2498 4137 2688 4205 τούτῳ
2715 4134 3032 4206 γνώσομαι,
3069 4136 3156 4189 ὅτι
3183 4136 3479 4203 ἐποίησας
3505 4137 3670 4204 ἕλεος

2014 4214 2093 4281 τῷ
2116 4216 2296 4282 κιφίφ
2335 4232 2455 4284 μου
2494 4214 2922 4287 Ἀϐραάμ.”ορα
2949 4215 3041 4267 τοῦ
3071 4214 3280 4268 οἰκέτου
3309 4215 3407 4285 τὴν
3434 4216 3665 4272 σύνεσιν.

2026 4294 2239 4365 Ἐπειδὴ
2272 4294 2380 4366 γὰρ
2408 4294 2522 4365 ᾔδει
2546 4294 2640 4347 τοῦ
2675 4298 3008 4366 πατριάρχου
3035 4295 3094 4348 τὸ
3124 4294 3427 4363 φιλόξενον,
3467 4298 3563 4350 καὶ
3592 4297 3670 4350 ὅτι

2009 4373 2109 4445 τὴν
2154 4374 2323 4444 κόρην
2369 4374 2468 4444 τὴν
2509 4374 2626 4427 ἐκεῖ
2674 4372 2970 4442 μέλλουσαν
3022 4372 3324 4438 ἀπάγεσθαι
3372 4373 3670 4445 ὁμότροπον

2011 4447 2150 4505 εἶναι
2198 4453 2463 4523 προσήκει
2522 4450 2600 4521 τῷ
2652 4451 2872 4522 δικαίῳ,
2931 4451 3083 4504 οὐδὲν
3132 4451 3318 4520 ἓτερον
3370 4455 3669 4524 τεκμήριον

2011 4531 2277 4599 ἐπιζητεῖ,
2313 4531 2424 4583 ἀλλ’
2449 4531 2556 4585 ἀπὸ
2577 4531 2673 4601 τῆς
2696 4531 2919 4602 γνώμης
2945 4530 3041 4598 τὴν
3071 4528 3370 4599 φιλοξενίαν
3397 4548 3672 4602 χαρακτη-

2013 4610 2159 4684 ρίσαι
2192 4608 2435 4681 βούλεται
2464 4609 2563 4679 τῆς
2595 4610 2784 4679 κόρης,
2816 4608 2906 4662 καί
2936 4624 3099 4678 φησιν
3124 4623 3137 4637 ο
3182 4608 3305 4661 Ἐἀν
3345 4608 3480 4679 ἐμοῦ
3515 4612 3666 4681 αἰτή-

2013 4704 2204 4751 σαντος
2243 4689 2371 4761 παρ’
2414 4688 2585 4759 αὐτῆς
2621 4688 2682 4739 τὸ
2724 4686 2890 4758 ὐδωρ,
2932 4685 3181 4758 ἐπικλίνῃ
3210 4703 3299 4755 μοι
3326 4686 3424 4756 τὴν
3451 4687 3667 4759 ὐδρίαν,

2010 4766 2102 4818 καὶ
2132 4766 2206 4839 μὴ
2240 4766 2399 4836 μόνον
2426 4765 2487 4819 τὸ
2529 4765 2749 4834 αίτηθέν
2797 4766 3026 4839 ποιήσῃ,
3066 4762 3201 4815 ἀλλά
3242 4764 3334 4816 καὶ
3380 4763 3480 4834 τὴν
3519 4765 3670 4833 διψί-

2009 4844 2156 4899 λειαν
2174 4847 2272 4916 τῆς
2287 4847 2493 4909 οἰκείας
2515 4844 2736 4916 γνώμης
2762 4843 3111 4914 ἐπιδείξηται,
3140 4843 3231 4896 καὶ
3249 4842 3397 4915 εἴπῃ,
3428 4845 3536 4899 Καὶ
3558 4849 3671 4909 ταῖς

2010 4924 2276 4996 καμήλοις
2327 4942 2421 4979 σου
2465 4924 2885 4996 ἐφυδρεύσομαι,
2937 4922 3209 4994 ἀρκοῦσαν
3249 4924 3526 4990 ἀπόδειξιν
3564 4942 3667 4978 πα-

2011 5005 2169 5076 ρέσχε
2213 5005 2300 5060 διὰ
2350 5006 2451 5075 τῆς
2495 5004 2587 5058 τοῦ
2632 5004 2823 5067 ὓδατος
2866 5003 3109 5075 παροχῆς
3147 5004 3246 5073 τῆς
3291 5002 3403 5056 τῶν
3456 5006 3669 5077 τρόπων

2006 5086 2324 5150 ἐπιεικείας.

2075 5165 2137 5219 δ’.
2156 5165 2433 5233 Ἐννόησον
2462 5164 2570 5234 γάρ
2592 5180 2700 5233 μοι,
2728 5164 2997 5234 ἀγαπητέ,
3014 5162 3136 5217 ὅσον
3161 5158 3227 5234 ἦν
3253 5164 3419 5236 κόρην
3459 5164 3665 5236 ἁπαλὴν

2009 5244 2374 5315 ὑδρευομένην
2406 5244 2467 5296 οὐ
2507 5244 2664 5313 μόνον
2697 5244 2771 5313 μὴ
2800 5243 3091 5297 ἀνανεῦσαι
3122 5242 3257 5313 πρὸς
3286 5246 3385 5315 τὴν
3417 5245 3661 5311 αἴτησιν,

2008 5323 2141 5381 ἀλλὰ
2161 5324 2253 5377 καὶ
2276 5323 2520 5377 καθεῖναι
2540 5324 2639 5393 τὴν
2668 5323 2853 5394 ὐδρίαν
2878 5322 2984 5375 ἀπὸ
3006 5321 3112 5374 τῶν
3135 5320 3299 5392 ώμων
3322 5361 3337 5383 ,
3370 5323 3462 5377 καὶ
3494 5342 3662 5393 παρα-

2012 5407 2161 5474 σχεῖν
2188 5403 2563 5475 ἐμφορηθῆναι
2582 5402 2662 5473 τῷ
2687 5402 2944 5464 αἰτοῦντι,
2974 5402 3064 5453 καὶ
3089 5400 3257 5454 ταῦτα
3282 5401 3416 5470 ξένῳ
3440 5402 3554 5454 δντι
3575 5404 3663 5454 καὶ

2009 5486 2303 5556 οὐδαμόθεν
2329 5486 2588 5555 γνωρίμῳ
2607 5501 2619 5514 ·
2644 5486 2737 5539 καὶ
2768 5485 2828 5539 οὐ
2866 5485 3022 5554 μόνον
3054 5483 3248 5553 τούτῳ,
3279 5484 3413 5537 ἀλλά
3434 5487 3531 5537 καὶ
3551 5488 3661 5546 ταῖς

2012 5566 2274 5637 καμήλοις
2298 5567 2537 5629 ἀπάσαις
2568 5565 2945 5636 ὑδρεύσασθαι,
2973 5564 3065 5616 καὶ
3091 5564 3256 5629 δεῖξαι
3280 5563 3363 5616 διά
3390 5564 3499 5616 τῶν
3527 5581 3661 5631 γινο-

2015 5648 2191 5717 μένων
2218 5646 2314 5715 τῆς
2344 5647 2400 5699 ἐν
2436 5649 2503 5717 τῇ
2539 5647 2683 5718 ψυχῇ
2721 5646 2997 5715 εὐγενείας
3035 5643 3102 5697 τὰ
3144 5645 3434 5715 τεκμήρια.
3474 5645 3544 5698 Ἣ
3568 5646 3659 5696 οὐκ
3716 5692 3717 5697 η

2081 5751 2106 5809 9
2144 5748 2291 5797 Savil.
2316 5753 2369 5796 et
2387 5755 2597 5809 quatuor
2618 5763 2730 5798 mss.
2758 5766 2852 5798 σοι.
2878 5749 3047 5797 Morel.
3073 5765 3144 5797 σε.

2081 5808 2111 5847 δ
2138 5810 2217 5857 Sic
2239 5808 2434 5858 inverso
2455 5812 2624 5858 ordine
2654 5813 2831 5871 legitur
2854 5811 2999 5858 etiam
3025 5811 3070 5857 in
3092 5814 3200 5858 Sav.
3222 5816 3275 5871 οι
3305 5811 3353 5857 in
3377 5822 3490 5857 mss.
3508 5808 3656 5865 Inter.

2045 5884 2141 5918 ‘res
2163 5873 2509 5929 veluslegissc
2552 5870 2761 5926 \idelu'r.
2805 5875 2859 5919 ut
2882 5880 2958 5919 est
2982 5872 3219 5930 hodieque
3265 5870 3311 5917 in
3356 5876 3521 5919 uram
3544 5872 3655 5925 eun

2054 5933 2252 5993 fulgala.
2285 5930 2413 5983 Deus
2436 5932 2695 5995 Abraham,
2720 5935 2843 5986 Dcus
2870 5932 3025 5993 tum,
3055 5941 3099 5987 cl
3130 5934 3252 5985 Deus
3271 5933 3435 5983 Juwb.
