3792 6264
167 264 269 320 137

163 397 282 433 nem
322 393 487 431 meum
510 417 528 445 ,
568 384 615 431 et
649 374 768 430 inde
795 371 1010 444 accipies
1033 388 1241 427 uxorem
1289 371 1397 438 [ilio
1431 383 1540 422 meo
1586 364 1756 421 Isaac.

165 469 361 524 Vidisti
389 466 695 524 mandatum
724 464 1064 537 patriarchzc,
1090 462 1231 534 quod
1257 460 1454 515 famulo
1477 457 1665 514 dedit?
1693 459 1763 511 At

166 578 237 617 ne
286 559 644 630 perfunctorie
672 567 957 629 prcctereas
986 556 1160 623 dicta,
1201 554 1295 610 sed
1330 552 1500 624 cogita
1530 558 1760 606 mentem

163 665 220 709 et
252 654 582 724 propositum
606 651 768 723 justi,
800 658 854 706 et
880 647 1096 705 attende
1124 644 1393 718 quomodo
1421 652 1629 699 veteres
1652 655 1761 696 non

165 746 486 815 uincerebant
522 744 871 799 substantiam
915 739 1135 797 multam
1157 781 1173 806 ,
1221 754 1329 793 non
1364 734 1574 792 divitias
1596 775 1613 802 ,
1652 749 1759 789 non

163 853 375 904 servos,
408 851 514 891 non
544 845 621 891 tot
646 844 699 891 et
725 844 801 889 tot
821 832 1007 903 jugera
1036 830 1169 900 agri,
1198 844 1303 884 non
1326 839 1564 884 externae
1589 840 1758 881 venn-

166 930 321 986 statis
351 929 576 985 formam
597 969 610 988 .
642 926 736 982 sed
773 925 966 981 anima:
995 919 1444 994 pulchritudinem
1473 927 1529 975 et
1550 933 1757 972 morum

166 1024 523 1078 nobilitatem.
569 1019 701 1075 Nam
733 1018 982 1088 quoniam
1009 1013 1221 1069 videbat
1254 1011 1542 1082 nequitiam
1571 1023 1756 1065 eorum

161 1114 256 1184 qui
287 1114 339 1169 in
366 1113 669 1168 Chananzea
701 1107 1027 1172 habitabant,
1072 1106 1248 1160 sciens
1277 1114 1532 1174 quantum
1560 1099 1758 1154 bonum

162 1209 234 1263 sit
258 1207 540 1277 eonjugem
574 1203 774 1258 habere
802 1199 989 1256 iisdem
1018 1197 1257 1253 moribus
1280 1194 1584 1266 pneditam,
1613 1206 1755 1262 pra:-

160 1300 294 1371 cipit
323 1313 503 1363 servo,
531 1304 587 1352 et
607 1295 969 1365 juramentum
995 1289 1233 1354 adhibet,
1266 1296 1320 1343 ut
1348 1303 1412 1342 ex
1440 1301 1535 1342 sua
1561 1299 1756 1355 cogna-

162 1393 312 1447 tione
339 1404 561 1445 uxorem
595 1387 773 1442 lsaaco
800 1384 1027 1440 adducat
1061 1400 1075 1437 :
1105 1396 1277 1451 neque
1307 1377 1641 1433 intervallum
1671 1374 1752 1429 Io-

158 1499 349 1539 corum
373 1524 391 1549 ,
433 1498 605 1548 neque
640 1480 760 1534 alia:
785 1476 1123 1534 difﬁcultates
1144 1487 1361 1545 segnem
1400 1487 1525 1526 eum
1568 1470 1622 1524 in
1672 1469 1753 1523 his

157 1575 392 1632 reddunt
422 1593 435 1629 :
463 1573 560 1631 sed
589 1573 766 1629 sciens
791 1571 867 1626 rei
898 1569 1291 1632 necessitatem,
1327 1580 1540 1620 omnem
1566 1577 1749 1619 curam

159 1678 217 1723 et
260 1666 494 1724 studium
523 1664 772 1732 adhibet,
803 1678 868 1719 ac
893 1662 1053 1719 mittit
1081 1660 1454 1715 domesticum.
1486 1655 1753 1713 Cmterum

157 1757 460 1831 patriarcha
485 1757 735 1813 virtutem
762 1763 968 1811 tantum
988 1751 1151 1808 animi
1174 1763 1439 1822 quzerens,
1472 1758 1526 1804 et
1549 1746 1748 1802 abhor-

156 1866 283 1906 rens
303 1865 335 1904 a
356 1850 651 1904 vicinorum
672 1846 898 1910 malitia,
921 1845 992 1899 ita
1019 1842 1233 1915 quidem
1260 1856 1318 1897 se
1337 1840 1504 1912 gerit;
1528 1847 1584 1894 at
1609 1852 1751 1892 nunc

150 1958 347 2001 omnes
376 1940 681 2013 hujusmodi
707 1938 1068 1995 conditionem
1093 1952 1160 1992 ne
1181 1934 1476 2006 cogitarent
1494 1931 1708 2003 quidem
1732 1947 1747 1985 :

153 2051 279 2090 nam
313 2036 415 2091 etsi
446 2034 589 2089 vitiis
615 2031 911 2088 innumeris
933 2030 1089 2102 plena
1117 2029 1207 2093 sit,
1237 2028 1339 2084 hoc
1367 2026 1540 2082 solum
1570 2025 1749 2095 inqui-

56 2150 63 2159 ι
149 2135 299 2193 runt,
327 2134 582 2198 quantum
618 2123 855 2179 abundet
880 2121 1157 2193 pecuniis;
1209 2128 1402 2175 caetera
1437 2117 1617 2173 omnia
1655 2132 1751 2187 po-

148 2221 379 2276 steriore
408 2220 528 2275 loco
555 2217 775 2284 habent,
808 2214 1107 2271 nescientes
1127 2230 1206 2283 se,
1238 2214 1282 2269 si
1312 2227 1466 2269 mens
1494 2227 1745 2284 perversa

145 2314 255 2376 sit,
287 2312 412 2366 licet
438 2310 713 2366 immensae
739 2306 960 2363 afﬂuant
984 2305 1181 2361 divitiae
1202 2347 1216 2371 ,
1250 2305 1355 2362 cito
1376 2305 1429 2361 in
1450 2314 1745 2361 extremam

150 2414 412 2460 venturos
441 2402 675 2473 inopiam
703 2418 717 2456 :
744 2409 799 2456 et
820 2398 953 2454 nihil
981 2396 1286 2469 profuturas
1305 2411 1455 2467 opes,
1484 2411 1606 2452 cum
1638 2410 1744 2450 non

145 2500 219 2554 sit
245 2498 318 2553 ibi
347 2511 502 2554 mens
524 2510 644 2567 qua:
674 2493 812 2549 bene
834 2492 950 2547 illas
978 2492 1289 2563 dispensare
1316 2499 1496 2560 queat.

219 2592 276 2646 5.
308 2589 504 2646 Verum
544 2586 842 2659 patriarcha
869 2600 1029 2641 servo
1067 2591 1376 2640 accuratum
1404 2581 1556 2638 dedit
1585 2597 1743 2637 man-

144 2684 335 2738 datum
361 2724 378 2749 ,
407 2690 462 2736 et
482 2679 799 2750 iuramentis
837 2692 959 2732 eum
986 2676 1289 2731 adstrinxit.
1324 2673 1611 2730 Videamus
1650 2689 1745 2727 au-

147 2786 262 2832 tem
309 2789 454 2829 nunc
482 2780 538 2827 et
564 2771 702 2825 servi
732 2770 1080 2839 probitatem,
1111 2766 1380 2839 quomodo
1419 2765 1536 2821 beri
1576 2766 1744 2835 pieta-

144 2878 255 2923 tem
286 2865 521 2920 imitatus
537 2864 623 2918 sil.
648 2862 778 2917 Nam
811 2869 1087 2932 postquam
1114 2858 1245 2914 vidit
1266 2867 1371 2914 tam
1392 2856 1741 2927 seriojustum

144 2961 249 3016 sibi
308 2955 631 3027 praecipere,
677 2953 809 3009 dicit
847 2953 896 3009 ei
931 2952 1022 3008 :5.
1053 2951 1114 3007 Si
1157 2967 1259 3006 non
1308 2950 1521 3005 voluerit
1563 2949 1745 3003 mulier

143 3051 319 3107 uenire
340 3066 535 3103 mecum
554 3089 569 3112 ,
598 3048 673 3103 vis
697 3045 863 3117 ﬁlium
895 3055 1037 3100 tuum
1061 3045 1115 3099 in
1148 3052 1333 3099 terram
1353 3085 1368 3108 ,
1394 3044 1528 3099 unde
1564 3043 1741 3109 existi,

144 3142 429 3198 inducam?
456 3139 523 3196 Ut
548 3154 617 3194 ne
636 3180 651 3205 ,
688 3137 891 3209 inquit,
922 3136 969 3190 si
995 3135 1282 3191 dilﬁcultas
1302 3134 1474 3205 aliqua
1509 3132 1741 3200 incidat,

141 3232 526 3304 transgrediar
546 3229 794 3287 mandata
838 3238 968 3284 tua:
1001 3242 1131 3299 rogo
1152 3269 1167 3293 ,
1196 3225 1322 3298 quid
1365 3224 1633 3296 oportebit
1658 3241 1746 3282 me

142 3327 438 3381 observare
460 3363 476 3387 ,
503 3332 557 3379 et
577 3336 718 3377 nunc
750 3320 922 3391 placet
949 3319 1044 3375 tibi
1065 3327 1121 3373 ut
1143 3317 1269 3373 illuc
1297 3316 1455 3372 abeat
1477 3315 1625 3373 Isaac
1646 3359 1662 3383 ,
1690 3326 1747 3373 et

142 3426 365 3486 accepta
391 3428 588 3487 sponsa
612 3413 834 3478 redeat,
857 3414 901 3466 si
932 3428 1035 3467 non
1066 3410 1313 3476 voluerit,
1344 3419 1407 3465 ut
1437 3408 1739 3476 mandasti,

144 3510 336 3567 venire
378 3507 620 3564 mecum?
654 3505 792 3574 Quid
840 3506 1000 3577 igitur
1040 3504 1254 3576 justus?
1284 3505 1517 3576 Denegat
1560 3503 1662 3559 hoc
1689 3513 1745 3560 et

142 3602 279 3657 dicit
306 3620 321 3654 :
345 3599 379 3655 6
404 3598 615 3654 Attende
642 3597 754 3663 tibi;
784 3614 846 3651 ne
870 3598 1056 3652 educas
1078 3597 1243 3666 ﬁlium
1267 3613 1433 3650 meum
1460 3597 1601 3651 illuc.
1624 3595 1742 3651 Non

140 3695 251 3751 erit
279 3694 373 3749 tibi
397 3692 496 3748 hac
517 3707 575 3747 re
600 3706 754 3760 Opus.
770 3690 870 3758 Qui
900 3690 1044 3745 enim
1069 3688 1196 3744 mihi
1221 3688 1323 3744 hoc
1351 3689 1616 3759 pollicitus
1636 3698 1737 3755 est,

140 3797 202 3844 et
248 3785 495 3857 promisit
528 3798 713 3839 semen
759 3782 875 3853 ejus
918 3783 989 3837 ita
1041 3780 1529 3851 multiplicandum,
1580 3782 1740 3837 etiam

139 3878 359 3938 curabit
410 3876 510 3931 hoc
536 3884 592 3930 ut
621 3889 876 3946 prOSpere
913 3872 1185 3929 succedat.
1217 3871 1301 3928 Ne
1339 3873 1499 3943 igitur
1521 3871 1743 3927 abducas

138 3971 272 4026 illuc
320 3969 487 4038 ﬁlium
537 3983 721 4022 meum.
760 3967 814 4020 7.
865 3964 1117 4021 Dominus
1167 3964 1309 4021 Deus
1356 3966 1468 4020 ειειὶ
1512 3975 1561 4020 et
1603 3964 1744 4022 Deus

140 4076 319 4119 terris.
372 4059 504 4116 Vide
558 4057 828 4128 quomodo
873 4057 1121 4127 superius
1172 4071 1385 4111 servum
1438 4055 1694 4127 adjurans
1724 4099 1739 4123 ,

140 4156 327 4226 ipsum
356 4151 426 4208 de
447 4150 686 4206 omnium
708 4148 998 4204 Conditore
1022 4146 1252 4204 instituit
1283 4164 1296 4200 :
1321 4156 1376 4203 et
1393 4163 1533 4203 nunc
1560 4163 1744 4216 precao

143 4258 301 4302 turus
332 4245 554 4308 iterum,
586 4240 775 4296 eadem
805 4239 968 4295 verba
1012 4237 1142 4294 dicit
1170 4255 1186 4294 :
1211 4254 1306 4309 per
1324 4238 1503 4295 omnia
1527 4254 1741 4294 servum

140 4338 383 4401 ducens,
432 4342 488 4389 ut
537 4332 726 4388 ﬁducia
776 4332 826 4387 in
871 4346 994 4387 eum
1042 4332 1227 4400 plenus
1264 4331 1366 4386 iter
1407 4331 1659 4402 arripiat,
1692 4340 1744 4385 et

140 4429 218 4484 de
265 4427 408 4482 bono
455 4426 532 4480 rei
595 4425 740 4479 exitu
788 4423 925 4479 bene
964 4430 1163 4492 speret.
1209 4421 1374 4476 Docet
1419 4422 1563 4477 enim
1621 4438 1744 4499 eum

141 4528 408 4593 quantam
433 4519 561 4573 olim
588 4518 657 4571 ab
683 4518 835 4571 initio
863 4514 1289 4571 benevolentiam
1316 4515 1407 4570 Dei
1437 4513 1699 4571 invenerit
1726 4558 1742 4583 ,

138 4626 201 4671 et
227 4629 352 4671 eum
383 4613 473 4683 qui
503 4627 534 4666 a
555 4610 717 4666 domo
740 4619 958 4681 paterna
978 4622 1037 4664 se
1057 4607 1377 4675 evocaverit,
1408 4619 1459 4664 et
1487 4624 1654 4680 usque
1677 4609 1746 4665 ad

144 4710 257 4763 hoc
303 4717 514 4777 tempus
554 4705 625 4759 ita
663 4704 1075 4776 gubernaverit,
1104 4702 1320 4773 jamque
1348 4704 1400 4758 in
1429 4713 1533 4758 tam
1552 4719 1742 4774 prove-

142 4808 237 4855 cta
285 4808 500 4854 senecta
541 4796 689 4852 Isaac
717 4796 962 4861 dederit,
996 4810 1251 4866 prospera
1290 4795 1451 4850 etiam
1482 4812 1602 4867 qua:
1645 4796 1744 4852 ad-

146 4896 259 4949 huc
311 4892 620 4960 reStabant,
663 4890 925 4946 facturum
965 4906 1107 4946 esse.
1154 4888 1404 4945 Dominus
1446 4888 1621 4956 Deus,
1665 4892 1748 4947 in-

142 4985 288 5056 quit,
315 4982 427 5038 ειειί
444 4992 488 5039 et
515 4992 677 5049 terrm,
694 4983 782 5056 qui
800 4983 1072 5053 assumpsit
1092 4999 1171 5036 me
1187 4982 1250 5037 de
1263 4983 1415 5037 domo
1442 4985 1602 5054 patris
1627 4986 1743 5053 mei,

143 5089 197 5132 et
231 5076 297 5130 de
321 5086 454 5130 terra
487 5076 541 5130 in
569 5093 669 5139 qua
696 5088 846 5130 natus
871 5093 985 5131 sum
1008 5117 1023 5143 ,
1060 5077 1147 5131 ille
1175 5076 1282 5147 ipse
1303 5077 1388 5146 qui
1411 5078 1647 5146 loquutus
1672 5088 1745 5132 est

145 5168 281 5222 mihi
310 5169 481 5222 dicens
508 5183 527 5222 :
556 5166 671 5223 Tibi
698 5167 828 5222 dabo
851 5176 1038 5222 terram
1067 5167 1198 5222 hanc
1222 5178 1269 5223 et
1291 5168 1470 5223 semini
1496 5177 1582 5222 tuo
1608 5184 1628 5223 :
1655 5168 1746 5225 ille

144 5262 244 5333 qui
293 5271 493 5315 tantam
531 5275 659 5332 erga
708 5276 796 5317 me
832 5260 1124 5316 declaravit
1153 5259 1535 5332 benignitatem
1561 5272 1616 5319 et
1642 5277 1743 5318 cu-

146 5368 269 5411 ram
295 5397 311 5421 ,
342 5355 453 5423 ipse
501 5354 663 5408 mittet
691 5358 925 5425 angelum
963 5369 1113 5408 suum
1132 5362 1251 5408 ante
1292 5364 1367 5421 te,
1392 5363 1440 5408 et
1468 5354 1587 5408 inde
1608 5354 1745 5408 acci-

150 5451 266 5518 pies
294 5448 405 5515 ﬁlio
434 5464 543 5502 meo
577 5462 806 5501 uxorem.
837 5445 1158 5515 Conﬁdens,
1186 5446 1377 5516 inquit,
1407 5446 1493 5501 abi
1520 5465 1535 5502 :
1565 5454 1745 5502 certus

142 5543 296 5596 enim
345 5555 464 5594 sum
511 5555 633 5595 eum
683 5539 770 5611 qui
824 5541 983 5593 tantis
1023 5556 1109 5595 me
1177 5538 1449 5596 beneﬁciis
1490 5539 1747 5597 hactenus

146 5640 514 5703 proscquutus
540 5641 651 5699 est,
684 5632 951 5701 prioribus
976 5634 1134 5688 etiam
1180 5632 1309 5687 illud
1337 5632 1664 5698 additurum,
1694 5642 1749 5689 et

145 5730 446 5784 missurum
470 5728 715 5799 angelum
747 5742 902 5784 suum
927 5737 1047 5784 ante
1080 5736 1149 5784 te.
1180 5726 1296 5799 Ipse
1319 5766 1336 5795 ,
1364 5726 1570 5798 inquit,
1601 5726 1747 5783 viam

1158 257 1221 316 ΙΝ
1258 255 1407 314 CAP.
1449 250 1638 309 XXIV.
1680 249 1922 309 GENES.
1965 250 2199 311 IiOMlL.
2243 253 2472 311 XLVIII.

3356 276 3460 333 438

1876 364 1969 419 tibi
2018 368 2339 437 praeparabit
2382 370 2435 424 in
2466 370 2742 438 omnibus‘,
2776 389 3105 449 uxoremque
3137 383 3228 440 tibi
3274 399 3453 446 notam

1869 453 2053 549 faciet,
2084 466 2141 549 ut
2167 469 2388 529 accepta
2416 475 2478 515 ea
2505 460 2610 516 huc
2635 462 2844 521 redeas.
2881 466 3033 535 Quod
3064 473 3109 526 si
3139 478 3409 549 contingat
3435 522 3452 546 ,

1870 545 2013 615 quod
2056 547 2196 603 absit
2218 591 2232 615 ,
2263 561 2320 604 ut
2367 552 2660 609 reluctetur
2692 570 2825 611 uxor
2856 559 3039 617 venire
3075 562 3207 629 huc,
3249 545 3455 628 alienus

1868 640 1974 693 eris
1995 654 2025 693 a
2054 641 2427 701 maledictione
2444 645 2751 716 juramenti.
2777 651 2829 705 8.
2852 650 3074 709 Tantum
3100 659 3264 728 ﬁlium
3290 681 3453 721 ineunt

1866 730 1988 825 illuc
2008 747 2089 825 ne
2110 732 2349 788 abducas.
2375 735 2587 792 Nullum
2608 741 2750 795 enim
2786 742 2914 798 mihi
2940 745 3157 804 dubium
3180 762 3291 817 est,
3324 758 3451 825 quin

1867 821 2125 915 Dominus
2143 826 2374 883 secunda
2394 829 2483 883 tibi
2503 829 2870 891 faciatomnia.
2892 838 3177 898 Declarans
3190 819 3449 915 quanium
3467 819 3477 841 ’

1865 912 2060 970 divinte
2108 918 2359 986 potentia:
2412 920 2568 989 ﬁdat,
2604 926 2848 993 prohibet
2886 944 3099 987 servum
3122 977 3136 1001 ,
3284 940 3452 997 filium

1865 1002 1958 1058 illo
1983 1004 2216 1062 inducat.
2241 1009 2455 1078 Postea,
2485 1028 2605 1069 cum
2634 1015 2920 1088 diligenter
2947 1025 3251 1083 mandasset
3271 1045 3450 1098 servo,

1864 1114 2100 1171 Curaque
2151 1117 2275 1158 enm
2318 1104 2637 1172 liberasset;
2665 1111 2954 1169 verebatur
2997 1120 3140 1173 enim
3171 1137 3359 1180 servus
3388 1140 3456 1180 ne

1864 1192 2117 1249 mandato
2143 1210 2249 1250 non
2290 1196 2509 1267 impleto
2533 1202 2747 1270 perjurii
2780 1220 2903 1260 reus
2944 1206 3132 1264 ﬁeret:
3164 1212 3219 1267 9.
3250 1212 3450 1278 Posita,

1863 1282 2067 1353 inquit,
2096 1303 2250 1341 manu
2277 1305 2370 1343 sua
2414 1289 2585 1346 subter
2627 1296 2807 1365 femur,
2830 1297 3023 1367 juravit
3052 1302 3097 1353 ei
3122 1318 3273 1373 super
3301 1308 3449 1361 verbo

1862 1378 1980 1445 hoc,
2011 1381 2154 1450 quod
2185 1383 2353 1439 ﬁlium
2375 1400 2529 1441 suum
2549 1388 2675 1444 illuc
2695 1405 2801 1446 non
2831 1391 3121 1452 abduceret
3149 1397 3317 1456 Isaac.
3350 1401 3443 1457 Vi-

1860 1468 1985 1565 disti
2014 1473 2285 1541 quomodo
2314 1476 2380 1532 ab
2404 1476 2556 1532 initio
2577 1495 2765 1536 servus
2804 1482 3116 1543 indicaverit
3140 1503 3292 1546 suam
3321 1508 3446 1565 erga

1860 1558 2138 1618 dominum
2160 1564 2617 1624 benevolentiam?
2647 1571 2779 1628 Vide
2797 1590 2937 1631 nunc
2965 1581 3236 1648 quomodo
3262 1598 3324 1640 ea
3355 1558 3445 1654 pa-

1860 1653 2107 1709 triarcbae
2131 1655 2372 1714 doctrina
2422 1661 2613 1717 melior
2631 1667 2897 1732 evaserit,
2929 1675 2983 1723 et
3010 1669 3247 1728 imitatus
3286 1653 3448 1731 fuerit

1852 1745 1982 1816 justi
2016 1749 2264 1818 pietatem
2311 1758 2473 1825 utique
2517 1756 2847 1827 religionem.
2883 1762 2966 1816 10.
3014 1764 3248 1835 Acceptis
3270 1768 3404 1823 enim
3429 1810 3446 1835 ,

1858 1838 2047 1908 inquit,
2071 1857 2243 1897 servus
2262 1842 2431 1898 decem
2470 1848 2678 1902 camelis
2696 1890 2712 1915 ,
2745 1860 2791 1903 et
2821 1852 2885 1905 de
2907 1853 3137 1909 omnibus
3162 1856 3304 1913 bonis
3333 1876 3447 1924 quia

1856 1931 2049 1987 domini
2073 1936 2153 1989 sui
2176 1946 2321 1991 erant
2344 1979 2360 2004 ,
2404 1943 2624 1995 surrexit
2650 1950 2698 1995 et
2738 1944 2992 2014 profectus
3018 1957 3091 2003 est
3128 1950 3181 2003 in
3209 1950 3447 2020 Mesopo-

1856 2026 2065 2080 tamiam
2089 2028 2142 2082 in
2179 2029 2432 2085 civitatem
2458 2030 2691 2099 Nachor,
2724 2036 2809 2090 11.
2842 2045 2887 2091 et
2913 2041 3202 2097 recumbere
3218 2042 3446 2097 camelos

1855 2119 1973 2189 fecit
2001 2131 2146 2175 extra
2169 2122 2418 2177 civitatem
2431 2126 2588 2196 juxta
2603 2137 2808 2197 puteum
2828 2146 2974 2201 aqua
2996 2134 3218 2203 vesperi,
3239 2137 3443 2205 quando

1854 2211 2179 2281 egrediuntur
2213 2224 2493 2285 aquatum.
2565 2218 2651 2273 12.
2697 2218 2767 2274 Et
2807 2223 2935 2277 dixit
2958 2240 2977 2277 :
3037 2223 3254 2281 Domine
3303 2227 3443 2283 Deus

1853 2301 2046 2358 domini
2067 2304 2163 2358 mei
2201 2305 2476 2362 Abraham.
2522 2307 2658 2365 Vide
2703 2315 2845 2368 servi
2886 2314 3230 2384 probitatem.
3284 2318 3444 2377 Orbis

1855 2393 2139 2450 Dominum
2168 2412 2199 2452 a
2242 2397 2543 2467 patriarcha
2589 2402 2831 2458 nominat
2857 2421 2871 2459 :
2901 2404 3120 2462 Domine
3146 2409 3288 2464 enim
3310 2452 3325 2476 ,
3358 2412 3441 2466 in-

1852 2487 1987 2558 quit,
2017 2486 2154 2543 Deus
2182 2489 2376 2544 domini
2405 2493 2501 2545 mei
2550 2491 2806 2548 Abraham
2830 2536 2845 2561 ,
2884 2496 2974 2567 qui
3020 2506 3162 2553 tanta
3207 2500 3259 2555 in
3293 2501 3441 2557 illum

1852 2581 2107 2636 beneﬁcia
2134 2582 2432 2638 contulisti.
2463 2584 2530 2639 Et
2554 2586 2679 2656 quid
2706 2587 2914 2643 miraris
2941 2590 2984 2644 si
3016 2606 3202 2648 servus
3222 2608 3346 2648 eum
3369 2594 3441 2648 ita

1852 2683 2007 2729 vocat
2030 2674 2195 2730 Deum
2224 2675 2520 2732 Abraham?
2548 2678 2663 2747 Ipse
2688 2680 2924 2737 onmimn
2956 2682 3096 2738 Deus
3138 2694 3445 2742 monstrans

1850 2766 2123 2836 quomodo
2158 2767 2428 2839 justorum
2460 2770 2709 2825 virtutem
2757 2772 2933 2843 magni
2984 2772 3179 2844 faciat,
3236 2776 3440 2846 inquit,

1854 2858 1965 2929 Ego
2014 2877 2127 2915 sum
2152 2857 2295 2916 Deus
2320 2860 2579 2915 Abraham
2608 2874 2656 2918 et
2684 2862 2824 2919 Deus
2861 2863 3014 2919 Isaac
3033 2877 3081 2921 et
3116 2866 3254 2922 Deus
3280 2867 3443 2924 Iacob

1854 2950 2048 3023 (Exod.
2097 2952 2150 3008 5.
2204 2951 2284 3021 6).
2335 2953 2401 3008 Et
2431 2952 2561 3007 dicit
2606 2953 2869 3009 :Domine
2914 2954 3054 3010 Deus
3100 2958 3293 3012 domini
3346 2960 3444 3014 mei

1850 3044 2144 3112 Abraham,
2187 3061 2425 3115 prospere
2453 3044 2617 3117 dirige
2642 3062 2815 3101 coram
2842 3063 2921 3101 me
2941 3047 3091 3102 hodie
3114 3089 3130 3116 ,
3164 3058 3209 3103 et
3232 3054 3317 3121 fac
3341 3052 3442 3103 mi.

1826 3135 2179 3191 ‘sericordiam
2193 3152 2309 3191 cum
2333 3136 2536 3190 domino
2564 3152 2674 3191 meo
2697 3136 2993 3203 Abraham;
3015 3139 3166 3208 quasi
3191 3138 3395 3195 diceret
3424 3157 3437 3194 :

1850 3228 1956 3283 Fac
1984 3237 2041 3283 ut
2068 3228 2391 3299 impleantur
2419 3242 2482 3284 ea
2512 3243 2630 3298 qum
2660 3228 2747 3283 ille
2768 3228 2899 3296 vult,
2928 3236 2985 3283 et
3003 3230 3297 3285 secundum
3325 3234 3442 3301 ejus

1849 3321 2169 3377 sententiam
2221 3336 2477 3393 prospera
2524 3320 2610 3377 fac
2638 3323 2840 3377 omnia.
2886 3321 2997 3376 Fac
3041 3324 3442 3379 misericordiam

1850 3430 1965 3467 cum
2008 3413 2218 3470 domino
2246 3429 2355 3467 meo
2378 3412 2657 3467 Abraham.
2698 3411 2838 3480 Quid
2858 3421 2940 3468 est
2962 3454 2978 3478 ,
3012 3411 3122 3467 Fac
3150 3414 3441 3468 misericor-

1850 3505 2032 3559 diam?
2059 3503 2179 3558 Voti
2211 3512 2516 3575 compotem
2546 3519 2669 3560 eum
2715 3502 2820 3559 fac.
2852 3504 3054 3560 Deinde
3104 3505 3313 3577 inquit,
3347 3506 3435 3562 15.

1852 3595 1983 3650 Ecce
2006 3611 2099 3667 ego
2125 3603 2202 3650 sto
2250 3604 2458 3666 propter
2481 3595 2672 3665 fontem
2717 3611 2900 3665 aqua,
2928 3596 3051 3664 ﬁlia:
3087 3605 3255 3650 autem
3297 3597 3446 3651 habi-

1850 3689 2065 3742 tantium
2100 3687 2352 3741 civitatem
2391 3687 2717 3757 egrediuntur
2746 3695 2802 3739 ut
2830 3687 3072 3739 hauriant
3109 3703 3318 3756 aquam.
3347 3688 3435 3742 14.

1851 3780 1919 3835 Et
1935 3781 2027 3835 erit
2044 3781 2183 3851 virgo
2208 3780 2289 3833 cui
2310 3795 2401 3849 ego
2424 3779 2601 3833 dixero
2624 3777 2681 3832 :1
2689 3778 2857 3832 nclina
2874 3778 3111 3849 hydriam
3135 3788 3274 3831 tuam
3300 3779 3439 3832 utbi-

1849 3872 1983 3940 bam,
2003 3881 2048 3926 et
2073 3870 2255 3925 dixerit
2272 3868 2415 3931 mihi,
2434 3868 2577 3935 Bibe,
2604 3878 2651 3923 et
2670 3868 2887 3924 camelos
2910 3879 3021 3923 tuos
3033 3870 3234 3940 potabo,
3262 3886 3442 3940 usque-

1849 3983 1946 4037 quo
1962 3965 2126 4019 bibere
2139 3979 2309 4018 omnes
2326 3972 2539 4027 cessent;
2559 3961 2703 4017 illam
2716 3964 3015 4033 preparasti
3035 3978 3191 4032 puero
3220 3971 3307 4015 tuo
3324 3960 3444 4016 Isa-

1848 4074 1941 4116 ac:
1966 4068 2013 4113 et
2040 4058 2093 4111 in
2111 4058 2205 4111 hoc
2229 4072 2549 4128 cognoscam,
2573 4057 2708 4127 quod
2732 4056 3127 4111 misericordiam
3157 4055 3444 4128 fecerisdo-

1850 4151 1986 4204 mino
2014 4166 2125 4204 meo
2147 4148 2423 4202 Abraham.
2454 4146 2590 4201 Vide
2618 4146 2758 4201 servi
2778 4145 3135 4216 prudentiam.
3157 4144 3290 4201 Nam
3317 4148 3441 4215 quia

1851 4249 2073 4299 noverat
2106 4237 2422 4311 patriarchae
2469 4237 2914 4308 hospitalitatem,
2942 4246 2997 4292 et
3032 4237 3155 4307 quia
3182 4235 3441 4307 virginem

1852 4336 1975 4392 inde
1989 4331 2283 4391 ducendam
2301 4346 2396 4401 par
2410 4339 2525 4387 erat
2544 4329 2730 4385 iisdem
2747 4345 2866 4385 esse
2885 4327 3163 4398 praeditam
3183 4328 3441 4394 moribus,

1851 4428 2045 4499 quibus
2070 4426 2248 4496 justus
2275 4424 2364 4479 ille
2397 4442 2411 4478 :
2445 4422 2645 4477 nullam
2677 4422 2846 4476 aliam
2873 4421 3239 4490 conjecturam
3271 4418 3442 4489 inqui-

1852 4521 1950 4583 rit,
1979 4516 2074 4574 sed
2096 4517 2463 4571 characterem
2491 4512 2760 4583 virginalis
2788 4511 2951 4567 animi
2981 4527 3048 4567 ex
3081 4509 3442 4581 hoSpitalitate

1851 4610 2105 4682 colligere
2129 4608 2259 4673 vult,
2285 4616 2340 4662 et
2365 4605 2536 4677 inquit
2562 4621 2579 4662 :
2610 4604 2665 4661 Si
2692 4604 2906 4675 quando
2934 4618 3036 4675 ego
3058 4618 3250 4674 aquam
3277 4601 3344 4656 ab
3377 4615 3442 4657 ea

1854 4703 2093 4774 petivero
2116 4742 2130 4766 ,
2163 4711 2217 4755 et
2269 4699 2487 4753 inclinet
2534 4697 2667 4752 mihi
2713 4694 2954 4766 bydriam
2987 4711 3001 4748 :
3030 4704 3085 4748 et
3132 4709 3235 4748 non
3266 4692 3442 4748 solum

1854 4794 2012 4850 faciat
2034 4792 2175 4865 quod
2206 4790 2451 4862 petierim
2474 4831 2489 4857 ,
2523 4788 2622 4844 sed
2646 4789 2807 4844 etiam
2838 4785 3129 4843 candorem
3154 4798 3218 4839 se
3238 4782 3437 4838 libera-

1854 4891 2055 4945 litatem
2085 4891 2276 4944 mentis
2305 4902 2417 4942 sua:
2440 4884 2704 4949 declaret,
2736 4883 2985 4953 dicatque
3015 4899 3028 4935 :
3064 4880 3232 4935 Etiam
3254 4893 3439 4933 came-

1854 4984 1935 5040 los
1964 4992 2086 5039 tuos
2105 4981 2345 5054 aquabo,
2370 4994 2579 5036 morum
2601 4992 2819 5033 suorum
2847 4972 3317 5030 mansuetudinem
3350 4984 3440 5024 sa-

1856 5077 1924 5132 tis
1944 5091 2011 5132 ex
2035 5090 2187 5146 aqua:
2214 5074 2494 5144 largitione
2518 5068 2775 5126 ostendit.

1924 5170 1978 5224 4.
2012 5166 2411 5230 Animadverte,
2436 5164 2684 5227 obsecro,
2713 5159 3015 5221 carissime,
3043 5162 3302 5226 quantum
3329 5152 3445 5211 fueo

1855 5262 1959 5325 rit,
1996 5259 2139 5330 quod
2169 5259 2317 5329 virgo
2348 5266 2528 5311 tenera
2559 5265 2810 5325 aquatum
2851 5251 3088 5323 profecta
3120 5264 3226 5305 non
3266 5247 3443 5303 solum

1855 5350 2101 5407 annuerit
2138 5351 2256 5421 ejus
2316 5348 2592 5419 petitioni,
2640 5355 2696 5401 et
2741 5344 3048 5415 deposuerit
3087 5344 3156 5397 ab
3208 5341 3446 5395 humeris

1858 5446 2122 5518 hydriam,
2140 5454 2193 5501 et
2213 5442 2279 5498 ad
2305 5443 2615 5497 societatem
2644 5437 2931 5510 praabuerit
2953 5436 3152 5507 petenti
3180 5432 3301 5490 viro
3324 5448 3442 5504 per—

1854 5537 2041 5609 egrino
2072 5544 2129 5592 et
2155 5548 2374 5607 prorsus
2417 5533 2600 5604 ignoto
2629 5550 2642 5586 :
2676 5541 2837 5601 atque
2876 5544 2981 5584 non
3022 5527 3197 5584 solum
3245 5525 3320 5581 illi
3347 5524 3425 5580 de.

1855 5630 2016 5689 derit.
2044 5627 2136 5684 sed
2162 5638 2216 5683 et
2236 5625 2471 5683 camelos
2501 5638 2697 5680 omnes
2712 5621 3010 5694 aqnaverit,
3038 5630 3094 5675 et
3116 5635 3210 5691 per
3236 5634 3298 5674 ea
3324 5632 3442 5685 qua:

1862 5725 2068 5783 Ilcbant
2113 5721 2490 5781 monstraverit
2532 5719 2726 5778 anima:
2762 5731 2875 5775 sua:
2917 5714 3317 5788 ingenuitatem.
3361 5711 3459 5764 Au.
