3730 6252
386 187 492 245 439

383 403 523 458 tibus
552 404 712 462 talia?
737 410 803 464 Et
826 414 953 483 quid
976 415 1101 473 dico
1125 419 1196 475 de
1218 436 1354 494 aqua
1393 403 1514 498 qua:
1543 403 1850 502 przebetur?
1882 440 1968 496 ln-

383 495 590 552 terdum
618 515 738 555 cum
766 502 912 561 faces
937 517 1140 579 tenent,
1170 522 1225 569 et
1250 516 1317 571 ab
1346 495 1722 583 accedentibus
1748 543 1968 588 orantnr

381 600 435 643 ut
463 592 732 664 paulisper
750 610 1084 671 exspectent,
1111 620 1220 677 quo
1247 609 1426 668 lumen
1452 618 1783 690 accendant,
1815 625 1871 680 id
1889 625 1967 681 fa-

380 695 500 736 rere
523 694 769 751 renuunt,
805 692 1016 747 tametsi
1047 695 1178 751 nihil
1210 699 1334 756 inde
1363 704 1633 764 minuatur
1659 710 1795 780 ignis
1820 756 1836 782 ,
1865 718 1965 773 etsi

378 772 644 829 innumeri
674 777 883 850 sintqui
907 785 1209 845 accendere
1229 792 1414 850 velint.
1446 796 1543 853 llic
1571 809 1752 858 autem
1774 816 1827 861 et
1852 823 1971 862 mu-

379 862 475 918 lier
494 874 550 921 et
578 870 776 937 puella,
798 871 1040 944 hydriam
1067 894 1278 952 quoque
1307 900 1470 957 super
1495 889 1746 951 humeros
1767 898 1965 969 ferens,

377 967 485 1009 nun
509 957 682 1013 solum
713 976 820 1016 non
849 968 1109 1034 gravatim
1139 973 1259 1029 tulit
1301 978 1440 1046 quod
1469 980 1537 1035 ab
1562 997 1624 1038 ea
1656 957 1963 1055 peteretur;

380 1045 474 1099 sed
514 1058 568 1103 et
599 1050 717 1120 plus
744 1070 903 1123 quam
946 1061 1166 1128 petitum
1194 1076 1307 1121 erat
1352 1074 1617 1129 concessit
1689 1086 1746 1133 et
1782 1090 1965 1149 potum

378 1137 546 1206 dedit,
581 1152 638 1198 ut
664 1146 901 1215 petebat,
931 1158 1094 1221 atque
1121 1169 1184 1209 ex
1216 1158 1391 1228 seipsa
1418 1163 1577 1218 etiam
1610 1137 1847 1226 camelos
1866 1189 1967 1243 po—

380 1241 497 1289 tare
519 1236 753 1295 festinat.
797 1243 1072 1301 Annucrat
1099 1251 1240 1306 enim
1270 1252 1530 1327 benignus
1559 1261 1700 1318 Deus
1734 1236 1965 1336 patriar-

376 1324 494 1381 cha:
521 1330 787 1399 precibus,
807 1337 1105 1409 angeloque
1129 1357 1229 1397 suo
1257 1347 1440 1414 misso,
1460 1352 1638 1409 omnia
1668 1356 1756 1411 illa
1782 1359 1965 1431 dispo-

377 1417 484 1475 suit
512 1418 627 1475 fieri
665 1424 805 1480 sicut
828 1442 1017 1484 servus
1052 1433 1330 1501 petiverat.
1362 1439 1492 1495 Dein
1524 1454 1807 1517 postquam
1836 1417 1966 1508 vidit

378 1524 437 1563 re
465 1511 577 1581 ipsa
608 1530 798 1583 preces
825 1521 1141 1587 patriarcha:
1161 1525 1432 1597 efficaces,
1463 1511 1774 1594 et'obtinuit
1800 1542 1963 1614 virgi-

384 1617 508 1657 nem
535 1619 690 1675 quam
718 1610 955 1680 optabat,
988 1613 1232 1686 illiusque
1256 1620 1502 1677 eximiam
1526 1626 1656 1680 vidit
1683 1610 1966 1702 hospitali-

380 1700 575 1761 tatem,
626 1697 746 1753 vide
788 1702 917 1770 quid
961 1703 1050 1770 fit;
1081 1705 1211 1762 dicit
1248 1710 1430 1766 enim:
1462 1713 1552 1770 20.
1597 1697 1878 1779 Festinavit
1920 1735 1966 1780 et

377 1795 635 1848 eracuasit
676 1813 862 1867 aquam
901 1800 955 1855 in
972 1805 1178 1859 canales
1196 1845 1215 1872 ,
1243 1817 1290 1862 et
1314 1813 1533 1866 cucurrit
1553 1814 1623 1867 ad
1651 1824 1879 1884 puteum,
1908 1827 1965 1873 ut

373 1884 603 1939 hauriret
642 1904 862 1959 aquarii,
884 1902 931 1946 et
956 1897 1160 1965 aquavit
1199 1916 1370 1957 omnes
1408 1907 1628 1962 camelos
1668 1910 1797 1981 ejus.
1828 1910 1964 1968 Vide

374 1975 854 2047 locupletissimam
880 1990 1373 2058 promptitudinem.
1391 1996 1495 2053 Per
1519 1998 1622 2057 hoc
1651 1975 1791 2057 enim
1819 2005 1962 2075 quod

375 2067 471 2133 ait,
480 2067 772 2142 Festinavit,
782 2085 827 2131 et
838 2083 1092 2137 evacuavit
1105 2085 1358 2156 hydriam,
1368 2102 1413 2144 et
1424 2095 1641 2147 cucth
1652 2095 1721 2149 ad
1735 2108 1960 2167 puteum,

378 2172 704 2221 monstratur
747 2171 937 2238 puella:
974 2188 1186 2231 summa
1226 2181 1475 2237 alacritas
1506 2201 1519 2239 :
1551 2188 1676 2256 quia
1704 2204 1879 2272 neque
1907 2201 1964 2248 ut
2051 2201 2059 2208 ’

375 2253 548 2310 aliena
575 2258 811 2330 aufugit,
852 2280 1025 2337 neque
1050 2278 1309 2337 praetextu
1354 2253 1694 2333 continentiae
1718 2264 1963 2352 petitioni

374 2348 595 2404 renuit:
636 2352 732 2408 sed
779 2369 905 2411 cum
946 2360 1112 2417 multa
1158 2367 1571 2426 mansuetudine
1615 2348 1818 2443 inquit,
1869 2376 1959 2432 18.

372 2434 519 2503 Bibe,
547 2439 767 2498 domine.
796 2445 1001 2519 Cogita,
1029 2452 1273 2522 obsecro,
1299 2467 1495 2527 quanta
1524 2434 1703 2517 etiam.
1715 2479 1777 2519 ea
1803 2434 1962 2524 artata

373 2526 534 2584 fuerit
556 2535 898 2594 continentiae
932 2540 1236 2613 diligentia,
1266 2526 1328 2603 et,
1349 2551 1626 2608 modestiae
1665 2556 1956 2614 eminentia

373 2619 857 2700 hospitalitatisque
876 2630 1193 2704 frequentia.
1216 2637 1419 2706 Quibus
1444 2642 1604 2713 igitur
1622 2647 1816 2717 opibus
1845 2649 1961 2707 huic

374 2728 478 2769 non
506 2727 632 2773 sunt
656 2723 1014 2791 pretiosiora?
1038 2729 1235 2798 quibus
1264 2732 1531 2791 thesauris
1560 2737 1676 2794 hmc
1704 2756 1807 2796 non
1835 2754 1962 2800 sunt

371 2806 736 2875 prtefcrenda?
763 2813 890 2870 Haec
930 2832 1135 2875 summa
1162 2822 1261 2878 dos
1284 2866 1298 2889 ,
1324 2824 1439 2882 huic
1476 2827 1757 2888 innumera
1779 2833 1915 2889 bona
1940 2876 1956 2903 ,

369 2902 485 2953 ωδε
529 2900 815 2960 thesaurus
858 2909 950 2978 qui
993 2927 1100 2967 non
1149 2918 1503 2975 consumitur.
1551 2921 1754 2983 Videas
1799 2928 1961 2999 igitur

369 2991 605 3058 prudens
649 3011 837 3053 servus
881 3003 1218 3062 manifestam
1259 3010 1352 3067 Dei
1403 3015 1792 3083 providentiam
1809 2991 1955 3086 :21.

366 3078 607 3139 Dissebat
629 3103 763 3157 eam,
795 3092 966 3162 inquit
989 3137 1004 3161 ,
1033 3106 1080 3151 et
1106 3098 1306 3169 silebat,
1340 3078 1567 3162 stt—sciret
1593 3078 1958 3182 prosperumne

368 3172 566 3241 fecisset
597 3176 845 3236 Dominus
882 3184 979 3240 iter
1002 3203 1148 3242 suum
1167 3230 1184 3258 ,
1213 3208 1280 3246 an
1321 3210 1442 3250 non.
1469 3172 1607 3265 Quid
1789 3204 1914 3259 illud
1937 3248 1952 3273 ,

366 3262 602 3321 Iliscebat
628 3286 738 3324 eam
758 3272 785 3326 .9
809 3274 979 3332 Verba
1006 3279 1119 3349 ipsa
1154 3284 1349 3353 puellae
1396 3262 1682 3360 diligenter
1705 3262 1954 3353 conside:

366 3354 551 3425 tabat,
580 3370 891 3432 aspectum,
942 3368 1206 3426 incessum
1231 3414 1248 3439 ,
1280 3374 1546 3443 habitum,
1574 3382 1784 3454 aliaque
1836 3401 1954 3441 om-

363 3444 453 3501 nia
487 3464 499 3501 :
532 3458 587 3504 et
611 3455 982 3525 exspectabat,
1018 3458 1088 3514 Ut
1116 3462 1266 3517 sciret
1305 3482 1375 3520 an
1411 3444 1713 3541 prosperum
1757 3477 1954 3544 fecisset

370 3538 621 3597 Dominus
640 3545 734 3599 iter
752 3562 918 3617 suum,
937 3567 1004 3606 an
1028 3569 1153 3607 non.
1181 3555 1313 3612 Nam
1336 3538 1455 3629 qua:
1465 3538 1577 3633 jam
1604 3564 1743 3622 facta
1774 3579 1948 3637 erant,

362 3631 625 3703 insignem
656 3645 711 3692 et
751 3639 1037 3707 plurimam
1072 3646 1289 3718 virginis
1328 3631 1636 3711 indicabant
1674 3631 1947 3716 virtutem.

363 3723 429 3777 lit
451 3724 571 3780 ideo
596 3742 945 3788 remunerans
968 3734 1086 3805 ejus
1106 3737 1464 3798 obedientiam
1486 3754 1541 3800 et
1566 3762 1719 3818 aqua:
1744 3750 1948 3807 submi-

360 3815 753 3887 nistrationem,
785 3823 1138 3897 circumponit
1167 3832 1215 3887 ei
1235 3875 1250 3900 ,
1282 3834 1474 3905 inquit,
1502 3838 1591 3892 22.
1616 3839 1835 3899 lnam-es
1855 3862 1949 3899 au-

358 3926 471 3966 reos
491 3920 536 3965 et
566 3913 698 3969 duas
716 3918 965 3987 armillas,
992 3930 1047 3977 et
1070 3923 1355 3994 diligenter
1373 3929 1706 4000 addiscebat,
1730 3953 1851 4006 qua:
1876 3939 1945 3995 ad

356 4002 526 4072 ipsam
556 4009 921 4079 pertinerent,
943 4022 1000 4068 et
1025 4017 1283 4086 rogabat,
1314 4019 1404 4077 23.
1429 4022 1589 4094 Cujus
1614 4042 1667 4080 es
1696 4002 1843 4097 filia?
1866 4041 1942 4099 et,

358 4094 501 4149 Num
519 4107 592 4152 est
614 4102 754 4169 apud
781 4112 977 4170 patrem
1000 4114 1141 4161 tuum
1164 4109 1303 4165 locus
1322 4112 1628 4171 diversorii?
1650 4094 1941 4179 considera

356 4197 413 4243 et
446 4188 532 4244 hic
570 4192 760 4260 puellas
787 4210 1123 4265 responsum.
1151 4199 1283 4257 Nam
1312 4208 1450 4260 sicut
1475 4221 1596 4262 cum
1626 4226 1818 4281 aquam
1850 4229 1943 4285 pe.

357 4289 512 4348 teret,
535 4298 645 4339 non
669 4286 839 4342 solum
861 4304 978 4344 eam
1005 4291 1183 4362 dedit,
1213 4296 1307 4353 sed
1328 4309 1382 4354 et
1405 4301 1641 4359 camelos
1670 4304 1811 4363 illius
1840 4324 1937 4378 p0-

354 4373 483 4427 tavit
514 4390 529 4428 :
561 4375 632 4430 ita
658 4385 712 4431 et
738 4378 822 4434 hic
842 4421 856 4443 ,
889 4393 1113 4453 rogante
1137 4401 1294 4443 servo
1312 4431 1327 4456 ,
1354 4407 1480 4447 num
1504 4404 1647 4450 esset
1672 4398 1856 4467 locus,
1885 4410 1941 4456 et

349 4464 503 4533 cujus
532 4477 678 4523 esset
704 4469 809 4525 filia
836 4512 851 4539 ,
880 4472 1089 4545 inquit,
1118 4478 1206 4534 24.
1234 4480 1375 4537 Filia
1401 4501 1514 4540 sum
1552 4486 1819 4548 But/melis
1841 4464 1939 4563 lilii

351 4554 602 4622 Meis/ne,
630 4575 774 4629 quem
800 4567 993 4634 peperit
1020 4568 1120 4637 ipsi
1149 4569 1381 4629 Nae/tor.
1411 4576 1549 4633 Dicit
1576 4589 1631 4635 et
1654 4554 1859 4651 patrem
1882 4596 1937 4641 et

345 4661 504 4702 avum
526 4688 542 4714 ,
573 4658 631 4703 ut
672 4651 779 4707 illis
805 4657 1032 4726 cognitis
1057 4659 1151 4717 fiat
1193 4664 1440 4722 alacrior.
1473 4670 1603 4726 Vide
1646 4676 1933 4733 candorem

345 4739 558 4806 puellas.
588 4742 665 4799 De
692 4752 845 4815 patre
868 4760 1103 4820 rogatur,
1133 4762 1190 4810 et
1216 4772 1321 4811 non
1349 4760 1521 4817 solum
1550 4763 1690 4820 hunc
1711 4767 1931 4831 indicat.

341 4829 439 4885 sed
483 4841 539 4888 et
568 4844 773 4905 patrem
800 4843 987 4909 patris.
1018 4842 1229 4902 Etcum
1259 4863 1501 4921 rogasset
1526 4869 1715 4913 servus
1756 4860 1931 4915 solmn

341 4937 409 4979 an
450 4936 593 4983 esset
637 4929 790 4989 locus
836 4934 1139 4995 divertendi
1166 4982 1181 5008 ,
1210 4942 1298 4999 illa
1334 4945 1716 5007 addidittNon
1756 4954 1929 5011 solum

339 5014 512 5086 locus,
536 5021 630 5077 sed
651 5022 742 5081 25.
767 5024 837 5081 Et
856 5032 1045 5100 [malum
1065 5045 1114 5086 et
1140 5035 1381 5103 pabulum
1406 5041 1623 5096 multum
1648 5046 1788 5114 apud
1811 5062 1924 5102 nos.

340 5107 466 5165 llaec
508 5123 567 5168 ut
594 5117 796 5173 audivit
821 5136 1038 5194 servus,
1063 5127 1358 5186 admiratus
1396 5144 1482 5189 est
1523 5137 1711 5193 miram
1740 5148 1795 5194 et
1822 5140 1927 5196 lar-

339 5213 461 5266 gam
499 5206 692 5272 puella:
738 5208 1184 5282 hospitalitatem.
1233 5223 1303 5277 Et
1320 5232 1381 5278 ut
1418 5225 1604 5283 didicit
1631 5245 1691 5286 se
1721 5246 1827 5286 non
1856 5233 1925 5288 ad

341 5289 551 5358 ignotos
580 5300 844 5366 quosdam
864 5308 1110 5378 venisse,
1138 5312 1232 5368 sed
1266 5314 1323 5369 in
1347 5315 1566 5373 domum
1598 5319 1815 5380 Nacbor
1835 5325 1924 5395 qui

339 5381 506 5438 frater
523 5398 640 5443 erat
658 5395 992 5465 patriarchas,
1021 5402 1113 5459 26.
1147 5404 1262 5460 Hoc
1281 5424 1398 5463 cum
1421 5413 1657 5481 probaret
1676 5456 1692 5483 ,
1717 5381 1919 5489 inquit,

337 5474 486 5530 homo
514 5480 744 5539 adoravit
774 5487 1071 5548 Dominum.
1112 5496 1452 5558 Exhilaratus
1476 5504 1543 5558 iis
1571 5521 1688 5574 qua:
1717 5523 1922 5579 cogno-

333 5581 524 5638 verat,
552 5582 607 5629 et
637 5577 701 5631 iis
731 5595 849 5650 qut'e
891 5585 989 5653 ipsi
1015 5590 1187 5656 puella
1212 5592 1440 5662 dixerat,
1471 5598 1715 5655 Adoravit
1742 5577 1922 5657 Domi-

335 5675 474 5728 num,
508 5669 811 5740 gratiasque
853 5675 928 5730 illi
967 5679 1073 5749 egit
1097 5719 1112 5749 ,
1141 5696 1208 5738 eo
1234 5686 1376 5755 quod
1404 5689 1455 5743 in
1483 5691 1837 5759 patriarcham
1862 5707 1916 5753 ct

1108 207 1167 265 S.
1197 212 1475 275 JOANNIS
1510 221 1985 290 CliRYSOSTOMl
2016 238 2334 301 ARCHlEP.
2376 249 2911 320 CONSTANTINOP.

379 306 597 363 nescitis
625 312 763 381 quod
806 318 952 373 multi
981 320 1141 378 etiam
1182 328 1279 383 viri
1308 330 1572 405 denegaut
1606 353 1751 411 szepe
1771 357 1960 415 peten-
1986 412 1991 415 ,

3567 284 3656 338 ιω

2076 355 2130 411 in
2160 373 2219 414 se
2249 371 2449 421 tantam
2489 369 2817 432 declarasset
2840 382 3227 449 providentiam
3247 430 3263 454 ,
3295 399 3349 446 et
3380 394 3529 464 quod
3556 414 3658 451 om-

2072 446 2157 501 nia
2182 452 2342 542 plana
2373 467 2427 511 et
2464 458 2636 517 facilia
2671 466 2743 525 illi
2771 446 3127 531 reddidisset:
3157 490 3210 534 et
3236 446 3537 539 (innisi.
3562 446 3659 542 is.

2071 540 2299 599 nedictus
2325 544 2571 608 Dominus
2600 554 2738 612 Deus
2774 560 2969 618 domini
2996 568 3093 622 mei
3117 570 3376 628 Abraham
3402 620 3417 641 ,
3451 580 3542 647 qui
3569 599 3658 636 nos

2071 629 2278 688 abstulit
2293 638 2552 707 justitiam
2578 662 2725 702 suam
2745 662 2792 705 et
2811 656 3066 712 veritatem
3081 676 3114 713 a
3136 663 3341 719 domino
3364 685 3501 722 meo.
3526 670 3660 727 Post-

2072 736 2232 791 quam
2267 728 2396 784 vidit
2439 736 2629 802 puell‘ai
2678 740 3138 814 benevolentiam,
3172 764 3225 809 et
3266 757 3335 813 ab
3389 774 3452 814 ea
3490 766 3659 817 omnia

2072 816 2351 877 manifeste
2379 823 2591 891 didicit.
2626 840 2753 889 tunc
2794 845 2850 891 et
2890 838 3007 909 ipse
3033 845 3221 912 puella:
3248 850 3528 920 significat
3553 861 3659 925 quis

2073 917 2215 962 esset
2245 928 2259 964 :
2289 920 2342 967 et
2372 931 2467 985 per
2495 923 2784 988 gratiarum
2824 932 3090 988 actionem
3126 937 3178 991 in
3204 917 3374 996 Deum
3404 946 3590 1015 palam
3619 954 3658 1004 ei

2076 995 2099 1015 ρ
2586 1014 2615 1015 η

3342 995 3369 996 η
3404 995 3590 1015 Γπ---
3622 995 3658 1004 ,.

2074 995 2196 1052 facit
2224 1017 2282 1056 se
2308 1020 2414 1061 non
2435 1023 2501 1063 ex
2546 1014 2719 1070 aliena
2749 1018 2910 1077 domo
2935 1027 3146 1096 venire,
3175 1034 3269 1087 sed
3304 1034 3541 1094 fratrem
3568 1042 3658 1095 Na-

2070 1087 2250 1145 choris
2270 1109 2390 1152 esse
2419 1114 2539 1154 eum
2570 1105 2657 1174 qui
2688 1106 2791 1164 huc
2817 1125 2876 1165 se
2914 1115 3168 1175 misisset.
3202 1121 3327 1180 Haec
3352 1126 3445 1182 ubi
3484 1130 3658 1189 didicTt

2071 1177 2164 1235 ‘28.
2195 1180 2408 1253 Puella,
2440 1205 2560 1248 cum
2610 1212 2800 1269 magna
2836 1205 3137 1278 voluptate,
3164 1220 3429 1287 cucurrit,
3471 1221 3657 1293 inquit.

2072 1268 2203 1293 173)Δ
2242 1290 2264 1293 ..
2318 1292 2327 1293 κ
2448 1280 2462 1293 ⁸
2532 1285 2543 1293 ·
2644 1288 2656 1293 ⁵
2771 1290 2782 1293 ‘

2072 1268 2207 1327 Vide
2233 1280 2501 1345 quomodo
2531 1285 2583 1340 in
2612 1268 2835 1361 singulis
2879 1268 3136 1366 declaret,
3166 1268 3334 1364 nobis

2072 1365 2195 1419 tatis
2240 1367 2565 1431 alacritatem
2591 1419 2608 1444 ,
2636 1394 2828 1448 cursu,
2863 1390 3037 1446 verbis
3056 1436 3069 1456 ,
3104 1403 3541 1459 mansuetudine.
3569 1409 3659 1462 Cu.

2071 1457 2230 1510 currit
2253 1460 2395 1515 enim
2416 1505 2432 1529 ,
2458 1464 2651 1537 inquit,
2679 1481 2727 1526 et
2751 1481 3065 1536 annuntiauit
3090 1485 3141 1539 in
3171 1488 3319 1544 domo
3353 1498 3537 1549 matris
3562 1516 3658 1553 sua

2059 1546 2213 1615 juxta
2232 1552 2381 1606 verba
2404 1556 2530 1612 haec.
2563 1560 2749 1619 Omnia
2766 1584 2880 1638 quin
2902 1575 3163 1633 audiverat
3191 1596 3221 1634 a
3253 1597 3440 1650 servo,
3473 1604 3658 1659 paren-

2072 1636 2211 1659 ιιι---
2266 1643 2300 1659 κ·
2381 1646 2430 1659 οι·
2536 1650 2549 1659 ·
2638 1653 2698 1659 ·“
2780 1657 2789 1659 ‘

2072 1636 2213 1695 tibus
2257 1643 2593 1714 signiﬁcavit.
2633 1653 2723 1710 29.
2768 1636 2836 1713 Et
2870 1670 3121 1734 cucurrit,
3148 1636 3656 1743 inquit—labiis“;

2069 1730 2321 1791 hominem
2352 1742 2494 1811 foras
2519 1745 2588 1799 ad
2605 1745 2815 1817 fontem.
2844 1752 2977 1812 Vide
3006 1763 3274 1829 quomodo
3299 1782 3354 1823 et
3386 1770 3473 1826 hic
3503 1790 3655 1830 cursu

2069 1821 2392 1886 desiderium
2421 1849 2577 1891 suum
2605 1851 2867 1901 monstret
2892 1848 2963 1919 (ιι.
2998 1821 3111 1921 ἑο).
3145 1854 3213 1911 Et
3238 1869 3291 1913 ut

2065 2294 2349 2358 antequam
2379 2291 2801 2364 hospitalitatem
2832 2306 3080 2377 impleret
3104 2291 3285 2383 opere,
3323 2291 3429 2374 mu!
3442 2323 3512 2377 tis
3540 2342 3647 2380 eum

2066 2374 2310 2435 hortatus
2338 2394 2439 2438 est.
2479 2386 2623 2455 Veni,
2652 2392 2840 2464 inquit,
2871 2374 3183 2469 ingredere:
3201 2374 3312 2476 jam
3343 2413 3495 2467 enim
3525 2414 3651 2470 Prc-

2065 2472 2241 2537 paravi
2264 2473 2468 2530 domum
2505 2489 2551 2533 et
2577 2481 2743 2538 locum
2762 2491 2988 2545 camelis.
3018 2492 3220 2553 Deinde
3264 2500 3521 2572 ingresso
3552 2525 3646 2575 eo,

2064 2557 2237 2632 inquit
2265 2582 2281 2620 :
2311 2566 2401 2622 52.
2428 2568 2681 2629 Destravit
2724 2581 2943 2636 camelos
2988 2593 3036 2639 et
3082 2588 3217 2643 dedit
3246 2557 3423 2661 paleas
3446 2638 3467 2665 ,
3499 2557 3645 2673 ειμιζ

2063 2667 2202 2721 num,
2226 2666 2273 2709 et
2295 2674 2509 2730 aquam,
2536 2674 2594 2719 ut
2619 2665 2908 2727 lavarentur
2933 2678 3085 2745 pedes
3109 2682 3237 2750 ejus.

2134 2747 2189 2801 5.
2220 2747 2349 2805 Vide
2368 2758 2638 2823 quomodo
2664 2759 2715 2816 hi
2738 2765 2825 2834 qui
2864 2767 3040 2825 adhuc
3082 2747 3268 2831 errore
3316 2780 3645 2849 tenebantur,

2063 2851 2307 2908 magnam
2331 2843 2704 2916 hospitalitatis
2722 2870 2904 2913 curam
2918 2862 3163 2931 agebant.
3190 2866 3257 2921 Et
3278 2870 3421 2925 dedit
3445 2843 3643 2945 aquam,

2061 2941 2118 2984 ut
2146 2933 2440 2993 lavarentur
2465 2944 2616 3011 pedes
2644 2949 2773 3017 ejus,
2801 2962 2847 3004 et
2874 2954 3027 3021 pedes
3055 2958 3279 3014 virorum
3311 2980 3399 3034 qui
3443 2984 3561 3023 cum
3598 2990 3643 3025 eo

2061 3036 2223 3080 erant.
2252 3030 2341 3083 53.
2375 3030 2447 3086 Et
2462 3041 2702 3106 apposuit
2724 3043 2795 3095 eis
2821 3060 2976 3114 panes
3014 3051 3085 3103 ad
3122 3030 3516 3114 comedendum.
3552 3063 3642 3119 Sd

2063 3116 2150 3173 hic
2191 3124 2428 3191 attende,
2482 3129 2729 3199 obsecro,
2776 3151 3018 3208 magnam
3070 3142 3250 3200 famuli
3292 3151 3640 3217 prudentiam.

2059 3208 2195 3276 Quid
2218 3213 2360 3270 enim
2382 3217 2494 3273 ait?
2514 3218 2636 3276 .Von
2657 3228 2935 3297 comedam,
2956 3232 3116 3289 donec
3138 3236 3323 3307 loquar
3343 3246 3498 3297 verba
3522 3264 3639 3301 mea.

2060 3298 2168 3356 Vos
2196 3305 2429 3375 quidem,
2457 3310 2645 3383 inquit,
2673 3316 2907 3376 officium
2931 3334 3169 3382 vestrum
3222 3330 3273 3385 in
3298 3348 3388 3389 me
3446 3344 3641 3406 presu-

2060 3390 2197 3448 tistis
2226 3412 2240 3448 :
2270 3411 2370 3468 ego
2397 3412 2574 3458 autem
2603 3421 2937 3480 nequaquam
2968 3426 3121 3472 antea
3147 3421 3346 3491 quietis
3370 3390 3513 3482 mea:
3560 3446 3639 3484 ra-

2058 3490 2255 3547 tionem
2278 3495 2506 3565 habebo,
2549 3501 2722 3559 donec
2743 3522 2956 3564 causam
2984 3527 3077 3567 vos
3108 3514 3345 3573 docuero
3368 3563 3383 3584 ,
3434 3536 3639 3595 propter

2054 3596 2212 3653 quam
2235 3587 2288 3642 iu
2320 3587 2457 3648 hanc
2475 3594 2615 3650 viam
2643 3598 2742 3653 sim
2766 3601 2981 3672 missus,
3013 3614 3067 3661 et
3094 3623 3263 3678 quare
3283 3627 3315 3665 a
3344 3611 3633 3672 Cbananaa

2056 3676 2161 3734 huc
2189 3682 2448 3751 venerim,
2472 3697 2525 3743 et
2542 3691 2812 3760 quomodo
2833 3694 2885 3750 in
2914 3696 3131 3755 domum
3150 3715 3385 3760 vestram
3418 3708 3524 3764 huc
3548 3712 3636 3765 du-

2053 3778 2170 3825 ctus
2196 3772 2318 3838 sim,
2350 3789 2414 3831 ac
2442 3791 2561 3834 cum
2608 3781 2784 3838 omnia
2813 3786 3124 3857 didit-eritis,
3155 3802 3281 3850 tunc
3317 3806 3375 3852 et
3401 3814 3500 3855 vos
3548 3818 3631 3857 ve-

2049 3872 2214 3919 stram
2241 3881 2365 3937 erga
2390 3870 2666 3929 dominum
2695 3892 2871 3933 meum
2907 3881 3334 3943 benevolentiam
3367 3892 3633 3950 declarare

2050 3959 2312 4026 poteritis.
2338 3959 2814 4039 Narrationemque
2839 3986 2996 4027 orsus
3020 3976 3089 4029 ait
3112 3978 3234 4034 :5t.
3260 3981 3457 4037 Servus
3486 3987 3632 4038 Abra-

2048 4049 2129 4103 Ine
2154 4066 2266 4104 sum
2290 4069 2381 4124 ego
2407 4070 2428 4110 :
2457 4056 2543 4112 35.
2576 4057 2827 4117 Dominus
2869 4076 3035 4122 autem
3080 4070 3335 4128 benedixit
3378 4078 3629 4132 dominus

2047 4160 2210 4197 meum
2238 4147 2403 4215 valde,
2437 4158 2484 4203 et
2513 4150 2716 4207 deditei
2741 4156 2756 4187 ¹
2790 4172 2905 4213 oves
2949 4171 2998 4213 et
3036 4163 3237 4230 vitulos,
3266 4184 3455 4223 aurum
3482 4182 3526 4225 et
3555 4190 3630 4225 ar-

2044 4247 2268 4309 gentum,
2303 4256 2470 4297 servos
2490 4254 2538 4298 et
2566 4248 2801 4316 ancillas,
2834 4254 3052 4308 camelos
3095 4265 3142 4310 et
3183 4260 3376 4316 asinos.
3440 4265 3526 4320 36.
3572 4266 3629 4319 Et

2044 4332 2237 4400 peperit
2265 4331 2429 4388 Sarra
2448 4351 2577 4390 uxor
2596 4339 2788 4394 domini
2804 4345 2900 4397 mei
2917 4346 3081 4414 ﬁlium
3100 4365 3256 4403 unum
3273 4353 3486 4409 domino
3506 4376 3624 4421 meo.

2042 4436 2157 4475 cum
2184 4425 2293 4494 ipse
2310 4427 2426 4495 jam
2456 4430 2719 4496 senuisset,
2752 4443 2803 4487 et
2830 4435 2967 4490 dedit
2989 4438 3069 4492 illi
3096 4442 3267 4496 omnia
3312 4461 3626 4520 quietumque

2042 4513 2237 4569 habuit.
2262 4517 2393 4573 Vide
2418 4522 2686 4591 quomodo
2706 4540 2826 4580 cum
2846 4527 3117 4599 diligentia
3143 4536 3321 4590 omnia
3337 4540 3417 4592 eis
3432 4554 3621 4597 narrat.

2041 4602 2190 4662 Illius
2218 4622 2358 4675 sum,
2405 4612 2596 4683 inquit,
2629 4616 2859 4673 Abraha:
2883 4635 3091 4690 servus,
3118 4639 3278 4694 quem
3313 4636 3504 4686 uost‘s.
3541 4634 3620 4688 Di-

2038 4700 2172 4755 scite
2203 4702 2381 4774 itaque
2405 4716 2654 4774 quantam
2681 4709 2750 4764 ab
2777 4715 3015 4768 omnium
3045 4715 3269 4773 Domino
3297 4721 3620 4779 benedictio-

2040 4808 2162 4849 nem
2187 4809 2546 4869 consequutus
2568 4802 2657 4865 sit,
2687 4802 2758 4858 ita
2790 4815 2845 4860 ut
2877 4807 3029 4862 valde
3056 4810 3124 4864 sit
3152 4811 3370 4869 ditatus.
3428 4817 3617 4874 Deinde

2037 4886 2234 4943 docens
2262 4891 2563 4947 divitiarum
2616 4895 2842 4964 c0piam,
2900 4898 3109 4969 inquit:
3146 4900 3275 4958 Ores
3317 4916 3365 4959 et
3418 4909 3613 4973 situlos,

2036 4991 2299 5050 argentum
2319 4993 2367 5038 et
2395 5001 2600 5053 aurum,
2628 5003 2796 5043 servos
2825 5002 2877 5043 et
2899 4991 3137 5059 ancillas,
3154 4996 3378 5052 camelos
3395 5010 3445 5052 et
3457 5002 3610 5055 asinos

2034 5076 2333 5146 acquisivit.
2364 5079 2579 5145 Audite,
2606 5080 2823 5149 divites,
2851 5085 2945 5152 qui
2966 5092 3041 5139 tot
3066 5096 3120 5141 et
3143 5091 3472 5159 totquotidie
3492 5094 3611 5147 emi-

2034 5167 2100 5221 tis
2122 5167 2339 5237 prsidia,
2368 5180 2424 5225 et
2455 5170 2643 5227 balnea
2681 5187 2744 5229 ac
2784 5173 3157 5233 deambulacra
3209 5191 3262 5235 et
3318 5183 3611 5253 splendidas

2032 5260 2221 5316 domos
2246 5262 2542 5319 aedificatis.

2100 5352 2305 5409 Divitiis
2324 5370 2425 5410 non
2466 5354 2519 5410 in
2559 5359 2832 5430 super/luis
2857 5360 3227 5430 impendendus.
3268 5395 3342 5407 —
3369 5365 3561 5422 Videtis
3584 5408 3602 5432 ,

2028 5443 2083 5499 in
2112 5446 2305 5516 quibus
2328 5446 2525 5504 divitia:
2548 5447 2680 5521 justi
2720 5450 2918 5507 fuerint
2955 5455 3303 5513 constitutae?
3348 5456 3596 5530 Nusquam

2090 5577 2106 5604 ⁸
2135 5574 2219 5624 Sic
2242 5575 2464 5651 etiamin
2489 5577 2641 5629 Savil.
2683 5580 2738 5630 In
2777 5587 2927 5651 textu
2945 5596 3073 5651 vero
3095 5586 3415 5651 septuaginta
3451 5590 3587 5651 inter.

2024 5642 2217 5717 pretum
2238 5634 2554 5717 .hie‘elfi‘ertur
2573 5654 2776 5717 sensus,
2790 5634 3432 5717 ,⁸.,ΓΑΒςξιιεᾴίφὶιιύοηῗὶιηυη
3452 5634 3585 5705 idem

2023 5695 2181 5759 valde,
2206 5704 2253 5750 ct
2274 5701 2517 5753 cru/tatus
2539 5710 2609 5755 cst
2635 5695 2972 5770 (καὶὶιψώθη),
2992 5695 3037 5763 cl
3058 5695 3409 5775 (1εάιὶἐίξέιῖ
