3792 6294
314 414 349 483 ἠ
380 427 681 482 περιουσια.
709 410 958 480 Ούδαμοῦ
982 410 1168 481 ἀγρὸς,
1196 409 1432 482 οὐδαμοῦ
1467 410 1764 477 οἰκοδομαί,
1818 409 1913 462 καὶ
1940 408 1975 478 ἡ

313 500 541 571 περιττὴ
565 498 879 551 πολυτέλεια
901 514 914 527 ·
950 497 1086 551 ἀλλὰ
1113 496 1358 567 πρόϐατα
1402 500 1496 550 καὶ
1525 499 1713 567 μόσχοι
1754 496 1848 549 καὶ
1878 496 1981 550 κά·-

318 586 476 657 μηλοι
504 586 598 639 καὶ
620 584 751 649 ὄνοι,
775 584 959 647 παῖδες
982 585 1077 637 καὶ
1100 584 1401 637 παιδίσκαι.
1429 584 1536 638 Καὶ
1568 584 1653 638 ἵνα
1678 583 1856 657 μάθῃς
1872 584 1979 637 τῶν

316 673 467 746 ι488]
490 671 713 727 οίχετῶν
739 672 801 725 τὸ
828 670 1030 742 πλῆθος
1051 671 1216 724 πόθεν
1244 671 1392 742 αύτῷ
1417 672 1681 740 ἐγεγόνει,
1701 673 1980 739 ἐπήγαγεν

314 760 563 831 ἐτέρωθι,
598 762 679 814 ὅτι
709 760 1005 828 οἰκογονεῖς
1043 759 1282 823 ἅπαντες
1319 755 1482 830 ἦσαν.
1521 755 1688 822 Οὗτος
1716 755 1809 812 οῦν
1838 761 1866 813 6
1897 759 1979 810 δε-

315 849 520 919 σπότης
555 847 584 899 6
613 847 743 917 ἐμὸς
777 849 833 899 ἐν
859 845 1093 917 τοσαύτῃ
1117 847 1402 919 περιουσίᾳ
1434 846 1705 916 γεγονὼς,
1737 849 1832 901 καὶ
1858 847 1981 898 πολη

311 934 409 1007 λῆς
439 933 749 997 ἀπολαύσας
763 933 863 1003 τῆς
892 932 1099 987 ἀνωθεν
1124 933 1319 1003 ῥοπῆς,
1344 934 1505 1005 ἡνίκα
1535 936 1614 998 εἰς
1648 933 1825 1005 γῆρας
1848 934 1979 1005 ἦλα-

313 1038 424 1086 σεν,
451 1023 483 1093 ή
516 1021 700 1091 Σάρρα
729 1019 845 1073 υίδν
875 1019 1061 1072 έτεκεν
1088 1018 1237 1090 αύτῷ
1261 1038 1275 1051 ·
1299 1019 1484 1073 τοῦτον
1522 1020 1659 1090 ἔχων
1691 1021 1782 1075 τὸν
1818 1038 1978 1090 μονο-

310 1109 465 1179 γενῆ.
491 1109 708 1162 πάντων
740 1108 902 1162 αὑτὸν
922 1107 1256 1179 κληρονόμον
1286 1108 1384 1179 ήδη
1413 1108 1715 1179 κατέστησε
1736 1125 1749 1139 ο
1776 1107 1978 1163 Πάντα

310 1195 419 1265 γὰρ
452 1194 677 1250 ἔδωκεν
708 1194 889 1259 αὑτῷ,
926 1194 1042 1247 ὅσα
1068 1189 1148 1263 ἦν
1188 1192 1367 1258 αὐτῷ.
1409 1190 1543 1248 Εἶτα
1569 1193 1756 1264 ἐπειδὴ
1782 1194 1975 1266 διηγή-

310 1299 442 1336 σατο
485 1280 580 1334 τοῦ
634 1281 893 1334 δεσπότου
940 1281 1039 1353 τὴν
1077 1280 1454 1351 περιφάνειαν,
1511 1280 1605 1333 τοῦ
1647 1280 1831 1335 Ἰσαὰκ
1886 1282 1977 1334 τὸν

307 1369 495 1429 τόκον,
548 1367 695 1435 λέγει
740 1367 925 1421 λοιπὸν
972 1368 1071 1431 τὰς
1117 1366 1356 1432 ἐντολὰς,
1386 1367 1452 1430 ἀς
1484 1366 1662 1420 λαϐὼν
1704 1367 1855 1439 παρὰ
1880 1367 1974 1421 τοῦ

305 1453 566 1506 δεσπότου
602 1452 767 1507 αὑτοῦ
814 1453 894 1517 είς
942 1452 1041 1524 τήν
1090 1453 1315 1526 Χαρρὰν
1349 1453 1711 1524 παραγέγονε.
1736 1452 1979 1523 Καίῶρ-

306 1541 465 1594 κωσέ
491 1552 518 1581 ι
540 1557 638 1610 με,
693 1540 877 1611 φησὶν,
929 1543 961 1594 ὀ
990 1542 1192 1609 κύριός
1229 1558 1370 1610 μου,
1416 1539 1608 1610 λέγων
1630 1556 1643 1569 ’
1688 1542 1771 1595 Οὐ
1799 1540 1973 1609 λήψῃ

306 1627 560 1698 γυναῖκα
590 1626 670 1693 τῷ
692 1627 801 1693 vqu
823 1646 942 1696 μου
985 1628 1181 1682 Ἰσαὰκ
1210 1627 1329 1683 ἀπὸ
1359 1628 1475 1681 τῶν
1501 1627 1835 1697 θυγατέρων
1858 1626 1977 1682 τῶν

305 1716 673 1780 Χαναναίων,
694 1715 764 1769 ἐν
787 1710 876 1781 οἷς
903 1714 1017 1782 ἐγὼ
1041 1713 1321 1783 παροικῶ,
1343 1715 1479 1769 ἀλλ’
1502 1713 1540 1782 ἢ
1572 1716 1660 1781 εἰς
1680 1715 1786 1767 τὸν
1806 1710 1976 1769 οἷκον

303 1802 410 1857 τοῦ
443 1804 664 1871 πατρός
690 1820 808 1873 μου
846 1804 1117 1871 πορεύσῃ
1151 1804 1249 1856 καὶ
1312 1804 1397 1868 είς
1433 1801 1547 1869 τὴν
1601 1802 1809 1871 φυλήν
1829 1819 1970 1871 μου,

305 1890 403 1944 καί
431 1889 602 1959 λήψῃ
628 1891 881 1960 γυναῖκα
902 1889 982 1955 τῷ
1007 1890 1113 1956 υίῷ
1131 1908 1250 1960 μου
1275 1888 1519 1945 ἐκεῖθεν.
1551 1890 1659 1943 Καὶ
1682 1889 1842 1954 αὐτὸς
1874 1889 1972 1961 μέν

302 1980 476 2033 ταῦτα
505 1979 823 2045 ἐνετείλατο,
855 1979 965 2048 ἐγὼ
990 1980 1045 2033 δὲ
1072 1980 1170 2042 τὰς
1199 1979 1481 2043 δυσκολίας
1510 1978 1726 2043 ἐννοῶν,
1756 1979 1850 2033 καὶ
1877 1978 1970 2033 τοῦ

302 2065 628 2137 πράγματος
653 2068 715 2121 τὸ
746 2067 1003 2138 δυσχερὲς
1042 2067 1384 2137 λογιζόμενος
1403 2107 1417 2131 ,
1449 2066 1729 2139 ἐπυθόμην
1757 2065 1850 2120 τοῦ
1875 2085 1964 2120 κυ-

304 2155 421 2225 ρίου
457 2170 579 2224 μου,
611 2155 659 2206 εἰ
698 2154 772 2226 μὴ
802 2153 1099 2224 βούλοιτοή
1136 2154 1272 2225 γυνὴ
1306 2154 1633 2225 πορευθῆναι
1668 2156 1786 2225 μετ’
1813 2155 1966 2225 ἐμοῦ.

300 2241 412 2295 Καί
442 2237 572 2295 εἶπέ
588 2257 717 2310 μοι’
744 2243 958 2310 Κύριος
988 2245 1020 2295 ό
1046 2244 1209 2307 Θεὸς,
1226 2235 1275 2307 ᾦ
1292 2243 1669 2308 εὑηρέστησα
1695 2242 1973 2296 ἐναντίον

299 2328 505 2392 αὐτοῦ,
561 2328 743 2395 αὐτὸς
771 2328 1106 2383 ἀποστελεῖ
1145 2328 1253 2383 τὸν
1302 2328 1561 2399 ἄγγελον
1587 2330 1772 2385 αὑτοῦ
1819 2333 1970 2400 μετὰ

298 2415 438 2480 σοῦ,
467 2415 563 2469 καὶ
586 2414 872 2469 εὑοδώσει
900 2415 1014 2484 τὴν
1046 2416 1190 2470 ὀδόν
1232 2432 1370 2481 σου,
1406 2416 1505 2471 καὶ
1535 2415 1707 2486 λήψῃ
1746 2416 1825 2483 τῷ
1863 2417 1970 2484 υἱῷ

296 2520 414 2572 μου
457 2502 711 2573 γυναῖκα
747 2503 816 2557 ἐκ
866 2501 975 2571 τῆς
1018 2503 1223 2572 φυλῆς
1254 2522 1395 2573 μου,
1440 2506 1536 2559 καί
1564 2506 1632 2560 ἐκ
1661 2505 1765 2560 τοῦ
1797 2505 1968 2561 οἴκου

297 2588 407 2644 τοῦ
444 2590 666 2658 πατρός
681 2608 821 2659 μου.
858 2591 968 2645 Καὶ
995 2591 1088 2644 ἐὰν
1120 2592 1196 2663 μὴ
1238 2592 1491 2664 πείθηται
1524 2594 1558 2663 ή
1603 2593 1737 2663 γυνὴ
1767 2593 1860 2647 τοῦ
1894 2592 1968 2664 μὴ

299 2676 627 2747 πορευθῆναι
660 2676 796 2748 μετά
836 2676 927 2730 σοῦ
978 2678 1231 2744 ἐνταῦθα,
1273 2679 1411 2733 Τότε
1462 2680 1652 2746 ἀθῶσς
1702 2681 1817 2749 έσῃ
1849 2681 1968 2735 ἀπὸ

299 2761 409 2830 τῆς
431 2761 581 2831 ἀρᾶς
600 2780 741 2832 μου.
789 2762 847 2816 Ὁ
872 2763 970 2834 μέν
995 2759 1087 2817 οὖν
1106 2764 1390 2836 δεσπότης,
1412 2766 1566 2836 φησὶ,
1595 2766 1768 2819 ταῦτα
1799 2769 1967 2821 ἐντεις

297 2850 548 2920 λάμενος,
581 2850 675 2903 καὶ
696 2848 923 2913 ταύταις
955 2867 1021 2921 με
1044 2854 1166 2915 ταῖς
1194 2856 1520 2924 προσευχαῖς
1544 2854 1853 2923 ἐφοδιάσας,
1884 2856 1970 2909 οῦ-

296 2954 402 3001 τως
424 2936 730 3008 ἐξέπεμψεν
758 2957 768 2966 ·
804 2936 915 3007 ἐγὼ
939 2938 995 2992 δὲ
1019 2938 1298 3010 θαρρήσας
1329 2944 1449 3004 ταῖς
1489 2942 1698 2995 ἐκείνου
1730 2960 1964 3014 προσευ-

296 3027 439 3095 χαῖς,
462 3024 625 3095 ἡνίκα
652 3026 1032 3097 παρεγενόμην
1063 3026 1156 3079 ἐπὶ
1188 3026 1284 3096 τὴν
1316 3027 1496 3097 πηγὴν
1520 3067 1535 3093 ,
1565 3027 1739 3083 ταῦτα
1765 3030 1833 3083 τὰ
1867 3032 1962 3101 ρή-

300 3127 446 3180 ματα
474 3111 842 3181 ἐφθεγξάμην,
875 3112 967 3165 καὶ
990 3108 1142 3165 εἷπον
1163 3130 1176 3143 ο
1207 3114 1383 3180 Κύριε
1404 3118 1436 3167 ό
1459 3114 1604 3181 Θεὸς
1627 3116 1733 3170 τοῦ
1757 3119 1963 3184 κυρίου

291 3215 412 3267 μου
435 3198 696 3266 Ἀϐραὰμ,
722 3201 775 3252 εί
798 3198 879 3251 σὺ
895 3198 1127 3264 εὐοδοῖς
1153 3198 1265 3265 τὴν
1286 3199 1448 3261 ὁδὸν,
1476 3199 1556 3267 ἢν
1582 3202 1696 3270 ἐγὼ
1716 3205 1964 3271 πορεύο-

293 3299 421 3353 μαι·
454 3283 582 3337 ίδοὺ
602 3285 716 3353 ἐγὼ
735 3285 963 3351 ἕστηκα
990 3285 1086 3337 ἐπὶ
1106 3284 1216 3353 τῆς
1232 3285 1432 3355 πηγῆς
1449 3288 1552 3341 τοῦ
1568 3289 1805 3355 ὕδατος,
1827 3295 1884 3345 αἱ
1898 3292 1966 3346 δὲ

299 3370 620 3441 θυγατέρες
647 3370 766 3425 τῶν
794 3372 1122 3440 ἀνθρώπων
1142 3372 1254 3440 τῆς
1275 3376 1507 3441 πόλεως
1538 3377 1961 3440 ἐξελεύσονται

297 3458 705 3526 ὑδρεύσασθαι
738 3458 892 3526 ὕδωρ
912 3476 925 3491 θ
956 3458 1054 3512 καί
1083 3459 1255 3513 ἔσται
1284 3462 1322 3528 ἡ
1345 3462 1658 3530 παρθένος,
1685 3459 1724 3536 ᾗ
1748 3462 1823 3518 ἂν
1850 3466 1964 3535 ἐγὼ

297 3546 445 3597 εἴπω
465 3584 480 3608 ,
520 3545 781 3599 Πότισόν
804 3563 881 3614 με
902 3546 1119 3615 μικρὸν
1147 3546 1302 3616 ὕδωρ
1342 3549 1410 3602 ἐκ
1442 3548 1551 3618 τῆς
1587 3550 1795 3619 ὑδρίας
1820 3568 1958 3617 σου,

299 3633 398 3688 καί
416 3634 555 3703 εἴπῃ
564 3651 687 3704 μοι·
702 3636 809 3689 Καὶ
829 3634 909 3689 σὺ
920 3635 1037 3701 πίε,
1054 3637 1152 3690 καὶ
1170 3635 1296 3703 ταῖς
1312 3638 1601 3707 καμήλοις
1618 3656 1731 3693 σου
1753 3641 1961 3709 ὑδρεύ-

299 3737 501 3790 σομαι,
532 3721 682 3789 αὕτη
716 3722 753 3791 ἡ
784 3722 935 3791 γυνὴ
965 3762 981 3787 ,
1040 3721 1120 3791 ἣν
1148 3724 1481 3793 ἡτοίμασας
1516 3724 1596 3791 τῷ
1647 3726 1963 3794 θεράποντί

296 3822 414 3862 σου
452 3808 670 3875 Ἰσαὰκ,
710 3809 807 3863 καὶ
855 3809 920 3864 ἐν
954 3811 1141 3875 τούτῳ
1165 3809 1487 3881 γνώσομαι,
1530 3812 1621 3866 ὅτι
1668 3813 1962 3883 ἐποίησας

302 3896 477 3962 ἔλεος
506 3894 586 3961 τῷ
622 3896 805 3965 κυρίῳ
824 3914 944 3965 μου
987 3896 1264 3967 Ἀϐραάμ.
1297 3898 1481 3953 Ταῦτα
1512 3900 1610 3970 μὲν
1638 3900 1769 3970 ἐγὼ,
1803 3904 1957 3975 φησὶ,

298 3984 418 4037 κατ’
453 3985 688 4054 ἐμαυτὸν
731 3986 1024 4055 εὐχόμενος
1077 3986 1169 4039 τὸν
1212 3988 1341 4040 Θεὸν
1378 3989 1771 4043 καθικέτευσα·
1808 3992 1959 4046 ούπω

294 4072 351 4125 δὲ
377 4071 524 4136 τέλος
550 4073 757 4141 εἰλήφει
788 4073 857 4124 τὰ
878 4076 1006 4144 παρ’
1037 4073 1170 4145 ἐμοῦ
1199 4075 1452 4145 ρηθέντα,
1502 4079 1595 4131 καὶ
1622 4081 1958 4152 παραχρῆμα

295 4162 375 4222 εἰς
406 4158 563 4230 ἔργον
588 4158 753 4230 ἐξῄει,
782 4158 960 4213 καὶτὰ
988 4162 1205 4231 ῥήματα
1245 4164 1544 4235 πράγματα
1583 4166 1809 4235 ἐγίνετο.
1839 4171 1955 4237 Πρὸ

294 4244 400 4299 τοῦ
432 4246 541 4315 γὰρ
579 4245 943 4299 συντελέσαι
990 4263 1067 4316 με
1109 4248 1414 4303 λαλοῦντα
1438 4292 1452 4317 ,
1496 4251 1625 4306 ἰδοὺ
1678 4254 1956 4312 Ῥεϐέκκα

292 4333 678 4401 ἐξεπορεύετο
704 4332 819 4403 τὴν
846 4334 1060 4402 ὑδρίαν
1096 4336 1326 4405 ἔχουσα
1368 4338 1467 4395 ἐπὶ
1496 4339 1615 4395 τῶν
1649 4341 1821 4412 ὤμων
1852 4349 1955 4401 αὐ-

292 4418 424 4487 τῆς.
474 4415 666 4473 Εἶπον
710 4420 777 4474 δὲ
832 4421 1007 4491 αὐτῇ.
1043 4425 1304 4478 Πότισόν
1351 4443 1449 4495 με,
1500 4430 1598 4484 καὶ
1628 4432 1955 4489 σπεύσασα

291 4506 529 4562 καθεῖλε
548 4508 663 4577 τὴν
694 4509 902 4578 ὑδρίαν
925 4512 1135 4582 αὐτῆς,
1167 4515 1263 4569 καὶ
1293 4511 1424 4570 εἰπέ
1442 4536 1565 4587 μοι,
1594 4521 1701 4574 Πίε
1725 4522 1822 4576 καί
1846 4524 1948 4589 σὺ,

290 4592 390 4647 καί
426 4594 530 4659 τὰς
558 4594 865 4665 καμήλους
896 4612 1012 4652 σου
1049 4600 1249 4655 ποτιῶ.
1278 4602 1388 4656 Καὶ
1417 4601 1746 4675 θεασάμενος
1768 4606 1951 4663 λοιπὸν

288 4680 493 4751 ἐναργῆ
523 4681 619 4752 τὴν
644 4682 791 4755 παρά
819 4682 913 4737 τοῦ
944 4684 1079 4739 Θεοῦ
1110 4689 1483 4760 γεγενημένην
1512 4692 1797 4763 πρόνοιαν,
1828 4696 1942 4751 ἐπ-

285 4766 514 4837 ηρώτων
545 4768 687 4832 τίνος
713 4771 799 4840 εἴη
820 4770 1063 4846 θυγάτηρ
1085 4789 1099 4804 ·
1125 4775 1220 4827 καὶ
1252 4775 1456 4845 μαθὼν,
1484 4778 1541 4843 ἐξ
1572 4773 1646 4833 ὦν
1676 4777 1849 4847 εἶπεν,
1867 4784 1948 4837 ὃτι

285 4856 346 4909 ού
377 4856 511 4927 πρὸς
534 4857 714 4923 ξένους
742 4860 1038 4930 ἀφικόμην,
1061 4860 1173 4914 ἀλλ’
1195 4864 1275 4926 εἰς
1294 4864 1391 4935 τὴν
1422 4866 1599 4919 οἰκίαν
1626 4868 1827 4942 Ναχὼρ
1853 4872 1946 4925 τοῦ

284 4943 515 5012 ἀδελφοῦ
544 4943 636 4997 τοῦ
681 4946 867 5018 κυρίου
909 4965 1031 5017 μου,
1064 4948 1363 5021 θαρσήσας,
1418 4952 1745 5023 Περιέθηκα
1791 4960 1947 5029 αὐτῇ

282 5030 357 5083 τὰ
380 5030 589 5084 ἐνώτια
620 5032 717 5085 καί
760 5036 831 5086 τὰ
856 5033 1080 5101 ψέλλια
1103 5076 1117 5101 ,
1151 5035 1247 5089 καί
1277 5037 1617 5104 εὐδοκήσας
1644 5047 1944 5109 προσεκύο

281 5129 444 5183 νῃσα
470 5117 549 5183 τῷ
578 5120 789 5187 Κυρίῳ,
820 5121 919 5173 καὶ
953 5123 1261 5191 εὑλότησα
1286 5123 1390 5176 τὸν
1423 5125 1571 5178 Θεὸν
1606 5125 1712 5180 τοῦ
1734 5131 1943 5198 κυρίου

280 5219 397 5271 μου
434 5204 696 5275 Ἀϐραὰμ,
716 5208 805 5261 ὅτι
832 5207 1105 5263 εὑὼδωσέ
1118 5224 1196 5277 με
1210 5209 1238 5249 δ
1255 5210 1464 5266 λαϐεῖν
1510 5212 1626 5280 τὴν
1651 5216 1944 5286 θυγατέρα

281 5289 413 5376 τοῦῌ
425 5289 689 5359 ἀδελφοῦ
718 5293 824 5347 τοῦ
862 5298 1074 5364 κυρίου
1086 5315 1227 5367 μου.
1262 5299 1420 5352 Ἀλλά
1441 5300 1508 5353 τὰ
1541 5302 1638 5372 μὲν
1668 5306 1818 5376 παρά
1847 5307 1940 5360 τοῦ

280 5373 417 5465 Θεοῦ
436 5375 622 5465 λοῦτως
652 5381 896 5453 ἐναργῶς
923 5383 1244 5458 ᾡκονομήθη
1266 5404 1278 5416 υ
1303 5385 1450 5460 [489]
1483 5391 1537 5442 αί
1564 5390 1673 5463 γὰρ
1705 5373 1941 5465 προσευ-

279 5462 374 5552 χαὶ
406 5462 724 5552 ἐληλύθασιν
757 5471 811 5522 αί
857 5472 1147 5542 γενόμεναι
1202 5475 1353 5545 παρά
1384 5475 1478 5528 τοῦ
1512 5462 1774 5533 δεσπότου
1812 5499 1935 5552 μου.
1972 5534 1975 5535 ,

289 5547 477 5618 Ὑμεῖς
503 5547 559 5603 δέ
583 5550 787 5620 λοιπὸν,
812 5558 860 5609 εἰ
880 5556 948 5611 τά
976 5562 1104 5629 παρ’
1133 5560 1339 5614 ἐαυτῶν
1367 5563 1736 5619 ἐπιδείκνυσθε
1756 5608 1771 5633 ,
1806 5547 1938 5623 ποι-

276 5633 392 5688 εῖτε
411 5634 582 5702 ἕλεος
613 5640 710 5693 καί
740 5640 1138 5713 δικαιοσύνην
1170 5648 1318 5716 πρὸς
1350 5649 1457 5702 τὸν
1477 5652 1684 5718 κύριόν
1699 5671 1818 5722 μου
1842 5673 1855 5686 ·
1884 5658 1937 5708 εἰ

336 5739 711 5822 ς-ειέμξενίξζει
730 5743 910 5822 μοῖὲιέ
927 5752 1319 5822 οιιοιηηρεηῃιεε.
1343 5753 1396 5801 In
1422 5759 1580 5822 ιεειιιιιΔ
1598 5758 1693 5804 τῶν
1711 5762 1758 5822 ο
1772 5759 1786 5822 ζ
1799 5760 1899 5822 legi
1912 5787 1924 5795 -

277 5803 866 5875 εοτῖῷρκισεικιιρίηιερυό
888 5810 1086 5875 eosQem
1109 5812 1230 5875 ωιχ
1248 5814 1552 5875 lnterpreles
1568 5818 1615 5864 in
1635 5803 1748 5867 ind:
1770 5803 1921 5872 νέιιῖο.

280 5860 472 5937 ιεξεξὶξιινΔ
485 5863 586 5937 ἀλλ’
604 5860 786 5937 etc-16!:
790 5866 943 5937 οἶκον...
966 5860 1468 5937 (ἰη-ωρ.-Αἰβκεηῖίί

384 5920 440 5973 In
460 5928 601 5974 textu
623 5928 716 5973 τῶν
751 5929 791 5976 ο
809 5926 820 5941 ’
836 5920 1025 5978 addu'ur
1045 5931 1092 5979 ἐν
1113 5933 1208 5996 ὁδῷ
1231 5920 1457 5991 ἀληθείας.

1096 298 1154 353 S.
1190 296 1476 353 JOANNIS
1512 291 1997 351 CHRYSOSTOMI
2034 290 2354 348 ARCIIIEP.
2395 287 2941 347 CONSTANTiNOP.
3644 292 3728 347 Nl

2086 407 2156 460 δὲ
2200 405 2308 476 μὴ,
2331 403 2731 475 ἀπαγγείλατέ
2761 403 3032 473 μοι.Ἥδη
3066 420 3185 473 μοι,
3219 404 3371 474 φησὶ,
3426 406 3731 476 γνωρίσατε,

2083 490 2169 543 ἵνα
2192 489 2387 542 είδέναι
2418 489 2544 559 ἐχω,
2566 489 2594 542 ὃ
2622 505 2672 540 τι
2696 487 2803 540 δέοι
2828 503 2894 557 με
2924 486 3344 558 διαπράξασθαι.
3376 489 3441 541 Εἰ
3468 489 3525 542 δέ
3560 492 3635 560 μή
3662 509 3732 559 γε,

2082 572 2169 626 ἵνα
2206 572 2432 643 ἑτέρωθι
2481 570 2579 642 τὴν
2624 570 2742 623 ὁδὸν
2783 571 3117 641 ποιήσωμαι,
3167 572 3260 623 καὶ
3296 572 3732 643 Ἐπιστρέψωῆ

2079 658 2165 721 είς
2187 653 2354 717 δεξιά
2386 654 2423 722 ἢ
2446 656 2530 719 εἰς
2558 651 2862 720 ἀριστερά.
2893 648 3029 705 Εἶτα
3064 652 3249 723 ἐπειδὴ
3297 654 3324 706 6
3352 653 3483 717 Θεὸς
3513 649 3587 726 ἦν
3628 654 3657 705 6
3683 656 3736 710 τὰ

2082 745 2257 797 πάντα
2287 742 2661 813 ἐξευμαρίζων
2687 741 2774 795 διὰ
2798 740 2897 805 τὰς
2925 740 3020 794 τοῦ
3044 742 3382 814 πατριάρχου
3416 745 3733 815 προσευχὰς,

2081 831 2213 899 φησί
2266 830 2402 900 πρὸς
2444 830 2605 885 αὑτὸν
2639 831 2667 884 6
2701 831 2881 901 πατὴρ
2936 831 3033 900 τῆς
3089 830 3258 901 κόρης
3300 831 3396 885 καὶ
3429 832 3459 884 6
3489 832 3733 900 ἀδελφός’

2080 918 2244 987 Παρὰ
2267 917 2489 985 Κυρίου
2514 917 2734 987 ἐξῆλθε
2760 916 2827 971 τὸ
2838 916 3005 986 ῥῆμα
3028 917 3201 972 τοῦτο
3224 934 3237 948 ·
3270 920 3341 971 οὐ
3363 916 3736 988 δυνησόμεθα

2077 1007 2381 1062 ἀντειπεῖν
2407 1006 2616 1068 κακὸν,
2645 1005 2682 1073 ἢ
2710 1005 2922 1062 καλόν.
2962 1005 3028 1058 Ἣ
3055 1005 3303 1076 διήγησίς
3326 1023 3445 1070 σου,
3469 1009 3631 1077 φησι,
3648 1007 3735 1060 δεί-

2078 1107 2265 1143 κνυσιν
2296 1089 2416 1143 ὅλον
2446 1090 2545 1160 τῆς
2589 1089 2682 1142 τοῦ
2720 1088 2854 1143 Θεοῦ
2897 1091 3207 1161 οἰκονομίας
3236 1092 3627 1162 γεγενημένον.
3662 1093 3736 1163 Μὴ

2077 1170 2255 1225 τοίνυν
2284 1172 2511 1244 νομίσῃς
2538 1173 2685 1243 ἡμᾶς
2714 1171 3082 1226 ἐναντιοῦσθαι
3102 1175 3216 1237 τοῖς
3240 1173 3318 1244 τῷ
3343 1174 3466 1244 Θεῷ
3500 1173 3733 1240 δόξασιν-

2077 1259 2194 1313 οὐδὲ
2227 1260 2336 1331 γὰρ
2366 1255 2477 1314 οἷόν
2506 1277 2565 1313 τε
2587 1259 2744 1313 τοῦτο
2778 1261 2908 1331 παρ’
2934 1260 3093 1331 ἡμῶν
3122 1261 3392 1331 γενέσθαι.
3449 1261 3586 1315 Ἰδοὺ
3611 1261 3738 1332 ἔχεις

2075 1347 2173 1420 τὴν
2193 1349 2361 1421 κόρην
2383 1365 2398 1380 ·
2423 1348 2631 1403 Λαϐὼν
2650 1348 2962 1418 ἀπότρεχε.
2995 1348 3094 1402 καὶ
3144 1348 3317 1403 ἔσται
3360 1349 3519 1419 γυνὴ
3545 1348 3628 1414 τῷ
3648 1348 3737 1414 υἰῷ

2074 1432 2181 1487 τοῦ
2212 1436 2419 1501 κυρίου
2454 1451 2590 1498 σου,
2624 1434 2779 1489 καθὰ
2808 1434 3077 1503 ἐλάλησε
3099 1432 3331 1504 Κύριος.

2131 1526 2204 1582 ς’.
2223 1520 2402 1573 Εἵδετε
2418 1522 2564 1585 ὅπως
2578 1521 2638 1574 τὸ
2654 1521 2880 1575 παλαιὸν
2898 1521 3227 1585 ἐσπούδαζον
3240 1525 3510 1591 γυναῖκας
3521 1523 3738 1592 ἄγεσθαι

2072 1611 2184 1671 τοῖς
2213 1607 2420 1661 ἐαυτῶν
2462 1609 2683 1675 παισίν;
2734 1610 2883 1673 ὅπως
2912 1610 3018 1682 πρὸ
3062 1608 3170 1664 τῶν
3222 1611 3529 1682 χρημάτων
3574 1612 3737 1681 ψυχῆς

2073 1695 2353 1764 εὐγένειαν
2410 1693 2740 1767 ἐπεζήτουνς
2778 1694 3026 1767 Οὐδαμοῦ
3064 1700 3445 1769 γραμματεῖα,
3506 1698 3734 1769 οὐδαμοῦ

2073 1783 2358 1854 συνθῆκαι,
2391 1782 2484 1837 καί⁵
2515 1783 2581 1836 τὰ
2605 1783 2737 1837 ἀλλα
2765 1782 2834 1837 τά
2871 1784 3246 1851 καταγέλαστα
3266 1824 3280 1848 ,
3307 1785 3343 1839 a
3377 1785 3478 1839 νῦν
3516 1785 3736 1854 γίνεται,

2073 1871 2166 1923 καὶ
2192 1871 2248 1922 αἰ
2278 1870 2516 1942 αἱρέσεις
2542 1870 2570 1910 δ
2597 1872 2799 1923 ἐκεῖναι
2826 1872 2882 1924 αί
2902 1874 3014 1935 τοῖς
3040 1872 3439 1943 γραμματείοις
3464 1873 3735 1943 ἐντιθέμε-

2073 1976 2159 2011 ναι
2186 1975 2199 1989 ’
2226 1958 2346 2012 Ἑάν
2398 1959 2584 2024 ἄπαις,
2618 1959 2772 2030 φησὶ,
2816 1959 3134 2035 τελευτήσῃ,
3193 1960 3288 2014 ἐὰν
3344 1961 3471 2014 τόδε
3503 1962 3602 2013 καὶ
3632 1961 3737 2015 τάδε

2073 2046 2253 2117 συμϐῇ
2275 2060 2288 2073 ·
2316 2044 2449 2099 ἀλλά
2483 2048 2612 2116 παρ’
2630 2047 2855 2110 ἐκείνοις
2891 2048 3041 2100 οὐδὲν
3079 2047 3337 2112 τοιοῦτον,
3369 2047 3511 2101 ἀλλὰ
3551 2048 3614 2101 τὸ
3640 2050 3737 2119 μέρ

2070 2150 2253 2201 γιστον
2281 2135 2374 2187 καὶ⁸
2416 2134 2654 2203 ἀσφαλὲς
2684 2139 3083 2206 γραμματεῖον,
3111 2135 3210 2207 τῆς
3256 2137 3425 2207 κόρης
3453 2138 3482 2190 6
3508 2138 3703 2208 τρόπος
3721 2157 3735 2169 ν

2070 2220 2302 2291 οὐδαμοῦ
2331 2221 2583 2292 κύμϐαλα
2605 2223 2696 2274 καὶ
2718 2225 2949 2293 χορεῖαι.
2982 2224 3091 2276 Καὶ
3121 2223 3279 2278 τοῦτο
3330 2225 3480 2298 εἴσῃ,
3522 2227 3737 2279 ἐπειδὰν

2070 2309 2206 2379 πρὸς
2226 2310 2315 2363 τὸν
2342 2310 2570 2380 νυμφίον
2596 2310 2694 2381 τὴν
2717 2309 2884 2381 κόρην
2914 2308 3029 2383 ἴδῃς
3062 2311 3483 2382 ἐπαναχθεῖσαν.
3547 2314 3732 2368 Ἀκού-

2076 2409 2192 2460 σας
2207 2396 2317 2466 γὰρ
2340 2399 2373 2451 ό
2411 2396 2550 2463 παῖς
2583 2397 2786 2462 ταῦτα,
2824 2397 2976 2466 φησὶ,
3010 2398 3167 2467 παρὰ
3220 2398 3327 2452 τοῦ
3382 2401 3615 2469 πατρὸς
3644 2403 3733 2454 καὶ

2072 2484 2178 2538 τοῦ
2221 2484 2508 2554 ἀδελφοῦ,
2560 2486 2977 2555 προσεκύνησε
3024 2485 3104 2551 τῷ
3156 2485 3275 2552 Θεῷ
3306 2488 3407 2540 ἐπὶ
3458 2486 3580 2556 τὴν
3604 2490 3730 2558 γῆν.

2069 2572 2211 2643 Ὅρα
2244 2572 2361 2635 πῶς
2388 2573 2508 2627 καθ’
2542 2573 2770 2627 ἕκαστον
2791 2574 2900 2629 τῶν
2920 2574 3225 2646 γενομένων
3250 2575 3327 2646 τῷ
3353 2578 3612 2649 Δεσπότῃ
3638 2579 3734 2631 τῶν

2066 2660 2202 2714 ὅλων
2234 2660 2330 2731 τὴν
2360 2661 2703 2731 εὐχαριστίαν
2732 2664 3014 2735 ἀναφέρει.
3067 2663 3237 2727 Δύτὸς
3258 2664 3366 2736 γὰρ
3394 2661 3469 2736 ἦν
3496 2667 3525 2719 6
3570 2668 3735 2721 πάντα

2066 2749 2449 2819 προοδοποιῶν,
2475 2750 2568 2802 καὶ
2603 2750 2742 2804 κατά
2774 2751 2833 2804 τὸ
2866 2752 3016 2822 ῥῆμα
3038 2750 3133 2805 τοῦ
3163 2752 3544 2824 πατριάρχου,
3579 2756 3735 2825 ἀγγε-

2065 2836 2154 2889 λον
2206 2837 2632 2908 προαποστείλας
2682 2837 2992 2910 ἔμπροσθεν
3016 2838 3202 2903 αὑτοῦ,
3259 2839 3329 2893 τὰ
3376 2842 3564 2895 πάντα
3595 2842 3738 2910 αύτῷ

2067 2923 2508 2995 ἐξευμαρίζοντα.
2545 2925 2654 2978 Καὶ
2706 2925 2889 2980 λοιπὸν
2940 2925 3125 2997 μαθὼν
3155 2928 3230 2991 ὡς
3275 2927 3438 2993 τέλος
3489 2930 3643 3001 αὐτῷ
3679 2934 3735 2983 τὸ

2067 3008 2494 3079 σπουδαζόμενον
2524 3008 2697 3079 ἔσχεν,
2753 3010 3096 3079 Ἐξενέγκας
3140 3012 3330 3079 σκεύη
3381 3013 3593 3080 χρυσᾶ
3642 3018 3734 3068 ml

2063 3090 2308 3159 ἀργιφᾶ,
2337 3092 2435 3145 καὶ
2479 3091 2814 3162 ἱματισμὸν,
2848 3091 3030 3145 ἔδωκε
3062 3091 3134 3160 τῇ
3174 3093 3484 3161 Ῥεϐέκκα.
3540 3098 3737 3149 Λοιπὸν

2068 3174 2205 3243 μετά
2228 3175 2535 3246 παρρησίας
2559 3175 2726 3246 αὐτὴν
2754 3174 3065 3246 θεραπεύει,
3092 3176 3168 3239 ὡς
3196 3176 3294 3245 ἤδη
3312 3176 3401 3229 διὰ
3429 3177 3545 3230 τῶν
3569 3180 3737 3250 ῥημά-

2063 3273 2170 3311 των
2202 3257 2559 3327 ἐγγυηθεῖσαν
2605 3257 2681 3329 τῷ
2739 3258 2945 3313 Ἰσαάκ.
2996 3259 3144 3329 Τιμᾷ
3184 3259 3239 3312 δὲ
3271 3259 3473 3330 δώροις
3503 3264 3605 3314 καὶ
3650 3262 3737 3313 τὸν

2062 3343 2287 3414 ἀδελφὺν
2318 3345 2409 3397 καὶ
2439 3346 2539 3416 τὴν
2577 3345 2807 3416 μητέρα,
2837 3346 2931 3399 καὶ
2962 3348 3050 3399 ὅτε
3099 3348 3179 3410 εἰς
3210 3346 3371 3418 ἔργον
3399 3345 3551 3402 εἶδεν
3580 3350 3736 3403 ἐκϐᾶ-

2065 3444 2162 3480 σαν
2189 3429 2288 3500 τὴν
2316 3429 2465 3500 παρά
2500 3428 2590 3481 τοῦ
2644 3429 2904 3483 δεσπότου
2960 3429 3198 3501 ἐντολὴν,
3248 3431 3368 3483 τότε
3416 3431 3613 3485 λοιπδν
3641 3433 3741 3501 τῆς

2061 3512 2265 3575 οἰκείας
2287 3511 2643 3575 ἀναπαύσεως
2671 3514 2898 3581 γίνεται.
2939 3514 3205 3583 Ἕφαγον
3251 3513 3382 3585 γὰρ,
3429 3516 3593 3586 φησὶ,
3640 3517 3739 3568 καὶ

2060 3594 2251 3659 ἔπιον,
2275 3595 2457 3660 αὐτὸς
2488 3594 2587 3648 καί
2606 3598 2661 3649 οί
2694 3595 2910 3664 ἄνδρες
2940 3598 2992 3651 οι
3038 3596 3166 3665 μετ’
3207 3597 3419 3662 αὑτοῦ,
3457 3600 3559 3652 καὶ
3588 3600 3736 3653 ἐκοι-

2054 3676 2358 3745 μήθησαν.
2388 3678 2494 3732 Καὶ
2526 3678 2793 3744 ἀναστὰς
2813 3678 2893 3743 τῷ
2923 3680 3073 3747 πρωῒ
3112 3675 3311 3733 εἷπεν
3354 3681 3735 3751 Ἐκπέμψατέ

2054 3776 2150 3826 με,
2182 3760 2281 3812 ἵνα
2306 3760 2541 3814 ἀπέλθω
2569 3761 2718 3828 πρὸς
2744 3762 2849 3814 τὸν
2901 3762 3105 3829 κύριόν
3143 3779 3281 3830 μου.
3300 3762 3531 3833 Ἐπειδὴ
3562 3767 3735 3818 πάντα

2063 3859 2152 3911 μοι
2179 3843 2319 3896 οὕτω
2347 3843 2725 3915 κατευωδώθη,
2776 3846 2930 3914 φησὶ,
2965 3844 3057 3898 καὶ
3108 3844 3260 3898 οὐδέν
3298 3846 3419 3899 ἐστι
3454 3846 3648 3901 λοιπὸν
3680 3851 3738 3900 τὸ

2060 3924 2320 3990 ἐλλεῖπον,
2352 3926 2487 3981 ἀλλά
2516 3928 2607 3981 καὶ
2647 3929 2773 3997 ύμῖν
2806 3928 2963 3981 τοῦτο
2988 3927 3215 3999 ἀρεστὸν
3239 3929 3439 4000 ἐφάνη,
3493 3931 3735 4001 Ἐκπέμ-

2057 4009 2211 4074 ψατέ
2233 4025 2331 4077 με,
2367 4009 2465 4060 ἵνα
2491 4009 2729 4063 ἀπέλθω
2772 4010 2921 4078 πρὸς
2967 4011 3071 4064 τὸν
3103 4012 3308 4079 κύριόν
3333 4029 3483 4080 μου.
3532 4010 3737 4067 Εἶπαν

2057 4088 2144 4153 δέ,
2177 4091 2358 4161 φησὶν,
2383 4093 2436 4143 οί
2473 4090 2722 4160 ἀδελφοί
2757 4092 2855 4144 καὶ
2890 4094 2927 4159 ἠ
2962 4091 3176 4161 μήτηρθ
3210 4092 3488 4146 Μεινάτω
3517 4097 3556 4163 ἡ
3586 4112 3735 4164 παρ-

2057 4172 2229 4239 θένος
2250 4174 2379 4243 μεθ’
2404 4172 2570 4245 ἡμῶν
2601 4174 2821 4243 ἡμέρας
2847 4175 2989 4229 ὡσεὶ
3010 4175 3181 4239 δέκα,
3213 4175 3312 4228 καὶ
3358 4177 3521 4244 μετὰ
3544 4181 3739 4233 ταῦτα

2054 4260 2486 4317 ἀπελεύσεσθε.
2526 4262 2587 4315 '0
2619 4260 2685 4315 δὲ
2707 4259 2836 4316 εἷπε
2865 4264 3014 4332 πρὸς
3032 4263 3277 4329 αὐτούς·
3308 4263 3406 4331 Μὴ
3441 4263 3735 4334 κατέχετέ

2048 4357 2145 4409 με,
2168 4340 2268 4395 καί
2301 4343 2512 4410 Κύριος
2539 4342 2811 4398 εὑώδωσε
2837 4344 2951 4412 τὴν
2972 4343 3115 4398 ὀδόν
3135 4361 3254 4413 μου
3278 4354 3299 4382 ε
3327 4359 3343 4375 °
3369 4346 3735 4416 ἐκπέμψατε

2049 4439 2145 4492 με,
2173 4424 2274 4477 ἵνα
2302 4424 2539 4479 ἀπέλθω
2578 4425 2725 4494 πρὸς
2756 4426 2864 4480 τὸν
2899 4428 3103 4495 κύριόν
3124 4444 3263 4495 μου.
3300 4426 3466 4491 Τίνος
3513 4431 3731 4495 ἕνεκεν,

2056 4508 2238 4577 φησὶν,
2268 4508 2621 4581 ὑπερτίθεσθε
2644 4513 2736 4564 καλ⁸
2756 4511 3190 4575 διαναϐἀλλεσθε,
3217 4509 3309 4563 τοῦ
3345 4510 3490 4567 Θεοῦ
3529 4519 3735 4569 mai-

2052 4607 2150 4660 την
2173 4590 2420 4644 εὐκολίαν
2442 4593 2499 4645 ἐν
2540 4593 2709 4647 ἅπασί
2739 4611 2828 4665 μοι
2869 4593 3308 4665 παρεσχηκότος;
3347 4594 3739 4651 Ἀπολὺσατέ

2044 4689 2142 4742 με,
2179 4674 2277 4728 ἵνα
2301 4674 2539 4731 ἀπέλθω
2566 4677 2715 4746 πρὸς
2737 4678 2843 4731 τὸν
2888 4679 3096 4747 κύριόν
3139 4695 3275 4747 μου.
3323 4676 3483 4751 [490]
3522 4683 3595 4735 οι
3640 4683 3737 4741 δὲ,

2051 4757 2233 4826 φησὶν,
2254 4754 2425 4812 εἶπον
2450 4774 2462 4788 ⁸
2498 4760 2857 4829 Καλέσωμεν
2879 4762 2992 4830 τὴν
3028 4762 3230 4825 παῖδα,
3264 4762 3363 4816 καὶ
3398 4763 3741 4831 ἐρωτήσω·

2043 4857 2159 4908 μεν
2189 4841 2382 4907 αὐτήν
2400 4840 2449 4897 ἀ.
2470 4841 2578 4895 Καὶ
2608 4843 2932 4907 ἐκάλεσαν,
2955 4846 3051 4899 καὶ
3074 4842 3249 4899 εἶπαν
3278 4845 3435 4913 αὑτῇ
3460 4863 3477 4879 ·
3500 4850 3741 4915 Πορεύ-

2047 4939 2130 4990 σῃ
2176 4924 2326 4992 μετὰ
2354 4925 2461 4979 τοῦ
2488 4926 2837 4993 ἀνθρώπου;
2894 4930 2959 4982 Ἠ
3011 4927 3080 4982 δὲ
3114 4925 3265 4991 εἷπε,
3310 4931 3739 4998 Πορεύσομαι.

2045 5004 2155 5058 Καὶ
2178 5004 2528 5075 ἐξέπεμψαν
2557 5007 2874 5063 Ῥεϐέκκαν
2906 5010 3018 5078 τὴν
3046 5011 3318 5081 ἀδελφὴν
3340 5011 3585 5075 αὐτῶν,
3623 5018 3739 5067 καὶ

2044 5089 2117 5142 τὰ
2150 5087 2499 5158 ὑπάρχοντα
2541 5091 2766 5159 αὐτῆς,
2802 5093 2899 5149 καὶ
2934 5095 3034 5147 τὸν
3060 5094 3241 5148 παῖδα
3285 5093 3389 5147 τοῦ
3436 5096 3734 5165 Ἀϐραὰμ,

2044 5171 2141 5225 καί
2179 5171 2319 5238 τοὺς
2343 5174 2471 5242 μετ’
2494 5175 2700 5239 αὑτοῦ,
2732 5178 2829 5231 καὶ
2851 5179 3196 5247 εὐλόγησαν
3227 5177 3573 5245 Ῥεϐέκκαν,
3619 5186 3733 5234 καὶ

2041 5252 2210 5309 εἶπον
2259 5253 2435 5323 αὐτῇ,
2483 5255 2739 5326 Ἀδελφὴ
2776 5260 2941 5329 ἡμῶν
2981 5258 3054 5324 εἷ,
3081 5261 3256 5330 γενοῦ
3287 5263 3374 5325 εἰς
3429 5263 3735 5330 χιλιάδας

2036 5335 2356 5407 μυριάδων,
2402 5339 2501 5393 καί
2540 5344 3048 5413 κληρονομησὰτω
3086 5346 3151 5398 τὸ
3174 5345 3413 5413 σπέρμα
3442 5361 3568 5400 σου
3610 5351 3733 5416 τὰς

2039 5421 2247 5485 πόλεις
2269 5419 2386 5476 τῶν
2424 5425 2817 5480 ὑπεναντίων.
2850 5429 2990 5497 Ὅρα
3014 5428 3129 5491 πῶς
3154 5430 3247 5482 καὶ
3276 5426 3421 5483 οὗτοι
3450 5429 3733 5496 ἀγνοοῦν-

2103 5514 2133 5556 δ
2160 5522 2217 5568 Αἰ
2240 5519 2464 5586 αἱρέσεις,
2482 5519 2533 5570 in
2574 5522 2795 5573 Basilicis
2824 5531 2937 5575 sunt
2973 5527 3279 5575 conditiones
3303 5524 3400 5575 ίιιω
3423 5539 3539 5586 qua
3584 5532 3735 5577 suis

2038 5582 2335 5653 ἱηεεευυῐυιζ.
2378 5581 2499 5631 Vide
2539 5588 2589 5631 in
2615 5586 2834 5653 Bgs}!ic_i_s
2866 5587 3060 5653 Fqbroli
3100 5589 3259 5653 indice
3282 5587 3353 5653 ag
3382 5581 3561 5634 vo'cem
3584 5590 3731 5653 32;;-

2038 5658 2126 5709 mc:
2156 5640 2231 5709 DQ
2274 5642 2351 5690 his
2394 5656 2510 5709 γει-ο
2537 5648 2895 5697 conditionibus
2919 5649 2998 5697 hic
3048 5650 3261 5709 loquitur
3304 5647 3472 5703 Chrys
3495 5640 3727 5708 smmis,

2037 5703 2120 5775 qui
2140 5702 2315 5751 eodem
2342 5717 2444 5775 usu.
2461 5705 2785 5775 ill_amnvqcem
2804 5710 3006 5759 adhibet
3024 5702 3146 5759 infia
3158 5710 3363 5775 Homilia
3388 5702 3472 5769 56,
3494 5718 3548 5759 et

2041 5767 2474 5833 in‘cgmmegpliiis
2506 5769 2553 5833 i9
2576 5768 2792 5833 Psalmos
2824 5778 2953 5819 ιοιιιο
2975 5774 3224 5833 δοςυειιιὶ.

2096 5825 2259 5894 (ἣρω.
2311 5825 2460 5875 Vulic.
2489 5830 2583 5877 τῶν
2605 5834 2644 5879 Ο
2662 5832 2688 5889 ’,
2731 5833 2814 5889 τὴν
2854 5833 2961 5881 ὀδόν
2987 5825 3076 5894 μοῖι
3097 5833 3143 5882 ἐν
3168 5833 3287 5894 ἐμοί.
3314 5833 3432 5885 Cod.
3478 5833 3631 5883 Alex-
3666 5835 3725 5882 ὸ

2031 5886 2136 5948 ἐμοί
2152 5902 2248 5933 om.

2088 5947 2114 5986 ἀ
2142 5949 2205 5997 Ο’
2231 5950 2411 6004 habent
2436 5955 2512 6001 καὶ
2538 5953 2858 6018 ἐρωτήσωμεν’
2880 5955 2930 6004 τὸ
2958 5955 3111 6017 στόμα
3131 5955 3288 6014 αὐτῆς.
