3792 6328
39 358 117 413 ιη
971 355 1039 413 IN
1072 357 1223 415 CAP.
1270 355 1457 413 xxw.
1496 354 1739 414 esses.
1779 358 2008 418 nomn.
2051 360 2281 420 xum.

33 492 163 547 aget“,
190 488 444 546 nusquam
464 471 678 539 domus,
700 480 754 527 et
776 485 1165 541 supervacanea
1189 472 1591 542 sumptuositas:

35 569 116 625 sed
136 586 257 625 oves
283 579 338 624 et
361 568 545 634 vituli,
571 566 763 623 cameli
805 575 860 622 et
886 566 1050 621 asina:
1072 607 1087 632 ,
1112 565 1253 621 servi
1292 574 1347 621 et
1369 564 1593 620 ancilla.

36 662 91 715 Et
116 670 167 714 ut
192 659 384 725 discas,
411 673 687 716 servorum
715 656 999 712 multitudo
1022 655 1165 711 unde
1187 656 1236 711 ei
1275 655 1555 724 contigerit
1580 694 1597 720 ,

34 752 218 805 addidit
243 750 347 806 alio
377 749 537 806 Ιοοοε
578 749 855 805 Vernaculi
900 763 1086 804 omnes
1134 758 1285 804 erant
1311 748 1327 816 (
1358 745 1485 802 Gen.
1512 744 1599 799 i'l.

34 842 137 911 25).
168 842 262 898 Hic
290 841 467 914 igitur,
498 841 687 911 inquit,
713 839 961 894 dominus
1005 853 1180 903 meus,
1213 837 1297 893 cui
1337 845 1499 892 tantm
1522 836 1604 891 fa-

35 931 245 987 eniltates
269 939 412 994 sunt,
438 938 494 985 et
520 928 609 999 qui
640 928 859 984 multam
881 941 1111 997 superne
1129 927 1353 997 gratiam
1380 926 1603 995 invenit,

34 1022 235 1095 quando
256 1022 366 1093 jam
395 1021 573 1076 senuit
600 1062 616 1088 ,
645 1035 711 1076 ex
750 1018 909 1076 Sarra
941 1018 1107 1074 lilium
1134 1018 1407 1088 suscepit,
1436 1018 1607 1073 hunc-

38 1131 131 1187 que
160 1115 360 1170 habens
381 1113 729 1185 unigenitum,
759 1113 929 1183 ipsum
954 1109 1205 1167 heredem
1222 1110 1458 1166 omnium
1480 1124 1607 1163 suo-

32 1223 139 1261 rum
169 1206 278 1276 jam
307 1204 619 1261 constituit:
644 1204 841 1274 quippe
869 1200 1055 1258 Omnia
1084 1201 1222 1256 dedit
1247 1188 1325 1256 illi
1352 1216 1609 1271 quaecum.

32 1315 120 1367 que
138 1297 332 1353 habuit.
364 1296 492 1351 Dein
524 1305 801 1367 postquam
823 1294 1056 1350 narravit
1080 1292 1279 1349 domini
1302 1292 1611 1363 gloriam,et

35 1389 190 1445 lsaaei
221 1400 449 1459 partum,
472 1388 601 1443 dicit
640 1389 856 1458 insuper
874 1393 930 1442 et
957 1384 1207 1440 mandata
1234 1400 1353 1455 qua:
1387 1374 1613 1452 accepe-

31 1491 106 1535 rat
134 1480 202 1534 ab
232 1480 360 1537 hero
388 1494 507 1547 suo,
530 1489 586 1535 ut
610 1478 666 1534 in
690 1476 927 1534 Charran
951 1477 1398 1553 proﬁcisceretuq.
1425 1476 1515 1531 57.
1545 1474 1613 1529 Et

31 1573 281 1643 adjuravit
307 1588 404 1637 me,
426 1570 614 1643 inquit,
645 1570 881 1625 dominus
898 1585 1060 1635 meus,
1083 1567 1253 1643 dicens
1282 1585 1303 1622 :
1327 1565 1447 1622 Non
1473 1566 1615 1620 acci-

3176 362 3278 417 4ιῖ

1700 487 1888 531 vertam
1914 479 1991 533 vel
2026 478 2095 532 ad
2120 479 2370 545 dextram,
2413 477 2491 533 vel
2514 476 2584 532 ad
2620 476 2897 531 sinistram.
2929 475 3117 532 Postea
3145 491 3280 545 quo.

1702 571 1844 625 niam
1868 571 2007 626 Deus
2042 579 2158 626 erat
2186 571 2275 641 qui
2308 570 2485 625 omnia
2517 580 2732 641 propter
2756 584 2941 641 preces
2956 568 3282 639 patriarcha:

1701 660 2047 726 secundabat,
2079 660 2263 716 dicunt
2294 659 2345 716 ei
2373 669 2523 730 pater
2549 670 2606 715 et
2639 659 2805 716 frater
2826 659 3047 729 virginis
3075 675 3090 711 :
3123 657 3212 713 50.
3239 657 3283 710 Α

1704 754 1922 809 Domino
1964 755 2085 810 eaiit
2124 755 2322 809 verbum
2359 754 2454 808 hoc
2481 768 2501 809 :
2528 770 2631 808 non
2674 753 2946 824 poterimus
2975 750 3062 806 tibi
3086 758 3289 804 contra-

1706 845 1871 899 dicere
1896 845 1973 899 vel
1998 844 2187 899 malum
2227 844 2303 898 vel
2342 843 2547 898 bonum.
2575 844 2654 898 Ex
2696 844 3000 897 narratione
3044 850 3131 895 tua
3158 838 3289 893 satis

1708 934 2074 1005 intelligimus,
2106 942 2275 989 totum
2295 932 2397 990 hoc
2422 933 2597 988 divina
2626 932 3021 1003 dispensatione
3046 930 3181 986 ﬁeri.
3215 927 3294 984 No

1709 1028 1870 1099 igitur
1898 1036 2049 1096 putes
2090 1040 2188 1081 nos
2225 1024 2363 1080 velle
2386 1024 2656 1080 adversari
2686 1023 2751 1078 iis
2776 1037 2895 1093 qua:
2926 1023 3036 1077 Deo
3058 1018 3295 1090 proban—

1711 1128 1797 1175 tur
1826 1136 1838 1171 :
1864 1117 1992 1174 illud
2016 1118 2158 1172 enim
2186 1116 2485 1173 facerenon
2511 1129 2813 1185 possumus.
2834 1114 2973 1168 Ecce
2998 1110 3162 1165 babes
3188 1109 3298 1165 vir-

1710 1212 1887 1281 ginem
1912 1228 1927 1277 ;
1956 1210 2046 1265 51.
2072 1209 2220 1264 Tolle
2256 1225 2386 1276 eam,
2410 1217 2455 1263 et
2477 1208 2819 1280 proﬁciscere,
2846 1218 2891 1261 et
2913 1206 3006 1260 erit
3034 1221 3164 1260 uxor
3188 1205 3298 1274 ﬁlio

1713 1301 1905 1357 domini
1931 1302 2023 1367 tui,
2050 1302 2180 1357 sicut
2204 1302 2437 1371 loquutus
2455 1307 2529 1354 est
2558 1298 2829 1353 Dominus.

1786 1394 1839 1450 6.
1861 1392 2146 1448 Historiam
2162 1391 2400 1447 Rebecca:
2424 1407 2583 1462 usque
2608 1390 2676 1444 ad
2696 1390 2855 1462 ipsius
2874 1392 3155 1460 profectum
3182 1402 3302 1456 pro-

1716 1487 1978 1557 sequitur;
2027 1486 2317 1539 narratione
2355 1484 2640 1553 exprimens
2685 1482 2929 1553 quidquid
2985 1481 3088 1536 sive
3126 1479 3298 1548 adiﬁ-

1718 1577 1893 1632 candis
1932 1577 2034 1632 sive
2061 1575 2349 1631 erudiendis
2370 1574 2684 1630 auditoribus
2708 1573 2945 1627 inservire
2973 1579 3152 1640 potest.
3192 1567 3300 1624 Sub

31 1638 133 1735 pies
155 1679 362 1718 uxorem
400 1638 518 1732 ﬁlio
531 1678 640 1717 meo
667 1659 821 1717 Isaac
845 1661 909 1715 de
932 1659 1160 1715 omnibus
1179 1638 1381 1730 ﬁliabus
1410 1657 1616 1713 Chana-

32 1772 256 1810 na'orum
280 1798 295 1821 ,
324 1756 452 1810 inter
491 1770 617 1826 quos
657 1770 749 1824 ego
803 1753 1015 1808 habito:
1051 1752 1143 1809 38.
1185 1750 1274 1806 sed
1311 1750 1365 1804 in
1413 1749 1620 1804 domum

31 1850 191 1918 patris
236 1849 329 1903 mei
357 1846 503 1915 vade,
551 1855 598 1901 et
649 1844 717 1899 ad
743 1845 1091 1916 cognationem
1134 1858 1317 1909 meam,
1346 1840 1467 1897 inde
1488 1841 1622 1895 arei-

32 1943 136 2013 pies
158 1957 367 1997 uxorem
392 1940 501 2010 ﬁlio
523 1956 653 1993 meo.
682 1938 750 1993 Et
772 1938 889 2009 ipse
915 1935 1130 2008 quidem
1162 1935 1281 1990 haec
1314 1934 1444 1990 mihi
1473 1949 1625 1988 man-

28 2034 196 2100 davit,
226 2047 327 2103 ego
354 2042 531 2088 autem
551 2030 914 2088 difficultatem
944 2029 1138 2100 negotii
1157 2043 1364 2084 mecum
1392 2041 1622 2098 perpen-

29 2126 190 2189 dens,
218 2123 469 2196 rogabam
511 2122 786 2178 dominum
816 2136 992 2176 meum
1016 2120 1035 2192 (
1062 2136 1109 2173 v.
1158 2118 1291 2188 59),
1320 2118 1366 2173 si
1394 2134 1497 2172 non
1527 2131 1625 2170 vo-

25 2220 191 2275 luerit
221 2218 412 2274 mulier
438 2216 617 2271 venire
646 2229 876 2271 mecum.
934 2213 1027 2268 40.
1057 2211 1126 2266 Et
1158 2212 1287 2266 dicit
1314 2210 1441 2265 mihi
1470 2225 1491 2265 :
1519 2208 1626 2263 Do-

26 2313 202 2365 minus
234 2308 371 2364 Deus
392 2309 472 2363 cui
511 2306 790 2377 complacui
809 2320 981 2359 coram
1009 2320 1090 2370 eo,
1132 2303 1239 2374 ipse
1279 2303 1439 2356 mittet
1473 2315 1631 2372 ange-

26 2409 140 2457 lum
172 2417 324 2455 suum
348 2409 545 2465 tecum,
568 2408 615 2452 et
647 2411 942 2469 prosperum
964 2394 1114 2466 faciet
1141 2394 1236 2448 iter
1258 2403 1402 2448 tuum
1422 2433 1439 2461 ,
1470 2403 1517 2446 et
1543 2407 1632 2444 ac-

24 2495 191 2565 cipies
222 2508 431 2547 uxorem
460 2490 566 2560 ﬁlio
593 2505 724 2555 meo,
754 2503 818 2542 ea;
841 2486 1151 2557 cognatione.
1171 2502 1304 2551 mea,
1322 2491 1368 2539 et
1396 2500 1459 2538 ev
1481 2483 1632 2537 domo

24 2586 198 2656 patris
230 2583 349 2638 mei.
401 2580 554 2651 Quod
597 2581 641 2635 si
669 2593 776 2635 non
805 2578 1036 2649 potuerit
1078 2575 1386 2648 persuaderi
1415 2574 1631 2643 mulier,

25 2689 85 2731 ut
110 2688 292 2731 tecum
321 2674 425 2753 huc
438 2671 917 2746 proliciscatur,“.
944 2668 1086 2723 Tunc
1102 2669 1340 2722 innocens
1356 2666 1455 2721 eris
1476 2682 1508 2718 a
1533 2681 1637 2718 ma-

26 2769 311 2823 ledictione
339 2782 470 2821 mea.
495 2764 658 2835 Igitur
681 2762 931 2817 dominus
954 2759 1168 2831 quidem
1191 2758 1307 2813 hmo
1332 2756 1461 2811 mihi
1481 2770 1635 2809 man-

24 2861 221 2925 davit,
260 2868 316 2913 et
343 2857 525 2911 talium
575 2868 790 2924 precum
816 2852 1006 2907 viatico
1052 2864 1138 2904 me
1187 2849 1501 2904 instructum
1530 2844 1637 2900 huc

25 2952 191 3006 misit
225 2965 243 3004 :
273 2964 373 3019 ego
392 2955 568 3003 autem
598 2945 764 3000 fretus
783 2943 925 2998 illius
947 2940 1212 3013 precibus,
1235 2939 1323 2994 ubi
1339 2938 1406 2993 ad
1435 2936 1636 2992 fontem

23 3046 186 3111 veni,
222 3043 339 3098 haec
377 3040 537 3097 verba
574 3039 825 3109 loquutus
853 3051 1004 3100 sum,
1037 3043 1092 3090 et
1119 3032 1227 3089 disi
1260 3050 1271 3084 :
1304 3030 1392 3086 42.
1421 3028 1640 3083 Domine

24 3138 184 3191 Deus
235 3134 430 3188 domini
480 3132 577 3185 mei
617 3128 871 3184 Abraham
901 3167 917 3194 ,
964 3126 1010 3181 si
1072 3134 1126 3178 tu
1176 3137 1471 3195 prosperum
1512 3120 1640 3191 fucis

23 3233 129 3283 iter
165 3243 274 3298 quo
301 3240 435 3279 nunc
459 3223 582 3278 abeo
621 3237 642 3277 :
689 3221 781 3276 45.
812 3217 947 3273 Ecce
986 3232 1075 3288 ego
1101 3224 1178 3269 sto
1208 3212 1346 3285 apud
1370 3216 1560 3284 fontem
1584 3226 1642 3263 a—

24 3335 155 3389 quae
182 3336 206 3385 ;
258 3317 382 3387 ﬁlia:
423 3324 593 3369 autem
621 3311 882 3366 hominum
909 3308 1064 3380 hujus
1090 3305 1304 3360 civitatis
1328 3302 1644 3374 egredientur

23 3414 98 3467 ad
152 3407 503 3465 hauriendam
526 3420 734 3477 aquam.
786 3401 849 3456 Et
875 3402 968 3457 erit
990 3400 1153 3471 virgo,
1181 3396 1263 3452 cui
1290 3411 1379 3468 ego
1419 3395 1594 3450 dixero
1624 3408 1644 3448 .'

24 3504 275 3573 Porrige
304 3501 429 3554 mihi
454 3513 636 3569 parum
660 3510 805 3564 aqute
829 3509 892 3549 ea:
932 3491 1117 3563 hydria
1154 3499 1238 3544 tua
1267 3507 1286 3555 ,-
1312 3488 1402 3544 ﬂ.
1434 3487 1478 3542 si
1502 3486 1647 3540 dixe-

23 3598 95 3651 rit
124 3594 295 3661 mihi,
331 3591 400 3648 Et
426 3601 479 3645 tu
504 3589 635 3655 bibe,
662 3597 708 3642 et
732 3585 950 3641 camelos
980 3593 1090 3637 tuos
1116 3584 1312 3654 aquabo
1352 3596 1373 3637 :
1414 3582 1529 3648 ipsa
1554 3579 1647 3632 erit

23 3706 181 3745 uxor
209 3703 369 3757 quam
394 3682 691 3755 preparasti
715 3694 856 3735 servo
886 3686 973 3731 tuo
996 3674 1169 3731 Isaac.
1197 3673 1267 3728 Et
1292 3675 1344 3728 in
1372 3672 1467 3728 hoc
1491 3671 1650 3727 sciam

23 3780 187 3854 quod
218 3776 405 3848 feceris
430 3772 826 3829 misericordiam
854 3768 1058 3824 domino
1085 3781 1196 3821 meo
1222 3764 1497 3820 Abraham.
1524 3762 1651 3818 Haec

23 3892 141 3946 ego
172 3872 422 3944 quidem,
452 3867 641 3938 inquit,
667 3862 809 3936 apud
849 3862 1221 3931 memetipsum
1253 3859 1418 3913 Deum
1437 3856 1649 3927 rogavi;

23 3968 301 4024 nondum
342 3969 517 4017 autem
570 3957 728 4012 linem
780 3955 1011 4011 feceram
1048 3953 1135 4008 illa
1161 3950 1408 4017 dicendi,
1441 3960 1497 4004 et
1519 3964 1654 4003 con—

24 4058 243 4115 festim
294 4052 581 4124 adimpleta
632 4058 775 4105 sunt.
822 4048 914 4103 45.
948 4044 1088 4099 Nam
1132 4044 1426 4116 priusquam
1457 4057 1550 4111 ego
1576 4038 1657 4092 di-

24 4151 205 4213 remti
239 4149 398 4218 ﬁnem
423 4150 639 4217 {acerem
666 4183 683 4210 ,
712 4158 825 4196 ecce
872 4140 1096 4197 Rebecca
1140 4137 1258 4192 exiit
1281 4150 1464 4205 aquam
1491 4136 1657 4206 ferens

24 4249 76 4300 ⁵η
140 4239 389 4296 humeris
434 4238 559 4292 suis.
597 4235 839 4290 Dicebam
889 4241 1057 4285 autem
1085 4230 1176 4284 ei:
1207 4227 1285 4282 Da
1312 4226 1436 4281 mihi
1463 4234 1655 4295 potum.

23 4336 130 4393 l6.
159 4332 242 4388 Et
270 4328 555 4386 accelerans
583 4326 815 4397 deposuit
836 4323 1071 4395 Itgdriam
1094 4336 1259 4385 suam,
1276 4331 1323 4374 et
1348 4318 1475 4373 dixit
1499 4315 1657 4371 mihi:

23 4431 181 4484 Bibe
214 4436 267 4480 et
294 4434 349 4478 tu
370 4464 386 4489 ,
419 4432 465 4477 et
509 4419 727 4476 camelos
754 4430 866 4472 tuos
916 4414 1131 4487 aquabo.
1182 4413 1249 4468 Et
1276 4426 1397 4467 cum
1422 4409 1659 4465 viderem

28 4537 151 4575 am
196 4514 511 4572 evidentem
550 4510 664 4567 fieri
699 4510 789 4565 Dei
820 4506 1203 4579 providentiam
1223 4546 1238 4571 ,
1268 4502 1659 4572 interrogabam

1722 1672 1874 1741 ﬁnem
1902 1669 2163 1734 homiliaz,
2212 1668 2280 1722 ad
2324 1666 2562 1722 Isaacum
2597 1676 2644 1721 et
2692 1664 2967 1720 Rebeccam
2993 1661 3308 1719 temulandos

1722 1765 1951 1820 hortatur
1978 1803 1994 1829 ,
2043 1760 2205 1816 malos
2263 1761 2344 1816 sui
2393 1760 2631 1831 temporis
2691 1758 2986 1829 nuptiarum
3033 1756 3162 1810 ritus
3215 1770 3307 1807 ar-

1722 1873 1898 1929 guens.
1949 1884 2023 1896 —
2073 1854 2290 1910 Vidistis
2358 1851 2627 1923 quomodo
2672 1850 2956 1907 studebant
3012 1848 3139 1904 olim
3187 1845 3310 1901 filiis

1725 1949 1838 2005 suis
1867 1962 2062 2004 uxores
2084 1944 2325 2001 ducere?
2358 1941 2627 2014 quomodo
2652 1941 2821 2011 magis
2857 1940 3049 1995 animm
3088 1951 3313 2009 genero-

1725 2042 1959 2107 sitatem,
1988 2053 2147 2109 quam
2167 2051 2327 2107 opum
2348 2033 2723 2090 abundantiam
2756 2028 3139 2102 inquirebant?
3168 2026 3310 2083 Nuso

1727 2146 1885 2203 quam
1914 2130 2262 2185 instrumenta
2282 2167 2313 2194 ,7
2347 2139 2606 2195 nusquam
2649 2131 2798 2193 pacta
2820 2162 2837 2188 ,
2872 2129 2929 2177 et
2964 2120 3065 2176 alia
3090 2117 3314 2175 ridicula

1730 2240 1847 2293 qua:
1876 2237 2016 2277 nunc
2041 2218 2179 2289 apud
2212 2233 2308 2273 nos
2334 2216 2487 2281 fiunt,
2518 2223 2574 2270 et
2600 2213 2935 2271 conditiones
2962 2212 3068 2267 illze
3088 2225 3208 2281 quae
3236 2220 3316 2263 ta-

1732 2316 1870 2371 bulis
1901 2315 2209 2369 inseruntur
2239 2327 2254 2363 :
2305 2309 2363 2365 Si
2389 2308 2591 2379 absque
2640 2307 2826 2363 liberis
2851 2348 2867 2374 ,
2898 2304 3091 2375 inquit,
3122 2302 3319 2358 moria-

1734 2419 1839 2472 tur,
1866 2405 1914 2462 si
1943 2404 2044 2461 hoc
2070 2411 2126 2460 et
2170 2401 2272 2457 hoc
2294 2400 2569 2470 contingat
2597 2415 2614 2454 :
2648 2412 2833 2453 verum
2872 2394 3009 2468 apud
3040 2394 3159 2450 illos
3187 2391 3319 2448 nihil

1735 2500 1859 2565 tale,
1909 2496 2004 2553 sed
2031 2494 2277 2551 maximae.
2296 2502 2351 2547 et
2383 2491 2738 2547 securissimae
2765 2487 2955 2543 tabulae
2984 2494 3135 2541 erant
3163 2483 3319 2553 virgi-

1736 2591 1819 2645 nis
1862 2600 2085 2643 mores:
2128 2598 2388 2654 nusquam
2430 2580 2677 2653 cymbala
2719 2588 2774 2635 et
2820 2578 3053 2633 chorete.
3106 2574 3174 2629 Et
3220 2573 3322 2629 hoc

1736 2682 1894 2744 scies,
1910 2677 2121 2750 quando
2150 2676 2216 2731 ad
2244 2688 2499 2745 sponsum
2523 2672 2783 2742 virginem
2808 2670 3006 2725 videris
3032 2665 3319 2722 introduci.

1739 2773 1829 2830 52.
1864 2769 1930 2827 Ut
1958 2771 2089 2824 enim
2116 2767 2309 2822 audivit
2328 2781 2521 2831 servus,
2553 2764 2742 2835 inquit,
2776 2762 2884 2816 htvc
2912 2778 2945 2815 a
2975 2770 3122 2830 patre
3148 2767 3195 2813 et
3210 2762 3323 2829 fra-

1740 2875 1833 2932 tre,
1860 2863 2088 2920 adoravit
2121 2861 2280 2915 Deum
2304 2874 2455 2929 super
2473 2854 2820 2912 terram.Vide
2843 2852 3111 2926 quomodo
3134 2852 3187 2907 in
3216 2852 3325 2908 sine

1739 2957 1878 3029 gulis
1901 2971 2021 3027 qua:
2045 2954 2263 3018 fiebant,
2290 2951 2659 3006 universorum
2682 2947 2911 3003 Domino
2931 2946 3126 3016 gratias
3148 2942 3326 2998 offert.

1742 3051 1861 3119 Ipse
1885 3047 2027 3104 enim
2057 3053 2172 3102 erat
2198 3043 2288 3114 qui
2336 3048 2494 3097 antea
2540 3037 2873 3112 pra-parabat
2901 3036 3079 3091 omnia
3110 3074 3127 3101 ,
3157 3042 3213 3090 et
3236 3048 3327 3089 se-

1743 3134 1973 3197 cundum
1992 3134 2308 3209 patriarchae
2327 3132 2550 3188 verbum
2578 3128 2932 3201 prmmittebat
2947 3125 3190 3201 angelum
3205 3132 3327 3179 ante

1745 3236 1893 3292 illum
1921 3272 1937 3300 ,
1976 3231 2069 3303 qui
2113 3228 2291 3285 omnia
2333 3224 2558 3283 feliciter
2598 3223 2898 3279 ordinabat.
2938 3221 3179 3290 Denique
3209 3218 3329 3289 quia

1749 3324 1945 3383 certior
1969 3324 2138 3378 factus
2166 3319 2233 3376 de
2259 3318 2474 3390 negotio
2498 3315 2722 3373 feliciter
2741 3313 3000 3387 perfecto,
3022 3312 3112 3368 55.
3154 3308 3330 3365 Prola-

1747 3429 1820 3486 ta,
1850 3416 2038 3487 inquit,
2068 3430 2187 3471 vasa
2223 3428 2398 3477 aurea,
2429 3420 2475 3465 et
2499 3419 2756 3480 argentea,
2782 3418 2830 3462 et
2854 3414 3036 3461 vestem
3065 3402 3202 3458 dedit
3233 3401 3334 3459 Re-

1750 3512 1927 3567 beccte.
1959 3509 2111 3564 Nunc
2147 3522 2269 3562 cum
2320 3503 2514 3560 fiducia
2560 3517 2679 3557 eam
2723 3500 2823 3555 sibi
2849 3497 3098 3554 conciliat
3123 3494 3334 3560 ofliciis,

1751 3602 1903 3673 quasi
1932 3602 2042 3670 jam
2074 3598 2250 3655 verbis
2273 3597 2649 3667 desponsatam
2695 3592 2858 3648 Isaac.
2892 3590 3129 3645 Honorat
3156 3596 3335 3641 autem

1753 3694 1909 3749 donis
1938 3701 1993 3748 et
2022 3691 2238 3746 fratrem
2264 3729 2280 3755 ,
2308 3697 2365 3743 et
2406 3696 2653 3751 matrem,
2681 3692 2735 3739 et
2763 3698 2883 3737 cum
2912 3680 3043 3735 vidit
3065 3678 3336 3748 negotium

1756 3797 1811 3842 et
1838 3783 2146 3840 mandatum
2169 3781 2468 3851 impletum,
2500 3786 2627 3832 tunc
2648 3774 2859 3829 tandem
2885 3772 3028 3827 relici
3065 3785 3124 3825 se
3151 3783 3339 3838 passus

1755 3890 1859 3935 est.
1886 3878 1973 3933 Sb.
2005 3874 2342 3931 Comederunt
2364 3871 2505 3927 enim
2533 3909 2547 3933 ,
2585 3867 2794 3937 inquit,
2825 3875 2871 3920 et
2897 3863 3121 3918 biberunt
3159 3861 3267 3932 ipse
3291 3868 3341 3914 et

1756 3972 1850 4026 viri
1877 3969 2102 4041 quicum
2140 3981 2199 4020 eo
2242 3971 2419 4027 erant,
2467 3970 2514 4015 et
2559 3958 2917 4012 dormiverunt.
2949 3953 3169 4021 Cumque
3195 3964 3343 4003 mane

1758 4056 2210 4123 surrexisset,dia:it
2238 4054 2530 4109 :Dimittite
2557 4066 2658 4113 me,
2682 4058 2738 4101 ut
2762 4046 2943 4107 vadunt
2973 4044 3039 4097 ad
3082 4042 3343 4096 dominum

1761 4168 1948 4208 meum.
1976 4147 2239 4217 Quoniam
2268 4143 2446 4200 omnia
2495 4140 2626 4196 mihi
2673 4148 2778 4193 tam
2820 4135 3044 4191 feliciter
3071 4144 3345 4188 successe-

1761 4254 1907 4311 runt,
1939 4240 2127 4313 inquit,
2150 4246 2205 4294 et
2230 4235 2361 4292 nihil
2386 4243 2471 4291 est
2499 4231 2641 4303 quod
2662 4236 2846 4293 restet,
2877 4227 2971 4283 sed
2995 4224 3061 4280 ad
3096 4222 3346 4294 placitum

1762 4343 1995 4393 vestrum
2019 4346 2108 4388 res
2136 4325 2580 4400 agitur,Dimittite
2604 4339 2702 4387 me,
2722 4330 2778 4375 ut
2803 4320 2978 4375 abeam
3002 4317 3069 4371 ad
3092 4314 3344 4370 dominum

1764 4443 1951 4483 meum.
1980 4424 2068 4481 55.
2107 4421 2352 4477 Dixerunt
2378 4428 2567 4483 autem,
2596 4414 2805 4485 inquit,
2839 4417 3022 4483 fratres
3050 4418 3097 4463 et
3145 4415 3307 4461 mater
3334 4422 3352 4459 :

1766 4518 1975 4574 Maneat
2000 4514 2255 4570 nobiscum
2280 4511 2419 4580 virgo
2449 4507 2620 4561 diebus
2640 4505 2785 4576 quasi
2812 4503 3000 4565 decem,
3032 4510 3079 4555 et
3105 4506 3217 4569 post
3243 4496 3357 4550 hac

1766 4611 1985 4668 abibitis.
2012 4608 2102 4664 56.
2125 4604 2228 4660 Ille
2246 4614 2410 4658 autem
2432 4601 2559 4656 dixit
2584 4600 2651 4652 ad
2672 4614 2756 4652 eos
2781 4612 2801 4651 :
2832 4594 2915 4651 Ne
2940 4610 3019 4648 me
3046 4587 3310 4646 detineatis
3335 4607 3352 4652 ,-

1768 4705 1951 4761 etenim
2001 4699 2246 4755 Dominus
2276 4709 2574 4766 prosperum
2603 4690 2720 4760 fecit
2765 4689 2860 4742 iter
2888 4700 3053 4740 meum
3077 4699 3096 4738 :
3122 4680 3355 4737 dimittit!

1769 4812 1848 4849 me
1864 4803 1918 4848 ut
1938 4791 2114 4846 abeam
2141 4788 2209 4841 ad
2235 4786 2496 4839 dominum
2520 4797 2708 4836 meum.
2736 4779 2931 4845 Quare,
2959 4774 3148 4843 inquit,
3173 4769 3358 4826 differ-

1774 4889 1841 4944 tis
1857 4896 1911 4942 et
1935 4880 2357 4956 procrastinatis,
2380 4890 2501 4932 cum
2522 4875 2662 4928 Deus
2678 4879 2875 4925 tantam
2897 4866 3198 4921 facilitatem
3224 4856 3355 4915 mihi

1772 4980 1826 5036 in
1856 4951 2103 5033 omnibus
2123 4970 2366 5028 dederit?
2396 4965 2647 5021 Dimittite
2666 4978 2747 5017 me
2770 5003 2784 5028 ,
2813 4968 2866 5014 ut
2894 4960 3067 5012 abeam
3095 4954 3162 5009 ad
3186 4951 3341 5007 donti-

1774 5087 1898 5127 num
1929 5083 2116 5123 meum.
2143 5066 2235 5121 57.
2278 5061 2370 5117 Illi
2410 5068 2577 5113 autent
2618 5054 2898 5109 dixerunt:
2939 5046 3184 5102 Vocemus
3211 5039 3349 5113 puel-

23 4613 222 4683 :ujus
254 4616 397 4663 esset
425 4605 552 4659 lilia.
582 4603 651 4659 Et
674 4610 731 4658 ut
756 4599 916 4656 didici
940 4598 1091 4655 exiis
1115 4611 1233 4666 quae
1259 4594 1414 4661 dixit,
1442 4608 1529 4648 me
1556 4607 1663 4646 non

23 4706 91 4761 id
141 4699 384 4756 alienos
411 4697 639 4762 venisse,
664 4692 763 4749 sed
795 4692 847 4747 in
874 4690 1091 4746 domum
1124 4685 1337 4743 Nacbor
1358 4684 1538 4740 fratris
1565 4683 1664 4737 do-

26 4796 195 4853 nini
239 4791 370 4860 mei,
396 4798 606 4859 sumpta
631 4802 727 4857 spe
751 4786 910 4851 bona,
942 4784 1032 4839 47.
1062 4779 1296 4853 Appendi
1325 4779 1369 4833 ei
1396 4779 1597 4832 inaures
1619 4786 1666 4830 et

23 4891 184 4946 mni
192 4888 329 4951 llas,
359 4893 406 4939 et
428 4899 541 4937 cum
562 4881 657 4935 hoc
684 4879 924 4951 placeret,
959 4876 1049 4933 48.
1077 4872 1285 4928 adoravi
1312 4870 1607 4936 Dominum,
1624 4876 1669 4922 et

24 4978 313 5043 πειεεάίπὶ
342 4975 508 5031 Deum
534 4973 725 5027 domini
769 4971 868 5025 mei
910 4969 1189 5033 Abraham,
1227 4965 1349 5035 quia
1377 4976 1670 5035 prosperum

23 5075 180 5133 mihi
222 5072 325 5124 iter
340 5069 458 5139 fecit
480 5068 521 5136 ',
548 5076 604 5119 ut
626 5078 929 5119 assumerem
957 5062 1119 5131 ﬁliam
1146 5059 1321 5129 fratris
1336 5055 1530 5111 domini
1551 5054 1669 5109 mei.

23 5175 283 5227 Ferum
313 5161 430 5217 hmo
455 5162 525 5214 ita
551 5174 581 5213 a
613 5155 837 5213 Do‘mino
875 5154 1151 5210 manifeste
1174 5152 1477 5220 dispensata
1512 5162 1599 5202 sun

1779 5166 1903 5230 lam,
1930 5170 1977 5216 et
2002 5161 2367 5227 interrogemus
2392 5150 2547 5207 eam‘.
2579 5148 2673 5203 58.
2703 5143 2773 5198 Et
2794 5148 3088 5196 vocaverunt
3114 5151 3247 5200 eam,
3273 5132 3354 5188 di—

23 5225 278 5317 incccs
316 5252 515 5323 quippe
559 5247 758 5304 ἀοῐηίηί
799 5247 904 5302 mei
956 5254 1083 5299 ωηο
1109 5243 1307 5299 “imm
1353 5239 1669 5295 habuerim"
1776 5225 2059 5318 merumque
2085 5250 2129 5304 ei
2153 5265 2171 5304 :
2196 5225 2306 5302 ibis
2333 5260 2449 5298 cum
2474 5240 2674 5295 homine
2692 5238 2718 5292 2
2742 5235 2849 5290 Illa
2872 5242 3040 5287 autem
3068 5230 3216 5294 dixit,
3240 5225 3356 5283 Ibo.

23 5361 121 5412 κε
134 5321 351 5407 terum
374 5360 472 5399 vos
499 5342 549 5398 si
577 5351 813 5396 vestrum
838 5339 1074 5395 ofﬁcium
1104 5335 1355 5406 impletis,
1383 5332 1473 5389 49.
1497 5330 1676 5385 Facite
1780 5349 1869 5405 59.
1895 5345 1962 5402 Ε,
1990 5332 2289 5399 dmum,“
2309 5338 2584 5393 Rebecca,"
2620 5345 2844 5387 δογοτεηι
2865 5341 3031 5388 suam,
3059 5332 3105 5378 ει
3126 5321 3357 5376 suam"-

23 5435 487 5502 uigricordiam
508 5444 554 5487 et
580 5432 826 5499 iustitiam
851 5446 963 5484 cum
992 5429 1195 5483 domino
1224 5442 1360 5482 meo:
1380 5426 1460 5480 sin
1486 5423 1673 5490 minus,
1783 5442 1881 5497 ιξα,
1907 5439 2036 5509 ej”,
2057 5444 2102 5489 ει
2130 5447 2325 5488 servum
2352 5426 2635 5489 Abraham,
2661 5431 2709 5477 ει
2738 5436 2842 5486 σοι,
2868 5417 2952 5488 qui
2973 5430 3089 5469 cum
3115 5430 3172 5468 eo
3193 5420 3357 5466 eram.

24 5530 389 5594 :nnuntiate
409 5526 555 5581 mihi.
582 5523 699 5580 Jam
721 5523 871 5589 mihi,
903 5521 1091 5591 inquit,
1122 5519 1436 5591 significate,
1459 5524 1517 5571 ut
1543 5530 1599 5569 se

1783 5531 1872 5589 60.
1893 5502 1962 5583 Et
1990 5502 2345 5581 benedixemnt
2386 5515 2660 5572 Rebeccam
2685 5554 2700 5579 ,
2728 5520 2773 5567 et
2802 5511 3040 5564 dixerunt
3075 5503 3119 5560 ei
3155 5518 3175 5557 :
3196 5502 3361 5558 Soror

23 5626 290 5689 .ossisn
319 5619 450 5691 quid
477 5624 718 5686 oporteat
745 5629 830 5671 me
857 5614 1050 5669 facere.
1082 5611 1232 5680 Quod
1275 5610 1321 5664 si
1359 5608 1536 5664 minus
1562 5621 1598 5670 p

1786 5636 1962 5678 nostra
2006 5636 2080 5684 es,
2112 5617 2207 5686 ﬁas
2247 5615 2301 5668 in
2338 5609 2502 5666 millia
2541 5602 2983 5663 decem‘millium,
3014 5606 3060 5653 et
3076 5594 3362 5651 hered'tatc

24 5736 150 5793 ει,
200 5724 281 5772 et
307 5678 537 5782 idipsum
557 5709 739 5776 dicite,
772 5717 828 5763 ut
850 5707 957 5763 alio
983 5706 1083 5762 iter
1108 5678 1322 5771 faciam,
1350 5711 1407 5758 et
1433 5701 1519 5755 Me
1547 5717 1599 5755 ca

1789 5712 2040 5787 possideat
2065 5678 2245 5763 semen
2274 5714 2416 5759 tuum
2436 5701 2660 5756 civitates
2688 5694 3025 5749 inimicorum.
3066 5685 3198 5740 Vide
3224 5678 3383 5755 quo;

80 5842 109 5877 ι
170 5827 295 5885 Hic
315 5823 629 5887 septuaginta
651 5826 799 5884 Inter]
815 5827 952 5877 tetes
966 5818 1164 5877 addunt,
1188 5814 1240 5870 in
1260 5813 1336 5870 ria
1356 5810 1587 5867 veritatis.
1790 5780 1800 5787 ’
1844 5796 1877 5840 γι
1910 5800 2230 5868 septuaginta
2247 5799 2317 5849 sic
2335 5794 2538 5851 habent,
2561 5788 2904 5849 interrogemus
2925 5791 2978 5832 os
3003 5780 3125 5841 ejus.
