3730 6258
987 304 1052 362 ΙΝ
1086 302 1241 363 CAP.
1286 301 1429 359 XXV
1487 296 1734 357 GENES.
1772 296 2006 357 HOMIL.
2048 299 2231 357 XLIX.

23 426 324 497 ημαίνουσι
344 424 410 495 τῇ
441 423 577 494 κόρῃ
614 420 685 476 τά
719 420 977 493 μέλλοντα
1005 419 1226 476 ἔσεσθαι
1248 459 1265 487 ,
1296 416 1392 473 τοῦ
1412 414 1550 471 Θεοῦ

23 515 253 569 ἱιάνοιαν
281 512 459 566 αὐτῶν
487 512 623 582 πρὸς
665 510 826 566 τοῦτο
853 507 1339 571 κατευοδώσαντος.
1356 504 1559 578 Ἀμφόο

50 602 165 673 γὰρ
191 601 329 672 αὐτῇ
366 598 794 672 προμηνύουσιν,
815 598 899 651 ὅτι
939 598 1036 651 καὶ
1068 598 1147 660 είς
1169 595 1410 667 χιλιάδας
1456 610 1557 665 μυ-

23 707 87 742 ον
113 688 300 754 ἐσται,
333 689 427 741 καὶ
459 688 542 742 ὃτι
592 686 987 757 κληρονομήσει
1027 684 1089 737 τὸ
1135 683 1356 755 σπέρμα
1388 681 1558 753 αὐτῆς

23 776 203 839 πόλεις
233 774 343 829 τῶν
373 773 727 828 ὑπεναντίων.
776 769 930 835 Εἶδες
963 770 1052 826 διά
1100 770 1317 824 πάντων
1347 769 1558 824 δεικνυ-

24 879 56 913 ν
96 860 306 933 ἐναργῆ
338 860 435 914 τοῦ
462 859 597 914 Θεοῦ
630 858 730 931 τήν
757 858 1033 929 πρόνοιαν,
1074 856 1194 920 πῶς
1218 857 1313 910 καὶ
1343 854 1432 909 διὰ
1452 853 1559 908 τῶν

23 966 135 1002 των
167 946 583 1021 προμηνύεσθαι
616 947 687 1000 τὰ
744 946 1007 1017 μέλλοντα
1058 946 1333 1015 οἰκονομεῖ
1377 943 1407 996 ὁ
1450 942 1560 996 τῶν

23 1054 145 1089 ’των
193 1035 503 1105 Δεσπότηςς
546 1034 655 1092 Καὶ
701 1034 1042 1096 ἀναστᾶσα,
1088 1032 1243 1104 φησὶ,
1280 1030 1562 1085 Ῥεϐέκκα

23 1126 78 1177 αἱ
124 1123 298 1192 ἅϐραι
344 1121 568 1191 αὐτῆς,
615 1122 922 1190 ἐπέϐησαν
945 1119 1045 1175 ἐπὶ
1074 1120 1182 1188 τὰς
1228 1119 1557 1191 καμήλους.

23 1229 35 1275 ;
69 1213 192 1267 οῖαν
214 1212 403 1281 άγεται
429 1210 647 1282 νύμφην
675 1212 703 1264 ὁ
727 1210 1107 1283 πατριάρχης;
1141 1207 1559 1282 ’Υδρευομένην,

23 1299 103 1371 ἠν
137 1298 326 1371 ὑδρίαν
357 1299 449 1353 ἐπὶ
475 1298 583 1351 τῶν
614 1297 778 1369 ὤμων
813 1298 1100 1369 φέρουσαν,
1132 1297 1227 1352 καὶ
1272 1294 1367 1350 νῦν
1399 1293 1560 1349 πάλιν

23 1390 159 1441 ἰσαν
191 1387 281 1441 ἐπὶ
313 1386 410 1451 τὰς
453 1385 745 1456 καμήλους.
797 1383 1051 1455 Οὐδαμοῦ
1093 1384 1304 1455 ήμίονοι
1334 1382 1562 1455 ἀργύρῳ

23 1474 368 1546 λαμπόμεναι
400 1473 526 1537 τοὺς
557 1472 886 1544 τραχήλους,
919 1473 1040 1526 οὐδὲ
1086 1472 1315 1525 οίκετῶν
1370 1472 1558 1542 ἐσμὸς,

26 1565 63 1633 ή
103 1561 275 1634 πολλὴ
297 1560 520 1632 βλακεία
544 1562 578 1631 ή
608 1559 702 1612 νῦν
735 1560 1021 1633 γινομένη’
1055 1559 1192 1613 ἀλλά
1231 1559 1464 1630 τοσαύτη
1493 1554 1561 1630 ἦν

23 1650 273 1703 παλαιῶν
296 1650 568 1718 γυναικῶν
595 1650 627 1720 ή
661 1648 899 1720 ἀνδρεία,
922 1648 999 1711 ὡς
1024 1650 1119 1701 καὶ
1137 1646 1231 1700 ἐπὶ
1258 1647 1354 1712 τάς
1382 1648 1563 1719 καμή-

34 1739 213 1802 αὐτάς
243 1739 561 1802 ἐπιϐαίνειν,
598 1738 692 1793 καὶ
730 1737 904 1802 οὑτως
936 1738 1257 1810 ὁδοιπορεῖν.
1296 1737 1403 1793 Καὶ
1433 1737 1562 1790 ἐπο-

24 1843 211 1895 ησαν,
245 1826 396 1897 φησί,
451 1824 602 1895 μετὰ
647 1824 755 1879 τοῦ
788 1824 1121 1893 ἀνθρώπου.
1159 1824 1220 1876 '0
1248 1823 1316 1877 δὲ
1359 1825 1563 1880 Ἰσαὰκ

27 1932 45 1966 ι
81 1911 503 1982 ἀδολεσχῆσαι
554 1914 642 1979 είς
690 1912 757 1966 τὸ
787 1913 998 1966 πεδίον
1046 1912 1110 1966 τὸ
1143 1913 1295 1981 πρὸς
1333 1911 1559 1980 δείλης,

27 1998 385 2067 ἀναϐλέψας
425 1998 547 2065 τοῖς
596 1999 926 2068 ὀφθαλμοῖς
949 1998 1072 2053 εῖδε
1116 2000 1225 2065 τὰς
1253 2000 1563 2077 καμήλους

23 2087 241 2156 μένας.
292 2087 386 2149 Εἰς
436 2085 499 2139 τὸ
534 2085 736 2149 πεδίον,
768 2086 955 2158 φησὶν,
981 2087 1010 2139 ὁ
1060 2086 1244 2139 Ἰσαάκ
1274 2085 1564 2157 διατρίϐων

23 2190 154 2227 τατο
212 2172 311 2236 τὰς
357 2172 654 2244 καμήλους.
681 2173 749 2228 Ἢ
794 2172 865 2226 δέ
907 2172 1181 2228 Ῥεϐέκκα
1211 2173 1423 2228 ίδοῦσα
1460 2174 1567 2227 τὸν

24 2262 131 2324 the,
157 2259 579 2328 κατεπήδησεν
598 2260 718 2315 άπὸ
747 2259 856 2329 τῆς
879 2262 1177 2331 καμήλου,
1209 2263 1307 2316 καί
1330 2258 1460 2316 εἷπε
1485 2261 1565 2328 τῷ

23 2350 54 2401 ’ί
66 2366 81 2381 ·
127 2349 226 2413 Τίς
254 2347 426 2402 ἐστιν
456 2350 489 2403 ὀ
512 2346 823 2417 ἄνθρωπος
846 2348 1077 2417 ἐκεῖνος
1102 2352 1135 2404 ὀ
1166 2352 1567 2420 πορευόμενος

23 2436 64 2501 ᾦ
94 2435 283 2501 πεδίῳ
306 2437 391 2501 είς
417 2433 800 2503 συνάντησιν
829 2433 997 2504 ἡμῶν
1013 2448 1073 2503 ι;
1100 2437 1247 2509 Ὅρα
1272 2438 1372 2509 τῆς
1398 2438 1565 2510 κόρης

23 2525 311 2593 ιύγένειαψ
329 2522 517 2593 ἐπειδὴ
545 2518 652 2577 εἶδε
678 2522 769 2576 τὸν
783 2523 990 2587 Ἰσαὰκ,
1006 2525 1333 2580 ἐπυνθάνετο
1350 2526 1435 2590 τίς
1455 2527 1561 2599 εἴη.

30 2605 284 2677 μαθοῦσα
314 2606 397 2662 ὅτι
418 2606 580 2669 αὐτός
628 2607 776 2660 ἐστιν
816 2607 846 2659 ὁ
879 2607 1088 2678 μέλλων
1119 2609 1287 2680 αὐτὴν
1312 2610 1562 2679 ἄγεσθαι,

23 2694 298 2758 εϐάλλετο,
330 2694 487 2763 φησὶ,
518 2693 578 2746 τὸ
611 2692 914 2766 θέριστρον,
950 2695 1044 2749 καὶ
1071 2696 1509 2767 παραγενόμενος
1538 2697 1566 2749 ὁ

38 2784 343 2855 διηγήσατο
382 2782 561 2836 πάντα
588 2784 728 2853 μετά
756 2783 1045 2854 ἀκριϐείας
1088 2784 1167 2855 τῷ
1206 2785 1410 2839 Ἰσαάκ.
1460 2786 1569 2840 Ἐν-

27 2890 61 2925 α
85 2871 284 2924 σκόπει
336 2886 452 2941 μοι,
503 2869 775 2941 ἀγαπητέ,
805 2869 921 2934 πῶς
955 2869 1188 2941 οὐδαμοῦ
1221 2870 1289 2924 τά
1340 2871 1567 2941 περιττά

26 2978 59 3011 α
86 2958 188 3011 καὶ
210 2957 464 3030 ἀνόνητα,
495 2956 730 3029 οὐδαμοῦ
760 2958 954 3029 πομπὴ
998 2957 1299 3030 διαϐολικὴ,
1334 2959 1567 3030 οὐδαμοῦ

23 3048 151 3101 Ξαλα
178 3047 272 3101 καὶ
308 3046 459 3100 αὐλοὶ
485 3046 579 3100 καὶ
607 3048 837 3117 χορεῖαι,
866 3046 958 3100 καὶ
984 3045 1052 3100 τὰ
1095 3049 1356 3103 σατανικά
1388 3050 1571 3104 ἐκεῖνα

25 3136 197 3199 τόσια,
237 3134 331 3188 καὶ
356 3134 412 3187 αί
444 3133 704 3207 λοιδορίαι
753 3134 809 3188 αἱ
856 3133 1037 3206 πάσης
1068 3135 1454 3207 ἀσχημοσύνης
1479 3135 1570 3205 γέ-

25 3243 111 3288 ἀι,
144 3223 280 3277 άλλά
307 3223 457 3275 πᾶσα
490 3222 775 3293 σεμνότης,
821 3225 973 3277 πᾶσα
1009 3222 1189 3293 σοφία,
1218 3224 1366 3276 πᾶσα
1394 3224 1568 3277 ἐπιεί-

27 3310 329 3381 ,Εισῆλθε
376 3308 464 3373 δὲ,
507 3308 692 3379 φησὶν,
735 3309 942 3363 Ἰσαὰκ
992 3312 1081 3376 είς
1107 3308 1215 3363 τὸν
1246 3305 1413 3363 οἷκον
1457 3310 1570 3379 τῆς

30 3399 112 3466 >ὸς
140 3397 348 3462 αὐτοῦ,
376 3396 472 3451 καί
495 3395 673 3450 ἔλαϐε
698 3397 817 3465 τὴν
856 3396 1186 3464 Ῥεϐέκκαν,
1211 3398 1309 3452 καὶ
1333 3398 1571 3469 ἐγένετο

31 3487 49 3538 3
86 3483 271 3557 γυνὴ,
313 3484 411 3539 καί
456 3483 776 3555 ἠγάπησεν
823 3486 1037 3554 αὐτὴν,
1095 3486 1193 3541 καί
1221 3486 1571 3558 παρεκλήθη

34 3574 112 3628 ἀκ
155 3571 287 3641 περὶ
316 3571 549 3641 Σάρρας
577 3571 687 3641 τῆς
724 3574 954 3643 μητρὸς
992 3573 1200 3631 αὐτοῦ.
1240 3573 1457 3645 Ταύτην
1492 3592 1573 3646 μι-

33 3663 213 3715 3ωσαν
245 3661 301 3713 αί
328 3662 616 3730 γυναῖκες·
652 3659 843 3714 τοῦτον
872 3660 1218 3731 ζηλούτωσαν
1250 3662 1300 3715 οί
1346 3662 1570 3734 ἀνδρες·

66 3750 176 3814 τὰς
203 3748 422 3820 νύμφας
443 3748 745 3818 ἀγαγέσθαι
780 3748 1249 3815 σπουδαζέτωσαν.
1275 3750 1432 3813 Τίνος
1463 3749 1571 3822 γὰρ

37 3856 98 3901 ιν,
142 3837 263 3890 είπέ
296 3854 405 3907 μοι,
436 3835 497 3901 ἐξ
524 3836 699 3909 ἀρχῆς
729 3838 821 3889 καὶ
860 3839 927 3891 ἐκ
985 3837 1286 3909 προοιμίων
1339 3837 1572 3907 κηλίδων

40 3926 187 3979 ὦσαι
247 3926 549 3995 συγχωρεῖς
595 3923 694 3995 τῆς
740 3922 912 3996 κόρης
948 3923 1048 3987 τὰς
1094 3923 1262 3988 ἀκοάς
1315 3922 1404 3977 διὰ
1466 3922 1572 3977 τῶν

41 4015 143 4069 ›ῶν
195 4013 458 4084 ᾀσμάτων
484 4050 501 4076 ,
530 4011 619 4065 διὰ
661 4010 761 4081 τῆς
793 4011 1020 4082 ἀκαίρου
1055 4010 1281 4082 πομπῆς
1324 4010 1571 4081 ἐκείνης;

43 4095 195 4152 οἶσθα
230 4098 377 4160 ὅπως
414 4098 448 4167 ή
480 4095 667 4166 νεότης
696 4094 917 4159 εὐκολος
963 4095 1100 4167 πρὸς
1142 4094 1386 4162 δλισθον;
1422 4095 1477 4148 τί
1505 4096 1575 4148 τά

46 4184 73 4236 ἀ
98 4181 198 4235 τοῦ
229 4181 407 4251 γάμου
458 4179 829 4250 ἐκπομπεύεις
865 4182 1143 4252 μυστήρια
1168 4196 1182 4245 ;
1208 4178 1326 4233 δέον
1358 4179 1574 4234 ἃπαντα

45 4285 69 4320 ι
96 4264 449 4328 ἀπελαύνειν⁹
499 4269 595 4317 καὶ
623 4262 720 4335 τὴν
752 4262 886 4318 αἰδῶ
916 4264 982 4317 ὲκ
1035 4264 1336 4336 προοιμίων
1381 4264 1576 4318 ἐκπαι-

48 4374 73 4409 ν
108 4354 211 4425 τὴν
238 4352 427 4421 κόρην,
451 4342 546 4404 καὶ
580 4352 763 4422 ἱερέας
794 4350 943 4423 μοι]
970 4350 1156 4405 καλεῖν
1191 4352 1285 4405 καὶ
1308 4350 1375 4404 δι’
1400 4350 1575 4421 εὐχῶν

50 4435 285 4505 ὐλογιῶν
318 4435 418 4507 τὴν
443 4434 695 4504 ὁμόνοιαν
736 4435 833 4489 τοῦ
866 4433 1203 4489 συνοικεσίου
1232 4434 1575 4504 συσφίγγειν,

52 4523 108 4576 αἰ
137 4525 166 4575 ὁ
189 4519 356 4583 πόθος
388 4518 483 4572 τοῦ
512 4518 746 4591 νυμφίου
784 4517 1032 4588 αὔξηται,
1071 4517 1167 4572 καὶ
1204 4517 1301 4587 τῆς
1343 4517 1512 4589 κόρης
1542 4518 1576 4588 ή

52 4606 230 4675 οσύνη
260 4602 595 4673 ἐπιτείνηται
613 4620 628 4635 ο
664 4603 756 4659 καὶ
782 4601 868 4655 διά
900 4602 1117 4655 πάντων
1154 4600 1222 4655 τὰ
1247 4600 1345 4670 τῆς
1375 4600 1577 4672 άρετῆς

70 4686 442 4741 εἰσελεύσεται
471 4688 550 4750 είς
572 4688 671 4758 τὴν
698 4686 873 4739 οἰκίαν
902 4684 1135 4755 ἐκείνην,
1163 4684 1258 4738 καὶ⁵
1291 4686 1460 4740 πᾶσαι
1484 4686 1578 4739 τοῦ

55 4772 147 4826 λου
177 4774 236 4827 αί
270 4771 508 4842 μηχαναί
546 4769 790 4824 ἐκποδὼν
831 4768 1044 4823 ἔσονται
1071 4810 1087 4836 ,
1132 4769 1225 4824 καὶ
1255 4768 1408 4824 αὑτοί
1459 4768 1579 4841 μεθ’

57 4872 96 4926 ις
135 4856 232 4908 τὸν
264 4854 379 4925 βίον
402 4852 671 4918 διάξουσιν
700 4853 730 4893 ιι
752 4893 767 4919 ,
825 4852 933 4905 ὑπὸ
962 4852 1062 4922 τῆς
1102 4850 1200 4905 τοῦ
1232 4850 1368 4905 Θεοῦ
1406 4853 1579 4923 ῥοπῆς
1632 4852 1635 4853 ⁷

57 4937 368 5008 οοτούμενοι
383 4953 398 4967 ⁸
425 4932 493 5009 ἦς
516 4936 722 5006 γένοιτο
745 4934 953 4999 πάντας
976 4936 1122 5005 ήμᾶς
1146 4935 1446 5005 ἐπιτυχεῖν,
1479 4936 1581 5005 χά-

59 5021 133 5074 ιαὶ
160 5020 543 5090 φιλανθρωπίᾳ
569 5018 664 5072 τοῦ
690 5017 895 5090 Κυρίου
918 5017 1077 5089 ημῶν
1116 5018 1290 5089 Ἰησού
1318 5018 1580 5090 Χριστοῦ,

61 5096 107 5157 ιῦ
135 5103 218 5174 τῷ
246 5103 421 5174 Πατρὶ
453 5101 572 5172 ἀμα
587 5100 669 5172 τῷ
697 5100 837 5171 ἁγίῳ
866 5100 1142 5173 Πνεύματι
1168 5101 1295 5166 δόξα
1313 5142 1327 5167 ,
1358 5100 1578 5173 κράτος,

72 5185 178 5240 ,νῦν
203 5186 303 5240 καὶ
314 5186 423 5251 ἀεὶ,
450 5185 546 5239 καὶ
563 5185 643 5248 είς
658 5185 785 5249 τοὺς
804 5182 1006 5248 αἰῶνας
1022 5184 1576 5257 τῶναίώνων.’Δμήν.

524 5305 771 5361 ΟΜΙΛΙΔ
814 5305 944 5361 MG'.

67 5429 149 5467 nu
188 5412 261 5467 δέ
301 5416 361 5469 al
412 5412 712 5484 γενέσεις,
752 5412 949 5484 φησὶν,
992 5411 1191 5467 Ἰσαὰκ
1230 5410 1337 5466 τοῦ
1375 5410 1510 5467 υίοῦ

607 5482 882 5553 Ἀϐραάμ.

84 5589 259 5645 Πάλιν
288 5588 435 5661 ὑμᾶς
458 5590 552 5642 ἐπὶ
581 5589 680 5659 τὴν
711 5586 918 5659 συνήθη
949 5586 1230 5660 τράπεζαν
1284 5588 1582 5657 ἀναγαγεῖν

71 5689 165 5749 μαι
192 5715 209 5739 ,
256 5674 352 5727 καὶ
401 5671 621 5743 ἐκτῶν
664 5673 817 5743 παρά
852 5670 946 5725 τοῦ
994 5671 1271 5736 Μωῦσέως
1320 5672 1584 5741 ῥημάτων

73 5754 282 5808 στίασιν
308 5755 437 5826 ὑμῖν
466 5754 810 5824 παραθεῖναι,
843 5753 1041 5825 μᾶλλον
1068 5754 1125 5810 δὲ
1157 5753 1264 5808 τῶν
1286 5753 1380 5810 τοῦ
1412 5752 1581 5809 Ilvati-

75 5838 138 5891 [Ι
161 5844 295 5905 ἡμῖν,
323 5841 515 5891 elinfra
538 5843 867 5906 περιεϐάλετοέ
909 5904 915 5906 Α
949 5903 960 5906 _
1033 5880 1045 5906 ς

77 5900 292 5960 άξουσιν.
336 5906 418 5969 Si};
463 5900 818 5969 recleiSavilu
836 5903 982 5957 Cois].
1026 5904 1264 5961 διάξωσιν.
1303 5900 1476 5953 Morel.
1526 5907 1581 5952 εἰ

78 6009 81 6017 ,
109 5968 352 6032 διάγωσιν.
381 5966 512 6017 Enn.

3131 300 3240 358 ιιι

1662 431 1850 486 ματος.
1902 416 2039 477 Οὐδὲ
2064 418 2173 487 γάρ
2203 417 2297 486 ἀφ’
2351 415 2544 471 ἐαυτοῦ
2595 416 2838 489 Μωῦσῆς
2888 415 3062 473 ταῦτα
3106 417 3240 488 ήμΐν

1657 496 1888 562 ἐξέθετο,
1920 499 2035 553 ἀλλ’
2066 501 2170 554 ὑπὸ
2198 501 2294 554 τοῦ
2325 502 2481 571 ἁγίου
2511 488 2837 575 Πνεύματος
2854 500 3238 574 ἐνηχούμενος.

1661 582 1888 654 Ἴδωμεν
1912 579 2006 637 οὖν
2038 584 2091 637 τί
2124 586 2219 639 καὶ
2258 587 2498 657 σήμερον
2530 588 2681 657 ἡμᾶς
2705 585 2916 652 διδάξαι
2967 586 3235 657 βούλεται.

1658 667 1793 720 Οὐδὲ
1815 667 1926 737 γὰρ
1954 668 2143 732 ἁπλῶς
2178 669 2299 722 οὐδέ
2354 670 2477 739 είκῆ
2500 671 2627 733 τοὺς
2679 669 2827 741 βίους
2876 670 3007 740 ἡμῖν
3028 670 3137 723 τῶν
3159 670 3239 722 δι-

1660 751 1829 805 καίων
1855 751 2146 815 ἐκτίθεται,
2170 752 2285 805 ἀλλ’
2302 753 2388 806 ἵνα
2413 751 2747 824 ζηλώσωμεν
2766 752 2972 806 τούτων
2995 752 3093 822 τὴν
3109 754 3237 825 ἀρε-

1658 837 1778 909 τὴν,
1807 840 1901 893 καὶ
1932 842 2167 911 μιμηταὶ
2220 841 2509 912 γενώμεθα
2539 842 2648 895 τῶν
2695 842 2921 905 ἐκείνοις
2944 842 3238 913 κατωρθω-

1665 924 1859 994 μένων.
1895 925 2113 997 Ἐπειδὴ
2162 926 2273 997 γὰρ
2301 930 2434 997 ἡμῖν
2484 928 2551 981 τά
2583 928 2724 982 κατά
2769 929 2858 982 τὸν
2896 930 3243 999 πατριάρχην

1660 1010 1906 1082 ἀκριϐῶς
1962 1012 2384 1085 διηγησάμενος,
2446 1015 2663 1068 καὶτὸν
2720 1016 3030 1069 τελευταῖον
3074 1016 3243 1069 αὐτοῦ

1663 1088 1825 1149 ἆθλον
1851 1094 1945 1148 τὸν
1979 1097 2071 1149 ἐπὶ
2115 1098 2180 1167 τῇ
2230 1096 2323 1149 τοῦ
2375 1096 2703 1168 μονογενοῦς
2753 1101 2973 1171 σφαγῇ,
3023 1098 3242 1166 διδάξας

1659 1178 1813 1248 ἡμᾶς
1874 1177 1993 1242 πῶς
2034 1177 2101 1232 ἂν
2127 1178 2207 1249 τῷ
2238 1178 2359 1250 Θεῷ
2385 1179 2545 1232 αὐτὸν
2576 1180 2939 1253 καλλιέρημα,
2975 1184 3023 1235 εἰ
3046 1183 3140 1236 καὶ
3166 1185 3243 1255 μὴ

1662 1260 1810 1331 αὐτῷ
1842 1260 2008 1331 ἔργῳ,
2037 1261 2173 1316 ἀλλά
2203 1265 2269 1333 τῇ
2304 1263 2585 1335 προθυμίᾳ
2617 1264 2931 1337 εἰργάσατο,
2964 1265 3120 1329 τέλος
3146 1268 3246 1318 ἐπ-

1662 1341 1860 1414 έθηκεν
1885 1343 2117 1408 ἐκείνοις
2143 1347 2260 1408 τοῖς
2279 1345 2602 1417 διηγήμασι·
2625 1345 2719 1399 νῦν
2736 1348 2868 1416 ἡμῖν
2889 1347 3159 1401 ἐκτίθεται
3175 1347 3247 1401 τὰ

1662 1426 1803 1479 κατά
1822 1425 1915 1479 τὸν
1955 1425 2139 1481 Ἰσαάκ
2175 1427 2267 1481 τὸν
2297 1428 2572 1497 σφαγέντα
2604 1430 2699 1483 καὶ
2729 1430 2803 1502 μὴ
2833 1430 3127 1499 σφαγέντα⁸
3158 1432 3248 1483 αἰ-

1660 1507 1887 1579 νίγματι
1920 1510 2029 1582 γάρ
2059 1510 2203 1564 ἔοικε
2243 1512 2304 1564 τὸ
2338 1512 2581 1581 γεγονός.
2610 1514 2876 1566 Ἀκουσον
2899 1513 3007 1585 γὰρ
3031 1513 3247 1568 Παύλου

1661 1589 1927 1663 λέγοντος·
1943 1594 2149 1647 Πίστει
2174 1595 2593 1665 προσενήνοχε
2621 1595 2729 1648 τὸν
2762 1596 2959 1649 Ἰσαὰκ
2992 1595 3247 1667 Ἀϐραὰμ

1662 1673 2096 1743 πειραζόμενος’
2129 1676 2227 1729 καὶ
2253 1677 2667 1747 τὸνμονογενῆ
2700 1677 3073 1747 προσέφερεν
3092 1683 3122 1733 d
3139 1681 3249 1745 τὰς

1661 1758 2021 1829 ἐπαγγελίας
2051 1758 2513 1829 ἀναδεξάμενος.
2535 1756 2669 1815 Εἶτα
2690 1760 2777 1814 ἵνα
2808 1760 3067 1833 μάθωμεν
3089 1764 3249 1837 ἀκρι-

1664 1840 1792 1905 ϐῶς,
1820 1840 1938 1905 πῶς
1968 1842 2149 1895 πίστει
2181 1843 2355 1897 ταῦτα
2377 1843 2555 1897 πάντα
2575 1843 2947 1913 διεπράττετο,
2971 1845 3063 1899 καὶ
3092 1846 3248 1898 ἔεναν⁹

1663 1923 1835 1997 τίατῇ
1866 1924 2157 1993 ὑποσχέσει
2181 1924 2325 1996 ὀρῶν
2341 1927 2409 1979 τὰ
2439 1926 2534 1978 ὑπ’
2561 1926 2723 1979 αὐτοῦ
2749 1926 2996 1995 γίνεσθαι
3029 1927 3248 1982 κελευό-

1667 2024 1823 2078 μενα,
1858 2008 1958 2060 οὐκ
1988 2008 2331 2079 ἐταράττετο,
2366 2008 2551 2080 φησίν
2587 2010 2767 2064 Ὅθεν
2797 2010 2987 2065 αὐτὸν
3024 2010 3123 2064 καὶ
3176 2011 3249 2065 ἐν

1664 2090 1975 2159 παραϐολῇ
1996 2091 2337 2160 ἐκομίσατο.
2365 2093 2430 2145 Τί
2455 2094 2624 2155 ἐστιν,
2668 2094 2768 2146 Ἐν
2788 2093 3102 2164 παραϐολῇ
3115 2095 3249 2148 ἐκοο

1660 2175 2152 2247 μίσατο;Ἐπειδὴ
2184 2176 2293 2248 γὰρ
2326 2176 2486 2231 αὑτὸν
2506 2178 2586 2240 εἰς
2618 2176 2809 2229 θυσίαν
2834 2178 3124 2248 ἀνήνεγκε,
3151 2180 3249 2232 καὶ

1665 2257 2079 2329 ἀπηρτισμένην
2107 2259 2207 2329 τὴν
2248 2258 2475 2331 γνώμην
2508 2258 2841 2323 ἐπεδείξατο,
2885 2258 3044 2323 αὐτός
3064 2276 3130 2331 γε
3153 2262 3249 2315 τὸν

1668 2340 1927 2409 στέφανον
1974 2340 2293 2411 ἀνεδήσατο,
2336 2342 2430 2394 καὶ
2453 2342 2545 2395 τὸν
2578 2342 2743 2395 παῖδα
2784 2340 2963 2394 λαϐὼν
2994 2343 3244 2417 ἐπανῄει.

1666 2426 1761 2477 καὶ⁵
1791 2426 1824 2495 ή
1851 2423 2013 2478 θυσία
2045 2424 2133 2477 διὰ
2153 2424 2426 2495 προϐάτου
2458 2424 2783 2497 ἐπληροῦτο,
2812 2425 2903 2479 καὶ
2926 2425 3136 2480 ἐδείκνυ
3160 2426 3250 2485 διὰ

1667 2508 1884 2561 πάντων
1916 2508 1945 2559 ό
1975 2507 2083 2560 τῶν
2116 2506 2251 2561 ὅλων
2280 2506 2412 2571 Θεὸς
2441 2507 2542 2577 τῆς
2599 2508 2805 2573 οίκείας
2838 2508 3250 2581 φιλανθρωπίας

1666 2591 1764 2662 τὴν
1789 2590 2113 2662 ὑπερϐολὴν,
2140 2592 2232 2644 καὶ
2258 2591 2341 2643 ὅτι
2389 2591 2449 2643 οὐ
2483 2591 2758 2662 σφαγῆναι
2781 2591 2872 2644 τὸν
2912 2591 3098 2646 Ἰσαὰκ
3125 2592 3249 2663 βου-

1666 2674 1892 2745 λόμενος
1928 2674 2087 2728 τοῦτο
2114 2675 2427 2741 ἐπέταττεν,
2444 2675 2580 2729 ἀλλά
2601 2678 2693 2730 τοῦ
2719 2670 2929 2730 δικαίου
2957 2666 3251 2748 γυμνάζων

1666 2758 1765 2832 τὴν
1799 2760 2067 2829 ὑπακοήν.
2138 2759 2280 2812 Ἀλλ’
2311 2759 2501 2831 ὥσπερ
2534 2760 2745 2830 εἴδομεν
2780 2760 2871 2814 τοῦ
2909 2760 3249 2833 πατριάρχου

1668 2844 1763 2913 τὴν
1790 2844 1991 2915 ἀρετὴν
2015 2843 2103 2897 διὰ
2132 2843 2350 2897 πάντων
2378 2843 2722 2913 λάμπουσαν,
2742 2844 2874 2916 φέρε
2901 2844 3083 2898 καὶτὰ
3107 2846 3252 2900 κατά

1668 2926 1757 2980 τὸν
1772 2927 1957 2979 Ἰσαὰκ
1974 2927 2213 2997 σήμερον
2243 2927 2323 2990 είς
2355 2926 2519 2996 μέσον
2550 2926 2863 2995 προθέντες,
2889 2927 3087 2999 ῐδωμεν
3103 2928 3252 2992 ὅπως

1669 3009 1764 3062 καὶ
1790 3009 1954 3071 αὐτὸς
1976 3007 2036 3060 τὺ
2052 3008 2298 3077 φιλόθεον
2322 3008 2486 3062 αὐτοῦ
2528 3011 2629 3079 τῆς
2653 3009 2878 3081 γνώμης
2910 3010 3003 3063 διά
3033 3010 3253 3065 πάντων

1669 3091 2054 3147 ἐπιδείκνυται.
2092 3091 2274 3157 ’Ἄξιον
2292 3092 2350 3146 δὲ
2381 3093 2475 3146 καὶ
2502 3093 2679 3147 αὐτῶν
2702 3093 3008 3149 ἐπακοῦσαι
3035 3093 3142 3147 τῶν
3153 3095 3253 3165 τῆς

1670 3175 1893 3248 Γραφῆς
1905 3178 1971 3248 ρη
1980 3179 2184 3246 μάτων.
2199 3172 2385 3233 Αὖται
2395 3176 2463 3230 δὲ
2478 3180 2537 3231 αι
2546 3176 2833 3246 γενέσεις,
2846 3178 3032 3249 φησὶν,
3047 3177 3257 3232 Ἰσαὰκ

1671 3259 1777 3314 τοῦ
1808 3260 1943 3314 υἱοῦ
1983 3259 2259 3330 Ἀϐραάμ.
2278 3261 2524 3330 Ἀϐραὰμ
2552 3260 2847 3330 ἐγέννησε
2874 3258 2982 3314 τὸν
3031 3259 3252 3315 Ἰσαάκ.

1670 3338 1783 3397 Ἦν
1802 3342 1871 3397 δὲ
1910 3344 2115 3399 Ἰσαὰκ
2134 3343 2284 3397 ἐτῶν
2305 3343 2772 3412 τεσσαράκοντα,
2787 3343 2888 3397 ὅτε
2908 3346 3088 3398 ἔλαϐε
3117 3345 3248 3398 Ῥε-

1672 3425 1896 3481 ϐέκκαν
1925 3427 2217 3497 θυγατέρα
2258 3426 2540 3494 Βαθουὴλ
2566 3428 2669 3481 τοῦ
2694 3428 2889 3494 Σύρου
2916 3428 2984 3482 ἐκ
3009 3427 3119 3496 τῆς
3140 3431 3255 3483 Με-

1670 3512 2063 3581 σοποταμίας,
2084 3511 2235 3584 [492]
2281 3511 2559 3582 ἀδελφὴν
2582 3511 2652 3564 δὲ
2673 3511 2877 3567 Λάϐαν
2898 3512 3007 3567 τοῦ
3032 3514 3252 3582 Σύρου,

1670 3596 1861 3663 ἐαυτῷ
1886 3599 1972 3662 είς
2000 3596 2272 3667 γυναῖκα.
3244 3666 3247 3667 ν

1743 3680 1943 3733 Σκόπει
1998 3696 2112 3750 μοι,
2164 3679 2450 3749 ἀγαπητέ,
2507 3678 2607 3750 τῆς
2665 3677 2816 3742 θείας
2871 3678 3099 3750 Γραφῆς
3150 3679 3257 3750 τὴν

1670 3763 2000 3835 ἀκρίϐειαν,
2061 3764 2210 3827 ὅπως
2261 3762 2415 3817 οὐδέν
2486 3763 2780 3835 παρέργως
2830 3763 3032 3835 τίθησι.
3094 3763 3255 3826 Τίνος

1673 3846 1784 3917 γὰρ
1838 3845 2023 3903 ἐνεκεν
2080 3848 2213 3917 ήμῖν
2270 3846 2361 3898 τὸν
2412 3846 2603 3917 χρόνον
2662 3845 2758 3899 τοῦ
2817 3847 3005 3900 Ἰσαάκ
3061 3847 3255 3915 ἐπιση-

1678 3931 1952 4003 μαίνεται,
1972 3929 2065 3983 καί
2098 3925 2397 4001 φησιν,Ἦν
2431 3930 2501 3982 δὲ
2530 3931 2726 3984 Ἰσαάκ
2762 3928 2915 3983 ἐτῶν
2956 3928 3254 4002 τεσσαρα-

1674 4029 1879 4076 κοντα,
1904 4013 2002 4067 ὅτε
2029 4015 2206 4069 ἔλαϐε
2225 4012 2339 4080 τὴν
2376 4012 2735 4078 Ῥεϐέκκαν;
2769 4013 2881 4082 Οὐχ
2908 4012 3255 4078 ἀπλῶς,οὑδέ

1674 4097 1819 4168 εἰκῆ·
1852 4097 1967 4150 ἀλλ’
2000 4096 2187 4167 ἐπειδὴ
2237 4095 2419 4168 μέλλει
2453 4097 2591 4168 μετὰ
2614 4097 2789 4151 ταῦτα
2816 4098 2917 4167 τῆς
2958 4097 3255 4162 Ῥεϐέκκας

1674 4185 1806 4254 ἡμῖν
1826 4181 2131 4253 διηγεῖσθαι
2162 4182 2261 4252 τὴν
2300 4182 2605 4254 στείρωσιν,
2646 4182 2741 4235 καὶ
2785 4182 2868 4235 ὅτι
2890 4181 2951 4247 ἐξ
2970 4181 3134 4252 εὐχῆς
3157 4181 3257 4236 τοῦ

1675 4266 1886 4321 δικαίου
1912 4264 1981 4320 τά
2007 4266 2106 4335 τῆς
2137 4264 2477 4329 παιδοποιίας
2502 4264 2636 4335 αὐτῇ
2662 4265 2873 4334 γέγονε,
2904 4265 3150 4337 βούλεται
3175 4265 3257 4319 δι-

1675 4346 1833 4413 δάξαι
1854 4350 2007 4420 ἡμᾶς¹
2030 4348 2090 4401 τὸ
2126 4348 2355 4418 μέγεθος
2379 4348 2481 4420 τῆς
2501 4350 2778 4420 ὑπομονῆς
2798 4348 2892 4403 τοῦ
2926 4350 3130 4414 Ἰσαὰκ,
3161 4352 3257 4403 καὶ

1678 4434 1917 4505 σημᾶναι
1946 4433 2036 4485 τὸν
2066 4433 2257 4504 χρόνον
2302 4433 2567 4503 ἀκριϐῶς,
2596 4434 2718 4487 ὅσον
2748 4435 2807 4486 ἐν
2839 4434 3067 4507 ἀπαιδία
3099 4435 3259 4504 γέγο-

1678 4533 1786 4571 νεν·
1807 4517 1893 4570 ῖνα
1920 4516 2014 4569 καὶ
2038 4517 2196 4587 ἡμεῖς
2229 4514 2515 4587 ζηλοῦντες
2546 4517 2639 4570 τὸν
2659 4516 2885 4581 δίκαιον,
2913 4517 3060 4572 οὕτω
3085 4534 3258 4591 προσ-

1677 4599 1985 4672 εδρεύωμεν
2027 4602 2145 4662 ταῖς
2181 4599 2317 4669 πρὸς
2344 4600 2435 4653 τὸν
2463 4600 2597 4653 Θεὸν
2620 4600 2871 4666 ἱκεσίαις,
2905 4600 3125 4655 ἐπειδὰν
3171 4604 3258 4655 αἱ·

1676 4682 1861 4754 τῶμέν
1887 4698 1939 4734 τι
1970 4684 2102 4754 παρ’
2128 4680 2315 4735 αὑτοῦ.
2346 4684 2408 4735 Et
2439 4683 2551 4754 γάρ
2589 4685 2618 4736 ὸ
2653 4683 2861 4748 δίκαιος
2888 4678 3043 4748 οὗτος
3068 4684 3261 4757 ἐνάρε-

1678 4783 1769 4831 τος
1795 4764 1872 4819 ὣν
1891 4806 1905 4830 ,
1935 4766 2031 4819 καὶ
2079 4766 2348 4837 τοσαύτης
2382 4767 2594 4831 εὐνοίας
2643 4767 2935 4821 ἀπολαύων
2978 4768 3130 4840 παρά
3160 4769 3259 4822 τοῦ

1679 4850 1836 4917 Θεοῦ,
1864 4850 2136 4923 τοσαύτην
2156 4853 2500 4908 ἐπεδείκνυτο
2513 4852 2748 4923 σπουδὴν
2768 4852 2862 4905 καὶ
2884 4852 3145 4918 εὐτονίαν,
3162 4852 3258 4907 τὸν

1679 4934 1812 4993 Θεὸν
1834 4934 2096 5006 διηνεκῶς
2123 4936 2474 5007 παρακαλῶν,
2501 4935 2641 4989 ὥστε
2660 4934 2817 4988 λῦσαι
2839 4936 2936 5005 τῆς
2964 4934 3257 4997 Ῥεϐέκκας

1680 5017 1779 5090 τὴν
1805 5018 2109 5089 στείρωσιν,
2148 5019 2204 5071 τί
2240 5017 2306 5073 ἂν
2338 5019 2590 5089 εἴποιμεν
2626 5020 2787 5090 ἡμεῖς
2803 5015 3106 5070 οίτοσαῦτα
3127 5033 3263 5087 φορ-

1679 5103 1771 5157 τία
1819 5103 2231 5174 ἁμαρτημάτων
2264 5103 2479 5173 ἔχοντες
2517 5101 2856 5172 ἐπικείμενα,
2892 5100 2986 5154 καὶ
3033 5100 3169 5171 μηδὲ
3197 5102 3264 5155 τὸ

1683 5186 1974 5241 πολλοστὸν
2004 5186 2101 5239 τοῦ
2128 5186 2337 5240 δικαίου
2366 5186 2559 5239 τούτου
2591 5185 2757 5256 μέρος
2805 5185 3263 5256 ἐπιδεικνύμενοι,

1681 5269 1816 5323 ἀλλά
1835 5268 1936 5324 κᾶν
1962 5269 2097 5340 πρὸς
2111 5267 2287 5338 ὀλίγον
2310 5269 2545 5340 σπουδήν
2566 5285 2685 5321 τινα
2706 5265 3116 5338 ἐπιὼιξιῦμεθα,
3132 5286 3268 5340 ναρ-

1682 5351 1887 5415 κῶντες
1913 5352 2007 5406 καὶ
2031 5350 2436 5423 ἀποπηδῶντες,
2466 5353 2517 5405 εἰ
2545 5352 2618 5424 μὴ
2646 5351 2837 5405 θᾶττον
2862 5350 3266 5423 εἰσακουσθείη-

1686 5452 1815 5507 pm;
1832 5434 1931 5489 Διά
1968 5434 2147 5499 τοῦτο,
2181 5434 2484 5507 παρακαλῶ
2500 5476 2517 5503 ,
2541 5436 2607 5490 ἐκ
2640 5435 2747 5490 τῶν
2771 5434 2852 5506 τῷ
2876 5434 3068 5505 δικαίῳ
3088 5435 3265 5507 τούτῳ

1685 5517 2010 5590 συμϐάντων
2052 5518 2468 5591 παιδευόμενοι,
2508 5518 2778 5590 μηδέποτε
2816 5518 3119 5590 παυώμεθα
3169 5519 3265 5575 τὸν

1684 5601 1816 5656 Θεὸν
1844 5601 2284 5674 παρακαλοῦντες
2311 5602 2451 5674 ὑπὲρ
2477 5603 2576 5674 τῆς
2612 5602 3009 5674 συγχωρήσεως
3048 5600 3158 5655 τῶν
3185 5605 3264 5654 οί-

1685 5684 1846 5741 κείων
1867 5684 2373 5757 πλημμελημάτων,
2394 5686 2532 5741 ἀλλὰ
2552 5686 2760 5759 θερμὴν
2778 5685 2874 5741 καὶ⁸
2896 5683 3121 5750 ζέουσαν
3137 5701 3268 5758 προ-

1688 5769 1891 5841 θυμίαν
1939 5769 2422 5842 ἐπιδεικνυώμεθα,
2458 5770 2550 5826 καί
2594 5771 2668 5843 μὴ
2697 5770 3076 5841 ἀσχάλλωμεν,
3128 5768 3266 5839 μηδὲ

1687 5853 2032 5925 όκνηρότεροι
2061 5852 2358 5926 γινώμεθα,
2374 5856 2421 5908 εἰ
2443 5855 2517 5927 μὴ
2538 5854 2730 5908 θᾶττον
2756 5850 3262 5923 εἱσακουσθείημεν.

1692 5938 1851 6001 Ἴσως
1867 5938 1995 6011 γὰρ,
2027 5938 2155 6004 ἴσως
2183 5938 2536 6010 σοφιζόμενος
2552 5938 2709 6011 ήμῶν
2722 5938 2822 6010 τὴν
2841 5936 3060 6009 διηνεκῆ
3088 5952 3256 6008 προσ-
