3730 6266
543 262 655 319 645

539 379 724 451 εδρίαν
780 375 810 430 6
856 374 1151 445 Δεσπότης,
1185 374 1620 444 διαναϐάλλεται,
1679 375 1998 447 βουλόμενος
2026 373 2122 427 καὶ

538 464 634 533 τῆς
657 458 930 529 ὑπομονῆς
958 458 1105 527 ἡμᾶς
1152 457 1478 527 κομίσασθαι
1506 463 1601 515 τὸν
1656 459 1868 532 μισθὸν,
1901 458 1996 512 καὶ
2032 456 2123 509 τὸν

538 542 728 613 καιρὸν
763 539 936 603 εἰδὼς,
964 539 1081 591 καθ’
1096 539 1154 591 6v
1176 538 1451 605 λυσιτελές
1481 543 1629 596 ἐστιν
1663 544 1796 613 ἡμῖν
1827 540 1934 593 τῶν
1959 555 2125 592 σπου-

536 623 844 695 δαζομένων
865 622 1160 691 ἐπιτυχεῖν.
1194 622 1327 675 Οὐδέ
1348 626 1459 695 γὰρ
1488 624 1661 687 οὕτως
1686 626 1848 695 ἡμεῖς
1879 622 2035 693 ῐσμεν
2062 620 2124 673 τὸ

537 705 814 776 συμφέρον
846 705 1077 767 ἑαυτοῖς,
1110 706 1186 768 ὡς
1210 706 1371 770 αὐτὸς
1394 707 1635 778 ἀκριϐῶς
1660 707 1964 768 ἐπίσταται,
1998 706 2027 756 6
2054 703 2125 754 τά

535 789 822 861 ἀπόρρητα
856 785 956 855 τῆς
1008 785 1246 851 διανοίας
1294 788 1525 843 ἑκάστου
1577 790 1963 858 ἐπιστάμενος.
1989 786 2065 838 Δι’
2095 784 2123 837 ὂ

536 876 802 946 προσήκει
831 874 995 945 μηδὲν
1034 876 1492 948 περιεργάζεσθαι
1522 877 1618 931 καὶ
1648 873 2125 945 πολυπραγμονεῖν

536 960 644 1012 τῶν
672 957 824 1031 παρά
848 957 939 1011 τοῦ
970 958 1105 1011 Θεοῦ
1137 960 1461 1029 γινομένων,
1510 961 1647 1014 άλλά
1677 960 1875 1031 πολλὴν
1904 960 2003 1029 τὴν
2033 957 2125 1009 εὐ-

536 1041 892 1112 γνωμοσύνην
922 1040 1353 1104 ἐπιδείκνυσθαι,
1412 1044 1510 1097 καὶ
1562 1043 1864 1113 θαυμάζειν
1909 1040 2018 1095 τῶν
2044 1040 2125 1093 δι-

538 1124 709 1178 καίων
732 1124 831 1188 τὰς
850 1122 1073 1192 ἀρετάς.
1134 1125 1350 1194 Ἐπειδὴ
1400 1125 1508 1197 γὰρ
1565 1121 1717 1179 εἶπεν
1764 1125 1961 1195 ήμῖνή
2005 1123 2125 1176 Θεία

537 1206 748 1279 Γραφὴ,
780 1208 919 1260 ὅσων
942 1206 1078 1263 ἐτῶν
1104 1202 1173 1278 ἦν
1208 1208 1414 1272 Ἰσαὰκ,
1451 1208 1712 1276 λέγεικαὶ
1743 1206 1872 1278 περί
1903 1205 2125 1259 Ῥεϐέκ-

537 1307 641 1354 κας
661 1288 760 1361 τῆς
786 1289 1041 1359 γυναικὸς
1071 1290 1236 1343 αὐτοῦ
1264 1331 1278 1350 ,
1309 1291 1390 1343 ὅτι
1424 1293 1611 1361 στεῖρα
1640 1286 1731 1358 ἦν.
1760 1290 1867 1344 Θέα
1897 1306 1985 1359 μοι
2029 1288 2123 1341 τοῦ

536 1374 745 1429 δικαίου
791 1374 851 1426 τὸ
901 1374 1167 1441 φιλόθεον.
1208 1374 1423 1444 Ἐπειδὴ
1473 1373 1582 1444 γὰρ
1622 1369 1728 1427 εἶδε
1780 1373 2125 1444 χωλεύουσαν

537 1456 636 1528 τὴν
659 1456 839 1527 φύσιν,
885 1457 976 1510 ἐπὶ
1014 1456 1105 1511 τὸν
1161 1457 1259 1527 τῆς
1298 1456 1509 1526 φύσεως
1540 1456 1867 1527 δημιουργὸν
1900 1454 2122 1525 έδραμε,

537 1542 633 1594 καὶ
668 1540 736 1593 τὰ
760 1539 930 1610 δεσμά
961 1541 1060 1610 τῆς
1091 1540 1305 1609 φύσεως
1332 1541 1419 1593 διὰ
1451 1540 1550 1609 τῆς
1576 1539 1741 1612 εὐχης
1785 1539 1930 1592 λύειν
1965 1539 2121 1608 ἠπεί-

538 1640 684 1692 γετο.
726 1623 949 1678 Ἐδέετο
974 1624 1104 1693 γὰρ,
1162 1623 1354 1692 φησὶν,
1397 1623 1601 1677 Ἰσαὰκ
1640 1622 1772 1690 περί
1818 1621 2125 1687 Ῥεϐέκκας

538 1706 649 1774 τῆς
679 1706 962 1776 γυναικὸς
983 1706 1168 1760 αὐτοῦ
1195 1706 1283 1759 ὅτι
1304 1706 1509 1773 στεῖρα
1534 1701 1633 1776 ἦν.
1671 1706 1769 1759 Ἓν
1798 1703 1954 1759 τοῦτο
1986 1703 2128 1776 πρῶ-

537 1807 629 1843 τον
655 1790 805 1854 ἀξιον
839 1789 1091 1861 ζητῆσαι,
1110 1789 1255 1852 τίνος
1278 1790 1484 1855 ἐνεκεν,
1501 1789 1614 1858 βίου
1649 1785 1784 1842 οὖσα
1806 1787 2123 1859 θαυμαστοῦ

538 1872 634 1925 καὶ
669 1871 828 1943 αὐτὴ,
864 1873 956 1925 καὶ
979 1874 1007 1925 6
1033 1871 1171 1944 ἀνὴρ
1194 1872 1383 1941 αὐτῆς,
1417 1872 1511 1924 καὶ
1537 1870 1738 1941 πολλῆς
1771 1871 1868 1941 τῆς
1913 1887 2126 1941 σωφρο-

538 1956 705 2027 σύνης
732 1956 1031 2026 ἀμφότεροι
1060 1954 1508 2025 ἐπιμελούμενοι,
1541 1957 1726 2026 στεῖρα
1746 1949 1814 2025 ἦν
1838 1971 1853 2021 ;
1882 1953 2125 2024 Οὐκέχο·

539 2057 641 2111 μεν
665 2038 1018 2092 ἐπιλαϐέσθαι
1045 2037 1225 2091 αὐτῶν
1252 2038 1351 2108 τῆς
1385 2037 1553 2108 ζωῆς,
1585 2038 1679 2091 καὶ
1704 2038 1898 2103 εἰπεῖν,
1916 2035 2127 2089 ὅτιτῶν

536 2122 819 2193 ἁμαρτιῶν
841 2117 908 2192 ἦν
929 2120 1099 2193 ⁴ἔργον
1132 2121 1165 2191 ἡ
1200 2121 1486 2191 στείρωσις
1518 2133 1565 2175 ο.
1594 2121 1704 2174 Καὶ
1740 2121 1826 2174 ἵνα
1860 2119 2039 2191 μάθῃς
2065 2119 2127 2172 τὸ

538 2204 865 2274 θαυμαστὸν,
893 2204 975 2257 ὅτι
1007 2204 1107 2257 οὐκ
1133 2202 1269 2274 αὐτὴ
1294 2203 1454 2273 μόνον
1486 2206 1671 2275 στεῖρα
1699 2199 1787 2274 ἦν,
1822 2202 1958 2256 ἀλλά
1978 2203 2124 2273 καὶὴ

542 2288 728 2358 μήτηρ
761 2285 855 2339 τοῦ
882 2284 1090 2339 δικαίου
1124 2286 1158 2356 ἡ
1186 2286 1392 2358 Σάρρα·
1422 2287 1515 2340 καὶ
1542 2286 1640 2356 οὐχ
1675 2287 1708 2356 ἡ
1745 2285 1930 2357 μήτηρ
1956 2284 2014 2339 δὲ
2038 2286 2128 2340 αὐ-
2182 2286 2185 2289 λ

538 2370 632 2425 τοῦ
659 2370 838 2441 μόνον,
881 2368 1015 2423 άλλά
1047 2370 1141 2424 καὶ
1172 2372 1206 2439 ἡ
1243 2369 1452 2442 νύμφη,
1481 2370 1575 2424 τοῦ
1626 2369 1874 2441 Ίακὼϐή
1905 2368 2061 2440 γυνὴ,
2089 2372 2123 2441 ἡ

548 2454 751 2525 Ῥαχὴλ
775 2454 935 2523 λέγω.
988 2453 1052 2507 Τί
1088 2453 1338 2525 βούλεται
1362 2454 1470 2507 τῶν
1500 2454 1727 2527 στειρῶν
1758 2454 1963 2507 τούτων
1989 2455 2018 2507 6
2038 2470 2123 2523 χο-

539 2542 664 2611 ρός;
692 2538 899 2600 Πάντες
929 2536 1160 2602 δίκαιοι,
1216 2536 1418 2601 πάντες
1472 2537 1735 2610 ἐνάρετοι.
1794 2538 1993 2601 πάντες
2024 2538 2128 2591 ὐπὸ

536 2621 672 2675 Θεοῦ
702 2621 1157 2693 μαρτυρούμενοι.
1202 2622 1341 2693 Περὶ
1370 2621 1478 2693 γὰρ
1507 2622 1684 2676 αὐτῶν
1733 2622 1887 2695 [495]
1918 2623 2122 2692 ἔλεγεν·

549 2704 689 2774 Ἐγώ
714 2706 828 2773 εἰμι
853 2707 886 2759 ό
914 2704 1058 2769 Θεὸς
1099 2705 1367 2773 Ἀϐραὰμ,
1400 2706 1497 2758 καὶ
1530 2708 1563 2759 ό
1594 2706 1738 2772 Θεὸς
1770 2706 1997 2770 Ἰσαὰκ,
2027 2705 2125 2760 καί

536 2788 572 2842 ὁ
596 2786 740 2853 Θεὸς
768 2785 982 2841 Ἰακώϐ.
1013 2787 1123 2840 Καὶ
1153 2789 1181 2840 ὁ
1205 2788 1471 2859 μακάριος
1493 2787 1548 2841 δὲ
1574 2787 1783 2852 Παῦλὸς
1805 2806 1957 2860 φησιο
1984 2792 2064 2844 Δι’
2093 2789 2125 2843 ὃ

534 2873 647 2925 οὐκ
667 2871 1098 2939 ἐπαισχύνεται
1130 2873 1163 2925 ὀ
1195 2871 1360 2938 Θεὸς,
1397 2871 1542 2939 Θεὸς
1576 2872 1991 2928 ἐπικαλεῖσθαι
2022 2876 2127 2928 αὐ-

534 2955 672 3009 τῶν.
728 2955 906 3008 Πολλά
940 2954 1118 3008 αὐτῶν
1139 2955 1207 3009 τὰ
1239 2953 1491 3026 ἐγκώμια
1524 2957 1581 3009 ἐν
1615 2960 1681 3028 τῇ
1710 2959 1907 3028 Καινῇ,
1944 2956 2127 3011 πολλοί

534 3041 584 3093 οἰ
629 3038 840 3092 ἔπαινοι
864 3039 923 3091 ἐν
973 3039 1039 3107 τῇ
1087 3037 1318 3109 Παλαιᾷ.
1357 3039 1700 3110 Πανταχόθεν
1750 3040 1992 3113 λαμπροὶ
2031 3042 2127 3095 καὶ

535 3121 816 3191 ἐπίσημοι,
837 3120 931 3173 καὶ
963 3121 1166 3184 πάντες
1202 3121 1420 3193 στείρας
1444 3122 1602 3193 ἔσχον
1624 3126 1913 3191 γυναῖκας,
1950 3125 2043 3177 καὶ
2067 3125 2125 3178 ἐν

535 3205 765 3275 ἀπαιδίᾳ
790 3200 931 3276 ἦσαν
964 3204 1125 3275 μέχρι
1152 3204 1349 3258 πολλοῦ
1372 3205 1465 3258 τοῦ
1497 3207 1711 3278 χρόνου.

610 3307 675 3378 β’.
713 3306 882 3362 Ὅταν
900 3301 991 3359 οὖν
1010 3306 1126 3377 ῐδῃς
1155 3305 1322 3378 ἄνδρα
1338 3308 1432 3362 καὶ
1451 3312 1683 3377 γυναῖκα
1712 3311 1771 3364 ὲν
1794 3311 1962 3381 ἀρετῇ
1986 3309 2124 3375 ζῶν-

535 3409 656 3457 τας,
678 3390 774 3444 καὶ
803 3391 861 3443 ἐν
889 3390 1127 3461 ἀπαιδίᾳ
1143 3392 1532 3461 τυγχάνοντας·
1563 3393 1690 3446 ὃταν
1711 3393 1826 3466 ῐδῃς
1855 3393 2125 3458 θεοσεϐεῖς

535 3476 697 3538 ὄντας
719 3514 735 3540 ,
770 3474 866 3527 καὶ
920 3473 1203 3538 εὐλαϐείας
1234 3476 1695 3547 ἐπιμελομένους,
1746 3478 2012 3541 ἄπαιδας,
2049 3477 2124 3550 μὴ

536 3555 767 3627 νομίσῃς
798 3552 1079 3625 ἁμαρτιῶν
1112 3550 1251 3607 εἶναι
1300 3554 1457 3626 ἔργα.
1503 3556 1694 3609 Πολλοί
1725 3555 1836 3628 γὰρ
1866 3557 1959 3611 τοῦ
1987 3557 2122 3612 Θεοῦ

535 3638 637 3710 τῆς
664 3637 976 3707 οἰκονομίας
994 3638 1043 3691 οἰ
1058 3636 1202 3706 λόγοι
1232 3637 1328 3691 καὶ
1357 3638 1489 3710 ἡμῖν
1518 3640 1837 3712 ἀπόρρητοι,
1872 3641 1968 3694 καὶ
1982 3641 2124 3714 ὑπὲρ

536 3721 755 3774 πάντων
782 3719 1124 3792 εὐχαριστεῖν
1148 3719 1247 3788 δεῖ,
1283 3722 1380 3775 καὶ
1411 3722 1605 3793 μόνους
1639 3723 1882 3788 ἐκείνους
1905 3723 2125 3777 ταλανί-

536 3804 651 3869 ζειν
671 3805 795 3867 τοὺς
812 3806 870 3856 ἐν
891 3803 1059 3873 κακία
1088 3803 1318 3868 ζῶντας,
1354 3806 1415 3858 οὐ
1453 3807 1581 3870 τούς
1614 3806 1801 3861 παιδία
1830 3806 1904 3878 μὴ
1931 3824 2125 3879 κεκτη-

539 3888 751 3961 μένους.
802 3886 980 3941 Πολλὰ
1023 3886 1132 3960 γὰρ
1168 3888 1427 3953 πολλάκις
1457 3892 1486 3944 6
1539 3890 1673 3954 Θεὸς
1735 3891 2121 3962 συμφερόντως

536 3973 830 4041 οἰκονομεῖ,
858 3972 1018 4041 ἡμεῖς
1048 3971 1106 4025 δὲ
1132 3971 1231 4043 τὴν
1262 3972 1440 4025 αἰτίαν
1465 3972 1574 4026 τῶν
1608 3973 1990 4044 γεγενημένων
2020 3974 2122 4028 οὐκ

539 4054 717 4125 ἴσμεν.
748 4052 847 4106 Διά
874 4050 1035 4106 τοῦτο
1072 4055 1348 4124 πανταχοῦ
1382 4055 1679 4127 θαυμάζειν
1708 4056 1874 4110 αὐτοῦ
1902 4056 2000 4129 τὴν
2028 4075 2121 4110 σοο

537 4138 666 4206 φίαν
696 4134 823 4206 χρὴ,
857 4135 953 4188 καὶ
982 4135 1225 4202 δοξάζειν
1256 4137 1422 4192 αὐτοῦ
1444 4140 1546 4210 τὴν
1579 4139 1992 4211 φιλανθρωπίαν
2019 4142 2120 4216 τὴν

536 4221 761 4290 ἄφατον.
800 4219 960 4273 Ἀλλὰ
977 4218 1150 4273 ταῦτα
1177 4220 1276 4291 μὲν
1308 4222 1446 4293 πρὸς
1463 4222 1732 4293 ὠφέλειαν
1755 4225 1887 4295 ἡμῖν
1907 4226 2119 4297 εἴρηται

535 4305 634 4375 τὴν
672 4303 965 4375 ὑμετέραν,
998 4304 1139 4359 ὥστε
1174 4304 1372 4378 πολλὴν
1407 4308 1508 4380 τὴν
1534 4308 1951 4381 εὐγνωμοσύνην
2001 4311 2121 4364 ἐπι-

535 4385 866 4453 δείκνυσθαι,
901 4388 994 4440 καί
1021 4388 1096 4460 μὴ
1121 4390 1587 4461 περιεργάζεσθαι
1622 4390 1718 4445 τοῦ
1748 4392 1884 4446 Θεοῦ
1912 4395 2011 4458 τὰς
2039 4397 2119 4450 οἰ-

536 4471 814 4543 κονομίας·
854 4471 935 4525 δεῖ
974 4472 1031 4525 δέ
1078 4474 1174 4527 καὶ
1215 4473 1313 4539 τὴν
1356 4474 1536 4528 αἰτίαν
1565 4477 1760 4540 εἰπεῖν,
1787 4476 1855 4531 δι’
1884 4479 1950 4550 ἣν
1976 4475 2119 4551 ἦσαν

537 4556 741 4609 ἐκεῖναι
776 4558 986 4627 στεῖραι
1025 4559 1079 4609 αἰ
1112 4560 1388 4625 γυναῖκες.
1436 4559 1533 4624 Τίς
1556 4556 1881 4633 οὖνέστινή
1925 4565 2115 4631 αἰτία;

540 4636 681 4701 Ἵνα,
707 4638 834 4691 ὅταν
866 4639 979 4710 ἴδῃς
1020 4639 1139 4710 τὴν.
1170 4641 1441 4712 Παρθένον
1498 4642 1788 4698 τίκτουσαν
1820 4646 1911 4700 τὸν
1939 4648 2117 4702 κοινὸν

535 4719 694 4792 ἡμῶν
723 4721 1021 4793 Δεσπότην,
1056 4721 1132 4794 μὴ
1182 4724 1509 4799 ἀπιστήσῃς.
1559 4726 1837 4798 Γύμνασόν
1889 4746 1982 4783 σου
2031 4733 2118 4785 ἐν-

535 4802 711 4858 ταῦθα
730 4802 829 4875 τὴν
856 4803 1112 4870 διάνοιαν,
1141 4806 1327 4878 φησὶν,
1344 4808 1402 4860 ἐν
1427 4811 1493 4880 τῇ
1523 4810 1708 4880 μήτρᾳ
1728 4810 1837 4864 τῶν
1863 4813 2114 4885 στειρῶν,

538 4886 605 4940 ἶν’
625 4888 753 4941 ὅταν
780 4886 893 4970 ἴδῃς
917 4889 1323 4959 πεπηρωμένην
1339 4892 1431 4944 καὶ
1445 4891 1730 4963 δεδεμένην
1749 4895 1960 4965 μήτραν
1979 4898 2113 4970 πρὸς

535 4969 874 5055 παιδοποιίαν
905 4970 1261 5055 ἀνοιγομένην
1286 4974 1349 5027 ἐκ
1376 4974 1475 5045 τῆς
1507 4974 1600 5028 τοῦ
1622 4974 1756 5029 Θεοῦ
1777 4977 2018 5049 χάριτος,
2038 4981 2115 5055 μὴ

536 5053 822 5127 θαυμάσῃς
847 5053 1062 5108 ἀκούων
1081 5056 1162 5109 ὅτι
1184 5056 1451 5128 παρθένος
1474 5057 1648 5115 ἔτεκε.
1677 5063 1893 5117 Μᾶλλον
1914 5064 1971 5118 δὲ
1996 5053 2117 5118 θαύὲ

538 5154 710 5208 μασον
752 5140 846 5191 καὶ
881 5139 1188 5221 ἐκπλάγηθι
1209 5180 1224 5203 ,
1275 5139 1411 5193 ἀλλὰ
1439 5142 1513 5212 μὴ
1552 5145 1860 5221 ἀπιστήσῃς
1882 5148 1960 5219 τῷ
1985 5148 2115 5202 θαύ-

538 5237 689 5291 ματι.
716 5222 886 5275 Ὅταν
914 5220 1009 5278 οὖν
1041 5224 1174 5297 λέγῃ
1204 5223 1341 5296 πρὸς
1368 5225 1428 5278 σὲ
1460 5229 1489 5280 6
1531 5226 1798 5295 Ἰουδαῖος,
1829 5230 1954 5296 Πῶς
1998 5232 2114 5286 ἐτε-

535 5307 678 5377 κενή
704 5306 999 5379 παρθένοςς
1024 5309 1145 5361 εἰπέ
1167 5309 1302 5380 πρὸς
1319 5309 1501 5376 αὐτὸν,
1521 5311 1644 5376 Πῶς
1667 5313 1852 5369 ἔτεκεν
1878 5316 1910 5386 ὴ
1930 5318 2113 5389 στεῖρα

537 5396 631 5449 καὶ
656 5403 1024 5469 γεγηρακυῖα;
1078 5401 1183 5455 Δύο
1209 5403 1318 5474 γὰρ
1350 5402 1647 5475 κωλύματα
1673 5405 1792 5459 τότε
1841 5403 1932 5480 ἦν,
1966 5410 2025 5462 τό
2049 5427 2111 5464 τε

599 5641 627 5718 ξ
650 5640 807 5718 Savil;
843 5648 1053 5718 etynps
1072 5649 1539 5718 00dgx,_&|§?6‘t£906_
1562 5653 1890 5718 ἐπεμελοῦντο,
1916 5659 1997 5707 καὶ
2022 5662 2111 5713 οὐκ

786 5704 852 5753 ἔτι
874 5707 968 5754 τῶν
989 5709 1229 5771 ἁμαρτιῶν
1238 5702 1313 5770 ’ἦν’
1327 5702 1473 5774 ἔργοῶ
1499 5714 1595 5777 εἶχε

1261 261 1320 317 S.
1359 260 1651 320 JOANNIS
1689 256 2183 319 CIIRYSOSTOMI
2217 257 2543 317 ARCIIIEP.
2576 258 3131 316 CONSTANTINOP.
3670 268 3703 319 ιι

2230 372 2407 445 ἄωρον
2431 376 2528 446 τῆς
2552 376 2786 446 ἡλικίας,
2812 377 2908 430 καὶ
2938 376 2999 430 τὸ
3019 376 3294 448 ἄχρηστον
3326 372 3433 444 τῆς
3472 371 3704 442 φύσεωςίε

2227 463 2284 516 δὲ
2303 464 2401 534 τῆς
2425 464 2698 535 παρθένου
2729 466 2786 518 ἓν
2809 465 3040 537 κώλυμα
3061 463 3151 536 ἦν,
3202 464 3267 517 τὸ
3294 464 3377 534 μὴ
3408 469 3664 532 μετασχεῖν
3684 488 3703 521 ι

2227 554 2326 624 τὴν
2353 555 2554 626 γάμου.
2577 556 2925 629 Προοδοποιεῖ
2940 557 3116 610 τοίνυν
3140 559 3206 627 τῇ
3240 555 3515 627 παρθένῳ
3541 556 3577 623 ἡ
3616 561 3704 627 στῑμ

2228 646 2341 699 Καὶ
2366 647 2454 699 ἵνα
2482 647 2661 720 μάθῃς
2684 648 2769 701 ὅτι
2816 647 2907 701 διὰ
2930 648 3089 701 τοῦτο
3118 649 3335 718 στεῖραι
3381 644 3669 716 προέλαϐον,
3687 651 3703 699 ἷι

2229 737 2491 809 πιστευθῇ
2517 739 2616 808 τῆς
2642 738 2911 810 παρθένου
2929 738 3150 803 ὀτόκος,
3175 738 3422 793 ἄκουσον
3466 736 3583 788 ἀπὸ
3600 737 3704 807 τιὲιρι

2233 829 2416 901 μάτων
2436 831 2530 885 τοῦ
2560 832 2799 903 Γαϐριὴλ
2836 831 2948 885 τῶν
2980 832 3116 902 πρὸς
3143 831 3244 902 τὴν
3270 828 3562 901 παρθένον
3603 832 3704 899 εἰρῃ

2228 940 2353 975 νων.
2390 921 2607 995 Ἐπειδὴ
2636 924 2747 995 γὰρ
2772 916 2905 994 ἦλθε
2932 922 3025 975 καὶ
3050 918 3202 975 εἶπεν
3227 922 3397 992 αὐτῇ,
3429 923 3704 988 Συλλής-ςὲ

2229 1013 2462 1083 γαστρί,
2493 1014 2592 1067 καί
2615 1013 2758 1083 τέξῃ
2774 1013 2937 1079 υἱὸν,
2971 1013 3071 1067 καὶ
3093 1014 3388 1079 καλέσεις
3411 1013 3488 1066 τὸ
3528 1003 3703 1081 ὄνομα

2230 1108 2335 1159 τοῦ
2379 1105 2646 1175 Ἰησοῦν,
2679 1104 2981 1176 ἐξεπλάγη
3031 1106 3129 1159 καί
3159 1104 3504 1174 ἐθαύμασε,
3550 1106 3630 1156 καὶ
3652 1108 3704 1158 ei:

2229 1197 2363 1265 Πῶς
2390 1198 2559 1253 ἔσται
2577 1215 2678 1267 μοι
2699 1198 2897 1263 τοῦτο,
2926 1196 3057 1251 ἐπεὶ
3093 1196 3283 1265 ἄνδρα
3306 1197 3385 1251 οὐ
3413 1195 3704 1265 γινώσκενῇ

2231 1287 2322 1344 οὖν
2345 1291 2373 1343 6
2403 1290 2663 1359 ἄγγελος;
2690 1290 2933 1360 Πνεῦμα
2967 1290 3139 1361 ἅγιον
3163 1290 3573 1344 ἐπελεύσεται
3600 1291 3661 1343 ἐπὶ
3680 1309 3703 1342 ε

2231 1379 2330 1434 καί
2357 1380 2611 1450 δύναμις
2651 1381 2942 1450 Ὑψίστου
2979 1378 3327 1435 ἐπισκιάσει
3366 1395 3498 1434 σοι.
3531 1381 3615 1450 Μὴ
3638 1384 3704 1449 ζέε

2232 1472 2386 1543 φησὶ,
2417 1472 2630 1544 φύσεως
2655 1473 2996 1540 ἀκολουθίαν,
3027 1475 3155 1527 ὃταν
3180 1474 3326 1545 ὑπὲρ
3352 1467 3580 1546 φύσινῇ
3606 1475 3704 1539 tijn

2235 1582 2389 1635 μενα·
2422 1564 2497 1636 μὴ
2522 1565 2851 1638 περιϐλέπου
2879 1565 3072 1637 γάμων
3100 1564 3315 1630 ὠδῖνας,
3351 1565 3491 1618 ὅταν
3518 1565 3703 1635 μείξωῃ

2234 1675 2335 1729 μου
2358 1657 2459 1726 τῆς
2474 1660 2779 1730 γεννήσεως
2806 1661 2834 1713 6
2861 1653 3131 1733 τρόπος
3156 1658 3265 1712 Καὶ
3285 1656 3419 1725 πῶς
3439 1658 3609 1712 ἔσται
3620 1659 3703 1711 rei:

2232 1751 2416 1820 φησὶν,
2447 1750 2575 1805 ἐπεὶ
2608 1751 2797 1818 ἄνδρα
2826 1752 2897 1806 οὐ
2932 1750 3237 1822 γινώσκω;
3286 1750 3405 1803 Καὶ
3438 1748 3551 1821 μὴν
3571 1750 3704 1803 sane:

2232 1841 2405 1906 ἔσται,
2437 1842 2622 1913 ἐπειδὴ
2653 1842 2820 1914 ἄνδρα
2848 1843 2908 1895 οὐ
2933 1842 3245 1911 γινώσκεις.
3291 1843 3361 1895 Εἰ
3395 1844 3516 1913 γὰρ
3535 1842 3704 1909 him-,7:

2233 1933 2419 2006 ἄνδρα,
2452 1935 2551 1988 οὐκ
2581 1934 2646 1988 ἂν
2669 1934 3011 2007 κατηξιώθης
3038 1935 3507 2007 ὑπηρετήσασθαι
3540 1937 3601 2004 τῇ
3631 1934 3704 1985 6:1

2233 2024 2320 2097 νίᾳ
2339 2026 2532 2098 ταύτῃ.
2565 2028 2727 2081 Ὥστε
2742 2027 2808 2081 δι’
2834 2027 2864 2081 6
2889 2028 3157 2092 ἀπιστεῖς,
3185 2028 3253 2081 δι’
3280 2027 3421 2082 αὐτὸ
3452 2026 3703 2080 πίστενεθ

2233 2118 2422 2190 ἐπειδὴ
2452 2120 2623 2173 κακὸν
2678 2122 2705 2173 6
2728 2120 2934 2191 γάμος,
2967 2120 3082 2174 ἀλλ’
3105 2119 3295 2189 ἐπειδὴ
3328 2118 3595 2190 κρείττων
3614 2120 3639 2185 ἡ
3660 2136 3704 2169 τι

2236 2208 2404 2265 θενία·
2433 2211 2532 2283 τὴν
2560 2213 2616 2266 δὲ
2642 2212 2736 2265 τοῦ
2767 2212 2946 2266 κοινοῦ
2976 2213 3193 2266 πάντων
3222 2210 3514 2264 Δεσπότου
3536 2208 3657 2281 μνη
3676 2210 3704 2259 εἰ

2232 2302 2351 2357 οδον
2410 2305 2739 2374 σεμνοτέραν
2769 2306 2936 2375 ἐχρῆν
2957 2299 3095 2357 εἶναι
3114 2304 3215 2375 τῆς
3235 2303 3543 2374 ἡμετέραςο
3576 2302 3704 2371 paria

2232 2394 2340 2467 γὰρ
2361 2391 2480 2468 ἦνή
2511 2398 2730 2460 εἴσοδος.
2748 2398 2895 2450 Ἔδει
2921 2398 3353 2467 κοινωνεῖηὴμῖν
3378 2396 3486 2465 τῆς
3504 2396 3703 2464 γεννήσειν

2233 2485 2331 2539 καὶ
2367 2485 2691 2556 ἐξηλλάχθαι
2743 2490 2843 2556 τῆς
2866 2486 3164 2558 ἡμετέρας.
3192 2486 3305 2539 Καὶ
3340 2485 3620 2556 ἀμφότερα
3636 2484 3704 2535 tr?

2232 2577 2444 2645 γέγονε,
2471 2577 2566 2630 καὶ
2586 2578 2734 2640 ὅπως
2759 2576 3023 2631 άκουε.Τδ
3042 2577 3139 2648 μὲν
3168 2575 3280 2631 ἀπὸ
3305 2576 3530 2647 μήτρας
3552 2574 3704 2643 γενέεέη

2234 2670 2410 2723 κοινὸν
2442 2670 2578 2741 πρὸς
2604 2670 2773 2739 ἡμᾶς’
2805 2668 2866 2722 τὸ
2895 2668 2952 2723 δὲ
2983 2668 3149 2741 χωρὶς
3178 2668 3382 2739 γάμων
3405 2668 3656 2737 γενέσθαι,
3674 2684 3704 2735 ει

2235 2761 2378 2832 ζονῆ
2414 2760 2535 2815 καθ’
2568 2762 2736 2832 ἡμᾶς.
2772 2762 2880 2815 Καὶ
2905 2761 2967 2814 τὸ
2992 2760 3091 2832 μὲν
3124 2762 3182 2813 ἐν
3204 2761 3413 2832 γαστρὶ
3450 2762 3590 2830 σχεῖν
3612 2760 3704 2817 32,1

2234 2855 2451 2924 φύσεως
2478 2855 2578 2924 τῆς
2637 2853 3002 2926 ἀνθρωπείαςο
3044 2853 3105 2906 τὸ
3140 2853 3197 2907 δὲ
3225 2854 3403 2925 χωρὶς
3462 2853 3636 2923 μίξεως
3653 2872 3704 2919 τῖι

2236 2944 2358 2998 σθαι
2375 2945 2473 3015 τὴν
2502 2943 2719 3013 κύησιν,
2736 2943 3059 3015 σεμνότερον
3081 2942 3179 3014 τῆς
3200 2944 3562 3015 ἀνθρωπίνης
3584 2946 3703 3012 3:;sz

2235 3036 2318 3087 ἵνα
2339 3035 2431 3089 καὶ
2470 3034 2566 3106 τὴν
2585 3033 2859 3107 ὑπεροχὴν
2896 3036 2990 3089 καὶ
3014 3034 3113 3107 τὴν
3140 3036 3439 3090 κοινωνίαν
3486 3038 3575 3105 τὴν
3596 3038 3691 3105 πρὶς

2236 3125 2435 3198 μάθῃς.
2459 3126 2568 3180 Καὶ
2599 3126 2789 3180 σκόπει
2815 3127 2914 3199 τὴν
2949 3129 3142 3198 σοφίαν
3189 3126 3304 3182 τῶν
3334 3129 3637 3199 γινομένων,
3659 3128 3703 3177 0?

2232 3217 2526 3291 ήύπεροχὴ
2553 3217 2651 3291 τὴν
2691 3218 2953 3291 ὁμοίωσιν
3002 3219 3097 3273 καὶ
3121 3219 3452 3289 συγγένειαν
3502 3221 3704 3289 ἐλυμήνω

2232 3312 2353 3366 οὐτε
2393 3314 2426 3383 ή
2458 3313 2594 3385 πρὸς
2624 3315 2769 3385 ἡμᾶς
2799 3314 3089 3384 συγγένεια
3124 3314 3224 3386 τὴν
3249 3316 3535 3387 ὑπεροχὴν
3554 3314 3704 3385 Qui?

2234 3422 2346 3467 σεν,
2376 3404 2488 3457 ἀλλ’
2516 3405 2752 3476 ἑκάτερα
2784 3406 3059 3460 ἐδείκνυτο
3079 3406 3169 3459 διὰ
3195 3406 3306 3459 τῶν
3337 3406 3704 3478 πραγμάτων]

2232 3497 2300 3551 τὰ
2332 3497 2430 3569 μὲν
2463 3496 2734 3569 ὁλόκληρα
2763 3495 2907 3569 εῐχεν
2942 3499 3208 3570 ἡμέτερα,
3255 3498 3330 3552 τὰ
3362 3499 3424 3552 δὲ
3452 3498 3703 3569 ἐνηλλαγμέ

2232 3589 2367 3661 πρὸς
2404 3591 2573 3661 ἡμᾶς.
2606 3590 2770 3656 Ἀλλ’,
2799 3591 2936 3663 ὅπερ
2981 3590 3184 3661 ἔλεγον,
3215 3592 3306 3645 διὰ
3336 3591 3498 3646 τοῦτο
3526 3593 3575 3645 αἱ

2229 3676 2411 3747 αὗται,
2432 3682 2519 3736 ἵνα
2542 3682 2805 3755 πιστευθῇ
2854 3685 2954 3754 τῆς
2979 3682 3256 3756 Παρθένου
3286 3686 3317 3738 6
3348 3684 3524 3749 τόκος,
3556 3685 3630 3735 ἱνα
3655 3683 3703 3733 :1

2228 3773 2613 3845 χειραγωγηθῇ
2642 3774 2780 3847 πρὸς
2811 3775 2911 3846 τὴν
2930 3775 3113 3829 πίστιν
3124 3776 3224 3847 τῆς
3246 3777 3486 3844 ἐπαγγε)
3498 3777 3575 3838 ia;
3598 3776 3704 3827 x121

2229 3861 2591 3934 ὑποσχέσεως.
2629 3864 2895 3918 ’Δκουσον
2924 3863 3033 3935 γὰρ
3061 3864 3115 3918 τί
3146 3881 3312 3936 φησιν
3358 3869 3389 3919 6
3413 3865 3627 3933 ἄγγεα
3659 3880 3704 3912 :1

2227 3949 2416 4020 αὐτήν.
2448 3949 2689 4020 Πνεῦμα
2712 3950 2885 4021 ἄτιον
2920 3951 3311 4007 ἐπελεύσεται
3348 3954 3451 4007 ἐπὶ
3479 3953 3567 4015 σὲ,
3587 3950 3704 4005 καὶέ

2226 4040 2711 4113 ναμιςὙψίστου
2739 4043 3085 4099 ἐπισκιάσει
3111 4060 3230 4099 σοι.
3260 4044 3447 4105 Οὕτω.
3469 4047 3638 4115 φησὶν.
3654 4046 3704 4109 ἕνῃ

2225 4133 2423 4197 τεκεῖν,
2452 4131 2661 4201 καὶτῆς
2675 4131 2955 4202 ἐνεργείας
2978 4131 3072 4186 τοῦ
3093 4130 3413 4202 Πνεῦματος
3426 4134 3488 4185 τὸ
3502 4135 3601 4186 πᾶν
3626 4133 3703 4184 ἐστι

2225 4221 2318 4293 Μὴ
2348 4220 2526 4275 τοίνυν
2557 4220 2720 4291 βλέπε
2765 4221 2902 4294 πρὸς
2933 4220 3031 4293 τὴν
3056 4222 3178 4293 γῆν·
3217 4223 3329 4276 ἀπὸ
3357 4223 3471 4277 τῶν
3498 4222 3704 4295 οὐρανέ-η

2225 4314 2473 4385 ἐνέργεια
2488 4312 2726 4384 ἔρχεται.
2768 4310 2875 4365 Τοῦ
2897 4312 3214 4383 Πνεύματός
3242 4314 3357 4366 ἐστι
3397 4314 3556 4384 χάρς
3572 4314 3628 4365 τὸ
3650 4330 3703 4377 τῇ

2228 4420 2407 4477 μενον*
2430 4402 2504 4475 μὴ
2523 4403 2672 4475 ζήτει
2701 4399 2917 4471 φύσεως
2944 4401 3283 4467 ἀκολουθίαν,
3324 4405 3399 4476 μὴ
3423 4403 3562 4458 κατὰ
3598 4406 3704 4469 16;:

2224 4496 2318 4550 καὶ
2339 4495 2536 4567 γάμον.
2561 4493 2700 4547 Ἀλλ’
2730 4493 2916 4565 ἐπειδὴ
2937 4494 3157 4565 μείζονα
3182 4495 3354 4550 ταῦτα
3393 4491 3463 4567 ἦν
3495 4497 3687 4564 ἐκείνης

2226 4584 2462 4654 ῥήματα,
2483 4580 2730 4653 βούλεται
2749 4581 2843 4634 καὶ
2861 4582 3094 4653 ἐτέρανδ
3115 4583 3253 4656 αὐτῇ
3273 4587 3569 4656 παρασχεῖν
3580 4586 3704 4639 ἀπτῇ

2225 4670 2332 4738 ξιν.

2293 4796 2350 4849 γ.
2381 4780 2452 4832 Σὺ
2472 4778 2530 4832 δέ
2562 4795 2653 4849 μοι
2673 4778 2884 4844 σκόπει,
2911 4777 3185 4849 ἀγαπητὲ,
3218 4778 3334 4843 πῶς
3360 4781 3395 4851 ἡ
3431 4783 3599 4852 στεῖρα
3627 4784 3704 4833 αᾷτ

2223 4872 2555 4944 χειραγωγεῖ
2586 4870 2720 4941 πρὸς
2747 4869 2845 4941 τὴν
2869 4869 3052 4923 πίστιν
3093 4869 3186 4923 τοῦ
3218 4872 3403 4927 τόκου,
3439 4872 3649 4943 Ἐπιδὴ
3682 4890 3703 4939 τ

2222 4968 2253 5035 ἡ
2288 4963 2528 5035 προτέρα
2547 4961 2817 5027 ἀπόδειξις
2840 4962 3041 5034 μείζων
3063 4957 3131 5034 ἦν
3158 4962 3257 5031 τῆς
3288 4964 3525 5028 διανοίας
3547 4966 3704 5035 τῆς-,ε

2223 5051 2396 5113 θένου,
2428 5051 2659 5104 ἄκουσον
2685 5049 2803 5113 πῶς
2818 5050 2912 5103 καὶ
2940 5051 3032 5103 ἐπὶ
3046 5049 3113 5103 τὰ
3135 5052 3494 5125 ταπεινότερα
3516 5058 3704 5122 unﬁt:

2219 5140 2312 5194 τὸν
2326 5140 2506 5209 λόγον,
2539 5137 2630 5192 διὰ
2660 5136 2769 5192 τῶν
2797 5137 3070 5209 αἰσθητῶν
3086 5138 3260 5211 αὐτὴν
3291 5143 3651 5212 χειραγωγῶν.
3674 5145 3704 5194 Ε

2221 5232 2370 5297 ἰδοὺ,
2404 5230 2911 5302 φησ¹ιν,⁹Ελισάϐετ
2951 5230 2988 5298 ἡ
3018 5233 3323 5301 συγγενής
3346 5234 3588 5298 σου,καί
3630 5242 3703 5285 π

2220 5321 2625 5392 συνειληφυῖα
2651 5321 2785 5376 υἱὸν
2810 5321 2882 5375 ἐν
2909 5318 3070 5391 γήρει
3096 5320 3287 5390 αὐτῆς
3305 5339 3320 5355 ·
3350 5326 3451 5379 καί
3479 5321 3637 5390 οὔτις
3656 5344 3703 5394 ,εί

2219 5416 2396 5485 ἕκτος
2434 5418 2605 5473 ἐστὶν
2639 5415 2797 5487 αὐτῇ
2832 5416 2906 5487 τῇ
2936 5418 3283 5489 καλουμένῃ
3317 5424 3535 5494 στείρᾳ.
3559 5423 3651 5475 Διά
3682 5438 3704 5471 τ

2279 5664 2309 5742 ξ
2335 5666 2593 5742 δῖοι-εκεῖ
2636 5668 2805 5723 Montf.
2831 5672 2917 5730 τὴν
2955 5674 3133 5739 ἑτέραν,
3154 5677 3317 5726 minus
3339 5685 3483 5730 recte.
3508 5678 3704 5733 Currat:

2224 5740 2254 5781 ε
2277 5729 2478 5782 Savilio.
2504 5731 2638 5784 Emr.
