3792 6302
127 299 234 358 με»

127 417 169 470 si
199 433 306 470 non
329 415 508 473 statim
532 414 826 470 audiamur.
848 411 1112 468 Fortassis
1131 412 1274 467 enim
1301 412 1555 466 Dominus
1580 427 1710 466 con-

122 513 322 562 tinuum
368 518 607 562 nostram
655 506 994 561 sedulitatem
1043 505 1314 574 sapienter
1341 519 1598 559 exercens
1639 507 1710 558 ita

124 599 500 668 procrastinat,
535 609 593 652 ut
622 596 924 652 mercedem
949 610 1160 667 quoque
1188 595 1457 664 patientia:
1484 595 1710 664 recipia-

123 706 240 746 mus
268 709 281 744 :
312 700 366 747 et
397 693 519 761 quia
550 691 662 760 ipse
694 700 904 758 tempus
933 690 1034 743 scit
1060 687 1271 757 quando
1293 688 1444 742 nobis
1475 689 1602 744 utile
1629 697 1713 744 est

116 788 329 857 assequi
382 787 522 858 quod
561 787 869 856 quaerimus.
908 786 1088 855 Neque
1117 785 1258 839 enim
1290 801 1386 839 nos
1411 786 1478 839 ita
1514 787 1710 841 scimus

115 880 244 951 quid
286 881 439 935 nobis
465 879 627 942 utile,
661 889 718 933 ut
749 879 860 947 ipse
899 878 1176 934 evidenter
1223 878 1387 942 novit,
1419 879 1508 949 qui
1547 879 1707 933 etiam

114 974 428 1028 abscmdita
461 973 653 1026 mentis
680 981 878 1025 nostrae
907 971 1198 1039 cognoscit.
1225 969 1456 1026 Proinde
1480 985 1576 1041 par
1603 979 1705 1036 est,

121 1075 181 1118 ut
210 1065 341 1119 nihil
370 1065 631 1118 curiosius
651 1076 971 1132 quaeramus,
999 1077 1170 1130 neque
1190 1072 1490 1115 scrutemur
1508 1076 1568 1116 ea
1591 1077 1710 1130 quze

113 1172 144 1208 a
180 1156 290 1212 Deo
317 1155 662 1225 providentur
690 1173 703 1208 :
733 1152 827 1207 sed
856 1152 991 1221 grati
1018 1151 1301 1205 admodum
1333 1152 1519 1214 simus,
1548 1161 1602 1206 et
1622 1152 1712 1206 ad-

123 1247 658 1315 ntiremurjustorum
678 1245 919 1300 virtutes.
944 1243 1073 1298 Nam
1104 1252 1381 1313 postquam
1403 1243 1533 1297 dixit
1554 1242 1710 1297 nobis

110 1340 292 1392 divina
320 1339 592 1406 Scriptura
611 1377 626 1398 ,
656 1349 785 1405 qum
818 1349 1082 1388 annorum
1113 1332 1272 1388 fuerit
1299 1333 1442 1388 Isaac
1461 1375 1476 1400 ,
1500 1334 1627 1388 dicit
1655 1343 1710 1389 et

110 1432 182 1487 de
213 1431 452 1487 Rebecca
483 1445 648 1484 uxore
677 1429 824 1497 ejus,
861 1427 1003 1498 quod
1031 1427 1228 1481 sterilis
1255 1435 1388 1481 erat.
1421 1425 1574 1492 Vide,
1608 1427 1708 1482 ob-

111 1537 293 1586 secro,
321 1521 450 1590 justi
493 1519 794 1589 religiosam
832 1528 1088 1572 mentem.
1119 1516 1378 1582 Quoniam
1409 1517 1550 1570 enim
1578 1517 1709 1571 vidit

109 1623 361 1667 naturam
383 1611 796 1677 claudicantem,
826 1609 892 1663 ad
922 1617 1123 1664 natura
1147 1607 1491 1662 Conditorem
1518 1609 1708 1662 confu-

110 1706 211 1773 git,
241 1713 296 1760 et
316 1703 523 1758 vincula
552 1712 758 1757 natura:
789 1701 1032 1771 precibus
1055 1701 1264 1755 solvere
1291 1699 1579 1754 festinavit.
1611 1700 1706 1755 2|.

112 1796 431 1865 Deprecatus
457 1795 588 1847 enim
619 1803 710 1857 est,
742 1793 931 1862 inquit,
961 1790 1112 1845 Isaac
1131 1808 1282 1860 super
1305 1790 1526 1844 Rebecca
1553 1807 1710 1844 uxore

111 1904 230 1952 sua,
253 1887 372 1958 quia
393 1884 574 1938 sterilis
601 1893 726 1937 erat.
762 1883 934 1938 Unum
965 1883 1066 1936 hoc
1092 1882 1144 1935 in
1176 1881 1358 1951 primis
1386 1896 1562 1951 operte
1589 1897 1710 1952 pre-

111 1981 246 2034 tium
280 1991 337 2034 ut
375 1993 709 2049 qua-ramus,
743 1991 908 2046 quare
933 2015 946 2039 ,
991 1990 1113 2030 cum
1163 1983 1216 2030 et
1243 1974 1374 2044 ipsa,
1407 1985 1460 2028 et
1486 1975 1566 2028 vir
1593 1976 1708 2042 ejus

111 2073 240 2125 vim
271 2070 727 2132 fuerinteximize,
772 2076 826 2122 et
853 2067 1012 2121 ambo
1059 2067 1401 2120 continentia:
1447 2066 1703 2131 studiosi,

105 2162 317 2216 sterilis
343 2161 440 2214 fuit
460 2162 484 2213 ?
508 2159 621 2214 Non
654 2173 938 2227 possumus
976 2171 1198 2226 carpere
1227 2172 1412 2211 eorum
1445 2156 1627 2220 vitam,
1656 2164 1711 2210 et

100 2252 292 2306 dicere
309 2251 640 2305 sterilitatem
660 2249 802 2304 illam
824 2257 1162 2319 peccatorum
1187 2262 1346 2301 causa
1368 2247 1707 2301 immissam'.

108 2342 182 2396 Et
207 2351 267 2396 ut
289 2341 465 2396 discas
491 2355 603 2395 rem
633 2342 846 2405 miram,
877 2352 982 2394 non
1010 2339 1182 2393 solum
1220 2339 1334 2407 ipsa
1362 2338 1559 2393 sterilis
1587 2337 1705 2404 fuit,

99 2432 205 2488 sed
235 2441 290 2486 et
319 2442 491 2486 mater
515 2431 641 2500 justi
666 2430 827 2485 Sarra
852 2447 868 2484 :
896 2445 1068 2500 neque
1095 2439 1267 2484 mater
1305 2429 1420 2498 ejus
1449 2430 1582 2495 sola,
1610 2427 1708 2484 sed

96 2535 158 2580 et
191 2541 362 2579 nurus
384 2567 399 2588 ,
427 2523 627 2579 Rachel
665 2538 798 2577 uxor
833 2522 1037 2577 Jacobi.
1069 2521 1204 2589 Quid
1229 2521 1328 2576 sibi
1357 2520 1467 2576 vult
1494 2521 1582 2576 ille
1610 2529 1710 2576 ste-

103 2618 295 2672 rilium
333 2617 572 2672 chorus?
603 2615 802 2671 Omnes
826 2614 985 2685 justi,
1015 2630 1204 2670 omnes
1231 2615 1430 2668 virtute
1461 2613 1667 2683 praediti
1689 2653 1704 2679 ,

99 2727 356 2767 omnesa
402 2711 509 2765 Deo
540 2709 904 2766 testimonium
953 2708 1231 2763 habentes.
1285 2706 1418 2762 Nam
1464 2706 1532 2762 de
1580 2707 1710 2777 ipsis

93 2805 360 2860 (licebat:
395 2802 508 2874 Ego
545 2820 656 2858 sum
685 2801 822 2857 Deus
847 2801 1105 2855 Abraham
1128 2843 1142 2868 ,
1180 2800 1319 2854 Deus
1363 2801 1535 2866 Isaac,
1571 2799 1709 2855 Deus

99 2896 279 2950 Jacob
325 2895 518 2966 (Exod.
547 2896 602 2949 '5.
646 2893 726 2964 6).
756 2894 948 2948 Beatus
988 2903 1165 2948 autem
1198 2892 1392 2947 Paulus
1421 2893 1497 2945 ait
1534 2907 1548 2945 :
1583 2889 1709 2946 Ideo

94 3007 210 3044 non
248 2988 579 3060 confunditur
606 2985 775 3050 Deus,
815 2993 868 3038 ut
897 2995 1098 3038 uocetur
1132 3000 1305 3039 eorum
1346 2982 1484 3036 Deus
1523 2981 1705 3053 (Hebr.

93 3085 195 3138 11.
236 3080 350 3150 16).
401 3080 576 3134 Multa:
622 3081 856 3149 ipsorum
902 3077 1084 3132 laudes
1124 3078 1176 3131 in
1212 3076 1382 3141 Novo,
1427 3075 1608 3130 multae
1654 3076 1707 3127 in

95 3174 320 3229 Veteri.
356 3171 600 3242 Undique
640 3171 770 3226 clari
804 3179 859 3225 et
898 3169 1143 3236 nobiles,
1175 3177 1228 3224 et
1271 3183 1459 3223 omnes
1499 3167 1709 3222 steriles

90 3267 415 3322 habuerunt
428 3264 925 3333 uxores,multoque
939 3271 1178 3331 tempore
1195 3268 1483 3315 caruerunt
1499 3259 1706 3314 liberis.

177 3363 244 3414 2.
293 3357 513 3428 Propter
546 3374 726 3412 causas
753 3372 969 3411 arcanas
996 3355 1354 3426 fecunditatem
1385 3354 1535 3407 etiam
1545 3353 1704 3424 justis

95 3464 270 3527 negat
299 3454 478 3521 Deus;
518 3453 802 3525 fecunditas
830 3451 1076 3506 sterilium
1115 3459 1316 3520 partum
1355 3448 1565 3520 virginis
1591 3463 1709 3516 pro-

84 3549 213 3600 bat.
234 3545 550 3614 —Quando
578 3546 738 3615 igitur
772 3543 968 3598 videris
1009 3542 1181 3596 virum
1211 3549 1261 3595 et
1293 3540 1570 3594 mulierem
1598 3537 1710 3592 vir-

87 3640 208 3694 tuti
258 3638 494 3704 deditos,
539 3653 724 3693 carere
770 3636 943 3707 prole,
991 3632 1204 3705 quando
1251 3631 1447 3686 videris
1494 3631 1609 3699 pios
1654 3638 1709 3684 et

83 3730 391 3801 religionis
417 3730 681 3784 Studiosos
703 3744 807 3782 non
836 3726 1033 3782 habere
1056 3726 1271 3788 liberos,
1295 3739 1362 3778 ne
1381 3723 1581 3778 tribuas
1607 3722 1710 3778 huc

87 3823 372 3894 peccatis.
424 3823 600 3876 Multae
630 3821 771 3876 enim
818 3820 1013 3875 divina:
1039 3816 1450 3888 dispensationis
1477 3815 1710 3870 rationes

79 3915 266 3971 nobis
310 3921 436 3968 sunt
491 3927 722 3978 arcanae,
777 3920 832 3966 et
881 3925 979 3981 pro
1026 3908 1272 3963 omnibus
1309 3907 1509 3978 gratias
1549 3921 1710 3977 agere

75 4014 348 4077 oportet,
379 4020 441 4060 ac
466 4005 613 4059 solos
642 4004 760 4058 illos
790 4004 1016 4057 miseros
1041 4001 1241 4065 dicere,
1273 3999 1362 4070 qui
1409 3999 1462 4054 in
1488 4008 1709 4069 peccato

77 4103 320 4161 vivunt,
349 4112 451 4152 non
473 4112 569 4152 eos
611 4096 802 4167 quibus
827 4094 917 4149 ﬁlii
966 4094 1178 4148 desunt.
1226 4092 1433 4162 Quippe
1458 4104 1707 4160 saepenu-

77 4206 266 4249 mero
294 4190 458 4245 multa
489 4190 629 4244 Deus
659 4189 858 4243 utiliter
901 4187 1192 4256 dispensat,
1213 4199 1439 4256 quorutn
1467 4198 1564 4239 nos
1584 4197 1712 4237 cau-

76 4301 224 4340 sam
260 4281 550 4338 nescimus.
585 4281 882 4351 EaprOpter
904 4278 956 4333 in
985 4277 1229 4332 omnibus
1250 4276 1561 4345 sapientiam
1593 4275 1710 4343 ejus

72 4375 370 4432 admirari
399 4382 630 4442 oportet,
670 4386 733 4426 ac
775 4371 1075 4441 glorilicare
1121 4367 1440 4423 ineffabilem
1493 4366 1708 4421 miseri-

74 4468 377 4526 cordiam.
405 4465 512 4522 Sed
534 4469 646 4519 haec
675 4463 887 4534 quidem
915 4462 982 4517 ad
1003 4462 1280 4516 utilitatem
1309 4469 1540 4515 vestram
1566 4459 1706 4514 dicta

69 4570 261 4623 sunt,
289 4559 410 4614 ideo
437 4569 493 4612 ut
517 4557 803 4611 admodum
821 4563 1025 4626 gratam
1042 4553 1370 4607 voluntatem
1388 4551 1704 4616 exhibeatis,

71 4665 294 4723 neque
324 4649 390 4704 de
429 4647 829 4719 dispensatione
868 4645 1046 4700 divina
1077 4643 1288 4698 curiose
1317 4641 1659 4697 sciscitcmini
1691 4657 1706 4694 :

66 4757 335 4803 causam
383 4751 561 4796 tamen
613 4740 854 4794 dicamus
888 4749 1104 4808 propter
1145 4751 1302 4806 quam
1332 4735 1581 4789 mulieres
1607 4734 1712 4788 illa:

65 4836 334 4895 steriles
377 4833 546 4889 fuere.
589 4833 842 4902 Quzenam
892 4832 1052 4902 igitur
1101 4838 1185 4885 est
1231 4829 1430 4886 causa?
1469 4827 1540 4884 Ut
1588 4842 1708 4883 cum

63 4952 98 4985 ι
117 4929 319 4986 ideris
363 4926 621 4996 virginem
669 4933 908 4979 nostrum
938 4938 1276 4978 communem
1308 4920 1590 4976 Dominum
1620 4936 1713 4991 pa-

62 5027 369 5086 rientem,
411 5036 478 5075 ne
526 5020 600 5075 sis
641 5018 966 5073 incredulus.
1008 5019 1212 5073 Exerce
1256 5018 1400 5073 enim
1451 5016 1537 5072 hic
1591 5025 1712 5072 tuos

55 5131 328 5180 sensus,
357 5113 544 5184 inquit,
577 5114 627 5167 in
658 5113 814 5166 vulva
839 5111 1126 5177 sterilium,
1172 5117 1250 5176 ut,
1297 5124 1419 5165 cum
1452 5108 1707 5164 didiceris

59 5218 334 5283 ligatam
362 5217 416 5264 et
449 5218 745 5262 emortuam
780 5205 987 5260 vulvam
1009 5204 1189 5260 divina
1235 5204 1431 5258 virtute
1468 5202 1534 5258 ad
1588 5216 1711 5274 pro-

51 5328 98 5364 c
112 5319 232 5361 rea
244 5302 445 5356 tionem
469 5297 685 5368 aperiri,
708 5296 832 5353 inde
851 5297 1082 5367 copiosis
1110 5295 1437 5367 argumentis
1454 5293 1707 5365 acceptis,

160 5424 182 5454 ⁸
228 5415 374 5468 Savil.
403 5423 456 5464 et
477 5427 607 5463 unus
629 5413 785 5463 codex
811 5414 880 5462 sic
918 5412 1129 5462 efferunt
1162 5411 1292 5460 hunc
1312 5408 1471 5460 locum
1498 5421 1511 5457 :
1556 5415 1711 5456 Unum

46 5489 285 5539 (eoa...
313 5491 483 5541 quare,
509 5484 681 5541 cumet
701 5477 809 5541 ipsa
827 5482 872 5526 et
891 5474 962 5525 vir
984 5476 1090 5536 ejus
1107 5474 1216 5525 viae
1238 5474 1417 5541 fuerint
1436 5470 1646 5527 eximite,
1663 5475 1711 5519 et

52 5536 259 5601 ὶὶηιυο
282 5536 586 5590 continentur
607 5536 826 5595 studiosi,
844 5545 888 5588 et
912 5551 1021 5601 cum
1044 5551 1135 5601 non
1159 5536 1391 5601 possimus
1414 5545 1613 5595 carpere
1630 5544 1710 5581 eo-

49 5597 222 5664 scum
251 5600 947 5672 tatamtneceorutnpenccatis
983 5597 1284 5672 sterilitatem
1308 5597 1534 5672 tribuere,
1561 5607 1712 5672 quare
1774 5643 1780 5649 ,

47 5658 275 5729 bonum
301 5664 386 5729 illa
408 5658 554 5724 fuerit
591 5658 814 5729 sterilis?
833 5670 964 5729 ttunc
988 5675 1108 5710 vero
1131 5661 1386 5729 locutn,_ut
1409 5658 1618 5729 videtur,
1647 5669 1707 5704 ex

47 5720 196 5792 ῖῷο
237 5720 746 5792 ΙΙ()Π11115,8ΧΟΘΓρωιῐὶ
771 5727 924 5792 habes
942 5733 1088 5775 Τοωο
1125 5730 1196 5784 ω,
1240 5725 1288 5772 in
1311 5720 1501 5775 humilia
1525 5726 1592 5770 De
1617 5731 1712 5768 non

51 5786 98 5853 ἓ
114 5814 153 5848 v
167 5791 410 5856 ulgandis
431 5786 632 5838 fratrum
657 5790 882 5850 peccatis.

1161 292 1228 350 IN
1263 291 1418 350 CAP.
1457 288 1626 348 XXV”.
1657 293 1902 350 GENES.
1947 293 2173 352 HOMIL.
2216 294 2402 352 XLIX.

3291 305 3398 364 “6

1822 429 1928 468 non
1996 416 2272 472 admireris
2314 417 2536 472 audiens
2594 417 2850 491 virginem
2901 424 3168 494 peperisse
3217 445 3229 481 :
3290 427 3398 483 imo

1816 506 2081 562 admirare
2103 518 2157 562 et
2195 509 2530 579 obstupesce,
2571 513 2665 567 sed
2691 527 2758 568 ne
2791 514 2866 568 sis
2909 516 3212 572 incredulus
3237 520 3398 573 mira.

1815 599 1957 654 culo.
1988 597 2211 664 Quando
2239 601 2392 670 igitur
2419 603 2512 657 tibi
2543 603 2668 659 dicit
2705 605 2941 673 Judzcus,
2969 609 3252 674 Quomodo
3306 628 3394 681 pe-

1815 692 1952 760 perit
1998 693 2181 761 virgo?
2233 695 2318 750 dic
2367 697 2415 751 ei
2467 715 2481 752 :
2527 699 2806 764 Quomodo
2859 703 3062 770 peperit
3097 703 3292 758 sterilis
3342 715 3397 760 et

1816 784 2035 837 vetula?
2067 786 2177 838 Duo
2201 786 2576 856 impedimenta
2615 800 2735 846 tunc
2769 802 2940 858 erant,
2968 802 3022 848 et
3049 804 3176 850 aetas
3209 796 3397 850 intem.

1815 875 2041 942 pestiva,
2079 884 2134 929 et
2180 885 2366 930 natura
2414 879 2637 934 vitiata:
2673 881 2725 936 in
2771 883 2971 950 virgine
3005 892 3180 939 autem
3233 902 3396 942 unum

1815 962 2249 1032 impedimentum
2282 966 2394 1034 fuit,
2424 970 2564 1039 quod
2610 987 2712 1027 non
2743 983 2884 1029 esset
2910 976 3172 1046 particeps
3201 993 3398 1033 concu-

1815 1059 1978 1114 bitus.
2010 1061 2216 1117 Sterilis
2246 1062 2404 1131 igitur
2429 1063 2539 1134 jam
2583 1067 2718 1121 viam
2773 1078 2923 1137 parat
2970 1071 3178 1141 virgini.
3232 1073 3296 1128 Et
3341 1085 3398 1129 ut

1815 1151 1951 1205 scias
2011 1162 2226 1222 propter
2273 1154 2374 1209 hoc
2415 1157 2627 1211 steriles
2667 1159 2810 1226 prius
2852 1160 3035 1228 fuisse,
3067 1175 3122 1218 ut
3149 1165 3398 1220 Credatur

1812 1242 2130 1311 virginitatis
2175 1254 2354 1312 partus
2381 1261 2396 1300 :
2427 1246 2550 1300 audi
2578 1249 2735 1302 verba
2758 1248 3021 1303 Gabrielis
3041 1251 3107 1304 ad
3126 1250 3393 1321 Virginem

1779 1335 1974 1390 'dicta.
2017 1336 2300 1406 Postquam
2353 1339 2494 1393 enim
2551 1341 2696 1394 venit
2744 1349 2797 1394 et
2852 1341 3003 1406 dixit,
3054 1341 3316 1415 Concipies
3345 1346 3400 1399 in

1813 1437 1954 1480 utero
1979 1469 1993 1494 ,
2037 1436 2084 1481 et
2136 1430 2300 1496 paries
2335 1429 2500 1494 lilium
2519 1473 2533 1493 ,
2564 1441 2610 1484 et
2647 1431 2847 1486 vocabis
2874 1451 3053 1487 nomen
3081 1435 3190 1504 ejus
3217 1434 3398 1489 Iesum

1814 1517 1962 1588 (Luc.
1995 1519 2046 1572 1.
2075 1519 2165 1590 5l)
2199 1536 2212 1572 :
2242 1519 2601 1591 obstupefacta
2633 1531 2784 1577 estet
2813 1523 3090 1590 admirata,
3122 1524 3392 1595 dixitque:

1816 1611 2078 1679 Quomodo
2099 1614 2191 1665 erit
2213 1613 2334 1665 mihi
2354 1613 2491 1666 istud
2507 1655 2519 1675 ,
2553 1615 2671 1682 quia
2691 1615 2857 1668 virum
2886 1633 2984 1669 non
3018 1633 3262 1688 cognosco
3286 1615 3396 1689 (Ib.

1813 1719 1860 1756 υ.
1890 1701 1978 1773 54)
2004 1703 2027 1756 ?
2052 1703 2187 1772 Quid
2225 1705 2382 1776 igitur
2408 1707 2667 1775 angelus?
2693 1706 2916 1777 Spiritus
2941 1720 3144 1761 sanctus
3169 1724 3398 1774 superue-

1812 1794 1913 1847 niet
1933 1811 2085 1864 super
2105 1805 2171 1860 te,
2195 1792 3013 1850 etvirtusAltissimiobumbrabit
3040 1797 3128 1851 tibi
3160 1797 3320 1868 (Ibid.
3347 1814 3396 1851 ν.

1811 1885 1925 1954 55).
1955 1884 2030 1939 Ne
2062 1901 2290 1956 quaeras,
2324 1886 2523 1956 inquit,
2559 1896 2762 1942 natura:
2796 1887 3008 1940 modum
3037 1897 3092 1944 st
3120 1888 3395 1953 ordinem,

1811 1976 2024 2045 quando
2071 1993 2232 2046 super
2277 1992 2517 2032 naturam
2563 1989 2685 2032 sunt
2725 1994 2844 2048 quae
2875 1980 3042 2043 ﬁunt;
3076 1995 3143 2034 ne
3187 1989 3396 2050 spectes

1811 2068 2037 2137 conjugii
2051 2068 2279 2130 dolores,
2296 2068 2506 2138 quando
2522 2069 2691 2137 major
2702 2085 2856 2139 quam
2871 2071 2921 2123 in
2937 2070 3131 2139 nuptiis
3145 2071 3396 2124 natalium

1813 2160 2002 2215 modus
2031 2162 2150 2215 erit.
2176 2161 2240 2214 Et
2261 2161 2510 2230 quomodo
2541 2163 2626 2231 ﬁet
2651 2163 2806 2226 istud,
2838 2163 3025 2233 inquit,
3057 2165 3293 2233 quoniam
3321 2165 3398 2215 vi-

1811 2266 1926 2302 rum
1955 2267 2055 2304 non
2087 2267 2331 2320 cognosco
2352 2251 2378 2304 ?
2399 2251 2537 2306 Sane
2571 2262 2786 2321 propter
2831 2253 2933 2307 hoc
2961 2254 3095 2318 erit,
3146 2254 3398 2323 quoniam

1812 2342 1984 2395 virum
2014 2333 2117 2395 non
2140 2343 2436 2412 cognoscis.
2468 2342 2599 2396 Nam
2626 2344 2670 2396 si
2701 2358 3050 2413 cognosceres
3076 2345 3266 2409 virum,
3291 2361 3398 2400 non

1814 2434 2004 2489 fuisses
2031 2434 2206 2489 habita
2248 2435 2403 2504 digna
2444 2445 2500 2490 ut
2541 2434 2662 2489 huic
2689 2436 2984 2492 ministerio
3009 2438 3257 2491 scrvires.
3289 2437 3398 2491 lta-

1812 2541 1915 2596 que
1939 2541 1998 2580 ea
2028 2526 2095 2580 de
2124 2542 2304 2592 causa,
2333 2542 2434 2597 qua
2462 2527 2694 2594 dubitas,
2719 2543 2779 2582 ea
2805 2529 2914 2597 ipsa
2939 2528 3006 2584 de
3032 2544 3189 2584 causa
3216 2529 3398 2587 crede.

1811 2617 1928 2672 Non
1953 2617 2073 2688 quia
2102 2619 2298 2672 malum
2335 2619 2565 2689 nuptiae,
2592 2619 2686 2675 sed
2716 2621 2837 2689 quia
2867 2620 3058 2675 melior
3089 2621 3396 2690 virginitas;

1812 2708 1953 2764 hunc
1971 2718 2148 2764 autem
2177 2710 2473 2780 ingressum
2500 2710 2669 2766 nostri
2693 2711 2928 2765 omnium
2958 2711 3168 2766 Domini
3190 2712 3399 2781 dignio-

1812 2819 1925 2858 rem
1955 2818 2076 2859 esse
2117 2813 2345 2873 oportet,
2377 2819 2532 2874 quam
2576 2817 2816 2859 nostrum
2845 2821 2859 2858 :
2894 2804 3087 2875 Regius
3114 2807 3256 2860 enim
3302 2805 3397 2861 fuit

1814 2895 2080 2950 introitus.
2111 2895 2400 2967 Oportebat
2440 2904 2495 2950 et
2531 2911 2868 2950 communem
2909 2911 3028 2951 cum
3065 2905 3248 2950 nostro
3285 2896 3400 2965 ejus

1812 3003 1933 3043 esse
1962 2998 2176 3054 ortum,
2205 2997 2260 3042 et
2300 2987 2566 3042 diversum
2594 3003 2623 3041 a
2655 2999 2858 3051 nostro,
2890 2997 2945 3042 et
2970 2997 3252 3059 utrumque
3277 3003 3399 3042 eve-

1812 3083 1907 3136 nit.
1943 3081 2010 3136 Et
2056 3080 2322 3150 quomodo
2371 3080 2515 3134 audi.
2560 3079 2691 3134 Nam
2722 3080 2788 3136 de
2817 3092 2971 3135 utero
3009 3081 3255 3150 prodire,
3297 3079 3400 3136 hoc

1812 3191 2094 3231 commune
2137 3175 2408 3230 uobiscum
2440 3184 2558 3230 est:
2587 3175 2786 3245 absque
2815 3174 3034 3244 nuptiali
3064 3183 3239 3229 autem
3271 3188 3402 3228 con-

1811 3283 1996 3338 gressu
2020 3268 2187 3334 nasci,
2211 3282 2371 3338 supra
2397 3278 2632 3322 nostram
2659 3276 2741 3322 est
2764 3269 3045 3338 originem.
3067 3266 3287 3322 Uterum
3310 3282 3402 3337 ge-

1812 3369 1959 3416 stare
1989 3370 2059 3425 te,
2093 3360 2144 3415 id
2174 3372 2377 3415 natura:
2402 3372 2483 3416 est
2505 3361 2784 3426 humanm;
2824 3361 2939 3415 sine
2964 3375 3252 3431 congressu
3287 3369 3403 3414 ute-

1812 3471 1930 3510 rum
1959 3464 2188 3526 gestare,
2212 3454 2263 3508 id
2293 3463 2476 3508 natura
2508 3453 2733 3507 humana
2759 3453 3035 3508 sublimius
3065 3471 3077 3504 :
3109 3461 3238 3508 utet
3266 3467 3404 3523 pra:-

1813 3542 2062 3602 stantiam
2083 3554 2137 3602 et
2153 3545 2580 3601 communionem
2603 3558 2760 3615 quam
2791 3552 2962 3599 tecum
2986 3543 3147 3598 habet
3171 3543 3399 3598 ediscas.

1811 3637 2104 3693 Considera
2133 3645 2312 3692 autem
2342 3647 2538 3706 quanta
2567 3636 2824 3705 sapientia
2849 3635 2963 3690 haec
2995 3637 3127 3689 facta
3157 3636 3283 3700 sint,
3317 3651 3403 3690 ne.

1812 3746 1916 3801 que
1944 3729 2230 3785 eminentia
2256 3728 2426 3784 obluit
2450 3726 2781 3783 similitudini
2818 3736 2872 3781 et
2893 3725 3135 3780 afﬁnitati
3157 3725 3272 3797 ejus
3300 3741 3402 3780 no-

1813 3822 2040 3888 biscum,
2065 3836 2238 3891 neque
2268 3830 2446 3874 nostra
2475 3819 2703 3875 afﬁnitas
2733 3828 2788 3874 et
2825 3818 3117 3874 similitudo
3156 3819 3272 3890 ejus
3299 3818 3400 3872 ob-

1813 3916 2039 3972 scuravit
2064 3915 2432 3970 excellentiam
2457 3930 2472 3978 ;
2500 3913 2592 3968 sed
2623 3912 2874 3982 operibus
2904 3920 3187 3981 utrumque
3215 3920 3397 3967 osten-

1812 4026 1930 4066 sum
1961 4017 2079 4065 est:
2113 4009 2322 4078 aliaque
2352 4006 2586 4077 perfecte
2613 4006 2766 4060 nobis
2786 4005 2976 4059 similia
3010 4005 3215 4071 habuit,
3243 4005 3343 4060 alia
3370 4020 3400 4058 a

1813 4093 1968 4149 nobis
2008 4094 2237 4147 diversa.
2275 4091 2501 4157 Verum,
2540 4099 2596 4144 ut
2622 4090 2767 4153 dixi,
2812 4098 3027 4159 propter
3069 4089 3171 4144 hoc
3194 4089 3404 4144 steriles
3493 4163 3496 4166 ξ

1815 4185 2027 4240 fuerunt
2055 4184 2189 4249 istae,
2214 4192 2270 4237 ut
2298 4182 2608 4238 crederetur
2634 4181 2951 4251 virginitatis
2977 4191 3180 4251 partus,
3206 4190 3261 4234 ut
3289 4181 3401 4250 ipsa

1814 4279 2155 4334 induceretur
2184 4277 2248 4331 ad
2293 4276 2450 4331 ﬁdem
2494 4274 2885 4346 promissionis.
2918 4274 3054 4328 Audi
3103 4272 3244 4330 enim
3275 4273 3402 4344 quid

1814 4374 1943 4429 dicit
1970 4373 2189 4444 angelus
2221 4371 2313 4426 Dei
2356 4387 2368 4423 :
2405 4370 2630 4441 Spiritus
2667 4381 2869 4423 sanctus
2894 4369 3052 4422 veniet
3080 4384 3228 4437 super
3257 4375 3321 4431 te,
3354 4375 3405 4419 et

1813 4468 1970 4522 virtus
1998 4465 2243 4521 Altissimi
2279 4463 2588 4519 obumbrabit
2613 4462 2701 4515 tibi
2721 4462 2741 4531 (
2763 4459 3016 4530 Ibidem).
3045 4459 3134 4514 Sic
3154 4500 3168 4523 ,
3199 4457 3367 4529 inquit
3387 4497 3402 4521 ,

1813 4562 2014 4631 poteris
2035 4573 2238 4629 parere.
2263 4557 2453 4612 Totum
2474 4555 2781 4625 Operatione
2804 4553 3031 4623 Spiritus
3053 4552 3176 4608 erit.
3199 4550 3277 4606 Ne
3306 4549 3406 4620 igi-

1816 4665 1902 4709 tur
1927 4660 2137 4722 spectes
2163 4653 2213 4706 iu
2247 4659 2464 4714 terram,
2492 4664 2523 4704 e
2548 4648 2698 4703 crelis
2722 4647 2960 4716 Operatio
2985 4646 3148 4700 venit.
3176 4645 3408 4716 Spiritus

1814 4746 1998 4819 gratia:
2040 4753 2124 4800 est
2169 4742 2311 4814 quod
2357 4743 2441 4804 ﬁt,
2475 4756 2542 4796 ne
2570 4753 2778 4811 qumras
2804 4747 3007 4792 natura:
3051 4736 3304 4798 modum,
3342 4751 3410 4788 ne

1815 4840 2108 4897 secundum
2133 4838 2434 4909 nuptiarum
2457 4837 2602 4905 leges
2621 4833 2904 4903 intelligas.
2930 4831 3125 4886 Verum
3152 4827 3404 4899 quoniam

1817 4933 2018 5003 majora
2047 4940 2170 4988 sunt
2208 4931 2367 4986 verba
2401 4929 2534 4996 lucc,
2559 4943 2716 5000 quam
2748 4937 2804 4980 ut
2832 4926 2919 4979 illa
2949 4931 3180 4994 caperet,
3211 4919 3322 4973 vult
3349 4928 3402 4972 et

1815 5027 1972 5082 aliam
2003 5026 2050 5081 ei
2076 5026 2312 5096 praebere
2335 5019 2866 5077 demonstrationem.

1887 5119 1938 5175 5.
1981 5117 2062 5173 Tu
2094 5126 2308 5182 autem,
2357 5113 2582 5179 dilecte,
2632 5108 2846 5164 attende
2896 5103 3162 5176 quomodo
3206 5101 3404 5157 sterilis

1817 5214 1972 5268 istam
1996 5208 2314 5264 manuducat
2342 5205 2407 5260 ad
2439 5205 2596 5260 ﬁdem
2627 5211 2828 5272 partus.
2857 5197 3116 5268 Quoniam
3148 5196 3292 5266 prior
3312 5194 3406 5249 de-

1818 5302 2133 5358 monstratio
2172 5297 2339 5367 major
2365 5305 2478 5351 erat
2503 5293 2821 5364 cogitatione
2851 5289 3087 5360 virgiu'gz,
3115 5288 3234 5341 audi
3267 5302 3402 5355 quo-

1820 5393 1977 5447 modo
2001 5400 2054 5446 et
2077 5389 2412 5444 humiliorem
2440 5399 2742 5441 sermonem
2770 5381 2978 5446 aﬁ’erat,
3012 5395 3107 5449 per
3133 5379 3404 5434 sensib‘lia

1818 5486 1986 5555 ipsam
2011 5481 2396 5538 manuduccns.
2426 5477 2494 5531 Et
2521 5493 2649 5540 ecce,
2680 5474 2870 5545 inquit,
2901 5471 3162 5527 Elisabeth
3189 5481 3405 5542 cognata

1818 5589 1905 5633 tua
1931 5586 1978 5631 et
1997 5577 2108 5648 ipsa
2128 5574 2349 5644 concepit
2371 5573 2535 5640 ﬁlium
2558 5572 2608 5624 in
2636 5578 2881 5624 senectute
2903 5583 2996 5621 sua
3027 5581 3047 5620 .'
3082 5575 3126 5618 et
3151 5565 3231 5618 hic
3258 5580 3402 5617 men-

1817 5674 1886 5727 sis
1906 5680 2077 5726 sextus
2105 5677 2179 5722 est
2204 5668 2249 5721 ei
2269 5682 2381 5736 qua:
2404 5673 2609 5720 vocatur
2634 5661 2818 5717 sterilis
2843 5659 2992 5729 (Luc.
3021 5660 3070 5714 1.
3099 5657 3213 5725 56).
3246 5656 3404 5710 Vides

1822 5778 1878 5823 ut
1902 5766 2098 5822 sterilis
2127 5772 2344 5835 propter
2376 5760 2629 5832 virginem
2675 5757 2726 5812 in
2768 5755 3001 5811 medium
3041 5753 3110 5809 sit
3135 5745 3402 5801 adducta?
