3730 6262
424 261 538 321 Δι’]

432 374 680 446 Alioquin
713 373 863 446 cujus
901 372 981 433 rei
1008 372 1179 448 gratia
1209 373 1480 429 retulisset
1517 381 1727 443 partum
1756 379 2019 441 cognatm,

432 466 586 536 cujus
613 468 738 522 item
762 466 941 536 gratia'
956 465 1199 534 dixisset,
1235 463 1361 530 Qum
1379 473 1585 520 vocatur
1607 464 1831 519 sterilis?
1859 462 2024 519 Plane

428 572 526 627 per
553 558 732 615 omnia
754 556 1053 614 deducebat
1075 572 1193 613 eam
1224 556 1292 613 ad
1315 556 1641 614 credendtun
1671 556 2023 615 annuntialio-

432 647 486 702 ni
508 664 522 701 :
546 657 830 718 prepterea
856 656 909 702 et
931 659 1139 719 tempus
1164 648 1321 714 dixit,
1346 655 1401 704 et
1419 657 1623 705 naturae
1645 647 2017 723 sterilitatem:

430 746 711 808 propterea
760 747 813 795 et
842 748 1055 809 tempus
1083 739 1289 795 distulit
1315 739 1702 809 conceptionis.
1732 738 1850 795 Non
1876 739 2020 795 enim

426 828 607 883 statim
634 843 664 883 a
696 829 956 901 principio
992 832 1041 888 ei
1081 832 1450 887 annuntiatum
1470 839 1590 898 est,
1620 831 1716 888 sed
1745 832 2021 902 prmterito

428 929 669 990 tempore
689 924 956 991 semestri,
987 932 1045 978 ut
1075 923 1214 980 uteri
1241 924 1452 979 sarcina
1489 925 1892 994 conceptionem
1920 922 2018 978 do-

425 1021 591 1069 ceret.
614 1013 677 1069 Et
693 1014 816 1070 vide
841 1023 1037 1085 quanta
1056 1014 1267 1070 Gabriel
1287 1015 1449 1070 utitur
1466 1015 1703 1070 solertia.
1732 1015 1847 1070 Non
1873 1015 2017 1071 .enim

427 1106 480 1161 in
498 1107 811 1163 memoriam
828 1108 879 1164 ei
905 1108 1113 1163 reducit
1135 1108 1217 1164 vel
1236 1108 1472 1176 Sarram,
1496 1109 1577 1162 vel
1595 1108 1910 1175 Rebeccam,
1935 1109 2019 1163 vel

427 1195 739 1255 Rachelem.
766 1197 946 1263 Quare
975 1208 1029 1253 et
1053 1213 1215 1268 quam
1242 1197 1312 1252 ob
1331 1212 1545 1253 causam
1567 1200 1591 1252 ἲ
1610 1197 1743 1257 Nam
1771 1197 1854 1253 ha:
1879 1214 2016 1269 quo-

410 1272 531 1357 que
559 1290 775 1343 luerunt
794 1288 1025 1355 steriles,
1047 1298 1100 1344 et
1119 1290 1331 1356 vetulre,
1354 1296 1409 1345 et
1431 1304 1681 1359 magnum
1704 1289 2020 1345 miraculum

426 1378 480 1433 in
509 1379 611 1434 illis
638 1378 735 1434 luit
762 1397 776 1434 :
810 1380 905 1435 sed
931 1381 1054 1452 quia
1084 1396 1273 1437 omnes
1302 1382 1388 1436 ha:
1416 1366 1753 1439 narrationes
1787 1384 2020 1454 antiqua:

426 1479 612 1540 erant,
654 1471 871 1527 adducit
912 1487 1030 1533 eam
1061 1472 1127 1527 ad
1171 1472 1219 1527 id
1249 1472 1390 1545 quod
1420 1460 1588 1544 nuper
1613 1474 1932 1544 contigerat,
1964 1480 2023 1529 ut

425 1571 661 1619 tuentem
688 1562 806 1634 ejus
825 1563 891 1618 ad
921 1563 1248 1619 credendum
1274 1575 1610 1634 provocarat.

507 1654 697 1727 Viginti
722 1655 871 1710 annis
899 1666 1180 1728 perseverat
1219 1674 1371 1712 orans
1400 1656 1572 1712 Isaac.
1602 1688 1674 1699 —
1693 1657 1798 1714 Sed
1828 1674 2020 1716 neces-

424 1746 628 1805 sarium
655 1758 738 1803 est
767 1757 825 1803 ut
853 1747 919 1805 ad
950 1748 1249 1805 institutum
1277 1763 1585 1806 sermonem
1616 1749 1897 1805 redeamus
1920 1792 1936 1817 ,
1968 1760 2023 1807 et

422 1838 788 1908 signiﬁcemus
825 1839 955 1910 justi
1004 1841 1297 1913 virtutem,
1350 1848 1407 1898 et
1451 1841 1721 1910 quomodo
1772 1843 2021 1912 precibus

424 1932 761 1986 sterilitatem
793 1930 1050 1987 Rebecca:
1079 1932 1333 2000 solverit,
1367 1942 1421 1988 et
1449 1933 1657 1989 vincula
1698 1943 1900 1989 natura:
1927 1949 2044 1991 su--

422 2022 706 2090 peraverit.
735 2022 828 2077 2|.
862 2022 1240 2093 Deprecabatur
1264 2034 1454 2089 autem,
1482 2026 1644 2092 dicit,
1676 2043 1771 2096 pro
1801 2025 2022 2081 Rebecca

422 2130 578 2167 uxore
603 2131 716 2178 sua,
740 2116 974 2181 quoniam
996 2116 1181 2171 sterilis
1205 2126 1313 2170 erat
1329 2158 1344 2183 ,
1368 2125 1417 2170 et
1444 2117 1698 2171 exaudivit
1725 2134 1837 2172 eum
1857 2116 2017 2173 Deus.

422 2203 537 2259 Non
565 2206 685 2275 quia
710 2221 833 2260 mox
862 2206 933 2261 ita
958 2207 1205 2263 subditur
1224 2216 1277 2263 et
1305 2208 1560 2277 scriptum
1586 2217 1692 2275 est,
1723 2218 2018 2279 putescum

422 2310 453 2349 e
483 2296 705 2365 vestigio
743 2306 795 2351 et
826 2297 1068 2367 protinus
1103 2306 1446 2370 assequutum
1480 2314 1602 2355 esse
1633 2300 1775 2370 quod
1803 2302 2021 2371 optabat

422 2394 477 2440 ct
503 2387 794 2457 qumrebat.
837 2387 966 2443 Nam
999 2389 1180 2460 viginti
1212 2390 1367 2445 annis
1397 2392 1757 2460 perseveravit
1784 2407 1944 2446 orans
1968 2401 2022 2447 et

422 2476 717 2546 deprecans
745 2480 929 2545 Deum,
951 2488 1002 2534 et
1032 2488 1155 2535 tunc
1180 2480 1390 2536 tandem
1416 2491 1735 2551 assequutus
1764 2494 1846 2538 cst
1874 2483 2017 2555 quod

422 2567 776 2627 desiderabat.
805 2570 872 2627 Et
910 2571 1048 2627 unde
1073 2573 1304 2628 sciemus
1331 2572 1468 2628 hoc?
1499 2572 1553 2629 Si
1589 2573 1868 2645 diligenter
1894 2591 2017 2646 por-

420 2675 697 2716 curramus
722 2677 841 2733 qua:
878 2663 930 2717 in
969 2663 1147 2719 divina
1186 2664 1460 2735 Scriptura
1502 2667 1866 2722 continentur.
1897 2667 2014 2723 Non

421 2753 565 2806 enim
590 2764 798 2824 tempus
824 2754 981 2811 nobis
1009 2756 1380 2813 absconditum
1404 2764 1506 2825 est,
1533 2757 1627 2813 sed
1651 2758 2019 2830 signavitqui-

420 2844 582 2909 detn,
632 2845 856 2902 latenter
907 2856 1121 2913 tamen,
1170 2847 1241 2903 ita
1295 2856 1354 2905 ut
1405 2858 1657 2923 provocet
1695 2848 2020 2905 desiderium

419 2944 700 3002 nostrum,
747 2946 802 2994 et
828 2936 896 2993 ad
939 2938 1152 3010 dignam
1187 2939 1587 3011 inquisitionem
1634 2940 1839 2997 incitet.
1886 2942 2019 2997 Nam

418 3028 558 3083 sicut
596 3028 777 3085 docuit
816 3045 915 3086 nos
956 3045 1219 3089 annorum
1262 3047 1546 3088 numerum
1583 3047 1745 3103 quem
1784 3031 1970 3089 habuit
1999 3035 2015 3065 ί

419 3120 633 3189 quando
666 3121 963 3178 Rebeccam
989 3122 1157 3190 duxit,
1190 3123 1261 3179 ita
1288 3133 1342 3180 et
1364 3123 1467 3180 hoc
1488 3124 1644 3180 nobis
1675 3127 1849 3195 palam
1872 3125 2016 3182 fecit.

423 3211 552 3268 Erat
572 3214 737 3279 enim,
764 3215 955 3286 inquit,
979 3214 1130 3271 Isaac
1155 3233 1406 3272 annorum
1433 3219 1791 3291 quadraginta,
1814 3223 2019 3291 quando

420 3308 612 3375 accepit
640 3306 918 3363 Ilebeccam
937 3309 1099 3377 ﬁliam
1122 3308 1396 3367 Bathuelis
1425 3310 1568 3382 Syri.
1626 3311 1863 3368 Didicisti
1893 3313 2018 3370 dili-

419 3408 609 3467 genter
653 3409 881 3471 tempus.
913 3399 1115 3455 Deinde
1153 3408 1435 3471 postquam
1477 3402 1654 3463 dixit:
1702 3402 2020 3473 Deprecatus

420 3498 492 3544 est
523 3489 675 3544 Isaac
702 3507 797 3559 pro
821 3508 978 3547 uxore
1001 3509 1119 3560 sua,
1149 3494 1268 3565 quia
1295 3494 1480 3551 sterilis
1510 3505 1637 3563 erat,
1667 3504 1723 3552 ut
1748 3497 2017 3555 discamus

420 3598 680 3639 annorum
730 3599 1033 3652 numerum,
1078 3586 1366 3657 assignavit
1403 3586 1560 3644 nobis
1587 3597 1719 3663 quot
1753 3605 2018 3651 annorum

421 3671 578 3727 fuerit
610 3673 753 3729 lsaac
781 3675 994 3747 quando
1021 3678 1129 3733 uati
1170 3686 1296 3734 sunt
1327 3678 1379 3736 ei
1410 3678 1503 3735 (illi
1535 3679 1605 3736 de
1630 3680 1894 3738 Rebecca.
1922 3683 2013 3741 26.

422 3763 552 3818 Erat
581 3766 716 3819 enim
743 3764 896 3821 Isaac
919 3809 934 3834 ,
968 3767 1159 3839 inquit,
1188 3785 1442 3827 annorum
1484 3773 1747 3845 sexaginta
1766 3815 1782 3841 ,
1811 3776 2017 3845 quando

421 3860 610 3930 peperit
642 3858 885 3915 Rebecca.
930 3860 988 3917 Si
1025 3861 1187 3934 igitur
1216 3863 1566 3936 quadraginta
1597 3881 1863 3924 annorum
1900 3881 2017 3924 erat

419 3949 631 4018 quando
662 3951 805 4007 illam
832 3950 1021 4019 duxit,
1053 3953 1328 4024 sexaginta
1356 3964 1539 4011 autem
1564 3957 1778 4026 quando
1808 3960 2016 4031 peperit

421 4056 572 4107 uxor,
603 4042 943 4099 manifestum
970 4052 1053 4099 est
1080 4059 1206 4101 eum
1239 4047 1394 4103 annis
1422 4048 1608 4119 viginti
1639 4064 2013 4119 perseverasse

421 4132 663 4187 orantem
694 4134 883 4199 Deum,
911 4144 967 4190 et
996 4143 1207 4192 uterum
1238 4137 1492 4193 Rebeccae
1521 4139 1761 4195 inutilem
1786 4156 2016 4212 genera-

423 4224 587 4289 tioni,
638 4224 887 4282 idoneum
932 4226 1123 4282 fecisse
1168 4226 1268 4300 (α),
1317 4227 1537 4285 Vidistis
1580 4230 1842 4288 orationis
1884 4234 2008 4301 vim,

422 4315 689 4386 quomodo
738 4325 795 4373 et
837 4330 1078 4374 naturam
1123 4319 1293 4389 ipsam
1336 4321 1588 4390 superet?
1636 4323 1787 4380 Hunc
1828 4340 2015 4382 omnes

425 4407 725 4473 imitemur,
758 4418 813 4464 et
839 4410 909 4465 ita
933 4410 986 4465 iu
1011 4411 1256 4481 precibus
1285 4412 1454 4467 simus
1481 4412 1703 4482 assidui,
1728 4416 2016 4488 animoque

422 4501 585 4556 sobrii
613 4512 664 4558 et
692 4501 920 4561 humiles
944 4523 957 4560 :
989 4502 1373 4576 audiemusque
1396 4504 1619 4563 Paulum
1638 4508 2013 4568 admonentem

425 4608 479 4651 et
519 4597 823 4653 dicentem:
873 4597 1118 4661 Levantes
1156 4609 1359 4655 sanctas
1402 4616 1582 4656 manus
1618 4601 1803 4674 absque
1845 4604 1923 4659 ira
1970 4615 2018 4660 et

408 4687 860 4759 disceptationibus
879 4688 956 4763 (Ι.
984 4690 1116 4749 Tim.
1136 4690 1287 4765 2.8):
1316 4701 1371 4748 et
1395 4692 1703 4751 studeamus
1721 4710 1935 4771 semper
1956 4699 2021 4754 li-

423 4780 596 4835 berari
640 4796 671 4835 a
720 4783 1138 4852 perturbatione,
1178 4794 1238 4840 ut
1278 4800 1434 4841 mens
1477 4785 1545 4841 sit
1586 4786 1641 4842 in
1683 4791 1971 4861 tranquillo
1997 4834 2012 4858 ,

421 4872 651 4927 maxime
675 4880 854 4929 autem
884 4888 1097 4945 precum
1126 4885 1398 4946 tempore,
1430 4877 1646 4947 quando
1666 4880 1834 4937 multa
1862 4883 2017 4939 nobis

418 4978 554 5033 opus
580 4972 664 5018 est
701 4979 734 5018 a
775 4964 885 5019 Deo
912 4964 1257 5037 benignitate.
1290 4964 1423 5022 Nam
1453 4967 1500 5022 si
1539 4983 1640 5026 nos
1670 4971 1869 5028 viderit
1895 4990 2018 5043 pre-

418 5054 528 5110 cari
552 5055 846 5114 secundum
865 5056 1012 5128 leges
1036 5058 1105 5113 ab
1125 5072 1187 5114 se
1213 5059 1434 5128 positas,
1458 5062 1640 5120 statim
1667 5063 1821 5121 nobis
1845 5066 2016 5121 dono-

420 5161 541 5205 rum
578 5164 799 5206 suorum
844 5149 1143 5223 largitatem
1190 5151 1479 5209 liberaliter
1527 5156 1820 5214 concedet:
1869 5160 2013 5231 quod

420 5237 575 5291 nobis
617 5240 828 5311 assequi
882 5241 1059 5309 liceat,
1106 5242 1276 5313 gratia
1323 5251 1381 5300 et
1420 5244 1747 5319 benignitate
1799 5249 2010 5306 Domini

421 5329 588 5385 nostri
613 5328 743 5389 Jesu
764 5330 993 5398 Christi,
1022 5347 1143 5388 cum
1168 5348 1274 5407 quo
1304 5335 1447 5392 Patri
1474 5337 1544 5393 sit
1565 5337 1764 5409 gloria,
1798 5339 1971 5397 honor
1992 5383 2010 5411 ,

423 5416 706 5489 imperium
728 5462 745 5489 ,
772 5423 928 5480 simul
954 5433 1009 5480 et
1037 5434 1223 5482 sancto
1250 5426 1491 5499 Spiritui,
1521 5446 1661 5489 nunc
1685 5439 1741 5488 et
1758 5446 1970 5506 semper
1990 5476 2041 5519 ,χ

425 5520 479 5562 et
504 5509 555 5565 in
586 5513 778 5571 sucula
806 5516 1147 5575 smculorum.
1174 5518 1366 5576 Amen.

491 5625 509 5691 ξ
541 5624 685 5675 Coisl.
707 5627 903 5691 omittit,
922 5642 1067 5691 quem
1089 5630 1272 5683 habuit.

492 5685 1059 5766 Sall-tucdesiuit
1074 5691 1158 5741 ille
1177 5694 1387 5766 hinc._ut
1408 5706 1620 5766 putatur,
1641 5716 1667 5749 a
1688 5703 2019 5766 Chrysostomo

416 5752 689 5810 excerptas
709 5751 759 5797 iu
781 5751 977 5801 Itoutilia
1002 5759 1069 5803 De
1092 5767 1188 5804 nou
1212 5751 1497 5818 evulgandis
1519 5751 1717 5813 fratrum
1742 5751 1967 5821 etesiis:

1208 261 1267 318 S.
1306 259 1585 318 JOANNIS
1621 255 2095 321 CHRYSOSTOMI
2130 258 2453 320 ARClllEP.
2492 264 3033 330 CONSTANTINOP.
3621 281 3691 335 ut

2735 383 3015 442 HOMIIJA
3055 386 3120 443 L.

2125 505 2363 578 Concepit
2411 522 2580 569 autem
2636 516 2859 573 Rebecca
2878 563 2894 587 ,
2950 533 2998 577 et
3049 524 3385 582 colludebaut
3438 530 3631 601 pertuli
3662 536 3697 581 ia

2589 607 2680 662 illa
2721 608 2873 679 (Gen.
2900 613 2993 669 25.
3019 615 3110 670 2i.
3140 616 3255 688 22).

2198 739 2248 794 l.
2281 739 2453 797 Vultis
2478 742 2640 799 etiam
2662 744 2822 801 hodie
2845 761 3178 818 apponamus
3200 753 3425 809 inritati
3457 765 3643 810 vestra
3662 777 3698 811 επ

2122 843 2243 898 quae
2269 830 2323 885 iu
2347 832 2578 890 lectione
2600 834 2851 891 hesterna
2879 840 3063 895 relicta
3093 845 3257 896 sunt?
3289 845 3377 899 Ad
3402 846 3571 901 linem
3595 854 3697 901 eam

2121 922 2418 989 perducere
2448 933 3002 1000 totumargumentum
3026 937 3410 1005 nequivimus;
3434 939 3537 993 sed
3563 953 3701 995 estes-

2123 1012 2298 1072 dimus
2337 1031 2433 1087 per
2470 1018 2712 1077 assiduas
2751 1036 2937 1091 preces
2980 1024 3128 1081 lsaac
3175 1029 3429 1098 potuisse
3481 1029 3698 1086 Relicta

2122 1105 2331 1162 vulvam
2359 1108 2589 1164 ﬁliorum
2616 1113 2946 1182 generationi
2986 1116 3216 1174 reddere
3245 1119 3511 1176 idoneam
3538 1160 3560 1187 ,
3586 1138 3702 1178 nats-

2123 1213 2345 1269 ramque
2382 1199 2555 1271 ipsam
2582 1202 2827 1261 inutilem
2868 1204 3059 1263 iactam
3080 1250 3096 1275 ,
3126 1220 3187 1265 ut
3216 1212 3292 1266 ita
3321 1211 3512 1267 dicam
3534 1253 3553 1279 ,
3581 1232 3700 1284 rep:-

2125 1305 2244 1347 rare
2268 1309 2283 1346 :
2312 1292 2429 1348 haec
2451 1296 2628 1350 omnia
2657 1296 2771 1351 heri
2798 1299 2929 1354 satis
2957 1316 3053 1355 vos
3078 1301 3395 1370 docuimus,
3423 1316 3701 1363 monstras-

2125 1393 2205 1438 tes
2243 1398 2507 1443 annorum
2556 1403 2870 1457 numerum,
2902 1393 3130 1462 quibus,
3164 1407 3226 1450 ut
3268 1396 3380 1453 hoc
3427 1399 3705 1467 imperaret

2123 1474 2311 1533 beatus
2340 1477 2450 1545 ille,
2478 1494 2641 1536 orans
2668 1490 2721 1537 et
2746 1484 3044 1553 deprecans
3073 1490 3381 1555 permansit
3410 1507 3429 1545 :
3457 1502 3515 1545 et
3539 1493 3593 1546 ia
3616 1508 3703 1548 ser-

2123 1581 2341 1623 monem
2363 1568 2432 1625 de
2453 1571 2724 1627 sterilibus
2741 1577 2965 1645 egressi,
2990 1577 3130 1637 dicta
3152 1580 3309 1635 vobis
3325 1597 3502 1637 causa
3524 1599 3705 1653 metu

2122 1673 2281 1728 quam
2305 1659 2573 1729 justorum
2600 1663 2813 1720 illorum
2842 1682 3040 1724 uxores
3065 1671 3285 1726 steriles
3316 1673 3513 1740 fuere,
3536 1690 3705 1733 aermna-

2121 1763 2248 1805 nem
2269 1752 2490 1807 missum
2517 1755 2762 1815 iecimus.
2793 1757 2982 1828 Opera:
3027 1763 3254 1830 pretium
3310 1774 3507 1819 autem
3534 1778 3614 1820 est
3638 1786 3705 1823 eos

2120 1839 2281 1897 hodie
2317 1844 2525 1902 discere
2553 1846 2812 1905 Rebecca:
2857 1852 3160 1922 religiosam
3204 1867 3483 1919 mentem,
3533 1871 3593 1913 ut
3631 1878 3703 1913 ora

2121 1934 2296 1989 solum
2326 1937 2478 1992 nobis
2497 1953 2530 1992 a
2551 1939 2747 1995 virtute
2769 1940 2901 2011 justi
2924 1943 3133 1999 lucrum
3157 1947 3415 2010 accedat,
3432 1948 3550 2004 sed
3578 1952 3703 2003 etiam

2122 2039 2186 2081 ex
2216 2026 2437 2083 historia
2459 2046 2580 2099 qua:
2604 2030 2905 2088 Rebeccam
2930 2035 3147 2105 respicit
3169 2079 3188 2103 ,
3214 2038 3286 2092 ad
3332 2041 3705 2095 aemulatieam

2124 2131 2415 2186 provocare
2452 2122 2720 2190 possimus
2744 2124 3037 2180 auditores.
3075 2126 3374 2198 Postquam
3406 2133 3561 2186 enim
3603 2132 3703 2186 [εἰῇ

2122 2211 2393 2266 exaudivit
2428 2215 2729 2270 orationem
2768 2215 2937 2287 justi,
2961 2217 3052 2273 2i.
3081 2219 3149 2275 Et
3190 2231 3402 2276 uterum
3454 2226 3609 2294 gessit
3632 2225 3701 2278 Re-

2121 2299 2290 2370 becca,
2317 2302 2408 2358 22.
2449 2305 2805 2373 colludebant,
2858 2308 3064 2380 inquit,
3098 2313 3242 2380 pueri
3285 2314 3344 2366 in
3388 2331 3501 2380 ea,
3548 2327 3602 2371 et
3627 2333 3699 2370 m-

2120 2408 2227 2463 gno
2272 2410 2391 2451 eam
2421 2396 2609 2453 dolore
2652 2399 2977 2458 efﬁciebant.
3020 2402 3163 2457 Dixit
3202 2406 3386 2474 enim,
3417 2409 3627 2478 inquit,
3664 2420 3698 2463 δέ

2121 2487 2197 2541 sic
2240 2489 2366 2547 mihi
2410 2490 2640 2559 futurum
2688 2492 2795 2558 sit,
2845 2511 2936 2549 cur
2982 2496 3105 2550 mihi
3148 2496 3299 2551 hoc?
3343 2498 3548 2571 Neque
3593 2507 3699 2556 eain

2125 2592 2261 2634 unus
2323 2589 2440 2635 erat
2495 2582 2832 2653 nasciturus,
2892 2586 2989 2641 sed
3036 2587 3174 2644 duos
3228 2589 3406 2646 simul
3469 2594 3525 2647 in
3590 2605 3695 2649 uta.

2121 2684 2318 2742 pueros
2357 2673 2619 2743 gestabat,
2662 2684 2721 2731 et
2759 2692 2827 2731 ex
2868 2680 3110 2749 angustia
3150 2681 3387 2737 multum
3441 2686 3699 2740 trs-udam

2122 2765 2406 2822 sentiebat.
2432 2767 2535 2824 Sed
2579 2768 2670 2826 hic
2706 2769 2847 2837 vide,
2895 2772 3139 2839 obsecro,
3186 2776 3449 2833 mulieris
3492 2781 3701 2848 pietatm

2122 2864 2177 2911 et
2200 2857 2537 2928 religionem.
2566 2859 2683 2916 Non
2710 2862 2858 2917 enim
2885 2863 3025 2919 sicut
3064 2865 3323 2923 mulieres
3372 2871 3593 2935 multa,
3618 2890 3702 2942 qua

2122 2948 2451 3018 negligenter
2491 2951 2690 3016 vivunt,
2740 2952 2902 3010 hodie
2948 2955 3125 3013 lacere
3170 2974 3592 3018 consueverunt
3613 3005 3625 3025 .
3658 2968 3703 3018 ai

2121 3038 2413 3097 humanum
2440 3043 2677 3114 confugit
2713 3045 3040 3114 subsidium,
3074 3064 3179 3104 non
3219 3054 3292 3106 ad
3332 3067 3441 3107 eos
3480 3057 3575 3125 qui
3616 3060 3701 3111 uia

2120 3134 2232 3189 suis
2272 3136 2617 3206 conjecturis,
2648 3154 2864 3212 suaeque
2889 3142 3110 3198 rationis
3134 3144 3623 3205 observationibus
3641 3156 3701 3221 jc.

2119 3223 2299 3283 dicare
2341 3228 2564 3296 volunt;
2591 3246 2767 3307 neque
2790 3247 2850 3288 se
2877 3236 3136 3305 exposuit
3155 3235 3484 3309 deeeptioui

2122 3328 2317 3386 torum,
2346 3330 2401 3378 et
2425 3337 2611 3379 eorum
2638 3324 2726 3395 qui
2750 3327 3007 3396 pollicere
3032 3328 3232 3385 audent
3257 3348 3389 3403 qua:
3427 3351 3595 3407 supra
3631 3338 3702 3389 bs-

2120 3427 2331 3468 mauam
2357 3422 2486 3471 sunt
2523 3424 2770 3475 naturam
2801 3418 2933 3474 :sed
2955 3418 3112 3484 Abiit,
3139 3420 3337 3493 inquit,
3363 3435 3429 3479 ut
3457 3432 3704 3481 caris-laet

2118 3503 2415 3565 Dominum.
2445 3508 2582 3566 Vide
2603 3510 2841 3568 mulieris
2880 3513 3243 3584 sagacitatem.
3280 3517 3565 3586 Quoniam
3608 3524 3701 3574 ut:

2118 3614 2243 3656 eum
2276 3602 2369 3672 qui
2405 3604 2614 3659 vulvam
2651 3605 2769 3676 ejus
2802 3618 3092 3674 reserarat,
3132 3619 3191 3665 et
3236 3613 3337 3683 qui
3386 3615 3701 3672 infecunda

2120 3702 2363 3751 ventrem
2391 3707 2612 3767 repente
2636 3698 2707 3754 ita
2733 3699 3015 3756 fecundum
3042 3700 3318 3772 eileoerat,
3358 3718 3583 3764 natura
3614 3726 3699 3763 ειυς

2123 3785 2428 3854 Dominum,
2458 3792 2710 3860 quoniam
2736 3791 2869 3847 vidit
2890 3793 3025 3849 uteri
3053 3795 3329 3851 sarcinam
3354 3813 3561 3870 magna
3592 3819 3702 3872 qu-

2104 3878 2244 3935 .dam
2271 3883 2601 3951 promittere,
2620 3882 2776 3951 Abiit,
2797 3886 2986 3957 inquit,
3013 3896 3070 3941 ut
3097 3890 3401 3948 consuleret
3435 3893 3697 3949 Dom.

2117 3971 2257 4039 Quid
2281 3981 2387 4040 est,
2412 3973 2546 4029 Abiit
2570 3984 2629 4030 ut
2671 3978 2951 4034 consuleret
2974 3979 3255 4038 Dominum
3274 3987 3303 4040 .9
3360 3988 3616 4047 Cuwrrit
3658 3996 3701 4046 ri

2119 4080 2301 4121 veram
2328 4068 2629 4137 scientiam,
2658 4081 2713 4126 et
2739 4069 3012 4129 festinavit
3033 4076 3101 4131 ad
3128 4080 3486 4138 sacerdotem
3523 4086 3699 4140 θάπτέ-

2120 4158 2370 4228 nistrum,
2407 4176 2504 4231 per
2527 4177 2687 4233 quem
2716 4163 2947 4221 latenter
2972 4167 3049 4222 rei
3074 4170 3362 4226 scientiam
3392 4174 3613 4232 discere
3634 4194 3704 4232 cv-

2104 4249 2300 4319 inebat
2322 4251 2339 4282 ⁸
2370 4269 2385 4308 :
2413 4260 2469 4307 et
2492 4268 2751 4310 enarrans
2767 4257 2945 4312 omnia
2966 4273 3087 4329 quae
3116 4260 3217 4316 sibi
3244 4267 3621 4337 contigerant,
3644 4274 3703 4322 tit:

2114 4343 2248 4398 dicit
2270 4343 2551 4416 diligenter
2576 4349 2777 4414 omnia,
2794 4349 3140 4408 misericorde
3163 4355 3276 4411 Deo
3303 4372 3412 4427 per
3434 4368 3704 4417 eam

2117 4436 2355 4507 linguam
2402 4437 2684 4510 detegente
2719 4438 2771 4497 ei
2809 4443 2988 4498 omnia
3029 4446 3352 4516 manifeste,
3398 4464 3463 4508 et
3499 4456 3705 4511 alacrio-

2100 4544 2232 4585 ηαδ
2256 4543 2379 4586 eam
2405 4532 2682 4589 reddente.
2698 4534 2762 4590 Et
2786 4543 2845 4590 ut
2869 4537 3011 4592 scias
3029 4549 3223 4610 quanta
3251 4550 3389 4600 tunc
3409 4557 3536 4602 erat
3551 4564 3703 4603 sacer-

2119 4622 2301 4678 dotum
2331 4624 2580 4696 dignitas,
2607 4642 2867 4701 nusquam
2898 4630 3028 4686 dicit
3052 4633 3394 4691 sacerdotem
3423 4639 3474 4694 ei
3506 4656 3705 4711 respue

2115 4716 2284 4780 disse,
2296 4718 2392 4774 sed
2410 4728 2687 4792 postquam
2713 4721 2869 4791 dixit,
2885 4722 3022 4778 Abiit
3036 4728 3403 4783 utconsuleret
3419 4730 3705 4789 Dor-aius.

2118 4809 2343 4880 subjecit
2361 4852 2378 4878 ,
2406 4811 2497 4867 25.
2520 4811 2589 4867 Et
2609 4813 2738 4868 dixit
2767 4811 3097 4882 Dominusei,
3112 4833 3308 4889 nempe
3338 4835 3446 4891 per
3475 4830 3708 4880 soceror-

2121 4910 2247 4968 tem,
2263 4902 2407 4958 Duas
2416 4915 2588 4976 gentes
2596 4907 2650 4960 in
2664 4916 2807 4961 utero
2822 4920 2908 4961 tuo
2923 4910 3165 4965 contines.
3187 4910 3410 4968 Etenim
3423 4925 3483 4970 et
3492 4917 3607 4971 alio

2119 4996 2365 5068 angelum
2388 5008 2541 5053 vocat
2558 4999 2890 5057 sacerdotem
2910 5001 3086 5057 divina
3098 5002 3402 5074 Scriptura,
3437 5014 3671 5065 ostende
3686 5028 3707 5063 ς

2122 5090 2271 5146 illum
2284 5106 2350 5147 ea
2368 5093 2534 5163 loqui,
2565 5107 2687 5165 qua:
2710 5094 2931 5165 inspirat
2949 5111 3013 5152 ac
3028 5099 3266 5169 suggerit
3278 5098 3527 5171 Spiritus
3537 5112 3703 5177 gratia.

2122 5183 2265 5245 Dixit
2292 5184 2454 5255 igitur
2481 5186 2736 5242 Dominus
2761 5187 2810 5242 ei
2839 5203 2938 5259 per
2960 5189 3337 5246 sacerdotem:
3377 5193 3522 5250 υισ
3562 5214 3706 5269 ρει-τρι

2119 5274 2176 5329 ia
2199 5285 2340 5331 utero
2364 5286 2450 5332 tuo
2472 5288 2611 5345 aut,
2640 5287 2689 5333 et
2710 5278 2812 5334 duo
2829 5280 3013 5351 populi
3030 5281 3087 5335 in
3099 5292 3270 5339 uentre
3290 5292 3385 5340 tuo
3403 5287 3703 5353 diuidam,

2120 5376 2169 5422 et
2194 5369 2412 5439 populus
2434 5371 2625 5441 popqu
2656 5371 2944 5442 prastabit,
2996 5383 3045 5429 et
3072 5376 3237 5449 major
3279 5384 3467 5435 seruiet
3519 5387 3703 5437 auium

2123 5458 2258 5517 Vide
2283 5461 2588 5518 vaticinium
2629 5463 2772 5535 quod
2815 5463 3101 5523 manifeste
3151 5468 3399 5539 praedicit
3441 5474 3497 5529 ei
3552 5492 3701 5533 0mm

2188 5647 2205 5677 ι
2239 5643 2379 5718 coisl.
2399 5652 2460 5718 _et
2481 5650 2731 5718 Interpres
2750 5643 2981 5718 vulgatus
3001 5646 3049 5718 in
3073 5646 3290 5700 Editiene
3313 5650 3505 5704 tta-eui
3536 5670 3551 5703 :
3583 5663 3634 5707 Β
3658 5660 3699 5703 ες.

2123 5707 2315 5778 stittavit
2345 5710 2409 5758 ad
2426 5707 2727 5778 sacerdotem
2750 5707 3152 5773 Det’mr'ns'strmn,
3178 5723 3263 5777 per
3283 5722 3427 5777 mrem
3467 5719 3699 5771 luteam?

2128 5771 2373 5821 “tentiam
2395 5772 2572 5818 colebat
2607 5771 2811 5823 discere.
