  <div class='ocr_page' id='page_1' title='image "/cluster/home/n/w/nwhite01/storage/ocr_20150623/53-54/hvd.32044012465829/457.png"; bbox 0 0 3782 6260; ppageno 0'>
   <div class='ocr_carea' id='block_1_1' title="bbox 258 281 352 336">
    <p class='ocr_par' dir='ltr' id='par_1_1' title="bbox 258 281 352 336">
     <span class='ocr_line' id='line_1_1' title="bbox 258 281 352 336; baseline -0.021 0"><span class='ocrx_word' id='word_1_1' title='bbox 258 281 352 336; x_wconf 60' lang='grc'><strong>481</strong></span> 
     </span>
    </p>
   </div>
   <div class='ocr_carea' id='block_1_2' title="bbox 254 387 1836 460">
    <p class='ocr_par' dir='ltr' id='par_1_2' title="bbox 254 387 1836 460">
     <span class='ocr_line' id='line_1_2' title="bbox 254 387 1836 460; baseline -0.009 -11"><span class='ocrx_word' id='word_1_2' title='bbox 254 411 402 459; x_wconf 85' lang='lat' dir='ltr'><strong>num,</strong></span> <span class='ocrx_word' id='word_1_3' title='bbox 436 408 531 447; x_wconf 90' lang='lat' dir='ltr'><strong>nec</strong></span> <span class='ocrx_word' id='word_1_4' title='bbox 563 392 760 447; x_wconf 84' lang='lat' dir='ltr'><strong>malum</strong></span> <span class='ocrx_word' id='word_1_5' title='bbox 792 399 1041 460; x_wconf 77' lang='lat' dir='ltr'><strong>oneratur</strong></span> <span class='ocrx_word' id='word_1_6' title='bbox 1072 408 1084 443; x_wconf 89' lang='lat'><strong>:</strong></span> <span class='ocrx_word' id='word_1_7' title='bbox 1127 403 1224 441; x_wconf 90' lang='lat' dir='ltr'><strong>nos</strong></span> <span class='ocrx_word' id='word_1_8' title='bbox 1271 398 1446 442; x_wconf 90' lang='lat' dir='ltr'><strong>autem</strong></span> <span class='ocrx_word' id='word_1_9' title='bbox 1489 387 1599 440; x_wconf 87' lang='lat' dir='ltr'><strong>alio</strong></span> <span class='ocrx_word' id='word_1_10' title='bbox 1646 399 1836 438; x_wconf 81' lang='lat' dir='ltr'><strong>somno</strong></span> 
     </span>
    </p>
   </div>
   <div class='ocr_carea' id='block_1_3' title="bbox 255 476 1836 547">
    <p class='ocr_par' dir='ltr' id='par_1_3' title="bbox 255 476 1836 547">
     <span class='ocr_line' id='line_1_3' title="bbox 255 476 1836 547; baseline -0.008 -8"><span class='ocrx_word' id='word_1_11' title='bbox 255 486 577 547; x_wconf 77' lang='lat' dir='ltr'><strong>dormimus,</strong></span> <span class='ocrx_word' id='word_1_12' title='bbox 608 482 935 537; x_wconf 72' lang='lat' dir='ltr'><strong>dormientes</strong></span> <span class='ocrx_word' id='word_1_13' title='bbox 964 480 1031 534; x_wconf 88' lang='lat' dir='ltr'><strong>ad</strong></span> <span class='ocrx_word' id='word_1_14' title='bbox 1052 480 1285 544; x_wconf 86' lang='lat' dir='ltr'><strong>virtutis,</strong></span> <span class='ocrx_word' id='word_1_15' title='bbox 1315 478 1598 547; x_wconf 75' lang='lat' dir='ltr'><strong>vigilantes</strong></span> <span class='ocrx_word' id='word_1_16' title='bbox 1622 476 1690 529; x_wconf 88' lang='lat' dir='ltr'><strong>ad</strong></span> <span class='ocrx_word' id='word_1_17' title='bbox 1718 490 1836 528; x_wconf 86' lang='lat' dir='ltr'><strong>ma-</strong></span> 
     </span>
    </p>
   </div>
   <div class='ocr_carea' id='block_1_4' title="bbox 254 567 1840 646">
    <p class='ocr_par' dir='ltr' id='par_1_4' title="bbox 254 567 1840 646">
     <span class='ocr_line' id='line_1_4' title="bbox 254 567 1840 646; baseline -0.006 -14"><span class='ocrx_word' id='word_1_18' title='bbox 254 579 381 633; x_wconf 75' lang='lat' dir='ltr'><strong>litizn</strong></span> <span class='ocrx_word' id='word_1_19' title='bbox 405 591 587 646; x_wconf 83' lang='lat' dir='ltr'><strong>opera.</strong></span> <span class='ocrx_word' id='word_1_20' title='bbox 614 575 816 630; x_wconf 75' lang='lat' dir='ltr'><strong>strenui</strong></span> <span class='ocrx_word' id='word_1_21' title='bbox 844 574 898 628; x_wconf 93' lang='lat' dir='ltr'><strong>in</strong></span> <span class='ocrx_word' id='word_1_22' title='bbox 929 573 1101 636; x_wconf 91' lang='lat' dir='ltr'><strong>malis,</strong></span> <span class='ocrx_word' id='word_1_23' title='bbox 1135 572 1347 626; x_wconf 86' lang='lat' dir='ltr'><strong>desides</strong></span> <span class='ocrx_word' id='word_1_24' title='bbox 1373 571 1423 623; x_wconf 92' lang='lat' dir='ltr'><strong>in</strong></span> <span class='ocrx_word' id='word_1_25' title='bbox 1454 568 1608 623; x_wconf 86' lang='lat' dir='ltr'><strong>bonis</strong></span> <span class='ocrx_word' id='word_1_26' title='bbox 1635 585 1649 622; x_wconf 92' lang='lat'><strong>:</strong></span> <span class='ocrx_word' id='word_1_27' title='bbox 1681 567 1840 637; x_wconf 82' lang='lat' dir='ltr'><strong>idque</strong></span> 
     </span>
    </p>
   </div>
   <div class='ocr_carea' id='block_1_5' title="bbox 252 662 1839 737">
    <p class='ocr_par' dir='ltr' id='par_1_5' title="bbox 252 662 1839 737">
     <span class='ocr_line' id='line_1_5' title="bbox 252 662 1839 737; baseline -0.006 -13"><span class='ocrx_word' id='word_1_28' title='bbox 252 671 481 726; x_wconf 80' lang='lat' dir='ltr'><strong>facimus</strong></span> <span class='ocrx_word' id='word_1_29' title='bbox 501 669 744 724; x_wconf 76' lang='lat' dir='ltr'><strong>videntes</strong></span> <span class='ocrx_word' id='word_1_30' title='bbox 767 666 1005 737; x_wconf 86' lang='lat' dir='ltr'><strong>quotidie</strong></span> <span class='ocrx_word' id='word_1_31' title='bbox 1031 665 1227 720; x_wconf 82' lang='lat' dir='ltr'><strong>multos</strong></span> <span class='ocrx_word' id='word_1_32' title='bbox 1252 663 1374 717; x_wconf 88' lang='lat' dir='ltr'><strong>hinc</strong></span> <span class='ocrx_word' id='word_1_33' title='bbox 1393 662 1839 729; x_wconf 84' lang='lat' dir='ltr'><strong>abduci,magnas</strong></span> 
     </span>
    </p>
   </div>
   <div class='ocr_carea' id='block_1_6' title="bbox 252 753 1839 829">
    <p class='ocr_par' dir='ltr' id='par_1_6' title="bbox 252 753 1839 829">
     <span class='ocr_line' id='line_1_6' title="bbox 252 753 1839 829; baseline -0.008 -11"><span class='ocrx_word' id='word_1_34' title='bbox 252 773 431 818; x_wconf 88' lang='lat' dir='ltr'><strong>autem</strong></span> <span class='ocrx_word' id='word_1_35' title='bbox 457 763 680 817; x_wconf 89' lang='lat' dir='ltr'><strong>aliorum</strong></span> <span class='ocrx_word' id='word_1_36' title='bbox 700 774 819 815; x_wconf 89' lang='lat' dir='ltr'><strong>esse</strong></span> <span class='ocrx_word' id='word_1_37' title='bbox 848 761 897 814; x_wconf 92' lang='lat' dir='ltr'><strong>in</strong></span> <span class='ocrx_word' id='word_1_38' title='bbox 929 759 1177 829; x_wconf 66' lang='lat' dir='ltr'><strong>prassenti</strong></span> <span class='ocrx_word' id='word_1_39' title='bbox 1209 758 1312 809; x_wconf 85' lang='lat' dir='ltr'><strong>vita</strong></span> <span class='ocrx_word' id='word_1_40' title='bbox 1337 753 1761 809; x_wconf 81' lang='lat' dir='ltr'><strong>vicissitudines:</strong></span> <span class='ocrx_word' id='word_1_41' title='bbox 1783 760 1839 805; x_wconf 91' lang='lat' dir='ltr'><strong>et</strong></span> 
     </span>
    </p>
   </div>
   <div class='ocr_carea' id='block_1_7' title="bbox 252 846 1839 924">
    <p class='ocr_par' dir='ltr' id='par_1_7' title="bbox 252 846 1839 924">
     <span class='ocr_line' id='line_1_7' title="bbox 252 846 1839 924; baseline -0.008 -15"><span class='ocrx_word' id='word_1_42' title='bbox 252 869 423 924; x_wconf 88' lang='lat' dir='ltr'><strong>neque</strong></span> <span class='ocrx_word' id='word_1_43' title='bbox 436 863 579 908; x_wconf 86' lang='lat' dir='ltr'><strong>tanta</strong></span> <span class='ocrx_word' id='word_1_44' title='bbox 594 867 773 908; x_wconf 90' lang='lat' dir='ltr'><strong>rerum</strong></span> <span class='ocrx_word' id='word_1_45' title='bbox 791 850 1173 921; x_wconf 69' lang='lat' dir='ltr'><strong>intequabilitas</strong></span> <span class='ocrx_word' id='word_1_46' title='bbox 1186 848 1249 901; x_wconf 88' lang='lat' dir='ltr'><strong>ad</strong></span> <span class='ocrx_word' id='word_1_47' title='bbox 1269 846 1476 901; x_wconf 80' lang='lat' dir='ltr'><strong>virtutis</strong></span> <span class='ocrx_word' id='word_1_48' title='bbox 1491 858 1728 898; x_wconf 84' lang='lat' dir='ltr'><strong>amorem</strong></span> <span class='ocrx_word' id='word_1_49' title='bbox 1741 857 1839 897; x_wconf 92' lang='lat' dir='ltr'><strong>nos</strong></span> 
     </span>
    </p>
   </div>
   <div class='ocr_carea' id='block_1_8' title="bbox 251 937 1839 1013">
    <p class='ocr_par' dir='ltr' id='par_1_8' title="bbox 251 937 1839 1013">
     <span class='ocr_line' id='line_1_8' title="bbox 251 937 1839 1013; baseline -0.008 -13"><span class='ocrx_word' id='word_1_50' title='bbox 251 946 516 1000; x_wconf 79' lang='lat' dir='ltr'><strong>adducere</strong></span> <span class='ocrx_word' id='word_1_51' title='bbox 555 952 748 1013; x_wconf 83' lang='lat' dir='ltr'><strong>potest,</strong></span> <span class='ocrx_word' id='word_1_52' title='bbox 773 958 944 1012; x_wconf 90' lang='lat' dir='ltr'><strong>neque</strong></span> <span class='ocrx_word' id='word_1_53' title='bbox 973 940 1212 1011; x_wconf 80' lang='lat' dir='ltr'><strong>disponit</strong></span> <span class='ocrx_word' id='word_1_54' title='bbox 1240 946 1300 992; x_wconf 86' lang='lat' dir='ltr'><strong>ut</strong></span> <span class='ocrx_word' id='word_1_55' title='bbox 1322 937 1679 1005; x_wconf 88' lang='lat' dir='ltr'><strong>despiciamus</strong></span> <span class='ocrx_word' id='word_1_56' title='bbox 1700 949 1839 1003; x_wconf 68' lang='lat' dir='ltr'><strong>prat-</strong></span> 
     </span>
    </p>
   </div>
   <div class='ocr_carea' id='block_1_9' title="bbox 252 1025 1837 1101">
    <p class='ocr_par' dir='ltr' id='par_1_9' title="bbox 252 1025 1837 1101">
     <span class='ocr_line' id='line_1_9' title="bbox 252 1025 1837 1101; baseline -0.006 -12"><span class='ocrx_word' id='word_1_57' title='bbox 252 1038 444 1092; x_wconf 81' lang='lat' dir='ltr'><strong>sentia.</strong></span> <span class='ocrx_word' id='word_1_58' title='bbox 464 1046 517 1090; x_wconf 88' lang='lat' dir='ltr'><strong>et</strong></span> <span class='ocrx_word' id='word_1_59' title='bbox 532 1034 897 1089; x_wconf 82' lang='lat' dir='ltr'><strong>desideremus</strong></span> <span class='ocrx_word' id='word_1_60' title='bbox 931 1032 1126 1096; x_wconf 85' lang='lat' dir='ltr'><strong>futura,</strong></span> <span class='ocrx_word' id='word_1_61' title='bbox 1144 1028 1595 1101; x_wconf 74' lang='lat' dir='ltr'><strong>przeferamusque</strong></span> <span class='ocrx_word' id='word_1_62' title='bbox 1613 1025 1837 1081; x_wconf 89' lang='lat' dir='ltr'><strong>somniis</strong></span> 
     </span>
    </p>
   </div>
   <div class='ocr_carea' id='block_1_10' title="bbox 252 1114 1836 1188">
    <p class='ocr_par' dir='ltr' id='par_1_10' title="bbox 252 1114 1836 1188">
     <span class='ocr_line' id='line_1_10' title="bbox 252 1114 1836 1188; baseline -0.008 -6"><span class='ocrx_word' id='word_1_63' title='bbox 252 1137 305 1182; x_wconf 89' lang='lat' dir='ltr'><strong>et</strong></span> <span class='ocrx_word' id='word_1_64' title='bbox 327 1128 528 1181; x_wconf 68' lang='lat' dir='ltr'><strong>umbrae</strong></span> <span class='ocrx_word' id='word_1_65' title='bbox 548 1126 848 1179; x_wconf 85' lang='lat' dir='ltr'><strong>veritatem.</strong></span> <span class='ocrx_word' id='word_1_66' title='bbox 877 1122 992 1177; x_wconf 81' lang='lat' dir='ltr'><strong>Non</strong></span> <span class='ocrx_word' id='word_1_67' title='bbox 1019 1122 1159 1176; x_wconf 90' lang='lat' dir='ltr'><strong>enim</strong></span> <span class='ocrx_word' id='word_1_68' title='bbox 1183 1118 1432 1174; x_wconf 73' lang='lat' dir='ltr'><strong>differunt</strong></span> <span class='ocrx_word' id='word_1_69' title='bbox 1458 1116 1738 1188; x_wconf 70' lang='lat' dir='ltr'><strong>praesentia</strong></span> <span class='ocrx_word' id='word_1_70' title='bbox 1768 1114 1836 1169; x_wconf 88' lang='lat' dir='ltr'><strong>ab</strong></span> 
     </span>
    </p>
   </div>
   <div class='ocr_carea' id='block_1_11' title="bbox 251 1213 1838 1281">
    <p class='ocr_par' dir='ltr' id='par_1_11' title="bbox 251 1213 1838 1281">
     <span class='ocr_line' id='line_1_11' title="bbox 251 1213 1838 1281; baseline -0.005 -9"><span class='ocrx_word' id='word_1_71' title='bbox 251 1220 456 1274; x_wconf 83' lang='lat' dir='ltr'><strong>umbris</strong></span> <span class='ocrx_word' id='word_1_72' title='bbox 494 1229 548 1273; x_wconf 91' lang='lat' dir='ltr'><strong>et</strong></span> <span class='ocrx_word' id='word_1_73' title='bbox 577 1217 819 1273; x_wconf 87' lang='lat' dir='ltr'><strong>somniis.</strong></span> <span class='ocrx_word' id='word_1_74' title='bbox 865 1215 1095 1271; x_wconf 84' lang='lat' dir='ltr'><strong>Proinde</strong></span> <span class='ocrx_word' id='word_1_75' title='bbox 1149 1230 1217 1269; x_wconf 89' lang='lat' dir='ltr'><strong>ne</strong></span> <span class='ocrx_word' id='word_1_76' title='bbox 1246 1213 1572 1281; x_wconf 85' lang='lat' dir='ltr'><strong>decipiamus</strong></span> <span class='ocrx_word' id='word_1_77' title='bbox 1603 1218 1838 1265; x_wconf 87' lang='lat' dir='ltr'><strong>nosmet-</strong></span> 
     </span>
    </p>
   </div>
   <div class='ocr_carea' id='block_1_12' title="bbox 251 1302 1838 1381">
    <p class='ocr_par' dir='ltr' id='par_1_12' title="bbox 251 1302 1838 1381">
     <span class='ocr_line' id='line_1_12' title="bbox 251 1302 1838 1381; baseline -0.006 -18"><span class='ocrx_word' id='word_1_78' title='bbox 251 1313 415 1381; x_wconf 75' lang='lat' dir='ltr'><strong>ipsos,</strong></span> <span class='ocrx_word' id='word_1_79' title='bbox 436 1324 609 1380; x_wconf 90' lang='lat' dir='ltr'><strong>neque</strong></span> <span class='ocrx_word' id='word_1_80' title='bbox 624 1317 894 1364; x_wconf 89' lang='lat' dir='ltr'><strong>sectemur</strong></span> <span class='ocrx_word' id='word_1_81' title='bbox 913 1307 1126 1361; x_wconf 83' lang='lat' dir='ltr'><strong>umbras</strong></span> <span class='ocrx_word' id='word_1_82' title='bbox 1145 1322 1157 1359; x_wconf 92' lang='lat'><strong>:</strong></span> <span class='ocrx_word' id='word_1_83' title='bbox 1177 1304 1271 1360; x_wconf 86' lang='lat' dir='ltr'><strong>sed</strong></span> <span class='ocrx_word' id='word_1_84' title='bbox 1287 1304 1370 1359; x_wconf 88' lang='lat' dir='ltr'><strong>vel</strong></span> <span class='ocrx_word' id='word_1_85' title='bbox 1386 1317 1507 1358; x_wconf 90' lang='lat' dir='ltr'><strong>sero</strong></span> <span class='ocrx_word' id='word_1_86' title='bbox 1523 1302 1735 1356; x_wconf 82' lang='lat' dir='ltr'><strong>tandem</strong></span> <span class='ocrx_word' id='word_1_87' title='bbox 1752 1315 1838 1355; x_wconf 82' lang='lat' dir='ltr'><strong>sa-</strong></span> 
     </span>
    </p>
   </div>
   <div class='ocr_carea' id='block_1_13' title="bbox 252 1395 1838 1467">
    <p class='ocr_par' dir='ltr' id='par_1_13' title="bbox 252 1395 1838 1467">
     <span class='ocr_line' id='line_1_13' title="bbox 252 1395 1838 1467; baseline -0.008 -10"><span class='ocrx_word' id='word_1_88' title='bbox 252 1404 374 1457; x_wconf 91' lang='lat' dir='ltr'><strong>lutis</strong></span> <span class='ocrx_word' id='word_1_89' title='bbox 391 1412 586 1458; x_wconf 63' lang='lat' dir='ltr'><strong>nostra?</strong></span> <span class='ocrx_word' id='word_1_90' title='bbox 607 1417 788 1456; x_wconf 89' lang='lat' dir='ltr'><strong>curam</strong></span> <span class='ocrx_word' id='word_1_91' title='bbox 810 1401 1122 1463; x_wconf 82' lang='lat' dir='ltr'><strong>habeamus,</strong></span> <span class='ocrx_word' id='word_1_92' title='bbox 1139 1408 1192 1453; x_wconf 91' lang='lat' dir='ltr'><strong>et</strong></span> <span class='ocrx_word' id='word_1_93' title='bbox 1204 1413 1332 1467; x_wconf 85' lang='lat' dir='ltr'><strong>epes</strong></span> <span class='ocrx_word' id='word_1_94' title='bbox 1347 1395 1703 1466; x_wconf 78' lang='lat' dir='ltr'><strong>indigentibus</strong></span> <span class='ocrx_word' id='word_1_95' title='bbox 1714 1408 1838 1449; x_wconf 82' lang='lat' dir='ltr'><strong>eva-</strong></span> 
     </span>
    </p>
   </div>
   <div class='ocr_carea' id='block_1_14' title="bbox 250 1485 1833 1565">
    <p class='ocr_par' dir='ltr' id='par_1_14' title="bbox 250 1485 1833 1565">
     <span class='ocr_line' id='line_1_14' title="bbox 250 1485 1833 1565; baseline -0.007 -16"><span class='ocrx_word' id='word_1_96' title='bbox 250 1510 497 1560; x_wconf 90' lang='lat' dir='ltr'><strong>cuemus,</strong></span> <span class='ocrx_word' id='word_1_97' title='bbox 544 1504 603 1549; x_wconf 93' lang='lat' dir='ltr'><strong>ut</strong></span> <span class='ocrx_word' id='word_1_98' title='bbox 641 1509 741 1565; x_wconf 89' lang='lat' dir='ltr'><strong>pro</strong></span> <span class='ocrx_word' id='word_1_99' title='bbox 790 1494 897 1547; x_wconf 90' lang='lat' dir='ltr'><strong>illis</strong></span> <span class='ocrx_word' id='word_1_100' title='bbox 938 1490 1473 1547; x_wconf 89' lang='lat' dir='ltr'><strong>remunerationcma</strong></span> <span class='ocrx_word' id='word_1_101' title='bbox 1503 1485 1833 1541; x_wconf 86' lang='lat' dir='ltr'><strong>misericordi</strong></span> 
     </span>
    </p>
   </div>
   <div class='ocr_carea' id='block_1_15' title="bbox 252 1573 1834 1656">
    <p class='ocr_par' dir='ltr' id='par_1_15' title="bbox 252 1573 1834 1656">
     <span class='ocr_line' id='line_1_15' title="bbox 252 1573 1834 1656; baseline -0.007 -16"><span class='ocrx_word' id='word_1_102' title='bbox 252 1586 365 1640; x_wconf 86' lang='lat' dir='ltr'><strong>Deo</strong></span> <span class='ocrx_word' id='word_1_103' title='bbox 411 1588 654 1656; x_wconf 88' lang='lat' dir='ltr'><strong>accipere</strong></span> <span class='ocrx_word' id='word_1_104' title='bbox 703 1598 1007 1639; x_wconf 88' lang='lat' dir='ltr'><strong>mereamur</strong></span> <span class='ocrx_word' id='word_1_105' title='bbox 1046 1598 1059 1635; x_wconf 92' lang='lat'><strong>:</strong></span> <span class='ocrx_word' id='word_1_106' title='bbox 1100 1595 1205 1651; x_wconf 89' lang='lat' dir='ltr'><strong>qua</strong></span> <span class='ocrx_word' id='word_1_107' title='bbox 1246 1579 1400 1633; x_wconf 88' lang='lat' dir='ltr'><strong>nobis</strong></span> <span class='ocrx_word' id='word_1_108' title='bbox 1440 1576 1688 1632; x_wconf 88' lang='lat' dir='ltr'><strong>omnibus</strong></span> <span class='ocrx_word' id='word_1_109' title='bbox 1731 1573 1834 1630; x_wconf 90' lang='lat' dir='ltr'><strong>frui</strong></span> 
     </span>
    </p>
   </div>
   <div class='ocr_carea' id='block_1_16' title="bbox 249 1669 1835 1747">
    <p class='ocr_par' dir='ltr' id='par_1_16' title="bbox 249 1669 1835 1747">
     <span class='ocr_line' id='line_1_16' title="bbox 249 1669 1835 1747; baseline -0.008 -13"><span class='ocrx_word' id='word_1_110' title='bbox 249 1678 595 1741; x_wconf 85' lang='lat' dir='ltr'><strong>concedatur,</strong></span> <span class='ocrx_word' id='word_1_111' title='bbox 622 1678 789 1747; x_wconf 90' lang='lat' dir='ltr'><strong>gratia</strong></span> <span class='ocrx_word' id='word_1_112' title='bbox 832 1685 890 1731; x_wconf 89' lang='lat' dir='ltr'><strong>et</strong></span> <span class='ocrx_word' id='word_1_113' title='bbox 934 1672 1366 1729; x_wconf 85' lang='lat' dir='ltr'><strong>miserationibus</strong></span> <span class='ocrx_word' id='word_1_114' title='bbox 1413 1670 1624 1725; x_wconf 84' lang='lat' dir='ltr'><strong>Domini</strong></span> <span class='ocrx_word' id='word_1_115' title='bbox 1667 1669 1835 1723; x_wconf 89' lang='lat' dir='ltr'><strong>nostri</strong></span> 
     </span>
    </p>
   </div>
   <div class='ocr_carea' id='block_1_17' title="bbox 246 1758 1835 1836">
    <p class='ocr_par' dir='ltr' id='par_1_17' title="bbox 246 1758 1835 1836">
     <span class='ocr_line' id='line_1_17' title="bbox 246 1758 1835 1836; baseline -0.009 -11"><span class='ocrx_word' id='word_1_116' title='bbox 246 1769 374 1824; x_wconf 84' lang='lat' dir='ltr'><strong>Jesu</strong></span> <span class='ocrx_word' id='word_1_117' title='bbox 401 1768 616 1834; x_wconf 88' lang='lat' dir='ltr'><strong>Christi,</strong></span> <span class='ocrx_word' id='word_1_118' title='bbox 640 1782 761 1822; x_wconf 91' lang='lat' dir='ltr'><strong>cum</strong></span> <span class='ocrx_word' id='word_1_119' title='bbox 790 1780 897 1836; x_wconf 88' lang='lat' dir='ltr'><strong>quo</strong></span> <span class='ocrx_word' id='word_1_120' title='bbox 927 1765 1071 1820; x_wconf 88' lang='lat' dir='ltr'><strong>Patri</strong></span> <span class='ocrx_word' id='word_1_121' title='bbox 1093 1772 1150 1819; x_wconf 91' lang='lat' dir='ltr'><strong>et</strong></span> <span class='ocrx_word' id='word_1_122' title='bbox 1176 1763 1392 1831; x_wconf 85' lang='lat' dir='ltr'><strong>Spiritui</strong></span> <span class='ocrx_word' id='word_1_123' title='bbox 1417 1768 1605 1815; x_wconf 91' lang='lat' dir='ltr'><strong>sancto</strong></span> <span class='ocrx_word' id='word_1_124' title='bbox 1631 1759 1702 1814; x_wconf 75' lang='lat' dir='ltr'><strong>sit</strong></span> <span class='ocrx_word' id='word_1_125' title='bbox 1728 1758 1835 1828; x_wconf 88' lang='lat' dir='ltr'><strong>glo-</strong></span> 
     </span>
    </p>
   </div>
   <div class='ocr_carea' id='block_1_18' title="bbox 247 1850 1834 1930">
    <p class='ocr_par' dir='ltr' id='par_1_18' title="bbox 247 1850 1834 1930">
     <span class='ocr_line' id='line_1_18' title="bbox 247 1850 1834 1930; baseline -0.007 -15"><span class='ocrx_word' id='word_1_126' title='bbox 247 1862 349 1927; x_wconf 84' lang='lat' dir='ltr'><strong>ria,</strong></span> <span class='ocrx_word' id='word_1_127' title='bbox 383 1861 684 1930; x_wconf 88' lang='lat' dir='ltr'><strong>imperium,</strong></span> <span class='ocrx_word' id='word_1_128' title='bbox 724 1859 914 1923; x_wconf 86' lang='lat' dir='ltr'><strong>honor,</strong></span> <span class='ocrx_word' id='word_1_129' title='bbox 961 1871 1103 1911; x_wconf 91' lang='lat' dir='ltr'><strong>nunc</strong></span> <span class='ocrx_word' id='word_1_130' title='bbox 1138 1865 1192 1910; x_wconf 90' lang='lat' dir='ltr'><strong>et</strong></span> <span class='ocrx_word' id='word_1_131' title='bbox 1217 1869 1449 1923; x_wconf 82' lang='lat' dir='ltr'><strong>semper,</strong></span> <span class='ocrx_word' id='word_1_132' title='bbox 1480 1862 1535 1909; x_wconf 88' lang='lat' dir='ltr'><strong>et</strong></span> <span class='ocrx_word' id='word_1_133' title='bbox 1564 1852 1616 1906; x_wconf 91' lang='lat' dir='ltr'><strong>in</strong></span> <span class='ocrx_word' id='word_1_134' title='bbox 1641 1850 1834 1906; x_wconf 66' lang='lat' dir='ltr'><strong>saecula</strong></span> 
     </span>
    </p>
   </div>
   <div class='ocr_carea' id='block_1_19' title="bbox 252 1951 812 2007">
    <p class='ocr_par' dir='ltr' id='par_1_19' title="bbox 252 1951 812 2007">
     <span class='ocr_line' id='line_1_19' title="bbox 252 1951 812 2007; baseline -0.005 -1"><span class='ocrx_word' id='word_1_135' title='bbox 252 1952 592 2007; x_wconf 66' lang='lat' dir='ltr'><strong>saaculorum.</strong></span> <span class='ocrx_word' id='word_1_136' title='bbox 621 1951 812 2005; x_wconf 89' lang='lat' dir='ltr'><strong>Amen.</strong></span> 
     </span>
    </p>
   </div>
   <div class='ocr_carea' id='block_1_20' title="bbox 833 2078 1231 2135">
    <p class='ocr_par' dir='ltr' id='par_1_20' title="bbox 833 2078 1231 2135">
     <span class='ocr_line' id='line_1_20' title="bbox 833 2078 1231 2135; baseline -0.013 0"><span class='ocrx_word' id='word_1_137' title='bbox 833 2078 1113 2135; x_wconf 81' lang='lat' dir='ltr'><strong>IIOMILIA</strong></span> <span class='ocrx_word' id='word_1_138' title='bbox 1145 2078 1231 2133; x_wconf 91' lang='lat' dir='ltr'><strong>LI.</strong></span> 
     </span>
    </p>
   </div>
   <div class='ocr_carea' id='block_1_21' title="bbox 248 2208 1836 2288">
    <p class='ocr_par' dir='ltr' id='par_1_21' title="bbox 248 2208 1836 2288">
     <span class='ocr_line' id='line_1_21' title="bbox 248 2208 1836 2288; baseline -0.008 -17"><span class='ocrx_word' id='word_1_139' title='bbox 248 2218 412 2272; x_wconf 70' lang='lat' dir='ltr'><strong>Facta</strong></span> <span class='ocrx_word' id='word_1_140' title='bbox 454 2228 527 2273; x_wconf 75' lang='lat' dir='ltr'><strong>est</strong></span> <span class='ocrx_word' id='word_1_141' title='bbox 579 2226 746 2272; x_wconf 79' lang='lat' dir='ltr'><strong>autem</strong></span> <span class='ocrx_word' id='word_1_142' title='bbox 789 2221 949 2288; x_wconf 77' lang='lat' dir='ltr'><strong>fames</strong></span> <span class='ocrx_word' id='word_1_143' title='bbox 989 2232 1141 2286; x_wconf 77' lang='lat' dir='ltr'><strong>super</strong></span> <span class='ocrx_word' id='word_1_144' title='bbox 1190 2224 1392 2273; x_wconf 83' lang='lat' dir='ltr'><strong>terram,</strong></span> <span class='ocrx_word' id='word_1_145' title='bbox 1425 2220 1605 2281; x_wconf 67' lang='lat' dir='ltr'><strong>pra’ler</strong></span> <span class='ocrx_word' id='word_1_146' title='bbox 1649 2208 1836 2277; x_wconf 78' lang='lat' dir='ltr'><strong>famem</strong></span> 
     </span>
    </p>
   </div>
   <div class='ocr_carea' id='block_1_22' title="bbox 276 2301 1796 2377">
    <p class='ocr_par' dir='ltr' id='par_1_22' title="bbox 276 2301 1796 2377">
     <span class='ocr_line' id='line_1_22' title="bbox 276 2301 1796 2377; baseline -0.007 -15"><span class='ocrx_word' id='word_1_147' title='bbox 276 2312 515 2377; x_wconf 79' lang='lat' dir='ltr'><strong>priorem,</strong></span> <span class='ocrx_word' id='word_1_148' title='bbox 544 2324 655 2375; x_wconf 59' lang='lat' dir='ltr'><strong>quae</strong></span> <span class='ocrx_word' id='word_1_149' title='bbox 682 2309 846 2376; x_wconf 76' lang='lat' dir='ltr'><strong>fuerat</strong></span> <span class='ocrx_word' id='word_1_150' title='bbox 871 2316 1095 2376; x_wconf 85' lang='lat' dir='ltr'><strong>tempore</strong></span> <span class='ocrx_word' id='word_1_151' title='bbox 1125 2305 1378 2358; x_wconf 78' lang='lat' dir='ltr'><strong>Abraham</strong></span> <span class='ocrx_word' id='word_1_152' title='bbox 1410 2301 1560 2375; x_wconf 78' lang='lat' dir='ltr'><strong>(Gen.</strong></span> <span class='ocrx_word' id='word_1_153' title='bbox 1590 2301 1682 2355; x_wconf 72' lang='lat'><strong>26.</strong></span> <span class='ocrx_word' id='word_1_154' title='bbox 1717 2301 1796 2371; x_wconf 91' lang='grc'><strong>1).</strong></span> 
     </span>
    </p>
   </div>
   <div class='ocr_carea' id='block_1_23' title="bbox 317 2436 1833 2510">
    <p class='ocr_par' dir='ltr' id='par_1_23' title="bbox 317 2436 1833 2510">
     <span class='ocr_line' id='line_1_23' title="bbox 317 2436 1833 2510; baseline -0.004 -15"><span class='ocrx_word' id='word_1_155' title='bbox 317 2443 368 2495; x_wconf 86' lang='grc'><strong>1.</strong></span> <span class='ocrx_word' id='word_1_156' title='bbox 400 2442 597 2496; x_wconf 91' lang='lat' dir='ltr'><strong>lterum</strong></span> <span class='ocrx_word' id='word_1_157' title='bbox 626 2456 691 2496; x_wconf 81' lang='lat' dir='ltr'><strong>ex</strong></span> <span class='ocrx_word' id='word_1_158' title='bbox 724 2440 787 2495; x_wconf 91' lang='lat' dir='ltr'><strong>iis</strong></span> <span class='ocrx_word' id='word_1_159' title='bbox 816 2455 934 2510; x_wconf 65' lang='lat' dir='ltr'><strong>quae</strong></span> <span class='ocrx_word' id='word_1_160' title='bbox 962 2455 1130 2509; x_wconf 88' lang='lat' dir='ltr'><strong>nuper</strong></span> <span class='ocrx_word' id='word_1_161' title='bbox 1158 2438 1386 2494; x_wconf 70' lang='lat' dir='ltr'><strong>diximus</strong></span> <span class='ocrx_word' id='word_1_162' title='bbox 1416 2436 1712 2492; x_wconf 88' lang='lat' dir='ltr'><strong>doctrinam</strong></span> <span class='ocrx_word' id='word_1_163' title='bbox 1739 2449 1833 2489; x_wconf 88' lang='lat' dir='ltr'><strong>vo-</strong></span> 
     </span>
    </p>
   </div>
   <div class='ocr_carea' id='block_1_24' title="bbox 243 2529 1825 2603">
    <p class='ocr_par' dir='ltr' id='par_1_24' title="bbox 243 2529 1825 2603">
     <span class='ocr_line' id='line_1_24' title="bbox 243 2529 1825 2603; baseline -0.005 -15"><span class='ocrx_word' id='word_1_164' title='bbox 243 2534 325 2588; x_wconf 86' lang='lat' dir='ltr'><strong>bis</strong></span> <span class='ocrx_word' id='word_1_165' title='bbox 352 2534 569 2589; x_wconf 71' lang='lat' dir='ltr'><strong>aﬂ‘eram</strong></span> <span class='ocrx_word' id='word_1_166' title='bbox 600 2552 613 2587; x_wconf 89' lang='lat'><strong>:</strong></span> <span class='ocrx_word' id='word_1_167' title='bbox 642 2544 701 2588; x_wconf 90' lang='lat' dir='ltr'><strong>ut</strong></span> <span class='ocrx_word' id='word_1_168' title='bbox 730 2543 908 2587; x_wconf 90' lang='lat' dir='ltr'><strong>autem</strong></span> <span class='ocrx_word' id='word_1_169' title='bbox 936 2532 1138 2603; x_wconf 89' lang='lat' dir='ltr'><strong>liquido</strong></span> <span class='ocrx_word' id='word_1_170' title='bbox 1183 2531 1361 2586; x_wconf 85' lang='lat' dir='ltr'><strong>sciatis</strong></span> <span class='ocrx_word' id='word_1_171' title='bbox 1392 2529 1481 2583; x_wconf 91' lang='lat' dir='ltr'><strong>ubi</strong></span> <span class='ocrx_word' id='word_1_172' title='bbox 1510 2544 1679 2599; x_wconf 88' lang='lat' dir='ltr'><strong>nuper</strong></span> <span class='ocrx_word' id='word_1_173' title='bbox 1708 2542 1825 2581; x_wconf 83' lang='lat' dir='ltr'><strong>ser-</strong></span> 
     </span>
    </p>
   </div>
   <div class='ocr_carea' id='block_1_25' title="bbox 245 2619 1833 2688">
    <p class='ocr_par' dir='ltr' id='par_1_25' title="bbox 245 2619 1833 2688">
     <span class='ocr_line' id='line_1_25' title="bbox 245 2619 1833 2688; baseline -0.002 -10"><span class='ocrx_word' id='word_1_174' title='bbox 245 2641 458 2679; x_wconf 82' lang='lat' dir='ltr'><strong>nionem</strong></span> <span class='ocrx_word' id='word_1_175' title='bbox 488 2629 706 2679; x_wconf 88' lang='lat' dir='ltr'><strong>missum</strong></span> <span class='ocrx_word' id='word_1_176' title='bbox 735 2624 1039 2688; x_wconf 81' lang='lat' dir='ltr'><strong>fecerimus,</strong></span> <span class='ocrx_word' id='word_1_177' title='bbox 1058 2632 1112 2677; x_wconf 87' lang='lat' dir='ltr'><strong>et</strong></span> <span class='ocrx_word' id='word_1_178' title='bbox 1138 2622 1276 2677; x_wconf 89' lang='lat' dir='ltr'><strong>unde</strong></span> <span class='ocrx_word' id='word_1_179' title='bbox 1298 2620 1458 2677; x_wconf 88' lang='lat' dir='ltr'><strong>hodie</strong></span> <span class='ocrx_word' id='word_1_180' title='bbox 1479 2619 1833 2676; x_wconf 86' lang='lat' dir='ltr'><strong>resumendus</strong></span> 
     </span>
    </p>
   </div>
   <div class='ocr_carea' id='block_1_26' title="bbox 243 2713 1831 2787">
    <p class='ocr_par' dir='ltr' id='par_1_26' title="bbox 243 2713 1831 2787">
     <span class='ocr_line' id='line_1_26' title="bbox 243 2713 1831 2787; baseline -0.003 -16"><span class='ocrx_word' id='word_1_181' title='bbox 243 2719 332 2781; x_wconf 86' lang='lat' dir='ltr'><strong>sit,</strong></span> <span class='ocrx_word' id='word_1_182' title='bbox 361 2733 422 2771; x_wconf 88' lang='lat' dir='ltr'><strong>ea</strong></span> <span class='ocrx_word' id='word_1_183' title='bbox 454 2734 571 2786; x_wconf 71' lang='lat' dir='ltr'><strong>qum</strong></span> <span class='ocrx_word' id='word_1_184' title='bbox 600 2733 757 2787; x_wconf 89' lang='lat' dir='ltr'><strong>supra</strong></span> <span class='ocrx_word' id='word_1_185' title='bbox 797 2717 939 2771; x_wconf 88' lang='lat' dir='ltr'><strong>dicta</strong></span> <span class='ocrx_word' id='word_1_186' title='bbox 982 2724 1125 2782; x_wconf 89' lang='lat' dir='ltr'><strong>sunt,</strong></span> <span class='ocrx_word' id='word_1_187' title='bbox 1152 2723 1348 2770; x_wconf 67' lang='lat' dir='ltr'><strong>vestra:</strong></span> <span class='ocrx_word' id='word_1_188' title='bbox 1374 2713 1579 2768; x_wconf 87' lang='lat' dir='ltr'><strong>caritati</strong></span> <span class='ocrx_word' id='word_1_189' title='bbox 1628 2713 1680 2768; x_wconf 91' lang='lat' dir='ltr'><strong>in</strong></span> <span class='ocrx_word' id='word_1_190' title='bbox 1714 2729 1831 2768; x_wconf 90' lang='lat' dir='ltr'><strong>me-</strong></span> 
     </span>
    </p>
   </div>
   <div class='ocr_carea' id='block_1_27' title="bbox 243 2804 1829 2879">
    <p class='ocr_par' dir='ltr' id='par_1_27' title="bbox 243 2804 1829 2879">
     <span class='ocr_line' id='line_1_27' title="bbox 243 2804 1829 2879; baseline -0.003 -17"><span class='ocrx_word' id='word_1_191' title='bbox 243 2811 466 2862; x_wconf 88' lang='lat' dir='ltr'><strong>moriam</strong></span> <span class='ocrx_word' id='word_1_192' title='bbox 500 2807 701 2863; x_wconf 87' lang='lat' dir='ltr'><strong>referre</strong></span> <span class='ocrx_word' id='word_1_193' title='bbox 741 2823 919 2879; x_wconf 72' lang='lat' dir='ltr'><strong>Operm</strong></span> <span class='ocrx_word' id='word_1_194' title='bbox 951 2807 1176 2876; x_wconf 87' lang='lat' dir='ltr'><strong>pretium</strong></span> <span class='ocrx_word' id='word_1_195' title='bbox 1217 2804 1396 2860; x_wconf 84' lang='lat' dir='ltr'><strong>fuerit.</strong></span> <span class='ocrx_word' id='word_1_196' title='bbox 1429 2804 1663 2860; x_wconf 81' lang='lat' dir='ltr'><strong>Tametsi</strong></span> <span class='ocrx_word' id='word_1_197' title='bbox 1689 2805 1829 2859; x_wconf 92' lang='lat' dir='ltr'><strong>enim</strong></span> 
     </span>
    </p>
   </div>
   <div class='ocr_carea' id='block_1_28' title="bbox 243 2896 1829 2971">
    <p class='ocr_par' dir='ltr' id='par_1_28' title="bbox 243 2896 1829 2971">
     <span class='ocr_line' id='line_1_28' title="bbox 243 2896 1829 2971; baseline 0.001 -22"><span class='ocrx_word' id='word_1_198' title='bbox 243 2914 359 2966; x_wconf 86' lang='lat' dir='ltr'><strong>vos,</strong></span> <span class='ocrx_word' id='word_1_199' title='bbox 391 2901 511 2971; x_wconf 87' lang='lat' dir='ltr'><strong>quia</strong></span> <span class='ocrx_word' id='word_1_200' title='bbox 537 2901 718 2955; x_wconf 88' lang='lat' dir='ltr'><strong>multis</strong></span> <span class='ocrx_word' id='word_1_201' title='bbox 745 2901 887 2955; x_wconf 90' lang='lat' dir='ltr'><strong>curis</strong></span> <span class='ocrx_word' id='word_1_202' title='bbox 908 2899 1287 2964; x_wconf 86' lang='lat' dir='ltr'><strong>distrahimini,</strong></span> <span class='ocrx_word' id='word_1_203' title='bbox 1312 2914 1495 2954; x_wconf 87' lang='lat' dir='ltr'><strong>eorum</strong></span> <span class='ocrx_word' id='word_1_204' title='bbox 1522 2896 1659 2952; x_wconf 84' lang='lat' dir='ltr'><strong>forte</strong></span> <span class='ocrx_word' id='word_1_205' title='bbox 1680 2898 1829 2953; x_wconf 84' lang='lat' dir='ltr'><strong>obliti</strong></span> 
     </span>
    </p>
   </div>
   <div class='ocr_carea' id='block_1_29' title="bbox 243 2989 1828 3053">
    <p class='ocr_par' dir='ltr' id='par_1_29' title="bbox 243 2989 1828 3053">
     <span class='ocr_line' id='line_1_29' title="bbox 243 2989 1828 3053; baseline -0.003 -7"><span class='ocrx_word' id='word_1_206' title='bbox 243 2995 395 3053; x_wconf 69' lang='lat' dir='ltr'><strong>esus.</strong></span> <span class='ocrx_word' id='word_1_207' title='bbox 429 2992 521 3048; x_wconf 87' lang='lat' dir='ltr'><strong>scd</strong></span> <span class='ocrx_word' id='word_1_208' title='bbox 572 3008 749 3047; x_wconf 90' lang='lat' dir='ltr'><strong>meum</strong></span> <span class='ocrx_word' id='word_1_209' title='bbox 781 3001 862 3047; x_wconf 71' lang='lat' dir='ltr'><strong>est</strong></span> <span class='ocrx_word' id='word_1_210' title='bbox 890 3001 945 3045; x_wconf 90' lang='lat' dir='ltr'><strong>ut</strong></span> <span class='ocrx_word' id='word_1_211' title='bbox 975 2994 1025 3045; x_wconf 92' lang='lat' dir='ltr'><strong>in</strong></span> <span class='ocrx_word' id='word_1_212' title='bbox 1056 2991 1367 3045; x_wconf 90' lang='lat' dir='ltr'><strong>memoriam</strong></span> <span class='ocrx_word' id='word_1_213' title='bbox 1395 2990 1545 3045; x_wconf 84' lang='lat' dir='ltr'><strong>vobis</strong></span> <span class='ocrx_word' id='word_1_214' title='bbox 1578 2989 1828 3044; x_wconf 89' lang='lat' dir='ltr'><strong>reducam</strong></span> 
     </span>
    </p>
   </div>
   <div class='ocr_carea' id='block_1_30' title="bbox 241 3080 1829 3152">
    <p class='ocr_par' dir='ltr' id='par_1_30' title="bbox 241 3080 1829 3152">
     <span class='ocr_line' id='line_1_30' title="bbox 241 3080 1829 3152; baseline -0.001 -15"><span class='ocrx_word' id='word_1_215' title='bbox 241 3097 326 3147; x_wconf 87' lang='lat' dir='ltr'><strong>ea,</strong></span> <span class='ocrx_word' id='word_1_216' title='bbox 359 3099 463 3152; x_wconf 92' lang='lat' dir='ltr'><strong>quo</strong></span> <span class='ocrx_word' id='word_1_217' title='bbox 508 3099 686 3138; x_wconf 88' lang='lat' dir='ltr'><strong>sermo</strong></span> <span class='ocrx_word' id='word_1_218' title='bbox 714 3083 872 3138; x_wconf 83' lang='lat' dir='ltr'><strong>hodie</strong></span> <span class='ocrx_word' id='word_1_219' title='bbox 901 3082 1158 3137; x_wconf 90' lang='lat' dir='ltr'><strong>dicendus</strong></span> <span class='ocrx_word' id='word_1_220' title='bbox 1187 3081 1518 3137; x_wconf 86' lang='lat' dir='ltr'><strong>manifestior</strong></span> <span class='ocrx_word' id='word_1_221' title='bbox 1548 3080 1701 3135; x_wconf 86' lang='lat' dir='ltr'><strong>vobis</strong></span> <span class='ocrx_word' id='word_1_222' title='bbox 1738 3082 1829 3137; x_wconf 83' lang='lat' dir='ltr'><strong>sit.</strong></span> 
     </span>
    </p>
   </div>
   <div class='ocr_carea' id='block_1_31' title="bbox 243 3174 1826 3244">
    <p class='ocr_par' dir='ltr' id='par_1_31' title="bbox 243 3174 1826 3244">
     <span class='ocr_line' id='line_1_31' title="bbox 243 3174 1826 3244; baseline -0.003 -14"><span class='ocrx_word' id='word_1_223' title='bbox 243 3175 403 3230; x_wconf 84' lang='lat' dir='ltr'><strong>Scitis</strong></span> <span class='ocrx_word' id='word_1_224' title='bbox 434 3174 575 3228; x_wconf 88' lang='lat' dir='ltr'><strong>enim</strong></span> <span class='ocrx_word' id='word_1_225' title='bbox 604 3190 703 3229; x_wconf 90' lang='lat' dir='ltr'><strong>nos</strong></span> <span class='ocrx_word' id='word_1_226' title='bbox 735 3190 903 3243; x_wconf 81' lang='lat' dir='ltr'><strong>nuper</strong></span> <span class='ocrx_word' id='word_1_227' title='bbox 934 3174 1188 3229; x_wconf 65' lang='lat' dir='ltr'><strong>Rebeccae</strong></span> <span class='ocrx_word' id='word_1_228' title='bbox 1217 3174 1468 3244; x_wconf 89' lang='lat' dir='ltr'><strong>pietatem</strong></span> <span class='ocrx_word' id='word_1_229' title='bbox 1496 3181 1826 3236; x_wconf 82' lang='lat' dir='ltr'><strong>enarranles,</strong></span> 
     </span>
    </p>
   </div>
   <div class='ocr_carea' id='block_1_32' title="bbox 242 3265 1832 3329">
    <p class='ocr_par' dir='ltr' id='par_1_32' title="bbox 242 3265 1832 3329">
     <span class='ocr_line' id='line_1_32' title="bbox 242 3265 1832 3329; baseline -0.002 -10"><span class='ocrx_word' id='word_1_230' title='bbox 242 3265 369 3320; x_wconf 90' lang='lat' dir='ltr'><strong>inde</strong></span> <span class='ocrx_word' id='word_1_231' title='bbox 407 3265 473 3319; x_wconf 93' lang='lat' dir='ltr'><strong>ad</strong></span> <span class='ocrx_word' id='word_1_232' title='bbox 522 3266 661 3320; x_wconf 74' lang='lat' dir='ltr'><strong>Esau</strong></span> <span class='ocrx_word' id='word_1_233' title='bbox 691 3275 745 3320; x_wconf 89' lang='lat' dir='ltr'><strong>et</strong></span> <span class='ocrx_word' id='word_1_234' title='bbox 786 3266 950 3319; x_wconf 84' lang='lat' dir='ltr'><strong>Jacob</strong></span> <span class='ocrx_word' id='word_1_235' title='bbox 987 3265 1291 3329; x_wconf 79' lang='lat' dir='ltr'><strong>devenisse,</strong></span> <span class='ocrx_word' id='word_1_236' title='bbox 1324 3265 1409 3318; x_wconf 86' lang='lat' dir='ltr'><strong>tibi</strong></span> <span class='ocrx_word' id='word_1_237' title='bbox 1442 3274 1709 3318; x_wconf 88' lang='lat' dir='ltr'><strong>narratum</strong></span> <span class='ocrx_word' id='word_1_238' title='bbox 1749 3274 1832 3317; x_wconf 83' lang='lat' dir='ltr'><strong>est</strong></span> 
     </span>
    </p>
   </div>
   <div class='ocr_carea' id='block_1_33' title="bbox 243 3355 1829 3425">
    <p class='ocr_par' dir='ltr' id='par_1_33' title="bbox 243 3355 1829 3425">
     <span class='ocr_line' id='line_1_33' title="bbox 243 3355 1829 3425; baseline 0 -15"><span class='ocrx_word' id='word_1_239' title='bbox 243 3355 385 3411; x_wconf 73' lang='lat' dir='ltr'><strong>Esau</strong></span> <span class='ocrx_word' id='word_1_240' title='bbox 420 3356 787 3425; x_wconf 82' lang='lat' dir='ltr'><strong>primogenita,</strong></span> <span class='ocrx_word' id='word_1_241' title='bbox 832 3363 889 3409; x_wconf 87' lang='lat' dir='ltr'><strong>ut</strong></span> <span class='ocrx_word' id='word_1_242' title='bbox 929 3355 1048 3410; x_wconf 92' lang='lat' dir='ltr'><strong>cibo</strong></span> <span class='ocrx_word' id='word_1_243' title='bbox 1081 3355 1368 3418; x_wconf 86' lang='lat' dir='ltr'><strong>frueretur,</strong></span> <span class='ocrx_word' id='word_1_244' title='bbox 1399 3355 1600 3409; x_wconf 86' lang='lat' dir='ltr'><strong>Jacobo</strong></span> <span class='ocrx_word' id='word_1_245' title='bbox 1639 3356 1829 3409; x_wconf 87' lang='lat' dir='ltr'><strong>vendi-</strong></span> 
     </span>
    </p>
   </div>
   <div class='ocr_carea' id='block_1_34' title="bbox 242 3445 1827 3521">
    <p class='ocr_par' dir='ltr' id='par_1_34' title="bbox 242 3445 1827 3521">
     <span class='ocr_line' id='line_1_34' title="bbox 242 3445 1827 3521; baseline 0 -21"><span class='ocrx_word' id='word_1_246' title='bbox 242 3447 403 3511; x_wconf 88' lang='lat' dir='ltr'><strong>disse,</strong></span> <span class='ocrx_word' id='word_1_247' title='bbox 423 3457 475 3501; x_wconf 90' lang='lat' dir='ltr'><strong>et</strong></span> <span class='ocrx_word' id='word_1_248' title='bbox 494 3456 713 3521; x_wconf 78' lang='lat' dir='ltr'><strong>propter</strong></span> <span class='ocrx_word' id='word_1_249' title='bbox 735 3446 836 3500; x_wconf 91' lang='lat' dir='ltr'><strong>cibi</strong></span> <span class='ocrx_word' id='word_1_250' title='bbox 865 3445 1202 3515; x_wconf 88' lang='lat' dir='ltr'><strong>cupiditatem</strong></span> <span class='ocrx_word' id='word_1_251' title='bbox 1230 3446 1572 3515; x_wconf 90' lang='lat' dir='ltr'><strong>semetipsum</strong></span> <span class='ocrx_word' id='word_1_252' title='bbox 1602 3461 1700 3500; x_wconf 92' lang='lat' dir='ltr'><strong>suo</strong></span> <span class='ocrx_word' id='word_1_253' title='bbox 1732 3448 1827 3501; x_wconf 87' lang='lat' dir='ltr'><strong>lto-</strong></span> 
     </span>
    </p>
   </div>
   <div class='ocr_carea' id='block_1_35' title="bbox 242 3536 1828 3606">
    <p class='ocr_par' dir='ltr' id='par_1_35' title="bbox 242 3536 1828 3606">
     <span class='ocr_line' id='line_1_35' title="bbox 242 3536 1828 3606; baseline 0.001 -14"><span class='ocrx_word' id='word_1_254' title='bbox 242 3554 373 3592; x_wconf 88' lang='lat' dir='ltr'><strong>nore</strong></span> <span class='ocrx_word' id='word_1_255' title='bbox 423 3537 676 3606; x_wconf 77' lang='lat' dir='ltr'><strong>privasse.</strong></span> <span class='ocrx_word' id='word_1_256' title='bbox 712 3537 824 3592; x_wconf 86' lang='lat' dir='ltr'><strong>IIoc</strong></span> <span class='ocrx_word' id='word_1_257' title='bbox 867 3548 1044 3593; x_wconf 90' lang='lat' dir='ltr'><strong>autem</strong></span> <span class='ocrx_word' id='word_1_258' title='bbox 1086 3553 1190 3592; x_wconf 89' lang='lat' dir='ltr'><strong>non</strong></span> <span class='ocrx_word' id='word_1_259' title='bbox 1238 3546 1440 3593; x_wconf 77' lang='lat' dir='ltr'><strong>temere</strong></span> <span class='ocrx_word' id='word_1_260' title='bbox 1486 3536 1707 3605; x_wconf 86' lang='lat' dir='ltr'><strong>factum,</strong></span> <span class='ocrx_word' id='word_1_261' title='bbox 1736 3539 1828 3593; x_wconf 83' lang='lat' dir='ltr'><strong>sed</strong></span> 
     </span>
    </p>
   </div>
   <div class='ocr_carea' id='block_1_36' title="bbox 243 3630 1826 3703">
    <p class='ocr_par' dir='ltr' id='par_1_36' title="bbox 243 3630 1826 3703">
     <span class='ocr_line' id='line_1_36' title="bbox 243 3630 1826 3703; baseline 0.001 -18"><span class='ocrx_word' id='word_1_262' title='bbox 243 3641 298 3686; x_wconf 85' lang='lat' dir='ltr'><strong>tit</strong></span> <span class='ocrx_word' id='word_1_263' title='bbox 342 3632 616 3703; x_wconf 62' lang='lat' dir='ltr'><strong>prolihetia</strong></span> <span class='ocrx_word' id='word_1_264' title='bbox 662 3632 1044 3702; x_wconf 88' lang='lat' dir='ltr'><strong>compleretur,</strong></span> <span class='ocrx_word' id='word_1_265' title='bbox 1082 3647 1201 3702; x_wconf 74' lang='lat' dir='ltr'><strong>qua:</strong></span> <span class='ocrx_word' id='word_1_266' title='bbox 1239 3630 1368 3686; x_wconf 85' lang='lat' dir='ltr'><strong>dicit</strong></span> <span class='ocrx_word' id='word_1_267' title='bbox 1400 3647 1413 3685; x_wconf 90' lang='lat'>:</span> <span class='ocrx_word' id='word_1_268' title='bbox 1443 3631 1604 3685; x_wconf 86' lang='lat' dir='ltr'><strong>Jacob</strong></span> <span class='ocrx_word' id='word_1_269' title='bbox 1633 3632 1826 3697; x_wconf 76' lang='lat' dir='ltr'><strong>dilexi,</strong></span> 
     </span>
    </p>
   </div>
   <div class='ocr_carea' id='block_1_37' title="bbox 244 3722 1828 3795">
    <p class='ocr_par' dir='ltr' id='par_1_37' title="bbox 244 3722 1828 3795">
     <span class='ocr_line' id='line_1_37' title="bbox 244 3722 1828 3795; baseline 0.001 -18"><span class='ocrx_word' id='word_1_270' title='bbox 244 3725 384 3777; x_wconf 69' lang='lat' dir='ltr'><strong>Esau</strong></span> <span class='ocrx_word' id='word_1_271' title='bbox 410 3735 575 3776; x_wconf 86' lang='lat' dir='ltr'><strong>autem</strong></span> <span class='ocrx_word' id='word_1_272' title='bbox 619 3725 735 3777; x_wconf 84' lang='lat' dir='ltr'><strong>odio</strong></span> <span class='ocrx_word' id='word_1_273' title='bbox 766 3723 918 3776; x_wconf 81' lang='lat' dir='ltr'><strong>habui</strong></span> <span class='ocrx_word' id='word_1_274' title='bbox 963 3722 1215 3795; x_wconf 80' lang='lat' dir='ltr'><strong>(Malaclt.</strong></span> <span class='ocrx_word' id='word_1_275' title='bbox 1262 3724 1312 3777; x_wconf 90' lang='grc'><strong>1.</strong></span> <span class='ocrx_word' id='word_1_276' title='bbox 1355 3722 1409 3776; x_wconf 73' lang='grc'><strong>2.</strong></span> <span class='ocrx_word' id='word_1_277' title='bbox 1441 3723 1515 3793; x_wconf 78' lang='grc'><strong>5).</strong></span> <span class='ocrx_word' id='word_1_278' title='bbox 1548 3722 1678 3777; x_wconf 88' lang='lat' dir='ltr'><strong>Nam</strong></span> <span class='ocrx_word' id='word_1_279' title='bbox 1706 3740 1828 3779; x_wconf 86' lang='lat' dir='ltr'><strong>cum</strong></span> 
     </span>
    </p>
   </div>
   <div class='ocr_carea' id='block_1_38' title="bbox 244 3814 1832 3886">
    <p class='ocr_par' dir='ltr' id='par_1_38' title="bbox 244 3814 1832 3886">
     <span class='ocr_line' id='line_1_38' title="bbox 244 3814 1832 3886; baseline -0.001 -15"><span class='ocrx_word' id='word_1_280' title='bbox 244 3819 385 3872; x_wconf 85' lang='lat' dir='ltr'><strong>Deus</strong></span> <span class='ocrx_word' id='word_1_281' title='bbox 415 3818 709 3871; x_wconf 80' lang='lat' dir='ltr'><strong>futurorum</strong></span> <span class='ocrx_word' id='word_1_282' title='bbox 738 3817 807 3870; x_wconf 90' lang='lat' dir='ltr'><strong>sit</strong></span> <span class='ocrx_word' id='word_1_283' title='bbox 838 3818 1113 3886; x_wconf 69' lang='lat' dir='ltr'><strong>praescius,</strong></span> <span class='ocrx_word' id='word_1_284' title='bbox 1145 3814 1386 3886; x_wconf 64' lang='lat' dir='ltr'><strong>praedixit</strong></span> <span class='ocrx_word' id='word_1_285' title='bbox 1414 3825 1469 3871; x_wconf 89' lang='lat' dir='ltr'><strong>et</strong></span> <span class='ocrx_word' id='word_1_286' title='bbox 1498 3816 1636 3871; x_wconf 89' lang='lat' dir='ltr'><strong>illius</strong></span> <span class='ocrx_word' id='word_1_287' title='bbox 1666 3818 1832 3871; x_wconf 88' lang='lat' dir='ltr'><strong>virtu-</strong></span> 
     </span>
    </p>
   </div>
   <div class='ocr_carea' id='block_1_39' title="bbox 244 3908 1832 3983">
    <p class='ocr_par' dir='ltr' id='par_1_39' title="bbox 244 3908 1832 3983">
     <span class='ocr_line' id='line_1_39' title="bbox 244 3908 1832 3983; baseline -0.001 -20"><span class='ocrx_word' id='word_1_288' title='bbox 244 3920 372 3977; x_wconf 91' lang='lat' dir='ltr'><strong>tem,</strong></span> <span class='ocrx_word' id='word_1_289' title='bbox 403 3919 457 3964; x_wconf 88' lang='lat' dir='ltr'><strong>et</strong></span> <span class='ocrx_word' id='word_1_290' title='bbox 483 3909 639 3978; x_wconf 90' lang='lat' dir='ltr'><strong>hujus</strong></span> <span class='ocrx_word' id='word_1_291' title='bbox 676 3908 837 3962; x_wconf 88' lang='lat' dir='ltr'><strong>animi</strong></span> <span class='ocrx_word' id='word_1_292' title='bbox 867 3908 1175 3975; x_wconf 83' lang='lat' dir='ltr'><strong>nequitiam.</strong></span> <span class='ocrx_word' id='word_1_293' title='bbox 1219 3908 1472 3973; x_wconf 59' lang='lat' dir='ltr'><strong>Quasnam</strong></span> <span class='ocrx_word' id='word_1_294' title='bbox 1503 3916 1679 3983; x_wconf 89' lang='lat' dir='ltr'><strong>autem</strong></span> <span class='ocrx_word' id='word_1_295' title='bbox 1709 3917 1832 3962; x_wconf 85' lang='lat' dir='ltr'><strong>sunt</strong></span> 
     </span>
    </p>
   </div>
   <div class='ocr_carea' id='block_1_40' title="bbox 242 4001 1827 4079">
    <p class='ocr_par' dir='ltr' id='par_1_40' title="bbox 242 4001 1827 4079">
     <span class='ocr_line' id='line_1_40' title="bbox 242 4001 1827 4079; baseline -0.001 -23"><span class='ocrx_word' id='word_1_296' title='bbox 242 4002 345 4057; x_wconf 81' lang='lat' dir='ltr'><strong>ilhc</strong></span> <span class='ocrx_word' id='word_1_297' title='bbox 393 4001 865 4073; x_wconf 67' lang='lat' dir='ltr'><strong>primogenitum?</strong></span> <span class='ocrx_word' id='word_1_298' title='bbox 906 4001 1087 4070; x_wconf 83' lang='lat' dir='ltr'><strong>Igitur,</strong></span> <span class='ocrx_word' id='word_1_299' title='bbox 1137 4001 1259 4070; x_wconf 87' lang='lat' dir='ltr'><strong>quia</strong></span> <span class='ocrx_word' id='word_1_300' title='bbox 1306 4009 1431 4055; x_wconf 92' lang='lat' dir='ltr'><strong>tunc</strong></span> <span class='ocrx_word' id='word_1_301' title='bbox 1473 4009 1681 4079; x_wconf 85' lang='lat' dir='ltr'><strong>tempus</strong></span> <span class='ocrx_word' id='word_1_302' title='bbox 1724 4016 1827 4055; x_wconf 89' lang='lat' dir='ltr'><strong>non</strong></span> 
     </span>
    </p>
   </div>
   <div class='ocr_carea' id='block_1_41' title="bbox 246 4090 1834 4163">
    <p class='ocr_par' dir='ltr' id='par_1_41' title="bbox 246 4090 1834 4163">
     <span class='ocr_line' id='line_1_41' title="bbox 246 4090 1834 4163; baseline 0.001 -18"><span class='ocrx_word' id='word_1_303' title='bbox 246 4093 587 4163; x_wconf 75' lang='lat' dir='ltr'><strong>permittebat</strong></span> <span class='ocrx_word' id='word_1_304' title='bbox 627 4092 836 4147; x_wconf 87' lang='lat' dir='ltr'><strong>caritati</strong></span> <span class='ocrx_word' id='word_1_305' title='bbox 864 4101 1055 4146; x_wconf 61' lang='lat' dir='ltr'><strong>vestrae</strong></span> <span class='ocrx_word' id='word_1_306' title='bbox 1099 4090 1299 4154; x_wconf 86' lang='lat' dir='ltr'><strong>dicere,</strong></span> <span class='ocrx_word' id='word_1_307' title='bbox 1326 4107 1468 4147; x_wconf 89' lang='lat' dir='ltr'><strong>nunc</strong></span> <span class='ocrx_word' id='word_1_308' title='bbox 1491 4107 1712 4147; x_wconf 86' lang='lat' dir='ltr'><strong>necesse</strong></span> <span class='ocrx_word' id='word_1_309' title='bbox 1751 4103 1834 4147; x_wconf 79' lang='lat' dir='ltr'><strong>est</strong></span> 
     </span>
    </p>
   </div>
   <div class='ocr_carea' id='block_1_42' title="bbox 243 4182 1832 4255">
    <p class='ocr_par' dir='ltr' id='par_1_42' title="bbox 243 4182 1832 4255">
     <span class='ocr_line' id='line_1_42' title="bbox 243 4182 1832 4255; baseline 0 -16"><span class='ocrx_word' id='word_1_310' title='bbox 243 4194 297 4239; x_wconf 87' lang='lat' dir='ltr'><strong>ut</strong></span> <span class='ocrx_word' id='word_1_311' title='bbox 323 4185 562 4239; x_wconf 88' lang='lat' dir='ltr'><strong>doceam.</strong></span> <span class='ocrx_word' id='word_1_312' title='bbox 595 4183 746 4253; x_wconf 87' lang='lat' dir='ltr'><strong>Apud</strong></span> <span class='ocrx_word' id='word_1_313' title='bbox 787 4192 998 4238; x_wconf 90' lang='lat' dir='ltr'><strong>veteres</strong></span> <span class='ocrx_word' id='word_1_314' title='bbox 1024 4197 1264 4236; x_wconf 89' lang='lat' dir='ltr'><strong>summus</strong></span> <span class='ocrx_word' id='word_1_315' title='bbox 1295 4182 1466 4237; x_wconf 90' lang='lat' dir='ltr'><strong>honor</strong></span> <span class='ocrx_word' id='word_1_316' title='bbox 1489 4192 1605 4239; x_wconf 89' lang='lat' dir='ltr'><strong>erat</strong></span> <span class='ocrx_word' id='word_1_317' title='bbox 1633 4185 1832 4255; x_wconf 89' lang='lat' dir='ltr'><strong>primo-</strong></span> 
     </span>
    </p>
   </div>
   <div class='ocr_carea' id='block_1_43' title="bbox 242 4275 1830 4348">
    <p class='ocr_par' dir='ltr' id='par_1_43' title="bbox 242 4275 1830 4348">
     <span class='ocr_line' id='line_1_43' title="bbox 242 4275 1830 4348; baseline 0.001 -16"><span class='ocrx_word' id='word_1_318' title='bbox 242 4277 503 4348; x_wconf 72' lang='lat' dir='ltr'><strong>genitum</strong></span> <span class='ocrx_word' id='word_1_319' title='bbox 535 4295 546 4329; x_wconf 93' lang='lat'>:</span> <span class='ocrx_word' id='word_1_320' title='bbox 578 4275 702 4331; x_wconf 88' lang='lat' dir='ltr'><strong>hinc</strong></span> <span class='ocrx_word' id='word_1_321' title='bbox 748 4285 924 4330; x_wconf 90' lang='lat' dir='ltr'><strong>autem</strong></span> <span class='ocrx_word' id='word_1_322' title='bbox 974 4275 1193 4331; x_wconf 90' lang='lat' dir='ltr'><strong>honoris</strong></span> <span class='ocrx_word' id='word_1_323' title='bbox 1240 4290 1453 4332; x_wconf 84' lang='lat' dir='ltr'><strong>causam</strong></span> <span class='ocrx_word' id='word_1_324' title='bbox 1493 4288 1547 4333; x_wconf 92' lang='lat' dir='ltr'><strong>et</strong></span> <span class='ocrx_word' id='word_1_325' title='bbox 1574 4278 1830 4348; x_wconf 81' lang='lat' dir='ltr'><strong>originem</strong></span> 
     </span>
    </p>
   </div>
   <div class='ocr_carea' id='block_1_44' title="bbox 246 4371 1833 4445">
    <p class='ocr_par' dir='ltr' id='par_1_44' title="bbox 246 4371 1833 4445">
     <span class='ocr_line' id='line_1_44' title="bbox 246 4371 1833 4445; baseline 0 -17"><span class='ocrx_word' id='word_1_326' title='bbox 246 4375 451 4428; x_wconf 88' lang='lat' dir='ltr'><strong>habuit.</strong></span> <span class='ocrx_word' id='word_1_327' title='bbox 483 4372 612 4428; x_wconf 91' lang='lat' dir='ltr'><strong>Cum</strong></span> <span class='ocrx_word' id='word_1_328' title='bbox 661 4374 801 4427; x_wconf 91' lang='lat' dir='ltr'><strong>Deus</strong></span> <span class='ocrx_word' id='word_1_329' title='bbox 831 4371 1190 4428; x_wconf 87' lang='lat' dir='ltr'><strong>Israelitarum</strong></span> <span class='ocrx_word' id='word_1_330' title='bbox 1216 4381 1430 4441; x_wconf 83' lang='lat' dir='ltr'><strong>gentem</strong></span> <span class='ocrx_word' id='word_1_331' title='bbox 1475 4372 1544 4427; x_wconf 90' lang='lat' dir='ltr'><strong>ab</strong></span> <span class='ocrx_word' id='word_1_332' title='bbox 1577 4373 1833 4445; x_wconf 63' lang='lat' dir='ltr'><strong>Egyptio</strong></span> 
     </span>
    </p>
   </div>
   <div class='ocr_carea' id='block_1_45' title="bbox 244 4464 1830 4535">
    <p class='ocr_par' dir='ltr' id='par_1_45' title="bbox 244 4464 1830 4535">
     <span class='ocr_line' id='line_1_45' title="bbox 244 4464 1830 4535; baseline 0.001 -16"><span class='ocrx_word' id='word_1_333' title='bbox 244 4466 494 4528; x_wconf 88' lang='lat' dir='ltr'><strong>liberare,</strong></span> <span class='ocrx_word' id='word_1_334' title='bbox 521 4474 574 4519; x_wconf 90' lang='lat' dir='ltr'><strong>et</strong></span> <span class='ocrx_word' id='word_1_335' title='bbox 619 4464 909 4519; x_wconf 88' lang='lat' dir='ltr'><strong>secundum</strong></span> <span class='ocrx_word' id='word_1_336' title='bbox 961 4465 1364 4535; x_wconf 86' lang='lat' dir='ltr'><strong>promissionem</strong></span> <span class='ocrx_word' id='word_1_337' title='bbox 1398 4466 1718 4535; x_wconf 86' lang='lat' dir='ltr'><strong>patriarchae</strong></span> <span class='ocrx_word' id='word_1_338' title='bbox 1750 4464 1830 4521; x_wconf 84' lang='lat' dir='ltr'><strong>fa-</strong></span> 
     </span>
    </p>
   </div>
   <div class='ocr_carea' id='block_1_46' title="bbox 241 4557 1833 4630">
    <p class='ocr_par' dir='ltr' id='par_1_46' title="bbox 241 4557 1833 4630">
     <span class='ocr_line' id='line_1_46' title="bbox 241 4557 1833 4630; baseline 0.001 -17"><span class='ocrx_word' id='word_1_339' title='bbox 241 4570 383 4614; x_wconf 89' lang='lat' dir='ltr'><strong>ctam</strong></span> <span class='ocrx_word' id='word_1_340' title='bbox 409 4573 437 4612; x_wconf 93' lang='lat' dir='ltr'><strong>a</strong></span> <span class='ocrx_word' id='word_1_341' title='bbox 463 4557 743 4630; x_wconf 80' lang='lat' dir='ltr'><strong>tyrannide</strong></span> <span class='ocrx_word' id='word_1_342' title='bbox 770 4557 1061 4612; x_wconf 83' lang='lat' dir='ltr'><strong>Pharaonis</strong></span> <span class='ocrx_word' id='word_1_343' title='bbox 1086 4558 1294 4628; x_wconf 86' lang='lat' dir='ltr'><strong>eripere</strong></span> <span class='ocrx_word' id='word_1_344' title='bbox 1315 4558 1498 4624; x_wconf 87' lang='lat' dir='ltr'><strong>vellet,</strong></span> <span class='ocrx_word' id='word_1_345' title='bbox 1521 4558 1833 4614; x_wconf 89' lang='lat' dir='ltr'><strong>obluctantc</strong></span> 
     </span>
    </p>
   </div>
   <div class='ocr_carea' id='block_1_47' title="bbox 243 4648 1833 4721">
    <p class='ocr_par' dir='ltr' id='par_1_47' title="bbox 243 4648 1833 4721">
     <span class='ocr_line' id='line_1_47' title="bbox 243 4648 1833 4721; baseline -0.001 -15"><span class='ocrx_word' id='word_1_346' title='bbox 243 4663 300 4706; x_wconf 82' lang='lat' dir='ltr'><strong>et</strong></span> <span class='ocrx_word' id='word_1_347' title='bbox 331 4649 571 4706; x_wconf 88' lang='lat' dir='ltr'><strong>detinere</strong></span> <span class='ocrx_word' id='word_1_348' title='bbox 601 4650 811 4704; x_wconf 88' lang='lat' dir='ltr'><strong>volente</strong></span> <span class='ocrx_word' id='word_1_349' title='bbox 833 4660 958 4703; x_wconf 90' lang='lat' dir='ltr'><strong>tunc</strong></span> <span class='ocrx_word' id='word_1_350' title='bbox 984 4648 1237 4721; x_wconf 61' lang='lat' dir='ltr'><strong>.(Egyptio</strong></span> <span class='ocrx_word' id='word_1_351' title='bbox 1270 4667 1283 4703; x_wconf 90' lang='lat'>:</span> <span class='ocrx_word' id='word_1_352' title='bbox 1315 4659 1431 4718; x_wconf 88' lang='lat' dir='ltr'><strong>post</strong></span> <span class='ocrx_word' id='word_1_353' title='bbox 1452 4650 1625 4705; x_wconf 89' lang='lat' dir='ltr'><strong>varias</strong></span> <span class='ocrx_word' id='word_1_354' title='bbox 1653 4650 1833 4721; x_wconf 87' lang='lat' dir='ltr'><strong>plagas</strong></span> 
     </span>
    </p>
   </div>
   <div class='ocr_carea' id='block_1_48' title="bbox 244 4741 1834 4813">
    <p class='ocr_par' dir='ltr' id='par_1_48' title="bbox 244 4741 1834 4813">
     <span class='ocr_line' id='line_1_48' title="bbox 244 4741 1834 4813; baseline 0 -16"><span class='ocrx_word' id='word_1_355' title='bbox 244 4743 407 4798; x_wconf 85' lang='lat' dir='ltr'><strong>etiam</strong></span> <span class='ocrx_word' id='word_1_356' title='bbox 486 4741 624 4796; x_wconf 91' lang='lat' dir='ltr'><strong>hanc</strong></span> <span class='ocrx_word' id='word_1_357' title='bbox 676 4751 999 4812; x_wconf 89' lang='lat' dir='ltr'><strong>postremam</strong></span> <span class='ocrx_word' id='word_1_358' title='bbox 1044 4746 1123 4797; x_wconf 90' lang='lat' dir='ltr'><strong>eis</strong></span> <span class='ocrx_word' id='word_1_359' title='bbox 1179 4741 1399 4801; x_wconf 85' lang='lat' dir='ltr'><strong>intulit:</strong></span> <span class='ocrx_word' id='word_1_360' title='bbox 1460 4741 1572 4798; x_wconf 88' lang='lat' dir='ltr'><strong>fere</strong></span> <span class='ocrx_word' id='word_1_361' title='bbox 1636 4758 1834 4813; x_wconf 87' lang='lat' dir='ltr'><strong>cogens</strong></span> 
     </span>
    </p>
   </div>
   <div class='ocr_carea' id='block_1_49' title="bbox 244 4831 1832 4906">
    <p class='ocr_par' dir='ltr' id='par_1_49' title="bbox 244 4831 1832 4906">
     <span class='ocr_line' id='line_1_49' title="bbox 244 4831 1832 4906; baseline -0.002 -15"><span class='ocrx_word' id='word_1_362' title='bbox 244 4831 526 4906; x_wconf 66' lang='lat' dir='ltr'><strong>(Egyptios</strong></span> <span class='ocrx_word' id='word_1_363' title='bbox 556 4842 614 4887; x_wconf 92' lang='lat' dir='ltr'><strong>ut</strong></span> <span class='ocrx_word' id='word_1_364' title='bbox 660 4833 771 4888; x_wconf 86' lang='lat' dir='ltr'><strong>suis</strong></span> <span class='ocrx_word' id='word_1_365' title='bbox 800 4833 1047 4888; x_wconf 88' lang='lat' dir='ltr'><strong>manibus</strong></span> <span class='ocrx_word' id='word_1_366' title='bbox 1087 4831 1432 4888; x_wconf 84' lang='lat' dir='ltr'><strong>extruderent</strong></span> <span class='ocrx_word' id='word_1_367' title='bbox 1475 4832 1832 4889; x_wconf 84' lang='lat' dir='ltr'><strong>lsraélitarum</strong></span> 
     </span>
    </p>
   </div>
   <div class='ocr_carea' id='block_1_50' title="bbox 244 4920 1831 5000">
    <p class='ocr_par' dir='ltr' id='par_1_50' title="bbox 244 4920 1831 5000">
     <span class='ocr_line' id='line_1_50' title="bbox 244 4920 1831 5000; baseline -0.001 -17"><span class='ocrx_word' id='word_1_368' title='bbox 244 4943 417 5000; x_wconf 81' lang='lat' dir='ltr'><strong>genus</strong></span> <span class='ocrx_word' id='word_1_369' title='bbox 463 4920 657 4990; x_wconf 75' lang='lat' dir='ltr'><strong>(Exod.</strong></span> <span class='ocrx_word' id='word_1_370' title='bbox 701 4927 812 4998; x_wconf 76' lang='lat' dir='ltr'><strong>I2).</strong></span> <span class='ocrx_word' id='word_1_371' title='bbox 862 4924 994 4981; x_wconf 86' lang='lat' dir='ltr'><strong>Nam</strong></span> <span class='ocrx_word' id='word_1_372' title='bbox 1044 4925 1202 4981; x_wconf 90' lang='lat' dir='ltr'><strong>simul</strong></span> <span class='ocrx_word' id='word_1_373' title='bbox 1233 4926 1409 4981; x_wconf 87' lang='lat' dir='ltr'><strong>omnia</strong></span> <span class='ocrx_word' id='word_1_374' title='bbox 1459 4924 1831 4999; x_wconf 64' lang='lat' dir='ltr'><strong>Egyptiorum</strong></span> 
     </span>
    </p>
   </div>
   <div class='ocr_carea' id='block_1_51' title="bbox 244 5015 1833 5091">
    <p class='ocr_par' dir='ltr' id='par_1_51' title="bbox 244 5015 1833 5091">
     <span class='ocr_line' id='line_1_51' title="bbox 244 5015 1833 5091; baseline 0 -18"><span class='ocrx_word' id='word_1_375' title='bbox 244 5018 595 5091; x_wconf 75' lang='lat' dir='ltr'><strong>primogenita</strong></span> <span class='ocrx_word' id='word_1_376' title='bbox 623 5018 792 5073; x_wconf 90' lang='lat' dir='ltr'><strong>occidi</strong></span> <span class='ocrx_word' id='word_1_377' title='bbox 818 5017 976 5088; x_wconf 87' lang='lat' dir='ltr'><strong>jussit</strong></span> <span class='ocrx_word' id='word_1_378' title='bbox 1008 5015 1081 5089; x_wconf 82' lang='grc' dir='ltr'><strong>(α)</strong></span> <span class='ocrx_word' id='word_1_379' title='bbox 1108 5035 1120 5071; x_wconf 91' lang='lat'>:</span> <span class='ocrx_word' id='word_1_380' title='bbox 1152 5016 1484 5088; x_wconf 88' lang='lat' dir='ltr'><strong>vidissesque</strong></span> <span class='ocrx_word' id='word_1_381' title='bbox 1514 5019 1562 5072; x_wconf 93' lang='lat' dir='ltr'><strong>in</strong></span> <span class='ocrx_word' id='word_1_382' title='bbox 1614 5018 1833 5088; x_wconf 81' lang='lat' dir='ltr'><strong>singulis</strong></span> 
     </span>
    </p>
   </div>
   <div class='ocr_carea' id='block_1_52' title="bbox 304 5239 1837 5304">
    <p class='ocr_par' dir='ltr' id='par_1_52' title="bbox 304 5239 1837 5304">
     <span class='ocr_line' id='line_1_52' title="bbox 304 5239 1837 5304; baseline 0.003 -14"><span class='ocrx_word' id='word_1_383' title='bbox 304 5240 380 5301; x_wconf 85' lang='lat' dir='ltr'><strong>(a)</strong></span> <span class='ocrx_word' id='word_1_384' title='bbox 413 5241 499 5288; x_wconf 84' lang='lat' dir='ltr'><strong>Hic</strong></span> <span class='ocrx_word' id='word_1_385' title='bbox 518 5239 711 5290; x_wconf 83' lang='lat' dir='ltr'><strong>videtur</strong></span> <span class='ocrx_word' id='word_1_386' title='bbox 731 5242 992 5304; x_wconf 83' lang='lat' dir='ltr'><strong>pugnantia</strong></span> <span class='ocrx_word' id='word_1_387' title='bbox 1016 5240 1145 5303; x_wconf 87' lang='lat' dir='ltr'><strong>loqui</strong></span> <span class='ocrx_word' id='word_1_388' title='bbox 1183 5241 1560 5303; x_wconf 81' lang='lat' dir='ltr'><strong>Cbrysostomus,</strong></span> <span class='ocrx_word' id='word_1_389' title='bbox 1584 5254 1691 5291; x_wconf 89' lang='lat' dir='ltr'><strong>cum</strong></span> <span class='ocrx_word' id='word_1_390' title='bbox 1712 5242 1837 5304; x_wconf 84' lang='lat' dir='ltr'><strong>juris</strong></span> 
     </span>
    </p>
   </div>
   <div class='ocr_carea' id='block_1_53' title="bbox 246 5303 1838 5366">
    <p class='ocr_par' dir='ltr' id='par_1_53' title="bbox 246 5303 1838 5366">
     <span class='ocr_line' id='line_1_53' title="bbox 246 5303 1838 5366; baseline 0.004 -18"><span class='ocrx_word' id='word_1_391' title='bbox 246 5303 640 5366; x_wconf 70' lang='lat' dir='ltr'><strong>primogenitum:</strong></span> <span class='ocrx_word' id='word_1_392' title='bbox 678 5313 861 5366; x_wconf 45' lang='lat' dir='ltr'><strong>mem&quot;</strong></span> <span class='ocrx_word' id='word_1_393' title='bbox 890 5303 934 5350; x_wconf 87' lang='lat' dir='ltr'><strong>id</strong></span> <span class='ocrx_word' id='word_1_394' title='bbox 982 5311 1075 5361; x_wconf 84' lang='lat' dir='ltr'><strong>est,</strong></span> <span class='ocrx_word' id='word_1_395' title='bbox 1102 5316 1293 5366; x_wconf 83' lang='lat' dir='ltr'><strong>caus_am</strong></span> <span class='ocrx_word' id='word_1_396' title='bbox 1318 5311 1370 5351; x_wconf 86' lang='lat' dir='ltr'><strong>et</strong></span> <span class='ocrx_word' id='word_1_397' title='bbox 1392 5304 1650 5366; x_wconf 82' lang='lat' dir='ltr'><strong>originem,</strong></span> <span class='ocrx_word' id='word_1_398' title='bbox 1678 5304 1838 5356; x_wconf 84' lang='lat' dir='ltr'><strong>refert</strong></span> 
     </span>
    </p>
   </div>
   <div class='ocr_carea' id='block_1_54' title="bbox 246 5363 1835 5473">
    <p class='ocr_par' dir='ltr' id='par_1_54' title="bbox 246 5363 1835 5473">
     <span class='ocr_line' id='line_1_54' title="bbox 246 5363 1835 5473; baseline 0.003 -62"><span class='ocrx_word' id='word_1_399' title='bbox 246 5365 303 5411; x_wconf 86' lang='lat' dir='ltr'><strong>ad</strong></span> <span class='ocrx_word' id='word_1_400' title='bbox 330 5363 716 5434; x_wconf 76' lang='lat' dir='ltr'><strong>mternecionem</strong></span> <span class='ocrx_word' id='word_1_401' title='bbox 733 5365 1163 5426; x_wconf 85' lang='lat' dir='ltr'><strong>primogenitorum</strong></span> <span class='ocrx_word' id='word_1_402' title='bbox 1182 5363 1385 5473; x_wconf 47' lang='grc' dir='ltr'><strong>Ερμῆ,</strong></span> <span class='ocrx_word' id='word_1_403' title='bbox 1406 5363 1544 5413; x_wconf 78' lang='lat' dir='ltr'><strong>annis</strong></span> <span class='ocrx_word' id='word_1_404' title='bbox 1562 5363 1672 5428; x_wconf 88' lang='lat' dir='ltr'><strong>plus</strong></span> <span class='ocrx_word' id='word_1_405' title='bbox 1691 5379 1835 5428; x_wconf 89' lang='lat' dir='ltr'><strong>quam</strong></span> 
     </span>
     <span class='ocr_line' id='line_1_55' title="bbox 247 5428 1835 5473; baseline 0.001 -2"><span class='ocrx_word' id='word_1_406' title='bbox 247 5432 485 5473; x_wconf 77' lang='lat' dir='ltr'><strong>trecentis</strong></span> <span class='ocrx_word' id='word_1_407' title='bbox 498 5434 605 5473; x_wconf 76' lang='lat' dir='ltr'><strong>post</strong></span> <span class='ocrx_word' id='word_1_408' title='bbox 618 5433 777 5473; x_wconf 87' lang='lat' dir='ltr'><strong>ortum</strong></span> <span class='ocrx_word' id='word_1_409' title='bbox 794 5428 917 5473; x_wconf 74' lang='lat' dir='ltr'><strong>Esau</strong></span> <span class='ocrx_word' id='word_1_410' title='bbox 941 5434 991 5473; x_wconf 67' lang='lat' dir='ltr'><strong>et</strong></span> <span class='ocrx_word' id='word_1_411' title='bbox 1008 5428 1169 5473; x_wconf 83' lang='lat' dir='ltr'><strong>Jacobi</strong></span> <span class='ocrx_word' id='word_1_412' title='bbox 1196 5440 1207 5473; x_wconf 88' lang='lat'><strong>:</strong></span> <span class='ocrx_word' id='word_1_413' title='bbox 1262 5440 1291 5473; x_wconf 87' lang='lat' dir='ltr'><strong>e</strong></span> <span class='ocrx_word' id='word_1_414' title='bbox 1314 5438 1520 5473; x_wconf 86' lang='lat' dir='ltr'><strong>auorum</strong></span> <span class='ocrx_word' id='word_1_415' title='bbox 1543 5430 1835 5473; x_wconf 67' lang='lat' dir='ltr'><strong>nrimoaeui-</strong></span> 
     </span>
    </p>
   </div>
   <div class='ocr_carea' id='block_1_55' title="bbox 247 5426 1837 5489">
    <p class='ocr_par' dir='ltr' id='par_1_55' title="bbox 247 5426 1837 5489">
     <span class='ocr_line' id='line_1_56' title="bbox 247 5426 1837 5489; baseline 0.005 -18"><span class='ocrx_word' id='word_1_416' title='bbox 247 5426 485 5489; x_wconf 76' lang='lat' dir='ltr'><strong>trecentis</strong></span> <span class='ocrx_word' id='word_1_417' title='bbox 498 5434 605 5489; x_wconf 81' lang='lat' dir='ltr'><strong>post</strong></span> <span class='ocrx_word' id='word_1_418' title='bbox 618 5433 777 5489; x_wconf 81' lang='lat' dir='ltr'><strong>ortum</strong></span> <span class='ocrx_word' id='word_1_419' title='bbox 794 5428 917 5476; x_wconf 73' lang='lat' dir='ltr'><strong>Esau</strong></span> <span class='ocrx_word' id='word_1_420' title='bbox 941 5434 991 5475; x_wconf 62' lang='lat' dir='ltr'><strong>et</strong></span> <span class='ocrx_word' id='word_1_421' title='bbox 1008 5428 1169 5475; x_wconf 84' lang='lat' dir='ltr'><strong>Jacobi</strong></span> <span class='ocrx_word' id='word_1_422' title='bbox 1196 5440 1207 5474; x_wconf 89' lang='lat'><strong>:</strong></span> <span class='ocrx_word' id='word_1_423' title='bbox 1227 5426 1291 5474; x_wconf 86' lang='lat' dir='ltr'><strong>de</strong></span> <span class='ocrx_word' id='word_1_424' title='bbox 1314 5438 1520 5489; x_wconf 89' lang='lat' dir='ltr'><strong>quorum</strong></span> <span class='ocrx_word' id='word_1_425' title='bbox 1543 5426 1837 5489; x_wconf 71' lang='lat' dir='ltr'><strong>primogeni-</strong></span> 
     </span>
    </p>
   </div>
   <div class='ocr_carea' id='block_1_56' title="bbox 248 5487 1837 5549">
    <p class='ocr_par' dir='ltr' id='par_1_56' title="bbox 248 5487 1837 5549">
     <span class='ocr_line' id='line_1_57' title="bbox 248 5487 1837 5549; baseline 0.003 -15"><span class='ocrx_word' id='word_1_426' title='bbox 248 5495 353 5534; x_wconf 84' lang='lat' dir='ltr'><strong>tura</strong></span> <span class='ocrx_word' id='word_1_427' title='bbox 374 5487 510 5549; x_wconf 78' lang='lat' dir='ltr'><strong>etde</strong></span> <span class='ocrx_word' id='word_1_428' title='bbox 530 5487 640 5548; x_wconf 83' lang='lat' dir='ltr'><strong>jure</strong></span> <span class='ocrx_word' id='word_1_429' title='bbox 658 5487 790 5549; x_wconf 87' lang='lat' dir='ltr'><strong>illam</strong></span> <span class='ocrx_word' id='word_1_430' title='bbox 828 5489 1090 5537; x_wconf 90' lang='lat' dir='ltr'><strong>comitante</strong></span> <span class='ocrx_word' id='word_1_431' title='bbox 1115 5487 1436 5549; x_wconf 69' lang='lat' dir='ltr'><strong>qumstioest.</strong></span> <span class='ocrx_word' id='word_1_432' title='bbox 1480 5487 1570 5537; x_wconf 79' lang='lat' dir='ltr'><strong>Sed</strong></span> <span class='ocrx_word' id='word_1_433' title='bbox 1596 5487 1725 5539; x_wconf 84' lang='lat' dir='ltr'><strong>bene</strong></span> <span class='ocrx_word' id='word_1_434' title='bbox 1750 5492 1837 5539; x_wconf 87' lang='lat' dir='ltr'><strong>ad-</strong></span> 
     </span>
    </p>
   </div>
   <div class='ocr_carea' id='block_1_57' title="bbox 250 5546 1838 5613">
    <p class='ocr_par' dir='ltr' id='par_1_57' title="bbox 250 5546 1838 5613">
     <span class='ocr_line' id='line_1_58' title="bbox 250 5546 1838 5613; baseline 0.003 -18"><span class='ocrx_word' id='word_1_435' title='bbox 250 5550 397 5613; x_wconf 79' lang='lat' dir='ltr'><strong>vertit</strong></span> <span class='ocrx_word' id='word_1_436' title='bbox 420 5546 503 5613; x_wconf 75' lang='lat' dir='ltr'><strong>ille</strong></span> <span class='ocrx_word' id='word_1_437' title='bbox 527 5546 696 5613; x_wconf 73' lang='lat' dir='ltr'><strong>postea</strong></span> <span class='ocrx_word' id='word_1_438' title='bbox 722 5548 899 5613; x_wconf 15' lang='lat' dir='ltr'><strong>idinon</strong></span> <span class='ocrx_word' id='word_1_439' title='bbox 934 5562 1077 5613; x_wconf 78' lang='lat' dir='ltr'><strong>posse</strong></span> <span class='ocrx_word' id='word_1_440' title='bbox 1101 5546 1359 5611; x_wconf 81' lang='lat' dir='ltr'><strong>quadrare.</strong></span> <span class='ocrx_word' id='word_1_441' title='bbox 1384 5564 1493 5598; x_wconf 90' lang='lat' dir='ltr'><strong>eum</strong></span> <span class='ocrx_word' id='word_1_442' title='bbox 1516 5552 1649 5607; x_wconf 85' lang='lat' dir='ltr'><strong>dicit,</strong></span> <span class='ocrx_word' id='word_1_443' title='bbox 1674 5566 1838 5613; x_wconf 85' lang='lat' dir='ltr'><strong>quam-</strong></span> 
     </span>
    </p>
   </div>
   <div class='ocr_carea' id='block_1_58' title="bbox 249 5607 1837 5673">
    <p class='ocr_par' dir='ltr' id='par_1_58' title="bbox 249 5607 1837 5673">
     <span class='ocr_line' id='line_1_59' title="bbox 249 5607 1837 5673; baseline 0.006 -18"><span class='ocrx_word' id='word_1_444' title='bbox 249 5611 324 5673; x_wconf 82' lang='lat' dir='ltr'><strong>vis</strong></span> <span class='ocrx_word' id='word_1_445' title='bbox 349 5607 588 5673; x_wconf 75' lang='lat' dir='ltr'><strong>Iegislatio</strong></span> <span class='ocrx_word' id='word_1_446' title='bbox 611 5608 692 5673; x_wconf 73' lang='lat' dir='ltr'><strong>illa</strong></span> <span class='ocrx_word' id='word_1_447' title='bbox 706 5607 1018 5673; x_wconf 67' lang='lat' dir='ltr'><strong>Hebraeorum</strong></span> <span class='ocrx_word' id='word_1_448' title='bbox 1036 5611 1100 5659; x_wconf 82' lang='lat' dir='ltr'><strong>de</strong></span> <span class='ocrx_word' id='word_1_449' title='bbox 1120 5607 1459 5673; x_wconf 57' lang='lat' dir='ltr'><strong>primogenitis</strong></span> <span class='ocrx_word' id='word_1_450' title='bbox 1470 5607 1715 5673; x_wconf 68' lang='lat' dir='ltr'><strong>posterior</strong></span> <span class='ocrx_word' id='word_1_451' title='bbox 1734 5614 1837 5664; x_wconf 73' lang='lat' dir='ltr'><strong>fue-</strong></span> 
     </span>
    </p>
   </div>
   <div class='ocr_carea' id='block_1_59' title="bbox 247 5670 1838 5744">
    <p class='ocr_par' dir='ltr' id='par_1_59' title="bbox 247 5670 1838 5744">
     <span class='ocr_line' id='line_1_60' title="bbox 247 5670 1838 5744; baseline 0.007 -28"><span class='ocrx_word' id='word_1_452' title='bbox 247 5670 425 5744; x_wconf 68' lang='lat' dir='ltr'><strong>rit,_jus</strong></span> <span class='ocrx_word' id='word_1_453' title='bbox 447 5680 610 5721; x_wconf 85' lang='lat' dir='ltr'><strong>tamen</strong></span> <span class='ocrx_word' id='word_1_454' title='bbox 642 5670 838 5744; x_wconf 72' lang='lat' dir='ltr'><strong>aliquod</strong></span> <span class='ocrx_word' id='word_1_455' title='bbox 859 5670 1254 5744; x_wconf 25' lang='lat' dir='ltr'><strong>primogeut’tnrze</strong></span> <span class='ocrx_word' id='word_1_456' title='bbox 1283 5670 1429 5721; x_wconf 76' lang='lat' dir='ltr'><strong>antea</strong></span> <span class='ocrx_word' id='word_1_457' title='bbox 1459 5670 1628 5723; x_wconf 66' lang='lat' dir='ltr'><strong>fuisse.</strong></span> <span class='ocrx_word' id='word_1_458' title='bbox 1658 5681 1708 5723; x_wconf 81' lang='lat' dir='ltr'><strong>Et</strong></span> <span class='ocrx_word' id='word_1_459' title='bbox 1752 5677 1838 5727; x_wconf 85' lang='lat' dir='ltr'><strong>hac</strong></span> 
     </span>
    </p>
   </div>
   <div class='ocr_carea' id='block_1_60' title="bbox 247 5733 1833 5802">
    <p class='ocr_par' dir='ltr' id='par_1_60' title="bbox 247 5733 1833 5802">
     <span class='ocr_line' id='line_1_61' title="bbox 247 5733 1833 5802; baseline 0.006 -24"><span class='ocrx_word' id='word_1_460' title='bbox 247 5734 438 5782; x_wconf 80' lang='lat' dir='ltr'><strong>ratione</strong></span> <span class='ocrx_word' id='word_1_461' title='bbox 461 5746 570 5795; x_wconf 67' lang='lat' dir='ltr'><strong>qua:</strong></span> <span class='ocrx_word' id='word_1_462' title='bbox 594 5746 690 5783; x_wconf 87' lang='lat' dir='ltr'><strong>non</strong></span> <span class='ocrx_word' id='word_1_463' title='bbox 713 5733 954 5796; x_wconf 69' lang='lat' dir='ltr'><strong>Quadrare</strong></span> <span class='ocrx_word' id='word_1_464' title='bbox 987 5733 1297 5795; x_wconf 81' lang='lat' dir='ltr'><strong>videbantur,</strong></span> <span class='ocrx_word' id='word_1_465' title='bbox 1332 5744 1595 5797; x_wconf 86' lang='lat' dir='ltr'><strong>utcumque</strong></span> <span class='ocrx_word' id='word_1_466' title='bbox 1619 5742 1833 5802; x_wconf 73' lang='lat' dir='ltr'><strong>corrigit.</strong></span> 
     </span>
    </p>
   </div>
   <div class='ocr_carea' id='block_1_61' title="bbox 1013 261 2833 329">
    <p class='ocr_par' dir='ltr' id='par_1_61' title="bbox 1013 261 2833 329">
     <span class='ocr_line' id='line_1_62' title="bbox 1013 261 2833 329; baseline -0.002 1"><span class='ocrx_word' id='word_1_467' title='bbox 1013 276 1074 329; x_wconf 84' lang='lat' dir='ltr'><strong>S.</strong></span> <span class='ocrx_word' id='word_1_468' title='bbox 1114 271 1392 329; x_wconf 76' lang='lat' dir='ltr'><strong>JOANNIS</strong></span> <span class='ocrx_word' id='word_1_469' title='bbox 1427 261 1900 326; x_wconf 70' lang='lat' dir='ltr'><strong>CIIRYSOSTOMI</strong></span> <span class='ocrx_word' id='word_1_470' title='bbox 1940 264 2254 322; x_wconf 77' lang='lat' dir='ltr'><strong>ARCHIEP.</strong></span> <span class='ocrx_word' id='word_1_471' title='bbox 2297 266 2833 326; x_wconf 76' lang='lat' dir='ltr'><strong>CONSTANTINOP.</strong></span> 
     </span>
    </p>
   </div>
   <div class='ocr_carea' id='block_1_62' title="bbox 3429 273 3530 327">
    <p class='ocr_par' dir='ltr' id='par_1_62' title="bbox 3429 273 3530 327">
     <span class='ocr_line' id='line_1_63' title="bbox 3429 273 3530 327; baseline 0.01 -1"><span class='ocrx_word' id='word_1_472' title='bbox 3429 273 3530 327; x_wconf 60' lang='lat'><strong>45?.</strong></span> 
     </span>
    </p>
   </div>
   <div class='ocr_carea' id='block_1_63' title="bbox 1950 383 3535 461">
    <p class='ocr_par' dir='ltr' id='par_1_63' title="bbox 1950 383 3535 461">
     <span class='ocr_line' id='line_1_64' title="bbox 1950 383 3535 461; baseline 0.006 -25"><span class='ocrx_word' id='word_1_473' title='bbox 1950 383 2195 439; x_wconf 89' lang='lat' dir='ltr'><strong>domibus</strong></span> <span class='ocrx_word' id='word_1_474' title='bbox 2221 386 2447 454; x_wconf 89' lang='lat' dir='ltr'><strong>ejulatus</strong></span> <span class='ocrx_word' id='word_1_475' title='bbox 2472 397 2530 441; x_wconf 89' lang='lat' dir='ltr'><strong>et</strong></span> <span class='ocrx_word' id='word_1_476' title='bbox 2558 388 2860 460; x_wconf 80' lang='lat' dir='ltr'><strong>lacrymas;</strong></span> <span class='ocrx_word' id='word_1_477' title='bbox 2889 403 3061 459; x_wconf 87' lang='lat' dir='ltr'><strong>neque</strong></span> <span class='ocrx_word' id='word_1_478' title='bbox 3086 391 3164 445; x_wconf 85' lang='lat' dir='ltr'><strong>sic</strong></span> <span class='ocrx_word' id='word_1_479' title='bbox 3190 392 3447 461; x_wconf 83' lang='lat' dir='ltr'><strong>putabant</strong></span> <span class='ocrx_word' id='word_1_480' title='bbox 3476 394 3535 445; x_wconf 87' lang='lat' dir='ltr'><strong>ft-</strong></span> 
     </span>
    </p>
   </div>
   <div class='ocr_carea' id='block_1_64' title="bbox 1947 476 3533 550">
    <p class='ocr_par' dir='ltr' id='par_1_64' title="bbox 1947 476 3533 550">
     <span class='ocr_line' id='line_1_65' title="bbox 1947 476 3533 550; baseline 0.006 -22"><span class='ocrx_word' id='word_1_481' title='bbox 1947 476 2046 530; x_wconf 88' lang='lat' dir='ltr'><strong>niri</strong></span> <span class='ocrx_word' id='word_1_482' title='bbox 2076 476 2306 547; x_wconf 84' lang='lat' dir='ltr'><strong>plagam,</strong></span> <span class='ocrx_word' id='word_1_483' title='bbox 2335 477 2427 533; x_wconf 71' lang='lat' dir='ltr'><strong>sed</strong></span> <span class='ocrx_word' id='word_1_484' title='bbox 2472 478 2617 533; x_wconf 91' lang='lat' dir='ltr'><strong>illinc</strong></span> <span class='ocrx_word' id='word_1_485' title='bbox 2660 482 2819 534; x_wconf 89' lang='lat' dir='ltr'><strong>etiam</strong></span> <span class='ocrx_word' id='word_1_486' title='bbox 2867 482 3246 550; x_wconf 76' lang='lat' dir='ltr'><strong>exspectabant</strong></span> <span class='ocrx_word' id='word_1_487' title='bbox 3287 493 3347 537; x_wconf 92' lang='lat' dir='ltr'><strong>ut</strong></span> <span class='ocrx_word' id='word_1_488' title='bbox 3389 499 3533 538; x_wconf 78' lang='lat' dir='ltr'><strong>mors</strong></span> 
     </span>
    </p>
   </div>
   <div class='ocr_carea' id='block_1_65' title="bbox 1945 570 3534 644">
    <p class='ocr_par' dir='ltr' id='par_1_65' title="bbox 1945 570 3534 644">
     <span class='ocr_line' id='line_1_66' title="bbox 1945 570 3534 644; baseline 0.004 -22"><span class='ocrx_word' id='word_1_489' title='bbox 1945 583 2052 636; x_wconf 82' lang='lat' dir='ltr'><strong>qua</strong></span> <span class='ocrx_word' id='word_1_490' title='bbox 2080 578 2322 638; x_wconf 64' lang='lat' dir='ltr'><strong>coeperat</strong></span> <span class='ocrx_word' id='word_1_491' title='bbox 2362 584 2608 638; x_wconf 75' lang='lat' dir='ltr'><strong>pergens,</strong></span> <span class='ocrx_word' id='word_1_492' title='bbox 2655 570 2721 625; x_wconf 86' lang='lat' dir='ltr'><strong>ad</strong></span> <span class='ocrx_word' id='word_1_493' title='bbox 2763 586 2952 626; x_wconf 83' lang='lat' dir='ltr'><strong>omnes</strong></span> <span class='ocrx_word' id='word_1_494' title='bbox 2999 575 3320 641; x_wconf 84' lang='lat' dir='ltr'><strong>perveniret.</strong></span> <span class='ocrx_word' id='word_1_495' title='bbox 3355 574 3534 644; x_wconf 84' lang='lat' dir='ltr'><strong>Itaque</strong></span> 
     </span>
    </p>
   </div>
   <div class='ocr_carea' id='block_1_66' title="bbox 1943 661 3536 735">
    <p class='ocr_par' dir='ltr' id='par_1_66' title="bbox 1943 661 3536 735">
     <span class='ocr_line' id='line_1_67' title="bbox 1943 661 3536 735; baseline 0.005 -21"><span class='ocrx_word' id='word_1_496' title='bbox 1943 662 2064 729; x_wconf 85' lang='lat' dir='ltr'><strong>quia</strong></span> <span class='ocrx_word' id='word_1_497' title='bbox 2097 663 2148 715; x_wconf 93' lang='lat' dir='ltr'><strong>in</strong></span> <span class='ocrx_word' id='word_1_498' title='bbox 2191 661 2425 733; x_wconf 63' lang='lat' dir='ltr'><strong>Egypto</strong></span> <span class='ocrx_word' id='word_1_499' title='bbox 2454 680 2555 718; x_wconf 85' lang='lat' dir='ltr'><strong>una</strong></span> <span class='ocrx_word' id='word_1_500' title='bbox 2599 664 2836 718; x_wconf 91' lang='lat' dir='ltr'><strong>omnium</strong></span> <span class='ocrx_word' id='word_1_501' title='bbox 2870 666 3338 735; x_wconf 85' lang='lat' dir='ltr'><strong>primogenitorum</strong></span> <span class='ocrx_word' id='word_1_502' title='bbox 3388 683 3536 723; x_wconf 81' lang='lat' dir='ltr'><strong>mors</strong></span> 
     </span>
    </p>
   </div>
   <div class='ocr_carea' id='block_1_67' title="bbox 1945 754 3534 830">
    <p class='ocr_par' dir='ltr' id='par_1_67' title="bbox 1945 754 3534 830">
     <span class='ocr_line' id='line_1_68' title="bbox 1945 754 3534 830; baseline 0.004 -23"><span class='ocrx_word' id='word_1_503' title='bbox 1945 755 2062 821; x_wconf 86' lang='lat' dir='ltr'><strong>fuit,</strong></span> <span class='ocrx_word' id='word_1_504' title='bbox 2087 754 2336 810; x_wconf 69' lang='lat' dir='ltr'><strong>Israelita!</strong></span> <span class='ocrx_word' id='word_1_505' title='bbox 2361 766 2535 810; x_wconf 91' lang='lat' dir='ltr'><strong>autem</strong></span> <span class='ocrx_word' id='word_1_506' title='bbox 2558 756 2734 812; x_wconf 89' lang='lat' dir='ltr'><strong>divina</strong></span> <span class='ocrx_word' id='word_1_507' title='bbox 2761 757 2881 813; x_wconf 84' lang='lat' dir='ltr'><strong>freti</strong></span> <span class='ocrx_word' id='word_1_508' title='bbox 2905 762 3093 828; x_wconf 84' lang='lat' dir='ltr'><strong>gratia,</strong></span> <span class='ocrx_word' id='word_1_509' title='bbox 3119 759 3267 815; x_wconf 68' lang='lat' dir='ltr'><strong>iliazsi</strong></span> <span class='ocrx_word' id='word_1_510' title='bbox 3284 776 3534 830; x_wconf 82' lang='lat' dir='ltr'><strong>perman-</strong></span> 
     </span>
    </p>
   </div>
   <div class='ocr_carea' id='block_1_68' title="bbox 1943 847 3530 915">
    <p class='ocr_par' dir='ltr' id='par_1_68' title="bbox 1943 847 3530 915">
     <span class='ocr_line' id='line_1_69' title="bbox 1943 847 3530 915; baseline 0.004 -17"><span class='ocrx_word' id='word_1_511' title='bbox 1943 856 2127 898; x_wconf 88' lang='lat' dir='ltr'><strong>serunt</strong></span> <span class='ocrx_word' id='word_1_512' title='bbox 2158 863 2172 900; x_wconf 89' lang='lat'><strong>:</strong></span> <span class='ocrx_word' id='word_1_513' title='bbox 2204 861 2298 915; x_wconf 87' lang='lat' dir='ltr'><strong>per</strong></span> <span class='ocrx_word' id='word_1_514' title='bbox 2328 847 2427 902; x_wconf 91' lang='lat' dir='ltr'><strong>hoc</strong></span> <span class='ocrx_word' id='word_1_515' title='bbox 2450 848 2611 903; x_wconf 87' lang='lat' dir='ltr'><strong>etiam</strong></span> <span class='ocrx_word' id='word_1_516' title='bbox 2643 849 2930 903; x_wconf 90' lang='lat' dir='ltr'><strong>ostendens</strong></span> <span class='ocrx_word' id='word_1_517' title='bbox 2958 850 3193 904; x_wconf 91' lang='lat' dir='ltr'><strong>omnium</strong></span> <span class='ocrx_word' id='word_1_518' title='bbox 3219 851 3359 906; x_wconf 87' lang='lat' dir='ltr'><strong>Dens</strong></span> <span class='ocrx_word' id='word_1_519' title='bbox 3378 868 3530 905; x_wconf 84' lang='lat' dir='ltr'><strong>suam</strong></span> 
     </span>
    </p>
   </div>
   <div class='ocr_carea' id='block_1_69' title="bbox 1942 935 3533 1010">
    <p class='ocr_par' dir='ltr' id='par_1_69' title="bbox 1942 935 3533 1010">
     <span class='ocr_line' id='line_1_70' title="bbox 1942 935 3533 1010; baseline 0.004 -24"><span class='ocrx_word' id='word_1_520' title='bbox 1942 948 2067 1004; x_wconf 87' lang='lat' dir='ltr'><strong>erga</strong></span> <span class='ocrx_word' id='word_1_521' title='bbox 2100 935 2220 991; x_wconf 90' lang='lat' dir='ltr'><strong>illos</strong></span> <span class='ocrx_word' id='word_1_522' title='bbox 2264 936 2716 1002; x_wconf 86' lang='lat' dir='ltr'><strong>benevolentiam,</strong></span> <span class='ocrx_word' id='word_1_523' title='bbox 2763 940 3042 1009; x_wconf 86' lang='lat' dir='ltr'><strong>imperavit</strong></span> <span class='ocrx_word' id='word_1_524' title='bbox 3070 941 3122 995; x_wconf 86' lang='lat' dir='ltr'><strong>in</strong></span> <span class='ocrx_word' id='word_1_525' title='bbox 3172 952 3445 1010; x_wconf 86' lang='lat' dir='ltr'><strong>posterum</strong></span> <span class='ocrx_word' id='word_1_526' title='bbox 3477 954 3533 995; x_wconf 84' lang='lat' dir='ltr'><strong>ut</strong></span> 
     </span>
    </p>
   </div>
   <div class='ocr_carea' id='block_1_70' title="bbox 1943 1028 3537 1105">
    <p class='ocr_par' dir='ltr' id='par_1_70' title="bbox 1943 1028 3537 1105">
     <span class='ocr_line' id='line_1_71' title="bbox 1943 1028 3537 1105; baseline 0.006 -27"><span class='ocrx_word' id='word_1_527' title='bbox 1943 1036 2161 1096; x_wconf 87' lang='lat' dir='ltr'><strong>propter</strong></span> <span class='ocrx_word' id='word_1_528' title='bbox 2192 1028 2613 1084; x_wconf 84' lang='lat' dir='ltr'><strong>interfectionem</strong></span> <span class='ocrx_word' id='word_1_529' title='bbox 2645 1031 3117 1101; x_wconf 86' lang='lat' dir='ltr'><strong>primogenitorum</strong></span> <span class='ocrx_word' id='word_1_530' title='bbox 3146 1032 3387 1105; x_wconf 64' lang='lat' dir='ltr'><strong>Egypti,</strong></span> <span class='ocrx_word' id='word_1_531' title='bbox 3423 1035 3537 1104; x_wconf 69' lang='lat' dir='ltr'><strong>pri~</strong></span> 
     </span>
    </p>
   </div>
   <div class='ocr_carea' id='block_1_71' title="bbox 1943 1120 3533 1192">
    <p class='ocr_par' dir='ltr' id='par_1_71' title="bbox 1943 1120 3533 1192">
     <span class='ocr_line' id='line_1_72' title="bbox 1943 1120 3533 1192; baseline 0.005 -20"><span class='ocrx_word' id='word_1_532' title='bbox 1943 1120 2197 1189; x_wconf 86' lang='lat' dir='ltr'><strong>mogeniti</strong></span> <span class='ocrx_word' id='word_1_533' title='bbox 2226 1120 2530 1176; x_wconf 66' lang='lat' dir='ltr'><strong>Judarorum</strong></span> <span class='ocrx_word' id='word_1_534' title='bbox 2580 1124 2731 1192; x_wconf 89' lang='lat' dir='ltr'><strong>pueri</strong></span> <span class='ocrx_word' id='word_1_535' title='bbox 2775 1125 2875 1179; x_wconf 87' lang='lat' dir='ltr'><strong>sibi</strong></span> <span class='ocrx_word' id='word_1_536' title='bbox 2918 1125 3260 1181; x_wconf 74' lang='lat' dir='ltr'><strong>offerrentur.</strong></span> <span class='ocrx_word' id='word_1_537' title='bbox 3295 1126 3433 1180; x_wconf 88' lang='lat' dir='ltr'><strong>lliuc</strong></span> <span class='ocrx_word' id='word_1_538' title='bbox 3478 1135 3533 1180; x_wconf 89' lang='lat' dir='ltr'><strong>et</strong></span> 
     </span>
    </p>
   </div>
   <div class='ocr_carea' id='block_1_72' title="bbox 1943 1212 3532 1285">
    <p class='ocr_par' dir='ltr' id='par_1_72' title="bbox 1943 1212 3532 1285">
     <span class='ocr_line' id='line_1_73' title="bbox 1943 1212 3532 1285; baseline 0.003 -20"><span class='ocrx_word' id='word_1_539' title='bbox 1943 1213 2113 1266; x_wconf 83' lang='lat' dir='ltr'><strong>tribus</strong></span> <span class='ocrx_word' id='word_1_540' title='bbox 2160 1212 2287 1268; x_wconf 88' lang='lat' dir='ltr'><strong>Levi</strong></span> <span class='ocrx_word' id='word_1_541' title='bbox 2320 1215 2372 1268; x_wconf 93' lang='lat' dir='ltr'><strong>in</strong></span> <span class='ocrx_word' id='word_1_542' title='bbox 2420 1215 2777 1270; x_wconf 84' lang='lat' dir='ltr'><strong>sacerdotium</strong></span> <span class='ocrx_word' id='word_1_543' title='bbox 2803 1226 3079 1285; x_wconf 83' lang='lat' dir='ltr'><strong>segregata</strong></span> <span class='ocrx_word' id='word_1_544' title='bbox 3125 1225 3229 1283; x_wconf 89' lang='lat' dir='ltr'><strong>est,</strong></span> <span class='ocrx_word' id='word_1_545' title='bbox 3253 1226 3308 1271; x_wconf 89' lang='lat' dir='ltr'><strong>et</strong></span> <span class='ocrx_word' id='word_1_546' title='bbox 3346 1231 3415 1270; x_wconf 78' lang='lat' dir='ltr'><strong>ex</strong></span> <span class='ocrx_word' id='word_1_547' title='bbox 3441 1217 3532 1271; x_wconf 89' lang='lat' dir='ltr'><strong>illo</strong></span> 
     </span>
    </p>
   </div>
   <div class='ocr_carea' id='block_1_73' title="bbox 1943 1305 3530 1376">
    <p class='ocr_par' dir='ltr' id='par_1_73' title="bbox 1943 1305 3530 1376">
     <span class='ocr_line' id='line_1_74' title="bbox 1943 1305 3530 1376; baseline 0.004 -19"><span class='ocrx_word' id='word_1_548' title='bbox 1943 1318 2046 1357; x_wconf 88' lang='lat' dir='ltr'><strong>non</strong></span> <span class='ocrx_word' id='word_1_549' title='bbox 2075 1305 2247 1358; x_wconf 87' lang='lat' dir='ltr'><strong>solum</strong></span> <span class='ocrx_word' id='word_1_550' title='bbox 2272 1305 2621 1376; x_wconf 80' lang='lat' dir='ltr'><strong>primogenita</strong></span> <span class='ocrx_word' id='word_1_551' title='bbox 2647 1306 2919 1361; x_wconf 90' lang='lat' dir='ltr'><strong>hominum</strong></span> <span class='ocrx_word' id='word_1_552' title='bbox 2939 1307 3113 1363; x_wconf 85' lang='lat' dir='ltr'><strong>oblata</strong></span> <span class='ocrx_word' id='word_1_553' title='bbox 3134 1318 3257 1362; x_wconf 82' lang='lat' dir='ltr'><strong>sunt</strong></span> <span class='ocrx_word' id='word_1_554' title='bbox 3279 1308 3411 1375; x_wconf 88' lang='lat' dir='ltr'><strong>Deo,</strong></span> <span class='ocrx_word' id='word_1_555' title='bbox 3434 1308 3530 1363; x_wconf 88' lang='lat' dir='ltr'><strong>sed</strong></span> 
     </span>
    </p>
   </div>
   <div class='ocr_carea' id='block_1_74' title="bbox 1941 1395 3530 1468">
    <p class='ocr_par' dir='ltr' id='par_1_74' title="bbox 1941 1395 3530 1468">
     <span class='ocr_line' id='line_1_75' title="bbox 1941 1395 3530 1468; baseline 0.003 -19"><span class='ocrx_word' id='word_1_556' title='bbox 1941 1405 1996 1449; x_wconf 90' lang='lat' dir='ltr'><strong>et</strong></span> <span class='ocrx_word' id='word_1_557' title='bbox 2037 1395 2338 1463; x_wconf 91' lang='lat' dir='ltr'><strong>brutorum,</strong></span> <span class='ocrx_word' id='word_1_558' title='bbox 2381 1406 2436 1451; x_wconf 92' lang='lat' dir='ltr'><strong>et</strong></span> <span class='ocrx_word' id='word_1_559' title='bbox 2484 1397 2537 1451; x_wconf 88' lang='lat' dir='ltr'><strong>in</strong></span> <span class='ocrx_word' id='word_1_560' title='bbox 2584 1398 2896 1453; x_wconf 86' lang='lat' dir='ltr'><strong>universum</strong></span> <span class='ocrx_word' id='word_1_561' title='bbox 2925 1400 3185 1454; x_wconf 89' lang='lat' dir='ltr'><strong>omnium.</strong></span> <span class='ocrx_word' id='word_1_562' title='bbox 3218 1400 3282 1453; x_wconf 83' lang='lat' dir='ltr'><strong>Et</strong></span> <span class='ocrx_word' id='word_1_563' title='bbox 3328 1413 3530 1468; x_wconf 62' lang='lat' dir='ltr'><strong>praece-</strong></span> 
     </span>
    </p>
   </div>
   <div class='ocr_carea' id='block_1_75' title="bbox 1942 1491 3530 1560">
    <p class='ocr_par' dir='ltr' id='par_1_75' title="bbox 1942 1491 3530 1560">
     <span class='ocr_line' id='line_1_76' title="bbox 1942 1491 3530 1560; baseline 0 -17"><span class='ocrx_word' id='word_1_564' title='bbox 1942 1499 2089 1559; x_wconf 89' lang='lat' dir='ltr'><strong>ptum</strong></span> <span class='ocrx_word' id='word_1_565' title='bbox 2137 1499 2272 1556; x_wconf 87' lang='lat' dir='ltr'><strong>erat,</strong></span> <span class='ocrx_word' id='word_1_566' title='bbox 2306 1506 2403 1560; x_wconf 88' lang='lat' dir='ltr'><strong>pro</strong></span> <span class='ocrx_word' id='word_1_567' title='bbox 2452 1491 2758 1547; x_wconf 87' lang='lat' dir='ltr'><strong>hominibus</strong></span> <span class='ocrx_word' id='word_1_568' title='bbox 2796 1501 2854 1548; x_wconf 91' lang='lat' dir='ltr'><strong>et</strong></span> <span class='ocrx_word' id='word_1_569' title='bbox 2880 1492 3168 1547; x_wconf 89' lang='lat' dir='ltr'><strong>immundis</strong></span> <span class='ocrx_word' id='word_1_570' title='bbox 3209 1491 3530 1546; x_wconf 81' lang='lat' dir='ltr'><strong>animalibus</strong></span> 
     </span>
    </p>
   </div>
   <div class='ocr_carea' id='block_1_76' title="bbox 1944 1582 3530 1653">
    <p class='ocr_par' dir='ltr' id='par_1_76' title="bbox 1944 1582 3530 1653">
     <span class='ocr_line' id='line_1_77' title="bbox 1944 1582 3530 1653; baseline 0.001 -18"><span class='ocrx_word' id='word_1_571' title='bbox 1944 1582 2169 1651; x_wconf 88' lang='lat' dir='ltr'><strong>pretium</strong></span> <span class='ocrx_word' id='word_1_572' title='bbox 2216 1582 2467 1653; x_wconf 88' lang='lat' dir='ltr'><strong>dependi.</strong></span> <span class='ocrx_word' id='word_1_573' title='bbox 2508 1582 2763 1650; x_wconf 84' lang='lat' dir='ltr'><strong>Quamvis</strong></span> <span class='ocrx_word' id='word_1_574' title='bbox 2804 1592 2982 1638; x_wconf 91' lang='lat' dir='ltr'><strong>autem</strong></span> <span class='ocrx_word' id='word_1_575' title='bbox 3025 1583 3289 1653; x_wconf 87' lang='lat' dir='ltr'><strong>legislatio</strong></span> <span class='ocrx_word' id='word_1_576' title='bbox 3317 1582 3433 1637; x_wconf 67' lang='lat' dir='ltr'><strong>haec</strong></span> <span class='ocrx_word' id='word_1_577' title='bbox 3462 1584 3530 1637; x_wconf 91' lang='lat' dir='ltr'><strong>de</strong></span> 
     </span>
    </p>
   </div>
   <div class='ocr_carea' id='block_1_77' title="bbox 1940 1672 3529 1743">
    <p class='ocr_par' dir='ltr' id='par_1_77' title="bbox 1940 1672 3529 1743">
     <span class='ocr_line' id='line_1_78' title="bbox 1940 1672 3529 1743; baseline 0 -18"><span class='ocrx_word' id='word_1_578' title='bbox 1940 1672 2310 1742; x_wconf 86' lang='lat' dir='ltr'><strong>primogenitis</strong></span> <span class='ocrx_word' id='word_1_579' title='bbox 2374 1675 2641 1743; x_wconf 90' lang='lat' dir='ltr'><strong>posterior</strong></span> <span class='ocrx_word' id='word_1_580' title='bbox 2694 1674 3157 1729; x_wconf 87' lang='lat' dir='ltr'><strong>Iuerit:attamen</strong></span> <span class='ocrx_word' id='word_1_581' title='bbox 3205 1674 3318 1743; x_wconf 86' lang='lat' dir='ltr'><strong>jam</strong></span> <span class='ocrx_word' id='word_1_582' title='bbox 3367 1689 3529 1743; x_wconf 84' lang='lat' dir='ltr'><strong>supra</strong></span> 
     </span>
    </p>
   </div>
   <div class='ocr_carea' id='block_1_78' title="bbox 1941 1762 3529 1834">
    <p class='ocr_par' dir='ltr' id='par_1_78' title="bbox 1941 1762 3529 1834">
     <span class='ocr_line' id='line_1_79' title="bbox 1941 1762 3529 1834; baseline 0 -18"><span class='ocrx_word' id='word_1_583' title='bbox 1941 1771 1996 1816; x_wconf 90' lang='lat' dir='ltr'><strong>et</strong></span> <span class='ocrx_word' id='word_1_584' title='bbox 2040 1762 2168 1815; x_wconf 90' lang='lat' dir='ltr'><strong>olim</strong></span> <span class='ocrx_word' id='word_1_585' title='bbox 2212 1762 2530 1817; x_wconf 88' lang='lat' dir='ltr'><strong>videbantur</strong></span> <span class='ocrx_word' id='word_1_586' title='bbox 2572 1763 2785 1834; x_wconf 88' lang='lat' dir='ltr'><strong>aliquod</strong></span> <span class='ocrx_word' id='word_1_587' title='bbox 2816 1763 3013 1818; x_wconf 88' lang='lat' dir='ltr'><strong>habere</strong></span> <span class='ocrx_word' id='word_1_588' title='bbox 3052 1763 3409 1834; x_wconf 84' lang='lat' dir='ltr'><strong>privilegium,</strong></span> <span class='ocrx_word' id='word_1_589' title='bbox 3437 1763 3529 1832; x_wconf 89' lang='lat' dir='ltr'><strong>qui</strong></span> 
     </span>
    </p>
   </div>
   <div class='ocr_carea' id='block_1_79' title="bbox 1943 1853 3530 1929">
    <p class='ocr_par' dir='ltr' id='par_1_79' title="bbox 1943 1853 3530 1929">
     <span class='ocr_line' id='line_1_80' title="bbox 1943 1853 3530 1929; baseline 0.002 -26"><span class='ocrx_word' id='word_1_590' title='bbox 1943 1853 2156 1907; x_wconf 84' lang='lat' dir='ltr'><strong>vulvam</strong></span> <span class='ocrx_word' id='word_1_591' title='bbox 2202 1854 2388 1909; x_wconf 88' lang='lat' dir='ltr'><strong>matris</strong></span> <span class='ocrx_word' id='word_1_592' title='bbox 2437 1854 2665 1923; x_wconf 91' lang='lat' dir='ltr'><strong>primum</strong></span> <span class='ocrx_word' id='word_1_593' title='bbox 2713 1853 3112 1929; x_wconf 80' lang='lat' dir='ltr'><strong>adaperiebaut.</strong></span> <span class='ocrx_word' id='word_1_594' title='bbox 3159 1853 3307 1909; x_wconf 82' lang='lat' dir='ltr'><strong>Hanc</strong></span> <span class='ocrx_word' id='word_1_595' title='bbox 3367 1853 3530 1924; x_wconf 85' lang='lat' dir='ltr'><strong>igitur</strong></span> 
     </span>
    </p>
   </div>
   <div class='ocr_carea' id='block_1_80' title="bbox 1939 1945 3528 2016">
    <p class='ocr_par' dir='ltr' id='par_1_80' title="bbox 1939 1945 3528 2016">
     <span class='ocr_line' id='line_1_81' title="bbox 1939 1945 3528 2016; baseline 0 -16"><span class='ocrx_word' id='word_1_596' title='bbox 1939 1945 2254 2016; x_wconf 83' lang='lat' dir='ltr'><strong>dignitatem</strong></span> <span class='ocrx_word' id='word_1_597' title='bbox 2277 1988 2291 2011; x_wconf 92' lang='lat'><strong>,</strong></span> <span class='ocrx_word' id='word_1_598' title='bbox 2339 1962 2497 2016; x_wconf 79' lang='lat' dir='ltr'><strong>quam</strong></span> <span class='ocrx_word' id='word_1_599' title='bbox 2536 1962 2567 2000; x_wconf 88' lang='lat' dir='ltr'><strong>a</strong></span> <span class='ocrx_word' id='word_1_600' title='bbox 2595 1957 2779 2001; x_wconf 87' lang='lat' dir='ltr'><strong>natura</strong></span> <span class='ocrx_word' id='word_1_601' title='bbox 2827 1946 3059 2002; x_wconf 89' lang='lat' dir='ltr'><strong>habebat</strong></span> <span class='ocrx_word' id='word_1_602' title='bbox 3098 1947 3258 2009; x_wconf 73' lang='lat' dir='ltr'><strong>Esau,</strong></span> <span class='ocrx_word' id='word_1_603' title='bbox 3310 1957 3528 2016; x_wconf 88' lang='lat' dir='ltr'><strong>propter</strong></span> 
     </span>
    </p>
   </div>
   <div class='ocr_carea' id='block_1_81' title="bbox 1940 2038 3528 2109">
    <p class='ocr_par' dir='ltr' id='par_1_81' title="bbox 1940 2038 3528 2109">
     <span class='ocr_line' id='line_1_82' title="bbox 1940 2038 3528 2109; baseline 0.001 -17"><span class='ocrx_word' id='word_1_604' title='bbox 1940 2039 2409 2109; x_wconf 81' lang='lat' dir='ltr'><strong>intemperantiam</strong></span> <span class='ocrx_word' id='word_1_605' title='bbox 2458 2054 2608 2095; x_wconf 88' lang='lat' dir='ltr'><strong>suam</strong></span> <span class='ocrx_word' id='word_1_606' title='bbox 2648 2040 2917 2094; x_wconf 89' lang='lat' dir='ltr'><strong>transtulit</strong></span> <span class='ocrx_word' id='word_1_607' title='bbox 2956 2040 3008 2093; x_wconf 89' lang='lat' dir='ltr'><strong>in</strong></span> <span class='ocrx_word' id='word_1_608' title='bbox 3053 2040 3290 2094; x_wconf 88' lang='lat' dir='ltr'><strong>fratrem.</strong></span> <span class='ocrx_word' id='word_1_609' title='bbox 3326 2039 3395 2093; x_wconf 85' lang='lat' dir='ltr'><strong>Et</strong></span> <span class='ocrx_word' id='word_1_610' title='bbox 3438 2038 3528 2094; x_wconf 88' lang='lat' dir='ltr'><strong>ille</strong></span> 
     </span>
    </p>
   </div>
   <div class='ocr_carea' id='block_1_82' title="bbox 1940 2129 3528 2200">
    <p class='ocr_par' dir='ltr' id='par_1_82' title="bbox 1940 2129 3528 2200">
     <span class='ocr_line' id='line_1_83' title="bbox 1940 2129 3528 2200; baseline 0.001 -18"><span class='ocrx_word' id='word_1_611' title='bbox 1940 2129 2153 2199; x_wconf 85' lang='lat' dir='ltr'><strong>quidem</strong></span> <span class='ocrx_word' id='word_1_612' title='bbox 2202 2130 2433 2200; x_wconf 90' lang='lat' dir='ltr'><strong>perdidit</strong></span> <span class='ocrx_word' id='word_1_613' title='bbox 2473 2129 2615 2200; x_wconf 92' lang='lat' dir='ltr'><strong>quod</strong></span> <span class='ocrx_word' id='word_1_614' title='bbox 2641 2146 2672 2185; x_wconf 89' lang='lat' dir='ltr'><strong>a</strong></span> <span class='ocrx_word' id='word_1_615' title='bbox 2700 2140 2888 2185; x_wconf 87' lang='lat' dir='ltr'><strong>natura</strong></span> <span class='ocrx_word' id='word_1_616' title='bbox 2932 2130 3196 2184; x_wconf 85' lang='lat' dir='ltr'><strong>habebat:</strong></span> <span class='ocrx_word' id='word_1_617' title='bbox 3224 2130 3311 2184; x_wconf 90' lang='lat' dir='ltr'><strong>hic</strong></span> <span class='ocrx_word' id='word_1_618' title='bbox 3348 2142 3528 2184; x_wconf 87' lang='lat' dir='ltr'><strong>autem</strong></span> 
     </span>
    </p>
   </div>
   <div class='ocr_carea' id='block_1_83' title="bbox 1939 2221 3531 2292">
    <p class='ocr_par' dir='ltr' id='par_1_83' title="bbox 1939 2221 3531 2292">
     <span class='ocr_line' id='line_1_84' title="bbox 1939 2221 3531 2292; baseline 0 -16"><span class='ocrx_word' id='word_1_619' title='bbox 1939 2231 1995 2276; x_wconf 88' lang='lat' dir='ltr'><strong>et</strong></span> <span class='ocrx_word' id='word_1_620' title='bbox 2024 2221 2167 2291; x_wconf 88' lang='lat' dir='ltr'><strong>quod</strong></span> <span class='ocrx_word' id='word_1_621' title='bbox 2210 2238 2315 2277; x_wconf 91' lang='lat' dir='ltr'><strong>non</strong></span> <span class='ocrx_word' id='word_1_622' title='bbox 2346 2222 2577 2277; x_wconf 86' lang='lat' dir='ltr'><strong>habebat</strong></span> <span class='ocrx_word' id='word_1_623' title='bbox 2600 2237 2629 2276; x_wconf 89' lang='lat' dir='ltr'><strong>a</strong></span> <span class='ocrx_word' id='word_1_624' title='bbox 2659 2232 2866 2286; x_wconf 88' lang='lat' dir='ltr'><strong>natura,</strong></span> <span class='ocrx_word' id='word_1_625' title='bbox 2897 2222 3119 2292; x_wconf 77' lang='lat' dir='ltr'><strong>accepit.</strong></span> <span class='ocrx_word' id='word_1_626' title='bbox 3164 2222 3233 2276; x_wconf 88' lang='lat' dir='ltr'><strong>Et</strong></span> <span class='ocrx_word' id='word_1_627' title='bbox 3262 2223 3384 2292; x_wconf 85' lang='lat' dir='ltr'><strong>quia</strong></span> <span class='ocrx_word' id='word_1_628' title='bbox 3414 2222 3531 2276; x_wconf 63' lang='lat' dir='ltr'><strong>haec</strong></span> 
     </span>
    </p>
   </div>
   <div class='ocr_carea' id='block_1_84' title="bbox 1940 2312 3528 2385">
    <p class='ocr_par' dir='ltr' id='par_1_84' title="bbox 1940 2312 3528 2385">
     <span class='ocr_line' id='line_1_85' title="bbox 1940 2312 3528 2385; baseline -0.001 -18"><span class='ocrx_word' id='word_1_629' title='bbox 1940 2323 2094 2369; x_wconf 87' lang='lat' dir='ltr'><strong>antea</strong></span> <span class='ocrx_word' id='word_1_630' title='bbox 2124 2315 2345 2370; x_wconf 85' lang='lat' dir='ltr'><strong>oraculo</strong></span> <span class='ocrx_word' id='word_1_631' title='bbox 2383 2316 2644 2385; x_wconf 91' lang='lat' dir='ltr'><strong>promissa</strong></span> <span class='ocrx_word' id='word_1_632' title='bbox 2693 2322 2864 2381; x_wconf 87' lang='lat' dir='ltr'><strong>erant,</strong></span> <span class='ocrx_word' id='word_1_633' title='bbox 2895 2312 3018 2369; x_wconf 89' lang='lat' dir='ltr'><strong>ideo</strong></span> <span class='ocrx_word' id='word_1_634' title='bbox 3046 2313 3308 2376; x_wconf 83' lang='lat' dir='ltr'><strong>Rebecca,</strong></span> <span class='ocrx_word' id='word_1_635' title='bbox 3339 2314 3528 2382; x_wconf 79' lang='lat' dir='ltr'><strong>appel-</strong></span> 
     </span>
    </p>
   </div>
   <div class='ocr_carea' id='block_1_85' title="bbox 1938 2404 3529 2476">
    <p class='ocr_par' dir='ltr' id='par_1_85' title="bbox 1938 2404 3529 2476">
     <span class='ocr_line' id='line_1_86' title="bbox 1938 2404 3529 2476; baseline -0.003 -14"><span class='ocrx_word' id='word_1_636' title='bbox 1938 2406 2139 2464; x_wconf 86' lang='lat' dir='ltr'><strong>latione</strong></span> <span class='ocrx_word' id='word_1_637' title='bbox 2167 2408 2214 2462; x_wconf 91' lang='lat' dir='ltr'><strong>ei</strong></span> <span class='ocrx_word' id='word_1_638' title='bbox 2245 2408 2429 2471; x_wconf 90' lang='lat' dir='ltr'><strong>indita,</strong></span> <span class='ocrx_word' id='word_1_639' title='bbox 2475 2407 2640 2462; x_wconf 78' lang='lat' dir='ltr'><strong>Jacob</strong></span> <span class='ocrx_word' id='word_1_640' title='bbox 2681 2422 2805 2462; x_wconf 90' lang='lat' dir='ltr'><strong>eum</strong></span> <span class='ocrx_word' id='word_1_641' title='bbox 2854 2404 3270 2476; x_wconf 83' lang='lat' dir='ltr'><strong>vocavit:un</strong></span> <span class='ocrx_word' id='word_1_642' title='bbox 3322 2405 3529 2458; x_wconf 77' lang='lat' dir='ltr'><strong>scilicet</strong></span> 
     </span>
    </p>
   </div>
   <div class='ocr_carea' id='block_1_86' title="bbox 1939 2496 3526 2571">
    <p class='ocr_par' dir='ltr' id='par_1_86' title="bbox 1939 2496 3526 2571">
     <span class='ocr_line' id='line_1_87' title="bbox 1939 2496 3526 2571; baseline -0.005 -15"><span class='ocrx_word' id='word_1_643' title='bbox 1939 2500 2426 2571; x_wconf 88' lang='lat' dir='ltr'><strong>supplantationem</strong></span> <span class='ocrx_word' id='word_1_644' title='bbox 2478 2499 2816 2570; x_wconf 89' lang='lat' dir='ltr'><strong>interpretari</strong></span> <span class='ocrx_word' id='word_1_645' title='bbox 2874 2508 3045 2568; x_wconf 89' lang='lat' dir='ltr'><strong>potes,</strong></span> <span class='ocrx_word' id='word_1_646' title='bbox 3101 2498 3237 2553; x_wconf 91' lang='lat' dir='ltr'><strong>sicut</strong></span> <span class='ocrx_word' id='word_1_647' title='bbox 3280 2506 3337 2551; x_wconf 91' lang='lat' dir='ltr'><strong>et</strong></span> <span class='ocrx_word' id='word_1_648' title='bbox 3385 2496 3526 2551; x_wconf 77' lang='lat' dir='ltr'><strong>Esau</strong></span> 
     </span>
    </p>
   </div>
   <div class='ocr_carea' id='block_1_87' title="bbox 1938 2586 3526 2662">
    <p class='ocr_par' dir='ltr' id='par_1_87' title="bbox 1938 2586 3526 2662">
     <span class='ocr_line' id='line_1_88' title="bbox 1938 2586 3526 2662; baseline -0.005 -16"><span class='ocrx_word' id='word_1_649' title='bbox 1938 2601 2057 2662; x_wconf 90' lang='lat' dir='ltr'><strong>post</strong></span> <span class='ocrx_word' id='word_1_650' title='bbox 2084 2592 2247 2660; x_wconf 84' lang='lat' dir='ltr'><strong>patris</strong></span> <span class='ocrx_word' id='word_1_651' title='bbox 2272 2591 2674 2647; x_wconf 88' lang='lat' dir='ltr'><strong>benedictiones</strong></span> <span class='ocrx_word' id='word_1_652' title='bbox 2715 2590 2919 2659; x_wconf 83' lang='lat' dir='ltr'><strong>ejulaus</strong></span> <span class='ocrx_word' id='word_1_653' title='bbox 2944 2588 3173 2653; x_wconf 88' lang='lat' dir='ltr'><strong>dicebat,</strong></span> <span class='ocrx_word' id='word_1_654' title='bbox 3203 2586 3353 2641; x_wconf 71' lang='lat' dir='ltr'><strong>Iuste</strong></span> <span class='ocrx_word' id='word_1_655' title='bbox 3380 2604 3526 2640; x_wconf 82' lang='lat' dir='ltr'><strong>uom-</strong></span> 
     </span>
    </p>
   </div>
   <div class='ocr_carea' id='block_1_88' title="bbox 1937 2678 3527 2752">
    <p class='ocr_par' dir='ltr' id='par_1_88' title="bbox 1937 2678 3527 2752">
     <span class='ocr_line' id='line_1_89' title="bbox 1937 2678 3527 2752; baseline -0.004 -17"><span class='ocrx_word' id='word_1_656' title='bbox 1937 2692 2044 2736; x_wconf 83' lang='lat' dir='ltr'><strong>tum</strong></span> <span class='ocrx_word' id='word_1_657' title='bbox 2072 2692 2146 2737; x_wconf 75' lang='lat' dir='ltr'><strong>est</strong></span> <span class='ocrx_word' id='word_1_658' title='bbox 2185 2698 2367 2737; x_wconf 79' lang='lat' dir='ltr'><strong>nomen</strong></span> <span class='ocrx_word' id='word_1_659' title='bbox 2395 2683 2504 2752; x_wconf 77' lang='lat' dir='ltr'><strong>ejus</strong></span> <span class='ocrx_word' id='word_1_660' title='bbox 2540 2680 2702 2736; x_wconf 80' lang='lat' dir='ltr'><strong>Jacob</strong></span> <span class='ocrx_word' id='word_1_661' title='bbox 2731 2697 2751 2735; x_wconf 89' lang='lat'><strong><em>:</em></strong></span> <span class='ocrx_word' id='word_1_662' title='bbox 2775 2680 3115 2751; x_wconf 78' lang='lat' dir='ltr'><strong>supplantavit</strong></span> <span class='ocrx_word' id='word_1_663' title='bbox 3142 2680 3275 2732; x_wconf 85' lang='lat' dir='ltr'><strong>enim</strong></span> <span class='ocrx_word' id='word_1_664' title='bbox 3308 2694 3389 2732; x_wconf 88' lang='lat' dir='ltr'><strong>me</strong></span> <span class='ocrx_word' id='word_1_665' title='bbox 3412 2678 3527 2747; x_wconf 81' lang='lat' dir='ltr'><strong>jam</strong></span> 
     </span>
    </p>
   </div>
   <div class='ocr_carea' id='block_1_89' title="bbox 1934 2773 3523 2847">
    <p class='ocr_par' dir='ltr' id='par_1_89' title="bbox 1934 2773 3523 2847">
     <span class='ocr_line' id='line_1_90' title="bbox 1934 2773 3523 2847; baseline -0.003 -18"><span class='ocrx_word' id='word_1_666' title='bbox 1934 2776 2177 2840; x_wconf 68' lang='lat' dir='ltr'><strong>secundo,</strong></span> <span class='ocrx_word' id='word_1_667' title='bbox 2208 2785 2255 2830; x_wconf 87' lang='lat' dir='ltr'><strong>et</strong></span> <span class='ocrx_word' id='word_1_668' title='bbox 2301 2777 2636 2847; x_wconf 81' lang='lat' dir='ltr'><strong>primogenita</strong></span> <span class='ocrx_word' id='word_1_669' title='bbox 2677 2792 2788 2830; x_wconf 81' lang='lat' dir='ltr'><strong>mea</strong></span> <span class='ocrx_word' id='word_1_670' title='bbox 2817 2776 3027 2844; x_wconf 84' lang='lat' dir='ltr'><strong>accepit,</strong></span> <span class='ocrx_word' id='word_1_671' title='bbox 3059 2783 3104 2827; x_wconf 87' lang='lat' dir='ltr'><strong>et</strong></span> <span class='ocrx_word' id='word_1_672' title='bbox 3146 2790 3280 2827; x_wconf 81' lang='lat' dir='ltr'><strong>nunc</strong></span> <span class='ocrx_word' id='word_1_673' title='bbox 3317 2773 3523 2828; x_wconf 65' lang='grc' dir='ltr'><strong>ὤσειεάὶ-</strong></span> 
     </span>
    </p>
   </div>
   <div class='ocr_carea' id='block_1_90' title="bbox 1935 2866 2793 2939">
    <p class='ocr_par' dir='ltr' id='par_1_90' title="bbox 1935 2866 2793 2939">
     <span class='ocr_line' id='line_1_91' title="bbox 1935 2866 2793 2939; baseline 0 -18"><span class='ocrx_word' id='word_1_674' title='bbox 1935 2868 2148 2921; x_wconf 79' lang='lat' dir='ltr'><strong>ctionem</strong></span> <span class='ocrx_word' id='word_1_675' title='bbox 2176 2884 2339 2921; x_wconf 80' lang='lat' dir='ltr'><strong>meam</strong></span> <span class='ocrx_word' id='word_1_676' title='bbox 2382 2867 2532 2936; x_wconf 80' lang='lat' dir='ltr'><strong>(Gen.</strong></span> <span class='ocrx_word' id='word_1_677' title='bbox 2559 2868 2649 2921; x_wconf 76' lang='grc'><strong>27.</strong></span> <span class='ocrx_word' id='word_1_678' title='bbox 2679 2866 2793 2939; x_wconf 80' lang='grc'><strong>56).</strong></span> 
     </span>
    </p>
   </div>
   <div class='ocr_carea' id='block_1_91' title="bbox 2012 2957 3526 3028">
    <p class='ocr_par' dir='ltr' id='par_1_91' title="bbox 2012 2957 3526 3028">
     <span class='ocr_line' id='line_1_92' title="bbox 2012 2957 3526 3028; baseline -0.001 -17"><span class='ocrx_word' id='word_1_679' title='bbox 2012 2958 2063 3011; x_wconf 87' lang='grc' dir='ltr'><em>Ν</em></span> <span class='ocrx_word' id='word_1_680' title='bbox 2069 2960 2293 3013; x_wconf 68' lang='lat' dir='ltr'><strong>ominum</strong></span> <span class='ocrx_word' id='word_1_681' title='bbox 2324 2960 2642 3028; x_wconf 76' lang='lat' dir='ltr'><strong>propriorum</strong></span> <span class='ocrx_word' id='word_1_682' title='bbox 2662 2958 2915 3024; x_wconf 74' lang='lat' dir='ltr'><strong>impositio</strong></span> <span class='ocrx_word' id='word_1_683' title='bbox 2933 2987 3021 3011; x_wconf 89' lang='lat'><strong>.—</strong></span> <span class='ocrx_word' id='word_1_684' title='bbox 3038 2957 3169 3011; x_wconf 75' lang='lat' dir='ltr'><strong>Vide</strong></span> <span class='ocrx_word' id='word_1_685' title='bbox 3193 2967 3389 3027; x_wconf 84' lang='lat' dir='ltr'><strong>quanta</strong></span> <span class='ocrx_word' id='word_1_686' title='bbox 3411 2966 3526 3011; x_wconf 79' lang='lat' dir='ltr'><strong>erat</strong></span> 
     </span>
    </p>
   </div>
   <div class='ocr_carea' id='block_1_92' title="bbox 1936 3048 3524 3122">
    <p class='ocr_par' dir='ltr' id='par_1_92' title="bbox 1936 3048 3524 3122">
     <span class='ocr_line' id='line_1_93' title="bbox 1936 3048 3524 3122; baseline -0.004 -15"><span class='ocrx_word' id='word_1_687' title='bbox 1936 3053 2236 3120; x_wconf 89' lang='lat' dir='ltr'><strong>priscorum</strong></span> <span class='ocrx_word' id='word_1_688' title='bbox 2286 3051 2589 3122; x_wconf 87' lang='lat' dir='ltr'><strong>prudentia,</strong></span> <span class='ocrx_word' id='word_1_689' title='bbox 2645 3051 2729 3106; x_wconf 90' lang='lat' dir='ltr'><strong>vel</strong></span> <span class='ocrx_word' id='word_1_690' title='bbox 2772 3052 2966 3121; x_wconf 90' lang='lat' dir='ltr'><strong>potius,</strong></span> <span class='ocrx_word' id='word_1_691' title='bbox 2996 3059 3189 3119; x_wconf 84' lang='lat' dir='ltr'><strong>quanta</strong></span> <span class='ocrx_word' id='word_1_692' title='bbox 3240 3048 3404 3104; x_wconf 90' lang='lat' dir='ltr'><strong>fuerit</strong></span> <span class='ocrx_word' id='word_1_693' title='bbox 3434 3048 3524 3102; x_wconf 89' lang='lat' dir='ltr'><strong>Dei</strong></span> 
     </span>
    </p>
   </div>
   <div class='ocr_carea' id='block_1_93' title="bbox 1936 3140 3524 3212">
    <p class='ocr_par' dir='ltr' id='par_1_93' title="bbox 1936 3140 3524 3212">
     <span class='ocr_line' id='line_1_94' title="bbox 1936 3140 3524 3212; baseline -0.003 -15"><span class='ocrx_word' id='word_1_694' title='bbox 1936 3142 2220 3212; x_wconf 83' lang='lat' dir='ltr'><strong>sapientia,</strong></span> <span class='ocrx_word' id='word_1_695' title='bbox 2271 3156 2373 3211; x_wconf 85' lang='lat' dir='ltr'><strong>qua</strong></span> <span class='ocrx_word' id='word_1_696' title='bbox 2420 3142 2657 3198; x_wconf 77' lang='lat' dir='ltr'><strong>eﬂ‘ecerit</strong></span> <span class='ocrx_word' id='word_1_697' title='bbox 2686 3151 2743 3197; x_wconf 90' lang='lat' dir='ltr'><strong>ut</strong></span> <span class='ocrx_word' id='word_1_698' title='bbox 2784 3151 2838 3196; x_wconf 89' lang='lat' dir='ltr'><strong>et</strong></span> <span class='ocrx_word' id='word_1_699' title='bbox 2864 3142 3112 3195; x_wconf 89' lang='lat' dir='ltr'><strong>mulieres</strong></span> <span class='ocrx_word' id='word_1_700' title='bbox 3143 3140 3279 3195; x_wconf 91' lang='lat' dir='ltr'><strong>natis</strong></span> <span class='ocrx_word' id='word_1_701' title='bbox 3308 3141 3524 3194; x_wconf 85' lang='lat' dir='ltr'><strong>nomina</strong></span> 
     </span>
    </p>
   </div>
   <div class='ocr_carea' id='block_1_94' title="bbox 1936 3231 3525 3302">
    <p class='ocr_par' dir='ltr' id='par_1_94' title="bbox 1936 3231 3525 3302">
     <span class='ocr_line' id='line_1_95' title="bbox 1936 3231 3525 3302; baseline -0.001 -15"><span class='ocrx_word' id='word_1_702' title='bbox 1936 3249 2041 3287; x_wconf 91' lang='lat' dir='ltr'><strong>non</strong></span> <span class='ocrx_word' id='word_1_703' title='bbox 2068 3242 2270 3288; x_wconf 90' lang='lat' dir='ltr'><strong>temere</strong></span> <span class='ocrx_word' id='word_1_704' title='bbox 2297 3248 2397 3288; x_wconf 89' lang='lat' dir='ltr'><strong>nec</strong></span> <span class='ocrx_word' id='word_1_705' title='bbox 2422 3232 2641 3288; x_wconf 87' lang='lat' dir='ltr'><strong>fortuito</strong></span> <span class='ocrx_word' id='word_1_706' title='bbox 2682 3236 3033 3302; x_wconf 86' lang='lat' dir='ltr'><strong>imponerent,</strong></span> <span class='ocrx_word' id='word_1_707' title='bbox 3068 3231 3159 3287; x_wconf 89' lang='lat' dir='ltr'><strong>sed</strong></span> <span class='ocrx_word' id='word_1_708' title='bbox 3190 3232 3408 3286; x_wconf 85' lang='lat' dir='ltr'><strong>nomina</strong></span> <span class='ocrx_word' id='word_1_709' title='bbox 3434 3232 3525 3286; x_wconf 80' lang='lat' dir='ltr'><strong>da—</strong></span> 
     </span>
    </p>
   </div>
   <div class='ocr_carea' id='block_1_95' title="bbox 1936 3324 3528 3396">
    <p class='ocr_par' dir='ltr' id='par_1_95' title="bbox 1936 3324 3528 3396">
     <span class='ocr_line' id='line_1_96' title="bbox 1936 3324 3528 3396; baseline 0.003 -18"><span class='ocrx_word' id='word_1_710' title='bbox 1936 3334 2077 3390; x_wconf 90' lang='lat' dir='ltr'><strong>rent,</strong></span> <span class='ocrx_word' id='word_1_711' title='bbox 2106 3341 2225 3395; x_wconf 71' lang='lat' dir='ltr'><strong>qua:</strong></span> <span class='ocrx_word' id='word_1_712' title='bbox 2266 3325 2385 3380; x_wconf 81' lang='lat' dir='ltr'><strong>ﬁliis</strong></span> <span class='ocrx_word' id='word_1_713' title='bbox 2412 3334 2594 3381; x_wconf 89' lang='lat' dir='ltr'><strong>essent</strong></span> <span class='ocrx_word' id='word_1_714' title='bbox 2639 3328 2933 3381; x_wconf 87' lang='lat' dir='ltr'><strong>futurorum</strong></span> <span class='ocrx_word' id='word_1_715' title='bbox 2978 3324 3268 3396; x_wconf 69' lang='lat' dir='ltr'><strong>prtedietio.</strong></span> <span class='ocrx_word' id='word_1_716' title='bbox 3300 3326 3369 3380; x_wconf 85' lang='lat' dir='ltr'><strong>Et</strong></span> <span class='ocrx_word' id='word_1_717' title='bbox 3406 3343 3528 3382; x_wconf 82' lang='lat' dir='ltr'><strong>raro</strong></span> 
     </span>
    </p>
   </div>
   <div class='ocr_carea' id='block_1_96' title="bbox 1936 3418 3524 3490">
    <p class='ocr_par' dir='ltr' id='par_1_96' title="bbox 1936 3418 3524 3490">
     <span class='ocr_line' id='line_1_97' title="bbox 1936 3418 3524 3490; baseline 0.001 -17"><span class='ocrx_word' id='word_1_718' title='bbox 1936 3418 2177 3474; x_wconf 90' lang='lat' dir='ltr'><strong>invenies</strong></span> <span class='ocrx_word' id='word_1_719' title='bbox 2202 3418 2392 3474; x_wconf 89' lang='lat' dir='ltr'><strong>eodem</strong></span> <span class='ocrx_word' id='word_1_720' title='bbox 2425 3433 2530 3489; x_wconf 88' lang='lat' dir='ltr'><strong>quo</strong></span> <span class='ocrx_word' id='word_1_721' title='bbox 2574 3428 2751 3490; x_wconf 88' lang='lat' dir='ltr'><strong>patres</strong></span> <span class='ocrx_word' id='word_1_722' title='bbox 2805 3419 3018 3474; x_wconf 89' lang='lat' dir='ltr'><strong>nomine</strong></span> <span class='ocrx_word' id='word_1_723' title='bbox 3060 3420 3315 3489; x_wconf 85' lang='lat' dir='ltr'><strong>appellari</strong></span> <span class='ocrx_word' id='word_1_724' title='bbox 3350 3420 3487 3474; x_wconf 81' lang='lat' dir='ltr'><strong>filios</strong></span> <span class='ocrx_word' id='word_1_725' title='bbox 3508 3462 3524 3484; x_wconf 91' lang='lat'><strong>,</strong></span> 
     </span>
    </p>
   </div>
   <div class='ocr_carea' id='block_1_97' title="bbox 1934 3510 3527 3583">
    <p class='ocr_par' dir='ltr' id='par_1_97' title="bbox 1934 3510 3527 3583">
     <span class='ocr_line' id='line_1_98' title="bbox 1934 3510 3527 3583; baseline 0.003 -18"><span class='ocrx_word' id='word_1_726' title='bbox 1934 3512 2016 3568; x_wconf 89' lang='lat' dir='ltr'><strong>vel</strong></span> <span class='ocrx_word' id='word_1_727' title='bbox 2045 3510 2183 3567; x_wconf 86' lang='lat' dir='ltr'><strong>forte</strong></span> <span class='ocrx_word' id='word_1_728' title='bbox 2208 3527 2467 3581; x_wconf 87' lang='lat' dir='ltr'><strong>nusquam</strong></span> <span class='ocrx_word' id='word_1_729' title='bbox 2502 3531 2515 3567; x_wconf 89' lang='lat'><strong>:</strong></span> <span class='ocrx_word' id='word_1_730' title='bbox 2548 3512 2641 3568; x_wconf 90' lang='lat' dir='ltr'><strong>sed</strong></span> <span class='ocrx_word' id='word_1_731' title='bbox 2669 3512 2783 3568; x_wconf 90' lang='lat' dir='ltr'><strong>sive</strong></span> <span class='ocrx_word' id='word_1_732' title='bbox 2810 3521 2979 3567; x_wconf 84' lang='lat' dir='ltr'><strong>mater</strong></span> <span class='ocrx_word' id='word_1_733' title='bbox 3007 3513 3124 3568; x_wconf 90' lang='lat' dir='ltr'><strong>sive</strong></span> <span class='ocrx_word' id='word_1_734' title='bbox 3154 3523 3301 3583; x_wconf 83' lang='lat' dir='ltr'><strong>pater</strong></span> <span class='ocrx_word' id='word_1_735' title='bbox 3331 3529 3527 3570; x_wconf 88' lang='lat' dir='ltr'><strong>nomen</strong></span> 
     </span>
    </p>
   </div>
   <div class='ocr_carea' id='block_1_98' title="bbox 1936 3606 3527 3676">
    <p class='ocr_par' dir='ltr' id='par_1_98' title="bbox 1936 3606 3527 3676">
     <span class='ocr_line' id='line_1_99' title="bbox 1936 3606 3527 3676; baseline 0.003 -17"><span class='ocrx_word' id='word_1_736' title='bbox 1936 3606 2047 3661; x_wconf 86' lang='lat' dir='ltr'><strong>filio</strong></span> <span class='ocrx_word' id='word_1_737' title='bbox 2079 3607 2422 3676; x_wconf 87' lang='lat' dir='ltr'><strong>impositurus</strong></span> <span class='ocrx_word' id='word_1_738' title='bbox 2449 3615 2586 3672; x_wconf 85' lang='lat' dir='ltr'><strong>erat,</strong></span> <span class='ocrx_word' id='word_1_739' title='bbox 2617 3622 2796 3661; x_wconf 89' lang='lat' dir='ltr'><strong>rarum</strong></span> <span class='ocrx_word' id='word_1_740' title='bbox 2822 3606 3091 3676; x_wconf 88' lang='lat' dir='ltr'><strong>quoddam</strong></span> <span class='ocrx_word' id='word_1_741' title='bbox 3116 3616 3170 3661; x_wconf 91' lang='lat' dir='ltr'><strong>et</strong></span> <span class='ocrx_word' id='word_1_742' title='bbox 3194 3624 3390 3662; x_wconf 87' lang='lat' dir='ltr'><strong>novum</strong></span> <span class='ocrx_word' id='word_1_743' title='bbox 3422 3610 3527 3663; x_wconf 85' lang='lat' dir='ltr'><strong>im—</strong></span> 
     </span>
    </p>
   </div>
   <div class='ocr_carea' id='block_1_99' title="bbox 1936 3698 3526 3770">
    <p class='ocr_par' dir='ltr' id='par_1_99' title="bbox 1936 3698 3526 3770">
     <span class='ocr_line' id='line_1_100' title="bbox 1936 3698 3526 3770; baseline 0.003 -21"><span class='ocrx_word' id='word_1_744' title='bbox 1936 3699 2188 3767; x_wconf 86' lang='lat' dir='ltr'><strong>ponebat,</strong></span> <span class='ocrx_word' id='word_1_745' title='bbox 2223 3708 2279 3753; x_wconf 90' lang='lat' dir='ltr'><strong>nt</strong></span> <span class='ocrx_word' id='word_1_746' title='bbox 2325 3714 2421 3767; x_wconf 90' lang='lat' dir='ltr'><strong>per</strong></span> <span class='ocrx_word' id='word_1_747' title='bbox 2468 3699 2593 3754; x_wconf 90' lang='lat' dir='ltr'><strong>illud</strong></span> <span class='ocrx_word' id='word_1_748' title='bbox 2625 3699 2797 3769; x_wconf 90' lang='lat' dir='ltr'><strong>aliqua</strong></span> <span class='ocrx_word' id='word_1_749' title='bbox 2851 3698 3023 3753; x_wconf 82' lang='lat' dir='ltr'><strong>futura</strong></span> <span class='ocrx_word' id='word_1_750' title='bbox 3066 3701 3526 3770; x_wconf 69' lang='lat' dir='ltr'><strong>prtesignilicaret.</strong></span> 
     </span>
    </p>
   </div>
   <div class='ocr_carea' id='block_1_100' title="bbox 1935 3789 3529 3869">
    <p class='ocr_par' dir='ltr' id='par_1_100' title="bbox 1935 3789 3529 3869">
     <span class='ocr_line' id='line_1_101' title="bbox 1935 3789 3529 3869; baseline 0.001 -25"><span class='ocrx_word' id='word_1_751' title='bbox 1935 3790 2011 3844; x_wconf 89' lang='lat' dir='ltr'><strong>Ita</strong></span> <span class='ocrx_word' id='word_1_752' title='bbox 2039 3798 2093 3845; x_wconf 91' lang='lat' dir='ltr'><strong>et</strong></span> <span class='ocrx_word' id='word_1_753' title='bbox 2121 3789 2350 3845; x_wconf 89' lang='lat' dir='ltr'><strong>Lamech</strong></span> <span class='ocrx_word' id='word_1_754' title='bbox 2393 3790 2555 3843; x_wconf 83' lang='lat' dir='ltr'><strong>lilium</strong></span> <span class='ocrx_word' id='word_1_755' title='bbox 2601 3792 2811 3869; x_wconf 87' lang='lat' dir='ltr'><strong>vocavit</strong></span> <span class='ocrx_word' id='word_1_756' title='bbox 2854 3790 2988 3854; x_wconf 84' lang='lat' dir='ltr'><strong>Noe.</strong></span> <span class='ocrx_word' id='word_1_757' title='bbox 3034 3792 3260 3845; x_wconf 84' lang='lat' dir='ltr'><strong>dicens:</strong></span> <span class='ocrx_word' id='word_1_758' title='bbox 3293 3790 3396 3845; x_wconf 80' lang='lat' dir='ltr'><strong>Hic</strong></span> <span class='ocrx_word' id='word_1_759' title='bbox 3434 3809 3529 3846; x_wconf 76' lang='lat' dir='ltr'><strong>nos</strong></span> 
     </span>
    </p>
   </div>
   <div class='ocr_carea' id='block_1_101' title="bbox 1935 3882 3527 3955">
    <p class='ocr_par' dir='ltr' id='par_1_101' title="bbox 1935 3882 3527 3955">
     <span class='ocr_line' id='line_1_102' title="bbox 1935 3882 3527 3955; baseline 0.004 -20"><span class='ocrx_word' id='word_1_760' title='bbox 1935 3884 2247 3954; x_wconf 81' lang='lat' dir='ltr'><strong>requiescere</strong></span> <span class='ocrx_word' id='word_1_761' title='bbox 2288 3884 2438 3953; x_wconf 69' lang='lat' dir='ltr'><strong>faciet</strong></span> <span class='ocrx_word' id='word_1_762' title='bbox 2470 3882 2621 3952; x_wconf 82' lang='lat' dir='ltr'><strong>(Gen.</strong></span> <span class='ocrx_word' id='word_1_763' title='bbox 2651 3884 2702 3939; x_wconf 81' lang='grc'><strong>5.</strong></span> <span class='ocrx_word' id='word_1_764' title='bbox 2732 3883 2849 3954; x_wconf 74' lang='grc'><strong>29).</strong></span> <span class='ocrx_word' id='word_1_765' title='bbox 2884 3883 2957 3937; x_wconf 82' lang='lat' dir='ltr'><strong>Ita</strong></span> <span class='ocrx_word' id='word_1_766' title='bbox 3000 3885 3042 3938; x_wconf 92' lang='lat' dir='ltr'><strong>si</strong></span> <span class='ocrx_word' id='word_1_767' title='bbox 3072 3885 3274 3955; x_wconf 84' lang='lat' dir='ltr'><strong>singula</strong></span> <span class='ocrx_word' id='word_1_768' title='bbox 3305 3887 3527 3941; x_wconf 88' lang='lat' dir='ltr'><strong>nomina</strong></span> 
     </span>
    </p>
   </div>
   <div class='ocr_carea' id='block_1_102' title="bbox 1936 3977 3527 4048">
    <p class='ocr_par' dir='ltr' id='par_1_102' title="bbox 1936 3977 3527 4048">
     <span class='ocr_line' id='line_1_103' title="bbox 1936 3977 3527 4048; baseline 0.003 -19"><span class='ocrx_word' id='word_1_769' title='bbox 1936 3978 2208 4041; x_wconf 88' lang='lat' dir='ltr'><strong>scrtiteris,</strong></span> <span class='ocrx_word' id='word_1_770' title='bbox 2240 3977 2459 4031; x_wconf 90' lang='lat' dir='ltr'><strong>omnino</strong></span> <span class='ocrx_word' id='word_1_771' title='bbox 2492 3977 2544 4031; x_wconf 90' lang='lat' dir='ltr'><strong>in</strong></span> <span class='ocrx_word' id='word_1_772' title='bbox 2591 3977 3102 4033; x_wconf 84' lang='lat' dir='ltr'><strong>mnuibusinvenics</strong></span> <span class='ocrx_word' id='word_1_773' title='bbox 3150 3979 3347 4048; x_wconf 87' lang='lat' dir='ltr'><strong>aliquid</strong></span> <span class='ocrx_word' id='word_1_774' title='bbox 3394 3982 3527 4034; x_wconf 78' lang='lat' dir='ltr'><strong>insi-</strong></span> 
     </span>
    </p>
   </div>
   <div class='ocr_carea' id='block_1_103' title="bbox 1939 4068 3529 4140">
    <p class='ocr_par' dir='ltr' id='par_1_103' title="bbox 1939 4068 3529 4140">
     <span class='ocr_line' id='line_1_104' title="bbox 1939 4068 3529 4140; baseline 0.003 -18"><span class='ocrx_word' id='word_1_775' title='bbox 1939 4069 2090 4122; x_wconf 90' lang='lat' dir='ltr'><strong>nuari</strong></span> <span class='ocrx_word' id='word_1_776' title='bbox 2126 4084 2139 4121; x_wconf 87' lang='lat'>:</span> <span class='ocrx_word' id='word_1_777' title='bbox 2173 4084 2277 4123; x_wconf 90' lang='lat' dir='ltr'><strong>non</strong></span> <span class='ocrx_word' id='word_1_778' title='bbox 2308 4070 2443 4123; x_wconf 89' lang='lat' dir='ltr'><strong>sicut</strong></span> <span class='ocrx_word' id='word_1_779' title='bbox 2468 4083 2607 4123; x_wconf 91' lang='lat' dir='ltr'><strong>nunc</strong></span> <span class='ocrx_word' id='word_1_780' title='bbox 2632 4068 2850 4135; x_wconf 88' lang='lat' dir='ltr'><strong>faciunt,</strong></span> <span class='ocrx_word' id='word_1_781' title='bbox 2884 4070 2973 4140; x_wconf 92' lang='lat' dir='ltr'><strong>qui</strong></span> <span class='ocrx_word' id='word_1_782' title='bbox 2999 4080 3200 4126; x_wconf 89' lang='lat' dir='ltr'><strong>temere</strong></span> <span class='ocrx_word' id='word_1_783' title='bbox 3226 4081 3280 4125; x_wconf 90' lang='lat' dir='ltr'><strong>et</strong></span> <span class='ocrx_word' id='word_1_784' title='bbox 3307 4083 3363 4126; x_wconf 91' lang='lat' dir='ltr'><strong>ut</strong></span> <span class='ocrx_word' id='word_1_785' title='bbox 3389 4072 3529 4127; x_wconf 84' lang='lat' dir='ltr'><strong>forte</strong></span> 
     </span>
    </p>
   </div>
   <div class='ocr_carea' id='block_1_104' title="bbox 1936 4159 3529 4230">
    <p class='ocr_par' dir='ltr' id='par_1_104' title="bbox 1936 4159 3529 4230">
     <span class='ocr_line' id='line_1_105' title="bbox 1936 4159 3529 4230; baseline 0.003 -17"><span class='ocrx_word' id='word_1_786' title='bbox 1936 4159 2133 4225; x_wconf 88' lang='lat' dir='ltr'><strong>evenit,</strong></span> <span class='ocrx_word' id='word_1_787' title='bbox 2165 4175 2193 4213; x_wconf 92' lang='lat' dir='ltr'><strong>a</strong></span> <span class='ocrx_word' id='word_1_788' title='bbox 2222 4159 2529 4230; x_wconf 87' lang='lat' dir='ltr'><strong>parentibus</strong></span> <span class='ocrx_word' id='word_1_789' title='bbox 2558 4162 2903 4229; x_wconf 87' lang='lat' dir='ltr'><strong>agnominare</strong></span> <span class='ocrx_word' id='word_1_790' title='bbox 2930 4162 3105 4217; x_wconf 91' lang='lat' dir='ltr'><strong>solent</strong></span> <span class='ocrx_word' id='word_1_791' title='bbox 3136 4181 3150 4217; x_wconf 86' lang='lat'><strong>:</strong></span> <span class='ocrx_word' id='word_1_792' title='bbox 3180 4164 3276 4219; x_wconf 87' lang='lat' dir='ltr'><strong>sed</strong></span> <span class='ocrx_word' id='word_1_793' title='bbox 3304 4167 3529 4220; x_wconf 88' lang='lat' dir='ltr'><strong>omnino</strong></span> 
     </span>
    </p>
   </div>
   <div class='ocr_carea' id='block_1_105' title="bbox 1937 4250 3529 4327">
    <p class='ocr_par' dir='ltr' id='par_1_105' title="bbox 1937 4250 3529 4327">
     <span class='ocr_line' id='line_1_106' title="bbox 1937 4250 3529 4327; baseline 0.004 -23"><span class='ocrx_word' id='word_1_794' title='bbox 1937 4250 2061 4305; x_wconf 90' lang='lat' dir='ltr'><strong>illuc</strong></span> <span class='ocrx_word' id='word_1_795' title='bbox 2089 4250 2417 4320; x_wconf 85' lang='lat' dir='ltr'><strong>spectabant,</strong></span> <span class='ocrx_word' id='word_1_796' title='bbox 2446 4262 2504 4306; x_wconf 89' lang='lat' dir='ltr'><strong>ut</strong></span> <span class='ocrx_word' id='word_1_797' title='bbox 2529 4262 2836 4321; x_wconf 86' lang='lat' dir='ltr'><strong>perpetuam</strong></span> <span class='ocrx_word' id='word_1_798' title='bbox 2864 4253 3173 4308; x_wconf 88' lang='lat' dir='ltr'><strong>memoriam</strong></span> <span class='ocrx_word' id='word_1_799' title='bbox 3218 4270 3313 4325; x_wconf 85' lang='lat' dir='ltr'><strong>per</strong></span> <span class='ocrx_word' id='word_1_800' title='bbox 3336 4257 3529 4327; x_wconf 87' lang='lat' dir='ltr'><strong>appel-</strong></span> 
     </span>
    </p>
   </div>
   <div class='ocr_carea' id='block_1_106' title="bbox 1940 4345 3531 4407">
    <p class='ocr_par' dir='ltr' id='par_1_106' title="bbox 1940 4345 3531 4407">
     <span class='ocr_line' id='line_1_107' title="bbox 1940 4345 3531 4407; baseline 0.004 -6"><span class='ocrx_word' id='word_1_801' title='bbox 1940 4347 2191 4401; x_wconf 88' lang='lat' dir='ltr'><strong>lationem</strong></span> <span class='ocrx_word' id='word_1_802' title='bbox 2213 4346 2355 4401; x_wconf 90' lang='lat' dir='ltr'><strong>illam</strong></span> <span class='ocrx_word' id='word_1_803' title='bbox 2376 4345 2497 4401; x_wconf 80' lang='lat' dir='ltr'><strong>filiis</strong></span> <span class='ocrx_word' id='word_1_804' title='bbox 2515 4346 2777 4402; x_wconf 91' lang='lat' dir='ltr'><strong>inderent.</strong></span> <span class='ocrx_word' id='word_1_805' title='bbox 2797 4347 3061 4403; x_wconf 64' lang='lat' dir='ltr'><strong>Caeterum</strong></span> <span class='ocrx_word' id='word_1_806' title='bbox 3080 4348 3355 4405; x_wconf 89' lang='lat' dir='ltr'><strong>videamus</strong></span> <span class='ocrx_word' id='word_1_807' title='bbox 3388 4366 3531 4407; x_wconf 87' lang='lat' dir='ltr'><strong>nunc</strong></span> 
     </span>
    </p>
   </div>
   <div class='ocr_carea' id='block_1_107' title="bbox 1938 4438 3533 4509">
    <p class='ocr_par' dir='ltr' id='par_1_107' title="bbox 1938 4438 3533 4509">
     <span class='ocr_line' id='line_1_108' title="bbox 1938 4438 3533 4509; baseline 0.004 -18"><span class='ocrx_word' id='word_1_808' title='bbox 1938 4446 2057 4507; x_wconf 88' lang='lat' dir='ltr'><strong>post</strong></span> <span class='ocrx_word' id='word_1_809' title='bbox 2086 4438 2514 4507; x_wconf 68' lang='lat' dir='ltr'><strong>primogenitum</strong></span> <span class='ocrx_word' id='word_1_810' title='bbox 2537 4439 3001 4507; x_wconf 87' lang='lat' dir='ltr'><strong>permutationem,</strong></span> <span class='ocrx_word' id='word_1_811' title='bbox 3016 4440 3140 4509; x_wconf 86' lang='lat' dir='ltr'><strong>quid</strong></span> <span class='ocrx_word' id='word_1_812' title='bbox 3160 4439 3351 4495; x_wconf 91' lang='lat' dir='ltr'><strong>iterum</strong></span> <span class='ocrx_word' id='word_1_813' title='bbox 3374 4442 3533 4497; x_wconf 86' lang='lat' dir='ltr'><strong>nobis</strong></span> 
     </span>
    </p>
   </div>
   <div class='ocr_carea' id='block_1_108' title="bbox 1939 4525 3534 4602">
    <p class='ocr_par' dir='ltr' id='par_1_108' title="bbox 1939 4525 3534 4602">
     <span class='ocr_line' id='line_1_109' title="bbox 1939 4525 3534 4602; baseline 0.001 -17"><span class='ocrx_word' id='word_1_814' title='bbox 1939 4538 2120 4585; x_wconf 87' lang='lat' dir='ltr'><strong>narret</strong></span> <span class='ocrx_word' id='word_1_815' title='bbox 2162 4528 2349 4583; x_wconf 89' lang='lat' dir='ltr'><strong>beatus</strong></span> <span class='ocrx_word' id='word_1_816' title='bbox 2377 4528 2550 4585; x_wconf 84' lang='lat' dir='ltr'><strong>Moses</strong></span> <span class='ocrx_word' id='word_1_817' title='bbox 2589 4528 2657 4586; x_wconf 92' lang='lat' dir='ltr'><strong>de</strong></span> <span class='ocrx_word' id='word_1_818' title='bbox 2706 4525 2854 4598; x_wconf 69' lang='lat' dir='ltr'><strong>patre</strong></span> <span class='ocrx_word' id='word_1_819' title='bbox 2900 4530 3128 4596; x_wconf 75' lang='lat' dir='ltr'><strong>illorum,</strong></span> <span class='ocrx_word' id='word_1_820' title='bbox 3160 4540 3215 4587; x_wconf 90' lang='lat' dir='ltr'><strong>et</strong></span> <span class='ocrx_word' id='word_1_821' title='bbox 3258 4534 3534 4602; x_wconf 88' lang='lat' dir='ltr'><strong>quomodo</strong></span> 
     </span>
    </p>
   </div>
   <div class='ocr_carea' id='block_1_109' title="bbox 1937 4618 3529 4692">
    <p class='ocr_par' dir='ltr' id='par_1_109' title="bbox 1937 4618 3529 4692">
     <span class='ocr_line' id='line_1_110' title="bbox 1937 4618 3529 4692; baseline 0.003 -19"><span class='ocrx_word' id='word_1_822' title='bbox 1937 4619 2075 4673; x_wconf 90' lang='lat' dir='ltr'><strong>sicut</strong></span> <span class='ocrx_word' id='word_1_823' title='bbox 2105 4618 2175 4673; x_wconf 91' lang='lat' dir='ltr'><strong>de</strong></span> <span class='ocrx_word' id='word_1_824' title='bbox 2205 4618 2505 4688; x_wconf 88' lang='lat' dir='ltr'><strong>patriarcha</strong></span> <span class='ocrx_word' id='word_1_825' title='bbox 2526 4618 2723 4674; x_wconf 89' lang='lat' dir='ltr'><strong>dictum</strong></span> <span class='ocrx_word' id='word_1_826' title='bbox 2750 4630 2851 4683; x_wconf 91' lang='lat' dir='ltr'><strong>est,</strong></span> <span class='ocrx_word' id='word_1_827' title='bbox 2887 4619 2955 4674; x_wconf 92' lang='lat' dir='ltr'><strong>ita</strong></span> <span class='ocrx_word' id='word_1_828' title='bbox 2980 4630 3034 4677; x_wconf 87' lang='lat' dir='ltr'><strong>et</strong></span> <span class='ocrx_word' id='word_1_829' title='bbox 3058 4620 3124 4675; x_wconf 89' lang='lat' dir='ltr'><strong>de</strong></span> <span class='ocrx_word' id='word_1_830' title='bbox 3150 4619 3250 4675; x_wconf 87' lang='lat' dir='ltr'><strong>hoc</strong></span> <span class='ocrx_word' id='word_1_831' title='bbox 3277 4623 3529 4692; x_wconf 85' lang='lat' dir='ltr'><strong>legimus,</strong></span> 
     </span>
    </p>
   </div>
   <div class='ocr_carea' id='block_1_110' title="bbox 1937 4711 3532 4783">
    <p class='ocr_par' dir='ltr' id='par_1_110' title="bbox 1937 4711 3532 4783">
     <span class='ocr_line' id='line_1_111' title="bbox 1937 4711 3532 4783; baseline 0.001 -15"><span class='ocrx_word' id='word_1_832' title='bbox 1937 4727 2059 4768; x_wconf 90' lang='lat' dir='ltr'><strong>eum</strong></span> <span class='ocrx_word' id='word_1_833' title='bbox 2092 4711 2233 4767; x_wconf 89' lang='lat' dir='ltr'><strong>fame</strong></span> <span class='ocrx_word' id='word_1_834' title='bbox 2258 4713 2538 4783; x_wconf 85' lang='lat' dir='ltr'><strong>ingruente</strong></span> <span class='ocrx_word' id='word_1_835' title='bbox 2562 4713 2780 4767; x_wconf 88' lang='lat' dir='ltr'><strong>multam</strong></span> <span class='ocrx_word' id='word_1_836' title='bbox 2812 4713 2903 4767; x_wconf 83' lang='lat' dir='ltr'><strong>Dei</strong></span> <span class='ocrx_word' id='word_1_837' title='bbox 2932 4728 3111 4768; x_wconf 86' lang='lat' dir='ltr'><strong>curam</strong></span> <span class='ocrx_word' id='word_1_838' title='bbox 3138 4716 3389 4779; x_wconf 79' lang='lat' dir='ltr'><strong>sensisse,</strong></span> <span class='ocrx_word' id='word_1_839' title='bbox 3413 4724 3532 4770; x_wconf 88' lang='lat' dir='ltr'><strong>tum</strong></span> 
     </span>
    </p>
   </div>
   <div class='ocr_carea' id='block_1_111' title="bbox 1939 4804 3537 4876">
    <p class='ocr_par' dir='ltr' id='par_1_111' title="bbox 1939 4804 3537 4876">
     <span class='ocr_line' id='line_1_112' title="bbox 1939 4804 3537 4876; baseline 0.003 -18"><span class='ocrx_word' id='word_1_840' title='bbox 1939 4812 2157 4874; x_wconf 91' lang='lat' dir='ltr'><strong>propter</strong></span> <span class='ocrx_word' id='word_1_841' title='bbox 2185 4804 2434 4858; x_wconf 89' lang='lat' dir='ltr'><strong>virtutem</strong></span> <span class='ocrx_word' id='word_1_842' title='bbox 2463 4805 2728 4873; x_wconf 82' lang='lat' dir='ltr'><strong>prepriam</strong></span> <span class='ocrx_word' id='word_1_843' title='bbox 2751 4846 2765 4871; x_wconf 94' lang='lat'><strong>,</strong></span> <span class='ocrx_word' id='word_1_844' title='bbox 2799 4815 2909 4859; x_wconf 90' lang='lat' dir='ltr'><strong>tum</strong></span> <span class='ocrx_word' id='word_1_845' title='bbox 2952 4816 3172 4876; x_wconf 91' lang='lat' dir='ltr'><strong>propter</strong></span> <span class='ocrx_word' id='word_1_846' title='bbox 3214 4808 3537 4875; x_wconf 85' lang='lat' dir='ltr'><strong>promissio-</strong></span> 
     </span>
    </p>
   </div>
   <div class='ocr_carea' id='block_1_112' title="bbox 1939 4896 3537 4971">
    <p class='ocr_par' dir='ltr' id='par_1_112' title="bbox 1939 4896 3537 4971">
     <span class='ocr_line' id='line_1_113' title="bbox 1939 4896 3537 4971; baseline 0.003 -20"><span class='ocrx_word' id='word_1_847' title='bbox 1939 4912 2062 4952; x_wconf 90' lang='lat' dir='ltr'><strong>nem</strong></span> <span class='ocrx_word' id='word_1_848' title='bbox 2090 4897 2407 4968; x_wconf 78' lang='lat' dir='ltr'><strong>patriarchze</strong></span> <span class='ocrx_word' id='word_1_849' title='bbox 2436 4896 2648 4952; x_wconf 87' lang='lat' dir='ltr'><strong>factam.</strong></span> <span class='ocrx_word' id='word_1_850' title='bbox 2681 4899 2731 4951; x_wconf 90' lang='grc'><strong>1.</strong></span> <span class='ocrx_word' id='word_1_851' title='bbox 2768 4896 2930 4951; x_wconf 83' lang='lat' dir='ltr'><strong>Facta</strong></span> <span class='ocrx_word' id='word_1_852' title='bbox 2969 4909 3043 4952; x_wconf 83' lang='lat' dir='ltr'><strong>est</strong></span> <span class='ocrx_word' id='word_1_853' title='bbox 3065 4908 3233 4953; x_wconf 83' lang='lat' dir='ltr'><strong>autem</strong></span> <span class='ocrx_word' id='word_1_854' title='bbox 3261 4904 3417 4971; x_wconf 70' lang='lat' dir='ltr'><strong>fante:</strong></span> <span class='ocrx_word' id='word_1_855' title='bbox 3441 4920 3537 4956; x_wconf 74' lang='lat' dir='ltr'><strong>m-</strong></span> 
     </span>
    </p>
   </div>
   <div class='ocr_carea' id='block_1_113' title="bbox 1941 4988 3539 5063">
    <p class='ocr_par' dir='ltr' id='par_1_113' title="bbox 1941 4988 3539 5063">
     <span class='ocr_line' id='line_1_114' title="bbox 1941 4988 3539 5063; baseline 0.003 -21"><span class='ocrx_word' id='word_1_856' title='bbox 1941 5005 2030 5059; x_wconf 85' lang='lat' dir='ltr'><strong>pcr</strong></span> <span class='ocrx_word' id='word_1_857' title='bbox 2055 5000 2257 5051; x_wconf 87' lang='lat' dir='ltr'><strong>terram,</strong></span> <span class='ocrx_word' id='word_1_858' title='bbox 2290 4998 2474 5059; x_wconf 69' lang='lat' dir='ltr'><strong>printer</strong></span> <span class='ocrx_word' id='word_1_859' title='bbox 2502 4988 2686 5057; x_wconf 80' lang='lat' dir='ltr'><strong>famem</strong></span> <span class='ocrx_word' id='word_1_860' title='bbox 2714 4990 2953 5060; x_wconf 84' lang='lat' dir='ltr'><strong>priorem,</strong></span> <span class='ocrx_word' id='word_1_861' title='bbox 2980 5006 3092 5061; x_wconf 69' lang='lat' dir='ltr'><strong>quae</strong></span> <span class='ocrx_word' id='word_1_862' title='bbox 3117 4992 3283 5059; x_wconf 75' lang='lat' dir='ltr'><strong>fuerat</strong></span> <span class='ocrx_word' id='word_1_863' title='bbox 3308 5003 3539 5063; x_wconf 85' lang='lat' dir='ltr'><strong>tempore</strong></span> 
     </span>
    </p>
   </div>
   <div class='ocr_carea' id='block_1_114' title="bbox 1939 5079 3541 5150">
    <p class='ocr_par' dir='ltr' id='par_1_114' title="bbox 1939 5079 3541 5150">
     <span class='ocr_line' id='line_1_115' title="bbox 1939 5079 3541 5150; baseline 0.002 -15"><span class='ocrx_word' id='word_1_864' title='bbox 1939 5080 2159 5135; x_wconf 65' lang='lat' dir='ltr'><strong>Abrahae</strong></span> <span class='ocrx_word' id='word_1_865' title='bbox 2187 5079 2336 5148; x_wconf 86' lang='lat' dir='ltr'><strong>(Cap.</strong></span> <span class='ocrx_word' id='word_1_866' title='bbox 2363 5079 2476 5150; x_wconf 75' lang='lat'><strong>26).</strong></span> <span class='ocrx_word' id='word_1_867' title='bbox 2503 5080 2574 5137; x_wconf 92' lang='lat' dir='ltr'><strong>Ut</strong></span> <span class='ocrx_word' id='word_1_868' title='bbox 2604 5096 2671 5137; x_wconf 92' lang='lat' dir='ltr'><strong>ne</strong></span> <span class='ocrx_word' id='word_1_869' title='bbox 2701 5090 2852 5150; x_wconf 88' lang='lat' dir='ltr'><strong>putes</strong></span> <span class='ocrx_word' id='word_1_870' title='bbox 2882 5083 2949 5137; x_wconf 89' lang='lat' dir='ltr'><strong>de</strong></span> <span class='ocrx_word' id='word_1_871' title='bbox 2988 5082 3073 5137; x_wconf 90' lang='lat' dir='ltr'><strong>illa</strong></span> <span class='ocrx_word' id='word_1_872' title='bbox 3117 5082 3257 5138; x_wconf 85' lang='lat' dir='ltr'><strong>fame</strong></span> <span class='ocrx_word' id='word_1_873' title='bbox 3295 5099 3416 5139; x_wconf 89' lang='lat' dir='ltr'><strong>eum</strong></span> <span class='ocrx_word' id='word_1_874' title='bbox 3450 5087 3541 5139; x_wconf 79' lang='lat' dir='ltr'><strong>di-</strong></span> 
     </span>
    </p>
   </div>
   <div class='ocr_carea' id='block_1_115' title="bbox 1939 5173 3539 5247">
    <p class='ocr_par' dir='ltr' id='par_1_115' title="bbox 1939 5173 3539 5247">
     <span class='ocr_line' id='line_1_116' title="bbox 1939 5173 3539 5247; baseline 0.003 -18"><span class='ocrx_word' id='word_1_875' title='bbox 1939 5187 2080 5239; x_wconf 88' lang='lat' dir='ltr'><strong>cere,</strong></span> <span class='ocrx_word' id='word_1_876' title='bbox 2106 5182 2381 5243; x_wconf 87' lang='lat' dir='ltr'><strong>pr0pterea</strong></span> <span class='ocrx_word' id='word_1_877' title='bbox 2413 5173 2647 5229; x_wconf 89' lang='lat' dir='ltr'><strong>subdidit</strong></span> <span class='ocrx_word' id='word_1_878' title='bbox 2671 5174 2900 5230; x_wconf 67' lang='lat' dir='ltr'><strong>:Prwtcr</strong></span> <span class='ocrx_word' id='word_1_879' title='bbox 2927 5180 3109 5247; x_wconf 78' lang='lat' dir='ltr'><strong>famem</strong></span> <span class='ocrx_word' id='word_1_880' title='bbox 3135 5192 3248 5247; x_wconf 68' lang='lat' dir='ltr'><strong>qua</strong></span> <span class='ocrx_word' id='word_1_881' title='bbox 3274 5188 3381 5232; x_wconf 86' lang='lat' dir='ltr'><strong>erat</strong></span> <span class='ocrx_word' id='word_1_882' title='bbox 3399 5188 3539 5233; x_wconf 82' lang='lat' dir='ltr'><strong>tem-</strong></span> 
     </span>
    </p>
   </div>
   <div class='ocr_carea' id='block_1_116' title="bbox 1942 5267 3536 5338">
    <p class='ocr_par' dir='ltr' id='par_1_116' title="bbox 1942 5267 3536 5338">
     <span class='ocr_line' id='line_1_117' title="bbox 1942 5267 3536 5338; baseline 0.005 -18"><span class='ocrx_word' id='word_1_883' title='bbox 1942 5282 2063 5338; x_wconf 87' lang='lat' dir='ltr'><strong>pore</strong></span> <span class='ocrx_word' id='word_1_884' title='bbox 2093 5267 2413 5337; x_wconf 71' lang='lat' dir='ltr'><strong>patriam/iw,</strong></span> <span class='ocrx_word' id='word_1_885' title='bbox 2447 5269 2595 5337; x_wconf 89' lang='lat' dir='ltr'><strong>quasi</strong></span> <span class='ocrx_word' id='word_1_886' title='bbox 2639 5268 2870 5333; x_wconf 77' lang='lat' dir='ltr'><strong>diceret,</strong></span> <span class='ocrx_word' id='word_1_887' title='bbox 2898 5271 3001 5325; x_wconf 89' lang='lat' dir='ltr'><strong>alia</strong></span> <span class='ocrx_word' id='word_1_888' title='bbox 3041 5271 3231 5326; x_wconf 86' lang='lat' dir='ltr'><strong>similis</strong></span> <span class='ocrx_word' id='word_1_889' title='bbox 3261 5288 3399 5327; x_wconf 88' lang='lat' dir='ltr'><strong>nunc</strong></span> <span class='ocrx_word' id='word_1_890' title='bbox 3423 5274 3536 5328; x_wconf 69' lang='lat' dir='ltr'><strong>ite-</strong></span> 
     </span>
    </p>
   </div>
   <div class='ocr_carea' id='block_1_117' title="bbox 1942 5358 3544 5435">
    <p class='ocr_par' dir='ltr' id='par_1_117' title="bbox 1942 5358 3544 5435">
     <span class='ocr_line' id='line_1_118' title="bbox 1942 5358 3544 5435; baseline 0.006 -21"><span class='ocrx_word' id='word_1_891' title='bbox 1942 5374 2058 5414; x_wconf 89' lang='lat' dir='ltr'><strong>rum</strong></span> <span class='ocrx_word' id='word_1_892' title='bbox 2090 5358 2257 5414; x_wconf 84' lang='lat' dir='ltr'><strong>fames</strong></span> <span class='ocrx_word' id='word_1_893' title='bbox 2283 5361 2428 5415; x_wconf 88' lang='lat' dir='ltr'><strong>venit</strong></span> <span class='ocrx_word' id='word_1_894' title='bbox 2468 5375 2628 5429; x_wconf 90' lang='lat' dir='ltr'><strong>super</strong></span> <span class='ocrx_word' id='word_1_895' title='bbox 2674 5370 2869 5416; x_wconf 89' lang='lat' dir='ltr'><strong>terram</strong></span> <span class='ocrx_word' id='word_1_896' title='bbox 2899 5372 3136 5432; x_wconf 89' lang='lat' dir='ltr'><strong>tempore</strong></span> <span class='ocrx_word' id='word_1_897' title='bbox 3163 5363 3329 5431; x_wconf 89' lang='lat' dir='ltr'><strong>Isaac,</strong></span> <span class='ocrx_word' id='word_1_898' title='bbox 3357 5367 3544 5435; x_wconf 84' lang='lat' dir='ltr'><strong>qualis</strong></span> 
     </span>
    </p>
   </div>
   <div class='ocr_carea' id='block_1_118' title="bbox 1942 5453 3541 5528">
    <p class='ocr_par' dir='ltr' id='par_1_118' title="bbox 1942 5453 3541 5528">
     <span class='ocr_line' id='line_1_119' title="bbox 1942 5453 3541 5528; baseline 0.003 -20"><span class='ocrx_word' id='word_1_899' title='bbox 1942 5460 2059 5508; x_wconf 89' lang='lat' dir='ltr'><strong>erat</strong></span> <span class='ocrx_word' id='word_1_900' title='bbox 2103 5462 2346 5520; x_wconf 90' lang='lat' dir='ltr'><strong>tempore</strong></span> <span class='ocrx_word' id='word_1_901' title='bbox 2406 5453 2571 5521; x_wconf 86' lang='lat' dir='ltr'><strong>patris</strong></span> <span class='ocrx_word' id='word_1_902' title='bbox 2622 5453 2780 5508; x_wconf 90' lang='lat' dir='ltr'><strong>illius.</strong></span> <span class='ocrx_word' id='word_1_903' title='bbox 2832 5453 3263 5511; x_wconf 80' lang='lat' dir='ltr'><strong>Necessariorum</strong></span> <span class='ocrx_word' id='word_1_904' title='bbox 3310 5462 3541 5528; x_wconf 81' lang='lat' dir='ltr'><strong>penuria</strong></span> 
     </span>
    </p>
   </div>
   <div class='ocr_carea' id='block_1_119' title="bbox 1944 5546 3540 5621">
    <p class='ocr_par' dir='ltr' id='par_1_119' title="bbox 1944 5546 3540 5621">
     <span class='ocr_line' id='line_1_120' title="bbox 1944 5546 3540 5621; baseline 0.003 -20"><span class='ocrx_word' id='word_1_905' title='bbox 1944 5560 2135 5601; x_wconf 88' lang='lat' dir='ltr'><strong>omnes</strong></span> <span class='ocrx_word' id='word_1_906' title='bbox 2164 5546 2214 5599; x_wconf 90' lang='lat' dir='ltr'><strong>in</strong></span> <span class='ocrx_word' id='word_1_907' title='bbox 2243 5559 2505 5600; x_wconf 89' lang='lat' dir='ltr'><strong>summam</strong></span> <span class='ocrx_word' id='word_1_908' title='bbox 2536 5546 2831 5615; x_wconf 85' lang='lat' dir='ltr'><strong>angustiam</strong></span> <span class='ocrx_word' id='word_1_909' title='bbox 2857 5548 3204 5604; x_wconf 87' lang='lat' dir='ltr'><strong>concludebat</strong></span> <span class='ocrx_word' id='word_1_910' title='bbox 3233 5568 3246 5604; x_wconf 88' lang='lat'><strong>:</strong></span> <span class='ocrx_word' id='word_1_911' title='bbox 3279 5562 3439 5621; x_wconf 88' lang='lat' dir='ltr'><strong>atque</strong></span> <span class='ocrx_word' id='word_1_912' title='bbox 3466 5569 3540 5606; x_wconf 72' lang='lat' dir='ltr'><strong>ex</strong></span> 
     </span>
    </p>
   </div>
   <div class='ocr_carea' id='block_1_120' title="bbox 1944 5639 3540 5712">
    <p class='ocr_par' dir='ltr' id='par_1_120' title="bbox 1944 5639 3540 5712">
     <span class='ocr_line' id='line_1_121' title="bbox 1944 5639 3540 5712; baseline 0.003 -19"><span class='ocrx_word' id='word_1_913' title='bbox 1944 5640 2056 5694; x_wconf 90' lang='lat' dir='ltr'><strong>suis</strong></span> <span class='ocrx_word' id='word_1_914' title='bbox 2086 5640 2314 5709; x_wconf 85' lang='lat' dir='ltr'><strong>migrare</strong></span> <span class='ocrx_word' id='word_1_915' title='bbox 2343 5649 2395 5692; x_wconf 91' lang='lat' dir='ltr'><strong>et</strong></span> <span class='ocrx_word' id='word_1_916' title='bbox 2422 5639 2487 5692; x_wconf 89' lang='lat' dir='ltr'><strong>ad</strong></span> <span class='ocrx_word' id='word_1_917' title='bbox 2519 5639 2607 5693; x_wconf 89' lang='lat' dir='ltr'><strong>illa</strong></span> <span class='ocrx_word' id='word_1_918' title='bbox 2639 5640 2754 5694; x_wconf 87' lang='lat' dir='ltr'><strong>loca</strong></span> <span class='ocrx_word' id='word_1_919' title='bbox 2786 5641 3013 5695; x_wconf 87' lang='lat' dir='ltr'><strong>transire</strong></span> <span class='ocrx_word' id='word_1_920' title='bbox 3039 5643 3281 5712; x_wconf 82' lang='lat' dir='ltr'><strong>cogebat,</strong></span> <span class='ocrx_word' id='word_1_921' title='bbox 3309 5644 3398 5698; x_wconf 84' lang='lat' dir='ltr'><strong>tibi</strong></span> <span class='ocrx_word' id='word_1_922' title='bbox 3443 5659 3540 5697; x_wconf 80' lang='lat' dir='ltr'><strong>re-</strong></span> 
     </span>
    </p>
   </div>
   <div class='ocr_carea' id='block_1_121' title="bbox 1946 5730 3541 5800">
    <p class='ocr_par' dir='ltr' id='par_1_121' title="bbox 1946 5730 3541 5800">
     <span class='ocr_line' id='line_1_122' title="bbox 1946 5730 3541 5800; baseline 0.003 -14"><span class='ocrx_word' id='word_1_923' title='bbox 1946 5746 2062 5787; x_wconf 89' lang='lat' dir='ltr'><strong>rum</strong></span> <span class='ocrx_word' id='word_1_924' title='bbox 2111 5744 2527 5785; x_wconf 83' lang='lat' dir='ltr'><strong>necessariarum</strong></span> <span class='ocrx_word' id='word_1_925' title='bbox 2578 5730 2789 5800; x_wconf 86' lang='lat' dir='ltr'><strong>copiam</strong></span> <span class='ocrx_word' id='word_1_926' title='bbox 2834 5732 3153 5789; x_wconf 83' lang='lat' dir='ltr'><strong>invenirent.</strong></span> <span class='ocrx_word' id='word_1_927' title='bbox 3209 5732 3363 5791; x_wconf 88' lang='lat' dir='ltr'><strong>Unde</strong></span> <span class='ocrx_word' id='word_1_928' title='bbox 3412 5750 3541 5791; x_wconf 78' lang='lat' dir='ltr'><strong>cum</strong></span> 
     </span>
    </p>
   </div>
  </div>
