  <div class='ocr_page' id='page_1' title='image "/cluster/home/n/w/nwhite01/storage/ocr_20150623/53-54/hvd.32044012465829/458.png"; bbox 0 0 3782 6252; ppageno 0'>
   <div class='ocr_carea' id='block_1_1' title="bbox 218 412 1791 487">
    <p class='ocr_par' dir='ltr' id='par_1_1' title="bbox 218 412 1791 487">
     <span class='ocr_line' id='line_1_1' title="bbox 218 412 1791 487; baseline -0.002 -19"><span class='ocrx_word' id='word_1_1' title='bbox 218 418 394 485; x_wconf 73' lang='grc' dir='ltr'>χάνει·</span> <span class='ocrx_word' id='word_1_2' title='bbox 420 416 578 485; x_wconf 81' lang='grc' dir='ltr'>ἡμεῖς</span> <span class='ocrx_word' id='word_1_3' title='bbox 606 412 662 469; x_wconf 84' lang='grc' dir='ltr'>δὲ</span> <span class='ocrx_word' id='word_1_4' title='bbox 689 415 888 487; x_wconf 73' lang='grc' dir='ltr'>ἕτερον’</span> <span class='ocrx_word' id='word_1_5' title='bbox 914 415 1079 468; x_wconf 85' lang='grc' dir='ltr'>ῦπνον</span> <span class='ocrx_word' id='word_1_6' title='bbox 1110 414 1444 484; x_wconf 79' lang='grc' dir='ltr'>καθεύδομεν</span> <span class='ocrx_word' id='word_1_7' title='bbox 1464 453 1479 477; x_wconf 92' lang='grc'>,</span> <span class='ocrx_word' id='word_1_8' title='bbox 1519 414 1654 485; x_wconf 83' lang='grc' dir='ltr'>πρὸς</span> <span class='ocrx_word' id='word_1_9' title='bbox 1695 414 1791 483; x_wconf 77' lang='grc' dir='ltr'>μὲν</span> 
     </span>
    </p>
   </div>
   <div class='ocr_carea' id='block_1_2' title="bbox 218 495 1797 570">
    <p class='ocr_par' dir='ltr' id='par_1_2' title="bbox 218 495 1797 570">
     <span class='ocr_line' id='line_1_2' title="bbox 218 495 1797 570; baseline -0.001 -20"><span class='ocrx_word' id='word_1_10' title='bbox 218 500 289 551; x_wconf 78' lang='grc' dir='ltr'>τὰ</span> <span class='ocrx_word' id='word_1_11' title='bbox 315 498 416 568; x_wconf 80' lang='grc' dir='ltr'>τῆς</span> <span class='ocrx_word' id='word_1_12' title='bbox 455 498 656 569; x_wconf 84' lang='grc' dir='ltr'>ἀρετῆς</span> <span class='ocrx_word' id='word_1_13' title='bbox 688 500 820 570; x_wconf 74' lang='grc' dir='ltr'>ἔργα</span> <span class='ocrx_word' id='word_1_14' title='bbox 873 499 1255 561; x_wconf 82' lang='grc' dir='ltr'>καθεύδοντες,</span> <span class='ocrx_word' id='word_1_15' title='bbox 1293 496 1430 568; x_wconf 77' lang='grc' dir='ltr'>πρὸς</span> <span class='ocrx_word' id='word_1_16' title='bbox 1481 496 1537 549; x_wconf 80' lang='grc' dir='ltr'>δὲ</span> <span class='ocrx_word' id='word_1_17' title='bbox 1580 496 1649 549; x_wconf 82' lang='grc' dir='ltr'>τά</span> <span class='ocrx_word' id='word_1_18' title='bbox 1698 495 1797 564; x_wconf 80' lang='grc' dir='ltr'>τῆς</span> 
     </span>
    </p>
   </div>
   <div class='ocr_carea' id='block_1_3' title="bbox 221 578 1797 653">
    <p class='ocr_par' dir='ltr' id='par_1_3' title="bbox 221 578 1797 653">
     <span class='ocr_line' id='line_1_3' title="bbox 221 578 1797 653; baseline -0.003 -18"><span class='ocrx_word' id='word_1_19' title='bbox 221 582 423 645; x_wconf 90' lang='grc' dir='ltr'>κακίας</span> <span class='ocrx_word' id='word_1_20' title='bbox 451 582 833 653; x_wconf 82' lang='grc' dir='ltr'>ἐγρηγορότες,</span> <span class='ocrx_word' id='word_1_21' title='bbox 852 586 1078 637; x_wconf 89' lang='grc' dir='ltr'>κάκεῖνα</span> <span class='ocrx_word' id='word_1_22' title='bbox 1115 583 1213 653; x_wconf 83' lang='grc' dir='ltr'>μὲν</span> <span class='ocrx_word' id='word_1_23' title='bbox 1232 583 1440 644; x_wconf 81' lang='grc' dir='ltr'>ἀόκνως</span> <span class='ocrx_word' id='word_1_24' title='bbox 1471 578 1797 650; x_wconf 85' lang='grc' dir='ltr'>διαπραττό-</span> 
     </span>
    </p>
   </div>
   <div class='ocr_carea' id='block_1_4' title="bbox 224 661 1799 737">
    <p class='ocr_par' dir='ltr' id='par_1_4' title="bbox 224 661 1799 737">
     <span class='ocr_line' id='line_1_4' title="bbox 224 661 1799 737; baseline -0.002 -21"><span class='ocrx_word' id='word_1_25' title='bbox 224 681 397 732; x_wconf 85' lang='grc' dir='ltr'>μενοι,</span> <span class='ocrx_word' id='word_1_26' title='bbox 419 662 572 737; x_wconf 70' lang='lat'>[699]</span> <span class='ocrx_word' id='word_1_27' title='bbox 588 668 645 719; x_wconf 88' lang='grc' dir='ltr'>ἐν</span> <span class='ocrx_word' id='word_1_28' title='bbox 668 665 724 718; x_wconf 79' lang='grc' dir='ltr'>δὲ</span> <span class='ocrx_word' id='word_1_29' title='bbox 751 666 957 729; x_wconf 87' lang='grc' dir='ltr'>τούτοις</span> <span class='ocrx_word' id='word_1_30' title='bbox 976 666 1172 735; x_wconf 82' lang='grc' dir='ltr'>πολλὴν</span> <span class='ocrx_word' id='word_1_31' title='bbox 1194 667 1294 736; x_wconf 81' lang='grc' dir='ltr'>τὴν</span> <span class='ocrx_word' id='word_1_32' title='bbox 1317 665 1452 735; x_wconf 76' lang='grc' dir='ltr'>ρᾳθυ</span> <span class='ocrx_word' id='word_1_33' title='bbox 1462 663 1586 734; x_wconf 89' lang='grc' dir='ltr'>μίαν</span> <span class='ocrx_word' id='word_1_34' title='bbox 1602 662 1694 715; x_wconf 72' lang='grc' dir='ltr'>καὶ</span> <span class='ocrx_word' id='word_1_35' title='bbox 1708 661 1799 714; x_wconf 71' lang='grc' dir='ltr'>τὸν</span> 
     </span>
    </p>
   </div>
   <div class='ocr_carea' id='block_1_5' title="bbox 222 744 1797 819">
    <p class='ocr_par' dir='ltr' id='par_1_5' title="bbox 222 744 1797 819">
     <span class='ocr_line' id='line_1_5' title="bbox 222 744 1797 819; baseline -0.001 -20"><span class='ocrx_word' id='word_1_36' title='bbox 222 746 392 802; x_wconf 78' lang='grc' dir='ltr'>ὕπνον</span> <span class='ocrx_word' id='word_1_37' title='bbox 435 748 889 819; x_wconf 81' lang='grc' dir='ltr'>ἐπιδεικνύμενοι,</span> <span class='ocrx_word' id='word_1_38' title='bbox 923 751 1016 803; x_wconf 75' lang='grc' dir='ltr'>καὶ</span> <span class='ocrx_word' id='word_1_39' title='bbox 1042 749 1216 803; x_wconf 89' lang='grc' dir='ltr'>ταῦτα</span> <span class='ocrx_word' id='word_1_40' title='bbox 1237 748 1471 818; x_wconf 86' lang='grc' dir='ltr'>ὁρῶντες</span> <span class='ocrx_word' id='word_1_41' title='bbox 1500 745 1623 801; x_wconf 78' lang='grc' dir='ltr'>καθ’</span> <span class='ocrx_word' id='word_1_42' title='bbox 1666 744 1797 798; x_wconf 82' lang='grc' dir='ltr'>ἑκά-</span> 
     </span>
    </p>
   </div>
   <div class='ocr_carea' id='block_1_6' title="bbox 222 827 1801 902">
    <p class='ocr_par' dir='ltr' id='par_1_6' title="bbox 222 827 1801 902">
     <span class='ocr_line' id='line_1_6' title="bbox 222 827 1801 902; baseline -0.003 -18"><span class='ocrx_word' id='word_1_43' title='bbox 222 847 363 901; x_wconf 83' lang='grc' dir='ltr'>στην</span> <span class='ocrx_word' id='word_1_44' title='bbox 391 830 608 901; x_wconf 78' lang='grc' dir='ltr'>ἡμέραν</span> <span class='ocrx_word' id='word_1_45' title='bbox 651 833 780 895; x_wconf 81' lang='grc' dir='ltr'>τοὺς</span> <span class='ocrx_word' id='word_1_46' title='bbox 820 832 917 902; x_wconf 84' lang='grc' dir='ltr'>μὲν</span> <span class='ocrx_word' id='word_1_47' title='bbox 946 829 1194 886; x_wconf 87' lang='grc' dir='ltr'>ἐντεῦθεν</span> <span class='ocrx_word' id='word_1_48' title='bbox 1220 829 1629 899; x_wconf 78' lang='grc' dir='ltr'>ἀπαγομένους,</span> <span class='ocrx_word' id='word_1_49' title='bbox 1676 827 1801 889; x_wconf 84' lang='grc' dir='ltr'>τοὺς</span> 
     </span>
    </p>
   </div>
   <div class='ocr_carea' id='block_1_7' title="bbox 220 908 1801 986">
    <p class='ocr_par' dir='ltr' id='par_1_7' title="bbox 220 908 1801 986">
     <span class='ocr_line' id='line_1_7' title="bbox 220 908 1801 986; baseline -0.003 -19"><span class='ocrx_word' id='word_1_50' title='bbox 220 914 279 967; x_wconf 78' lang='grc' dir='ltr'>δὲ</span> <span class='ocrx_word' id='word_1_51' title='bbox 322 916 418 967; x_wconf 77' lang='grc' dir='ltr'>καί</span> <span class='ocrx_word' id='word_1_52' title='bbox 456 917 516 967; x_wconf 81' lang='grc' dir='ltr'>ἐν</span> <span class='ocrx_word' id='word_1_53' title='bbox 556 912 635 985; x_wconf 85' lang='grc' dir='ltr'>τῷ</span> <span class='ocrx_word' id='word_1_54' title='bbox 672 915 900 986; x_wconf 87' lang='grc' dir='ltr'>παρόντι</span> <span class='ocrx_word' id='word_1_55' title='bbox 946 914 1046 986; x_wconf 87' lang='grc' dir='ltr'>βίῳ</span> <span class='ocrx_word' id='word_1_56' title='bbox 1095 913 1295 985; x_wconf 79' lang='grc' dir='ltr'>πολλὴν</span> <span class='ocrx_word' id='word_1_57' title='bbox 1338 914 1437 983; x_wconf 81' lang='grc' dir='ltr'>τὴν</span> <span class='ocrx_word' id='word_1_58' title='bbox 1499 908 1801 982; x_wconf 75' lang='grc' dir='ltr'>μεταϐολὴν</span> 
     </span>
    </p>
   </div>
   <div class='ocr_carea' id='block_1_8' title="bbox 221 991 1802 1069">
    <p class='ocr_par' dir='ltr' id='par_1_8' title="bbox 221 991 1802 1069">
     <span class='ocr_line' id='line_1_8' title="bbox 221 991 1802 1069; baseline -0.004 -20"><span class='ocrx_word' id='word_1_59' title='bbox 221 995 596 1065; x_wconf 82' lang='grc' dir='ltr'>ὑπομένοντας</span> <span class='ocrx_word' id='word_1_60' title='bbox 615 1011 630 1026; x_wconf 87' lang='grc'><strong>·</strong></span> <span class='ocrx_word' id='word_1_61' title='bbox 674 997 769 1049; x_wconf 64' lang='grc' dir='ltr'>καί⁵</span> <span class='ocrx_word' id='word_1_62' title='bbox 808 996 928 1051; x_wconf 78' lang='grc' dir='ltr'>οὐδὲ</span> <span class='ocrx_word' id='word_1_63' title='bbox 957 996 1095 1069; x_wconf 78' lang='grc' dir='ltr'>αὑτὴ</span> <span class='ocrx_word' id='word_1_64' title='bbox 1138 994 1480 1069; x_wconf 82' lang='grc' dir='ltr'>ήάνωμαλία</span> <span class='ocrx_word' id='word_1_65' title='bbox 1511 991 1802 1047; x_wconf 87' lang='grc' dir='ltr'>παιδεῦσαι</span> 
     </span>
    </p>
   </div>
   <div class='ocr_carea' id='block_1_9' title="bbox 221 1078 1800 1152">
    <p class='ocr_par' dir='ltr' id='par_1_9' title="bbox 221 1078 1800 1152">
     <span class='ocr_line' id='line_1_9' title="bbox 221 1078 1800 1152; baseline -0.003 -21"><span class='ocrx_word' id='word_1_66' title='bbox 221 1081 374 1148; x_wconf 78' lang='grc' dir='ltr'>ἡμᾶς</span> <span class='ocrx_word' id='word_1_67' title='bbox 401 1078 588 1151; x_wconf 81' lang='grc' dir='ltr'>ἰκανὴ,</span> <span class='ocrx_word' id='word_1_68' title='bbox 625 1080 721 1133; x_wconf 76' lang='grc' dir='ltr'>καὶ</span> <span class='ocrx_word' id='word_1_69' title='bbox 759 1081 839 1144; x_wconf 90' lang='grc' dir='ltr'>εἰς</span> <span class='ocrx_word' id='word_1_70' title='bbox 870 1081 1034 1134; x_wconf 82' lang='grc' dir='ltr'>πόθον</span> <span class='ocrx_word' id='word_1_71' title='bbox 1076 1081 1177 1152; x_wconf 82' lang='grc' dir='ltr'>τῆς</span> <span class='ocrx_word' id='word_1_72' title='bbox 1221 1080 1423 1151; x_wconf 80' lang='grc' dir='ltr'>ἀρετῆς</span> <span class='ocrx_word' id='word_1_73' title='bbox 1468 1078 1800 1146; x_wconf 79' lang='grc' dir='ltr'>ἀναγαγεῖν,</span> 
     </span>
    </p>
   </div>
   <div class='ocr_carea' id='block_1_10' title="bbox 223 1161 1802 1234">
    <p class='ocr_par' dir='ltr' id='par_1_10' title="bbox 223 1161 1802 1234">
     <span class='ocr_line' id='line_1_10' title="bbox 223 1161 1802 1234; baseline -0.002 -20"><span class='ocrx_word' id='word_1_74' title='bbox 223 1163 321 1214; x_wconf 72' lang='grc' dir='ltr'>καὶ</span> <span class='ocrx_word' id='word_1_75' title='bbox 352 1162 767 1232; x_wconf 81' lang='grc' dir='ltr'>παρασκευάσαι</span> <span class='ocrx_word' id='word_1_76' title='bbox 806 1162 1083 1234; x_wconf 78' lang='grc' dir='ltr'>ὑπεριδεῖν</span> <span class='ocrx_word' id='word_1_77' title='bbox 1107 1162 1217 1216; x_wconf 88' lang='grc' dir='ltr'>τῶν</span> <span class='ocrx_word' id='word_1_78' title='bbox 1243 1163 1546 1233; x_wconf 82' lang='grc' dir='ltr'>παρόντων,</span> <span class='ocrx_word' id='word_1_79' title='bbox 1580 1161 1672 1213; x_wconf 78' lang='grc' dir='ltr'>καὶ</span> <span class='ocrx_word' id='word_1_80' title='bbox 1702 1176 1802 1234; x_wconf 81' lang='grc' dir='ltr'>πο-</span> 
     </span>
    </p>
   </div>
   <div class='ocr_carea' id='block_1_11' title="bbox 223 1230 1804 1318">
    <p class='ocr_par' dir='ltr' id='par_1_11' title="bbox 223 1230 1804 1318">
     <span class='ocr_line' id='line_1_11' title="bbox 223 1230 1804 1318; baseline 0.001 -23"><span class='ocrx_word' id='word_1_81' title='bbox 223 1244 390 1313; x_wconf 85' lang='grc' dir='ltr'>θῆσαι</span> <span class='ocrx_word' id='word_1_82' title='bbox 420 1230 490 1297; x_wconf 83' lang='grc' dir='ltr'>τά</span> <span class='ocrx_word' id='word_1_83' title='bbox 531 1243 822 1315; x_wconf 78' lang='grc' dir='ltr'>μέλλοντα,</span> <span class='ocrx_word' id='word_1_84' title='bbox 856 1230 951 1300; x_wconf 80' lang='grc' dir='ltr'>καὶ</span> <span class='ocrx_word' id='word_1_85' title='bbox 989 1230 1337 1318; x_wconf 76' lang='grc' dir='ltr'>προτιμῆσαι</span> <span class='ocrx_word' id='word_1_86' title='bbox 1365 1244 1467 1313; x_wconf 83' lang='grc' dir='ltr'>τῆς</span> <span class='ocrx_word' id='word_1_87' title='bbox 1516 1244 1675 1305; x_wconf 81' lang='grc' dir='ltr'>σκιᾶς</span> <span class='ocrx_word' id='word_1_88' title='bbox 1708 1230 1804 1296; x_wconf 76' lang='grc' dir='ltr'>καὶ</span> 
     </span>
    </p>
   </div>
   <div class='ocr_carea' id='block_1_12' title="bbox 220 1324 1803 1401">
    <p class='ocr_par' dir='ltr' id='par_1_12' title="bbox 220 1324 1803 1401">
     <span class='ocr_line' id='line_1_12' title="bbox 220 1324 1803 1401; baseline -0.001 -22"><span class='ocrx_word' id='word_1_89' title='bbox 220 1327 335 1379; x_wconf 85' lang='grc' dir='ltr'>τῶν</span> <span class='ocrx_word' id='word_1_90' title='bbox 362 1326 656 1398; x_wconf 82' lang='grc' dir='ltr'>ὀνειράτων</span> <span class='ocrx_word' id='word_1_91' title='bbox 683 1328 782 1399; x_wconf 80' lang='grc' dir='ltr'>τὴν</span> <span class='ocrx_word' id='word_1_92' title='bbox 820 1327 1099 1401; x_wconf 87' lang='grc' dir='ltr'>ἀλήθειαν.</span> <span class='ocrx_word' id='word_1_93' title='bbox 1133 1328 1299 1392; x_wconf 74' lang='grc' dir='ltr'>Σκιάς</span> <span class='ocrx_word' id='word_1_94' title='bbox 1330 1328 1440 1398; x_wconf 89' lang='grc' dir='ltr'>γάρ</span> <span class='ocrx_word' id='word_1_95' title='bbox 1465 1325 1558 1380; x_wconf 81' lang='grc' dir='ltr'>καὶ</span> <span class='ocrx_word' id='word_1_96' title='bbox 1586 1324 1803 1396; x_wconf 82' lang='grc' dir='ltr'>ὀνειρά-</span> 
     </span>
    </p>
   </div>
   <div class='ocr_carea' id='block_1_13' title="bbox 221 1409 1806 1482">
    <p class='ocr_par' dir='ltr' id='par_1_13' title="bbox 221 1409 1806 1482">
     <span class='ocr_line' id='line_1_13' title="bbox 221 1409 1806 1482; baseline -0.001 -20"><span class='ocrx_word' id='word_1_97' title='bbox 221 1427 334 1462; x_wconf 87' lang='grc' dir='ltr'>των</span> <span class='ocrx_word' id='word_1_98' title='bbox 356 1409 507 1461; x_wconf 77' lang='grc' dir='ltr'>οὐδὲν</span> <span class='ocrx_word' id='word_1_99' title='bbox 552 1409 621 1463; x_wconf 90' lang='grc' dir='ltr'>τά</span> <span class='ocrx_word' id='word_1_100' title='bbox 655 1412 900 1481; x_wconf 89' lang='grc' dir='ltr'>παρόντα</span> <span class='ocrx_word' id='word_1_101' title='bbox 933 1411 1229 1482; x_wconf 81' lang='grc' dir='ltr'>διενήνοχε.</span> <span class='ocrx_word' id='word_1_102' title='bbox 1261 1409 1352 1481; x_wconf 82' lang='grc' dir='ltr'>Μὴ</span> <span class='ocrx_word' id='word_1_103' title='bbox 1376 1410 1556 1463; x_wconf 83' lang='grc' dir='ltr'>τοίνυν</span> <span class='ocrx_word' id='word_1_104' title='bbox 1580 1409 1806 1471; x_wconf 69' lang='grc' dir='ltr'>ἑαυτοὺς</span> 
     </span>
    </p>
   </div>
   <div class='ocr_carea' id='block_1_14' title="bbox 223 1489 1805 1565">
    <p class='ocr_par' dir='ltr' id='par_1_14' title="bbox 223 1489 1805 1565">
     <span class='ocr_line' id='line_1_14' title="bbox 223 1489 1805 1565; baseline -0.001 -22"><span class='ocrx_word' id='word_1_105' title='bbox 223 1492 548 1561; x_wconf 85' lang='grc' dir='ltr'>ἀπατῶμεν,</span> <span class='ocrx_word' id='word_1_106' title='bbox 585 1491 721 1563; x_wconf 84' lang='grc' dir='ltr'>μηδὲ</span> <span class='ocrx_word' id='word_1_107' title='bbox 752 1493 851 1556; x_wconf 88' lang='grc' dir='ltr'>τάς</span> <span class='ocrx_word' id='word_1_108' title='bbox 886 1494 1043 1556; x_wconf 85' lang='grc' dir='ltr'>σκιάς</span> <span class='ocrx_word' id='word_1_109' title='bbox 1077 1491 1501 1565; x_wconf 89' lang='grc' dir='ltr'>μεταδιώκωμεν</span> <span class='ocrx_word' id='word_1_110' title='bbox 1522 1507 1533 1520; x_wconf 92' lang='grc'>·</span> <span class='ocrx_word' id='word_1_111' title='bbox 1566 1490 1680 1544; x_wconf 80' lang='grc' dir='ltr'>ἀλλ’</span> <span class='ocrx_word' id='word_1_112' title='bbox 1707 1489 1805 1559; x_wconf 71' lang='grc' dir='ltr'>όψέ</span> 
     </span>
    </p>
   </div>
   <div class='ocr_carea' id='block_1_15' title="bbox 223 1571 1807 1646">
    <p class='ocr_par' dir='ltr' id='par_1_15' title="bbox 223 1571 1807 1646">
     <span class='ocr_line' id='line_1_15' title="bbox 223 1571 1807 1646; baseline -0.001 -21"><span class='ocrx_word' id='word_1_113' title='bbox 223 1573 359 1641; x_wconf 92' lang='grc' dir='ltr'>γοῦν</span> <span class='ocrx_word' id='word_1_114' title='bbox 395 1589 526 1625; x_wconf 85' lang='grc' dir='ltr'>ποτε</span> <span class='ocrx_word' id='word_1_115' title='bbox 568 1575 668 1645; x_wconf 82' lang='grc' dir='ltr'>τῆς</span> <span class='ocrx_word' id='word_1_116' title='bbox 711 1574 921 1639; x_wconf 77' lang='grc' dir='ltr'>οἰκείας</span> <span class='ocrx_word' id='word_1_117' title='bbox 954 1575 1229 1646; x_wconf 79' lang='grc' dir='ltr'>σωτηρίας</span> <span class='ocrx_word' id='word_1_118' title='bbox 1269 1574 1526 1645; x_wconf 84' lang='grc' dir='ltr'>φροντίδα</span> <span class='ocrx_word' id='word_1_119' title='bbox 1564 1571 1807 1642; x_wconf 88' lang='grc' dir='ltr'>ποιησώ-</span> 
     </span>
    </p>
   </div>
   <div class='ocr_carea' id='block_1_16' title="bbox 226 1654 1806 1728">
    <p class='ocr_par' dir='ltr' id='par_1_16' title="bbox 226 1654 1806 1728">
     <span class='ocr_line' id='line_1_16' title="bbox 226 1654 1806 1728; baseline 0 -20"><span class='ocrx_word' id='word_1_120' title='bbox 226 1657 401 1725; x_wconf 84' lang='grc' dir='ltr'>μεθα,</span> <span class='ocrx_word' id='word_1_121' title='bbox 437 1656 531 1709; x_wconf 78' lang='grc' dir='ltr'>καὶ</span> <span class='ocrx_word' id='word_1_122' title='bbox 559 1656 627 1710; x_wconf 87' lang='grc' dir='ltr'>τά</span> <span class='ocrx_word' id='word_1_123' title='bbox 662 1657 924 1728; x_wconf 81' lang='grc' dir='ltr'>χρήματα</span> <span class='ocrx_word' id='word_1_124' title='bbox 957 1658 1287 1727; x_wconf 77' lang='grc' dir='ltr'>κενώσωμεν</span> <span class='ocrx_word' id='word_1_125' title='bbox 1325 1659 1406 1720; x_wconf 89' lang='grc' dir='ltr'>εἰς</span> <span class='ocrx_word' id='word_1_126' title='bbox 1449 1656 1576 1718; x_wconf 78' lang='grc' dir='ltr'>τοὺς</span> <span class='ocrx_word' id='word_1_127' title='bbox 1610 1654 1806 1725; x_wconf 78' lang='grc' dir='ltr'>δεομέ-</span> 
     </span>
    </p>
   </div>
   <div class='ocr_carea' id='block_1_17' title="bbox 223 1735 1810 1811">
    <p class='ocr_par' dir='ltr' id='par_1_17' title="bbox 223 1735 1810 1811">
     <span class='ocr_line' id='line_1_17' title="bbox 223 1735 1810 1811; baseline -0.001 -20"><span class='ocrx_word' id='word_1_128' title='bbox 223 1756 374 1802; x_wconf 89' lang='grc' dir='ltr'>νους,</span> <span class='ocrx_word' id='word_1_129' title='bbox 406 1740 493 1792; x_wconf 78' lang='grc' dir='ltr'>ἵνα</span> <span class='ocrx_word' id='word_1_130' title='bbox 532 1740 633 1809; x_wconf 80' lang='grc' dir='ltr'>τῆς</span> <span class='ocrx_word' id='word_1_131' title='bbox 677 1740 769 1792; x_wconf 72' lang='grc' dir='ltr'>ἐπὶ</span> <span class='ocrx_word' id='word_1_132' title='bbox 796 1739 1006 1803; x_wconf 81' lang='grc' dir='ltr'>τούτοις</span> <span class='ocrx_word' id='word_1_133' title='bbox 1041 1740 1277 1811; x_wconf 80' lang='grc' dir='ltr'>ἀμοιϐῆς</span> <span class='ocrx_word' id='word_1_134' title='bbox 1306 1738 1630 1808; x_wconf 82' lang='grc' dir='ltr'>ἀξιωθῶμεν</span> <span class='ocrx_word' id='word_1_135' title='bbox 1657 1735 1810 1809; x_wconf 90' lang='grc' dir='ltr'>παρά</span> 
     </span>
    </p>
   </div>
   <div class='ocr_carea' id='block_1_18' title="bbox 223 1820 1810 1896">
    <p class='ocr_par' dir='ltr' id='par_1_18' title="bbox 223 1820 1810 1896">
     <span class='ocr_line' id='line_1_18' title="bbox 223 1820 1810 1896; baseline 0.001 -23"><span class='ocrx_word' id='word_1_136' title='bbox 223 1822 321 1874; x_wconf 89' lang='grc' dir='ltr'>τοῦ</span> <span class='ocrx_word' id='word_1_137' title='bbox 348 1821 729 1893; x_wconf 80' lang='grc' dir='ltr'>φιλανθρώπου</span> <span class='ocrx_word' id='word_1_138' title='bbox 752 1822 886 1877; x_wconf 88' lang='grc' dir='ltr'>Θεοῦ</span> <span class='ocrx_word' id='word_1_139' title='bbox 908 1841 921 1854; x_wconf 91' lang='grc'><strong>·</strong></span> <span class='ocrx_word' id='word_1_140' title='bbox 945 1820 1012 1896; x_wconf 81' lang='grc' dir='ltr'>ἦς</span> <span class='ocrx_word' id='word_1_141' title='bbox 1034 1825 1246 1891; x_wconf 88' lang='grc' dir='ltr'>γένοιτο</span> <span class='ocrx_word' id='word_1_142' title='bbox 1275 1823 1481 1885; x_wconf 84' lang='grc' dir='ltr'>πάντας</span> <span class='ocrx_word' id='word_1_143' title='bbox 1503 1824 1652 1894; x_wconf 75' lang='grc' dir='ltr'>ἡμᾶς</span> <span class='ocrx_word' id='word_1_144' title='bbox 1672 1823 1810 1875; x_wconf 88' lang='grc' dir='ltr'>ἀπο-</span> 
     </span>
    </p>
   </div>
   <div class='ocr_carea' id='block_1_19' title="bbox 223 1903 1810 1977">
    <p class='ocr_par' dir='ltr' id='par_1_19' title="bbox 223 1903 1810 1977">
     <span class='ocr_line' id='line_1_19' title="bbox 223 1903 1810 1977; baseline 0.001 -22"><span class='ocrx_word' id='word_1_145' title='bbox 223 1903 456 1968; x_wconf 90' lang='grc' dir='ltr'>λαῦσαι,</span> <span class='ocrx_word' id='word_1_146' title='bbox 505 1906 691 1976; x_wconf 88' lang='grc' dir='ltr'>χάριτι</span> <span class='ocrx_word' id='word_1_147' title='bbox 730 1908 823 1959; x_wconf 79' lang='grc' dir='ltr'>καὶ</span> <span class='ocrx_word' id='word_1_148' title='bbox 869 1905 1247 1977; x_wconf 81' lang='grc' dir='ltr'>φιλανθρωπίᾳ</span> <span class='ocrx_word' id='word_1_149' title='bbox 1279 1904 1374 1958; x_wconf 90' lang='grc' dir='ltr'>τοῦ</span> <span class='ocrx_word' id='word_1_150' title='bbox 1410 1903 1618 1975; x_wconf 81' lang='grc' dir='ltr'>Κυρίου</span> <span class='ocrx_word' id='word_1_151' title='bbox 1652 1903 1810 1977; x_wconf 88' lang='grc' dir='ltr'>ήμῶν</span> 
     </span>
    </p>
   </div>
   <div class='ocr_carea' id='block_1_20' title="bbox 238 1985 1809 2061">
    <p class='ocr_par' dir='ltr' id='par_1_20' title="bbox 238 1985 1809 2061">
     <span class='ocr_line' id='line_1_20' title="bbox 238 1985 1809 2061; baseline -0.001 -21"><span class='ocrx_word' id='word_1_152' title='bbox 238 1987 418 2059; x_wconf 82' lang='grc' dir='ltr'>Ἰησοῦ</span> <span class='ocrx_word' id='word_1_153' title='bbox 464 1988 700 2059; x_wconf 77' lang='grc' dir='ltr'>Χριστοῦ</span> <span class='ocrx_word' id='word_1_154' title='bbox 719 2028 734 2052; x_wconf 91' lang='grc'>,</span> <span class='ocrx_word' id='word_1_155' title='bbox 788 1990 907 2060; x_wconf 85' lang='grc' dir='ltr'>μεθ’</span> <span class='ocrx_word' id='word_1_156' title='bbox 933 1985 993 2044; x_wconf 79' lang='grc' dir='ltr'>οῦ</span> <span class='ocrx_word' id='word_1_157' title='bbox 1024 1988 1102 2058; x_wconf 86' lang='grc' dir='ltr'>τῷ</span> <span class='ocrx_word' id='word_1_158' title='bbox 1136 1988 1311 2061; x_wconf 74' lang='grc' dir='ltr'>Πατρί</span> <span class='ocrx_word' id='word_1_159' title='bbox 1336 1990 1370 2058; x_wconf 88' lang='grc' dir='ltr'>ή</span> <span class='ocrx_word' id='word_1_160' title='bbox 1399 1987 1556 2053; x_wconf 76' lang='grc' dir='ltr'>δόξα,</span> <span class='ocrx_word' id='word_1_161' title='bbox 1583 1988 1698 2057; x_wconf 73' lang='grc' dir='ltr'>ἅμα</span> <span class='ocrx_word' id='word_1_162' title='bbox 1730 1986 1809 2057; x_wconf 85' lang='grc' dir='ltr'>τῷ</span> 
     </span>
    </p>
   </div>
   <div class='ocr_carea' id='block_1_21' title="bbox 226 2069 1810 2140">
    <p class='ocr_par' dir='ltr' id='par_1_21' title="bbox 226 2069 1810 2140">
     <span class='ocr_line' id='line_1_21' title="bbox 226 2069 1810 2140; baseline 0 -17"><span class='ocrx_word' id='word_1_163' title='bbox 226 2071 373 2139; x_wconf 83' lang='grc' dir='ltr'>ἀγίῳ</span> <span class='ocrx_word' id='word_1_164' title='bbox 399 2070 702 2140; x_wconf 89' lang='grc' dir='ltr'>Πνεύματι,</span> <span class='ocrx_word' id='word_1_165' title='bbox 729 2070 825 2126; x_wconf 88' lang='grc' dir='ltr'>νῦν</span> <span class='ocrx_word' id='word_1_166' title='bbox 851 2073 945 2126; x_wconf 61' lang='grc' dir='ltr'>καὶ</span> <span class='ocrx_word' id='word_1_167' title='bbox 967 2073 1077 2137; x_wconf 76' lang='grc' dir='ltr'>ἀεὶ,</span> <span class='ocrx_word' id='word_1_168' title='bbox 1103 2074 1197 2126; x_wconf 76' lang='grc' dir='ltr'>καὶ</span> <span class='ocrx_word' id='word_1_169' title='bbox 1222 2073 1301 2135; x_wconf 90' lang='grc' dir='ltr'>είς</span> <span class='ocrx_word' id='word_1_170' title='bbox 1326 2072 1451 2134; x_wconf 79' lang='grc' dir='ltr'>τοὺς</span> <span class='ocrx_word' id='word_1_171' title='bbox 1472 2071 1675 2134; x_wconf 88' lang='grc' dir='ltr'>αἰῶνας</span> <span class='ocrx_word' id='word_1_172' title='bbox 1700 2069 1810 2123; x_wconf 88' lang='grc' dir='ltr'>τῶν</span> 
     </span>
    </p>
   </div>
   <div class='ocr_carea' id='block_1_22' title="bbox 225 2154 706 2224">
    <p class='ocr_par' dir='ltr' id='par_1_22' title="bbox 225 2154 706 2224">
     <span class='ocr_line' id='line_1_22' title="bbox 225 2154 706 2224; baseline 0.002 -17"><span class='ocrx_word' id='word_1_173' title='bbox 225 2154 464 2207; x_wconf 84' lang='grc' dir='ltr'>αἰώνων.</span> <span class='ocrx_word' id='word_1_174' title='bbox 510 2154 566 2206; x_wconf 79' lang='grc' dir='ltr'><strong>Ἀ</strong></span> <span class='ocrx_word' id='word_1_175' title='bbox 575 2155 706 2224; x_wconf 84' lang='grc' dir='ltr'>μήν.</span> 
     </span>
    </p>
   </div>
   <div class='ocr_carea' id='block_1_23' title="bbox 824 2236 1228 2290">
    <p class='ocr_par' dir='ltr' id='par_1_23' title="bbox 824 2236 1228 2290">
     <span class='ocr_line' id='line_1_23' title="bbox 824 2236 1228 2290; baseline 0 -1"><span class='ocrx_word' id='word_1_176' title='bbox 824 2236 1068 2290; x_wconf 80' lang='grc' dir='ltr'>ΟΜῘΛΙΑ</span> <span class='ocrx_word' id='word_1_177' title='bbox 1099 2236 1228 2289; x_wconf 85' lang='lat' dir='ltr'>NA’.</span> 
     </span>
    </p>
   </div>
   <div class='ocr_carea' id='block_1_24' title="bbox 241 2317 1810 2389">
    <p class='ocr_par' dir='ltr' id='par_1_24' title="bbox 241 2317 1810 2389">
     <span class='ocr_line' id='line_1_24' title="bbox 241 2317 1810 2389; baseline 0.003 -14"><span class='ocrx_word' id='word_1_178' title='bbox 241 2319 512 2389; x_wconf 76' lang='grc' dir='ltr'>Ἐγένετο</span> <span class='ocrx_word' id='word_1_179' title='bbox 540 2320 610 2374; x_wconf 77' lang='grc' dir='ltr'>δέ</span> <span class='ocrx_word' id='word_1_180' title='bbox 648 2320 822 2389; x_wconf 73' lang='grc' dir='ltr'>λιμὸς</span> <span class='ocrx_word' id='word_1_181' title='bbox 847 2319 945 2373; x_wconf 78' lang='grc' dir='ltr'>ἐπι</span> <span class='ocrx_word' id='word_1_182' title='bbox 974 2318 1085 2386; x_wconf 83' lang='grc' dir='ltr'>τῆς</span> <span class='ocrx_word' id='word_1_183' title='bbox 1112 2317 1243 2387; x_wconf 75' lang='grc' dir='ltr'>γῆς,</span> <span class='ocrx_word' id='word_1_184' title='bbox 1281 2320 1460 2389; x_wconf 74' lang='grc' dir='ltr'>χωρὶς</span> <span class='ocrx_word' id='word_1_185' title='bbox 1489 2319 1597 2372; x_wconf 86' lang='grc' dir='ltr'>τοῦ</span> <span class='ocrx_word' id='word_1_186' title='bbox 1630 2317 1810 2389; x_wconf 68' lang='grc' dir='ltr'>λιμοῦ</span> 
     </span>
    </p>
   </div>
   <div class='ocr_carea' id='block_1_25' title="bbox 300 2386 1811 2513">
    <p class='ocr_par' dir='ltr' id='par_1_25' title="bbox 300 2386 1811 2513">
     <span class='ocr_line' id='line_1_25' title="bbox 300 2386 1811 2513; baseline 0 -72"><span class='ocrx_word' id='word_1_187' title='bbox 461 2386 805 2475; x_wconf 45' lang='grc' dir='ltr'>πρότερον-,⁷</span> <span class='ocrx_word' id='word_1_188' title='bbox 832 2389 899 2455; x_wconf 76' lang='grc' dir='ltr'>ὃς</span> <span class='ocrx_word' id='word_1_189' title='bbox 941 2386 1183 2459; x_wconf 78' lang='grc' dir='ltr'>ἐγένετο</span> <span class='ocrx_word' id='word_1_190' title='bbox 1229 2386 1309 2442; x_wconf 61' lang='grc' dir='ltr'>ἐκ</span> <span class='ocrx_word' id='word_1_191' title='bbox 1350 2388 1429 2454; x_wconf 84' lang='grc' dir='ltr'>τῷ</span> <span class='ocrx_word' id='word_1_192' title='bbox 1474 2390 1670 2458; x_wconf 76' lang='grc' dir='ltr'>χρόνῳ</span> <span class='ocrx_word' id='word_1_193' title='bbox 1706 2386 1811 2441; x_wconf 89' lang='grc' dir='ltr'>τοῦ</span> 
     </span>
     <span class='ocr_line' id='line_1_26' title="bbox 418 2477 595 2513; baseline 0 0"><span class='ocrx_word' id='word_1_194' title='bbox 418 2477 595 2513; x_wconf 78' lang='lat' dir='ltr'>naua.</span> 
     </span>
    </p>
   </div>
   <div class='ocr_carea' id='block_1_26' title="bbox 410 2477 595 2528">
    <p class='ocr_par' dir='ltr' id='par_1_26' title="bbox 410 2477 595 2528">
     <span class='ocr_line' id='line_1_27' title="bbox 410 2477 595 2528; baseline 0.005 -15"><span class='ocrx_word' id='word_1_195' title='bbox 410 2477 595 2528; x_wconf 72' lang='grc' dir='ltr'>ρααμ.</span> 
     </span>
    </p>
   </div>
   <div class='ocr_carea' id='block_1_27' title="bbox 301 2538 1816 2613">
    <p class='ocr_par' dir='ltr' id='par_1_27' title="bbox 301 2538 1816 2613">
     <span class='ocr_line' id='line_1_28' title="bbox 301 2538 1816 2613; baseline -0.003 -18"><span class='ocrx_word' id='word_1_196' title='bbox 301 2550 373 2596; x_wconf 84' lang='grc' dir='ltr'>α’.</span> <span class='ocrx_word' id='word_1_197' title='bbox 393 2543 562 2596; x_wconf 88' lang='grc' dir='ltr'>Πάλιν</span> <span class='ocrx_word' id='word_1_198' title='bbox 580 2543 643 2595; x_wconf 84' lang='grc' dir='ltr'>έκ</span> <span class='ocrx_word' id='word_1_199' title='bbox 657 2544 754 2611; x_wconf 79' lang='grc' dir='ltr'>τῆς</span> <span class='ocrx_word' id='word_1_200' title='bbox 774 2542 1095 2606; x_wconf 83' lang='grc' dir='ltr'>ἀκολουθίας</span> <span class='ocrx_word' id='word_1_201' title='bbox 1109 2542 1217 2595; x_wconf 84' lang='grc' dir='ltr'>τῶν</span> <span class='ocrx_word' id='word_1_202' title='bbox 1234 2541 1422 2613; x_wconf 87' lang='grc' dir='ltr'>πρώην</span> <span class='ocrx_word' id='word_1_203' title='bbox 1440 2543 1567 2611; x_wconf 88' lang='grc' dir='ltr'>ήμῖν</span> <span class='ocrx_word' id='word_1_204' title='bbox 1597 2538 1816 2611; x_wconf 81' lang='grc' dir='ltr'>εἰρημέ-</span> 
     </span>
    </p>
   </div>
   <div class='ocr_carea' id='block_1_28' title="bbox 229 2623 1809 2695">
    <p class='ocr_par' dir='ltr' id='par_1_28' title="bbox 229 2623 1809 2695">
     <span class='ocr_line' id='line_1_29' title="bbox 229 2623 1809 2695; baseline -0.006 -16"><span class='ocrx_word' id='word_1_205' title='bbox 229 2643 339 2679; x_wconf 85' lang='grc' dir='ltr'>νων</span> <span class='ocrx_word' id='word_1_206' title='bbox 373 2625 632 2695; x_wconf 84' lang='grc' dir='ltr'>βούλομαι</span> <span class='ocrx_word' id='word_1_207' title='bbox 663 2625 766 2694; x_wconf 80' lang='grc' dir='ltr'>τῆς</span> <span class='ocrx_word' id='word_1_208' title='bbox 799 2625 935 2695; x_wconf 78' lang='grc' dir='ltr'>πρὸς</span> <span class='ocrx_word' id='word_1_209' title='bbox 969 2626 1112 2695; x_wconf 78' lang='grc' dir='ltr'>ὑμᾶς</span> <span class='ocrx_word' id='word_1_210' title='bbox 1142 2623 1382 2693; x_wconf 74' lang='grc' dir='ltr'>ἅψασθαι</span> <span class='ocrx_word' id='word_1_211' title='bbox 1422 2623 1809 2684; x_wconf 59' lang='grc' dir='ltr'>διδασκαλίαςέ</span> 
     </span>
    </p>
   </div>
   <div class='ocr_carea' id='block_1_29' title="bbox 229 2703 1814 2777">
    <p class='ocr_par' dir='ltr' id='par_1_29' title="bbox 229 2703 1814 2777">
     <span class='ocr_line' id='line_1_30' title="bbox 229 2703 1814 2777; baseline -0.004 -15"><span class='ocrx_word' id='word_1_212' title='bbox 229 2709 376 2762; x_wconf 82' lang='grc' dir='ltr'>ὥστε</span> <span class='ocrx_word' id='word_1_213' title='bbox 419 2708 476 2761; x_wconf 84' lang='grc' dir='ltr'>δὲ</span> <span class='ocrx_word' id='word_1_214' title='bbox 522 2707 726 2763; x_wconf 87' lang='grc' dir='ltr'>εἰδέναι</span> <span class='ocrx_word' id='word_1_215' title='bbox 770 2709 914 2777; x_wconf 81' lang='grc' dir='ltr'>ὑμᾶς</span> <span class='ocrx_word' id='word_1_216' title='bbox 955 2708 1140 2777; x_wconf 83' lang='grc' dir='ltr'>σαφῶς</span> <span class='ocrx_word' id='word_1_217' title='bbox 1186 2706 1288 2761; x_wconf 90' lang='grc' dir='ltr'>ποῦ</span> <span class='ocrx_word' id='word_1_218' title='bbox 1318 2707 1408 2760; x_wconf 86' lang='grc' dir='ltr'>τὸν</span> <span class='ocrx_word' id='word_1_219' title='bbox 1436 2705 1595 2773; x_wconf 91' lang='grc' dir='ltr'>λόγον</span> <span class='ocrx_word' id='word_1_220' title='bbox 1622 2703 1814 2774; x_wconf 82' lang='grc' dir='ltr'>πρώην</span> 
     </span>
    </p>
   </div>
   <div class='ocr_carea' id='block_1_30' title="bbox 232 2788 1813 2862">
    <p class='ocr_par' dir='ltr' id='par_1_30' title="bbox 232 2788 1813 2862">
     <span class='ocr_line' id='line_1_31' title="bbox 232 2788 1813 2862; baseline -0.003 -17"><span class='ocrx_word' id='word_1_221' title='bbox 232 2791 630 2862; x_wconf 80' lang='grc' dir='ltr'>κατελύσαμεν,</span> <span class='ocrx_word' id='word_1_222' title='bbox 659 2791 755 2845; x_wconf 74' lang='grc' dir='ltr'>καὶ</span> <span class='ocrx_word' id='word_1_223' title='bbox 780 2791 902 2845; x_wconf 83' lang='grc' dir='ltr'>ὅθεν</span> <span class='ocrx_word' id='word_1_224' title='bbox 923 2791 1087 2845; x_wconf 79' lang='grc' dir='ltr'>αὑτὸν</span> <span class='ocrx_word' id='word_1_225' title='bbox 1114 2791 1380 2861; x_wconf 85' lang='grc' dir='ltr'>προσήκει</span> <span class='ocrx_word' id='word_1_226' title='bbox 1414 2789 1651 2859; x_wconf 84' lang='grc' dir='ltr'>σήμερον</span> <span class='ocrx_word' id='word_1_227' title='bbox 1683 2788 1813 2840; x_wconf 70' lang='grc' dir='ltr'>ἀναρ-</span> 
     </span>
    </p>
   </div>
   <div class='ocr_carea' id='block_1_31' title="bbox 232 2872 1811 2945">
    <p class='ocr_par' dir='ltr' id='par_1_31' title="bbox 232 2872 1811 2945">
     <span class='ocr_line' id='line_1_32' title="bbox 232 2872 1811 2945; baseline -0.003 -17"><span class='ocrx_word' id='word_1_228' title='bbox 232 2875 443 2939; x_wconf 87' lang='grc' dir='ltr'>λαϐεῖν,</span> <span class='ocrx_word' id='word_1_229' title='bbox 472 2876 767 2941; x_wconf 79' lang='grc' dir='ltr'>ἀναγκαῖον</span> <span class='ocrx_word' id='word_1_230' title='bbox 796 2874 1108 2945; x_wconf 80' lang='grc' dir='ltr'>ὑπομνῆσαι</span> <span class='ocrx_word' id='word_1_231' title='bbox 1136 2874 1236 2945; x_wconf 81' lang='grc' dir='ltr'>τὴν</span> <span class='ocrx_word' id='word_1_232' title='bbox 1263 2872 1536 2943; x_wconf 80' lang='grc' dir='ltr'>ὑμετέραν</span> <span class='ocrx_word' id='word_1_233' title='bbox 1564 2872 1811 2941; x_wconf 84' lang='grc' dir='ltr'>ἀγάπην.</span> 
     </span>
    </p>
   </div>
   <div class='ocr_carea' id='block_1_32' title="bbox 234 2954 1813 3030">
    <p class='ocr_par' dir='ltr' id='par_1_32' title="bbox 234 2954 1813 3030">
     <span class='ocr_line' id='line_1_33' title="bbox 234 2954 1813 3030; baseline -0.016 0"><span class='ocrx_word' id='word_1_234' title='bbox 234 2959 299 3011; x_wconf 57' lang='grc' dir='ltr'><strong>Εἰ</strong></span> <span class='ocrx_word' id='word_1_235' title='bbox 327 2958 438 3030; x_wconf 80' lang='grc' dir='ltr'>γὰρ</span> <span class='ocrx_word' id='word_1_236' title='bbox 485 2958 579 3012; x_wconf 70' lang='grc' dir='ltr'>καὶ</span> <span class='ocrx_word' id='word_1_237' title='bbox 606 2958 763 3012; x_wconf 81' lang='grc' dir='ltr'>αὐτοὶ</span> <span class='ocrx_word' id='word_1_238' title='bbox 786 2957 873 3012; x_wconf 88' lang='grc' dir='ltr'>διά</span> <span class='ocrx_word' id='word_1_239' title='bbox 898 2958 960 3011; x_wconf 84' lang='grc' dir='ltr'>τὸ</span> <span class='ocrx_word' id='word_1_240' title='bbox 992 2958 1214 3022; x_wconf 83' lang='grc' dir='ltr'>πολλαῖς</span> <span class='ocrx_word' id='word_1_241' title='bbox 1246 2957 1492 3028; x_wconf 83' lang='grc' dir='ltr'>φροντίσι</span> <span class='ocrx_word' id='word_1_242' title='bbox 1526 2954 1813 3027; x_wconf 59' lang='grc' dir='ltr'>περιέλκευ</span> 
     </span>
    </p>
   </div>
   <div class='ocr_carea' id='block_1_33' title="bbox 236 3038 1812 3112">
    <p class='ocr_par' dir='ltr' id='par_1_33' title="bbox 236 3038 1812 3112">
     <span class='ocr_line' id='line_1_34' title="bbox 236 3038 1812 3112; baseline -0.002 -18"><span class='ocrx_word' id='word_1_243' title='bbox 236 3042 366 3095; x_wconf 89' lang='grc' dir='ltr'>σθαι</span> <span class='ocrx_word' id='word_1_244' title='bbox 404 3040 533 3105; x_wconf 73' lang='grc' dir='ltr'>ἴσως</span> <span class='ocrx_word' id='word_1_245' title='bbox 572 3040 915 3111; x_wconf 81' lang='grc' dir='ltr'>ἐπιλέλησθε,</span> <span class='ocrx_word' id='word_1_246' title='bbox 946 3040 1060 3094; x_wconf 84' lang='grc' dir='ltr'>ἀλλ’</span> <span class='ocrx_word' id='word_1_247' title='bbox 1099 3041 1222 3111; x_wconf 82' lang='grc' dir='ltr'>ἐμοὶ</span> <span class='ocrx_word' id='word_1_248' title='bbox 1250 3042 1516 3112; x_wconf 87' lang='grc' dir='ltr'>προσήκει</span> <span class='ocrx_word' id='word_1_249' title='bbox 1553 3041 1634 3103; x_wconf 87' lang='grc' dir='ltr'>εἰς</span> <span class='ocrx_word' id='word_1_250' title='bbox 1677 3038 1812 3092; x_wconf 82' lang='grc' dir='ltr'>ὑπό-</span> 
     </span>
    </p>
   </div>
   <div class='ocr_carea' id='block_1_34' title="bbox 236 3124 1813 3197">
    <p class='ocr_par' dir='ltr' id='par_1_34' title="bbox 236 3124 1813 3197">
     <span class='ocr_line' id='line_1_35' title="bbox 236 3124 1813 3197; baseline -0.003 -18"><span class='ocrx_word' id='word_1_251' title='bbox 236 3144 435 3197; x_wconf 88' lang='grc' dir='ltr'>μνησιν</span> <span class='ocrx_word' id='word_1_252' title='bbox 454 3126 597 3196; x_wconf 84' lang='grc' dir='ltr'>ὑμᾶς</span> <span class='ocrx_word' id='word_1_253' title='bbox 624 3127 875 3194; x_wconf 85' lang='grc' dir='ltr'>ἀγαγεῖν,</span> <span class='ocrx_word' id='word_1_254' title='bbox 894 3126 981 3180; x_wconf 77' lang='grc' dir='ltr'>ἵνα</span> <span class='ocrx_word' id='word_1_255' title='bbox 999 3124 1087 3178; x_wconf 83' lang='grc' dir='ltr'>διὰ</span> <span class='ocrx_word' id='word_1_256' title='bbox 1116 3125 1216 3195; x_wconf 83' lang='grc' dir='ltr'>τῆς</span> <span class='ocrx_word' id='word_1_257' title='bbox 1238 3126 1456 3196; x_wconf 87' lang='grc' dir='ltr'>μνήμης</span> <span class='ocrx_word' id='word_1_258' title='bbox 1481 3124 1813 3194; x_wconf 86' lang='grc' dir='ltr'>σαφέστερος</span> 
     </span>
    </p>
   </div>
   <div class='ocr_carea' id='block_1_35' title="bbox 234 3198 1811 3280">
    <p class='ocr_par' dir='ltr' id='par_1_35' title="bbox 234 3198 1811 3280">
     <span class='ocr_line' id='line_1_36' title="bbox 234 3198 1811 3280; baseline -0.001 -18"><span class='ocrx_word' id='word_1_259' title='bbox 234 3211 367 3280; x_wconf 83' lang='grc' dir='ltr'>ὑμῖν</span> <span class='ocrx_word' id='word_1_260' title='bbox 400 3211 429 3261; x_wconf 98' lang='lat'>6</span> <span class='ocrx_word' id='word_1_261' title='bbox 451 3209 607 3277; x_wconf 81' lang='grc' dir='ltr'>λόγος</span> <span class='ocrx_word' id='word_1_262' title='bbox 633 3209 856 3278; x_wconf 87' lang='grc' dir='ltr'>γένηται</span> <span class='ocrx_word' id='word_1_263' title='bbox 883 3209 912 3260; x_wconf 97' lang='lat'>6</span> <span class='ocrx_word' id='word_1_264' title='bbox 947 3205 1155 3277; x_wconf 80' lang='grc' dir='ltr'>μέλλων</span> <span class='ocrx_word' id='word_1_265' title='bbox 1184 3198 1423 3278; x_wconf 82' lang='grc' dir='ltr'>σήμερον</span> <span class='ocrx_word' id='word_1_266' title='bbox 1459 3207 1811 3278; x_wconf 76' lang='grc' dir='ltr'>ῥηθήσεσθαι.</span> 
     </span>
    </p>
   </div>
   <div class='ocr_carea' id='block_1_36' title="bbox 236 3290 1815 3363">
    <p class='ocr_par' dir='ltr' id='par_1_36' title="bbox 236 3290 1815 3363">
     <span class='ocr_line' id='line_1_37' title="bbox 236 3290 1815 3363; baseline -0.003 -15"><span class='ocrx_word' id='word_1_267' title='bbox 236 3294 385 3348; x_wconf 85' lang='grc' dir='ltr'>’ῐστε</span> <span class='ocrx_word' id='word_1_268' title='bbox 417 3294 499 3347; x_wconf 82' lang='grc' dir='ltr'>ὅτι</span> <span class='ocrx_word' id='word_1_269' title='bbox 540 3292 838 3363; x_wconf 85' lang='grc' dir='ltr'>πρότερον·</span> <span class='ocrx_word' id='word_1_270' title='bbox 886 3291 982 3361; x_wconf 80' lang='grc' dir='ltr'>τῆς</span> <span class='ocrx_word' id='word_1_271' title='bbox 1023 3290 1315 3354; x_wconf 83' lang='grc' dir='ltr'>Ῥεϐέκκας</span> <span class='ocrx_word' id='word_1_272' title='bbox 1358 3290 1419 3344; x_wconf 74' lang='grc' dir='ltr'>τὸ</span> <span class='ocrx_word' id='word_1_273' title='bbox 1461 3291 1705 3361; x_wconf 82' lang='grc' dir='ltr'>φιλόθεον</span> <span class='ocrx_word' id='word_1_274' title='bbox 1738 3291 1815 3345; x_wconf 87' lang='grc' dir='ltr'>δι-</span> 
     </span>
    </p>
   </div>
   <div class='ocr_carea' id='block_1_37' title="bbox 231 3374 1815 3450">
    <p class='ocr_par' dir='ltr' id='par_1_37' title="bbox 231 3374 1815 3450">
     <span class='ocr_line' id='line_1_38' title="bbox 231 3374 1815 3450; baseline -0.002 -20"><span class='ocrx_word' id='word_1_275' title='bbox 231 3377 560 3450; x_wconf 87' lang='grc' dir='ltr'>ηγούμενος,</span> <span class='ocrx_word' id='word_1_276' title='bbox 606 3376 862 3429; x_wconf 87' lang='grc' dir='ltr'>κάκεῖθεν</span> <span class='ocrx_word' id='word_1_277' title='bbox 890 3376 981 3428; x_wconf 70' lang='grc' dir='ltr'>ἐπί⁸</span> <span class='ocrx_word' id='word_1_278' title='bbox 1029 3376 1119 3428; x_wconf 79' lang='grc' dir='ltr'>τὸν</span> <span class='ocrx_word' id='word_1_279' title='bbox 1161 3375 1331 3428; x_wconf 86' lang='grc' dir='ltr'>Ἡσαῦ</span> <span class='ocrx_word' id='word_1_280' title='bbox 1365 3376 1578 3429; x_wconf 73' lang='grc' dir='ltr'>καὶτὸν</span> <span class='ocrx_word' id='word_1_281' title='bbox 1622 3374 1815 3429; x_wconf 82' lang='grc' dir='ltr'>Ἰακὼϐ</span> 
     </span>
    </p>
   </div>
   <div class='ocr_carea' id='block_1_38' title="bbox 230 3458 1815 3530">
    <p class='ocr_par' dir='ltr' id='par_1_38' title="bbox 230 3458 1815 3530">
     <span class='ocr_line' id='line_1_39' title="bbox 230 3458 1815 3530; baseline -0.001 -16"><span class='ocrx_word' id='word_1_282' title='bbox 230 3461 515 3524; x_wconf 80' lang='grc' dir='ltr'>ἐλθόντες,</span> <span class='ocrx_word' id='word_1_283' title='bbox 550 3461 667 3512; x_wconf 85' lang='grc' dir='ltr'>ἐκεῖ</span> <span class='ocrx_word' id='word_1_284' title='bbox 696 3460 1139 3530; x_wconf 84' lang='grc' dir='ltr'>κατηντήσαμεν,</span> <span class='ocrx_word' id='word_1_285' title='bbox 1187 3458 1315 3513; x_wconf 72' lang='grc' dir='ltr'>ἔνθα</span> <span class='ocrx_word' id='word_1_286' title='bbox 1350 3462 1420 3513; x_wconf 87' lang='grc' dir='ltr'>τά</span> <span class='ocrx_word' id='word_1_287' title='bbox 1473 3458 1815 3529; x_wconf 84' lang='grc' dir='ltr'>πρωτοτόκια</span> 
     </span>
    </p>
   </div>
   <div class='ocr_carea' id='block_1_39' title="bbox 230 3543 1815 3615">
    <p class='ocr_par' dir='ltr' id='par_1_39' title="bbox 230 3543 1815 3615">
     <span class='ocr_line' id='line_1_40' title="bbox 230 3543 1815 3615; baseline -0.003 -16"><span class='ocrx_word' id='word_1_288' title='bbox 230 3545 468 3600; x_wconf 86' lang='grc' dir='ltr'>ἀπέδοτο</span> <span class='ocrx_word' id='word_1_289' title='bbox 493 3544 570 3615; x_wconf 84' lang='grc' dir='ltr'>τῷ</span> <span class='ocrx_word' id='word_1_290' title='bbox 612 3543 807 3597; x_wconf 82' lang='grc' dir='ltr'>Ἰακὼϐ</span> <span class='ocrx_word' id='word_1_291' title='bbox 844 3545 873 3597; x_wconf 90' lang='lat'>6</span> <span class='ocrx_word' id='word_1_292' title='bbox 917 3543 1109 3606; x_wconf 83' lang='grc' dir='ltr'>Ἡσαῦ,</span> <span class='ocrx_word' id='word_1_293' title='bbox 1141 3543 1234 3597; x_wconf 84' lang='grc' dir='ltr'>τοῦ</span> <span class='ocrx_word' id='word_1_294' title='bbox 1272 3543 1553 3614; x_wconf 72' lang='grc' dir='ltr'>ἑψήματος</span> <span class='ocrx_word' id='word_1_295' title='bbox 1578 3543 1815 3597; x_wconf 86' lang='grc' dir='ltr'>ἀπολαύ-</span> 
     </span>
    </p>
   </div>
   <div class='ocr_carea' id='block_1_40' title="bbox 232 3626 1817 3698">
    <p class='ocr_par' dir='ltr' id='par_1_40' title="bbox 232 3626 1817 3698">
     <span class='ocr_line' id='line_1_41' title="bbox 232 3626 1817 3698; baseline -0.003 -16"><span class='ocrx_word' id='word_1_296' title='bbox 232 3647 359 3692; x_wconf 84' lang='grc' dir='ltr'>σας,</span> <span class='ocrx_word' id='word_1_297' title='bbox 384 3629 477 3682; x_wconf 78' lang='grc' dir='ltr'>καὶ</span> <span class='ocrx_word' id='word_1_298' title='bbox 497 3628 585 3681; x_wconf 90' lang='grc' dir='ltr'>διά</span> <span class='ocrx_word' id='word_1_299' title='bbox 612 3628 711 3698; x_wconf 84' lang='grc' dir='ltr'>τὴν</span> <span class='ocrx_word' id='word_1_300' title='bbox 729 3627 831 3697; x_wconf 80' lang='grc' dir='ltr'>τῆς</span> <span class='ocrx_word' id='word_1_301' title='bbox 854 3627 1061 3697; x_wconf 82' lang='grc' dir='ltr'>τροφῆς</span> <span class='ocrx_word' id='word_1_302' title='bbox 1087 3626 1384 3697; x_wconf 81' lang='grc' dir='ltr'>ἐπιθυμίαν</span> <span class='ocrx_word' id='word_1_303' title='bbox 1407 3627 1506 3697; x_wconf 84' lang='grc' dir='ltr'>τῆς</span> <span class='ocrx_word' id='word_1_304' title='bbox 1528 3626 1817 3698; x_wconf 83' lang='grc' dir='ltr'>προεδρίας</span> 
     </span>
    </p>
   </div>
   <div class='ocr_carea' id='block_1_41' title="bbox 231 3708 1815 3781">
    <p class='ocr_par' dir='ltr' id='par_1_41' title="bbox 231 3708 1815 3781">
     <span class='ocr_line' id='line_1_42' title="bbox 231 3708 1815 3781; baseline -0.003 -17"><span class='ocrx_word' id='word_1_305' title='bbox 231 3712 427 3765; x_wconf 81' lang='grc' dir='ltr'>ἐαυτὸν</span> <span class='ocrx_word' id='word_1_306' title='bbox 474 3711 837 3781; x_wconf 78' lang='grc' dir='ltr'>ἀπεστέρησε.</span> <span class='ocrx_word' id='word_1_307' title='bbox 890 3710 1061 3763; x_wconf 90' lang='grc' dir='ltr'>Τοῦτο</span> <span class='ocrx_word' id='word_1_308' title='bbox 1104 3710 1161 3762; x_wconf 83' lang='grc' dir='ltr'>δὲ</span> <span class='ocrx_word' id='word_1_309' title='bbox 1216 3709 1427 3777; x_wconf 76' lang='grc' dir='ltr'>ἐγίνετο</span> <span class='ocrx_word' id='word_1_310' title='bbox 1459 3709 1558 3777; x_wconf 82' lang='grc' dir='ltr'>οὐχ</span> <span class='ocrx_word' id='word_1_311' title='bbox 1599 3708 1815 3773; x_wconf 85' lang='grc' dir='ltr'>ἀπλῶς,</span> 
     </span>
    </p>
   </div>
   <div class='ocr_carea' id='block_1_42' title="bbox 230 3790 1818 3866">
    <p class='ocr_par' dir='ltr' id='par_1_42' title="bbox 230 3790 1818 3866">
     <span class='ocr_line' id='line_1_43' title="bbox 230 3790 1818 3866; baseline -0.006 -15"><span class='ocrx_word' id='word_1_312' title='bbox 230 3797 351 3852; x_wconf 80' lang='grc' dir='ltr'>ἀλλ’</span> <span class='ocrx_word' id='word_1_313' title='bbox 378 3797 467 3850; x_wconf 82' lang='grc' dir='ltr'>ἵνα</span> <span class='ocrx_word' id='word_1_314' title='bbox 504 3798 539 3866; x_wconf 86' lang='grc' dir='ltr'>ή</span> <span class='ocrx_word' id='word_1_315' title='bbox 587 3794 681 3849; x_wconf 90' lang='grc' dir='ltr'>τοῦ</span> <span class='ocrx_word' id='word_1_316' title='bbox 715 3793 849 3847; x_wconf 89' lang='grc' dir='ltr'>Θεοῦ</span> <span class='ocrx_word' id='word_1_317' title='bbox 878 3793 1183 3865; x_wconf 77' lang='grc' dir='ltr'>πρόρρησις</span> <span class='ocrx_word' id='word_1_318' title='bbox 1219 3793 1309 3847; x_wconf 89' lang='grc' dir='ltr'>διά</span> <span class='ocrx_word' id='word_1_319' title='bbox 1335 3792 1443 3845; x_wconf 88' lang='grc' dir='ltr'>τῶν</span> <span class='ocrx_word' id='word_1_320' title='bbox 1468 3790 1647 3861; x_wconf 82' lang='grc' dir='ltr'>ἐργων</span> <span class='ocrx_word' id='word_1_321' title='bbox 1680 3790 1818 3860; x_wconf 86' lang='grc' dir='ltr'>πλη-</span> 
     </span>
    </p>
   </div>
   <div class='ocr_carea' id='block_1_43' title="bbox 234 3874 1818 3953">
    <p class='ocr_par' dir='ltr' id='par_1_43' title="bbox 234 3874 1818 3953">
     <span class='ocr_line' id='line_1_44' title="bbox 234 3874 1818 3953; baseline -0.006 -17"><span class='ocrx_word' id='word_1_322' title='bbox 234 3881 390 3953; x_wconf 84' lang='grc' dir='ltr'>ρωθῇ</span> <span class='ocrx_word' id='word_1_323' title='bbox 431 3881 464 3951; x_wconf 83' lang='grc' dir='ltr'><strong>ἡ</strong></span> <span class='ocrx_word' id='word_1_324' title='bbox 510 3880 780 3947; x_wconf 82' lang='grc' dir='ltr'>λέγουσα,</span> <span class='ocrx_word' id='word_1_325' title='bbox 826 3877 937 3932; x_wconf 77' lang='grc' dir='ltr'>Τὸν</span> <span class='ocrx_word' id='word_1_326' title='bbox 997 3877 1197 3933; x_wconf 80' lang='grc' dir='ltr'>Ἰακὼὸ</span> <span class='ocrx_word' id='word_1_327' title='bbox 1250 3875 1567 3946; x_wconf 76' lang='grc' dir='ltr'>ἠγάπησα,</span> <span class='ocrx_word' id='word_1_328' title='bbox 1608 3876 1715 3928; x_wconf 79' lang='grc' dir='ltr'>τὸν</span> <span class='ocrx_word' id='word_1_329' title='bbox 1748 3874 1818 3928; x_wconf 76' lang='grc' dir='ltr'>δὲ</span> 
     </span>
    </p>
   </div>
   <div class='ocr_carea' id='block_1_44' title="bbox 243 3960 1817 4033">
    <p class='ocr_par' dir='ltr' id='par_1_44' title="bbox 243 3960 1817 4033">
     <span class='ocr_line' id='line_1_45' title="bbox 243 3960 1817 4033; baseline -0.004 -14"><span class='ocrx_word' id='word_1_330' title='bbox 243 3965 431 4020; x_wconf 80' lang='grc' dir='ltr'>Ἠσαῦ</span> <span class='ocrx_word' id='word_1_331' title='bbox 457 3965 746 4033; x_wconf 75' lang='grc' dir='ltr'>ἐμίσησα.</span> <span class='ocrx_word' id='word_1_332' title='bbox 796 3963 1014 4033; x_wconf 84' lang='grc' dir='ltr'>Ἐπειδὴ</span> <span class='ocrx_word' id='word_1_333' title='bbox 1037 3962 1145 4033; x_wconf 84' lang='grc' dir='ltr'>γὰρ</span> <span class='ocrx_word' id='word_1_334' title='bbox 1182 3962 1257 4026; x_wconf 83' lang='grc' dir='ltr'>ὡς</span> <span class='ocrx_word' id='word_1_335' title='bbox 1292 3961 1424 4025; x_wconf 81' lang='grc' dir='ltr'>Θεὸς</span> <span class='ocrx_word' id='word_1_336' title='bbox 1455 3960 1521 4014; x_wconf 87' lang='grc' dir='ltr'>τά</span> <span class='ocrx_word' id='word_1_337' title='bbox 1552 3960 1817 4030; x_wconf 87' lang='grc' dir='ltr'>μέλλοντα</span> 
     </span>
    </p>
   </div>
   <div class='ocr_carea' id='block_1_45' title="bbox 230 4043 1815 4121">
    <p class='ocr_par' dir='ltr' id='par_1_45' title="bbox 230 4043 1815 4121">
     <span class='ocr_line' id='line_1_46' title="bbox 230 4043 1815 4121; baseline -0.004 -18"><span class='ocrx_word' id='word_1_338' title='bbox 230 4049 493 4121; x_wconf 76' lang='grc' dir='ltr'>προῄδει,</span> <span class='ocrx_word' id='word_1_339' title='bbox 557 4046 985 4119; x_wconf 83' lang='grc' dir='ltr'>προανεφώνησε</span> <span class='ocrx_word' id='word_1_340' title='bbox 1037 4047 1134 4101; x_wconf 70' lang='grc' dir='ltr'>καὶ</span> <span class='ocrx_word' id='word_1_341' title='bbox 1191 4045 1383 4099; x_wconf 87' lang='grc' dir='ltr'>τούτου</span> <span class='ocrx_word' id='word_1_342' title='bbox 1430 4045 1528 4117; x_wconf 75' lang='grc' dir='ltr'>τὴν</span> <span class='ocrx_word' id='word_1_343' title='bbox 1594 4043 1815 4115; x_wconf 83' lang='grc' dir='ltr'>ἀρετὴν,</span> 
     </span>
    </p>
   </div>
   <div class='ocr_carea' id='block_1_46' title="bbox 230 4128 1815 4201">
    <p class='ocr_par' dir='ltr' id='par_1_46' title="bbox 230 4128 1815 4201">
     <span class='ocr_line' id='line_1_47' title="bbox 230 4128 1815 4201; baseline -0.004 -14"><span class='ocrx_word' id='word_1_344' title='bbox 230 4134 494 4188; x_wconf 88' lang='grc' dir='ltr'>κάκείνου</span> <span class='ocrx_word' id='word_1_345' title='bbox 536 4131 635 4201; x_wconf 80' lang='grc' dir='ltr'>τῆς</span> <span class='ocrx_word' id='word_1_346' title='bbox 682 4130 908 4201; x_wconf 85' lang='grc' dir='ltr'>γνώμης</span> <span class='ocrx_word' id='word_1_347' title='bbox 958 4130 1056 4201; x_wconf 81' lang='grc' dir='ltr'>τὴν</span> <span class='ocrx_word' id='word_1_348' title='bbox 1112 4129 1432 4200; x_wconf 80' lang='grc' dir='ltr'>μοχθηρίαν.</span> <span class='ocrx_word' id='word_1_349' title='bbox 1488 4128 1554 4181; x_wconf 90' lang='grc' dir='ltr'>Τί</span> <span class='ocrx_word' id='word_1_350' title='bbox 1595 4128 1651 4181; x_wconf 89' lang='grc' dir='ltr'>δέ</span> <span class='ocrx_word' id='word_1_351' title='bbox 1698 4129 1815 4180; x_wconf 83' lang='grc' dir='ltr'>ἐστι</span> 
     </span>
    </p>
   </div>
   <div class='ocr_carea' id='block_1_47' title="bbox 229 4210 1815 4284">
    <p class='ocr_par' dir='ltr' id='par_1_47' title="bbox 229 4210 1815 4284">
     <span class='ocr_line' id='line_1_48' title="bbox 229 4210 1815 4284; baseline -0.004 -15"><span class='ocrx_word' id='word_1_352' title='bbox 229 4216 396 4269; x_wconf 81' lang='grc' dir='ltr'>τοῦτο</span> <span class='ocrx_word' id='word_1_353' title='bbox 420 4215 481 4267; x_wconf 83' lang='grc' dir='ltr'>τὸ</span> <span class='ocrx_word' id='word_1_354' title='bbox 515 4214 624 4268; x_wconf 90' lang='grc' dir='ltr'>τῶν</span> <span class='ocrx_word' id='word_1_355' title='bbox 667 4213 1078 4284; x_wconf 89' lang='grc' dir='ltr'>πρωτοτοκίων;</span> <span class='ocrx_word' id='word_1_356' title='bbox 1111 4214 1173 4266; x_wconf 81' lang='grc' dir='ltr'>Εἰ</span> <span class='ocrx_word' id='word_1_357' title='bbox 1204 4214 1299 4266; x_wconf 77' lang='grc' dir='ltr'>καὶ</span> <span class='ocrx_word' id='word_1_358' title='bbox 1330 4213 1404 4282; x_wconf 82' lang='grc' dir='ltr'>μὴ</span> <span class='ocrx_word' id='word_1_359' title='bbox 1426 4212 1544 4265; x_wconf 90' lang='grc' dir='ltr'>τότε</span> <span class='ocrx_word' id='word_1_360' title='bbox 1570 4211 1599 4263; x_wconf 91' lang='lat'>6</span> <span class='ocrx_word' id='word_1_361' title='bbox 1624 4210 1815 4281; x_wconf 80' lang='grc' dir='ltr'>καιρὸς</span> 
     </span>
    </p>
   </div>
   <div class='ocr_carea' id='block_1_48' title="bbox 231 4295 1817 4369">
    <p class='ocr_par' dir='ltr' id='par_1_48' title="bbox 231 4295 1817 4369">
     <span class='ocr_line' id='line_1_49' title="bbox 231 4295 1817 4369; baseline -0.003 -16"><span class='ocrx_word' id='word_1_362' title='bbox 231 4299 537 4369; x_wconf 81' lang='grc' dir='ltr'>ἐπέτρεπεν</span> <span class='ocrx_word' id='word_1_363' title='bbox 558 4299 730 4351; x_wconf 83' lang='grc' dir='ltr'>εἰπεῖν</span> <span class='ocrx_word' id='word_1_364' title='bbox 754 4298 847 4351; x_wconf 76' lang='grc' dir='ltr'>ἐπὶ</span> <span class='ocrx_word' id='word_1_365' title='bbox 869 4297 971 4367; x_wconf 77' lang='grc' dir='ltr'>τῆς</span> <span class='ocrx_word' id='word_1_366' title='bbox 1000 4297 1270 4368; x_wconf 83' lang='grc' dir='ltr'>ὑμετέρας</span> <span class='ocrx_word' id='word_1_367' title='bbox 1291 4297 1528 4364; x_wconf 84' lang='grc' dir='ltr'>ἀγάπης,</span> <span class='ocrx_word' id='word_1_368' title='bbox 1556 4295 1668 4349; x_wconf 87' lang='grc' dir='ltr'>ἀλλ’</span> <span class='ocrx_word' id='word_1_369' title='bbox 1694 4297 1817 4349; x_wconf 83' lang='grc' dir='ltr'>ἀνα-</span> 
     </span>
    </p>
   </div>
   <div class='ocr_carea' id='block_1_49' title="bbox 230 4377 1818 4455">
    <p class='ocr_par' dir='ltr' id='par_1_49' title="bbox 230 4377 1818 4455">
     <span class='ocr_line' id='line_1_50' title="bbox 230 4377 1818 4455; baseline -0.004 -18"><span class='ocrx_word' id='word_1_370' title='bbox 230 4386 427 4455; x_wconf 83' lang='grc' dir='ltr'>γκαῖον</span> <span class='ocrx_word' id='word_1_371' title='bbox 451 4383 546 4437; x_wconf 92' lang='grc' dir='ltr'>νῦν</span> <span class='ocrx_word' id='word_1_372' title='bbox 581 4382 726 4453; x_wconf 83' lang='grc' dir='ltr'>ὑμᾶς</span> <span class='ocrx_word' id='word_1_373' title='bbox 760 4380 988 4446; x_wconf 78' lang='grc' dir='ltr'>διδάξαι.</span> <span class='ocrx_word' id='word_1_374' title='bbox 1020 4381 1267 4451; x_wconf 85' lang='grc' dir='ltr'>Μεγίστη</span> <span class='ocrx_word' id='word_1_375' title='bbox 1290 4380 1401 4449; x_wconf 84' lang='grc' dir='ltr'>γὰρ</span> <span class='ocrx_word' id='word_1_376' title='bbox 1430 4377 1568 4433; x_wconf 70' lang='grc' dir='ltr'>εἶναι</span> <span class='ocrx_word' id='word_1_377' title='bbox 1596 4379 1730 4450; x_wconf 80' lang='grc' dir='ltr'>τιμὴ</span> <span class='ocrx_word' id='word_1_378' title='bbox 1757 4379 1818 4432; x_wconf 81' lang='grc' dir='ltr'>τὸ</span> 
     </span>
    </p>
   </div>
   <div class='ocr_carea' id='block_1_50' title="bbox 232 4462 1889 4535">
    <p class='ocr_par' dir='ltr' id='par_1_50' title="bbox 232 4462 1889 4535">
     <span class='ocr_line' id='line_1_51' title="bbox 232 4462 1889 4535; baseline -0.004 -15"><span class='ocrx_word' id='word_1_379' title='bbox 232 4467 465 4521; x_wconf 78' lang='grc' dir='ltr'>παλαιὸν</span> <span class='ocrx_word' id='word_1_380' title='bbox 499 4466 779 4535; x_wconf 74' lang='grc' dir='ltr'>ἐνομίζετο</span> <span class='ocrx_word' id='word_1_381' title='bbox 799 4481 813 4495; x_wconf 87' lang='grc'><strong>·</strong></span> <span class='ocrx_word' id='word_1_382' title='bbox 862 4463 989 4533; x_wconf 73' lang='grc' dir='ltr'>ἔσχε</span> <span class='ocrx_word' id='word_1_383' title='bbox 1025 4463 1082 4517; x_wconf 82' lang='grc' dir='ltr'>δὲ</span> <span class='ocrx_word' id='word_1_384' title='bbox 1110 4464 1209 4533; x_wconf 85' lang='grc' dir='ltr'>τῆς</span> <span class='ocrx_word' id='word_1_385' title='bbox 1236 4462 1405 4533; x_wconf 82' lang='grc' dir='ltr'>τιμῆς</span> <span class='ocrx_word' id='word_1_386' title='bbox 1430 4462 1530 4533; x_wconf 82' lang='grc' dir='ltr'>τὴν</span> <span class='ocrx_word' id='word_1_387' title='bbox 1560 4462 1818 4516; x_wconf 83' lang='grc' dir='ltr'>ὑπόθεσιν</span> <span class='ocrx_word' id='word_1_388' title='bbox 1882 4486 1889 4493; x_wconf 64' lang='grc' dir='ltr'><em>ο</em></span> 
     </span>
    </p>
   </div>
   <div class='ocr_carea' id='block_1_51' title="bbox 232 4545 1820 4617">
    <p class='ocr_par' dir='ltr' id='par_1_51' title="bbox 232 4545 1820 4617">
     <span class='ocr_line' id='line_1_52' title="bbox 232 4545 1820 4617; baseline -0.006 -10"><span class='ocrx_word' id='word_1_389' title='bbox 232 4551 507 4608; x_wconf 79' lang='grc' dir='ltr'>ἐντεῦθεν.</span> <span class='ocrx_word' id='word_1_390' title='bbox 552 4550 745 4604; x_wconf 85' lang='grc' dir='ltr'>Ἡνίκα</span> <span class='ocrx_word' id='word_1_391' title='bbox 785 4549 847 4602; x_wconf 81' lang='grc' dir='ltr'>τὸ</span> <span class='ocrx_word' id='word_1_392' title='bbox 877 4549 987 4601; x_wconf 87' lang='grc' dir='ltr'>τῶν</span> <span class='ocrx_word' id='word_1_393' title='bbox 1033 4546 1382 4617; x_wconf 84' lang='grc' dir='ltr'>Ἰσραηλιτῶν</span> <span class='ocrx_word' id='word_1_394' title='bbox 1422 4545 1574 4608; x_wconf 82' lang='grc' dir='ltr'>ἐθνος</span> <span class='ocrx_word' id='word_1_395' title='bbox 1604 4547 1703 4616; x_wconf 82' lang='grc' dir='ltr'>τῆς</span> <span class='ocrx_word' id='word_1_396' title='bbox 1727 4548 1820 4598; x_wconf 83' lang='grc' dir='ltr'>Αἰ-</span> 
     </span>
    </p>
   </div>
   <div class='ocr_carea' id='block_1_52' title="bbox 231 4629 1821 4706">
    <p class='ocr_par' dir='ltr' id='par_1_52' title="bbox 231 4629 1821 4706">
     <span class='ocr_line' id='line_1_53' title="bbox 231 4629 1821 4706; baseline -0.005 -18"><span class='ocrx_word' id='word_1_397' title='bbox 231 4634 446 4706; x_wconf 82' lang='grc' dir='ltr'>γύπτου</span> <span class='ocrx_word' id='word_1_398' title='bbox 488 4630 797 4699; x_wconf 81' lang='grc' dir='ltr'>ἀπαλλάξαι</span> <span class='ocrx_word' id='word_1_399' title='bbox 841 4630 1092 4685; x_wconf 85' lang='grc' dir='ltr'>ἐϐούλετο</span> <span class='ocrx_word' id='word_1_400' title='bbox 1134 4630 1163 4683; x_wconf 92' lang='lat'>6</span> <span class='ocrx_word' id='word_1_401' title='bbox 1189 4629 1300 4683; x_wconf 88' lang='grc' dir='ltr'>τῶν</span> <span class='ocrx_word' id='word_1_402' title='bbox 1332 4629 1470 4681; x_wconf 82' lang='grc' dir='ltr'>ὅλων</span> <span class='ocrx_word' id='word_1_403' title='bbox 1512 4629 1681 4692; x_wconf 73' lang='grc' dir='ltr'>Θεὸς,</span> <span class='ocrx_word' id='word_1_404' title='bbox 1729 4630 1821 4681; x_wconf 77' lang='grc' dir='ltr'>καὶ</span> 
     </span>
    </p>
   </div>
   <div class='ocr_carea' id='block_1_53' title="bbox 231 4711 1822 4789">
    <p class='ocr_par' dir='ltr' id='par_1_53' title="bbox 231 4711 1822 4789">
     <span class='ocr_line' id='line_1_54' title="bbox 231 4711 1822 4789; baseline -0.006 -17"><span class='ocrx_word' id='word_1_405' title='bbox 231 4719 337 4783; x_wconf 76' lang='grc' dir='ltr'>τῆς</span> <span class='ocrx_word' id='word_1_406' title='bbox 364 4716 677 4789; x_wconf 80' lang='grc' dir='ltr'>τυραννίδος</span> <span class='ocrx_word' id='word_1_407' title='bbox 718 4715 1079 4787; x_wconf 80' lang='grc' dir='ltr'>ἐλευθερῶσαι</span> <span class='ocrx_word' id='word_1_408' title='bbox 1105 4712 1198 4766; x_wconf 91' lang='grc' dir='ltr'>τοῦ</span> <span class='ocrx_word' id='word_1_409' title='bbox 1222 4712 1421 4783; x_wconf 82' lang='grc' dir='ltr'>Φαραῶ</span> <span class='ocrx_word' id='word_1_410' title='bbox 1446 4711 1536 4765; x_wconf 84' lang='grc' dir='ltr'>διά</span> <span class='ocrx_word' id='word_1_411' title='bbox 1558 4711 1655 4782; x_wconf 80' lang='grc' dir='ltr'>τὴν</span> <span class='ocrx_word' id='word_1_412' title='bbox 1684 4711 1822 4783; x_wconf 74' lang='grc' dir='ltr'>πρὸς</span> 
     </span>
    </p>
   </div>
   <div class='ocr_carea' id='block_1_54' title="bbox 230 4796 1819 4873">
    <p class='ocr_par' dir='ltr' id='par_1_54' title="bbox 230 4796 1819 4873">
     <span class='ocr_line' id='line_1_55' title="bbox 230 4796 1819 4873; baseline -0.006 -17"><span class='ocrx_word' id='word_1_413' title='bbox 230 4803 328 4858; x_wconf 82' lang='grc' dir='ltr'>τόν</span> <span class='ocrx_word' id='word_1_414' title='bbox 362 4801 710 4873; x_wconf 86' lang='grc' dir='ltr'>πατριάρχην</span> <span class='ocrx_word' id='word_1_415' title='bbox 739 4798 1106 4868; x_wconf 78' lang='grc' dir='ltr'>ἐπαγγελίαν,</span> <span class='ocrx_word' id='word_1_416' title='bbox 1150 4798 1542 4859; x_wconf 90' lang='grc' dir='ltr'>ἀντιτείνοντος</span> <span class='ocrx_word' id='word_1_417' title='bbox 1564 4796 1657 4848; x_wconf 81' lang='grc' dir='ltr'>καί</span> <span class='ocrx_word' id='word_1_418' title='bbox 1691 4813 1819 4848; x_wconf 85' lang='grc' dir='ltr'>κατ-</span> 
     </span>
    </p>
   </div>
   <div class='ocr_carea' id='block_1_55' title="bbox 233 4878 1821 4957">
    <p class='ocr_par' dir='ltr' id='par_1_55' title="bbox 233 4878 1821 4957">
     <span class='ocr_line' id='line_1_56' title="bbox 233 4878 1821 4957; baseline -0.006 -15"><span class='ocrx_word' id='word_1_419' title='bbox 233 4890 385 4957; x_wconf 83' lang='grc' dir='ltr'>έχειν</span> <span class='ocrx_word' id='word_1_420' title='bbox 416 4885 740 4956; x_wconf 80' lang='grc' dir='ltr'>βουλομένου</span> <span class='ocrx_word' id='word_1_421' title='bbox 772 4883 893 4936; x_wconf 84' lang='grc' dir='ltr'>τότε</span> <span class='ocrx_word' id='word_1_422' title='bbox 930 4881 1026 4934; x_wconf 89' lang='grc' dir='ltr'>τοῦ</span> <span class='ocrx_word' id='word_1_423' title='bbox 1065 4881 1385 4948; x_wconf 81' lang='grc' dir='ltr'>Αἰγυπτίου,</span> <span class='ocrx_word' id='word_1_424' title='bbox 1418 4879 1557 4950; x_wconf 88' lang='grc' dir='ltr'>μετά</span> <span class='ocrx_word' id='word_1_425' title='bbox 1579 4878 1679 4941; x_wconf 80' lang='grc' dir='ltr'>τάς</span> <span class='ocrx_word' id='word_1_426' title='bbox 1704 4879 1821 4933; x_wconf 83' lang='grc' dir='ltr'>δια-</span> 
     </span>
    </p>
   </div>
   <div class='ocr_carea' id='block_1_56' title="bbox 232 4963 1820 5042">
    <p class='ocr_par' dir='ltr' id='par_1_56' title="bbox 232 4963 1820 5042">
     <span class='ocr_line' id='line_1_57' title="bbox 232 4963 1820 5042; baseline -0.005 -18"><span class='ocrx_word' id='word_1_427' title='bbox 232 4972 441 5042; x_wconf 79' lang='grc' dir='ltr'>φόρους</span> <span class='ocrx_word' id='word_1_428' title='bbox 480 4969 693 5039; x_wconf 81' lang='grc' dir='ltr'>πληγάς</span> <span class='ocrx_word' id='word_1_429' title='bbox 720 4967 923 5037; x_wconf 87' lang='grc' dir='ltr'>ταύτην</span> <span class='ocrx_word' id='word_1_430' title='bbox 955 4964 1246 5035; x_wconf 81' lang='grc' dir='ltr'>ἐπαγαγὼν</span> <span class='ocrx_word' id='word_1_431' title='bbox 1282 4963 1377 5035; x_wconf 81' lang='grc' dir='ltr'>τὴν</span> <span class='ocrx_word' id='word_1_432' title='bbox 1396 4965 1609 5035; x_wconf 80' lang='grc' dir='ltr'>πληγὴν</span> <span class='ocrx_word' id='word_1_433' title='bbox 1631 4965 1659 5017; x_wconf 91' lang='lat'>6</span> <span class='ocrx_word' id='word_1_434' title='bbox 1690 4968 1820 5017; x_wconf 78' lang='grc' dir='ltr'>Δεσ-</span> 
     </span>
    </p>
   </div>
   <div class='ocr_carea' id='block_1_57' title="bbox 234 5050 1819 5127">
    <p class='ocr_par' dir='ltr' id='par_1_57' title="bbox 234 5050 1819 5127">
     <span class='ocr_line' id='line_1_58' title="bbox 234 5050 1819 5127; baseline -0.005 -16"><span class='ocrx_word' id='word_1_435' title='bbox 234 5059 413 5127; x_wconf 87' lang='grc' dir='ltr'>πότης</span> <span class='ocrx_word' id='word_1_436' title='bbox 428 5054 764 5115; x_wconf 85' lang='grc' dir='ltr'>τελευταίαν,</span> <span class='ocrx_word' id='word_1_437' title='bbox 790 5051 942 5124; x_wconf 79' lang='lat'><strong>[500]</strong></span> <span class='ocrx_word' id='word_1_438' title='bbox 962 5050 1242 5122; x_wconf 79' lang='grc' dir='ltr'>μονονουχὶ</span> <span class='ocrx_word' id='word_1_439' title='bbox 1268 5052 1390 5113; x_wconf 86' lang='grc' dir='ltr'>ταῖς</span> <span class='ocrx_word' id='word_1_440' title='bbox 1406 5050 1635 5112; x_wconf 86' lang='grc' dir='ltr'>οἰκείαις</span> <span class='ocrx_word' id='word_1_441' title='bbox 1663 5050 1819 5121; x_wconf 70' lang='grc' dir='ltr'>χερσὶ</span> 
     </span>
    </p>
   </div>
   <div class='ocr_carea' id='block_1_58' title="bbox 234 5132 1819 5211">
    <p class='ocr_par' dir='ltr' id='par_1_58' title="bbox 234 5132 1819 5211">
     <span class='ocr_line' id='line_1_59' title="bbox 234 5132 1819 5211; baseline -0.005 -17"><span class='ocrx_word' id='word_1_442' title='bbox 234 5138 625 5211; x_wconf 78' lang='grc' dir='ltr'>παρεσκεύασε</span> <span class='ocrx_word' id='word_1_443' title='bbox 650 5139 774 5200; x_wconf 80' lang='grc' dir='ltr'>τοὺς</span> <span class='ocrx_word' id='word_1_444' title='bbox 803 5136 1131 5204; x_wconf 80' lang='grc' dir='ltr'>Αἰγυπτίους</span> <span class='ocrx_word' id='word_1_445' title='bbox 1153 5132 1353 5200; x_wconf 80' lang='grc' dir='ltr'>ἐξῶσαι</span> <span class='ocrx_word' id='word_1_446' title='bbox 1382 5133 1443 5186; x_wconf 80' lang='grc' dir='ltr'>τὸ</span> <span class='ocrx_word' id='word_1_447' title='bbox 1463 5133 1573 5185; x_wconf 88' lang='grc' dir='ltr'>τῶν</span> <span class='ocrx_word' id='word_1_448' title='bbox 1608 5134 1819 5203; x_wconf 80' lang='grc' dir='ltr'>’ἰσραηο</span> 
     </span>
    </p>
   </div>
   <div class='ocr_carea' id='block_1_59' title="bbox 231 5216 1819 5291">
    <p class='ocr_par' dir='ltr' id='par_1_59' title="bbox 231 5216 1819 5291">
     <span class='ocr_line' id='line_1_60' title="bbox 231 5216 1819 5291; baseline -0.006 -13"><span class='ocrx_word' id='word_1_449' title='bbox 231 5224 403 5278; x_wconf 86' lang='grc' dir='ltr'>λιτῶν</span> <span class='ocrx_word' id='word_1_450' title='bbox 450 5222 619 5285; x_wconf 71' lang='grc' dir='ltr'>ἔθνος.</span> <span class='ocrx_word' id='word_1_451' title='bbox 687 5219 904 5291; x_wconf 84' lang='grc' dir='ltr'>Ἀθρόον</span> <span class='ocrx_word' id='word_1_452' title='bbox 942 5220 1049 5288; x_wconf 89' lang='grc' dir='ltr'>γάρ</span> <span class='ocrx_word' id='word_1_453' title='bbox 1089 5219 1304 5273; x_wconf 89' lang='grc' dir='ltr'>πάντων</span> <span class='ocrx_word' id='word_1_454' title='bbox 1348 5217 1457 5271; x_wconf 86' lang='grc' dir='ltr'>τῶν</span> <span class='ocrx_word' id='word_1_455' title='bbox 1504 5216 1819 5284; x_wconf 83' lang='grc' dir='ltr'>Αἰγυπτίων</span> 
     </span>
    </p>
   </div>
   <div class='ocr_carea' id='block_1_60' title="bbox 231 5296 1820 5377">
    <p class='ocr_par' dir='ltr' id='par_1_60' title="bbox 231 5296 1820 5377">
     <span class='ocr_line' id='line_1_61' title="bbox 231 5296 1820 5377; baseline -0.008 -14"><span class='ocrx_word' id='word_1_456' title='bbox 231 5310 308 5363; x_wconf 73' lang='grc' dir='ltr'>τὰ</span> <span class='ocrx_word' id='word_1_457' title='bbox 340 5307 659 5377; x_wconf 82' lang='grc' dir='ltr'>πρωτότοκα</span> <span class='ocrx_word' id='word_1_458' title='bbox 701 5304 1053 5376; x_wconf 81' lang='grc' dir='ltr'>ἀναιρεθῆναι</span> <span class='ocrx_word' id='word_1_459' title='bbox 1088 5301 1383 5373; x_wconf 78' lang='grc' dir='ltr'>προσέταξε</span> <span class='ocrx_word' id='word_1_460' title='bbox 1406 5342 1420 5367; x_wconf 89' lang='grc'>,</span> <span class='ocrx_word' id='word_1_461' title='bbox 1461 5301 1557 5354; x_wconf 77' lang='grc' dir='ltr'>καὶ</span> <span class='ocrx_word' id='word_1_462' title='bbox 1585 5296 1652 5371; x_wconf 82' lang='grc' dir='ltr'>ἦν</span> <span class='ocrx_word' id='word_1_463' title='bbox 1692 5300 1820 5354; x_wconf 77' lang='grc' dir='ltr'>ἰδεῖν</span> 
     </span>
    </p>
   </div>
   <div class='ocr_carea' id='block_1_61' title="bbox 230 5383 1820 5460">
    <p class='ocr_par' dir='ltr' id='par_1_61' title="bbox 230 5383 1820 5460">
     <span class='ocr_line' id='line_1_62' title="bbox 230 5383 1820 5460; baseline -0.007 -15"><span class='ocrx_word' id='word_1_464' title='bbox 230 5391 363 5447; x_wconf 82' lang='grc' dir='ltr'>καθ’</span> <span class='ocrx_word' id='word_1_465' title='bbox 396 5390 635 5460; x_wconf 84' lang='grc' dir='ltr'>ἑκάστην</span> <span class='ocrx_word' id='word_1_466' title='bbox 669 5388 846 5442; x_wconf 89' lang='grc' dir='ltr'>οἰκίαν</span> <span class='ocrx_word' id='word_1_467' title='bbox 883 5386 1127 5459; x_wconf 84' lang='grc' dir='ltr'>οἰμωγάς</span> <span class='ocrx_word' id='word_1_468' title='bbox 1174 5386 1267 5438; x_wconf 77' lang='grc' dir='ltr'>καὶ</span> <span class='ocrx_word' id='word_1_469' title='bbox 1294 5384 1534 5454; x_wconf 70' lang='grc' dir='ltr'>δάκρυαο</span> <span class='ocrx_word' id='word_1_470' title='bbox 1567 5384 1663 5435; x_wconf 80' lang='grc' dir='ltr'>καὶ</span> <span class='ocrx_word' id='word_1_471' title='bbox 1699 5383 1820 5436; x_wconf 80' lang='grc' dir='ltr'>οὐδὲ</span> 
     </span>
    </p>
   </div>
   <div class='ocr_carea' id='block_1_62' title="bbox 232 5466 1819 5547">
    <p class='ocr_par' dir='ltr' id='par_1_62' title="bbox 232 5466 1819 5547">
     <span class='ocr_line' id='line_1_63' title="bbox 232 5466 1819 5547; baseline -0.005 -19"><span class='ocrx_word' id='word_1_472' title='bbox 232 5475 405 5547; x_wconf 79' lang='grc' dir='ltr'>μέχρι</span> <span class='ocrx_word' id='word_1_473' title='bbox 451 5473 641 5527; x_wconf 85' lang='grc' dir='ltr'>τούτου</span> <span class='ocrx_word' id='word_1_474' title='bbox 676 5472 867 5542; x_wconf 80' lang='grc' dir='ltr'>στῆναι</span> <span class='ocrx_word' id='word_1_475' title='bbox 901 5471 1149 5542; x_wconf 78' lang='grc' dir='ltr'>ἐνόμιζον</span> <span class='ocrx_word' id='word_1_476' title='bbox 1194 5469 1293 5541; x_wconf 79' lang='grc' dir='ltr'>τὴν</span> <span class='ocrx_word' id='word_1_477' title='bbox 1323 5468 1570 5539; x_wconf 80' lang='grc' dir='ltr'>ἀπειλὴν,</span> <span class='ocrx_word' id='word_1_478' title='bbox 1603 5466 1721 5520; x_wconf 85' lang='grc' dir='ltr'>ἀλλ’</span> <span class='ocrx_word' id='word_1_479' title='bbox 1754 5468 1819 5520; x_wconf 86' lang='grc' dir='ltr'>ἐκ</span> 
     </span>
    </p>
   </div>
   <div class='ocr_carea' id='block_1_63' title="bbox 228 5550 1819 5627">
    <p class='ocr_par' dir='ltr' id='par_1_63' title="bbox 228 5550 1819 5627">
     <span class='ocr_line' id='line_1_64' title="bbox 228 5550 1819 5627; baseline -0.005 -14"><span class='ocrx_word' id='word_1_480' title='bbox 228 5558 433 5613; x_wconf 82' lang='grc' dir='ltr'>τούτου</span> <span class='ocrx_word' id='word_1_481' title='bbox 475 5556 817 5627; x_wconf 78' lang='grc' dir='ltr'>προσεδόκων</span> <span class='ocrx_word' id='word_1_482' title='bbox 864 5555 959 5609; x_wconf 78' lang='grc' dir='ltr'>καὶ</span> <span class='ocrx_word' id='word_1_483' title='bbox 1008 5554 1101 5607; x_wconf 77' lang='grc' dir='ltr'>ἐπὶ</span> <span class='ocrx_word' id='word_1_484' title='bbox 1140 5552 1348 5615; x_wconf 84' lang='grc' dir='ltr'>πάντας</span> <span class='ocrx_word' id='word_1_485' title='bbox 1385 5550 1491 5621; x_wconf 81' lang='grc' dir='ltr'>ὁδῷ</span> <span class='ocrx_word' id='word_1_486' title='bbox 1538 5550 1819 5620; x_wconf 76' lang='grc' dir='ltr'>βαδίζοντα</span> 
     </span>
    </p>
   </div>
   <div class='ocr_carea' id='block_1_64' title="bbox 229 5631 1817 5707">
    <p class='ocr_par' dir='ltr' id='par_1_64' title="bbox 229 5631 1817 5707">
     <span class='ocr_line' id='line_1_65' title="bbox 229 5631 1817 5707; baseline -0.006 -11"><span class='ocrx_word' id='word_1_487' title='bbox 229 5639 558 5696; x_wconf 79' lang='grc' dir='ltr'>ἐλεύσεσθαι</span> <span class='ocrx_word' id='word_1_488' title='bbox 587 5638 679 5692; x_wconf 79' lang='grc' dir='ltr'>τὸν</span> <span class='ocrx_word' id='word_1_489' title='bbox 712 5637 961 5696; x_wconf 87' lang='grc' dir='ltr'>θάνατον.</span> <span class='ocrx_word' id='word_1_490' title='bbox 1014 5637 1166 5691; x_wconf 80' lang='grc' dir='ltr'>Ἐπεὶ</span> <span class='ocrx_word' id='word_1_491' title='bbox 1206 5631 1300 5690; x_wconf 88' lang='grc' dir='ltr'>οῦν</span> <span class='ocrx_word' id='word_1_492' title='bbox 1331 5633 1440 5689; x_wconf 84' lang='grc' dir='ltr'>τῶν</span> <span class='ocrx_word' id='word_1_493' title='bbox 1469 5635 1527 5687; x_wconf 83' lang='grc' dir='ltr'>ἐν</span> <span class='ocrx_word' id='word_1_494' title='bbox 1555 5633 1817 5707; x_wconf 79' lang='grc' dir='ltr'>Αἰγύπτῳ</span> 
     </span>
    </p>
   </div>
   <div class='ocr_carea' id='block_1_65' title="bbox 299 5754 1809 5823">
    <p class='ocr_par' dir='ltr' id='par_1_65' title="bbox 299 5754 1809 5823">
     <span class='ocr_line' id='line_1_66' title="bbox 299 5754 1809 5823; baseline 0 -16"><span class='ocrx_word' id='word_1_495' title='bbox 299 5764 329 5795; x_wconf 68' lang='grc' dir='ltr'>ι</span> <span class='ocrx_word' id='word_1_496' title='bbox 352 5763 580 5823; x_wconf 81' lang='lat' dir='ltr'>Quinque</span> <span class='ocrx_word' id='word_1_497' title='bbox 599 5774 712 5809; x_wconf 68' lang='lat' dir='ltr'>mss.</span> <span class='ocrx_word' id='word_1_498' title='bbox 739 5766 791 5809; x_wconf 76' lang='lat' dir='ltr'>et</span> <span class='ocrx_word' id='word_1_499' title='bbox 812 5756 1023 5808; x_wconf 72' lang='lat' dir='ltr'>SaYiHn</span> <span class='ocrx_word' id='word_1_500' title='bbox 1048 5772 1197 5823; x_wconf 78' lang='lat' dir='ltr'>marg.</span> <span class='ocrx_word' id='word_1_501' title='bbox 1214 5759 1283 5808; x_wconf 78' lang='grc' dir='ltr'>ὅτι</span> <span class='ocrx_word' id='word_1_502' title='bbox 1311 5754 1619 5821; x_wconf 74' lang='grc' dir='ltr'>πρώην,1μιὶα</span> <span class='ocrx_word' id='word_1_503' title='bbox 1642 5770 1809 5821; x_wconf 81' lang='lat' dir='ltr'>nuper.</span> 
     </span>
    </p>
   </div>
   <div class='ocr_carea' id='block_1_66' title="bbox 229 5826 1095 5888">
    <p class='ocr_par' dir='ltr' id='par_1_66' title="bbox 229 5826 1095 5888">
     <span class='ocr_line' id='line_1_67' title="bbox 229 5826 1095 5888; baseline -0.009 -11"><span class='ocrx_word' id='word_1_504' title='bbox 229 5829 318 5877; x_wconf 81' lang='lat' dir='ltr'>Sic</span> <span class='ocrx_word' id='word_1_505' title='bbox 345 5826 466 5888; x_wconf 58' lang='lat' dir='ltr'>legit</span> <span class='ocrx_word' id='word_1_506' title='bbox 489 5826 638 5875; x_wconf 73' lang='lat' dir='ltr'>etiam</span> <span class='ocrx_word' id='word_1_507' title='bbox 668 5826 919 5885; x_wconf 78' lang='lat' dir='ltr'>interpres</span> <span class='ocrx_word' id='word_1_508' title='bbox 938 5829 1095 5873; x_wconf 75' lang='lat' dir='ltr'>vetus.</span> 
     </span>
    </p>
   </div>
   <div class='ocr_carea' id='block_1_67' title="bbox 1210 296 2396 357">
    <p class='ocr_par' dir='ltr' id='par_1_67' title="bbox 1210 296 2396 357">
     <span class='ocr_line' id='line_1_68' title="bbox 1210 296 2396 357; baseline -0.003 -1"><span class='ocrx_word' id='word_1_509' title='bbox 1210 302 1277 356; x_wconf 78' lang='grc' dir='ltr'>ΙΝ</span> <span class='ocrx_word' id='word_1_510' title='bbox 1318 301 1471 357; x_wconf 77' lang='lat' dir='ltr'>CAP.</span> <span class='ocrx_word' id='word_1_511' title='bbox 1512 299 1677 356; x_wconf 78' lang='lat' dir='ltr'>XXVI</span> <span class='ocrx_word' id='word_1_512' title='bbox 1744 298 1989 354; x_wconf 72' lang='lat' dir='ltr'>CENES.</span> <span class='ocrx_word' id='word_1_513' title='bbox 2034 296 2264 354; x_wconf 73' lang='lat' dir='ltr'>IIOMIL.</span> <span class='ocrx_word' id='word_1_514' title='bbox 2308 297 2396 353; x_wconf 72' lang='lat' dir='ltr'>Ll’.</span> 
     </span>
    </p>
   </div>
   <div class='ocr_carea' id='block_1_68' title="bbox 3360 295 3467 350">
    <p class='ocr_par' dir='ltr' id='par_1_68' title="bbox 3360 295 3467 350">
     <span class='ocr_line' id='line_1_69' title="bbox 3360 295 3467 350; baseline -0.037 0"><span class='ocrx_word' id='word_1_515' title='bbox 3360 295 3467 350; x_wconf 70' lang='grc'>452</span> 
     </span>
    </p>
   </div>
   <div class='ocr_carea' id='block_1_69' title="bbox 1896 407 3466 481">
    <p class='ocr_par' dir='ltr' id='par_1_69' title="bbox 1896 407 3466 481">
     <span class='ocr_line' id='line_1_70' title="bbox 1896 407 3466 481; baseline -0.001 -18"><span class='ocrx_word' id='word_1_516' title='bbox 1896 413 2112 465; x_wconf 81' lang='grc' dir='ltr'>πάντων</span> <span class='ocrx_word' id='word_1_517' title='bbox 2142 413 2249 464; x_wconf 88' lang='grc' dir='ltr'>τῶν</span> <span class='ocrx_word' id='word_1_518' title='bbox 2284 410 2638 481; x_wconf 70' lang='grc' dir='ltr'>γεννωμένων</span> <span class='ocrx_word' id='word_1_519' title='bbox 2678 409 3037 479; x_wconf 80' lang='grc' dir='ltr'>πρωτοτόκων</span> <span class='ocrx_word' id='word_1_520' title='bbox 3072 407 3265 478; x_wconf 87' lang='grc' dir='ltr'>ἀθρόον</span> <span class='ocrx_word' id='word_1_521' title='bbox 3309 410 3337 459; x_wconf 88' lang='grc' dir='ltr'>ὁ</span> <span class='ocrx_word' id='word_1_522' title='bbox 3366 410 3466 462; x_wconf 85' lang='grc' dir='ltr'>θά-</span> 
     </span>
    </p>
   </div>
   <div class='ocr_carea' id='block_1_70' title="bbox 1895 472 3469 563">
    <p class='ocr_par' dir='ltr' id='par_1_70' title="bbox 1895 472 3469 563">
     <span class='ocr_line' id='line_1_71' title="bbox 1895 472 3469 563; baseline -0.003 -14"><span class='ocrx_word' id='word_1_523' title='bbox 1895 512 2053 557; x_wconf 89' lang='grc' dir='ltr'>νατος</span> <span class='ocrx_word' id='word_1_524' title='bbox 2083 472 2332 563; x_wconf 76' lang='grc' dir='ltr'>γέγονεν,</span> <span class='ocrx_word' id='word_1_525' title='bbox 2382 494 2431 546; x_wconf 88' lang='grc' dir='ltr'>οἰ</span> <span class='ocrx_word' id='word_1_526' title='bbox 2578 472 2904 563; x_wconf 74' lang='grc' dir='ltr'>Ἰσραηλῖται</span> <span class='ocrx_word' id='word_1_527' title='bbox 2931 491 3029 560; x_wconf 75' lang='grc' dir='ltr'>τῆς,</span> <span class='ocrx_word' id='word_1_528' title='bbox 3057 472 3262 544; x_wconf 80' lang='grc' dir='ltr'>ἀνωθεν</span> <span class='ocrx_word' id='word_1_529' title='bbox 3298 492 3469 563; x_wconf 77' lang='grc' dir='ltr'>ῥοπῆς</span> 
     </span>
    </p>
   </div>
   <div class='ocr_carea' id='block_1_71' title="bbox 1898 573 3471 645">
    <p class='ocr_par' dir='ltr' id='par_1_71' title="bbox 1898 573 3471 645">
     <span class='ocr_line' id='line_1_72' title="bbox 1898 573 3471 645; baseline -0.001 -16"><span class='ocrx_word' id='word_1_530' title='bbox 1898 576 2260 640; x_wconf 86' lang='grc' dir='ltr'>ἀπολαύοντες</span> <span class='ocrx_word' id='word_1_531' title='bbox 2284 576 2537 639; x_wconf 88' lang='grc' dir='ltr'>ἀϐλαϐεῖς</span> <span class='ocrx_word' id='word_1_532' title='bbox 2561 574 2805 645; x_wconf 82' lang='grc' dir='ltr'>διέμενον</span> <span class='ocrx_word' id='word_1_533' title='bbox 2821 616 2834 639; x_wconf 89' lang='grc'>,</span> <span class='ocrx_word' id='word_1_534' title='bbox 2869 573 3083 636; x_wconf 75' lang='grc' dir='ltr'>δεικνὺς</span> <span class='ocrx_word' id='word_1_535' title='bbox 3110 574 3205 626; x_wconf 74' lang='grc' dir='ltr'>καὶ</span> <span class='ocrx_word' id='word_1_536' title='bbox 3228 573 3315 627; x_wconf 85' lang='grc' dir='ltr'>διά</span> <span class='ocrx_word' id='word_1_537' title='bbox 3346 575 3471 627; x_wconf 84' lang='grc' dir='ltr'>τού-</span> 
     </span>
    </p>
   </div>
   <div class='ocr_carea' id='block_1_72' title="bbox 1896 658 3474 732">
    <p class='ocr_par' dir='ltr' id='par_1_72' title="bbox 1896 658 3474 732">
     <span class='ocr_line' id='line_1_73' title="bbox 1896 658 3474 732; baseline 0 -19"><span class='ocrx_word' id='word_1_538' title='bbox 1896 679 1989 714; x_wconf 89' lang='grc' dir='ltr'>του</span> <span class='ocrx_word' id='word_1_539' title='bbox 2020 662 2116 731; x_wconf 76' lang='grc' dir='ltr'>τὴν</span> <span class='ocrx_word' id='word_1_540' title='bbox 2149 662 2277 732; x_wconf 83' lang='grc' dir='ltr'>περί</span> <span class='ocrx_word' id='word_1_541' title='bbox 2317 662 2514 723; x_wconf 84' lang='grc' dir='ltr'>αὐτοὺς</span> <span class='ocrx_word' id='word_1_542' title='bbox 2556 660 2778 713; x_wconf 52' lang='grc' dir='ltr'>εὔνοιαν.</span> <span class='ocrx_word' id='word_1_543' title='bbox 2799 660 2828 712; x_wconf 92' lang='lat'>6</span> <span class='ocrx_word' id='word_1_544' title='bbox 2852 659 2959 712; x_wconf 87' lang='grc' dir='ltr'>τῶν</span> <span class='ocrx_word' id='word_1_545' title='bbox 2988 658 3125 712; x_wconf 78' lang='grc' dir='ltr'>ὅλων</span> <span class='ocrx_word' id='word_1_546' title='bbox 3159 659 3318 723; x_wconf 75' lang='grc' dir='ltr'>Θεὸς,</span> <span class='ocrx_word' id='word_1_547' title='bbox 3348 660 3474 713; x_wconf 78' lang='grc' dir='ltr'>ἀντὶ</span> 
     </span>
    </p>
   </div>
   <div class='ocr_carea' id='block_1_73' title="bbox 1899 747 3474 824">
    <p class='ocr_par' dir='ltr' id='par_1_73' title="bbox 1899 747 3474 824">
     <span class='ocr_line' id='line_1_74' title="bbox 1899 747 3474 824; baseline -0.001 -18"><span class='ocrx_word' id='word_1_548' title='bbox 1899 752 1998 821; x_wconf 83' lang='grc' dir='ltr'>τῆς</span> <span class='ocrx_word' id='word_1_549' title='bbox 2040 752 2370 824; x_wconf 84' lang='grc' dir='ltr'>ἀναιρέσεως</span> <span class='ocrx_word' id='word_1_550' title='bbox 2415 750 2521 805; x_wconf 85' lang='grc' dir='ltr'>τῶν</span> <span class='ocrx_word' id='word_1_551' title='bbox 2548 750 2904 823; x_wconf 87' lang='grc' dir='ltr'>πρωτοτόκων</span> <span class='ocrx_word' id='word_1_552' title='bbox 2936 750 3190 814; x_wconf 84' lang='grc' dir='ltr'>ἐκείνων,</span> <span class='ocrx_word' id='word_1_553' title='bbox 3221 747 3288 803; x_wconf 91' lang='grc' dir='ltr'>τά</span> <span class='ocrx_word' id='word_1_554' title='bbox 3322 768 3474 821; x_wconf 86' lang='grc' dir='ltr'>πρω-</span> 
     </span>
    </p>
   </div>
   <div class='ocr_carea' id='block_1_74' title="bbox 1898 831 3473 903">
    <p class='ocr_par' dir='ltr' id='par_1_74' title="bbox 1898 831 3473 903">
     <span class='ocr_line' id='line_1_75' title="bbox 1898 831 3473 903; baseline -0.001 -15"><span class='ocrx_word' id='word_1_555' title='bbox 1898 835 2096 889; x_wconf 88' lang='grc' dir='ltr'>τότοκα</span> <span class='ocrx_word' id='word_1_556' title='bbox 2123 835 2233 889; x_wconf 86' lang='grc' dir='ltr'>τῶν</span> <span class='ocrx_word' id='word_1_557' title='bbox 2282 834 2546 889; x_wconf 88' lang='grc' dir='ltr'>Ἰουδαίων</span> <span class='ocrx_word' id='word_1_558' title='bbox 2568 832 2718 903; x_wconf 85' lang='grc' dir='ltr'>αὐτῷ</span> <span class='ocrx_word' id='word_1_559' title='bbox 2743 831 3053 887; x_wconf 84' lang='grc' dir='ltr'>ἀνατιθέναι</span> <span class='ocrx_word' id='word_1_560' title='bbox 3083 831 3269 885; x_wconf 77' lang='grc' dir='ltr'>λοιπὸν</span> <span class='ocrx_word' id='word_1_561' title='bbox 3299 849 3473 903; x_wconf 80' lang='grc' dir='ltr'>προσ·</span> 
     </span>
    </p>
   </div>
   <div class='ocr_carea' id='block_1_75' title="bbox 1901 915 3494 988">
    <p class='ocr_par' dir='ltr' id='par_1_75' title="bbox 1901 915 3494 988">
     <span class='ocr_line' id='line_1_76' title="bbox 1901 915 3494 988; baseline 0.001 -17"><span class='ocrx_word' id='word_1_562' title='bbox 1901 915 2105 985; x_wconf 80' lang='grc' dir='ltr'>έταξεν.</span> <span class='ocrx_word' id='word_1_563' title='bbox 2163 917 2442 971; x_wconf 87' lang='grc' dir='ltr'>Ἐντεῦθεν</span> <span class='ocrx_word' id='word_1_564' title='bbox 2480 917 2572 970; x_wconf 76' lang='grc' dir='ltr'>καὶ</span> <span class='ocrx_word' id='word_1_565' title='bbox 2623 917 2657 987; x_wconf 86' lang='grc' dir='ltr'>ή</span> <span class='ocrx_word' id='word_1_566' title='bbox 2692 915 2823 970; x_wconf 80' lang='grc' dir='ltr'>Δευῖ</span> <span class='ocrx_word' id='word_1_567' title='bbox 2861 915 3002 988; x_wconf 79' lang='grc' dir='ltr'>φυλὴ</span> <span class='ocrx_word' id='word_1_568' title='bbox 3054 916 3133 979; x_wconf 84' lang='grc' dir='ltr'>εἰς</span> <span class='ocrx_word' id='word_1_569' title='bbox 3164 917 3494 988; x_wconf 77' lang='grc' dir='ltr'>ἱερουργίαν-</span> 
     </span>
    </p>
   </div>
   <div class='ocr_carea' id='block_1_76' title="bbox 1901 999 3590 1073">
    <p class='ocr_par' dir='ltr' id='par_1_76' title="bbox 1901 999 3590 1073">
     <span class='ocr_line' id='line_1_77' title="bbox 1901 999 3590 1073; baseline 0 -18"><span class='ocrx_word' id='word_1_570' title='bbox 1901 1001 2210 1073; x_wconf 83' lang='grc' dir='ltr'>ἁφωρίσθη,</span> <span class='ocrx_word' id='word_1_571' title='bbox 2241 1002 2335 1057; x_wconf 72' lang='grc' dir='ltr'>καὶ</span> <span class='ocrx_word' id='word_1_572' title='bbox 2360 1004 2418 1067; x_wconf 82' lang='grc' dir='ltr'>ἐξ</span> <span class='ocrx_word' id='word_1_573' title='bbox 2447 1000 2655 1057; x_wconf 89' lang='grc' dir='ltr'>ἐκείνου</span> <span class='ocrx_word' id='word_1_574' title='bbox 2682 1001 2742 1054; x_wconf 90' lang='lat'><em>06</em></span> <span class='ocrx_word' id='word_1_575' title='bbox 2767 1000 2926 1072; x_wconf 90' lang='grc' dir='ltr'>μόνον</span> <span class='ocrx_word' id='word_1_576' title='bbox 2952 1001 3060 1054; x_wconf 88' lang='grc' dir='ltr'>τῶν</span> <span class='ocrx_word' id='word_1_577' title='bbox 3083 999 3384 1072; x_wconf 87' lang='grc' dir='ltr'>ἀνθρώπων</span> <span class='ocrx_word' id='word_1_578' title='bbox 3406 1001 3493 1055; x_wconf 85' lang='grc' dir='ltr'>τά-</span> <span class='ocrx_word' id='word_1_579' title='bbox 3586 1018 3590 1025; x_wconf 84' lang='grc'><em>’</em></span> 
     </span>
    </p>
   </div>
   <div class='ocr_carea' id='block_1_77' title="bbox 1904 1081 3480 1157">
    <p class='ocr_par' dir='ltr' id='par_1_77' title="bbox 1904 1081 3480 1157">
     <span class='ocr_line' id='line_1_78' title="bbox 1904 1081 3480 1157; baseline -0.002 -18"><span class='ocrx_word' id='word_1_580' title='bbox 1904 1086 2222 1157; x_wconf 86' lang='grc' dir='ltr'>πρωτότοκα</span> <span class='ocrx_word' id='word_1_581' title='bbox 2252 1084 2560 1140; x_wconf 86' lang='grc' dir='ltr'>ἀνετίθεντο</span> <span class='ocrx_word' id='word_1_582' title='bbox 2611 1084 2690 1154; x_wconf 84' lang='grc' dir='ltr'>τῷ</span> <span class='ocrx_word' id='word_1_583' title='bbox 2728 1081 2878 1155; x_wconf 82' lang='grc' dir='ltr'>Θεῷ,</span> <span class='ocrx_word' id='word_1_584' title='bbox 2918 1082 3053 1138; x_wconf 89' lang='grc' dir='ltr'>ἀλλά</span> <span class='ocrx_word' id='word_1_585' title='bbox 3082 1084 3176 1138; x_wconf 85' lang='grc' dir='ltr'><strong>καί</strong></span> <span class='ocrx_word' id='word_1_586' title='bbox 3204 1083 3314 1137; x_wconf 89' lang='grc' dir='ltr'>τῶν</span> <span class='ocrx_word' id='word_1_587' title='bbox 3360 1083 3480 1137; x_wconf 76' lang='grc' dir='ltr'>ἀλό·</span> 
     </span>
    </p>
   </div>
   <div class='ocr_carea' id='block_1_78' title="bbox 1902 1160 3480 1239">
    <p class='ocr_par' dir='ltr' id='par_1_78' title="bbox 1902 1160 3480 1239">
     <span class='ocr_line' id='line_1_79' title="bbox 1902 1160 3480 1239; baseline -0.001 -16"><span class='ocrx_word' id='word_1_588' title='bbox 1902 1188 2036 1239; x_wconf 89' lang='grc' dir='ltr'>γων,</span> <span class='ocrx_word' id='word_1_589' title='bbox 2060 1170 2152 1224; x_wconf 73' lang='grc' dir='ltr'>καὶ</span> <span class='ocrx_word' id='word_1_590' title='bbox 2189 1171 2407 1225; x_wconf 89' lang='grc' dir='ltr'>πάντων</span> <span class='ocrx_word' id='word_1_591' title='bbox 2441 1166 2792 1233; x_wconf 84' lang='grc' dir='ltr'>ἁπαξαπλῶς.</span> <span class='ocrx_word' id='word_1_592' title='bbox 2839 1167 2947 1221; x_wconf 75' lang='grc' dir='ltr'>Καὶ</span> <span class='ocrx_word' id='word_1_593' title='bbox 2973 1167 3301 1238; x_wconf 83' lang='grc' dir='ltr'>πρόσταγμα</span> <span class='ocrx_word' id='word_1_594' title='bbox 3325 1160 3393 1238; x_wconf 81' lang='grc' dir='ltr'>ἦν</span> <span class='ocrx_word' id='word_1_595' title='bbox 3418 1168 3480 1221; x_wconf 77' lang='grc' dir='ltr'>τὸ</span> 
     </span>
    </p>
   </div>
   <div class='ocr_carea' id='block_1_79' title="bbox 1906 1250 3481 1323">
    <p class='ocr_par' dir='ltr' id='par_1_79' title="bbox 1906 1250 3481 1323">
     <span class='ocr_line' id='line_1_80' title="bbox 1906 1250 3481 1323; baseline -0.001 -16"><span class='ocrx_word' id='word_1_596' title='bbox 1906 1253 2125 1307; x_wconf 89' lang='grc' dir='ltr'>κελεῦον</span> <span class='ocrx_word' id='word_1_597' title='bbox 2163 1254 2304 1323; x_wconf 84' lang='grc' dir='ltr'>ὑπέρ</span> <span class='ocrx_word' id='word_1_598' title='bbox 2332 1271 2390 1306; x_wconf 91' lang='grc' dir='ltr'>τε</span> <span class='ocrx_word' id='word_1_599' title='bbox 2432 1254 2539 1307; x_wconf 87' lang='grc' dir='ltr'>τῶν</span> <span class='ocrx_word' id='word_1_600' title='bbox 2583 1250 2908 1323; x_wconf 88' lang='grc' dir='ltr'>ἀνθρώπων,</span> <span class='ocrx_word' id='word_1_601' title='bbox 2946 1250 3085 1321; x_wconf 87' lang='grc' dir='ltr'>ύπέρ</span> <span class='ocrx_word' id='word_1_602' title='bbox 3113 1268 3173 1304; x_wconf 90' lang='grc' dir='ltr'>τε</span> <span class='ocrx_word' id='word_1_603' title='bbox 3199 1251 3308 1305; x_wconf 87' lang='grc' dir='ltr'>τῶν</span> <span class='ocrx_word' id='word_1_604' title='bbox 3341 1252 3481 1305; x_wconf 88' lang='grc' dir='ltr'>ἀκα-</span> 
     </span>
    </p>
   </div>
   <div class='ocr_carea' id='block_1_80' title="bbox 1908 1332 3483 1408">
    <p class='ocr_par' dir='ltr' id='par_1_80' title="bbox 1908 1332 3483 1408">
     <span class='ocr_line' id='line_1_81' title="bbox 1908 1332 3483 1408; baseline -0.001 -19"><span class='ocrx_word' id='word_1_605' title='bbox 1908 1335 2120 1408; x_wconf 84' lang='grc' dir='ltr'>θάρτων</span> <span class='ocrx_word' id='word_1_606' title='bbox 2165 1335 2317 1401; x_wconf 75' lang='grc' dir='ltr'>ζώων</span> <span class='ocrx_word' id='word_1_607' title='bbox 2346 1334 2444 1407; x_wconf 79' lang='grc' dir='ltr'>τὴν</span> <span class='ocrx_word' id='word_1_608' title='bbox 2491 1335 2657 1407; x_wconf 82' lang='grc' dir='ltr'>τιμὴν</span> <span class='ocrx_word' id='word_1_609' title='bbox 2694 1332 3061 1388; x_wconf 80' lang='grc' dir='ltr'>κατατιθέναι.</span> <span class='ocrx_word' id='word_1_610' title='bbox 3130 1332 3264 1386; x_wconf 78' lang='grc' dir='ltr'>Ἀλλ’</span> <span class='ocrx_word' id='word_1_611' title='bbox 3304 1335 3352 1388; x_wconf 91' lang='grc' dir='ltr'>εί</span> <span class='ocrx_word' id='word_1_612' title='bbox 3386 1334 3483 1388; x_wconf 70' lang='grc' dir='ltr'>καὶ</span> 
     </span>
    </p>
   </div>
   <div class='ocr_carea' id='block_1_81' title="bbox 1908 1416 3485 1490">
    <p class='ocr_par' dir='ltr' id='par_1_81' title="bbox 1908 1416 3485 1490">
     <span class='ocr_line' id='line_1_82' title="bbox 1908 1416 3485 1490; baseline -0.001 -18"><span class='ocrx_word' id='word_1_613' title='bbox 1908 1418 2133 1490; x_wconf 77' lang='grc' dir='ltr'>ὕστερον</span> <span class='ocrx_word' id='word_1_614' title='bbox 2172 1418 2310 1489; x_wconf 83' lang='grc' dir='ltr'>αῦτη</span> <span class='ocrx_word' id='word_1_615' title='bbox 2336 1422 2371 1489; x_wconf 89' lang='grc' dir='ltr'>ή</span> <span class='ocrx_word' id='word_1_616' title='bbox 2394 1418 2686 1490; x_wconf 90' lang='grc' dir='ltr'>νομοθεσία</span> <span class='ocrx_word' id='word_1_617' title='bbox 2717 1416 2939 1487; x_wconf 82' lang='grc' dir='ltr'>γέγονεν</span> <span class='ocrx_word' id='word_1_618' title='bbox 2969 1420 3003 1488; x_wconf 89' lang='grc' dir='ltr'>ή</span> <span class='ocrx_word' id='word_1_619' title='bbox 3038 1418 3166 1489; x_wconf 84' lang='grc' dir='ltr'>περί</span> <span class='ocrx_word' id='word_1_620' title='bbox 3191 1418 3299 1471; x_wconf 87' lang='grc' dir='ltr'>τῶν</span> <span class='ocrx_word' id='word_1_621' title='bbox 3328 1436 3485 1487; x_wconf 83' lang='grc' dir='ltr'>πρω-</span> 
     </span>
    </p>
   </div>
   <div class='ocr_carea' id='block_1_82' title="bbox 1906 1500 3485 1575">
    <p class='ocr_par' dir='ltr' id='par_1_82' title="bbox 1906 1500 3485 1575">
     <span class='ocr_line' id='line_1_83' title="bbox 1906 1500 3485 1575; baseline 0.001 -20"><span class='ocrx_word' id='word_1_622' title='bbox 1906 1503 2163 1565; x_wconf 89' lang='grc' dir='ltr'>τοτόκων,</span> <span class='ocrx_word' id='word_1_623' title='bbox 2203 1503 2318 1556; x_wconf 80' lang='grc' dir='ltr'>ἀλλ’</span> <span class='ocrx_word' id='word_1_624' title='bbox 2351 1505 2498 1573; x_wconf 87' lang='grc' dir='ltr'>ὅμως</span> <span class='ocrx_word' id='word_1_625' title='bbox 2533 1503 2633 1575; x_wconf 81' lang='grc' dir='ltr'>ήδη</span> <span class='ocrx_word' id='word_1_626' title='bbox 2682 1500 2888 1557; x_wconf 86' lang='grc' dir='ltr'>ἀνωθεν</span> <span class='ocrx_word' id='word_1_627' title='bbox 2939 1502 3033 1555; x_wconf 78' lang='grc' dir='ltr'>καί</span> <span class='ocrx_word' id='word_1_628' title='bbox 3063 1505 3127 1555; x_wconf 88' lang='grc' dir='ltr'>ἐκ</span> <span class='ocrx_word' id='word_1_629' title='bbox 3182 1504 3485 1575; x_wconf 89' lang='grc' dir='ltr'>προοιμίων</span> 
     </span>
    </p>
   </div>
   <div class='ocr_carea' id='block_1_83' title="bbox 1908 1584 3482 1657">
    <p class='ocr_par' dir='ltr' id='par_1_83' title="bbox 1908 1584 3482 1657">
     <span class='ocr_line' id='line_1_84' title="bbox 1908 1584 3482 1657; baseline 0.001 -19"><span class='ocrx_word' id='word_1_630' title='bbox 1908 1584 2124 1638; x_wconf 84' lang='grc' dir='ltr'>ἐδόκουν</span> <span class='ocrx_word' id='word_1_631' title='bbox 2160 1585 2320 1639; x_wconf 84' lang='grc' dir='ltr'>πλέον</span> <span class='ocrx_word' id='word_1_632' title='bbox 2360 1604 2411 1639; x_wconf 91' lang='grc' dir='ltr'>τι</span> <span class='ocrx_word' id='word_1_633' title='bbox 2440 1586 2584 1656; x_wconf 79' lang='grc' dir='ltr'>ἔχειν</span> <span class='ocrx_word' id='word_1_634' title='bbox 2631 1584 2867 1656; x_wconf 82' lang='grc' dir='ltr'>προτέρη</span> <span class='ocrx_word' id='word_1_635' title='bbox 2879 1601 2956 1654; x_wconf 90' lang='grc' dir='ltr'>μα</span> <span class='ocrx_word' id='word_1_636' title='bbox 2985 1585 3033 1637; x_wconf 86' lang='grc' dir='ltr'>οἰ</span> <span class='ocrx_word' id='word_1_637' title='bbox 3064 1586 3162 1657; x_wconf 80' lang='grc' dir='ltr'>τὴν</span> <span class='ocrx_word' id='word_1_638' title='bbox 3193 1586 3353 1655; x_wconf 75' lang='grc' dir='ltr'>νηδὺν</span> <span class='ocrx_word' id='word_1_639' title='bbox 3386 1588 3482 1656; x_wconf 84' lang='grc' dir='ltr'>τῆς</span> 
     </span>
    </p>
   </div>
   <div class='ocr_carea' id='block_1_84' title="bbox 1910 1663 3484 1739">
    <p class='ocr_par' dir='ltr' id='par_1_84' title="bbox 1910 1663 3484 1739">
     <span class='ocr_line' id='line_1_85' title="bbox 1910 1663 3484 1739; baseline 0.002 -19"><span class='ocrx_word' id='word_1_640' title='bbox 1910 1669 2115 1739; x_wconf 76' lang='grc' dir='ltr'>μητρὸς</span> <span class='ocrx_word' id='word_1_641' title='bbox 2155 1667 2534 1733; x_wconf 82' lang='grc' dir='ltr'>διανοίξαντες.</span> <span class='ocrx_word' id='word_1_642' title='bbox 2571 1666 2788 1739; x_wconf 82' lang='grc' dir='ltr'>Ταύτην</span> <span class='ocrx_word' id='word_1_643' title='bbox 2829 1663 2922 1720; x_wconf 77' lang='grc' dir='ltr'>οὖν</span> <span class='ocrx_word' id='word_1_644' title='bbox 2959 1668 3058 1737; x_wconf 76' lang='grc' dir='ltr'>τὴν</span> <span class='ocrx_word' id='word_1_645' title='bbox 3086 1668 3269 1739; x_wconf 85' lang='grc' dir='ltr'>τιμήν,</span> <span class='ocrx_word' id='word_1_646' title='bbox 3298 1671 3364 1739; x_wconf 83' lang='grc' dir='ltr'>ἢν</span> <span class='ocrx_word' id='word_1_647' title='bbox 3391 1672 3484 1723; x_wconf 71' lang='grc' dir='ltr'>καὶ</span> 
     </span>
    </p>
   </div>
   <div class='ocr_carea' id='block_1_85' title="bbox 1909 1750 3484 1822">
    <p class='ocr_par' dir='ltr' id='par_1_85' title="bbox 1909 1750 3484 1822">
     <span class='ocr_line' id='line_1_86' title="bbox 1909 1750 3484 1822; baseline 0.001 -19"><span class='ocrx_word' id='word_1_648' title='bbox 1909 1752 1975 1804; x_wconf 82' lang='grc' dir='ltr'>ὲκ</span> <span class='ocrx_word' id='word_1_649' title='bbox 1997 1750 2212 1819; x_wconf 87' lang='grc' dir='ltr'>φύσεως</span> <span class='ocrx_word' id='word_1_650' title='bbox 2239 1750 2396 1821; x_wconf 76' lang='grc' dir='ltr'>ἔσχεν</span> <span class='ocrx_word' id='word_1_651' title='bbox 2424 1753 2453 1803; x_wconf 84' lang='grc' dir='ltr'>ό</span> <span class='ocrx_word' id='word_1_652' title='bbox 2489 1750 2681 1808; x_wconf 82' lang='grc' dir='ltr'>Ἠσαῦ.</span> <span class='ocrx_word' id='word_1_653' title='bbox 2722 1751 2996 1822; x_wconf 82' lang='grc' dir='ltr'>μετήγαγε</span> <span class='ocrx_word' id='word_1_654' title='bbox 3037 1750 3123 1804; x_wconf 79' lang='grc' dir='ltr'>διὰ</span> <span class='ocrx_word' id='word_1_655' title='bbox 3151 1751 3250 1821; x_wconf 84' lang='grc' dir='ltr'>τήν</span> <span class='ocrx_word' id='word_1_656' title='bbox 3279 1752 3484 1810; x_wconf 86' lang='grc' dir='ltr'>οἰκείαν</span> 
     </span>
    </p>
   </div>
   <div class='ocr_carea' id='block_1_86' title="bbox 1909 1833 3488 1906">
    <p class='ocr_par' dir='ltr' id='par_1_86' title="bbox 1909 1833 3488 1906">
     <span class='ocr_line' id='line_1_87' title="bbox 1909 1833 3488 1906; baseline 0.002 -19"><span class='ocrx_word' id='word_1_657' title='bbox 1909 1835 2179 1906; x_wconf 87' lang='grc' dir='ltr'>ἀκρασίαν</span> <span class='ocrx_word' id='word_1_658' title='bbox 2221 1835 2315 1887; x_wconf 73' lang='grc' dir='ltr'>ἐπὶ</span> <span class='ocrx_word' id='word_1_659' title='bbox 2355 1835 2447 1889; x_wconf 84' lang='grc' dir='ltr'>τὸν</span> <span class='ocrx_word' id='word_1_660' title='bbox 2488 1833 2735 1903; x_wconf 85' lang='grc' dir='ltr'>ἀδελφόν.</span> <span class='ocrx_word' id='word_1_661' title='bbox 2779 1834 2888 1887; x_wconf 76' lang='grc' dir='ltr'>Καὶ</span> <span class='ocrx_word' id='word_1_662' title='bbox 2927 1837 2955 1887; x_wconf 89' lang='lat'>6</span> <span class='ocrx_word' id='word_1_663' title='bbox 2993 1835 3091 1904; x_wconf 81' lang='grc' dir='ltr'>μὲν</span> <span class='ocrx_word' id='word_1_664' title='bbox 3123 1835 3217 1888; x_wconf 73' lang='grc' dir='ltr'>καὶ</span> <span class='ocrx_word' id='word_1_665' title='bbox 3248 1836 3309 1889; x_wconf 85' lang='lat'>:6</span> <span class='ocrx_word' id='word_1_666' title='bbox 3336 1837 3488 1906; x_wconf 89' lang='grc' dir='ltr'>παρά</span> 
     </span>
    </p>
   </div>
   <div class='ocr_carea' id='block_1_87' title="bbox 1910 1918 3488 1989">
    <p class='ocr_par' dir='ltr' id='par_1_87' title="bbox 1910 1918 3488 1989">
     <span class='ocr_line' id='line_1_88' title="bbox 1910 1918 3488 1989; baseline 0.003 -18"><span class='ocrx_word' id='word_1_667' title='bbox 1910 1919 2008 1988; x_wconf 80' lang='grc' dir='ltr'>τῆς</span> <span class='ocrx_word' id='word_1_668' title='bbox 2036 1920 2250 1988; x_wconf 87' lang='grc' dir='ltr'>φύσεως</span> <span class='ocrx_word' id='word_1_669' title='bbox 2280 1919 2428 1989; x_wconf 80' lang='grc' dir='ltr'>αὐτῷ</span> <span class='ocrx_word' id='word_1_670' title='bbox 2452 1919 2602 1972; x_wconf 84' lang='grc' dir='ltr'>δοθὲν</span> <span class='ocrx_word' id='word_1_671' title='bbox 2632 1918 2940 1971; x_wconf 71' lang='grc' dir='ltr'>ἀπώλεσενο</span> <span class='ocrx_word' id='word_1_672' title='bbox 2972 1920 2999 1971; x_wconf 92' lang='lat'>6</span> <span class='ocrx_word' id='word_1_673' title='bbox 3022 1919 3075 1971; x_wconf 71' lang='grc' dir='ltr'>δὲ</span> <span class='ocrx_word' id='word_1_674' title='bbox 3106 1920 3198 1972; x_wconf 76' lang='grc' dir='ltr'>καὶ</span> <span class='ocrx_word' id='word_1_675' title='bbox 3221 1920 3359 1989; x_wconf 84' lang='grc' dir='ltr'>ὅπερ</span> <span class='ocrx_word' id='word_1_676' title='bbox 3385 1923 3488 1976; x_wconf 78' lang='grc' dir='ltr'>οῦκ</span> 
     </span>
    </p>
   </div>
   <div class='ocr_carea' id='block_1_88' title="bbox 1911 1996 3487 2073">
    <p class='ocr_par' dir='ltr' id='par_1_88' title="bbox 1911 1996 3487 2073">
     <span class='ocr_line' id='line_1_89' title="bbox 1911 1996 3487 2073; baseline 0.002 -20"><span class='ocrx_word' id='word_1_677' title='bbox 1911 1996 2055 2072; x_wconf 86' lang='grc' dir='ltr'>εἶχεν</span> <span class='ocrx_word' id='word_1_678' title='bbox 2089 2003 2153 2056; x_wconf 83' lang='grc' dir='ltr'>ὲκ</span> <span class='ocrx_word' id='word_1_679' title='bbox 2178 2002 2392 2072; x_wconf 88' lang='grc' dir='ltr'>φύσεως</span> <span class='ocrx_word' id='word_1_680' title='bbox 2411 2043 2426 2066; x_wconf 93' lang='grc'>,</span> <span class='ocrx_word' id='word_1_681' title='bbox 2459 2001 2608 2071; x_wconf 87' lang='grc' dir='ltr'>αύτῷ</span> <span class='ocrx_word' id='word_1_682' title='bbox 2638 2001 2964 2071; x_wconf 87' lang='grc' dir='ltr'>προσέλαϐε.</span> <span class='ocrx_word' id='word_1_683' title='bbox 2996 2002 3102 2054; x_wconf 73' lang='grc' dir='ltr'>Καὶ</span> <span class='ocrx_word' id='word_1_684' title='bbox 3127 2001 3319 2073; x_wconf 83' lang='grc' dir='ltr'>ἐπειδὴ</span> <span class='ocrx_word' id='word_1_685' title='bbox 3347 2002 3487 2056; x_wconf 65' lang='grc' dir='ltr'>ἀνωι-</span> 
     </span>
    </p>
   </div>
   <div class='ocr_carea' id='block_1_89' title="bbox 1912 2080 3488 2155">
    <p class='ocr_par' dir='ltr' id='par_1_89' title="bbox 1912 2080 3488 2155">
     <span class='ocr_line' id='line_1_90' title="bbox 1912 2080 3488 2155; baseline 0.001 -18"><span class='ocrx_word' id='word_1_686' title='bbox 1912 2082 2003 2137; x_wconf 88' lang='grc' dir='ltr'>θεν</span> <span class='ocrx_word' id='word_1_687' title='bbox 2050 2081 2199 2154; x_wconf 84' lang='grc' dir='ltr'>αύτῷ</span> <span class='ocrx_word' id='word_1_688' title='bbox 2238 2082 2410 2137; x_wconf 89' lang='grc' dir='ltr'>ταῦτα</span> <span class='ocrx_word' id='word_1_689' title='bbox 2440 2080 2508 2153; x_wconf 82' lang='grc' dir='ltr'>ἦν</span> <span class='ocrx_word' id='word_1_690' title='bbox 2559 2084 3067 2155; x_wconf 77' lang='grc' dir='ltr'>κεχρησμῳδημένα</span> <span class='ocrx_word' id='word_1_691' title='bbox 3092 2084 3148 2144; x_wconf 74' lang='lat' dir='ltr'>b.</span> <span class='ocrx_word' id='word_1_692' title='bbox 3194 2083 3282 2138; x_wconf 77' lang='grc' dir='ltr'>διὰ</span> <span class='ocrx_word' id='word_1_693' title='bbox 3329 2085 3488 2139; x_wconf 88' lang='grc' dir='ltr'>τοῦτο</span> 
     </span>
    </p>
   </div>
   <div class='ocr_carea' id='block_1_90' title="bbox 1912 2166 3484 2238">
    <p class='ocr_par' dir='ltr' id='par_1_90' title="bbox 1912 2166 3484 2238">
     <span class='ocr_line' id='line_1_91' title="bbox 1912 2166 3484 2238; baseline 0.003 -20"><span class='ocrx_word' id='word_1_694' title='bbox 1912 2166 2004 2218; x_wconf 77' lang='grc' dir='ltr'>καὶ</span> <span class='ocrx_word' id='word_1_695' title='bbox 2037 2167 2071 2235; x_wconf 89' lang='grc' dir='ltr'>ή</span> <span class='ocrx_word' id='word_1_696' title='bbox 2123 2166 2387 2220; x_wconf 85' lang='grc' dir='ltr'>Ῥεϐέκκα</span> <span class='ocrx_word' id='word_1_697' title='bbox 2430 2169 2529 2237; x_wconf 80' lang='grc' dir='ltr'>τὴν</span> <span class='ocrx_word' id='word_1_698' title='bbox 2572 2166 2941 2238; x_wconf 86' lang='grc' dir='ltr'>προσηγορίαν</span> <span class='ocrx_word' id='word_1_699' title='bbox 2971 2166 3118 2234; x_wconf 75' lang='grc' dir='ltr'>αύτῷ</span> <span class='ocrx_word' id='word_1_700' title='bbox 3148 2167 3448 2222; x_wconf 82' lang='grc' dir='ltr'>ἐπιτιθεῖσα</span> <span class='ocrx_word' id='word_1_701' title='bbox 3469 2210 3484 2231; x_wconf 89' lang='grc'>,</span> 
     </span>
    </p>
   </div>
   <div class='ocr_carea' id='block_1_91' title="bbox 1925 2247 3491 2323">
    <p class='ocr_par' dir='ltr' id='par_1_91' title="bbox 1925 2247 3491 2323">
     <span class='ocr_line' id='line_1_92' title="bbox 1925 2247 3491 2323; baseline 0.003 -23"><span class='ocrx_word' id='word_1_702' title='bbox 1925 2247 2117 2301; x_wconf 82' lang='grc' dir='ltr'>Ἰακὼϐ</span> <span class='ocrx_word' id='word_1_703' title='bbox 2152 2249 2313 2303; x_wconf 81' lang='grc' dir='ltr'>αὑτὸν</span> <span class='ocrx_word' id='word_1_704' title='bbox 2340 2249 2622 2315; x_wconf 85' lang='grc' dir='ltr'>ἐκάλεσεν,</span> <span class='ocrx_word' id='word_1_705' title='bbox 2658 2252 2796 2322; x_wconf 86' lang='grc' dir='ltr'>ὅπερ</span> <span class='ocrx_word' id='word_1_706' title='bbox 2830 2250 3160 2321; x_wconf 72' lang='grc' dir='ltr'>πτερνισμὸς</span> <span class='ocrx_word' id='word_1_707' title='bbox 3192 2251 3491 2323; x_wconf 81' lang='grc' dir='ltr'>ἑρμηνεύε-</span> 
     </span>
    </p>
   </div>
   <div class='ocr_carea' id='block_1_92' title="bbox 1912 2332 3489 2405">
    <p class='ocr_par' dir='ltr' id='par_1_92' title="bbox 1912 2332 3489 2405">
     <span class='ocr_line' id='line_1_93' title="bbox 1912 2332 3489 2405; baseline 0.003 -21"><span class='ocrx_word' id='word_1_708' title='bbox 1912 2349 2022 2395; x_wconf 88' lang='grc' dir='ltr'>ται,</span> <span class='ocrx_word' id='word_1_709' title='bbox 2057 2332 2311 2405; x_wconf 88' lang='grc' dir='ltr'>καθάπερ</span> <span class='ocrx_word' id='word_1_710' title='bbox 2340 2334 2433 2387; x_wconf 72' lang='grc' dir='ltr'>καὶ</span> <span class='ocrx_word' id='word_1_711' title='bbox 2470 2334 2498 2387; x_wconf 90' lang='lat'>6</span> <span class='ocrx_word' id='word_1_712' title='bbox 2550 2332 2724 2386; x_wconf 83' lang='grc' dir='ltr'>Ἠσαῦ</span> <span class='ocrx_word' id='word_1_713' title='bbox 2763 2332 2899 2404; x_wconf 90' lang='grc' dir='ltr'>μετά</span> <span class='ocrx_word' id='word_1_714' title='bbox 2924 2333 3023 2394; x_wconf 85' lang='grc' dir='ltr'>τὰς</span> <span class='ocrx_word' id='word_1_715' title='bbox 3056 2332 3148 2385; x_wconf 84' lang='grc' dir='ltr'>τοῦ</span> <span class='ocrx_word' id='word_1_716' title='bbox 3180 2335 3383 2404; x_wconf 81' lang='grc' dir='ltr'>πατρὸς</span> <span class='ocrx_word' id='word_1_717' title='bbox 3410 2337 3489 2399; x_wconf 90' lang='grc' dir='ltr'>εἰς</span> 
     </span>
    </p>
   </div>
   <div class='ocr_carea' id='block_1_93' title="bbox 1913 2415 3487 2487">
    <p class='ocr_par' dir='ltr' id='par_1_93' title="bbox 1913 2415 3487 2487">
     <span class='ocr_line' id='line_1_94' title="bbox 1913 2415 3487 2487; baseline 0.002 -19"><span class='ocrx_word' id='word_1_718' title='bbox 1913 2415 2073 2469; x_wconf 76' lang='grc' dir='ltr'>αὑτὸν</span> <span class='ocrx_word' id='word_1_719' title='bbox 2126 2416 2377 2486; x_wconf 79' lang='grc' dir='ltr'>εὐλογίας</span> <span class='ocrx_word' id='word_1_720' title='bbox 2427 2416 2801 2487; x_wconf 83' lang='grc' dir='ltr'>γεγενημένας</span> <span class='ocrx_word' id='word_1_721' title='bbox 2850 2416 3252 2487; x_wconf 84' lang='grc' dir='ltr'>ἀποδυρόμενος</span> <span class='ocrx_word' id='word_1_722' title='bbox 3296 2417 3487 2485; x_wconf 79' lang='grc' dir='ltr'>ἔλεγε,</span> 
     </span>
    </p>
   </div>
   <div class='ocr_carea' id='block_1_94' title="bbox 1913 2497 3491 2570">
    <p class='ocr_par' dir='ltr' id='par_1_94' title="bbox 1913 2497 3491 2570">
     <span class='ocr_line' id='line_1_95' title="bbox 1913 2497 3491 2570; baseline 0.002 -19"><span class='ocrx_word' id='word_1_723' title='bbox 1913 2500 2156 2565; x_wconf 82' lang='grc' dir='ltr'>Δικαίως</span> <span class='ocrx_word' id='word_1_724' title='bbox 2186 2498 2412 2566; x_wconf 70' lang='grc' dir='ltr'>ἐκλήθη</span> <span class='ocrx_word' id='word_1_725' title='bbox 2449 2498 2516 2552; x_wconf 84' lang='grc' dir='ltr'>τὸ</span> <span class='ocrx_word' id='word_1_726' title='bbox 2546 2498 2732 2568; x_wconf 76' lang='grc' dir='ltr'>ὄνομα</span> <span class='ocrx_word' id='word_1_727' title='bbox 2773 2498 2958 2552; x_wconf 77' lang='grc' dir='ltr'>αὑτοῦ</span> <span class='ocrx_word' id='word_1_728' title='bbox 3012 2497 3247 2553; x_wconf 80' lang='grc' dir='ltr'>Ἰακώϐ·</span> <span class='ocrx_word' id='word_1_729' title='bbox 3286 2500 3491 2570; x_wconf 79' lang='grc' dir='ltr'>ἐπτέρ-</span> 
     </span>
    </p>
   </div>
   <div class='ocr_carea' id='block_1_95' title="bbox 1912 2579 3487 2652">
    <p class='ocr_par' dir='ltr' id='par_1_95' title="bbox 1912 2579 3487 2652">
     <span class='ocr_line' id='line_1_96' title="bbox 1912 2579 3487 2652; baseline 0.001 -17"><span class='ocrx_word' id='word_1_730' title='bbox 1912 2599 2043 2635; x_wconf 72' lang='lat' dir='ltr'>mea</span> <span class='ocrx_word' id='word_1_731' title='bbox 2074 2583 2183 2652; x_wconf 77' lang='grc' dir='ltr'>γάρ</span> <span class='ocrx_word' id='word_1_732' title='bbox 2210 2599 2286 2652; x_wconf 82' lang='grc' dir='ltr'>με</span> <span class='ocrx_word' id='word_1_733' title='bbox 2320 2582 2435 2650; x_wconf 78' lang='grc' dir='ltr'>ἤδη</span> <span class='ocrx_word' id='word_1_734' title='bbox 2479 2579 2759 2649; x_wconf 82' lang='grc' dir='ltr'>δεύτερον</span> <span class='ocrx_word' id='word_1_735' title='bbox 2797 2581 3005 2641; x_wconf 81' lang='grc' dir='ltr'>τοῦτο,</span> <span class='ocrx_word' id='word_1_736' title='bbox 3044 2581 3116 2634; x_wconf 80' lang='grc' dir='ltr'>τά</span> <span class='ocrx_word' id='word_1_737' title='bbox 3168 2598 3230 2635; x_wconf 81' lang='grc' dir='ltr'>τε</span> <span class='ocrx_word' id='word_1_738' title='bbox 3269 2597 3487 2651; x_wconf 77' lang='grc' dir='ltr'>πρωτοο</span> 
     </span>
    </p>
   </div>
   <div class='ocr_carea' id='block_1_96' title="bbox 1912 2665 3493 2738">
    <p class='ocr_par' dir='ltr' id='par_1_96' title="bbox 1912 2665 3493 2738">
     <span class='ocr_line' id='line_1_97' title="bbox 1912 2665 3493 2738; baseline 0.003 -19"><span class='ocrx_word' id='word_1_739' title='bbox 1912 2666 2082 2721; x_wconf 81' lang='grc' dir='ltr'>τόκιά</span> <span class='ocrx_word' id='word_1_740' title='bbox 2089 2685 2207 2736; x_wconf 87' lang='grc' dir='ltr'>μου</span> <span class='ocrx_word' id='word_1_741' title='bbox 2220 2667 2449 2737; x_wconf 70' lang='grc' dir='ltr'>εἰλήφει</span> <span class='ocrx_word' id='word_1_742' title='bbox 2461 2667 2558 2720; x_wconf 78' lang='grc' dir='ltr'>καὶ</span> <span class='ocrx_word' id='word_1_743' title='bbox 2577 2665 2692 2720; x_wconf 81' lang='grc' dir='ltr'>νῦν</span> <span class='ocrx_word' id='word_1_744' title='bbox 2706 2667 2918 2735; x_wconf 61' lang='lat' dir='ltr'>suasca</span> <span class='ocrx_word' id='word_1_745' title='bbox 2934 2665 3046 2733; x_wconf 74' lang='grc' dir='ltr'>τὴν</span> <span class='ocrx_word' id='word_1_746' title='bbox 3059 2668 3343 2734; x_wconf 72' lang='grc' dir='ltr'>εὐλογίαν</span> <span class='ocrx_word' id='word_1_747' title='bbox 3347 2686 3493 2738; x_wconf 80' lang='grc' dir='ltr'>μου.</span> 
     </span>
    </p>
   </div>
   <div class='ocr_carea' id='block_1_97' title="bbox 1984 2744 3493 2821">
    <p class='ocr_par' dir='ltr' id='par_1_97' title="bbox 1984 2744 3493 2821">
     <span class='ocr_line' id='line_1_98' title="bbox 1984 2744 3493 2821; baseline 0.002 -20"><span class='ocrx_word' id='word_1_748' title='bbox 1984 2750 2181 2804; x_wconf 86' lang='grc' dir='ltr'>Σκόπει</span> <span class='ocrx_word' id='word_1_749' title='bbox 2231 2751 2370 2821; x_wconf 85' lang='grc' dir='ltr'>πόση</span> <span class='ocrx_word' id='word_1_750' title='bbox 2429 2749 2535 2803; x_wconf 85' lang='grc' dir='ltr'>τῶν</span> <span class='ocrx_word' id='word_1_751' title='bbox 2574 2749 2819 2803; x_wconf 87' lang='grc' dir='ltr'>παλαιῶν</span> <span class='ocrx_word' id='word_1_752' title='bbox 2872 2744 2941 2819; x_wconf 77' lang='grc' dir='ltr'>ἦν</span> <span class='ocrx_word' id='word_1_753' title='bbox 2975 2752 3009 2820; x_wconf 84' lang='grc' dir='ltr'><strong>ἡ</strong></span> <span class='ocrx_word' id='word_1_754' title='bbox 3069 2749 3302 2814; x_wconf 78' lang='grc' dir='ltr'>σύνεσις,</span> <span class='ocrx_word' id='word_1_755' title='bbox 3359 2752 3493 2821; x_wconf 83' lang='grc' dir='ltr'>μᾶλ-</span> 
     </span>
    </p>
   </div>
   <div class='ocr_carea' id='block_1_98' title="bbox 1912 2832 3492 2906">
    <p class='ocr_par' dir='ltr' id='par_1_98' title="bbox 1912 2832 3492 2906">
     <span class='ocr_line' id='line_1_99' title="bbox 1912 2832 3492 2906; baseline 0.001 -20"><span class='ocrx_word' id='word_1_756' title='bbox 1912 2834 2001 2888; x_wconf 93' lang='grc' dir='ltr'>λον</span> <span class='ocrx_word' id='word_1_757' title='bbox 2030 2834 2085 2888; x_wconf 82' lang='grc' dir='ltr'>δὲ</span> <span class='ocrx_word' id='word_1_758' title='bbox 2115 2834 2253 2906; x_wconf 88' lang='grc' dir='ltr'>πόση</span> <span class='ocrx_word' id='word_1_759' title='bbox 2286 2832 2378 2888; x_wconf 92' lang='grc' dir='ltr'>τοῦ</span> <span class='ocrx_word' id='word_1_760' title='bbox 2406 2832 2540 2888; x_wconf 89' lang='grc' dir='ltr'>Θεοῦ</span> <span class='ocrx_word' id='word_1_761' title='bbox 2572 2835 2605 2904; x_wconf 90' lang='grc' dir='ltr'>ή</span> <span class='ocrx_word' id='word_1_762' title='bbox 2637 2834 2827 2901; x_wconf 77' lang='grc' dir='ltr'>σοφία,</span> <span class='ocrx_word' id='word_1_763' title='bbox 2860 2833 2937 2896; x_wconf 84' lang='grc' dir='ltr'>ὡς</span> <span class='ocrx_word' id='word_1_764' title='bbox 2964 2833 3057 2885; x_wconf 72' lang='grc' dir='ltr'>καί⁵</span> <span class='ocrx_word' id='word_1_765' title='bbox 3101 2832 3199 2897; x_wconf 79' lang='grc' dir='ltr'>τὰς</span> <span class='ocrx_word' id='word_1_766' title='bbox 3232 2838 3492 2901; x_wconf 86' lang='grc' dir='ltr'>γυναῖκας</span> 
     </span>
    </p>
   </div>
   <div class='ocr_carea' id='block_1_99' title="bbox 1915 2916 3494 2990">
    <p class='ocr_par' dir='ltr' id='par_1_99' title="bbox 1915 2916 3494 2990">
     <span class='ocr_line' id='line_1_100' title="bbox 1915 2916 3494 2990; baseline 0 -19"><span class='ocrx_word' id='word_1_767' title='bbox 1915 2917 2354 2988; x_wconf 77' lang='grc' dir='ltr'>παρασκευάζειν</span> <span class='ocrx_word' id='word_1_768' title='bbox 2382 2916 2456 2989; x_wconf 85' lang='grc' dir='ltr'>μὴ</span> <span class='ocrx_word' id='word_1_769' title='bbox 2481 2916 2665 2980; x_wconf 86' lang='grc' dir='ltr'>ἁπλῶς</span> <span class='ocrx_word' id='word_1_770' title='bbox 2702 2916 2836 2987; x_wconf 76' lang='grc' dir='ltr'>μηδὲ</span> <span class='ocrx_word' id='word_1_771' title='bbox 2883 2916 2959 2979; x_wconf 86' lang='grc' dir='ltr'>ὡς</span> <span class='ocrx_word' id='word_1_772' title='bbox 2997 2916 3154 2986; x_wconf 77' lang='grc' dir='ltr'>ἔτυχε</span> <span class='ocrx_word' id='word_1_773' title='bbox 3187 2916 3283 2980; x_wconf 84' lang='grc' dir='ltr'>τάς</span> <span class='ocrx_word' id='word_1_774' title='bbox 3325 2935 3494 2990; x_wconf 87' lang='grc' dir='ltr'>προσ-</span> 
     </span>
    </p>
   </div>
   <div class='ocr_carea' id='block_1_100' title="bbox 1913 3000 3494 3072">
    <p class='ocr_par' dir='ltr' id='par_1_100' title="bbox 1913 3000 3494 3072">
     <span class='ocr_line' id='line_1_101' title="bbox 1913 3000 3494 3072; baseline 0.003 -19"><span class='ocrx_word' id='word_1_775' title='bbox 1913 3001 2139 3072; x_wconf 89' lang='grc' dir='ltr'>ηγορίας</span> <span class='ocrx_word' id='word_1_776' title='bbox 2164 3004 2273 3065; x_wconf 86' lang='grc' dir='ltr'>τοῖς</span> <span class='ocrx_word' id='word_1_777' title='bbox 2303 3001 2572 3072; x_wconf 88' lang='grc' dir='ltr'>τεχθεῖσιν</span> <span class='ocrx_word' id='word_1_778' title='bbox 2596 3001 2917 3065; x_wconf 80' lang='grc' dir='ltr'>ἐπιτιθέναι,</span> <span class='ocrx_word' id='word_1_779' title='bbox 2946 3000 3060 3054; x_wconf 85' lang='grc' dir='ltr'>ἀλλ’</span> <span class='ocrx_word' id='word_1_780' title='bbox 3081 3001 3494 3057; x_wconf 81' lang='grc' dir='ltr'>ἐναποτίθεσθαι</span> 
     </span>
    </p>
   </div>
   <div class='ocr_carea' id='block_1_101' title="bbox 1915 3083 3495 3156">
    <p class='ocr_par' dir='ltr' id='par_1_101' title="bbox 1915 3083 3495 3156">
     <span class='ocr_line' id='line_1_102' title="bbox 1915 3083 3495 3156; baseline 0.001 -19"><span class='ocrx_word' id='word_1_781' title='bbox 1915 3087 1980 3156; x_wconf 80' lang='grc' dir='ltr'>τῇ</span> <span class='ocrx_word' id='word_1_782' title='bbox 2020 3083 2113 3139; x_wconf 91' lang='grc' dir='ltr'>τοῦ</span> <span class='ocrx_word' id='word_1_783' title='bbox 2149 3084 2359 3140; x_wconf 84' lang='grc' dir='ltr'>παιδίου</span> <span class='ocrx_word' id='word_1_784' title='bbox 2403 3083 2744 3155; x_wconf 84' lang='grc' dir='ltr'>προσηγορίᾳ</span> <span class='ocrx_word' id='word_1_785' title='bbox 2795 3084 2903 3136; x_wconf 87' lang='grc' dir='ltr'>τῶν</span> <span class='ocrx_word' id='word_1_786' title='bbox 2936 3083 3237 3153; x_wconf 90' lang='grc' dir='ltr'>μελλόντων</span> <span class='ocrx_word' id='word_1_787' title='bbox 3276 3085 3495 3139; x_wconf 81' lang='grc' dir='ltr'>ἔσεσθαι</span> 
     </span>
    </p>
   </div>
   <div class='ocr_carea' id='block_1_102' title="bbox 1914 3165 3497 3240">
    <p class='ocr_par' dir='ltr' id='par_1_102' title="bbox 1914 3165 3497 3240">
     <span class='ocr_line' id='line_1_103' title="bbox 1914 3165 3497 3240; baseline 0 -19"><span class='ocrx_word' id='word_1_788' title='bbox 1914 3168 2012 3240; x_wconf 76' lang='grc' dir='ltr'>τὴν</span> <span class='ocrx_word' id='word_1_789' title='bbox 2059 3165 2530 3239; x_wconf 82' lang='grc' dir='ltr'>προαναφὼνησιν.</span> <span class='ocrx_word' id='word_1_790' title='bbox 2574 3167 2683 3220; x_wconf 71' lang='grc' dir='ltr'>Καὶ</span> <span class='ocrx_word' id='word_1_791' title='bbox 2724 3166 2966 3229; x_wconf 87' lang='grc' dir='ltr'>σπανίως</span> <span class='ocrx_word' id='word_1_792' title='bbox 3001 3167 3254 3238; x_wconf 81' lang='grc' dir='ltr'>εὑρήσεις</span> <span class='ocrx_word' id='word_1_793' title='bbox 3283 3166 3497 3237; x_wconf 79' lang='grc' dir='ltr'>ὁμωνύ-</span> 
     </span>
    </p>
   </div>
   <div class='ocr_carea' id='block_1_103' title="bbox 1918 3250 3496 3325">
    <p class='ocr_par' dir='ltr' id='par_1_103' title="bbox 1918 3250 3496 3325">
     <span class='ocr_line' id='line_1_104' title="bbox 1918 3250 3496 3325; baseline -0.001 -19"><span class='ocrx_word' id='word_1_794' title='bbox 1918 3271 2050 3325; x_wconf 89' lang='grc' dir='ltr'>μους</span> <span class='ocrx_word' id='word_1_795' title='bbox 2079 3257 2190 3317; x_wconf 87' lang='grc' dir='ltr'>τοῖς</span> <span class='ocrx_word' id='word_1_796' title='bbox 2227 3254 2648 3324; x_wconf 86' lang='grc' dir='ltr'>γεννησαμένοις</span> <span class='ocrx_word' id='word_1_797' title='bbox 2699 3250 2827 3315; x_wconf 80' lang='grc' dir='ltr'>τοὺς</span> <span class='ocrx_word' id='word_1_798' title='bbox 2886 3250 3175 3322; x_wconf 87' lang='grc' dir='ltr'>τεχθέντας</span> <span class='ocrx_word' id='word_1_799' title='bbox 3224 3252 3496 3323; x_wconf 70' lang='grc' dir='ltr'>καλουμέο</span> 
     </span>
    </p>
   </div>
   <div class='ocr_carea' id='block_1_104' title="bbox 1914 3335 3525 3408">
    <p class='ocr_par' dir='ltr' id='par_1_104' title="bbox 1914 3335 3525 3408">
     <span class='ocr_line' id='line_1_105' title="bbox 1914 3335 3525 3408; baseline 0 -16"><span class='ocrx_word' id='word_1_800' title='bbox 1914 3356 2070 3401; x_wconf 90' lang='grc' dir='ltr'>νους,</span> <span class='ocrx_word' id='word_1_801' title='bbox 2103 3338 2135 3408; x_wconf 83' lang='grc' dir='ltr'>ἢ</span> <span class='ocrx_word' id='word_1_802' title='bbox 2174 3338 2306 3408; x_wconf 83' lang='grc' dir='ltr'>τάχα</span> <span class='ocrx_word' id='word_1_803' title='bbox 2348 3355 2450 3391; x_wconf 88' lang='grc' dir='ltr'>που</span> <span class='ocrx_word' id='word_1_804' title='bbox 2481 3336 2751 3407; x_wconf 79' lang='grc' dir='ltr'>ούδαμοῦ’</span> <span class='ocrx_word' id='word_1_805' title='bbox 2786 3336 2925 3389; x_wconf 84' lang='grc' dir='ltr'>ἀλλά</span> <span class='ocrx_word' id='word_1_806' title='bbox 2974 3335 3073 3390; x_wconf 76' lang='grc' dir='ltr'>κᾶν</span> <span class='ocrx_word' id='word_1_807' title='bbox 3111 3338 3139 3390; x_wconf 93' lang='lat'>6</span> <span class='ocrx_word' id='word_1_808' title='bbox 3178 3336 3362 3408; x_wconf 80' lang='grc' dir='ltr'>πατὴρ</span> <span class='ocrx_word' id='word_1_809' title='bbox 3399 3337 3525 3408; x_wconf 83' lang='grc' dir='ltr'>τὴν·</span> 
     </span>
    </p>
   </div>
   <div class='ocr_carea' id='block_1_105' title="bbox 1916 3420 3501 3493">
    <p class='ocr_par' dir='ltr' id='par_1_105' title="bbox 1916 3420 3501 3493">
     <span class='ocr_line' id='line_1_106' title="bbox 1916 3420 3501 3493; baseline 0.002 -19"><span class='ocrx_word' id='word_1_810' title='bbox 1916 3422 2285 3493; x_wconf 85' lang='grc' dir='ltr'>προσηγορίαν</span> <span class='ocrx_word' id='word_1_811' title='bbox 2310 3420 2385 3491; x_wconf 80' lang='grc' dir='ltr'>τῷ</span> <span class='ocrx_word' id='word_1_812' title='bbox 2426 3421 2574 3475; x_wconf 68' lang='grc' dir='ltr'>παιδὶ</span> <span class='ocrx_word' id='word_1_813' title='bbox 2618 3420 2788 3493; x_wconf 84' lang='grc' dir='ltr'>μέλλῃ</span> <span class='ocrx_word' id='word_1_814' title='bbox 2812 3420 3117 3475; x_wconf 79' lang='grc' dir='ltr'>ἐπιτιθέναι</span> <span class='ocrx_word' id='word_1_815' title='bbox 3139 3460 3153 3485; x_wconf 92' lang='grc'>,</span> <span class='ocrx_word' id='word_1_816' title='bbox 3188 3421 3346 3493; x_wconf 81' lang='grc' dir='ltr'>ξένην</span> <span class='ocrx_word' id='word_1_817' title='bbox 3378 3425 3501 3478; x_wconf 83' lang='grc' dir='ltr'>τινά</span> 
     </span>
    </p>
   </div>
   <div class='ocr_carea' id='block_1_106' title="bbox 1917 3506 3501 3581">
    <p class='ocr_par' dir='ltr' id='par_1_106' title="bbox 1917 3506 3501 3581">
     <span class='ocr_line' id='line_1_107' title="bbox 1917 3506 3501 3581; baseline -0.001 -18"><span class='ocrx_word' id='word_1_818' title='bbox 1917 3511 2009 3563; x_wconf 75' lang='grc' dir='ltr'>καὶ</span> <span class='ocrx_word' id='word_1_819' title='bbox 2045 3508 2236 3581; x_wconf 82' lang='grc' dir='ltr'>καινὴν</span> <span class='ocrx_word' id='word_1_820' title='bbox 2275 3507 2612 3579; x_wconf 85' lang='grc' dir='ltr'>ἐπιτίθησιν.</span> <span class='ocrx_word' id='word_1_821' title='bbox 2661 3507 2802 3560; x_wconf 83' lang='grc' dir='ltr'>ὥστε</span> <span class='ocrx_word' id='word_1_822' title='bbox 2834 3506 2902 3561; x_wconf 88' lang='grc' dir='ltr'>δι’</span> <span class='ocrx_word' id='word_1_823' title='bbox 2932 3508 3105 3577; x_wconf 83' lang='grc' dir='ltr'>αὐτῆς</span> <span class='ocrx_word' id='word_1_824' title='bbox 3149 3509 3501 3580; x_wconf 84' lang='grc' dir='ltr'>προμηνῦσαι</span> 
     </span>
    </p>
   </div>
   <div class='ocr_carea' id='block_1_107' title="bbox 1915 3590 3501 3664">
    <p class='ocr_par' dir='ltr' id='par_1_107' title="bbox 1915 3590 3501 3664">
     <span class='ocr_line' id='line_1_108' title="bbox 1915 3590 3501 3664; baseline 0 -18"><span class='ocrx_word' id='word_1_825' title='bbox 1915 3611 2035 3646; x_wconf 89' lang='grc' dir='ltr'>τινα</span> <span class='ocrx_word' id='word_1_826' title='bbox 2076 3592 2184 3645; x_wconf 86' lang='grc' dir='ltr'>τῶν</span> <span class='ocrx_word' id='word_1_827' title='bbox 2232 3592 2533 3661; x_wconf 87' lang='grc' dir='ltr'>μελλόντων</span> <span class='ocrx_word' id='word_1_828' title='bbox 2584 3590 2844 3644; x_wconf 69' lang='grc' dir='ltr'>ἔσεσθαι⁸</span> <span class='ocrx_word' id='word_1_829' title='bbox 2905 3592 3064 3661; x_wconf 75' lang='grc' dir='ltr'>καὶὴ</span> <span class='ocrx_word' id='word_1_830' title='bbox 3111 3594 3296 3664; x_wconf 86' lang='grc' dir='ltr'>μήτηρ</span> <span class='ocrx_word' id='word_1_831' title='bbox 3335 3594 3501 3646; x_wconf 89' lang='grc' dir='ltr'>πάλιν</span> 
     </span>
    </p>
   </div>
   <div class='ocr_carea' id='block_1_108' title="bbox 1914 3674 3498 3747">
    <p class='ocr_par' dir='ltr' id='par_1_108' title="bbox 1914 3674 3498 3747">
     <span class='ocr_line' id='line_1_109' title="bbox 1914 3674 3498 3747; baseline 0 -17"><span class='ocrx_word' id='word_1_832' title='bbox 1914 3677 2133 3746; x_wconf 77' lang='grc' dir='ltr'>ὁμοίως.</span> <span class='ocrx_word' id='word_1_833' title='bbox 2177 3675 2333 3728; x_wconf 84' lang='grc' dir='ltr'>Οῦτω</span> <span class='ocrx_word' id='word_1_834' title='bbox 2363 3676 2456 3728; x_wconf 72' lang='grc' dir='ltr'>καὶ</span> <span class='ocrx_word' id='word_1_835' title='bbox 2484 3678 2513 3729; x_wconf 92' lang='lat'>6</span> <span class='ocrx_word' id='word_1_836' title='bbox 2541 3675 2733 3743; x_wconf 85' lang='grc' dir='ltr'>Λάμεχ</span> <span class='ocrx_word' id='word_1_837' title='bbox 2762 3674 2854 3727; x_wconf 84' lang='grc' dir='ltr'>τὸν</span> <span class='ocrx_word' id='word_1_838' title='bbox 2888 3675 3004 3727; x_wconf 82' lang='grc' dir='ltr'>υἰὸν</span> <span class='ocrx_word' id='word_1_839' title='bbox 3038 3678 3498 3747; x_wconf 82' lang='grc' dir='ltr'>προσαγορεύων,</span> 
     </span>
    </p>
   </div>
   <div class='ocr_carea' id='block_1_109' title="bbox 1916 3755 3502 3829">
    <p class='ocr_par' dir='ltr' id='par_1_109' title="bbox 1916 3755 3502 3829">
     <span class='ocr_line' id='line_1_110' title="bbox 1916 3755 3502 3829; baseline 0.001 -16"><span class='ocrx_word' id='word_1_840' title='bbox 1916 3761 2039 3813; x_wconf 85' lang='grc' dir='ltr'>Νῶε</span> <span class='ocrx_word' id='word_1_841' title='bbox 2076 3760 2335 3824; x_wconf 83' lang='grc' dir='ltr'>ἐκάλεσε,</span> <span class='ocrx_word' id='word_1_842' title='bbox 2376 3760 2472 3812; x_wconf 77' lang='grc' dir='ltr'>καὶ</span> <span class='ocrx_word' id='word_1_843' title='bbox 2515 3760 2763 3829; x_wconf 76' lang='grc' dir='ltr'>ἐπήγαγε</span> <span class='ocrx_word' id='word_1_844' title='bbox 2802 3758 3007 3826; x_wconf 89' lang='grc' dir='ltr'>λέγων,</span> <span class='ocrx_word' id='word_1_845' title='bbox 3066 3755 3260 3825; x_wconf 84' lang='grc' dir='ltr'>Οὗτος</span> <span class='ocrx_word' id='word_1_846' title='bbox 3298 3760 3502 3815; x_wconf 80' lang='grc' dir='ltr'>διανα-</span> 
     </span>
    </p>
   </div>
   <div class='ocr_carea' id='block_1_110' title="bbox 1917 3840 3500 3912">
    <p class='ocr_par' dir='ltr' id='par_1_110' title="bbox 1917 3840 3500 3912">
     <span class='ocr_line' id='line_1_111' title="bbox 1917 3840 3500 3912; baseline 0.001 -16"><span class='ocrx_word' id='word_1_847' title='bbox 1917 3844 2136 3896; x_wconf 77' lang='grc' dir='ltr'>παύσει</span> <span class='ocrx_word' id='word_1_848' title='bbox 2180 3841 2356 3911; x_wconf 77' lang='grc' dir='ltr'>ἡμᾶς.</span> <span class='ocrx_word' id='word_1_849' title='bbox 2406 3842 2560 3895; x_wconf 85' lang='grc' dir='ltr'>Οῦτω</span> <span class='ocrx_word' id='word_1_850' title='bbox 2600 3842 2695 3895; x_wconf 79' lang='grc' dir='ltr'>καὶ</span> <span class='ocrx_word' id='word_1_851' title='bbox 2741 3840 2980 3909; x_wconf 74' lang='grc' dir='ltr'>ἑκάστην</span> <span class='ocrx_word' id='word_1_852' title='bbox 3024 3842 3393 3912; x_wconf 84' lang='grc' dir='ltr'>προσηγορίαν</span> <span class='ocrx_word' id='word_1_853' title='bbox 3418 3846 3500 3898; x_wconf 88' lang='grc' dir='ltr'>δι-</span> 
     </span>
    </p>
   </div>
   <div class='ocr_carea' id='block_1_111' title="bbox 1918 3918 3501 3995">
    <p class='ocr_par' dir='ltr' id='par_1_111' title="bbox 1918 3918 3501 3995">
     <span class='ocr_line' id='line_1_112' title="bbox 1918 3918 3501 3995; baseline -0.001 -20"><span class='ocrx_word' id='word_1_854' title='bbox 1918 3920 2288 3995; x_wconf 86' lang='grc' dir='ltr'>ερευνώμενος</span> <span class='ocrx_word' id='word_1_855' title='bbox 2334 3920 2473 3989; x_wconf 85' lang='grc' dir='ltr'>μετὰ</span> <span class='ocrx_word' id='word_1_856' title='bbox 2514 3918 2832 3992; x_wconf 87' lang='grc' dir='ltr'>ἀκριϐείας,</span> <span class='ocrx_word' id='word_1_857' title='bbox 2875 3918 3131 3989; x_wconf 85' lang='grc' dir='ltr'>εὑρήσεις</span> <span class='ocrx_word' id='word_1_858' title='bbox 3180 3919 3397 3984; x_wconf 89' lang='grc' dir='ltr'>πάντως</span> <span class='ocrx_word' id='word_1_859' title='bbox 3446 3939 3501 3974; x_wconf 84' lang='grc' dir='ltr'>τι</span> 
     </span>
    </p>
   </div>
   <div class='ocr_carea' id='block_1_112' title="bbox 1918 3995 3502 4070">
    <p class='ocr_par' dir='ltr' id='par_1_112' title="bbox 1918 3995 3502 4070">
     <span class='ocr_line' id='line_1_113' title="bbox 1918 3995 3502 4070; baseline -0.001 -16"><span class='ocrx_word' id='word_1_860' title='bbox 1918 4000 2327 4070; x_wconf 83' lang='grc' dir='ltr'>αἰνιττομένην,</span> <span class='ocrx_word' id='word_1_861' title='bbox 2360 3998 2419 4051; x_wconf 84' lang='grc' dir='ltr'>ού</span> <span class='ocrx_word' id='word_1_862' title='bbox 2467 3996 2715 4067; x_wconf 88' lang='grc' dir='ltr'>καθάπερ</span> <span class='ocrx_word' id='word_1_863' title='bbox 2760 3995 2855 4049; x_wconf 87' lang='grc' dir='ltr'>νῦν</span> <span class='ocrx_word' id='word_1_864' title='bbox 2887 3995 3151 4059; x_wconf 88' lang='grc' dir='ltr'>ποιοῦσιν,</span> <span class='ocrx_word' id='word_1_865' title='bbox 3186 3997 3373 4061; x_wconf 86' lang='grc' dir='ltr'>ἁπλῶς</span> <span class='ocrx_word' id='word_1_866' title='bbox 3407 4004 3502 4053; x_wconf 75' lang='grc' dir='ltr'>καὶ</span> 
     </span>
    </p>
   </div>
   <div class='ocr_carea' id='block_1_113' title="bbox 1917 4074 3502 4148">
    <p class='ocr_par' dir='ltr' id='par_1_113' title="bbox 1917 4074 3502 4148">
     <span class='ocr_line' id='line_1_114' title="bbox 1917 4074 3502 4148; baseline -0.001 -16"><span class='ocrx_word' id='word_1_867' title='bbox 1917 4080 1993 4142; x_wconf 80' lang='grc' dir='ltr'>ὡς</span> <span class='ocrx_word' id='word_1_868' title='bbox 2030 4078 2216 4148; x_wconf 78' lang='grc' dir='ltr'>ἔτυχεν</span> <span class='ocrx_word' id='word_1_869' title='bbox 2245 4077 2352 4129; x_wconf 80' lang='grc' dir='ltr'>ἀπὸ</span> <span class='ocrx_word' id='word_1_870' title='bbox 2382 4076 2488 4128; x_wconf 89' lang='grc' dir='ltr'>τῶν</span> <span class='ocrx_word' id='word_1_871' title='bbox 2516 4074 2935 4145; x_wconf 86' lang='grc' dir='ltr'>γεννησαμένων</span> <span class='ocrx_word' id='word_1_872' title='bbox 2969 4075 3361 4141; x_wconf 76' lang='grc' dir='ltr'>σπουδάζοντες</span> <span class='ocrx_word' id='word_1_873' title='bbox 3403 4077 3502 4143; x_wconf 81' lang='grc' dir='ltr'>τὰς</span> 
     </span>
    </p>
   </div>
   <div class='ocr_carea' id='block_1_114' title="bbox 1919 4152 3503 4227">
    <p class='ocr_par' dir='ltr' id='par_1_114' title="bbox 1919 4152 3503 4227">
     <span class='ocr_line' id='line_1_115' title="bbox 1919 4152 3503 4227; baseline -0.001 -18"><span class='ocrx_word' id='word_1_874' title='bbox 1919 4156 2291 4227; x_wconf 85' lang='grc' dir='ltr'>προσηγορίας</span> <span class='ocrx_word' id='word_1_875' title='bbox 2325 4154 2647 4223; x_wconf 78' lang='grc' dir='ltr'>ὀνομάζειν,</span> <span class='ocrx_word' id='word_1_876' title='bbox 2694 4152 2830 4206; x_wconf 87' lang='grc' dir='ltr'>ἀλλά</span> <span class='ocrx_word' id='word_1_877' title='bbox 2861 4155 2968 4216; x_wconf 82' lang='grc' dir='ltr'>πᾶς</span> <span class='ocrx_word' id='word_1_878' title='bbox 3003 4153 3031 4205; x_wconf 80' lang='grc' dir='ltr'>ὁ</span> <span class='ocrx_word' id='word_1_879' title='bbox 3078 4154 3278 4217; x_wconf 85' lang='grc' dir='ltr'>σκοπὸς</span> <span class='ocrx_word' id='word_1_880' title='bbox 3316 4156 3503 4219; x_wconf 79' lang='grc' dir='ltr'>αὐτοῖς</span> 
     </span>
    </p>
   </div>
   <div class='ocr_carea' id='block_1_115' title="bbox 1919 4236 3502 4311">
    <p class='ocr_par' dir='ltr' id='par_1_115' title="bbox 1919 4236 3502 4311">
     <span class='ocr_line' id='line_1_116' title="bbox 1919 4236 3502 4311; baseline -0.003 -17"><span class='ocrx_word' id='word_1_881' title='bbox 1919 4236 2007 4311; x_wconf 73' lang='grc' dir='ltr'>ἦν,</span> <span class='ocrx_word' id='word_1_882' title='bbox 2043 4240 2181 4293; x_wconf 89' lang='grc' dir='ltr'>ῶστε</span> <span class='ocrx_word' id='word_1_883' title='bbox 2228 4238 2465 4311; x_wconf 74' lang='grc' dir='ltr'>διηνεκῆ·</span> <span class='ocrx_word' id='word_1_884' title='bbox 2507 4238 2812 4308; x_wconf 86' lang='grc' dir='ltr'>ὑπόμνησιν</span> <span class='ocrx_word' id='word_1_885' title='bbox 2848 4236 3224 4291; x_wconf 86' lang='grc' dir='ltr'>ὲναποτιθέναι</span> <span class='ocrx_word' id='word_1_886' title='bbox 3268 4237 3355 4291; x_wconf 80' lang='grc' dir='ltr'>διὰ</span> <span class='ocrx_word' id='word_1_887' title='bbox 3403 4240 3502 4308; x_wconf 79' lang='grc' dir='ltr'>τῆς</span> 
     </span>
    </p>
   </div>
   <div class='ocr_carea' id='block_1_116' title="bbox 1920 4318 3503 4394">
    <p class='ocr_par' dir='ltr' id='par_1_116' title="bbox 1920 4318 3503 4394">
     <span class='ocr_line' id='line_1_117' title="bbox 1920 4318 3503 4394; baseline -0.001 -17"><span class='ocrx_word' id='word_1_888' title='bbox 1920 4323 2292 4394; x_wconf 86' lang='grc' dir='ltr'>προσηγορίας</span> <span class='ocrx_word' id='word_1_889' title='bbox 2323 4320 2402 4391; x_wconf 79' lang='grc' dir='ltr'>τῷ</span> <span class='ocrx_word' id='word_1_890' title='bbox 2433 4318 2694 4390; x_wconf 79' lang='grc' dir='ltr'>τεχθέντι.</span> <span class='ocrx_word' id='word_1_891' title='bbox 2739 4319 2879 4371; x_wconf 81' lang='grc' dir='ltr'>Ἀλλ’</span> <span class='ocrx_word' id='word_1_892' title='bbox 2911 4320 3109 4389; x_wconf 75' lang='grc' dir='ltr'>ἴδωμεν</span> <span class='ocrx_word' id='word_1_893' title='bbox 3139 4319 3325 4373; x_wconf 79' lang='grc' dir='ltr'>λοιπὸν</span> <span class='ocrx_word' id='word_1_894' title='bbox 3364 4322 3503 4391; x_wconf 86' lang='grc' dir='ltr'>μετά</span> 
     </span>
    </p>
   </div>
   <div class='ocr_carea' id='block_1_117' title="bbox 1918 4401 3505 4478">
    <p class='ocr_par' dir='ltr' id='par_1_117' title="bbox 1918 4401 3505 4478">
     <span class='ocr_line' id='line_1_118' title="bbox 1918 4401 3505 4478; baseline -0.001 -19"><span class='ocrx_word' id='word_1_895' title='bbox 1918 4406 2016 4478; x_wconf 78' lang='grc' dir='ltr'>τὴν</span> <span class='ocrx_word' id='word_1_896' title='bbox 2062 4406 2170 4458; x_wconf 88' lang='grc' dir='ltr'>τῶν</span> <span class='ocrx_word' id='word_1_897' title='bbox 2204 4403 2583 4476; x_wconf 88' lang='grc' dir='ltr'>πρωτοτοκίων</span> <span class='ocrx_word' id='word_1_898' title='bbox 2613 4401 2910 4474; x_wconf 80' lang='grc' dir='ltr'>ἐναλλαγὴν</span> <span class='ocrx_word' id='word_1_899' title='bbox 2931 4444 2945 4469; x_wconf 89' lang='grc'>,</span> <span class='ocrx_word' id='word_1_900' title='bbox 2980 4403 3033 4455; x_wconf 89' lang='grc' dir='ltr'>τί</span> <span class='ocrx_word' id='word_1_901' title='bbox 3067 4403 3228 4458; x_wconf 84' lang='grc' dir='ltr'>πάλιν</span> <span class='ocrx_word' id='word_1_902' title='bbox 3263 4404 3505 4475; x_wconf 82' lang='grc' dir='ltr'>ήμῖνδι-</span> 
     </span>
    </p>
   </div>
   <div class='ocr_carea' id='block_1_118' title="bbox 1917 4490 3503 4566">
    <p class='ocr_par' dir='ltr' id='par_1_118' title="bbox 1917 4490 3503 4566">
     <span class='ocr_line' id='line_1_119' title="bbox 1917 4490 3503 4566; baseline -0.002 -17"><span class='ocrx_word' id='word_1_903' title='bbox 1917 4498 2136 4566; x_wconf 82' lang='grc' dir='ltr'>ηγείται</span> <span class='ocrx_word' id='word_1_904' title='bbox 2162 4493 2190 4546; x_wconf 93' lang='lat'>6</span> <span class='ocrx_word' id='word_1_905' title='bbox 2224 4491 2490 4562; x_wconf 90' lang='grc' dir='ltr'>μακάριος</span> <span class='ocrx_word' id='word_1_906' title='bbox 2520 4490 2763 4560; x_wconf 76' lang='grc' dir='ltr'>Μωῦσῆς</span> <span class='ocrx_word' id='word_1_907' title='bbox 2790 4491 2917 4562; x_wconf 80' lang='grc' dir='ltr'>περί</span> <span class='ocrx_word' id='word_1_908' title='bbox 2934 4491 3026 4544; x_wconf 91' lang='grc' dir='ltr'>τοῦ</span> <span class='ocrx_word' id='word_1_909' title='bbox 3043 4491 3250 4563; x_wconf 81' lang='grc' dir='ltr'>πατρὸς</span> <span class='ocrx_word' id='word_1_910' title='bbox 3276 4492 3503 4553; x_wconf 87' lang='grc' dir='ltr'>τούτων.</span> 
     </span>
    </p>
   </div>
   <div class='ocr_carea' id='block_1_119' title="bbox 1923 4570 3503 4648">
    <p class='ocr_par' dir='ltr' id='par_1_119' title="bbox 1923 4570 3503 4648">
     <span class='ocr_line' id='line_1_120' title="bbox 1923 4570 3503 4648; baseline -0.003 -16"><span class='ocrx_word' id='word_1_911' title='bbox 1923 4580 2016 4633; x_wconf 73' lang='grc' dir='ltr'>καὶ</span> <span class='ocrx_word' id='word_1_912' title='bbox 2058 4579 2213 4641; x_wconf 81' lang='grc' dir='ltr'>ὅπως</span> <span class='ocrx_word' id='word_1_913' title='bbox 2249 4575 2499 4645; x_wconf 89' lang='grc' dir='ltr'>καθάπερ</span> <span class='ocrx_word' id='word_1_914' title='bbox 2546 4574 2640 4627; x_wconf 72' lang='grc' dir='ltr'>ἐπὶ</span> <span class='ocrx_word' id='word_1_915' title='bbox 2683 4573 2779 4628; x_wconf 90' lang='grc' dir='ltr'>τοῦ</span> <span class='ocrx_word' id='word_1_916' title='bbox 2823 4576 3196 4648; x_wconf 87' lang='grc' dir='ltr'>πατριάρχου,</span> <span class='ocrx_word' id='word_1_917' title='bbox 3226 4576 3319 4630; x_wconf 66' lang='grc' dir='ltr'>καὶ</span> <span class='ocrx_word' id='word_1_918' title='bbox 3348 4570 3503 4638; x_wconf 72' lang='grc' dir='ltr'>οὗτος</span> 
     </span>
    </p>
   </div>
   <div class='ocr_carea' id='block_1_120' title="bbox 1920 4652 3504 4727">
    <p class='ocr_par' dir='ltr' id='par_1_120' title="bbox 1920 4652 3504 4727">
     <span class='ocr_line' id='line_1_121' title="bbox 1920 4652 3504 4727; baseline -0.003 -16"><span class='ocrx_word' id='word_1_919' title='bbox 1920 4657 2079 4727; x_wconf 91' lang='grc' dir='ltr'>λιμοῦ</span> <span class='ocrx_word' id='word_1_920' title='bbox 2136 4654 2531 4717; x_wconf 84' lang='grc' dir='ltr'>καταλαϐόντος</span> <span class='ocrx_word' id='word_1_921' title='bbox 2577 4652 2776 4724; x_wconf 82' lang='grc' dir='ltr'>πολλῆς</span> <span class='ocrx_word' id='word_1_922' title='bbox 2832 4654 3078 4719; x_wconf 81' lang='grc' dir='ltr'>ἀξιοῦται</span> <span class='ocrx_word' id='word_1_923' title='bbox 3128 4656 3227 4726; x_wconf 82' lang='grc' dir='ltr'>τῆς</span> <span class='ocrx_word' id='word_1_924' title='bbox 3289 4654 3504 4708; x_wconf 84' lang='grc' dir='ltr'>ἄνωθεν</span> 
     </span>
    </p>
   </div>
   <div class='ocr_carea' id='block_1_121' title="bbox 1920 4732 3503 4807">
    <p class='ocr_par' dir='ltr' id='par_1_121' title="bbox 1920 4732 3503 4807">
     <span class='ocr_line' id='line_1_122' title="bbox 1920 4732 3503 4807; baseline -0.002 -18"><span class='ocrx_word' id='word_1_925' title='bbox 1920 4737 2265 4807; x_wconf 85' lang='grc' dir='ltr'>κηδεμονίας,</span> <span class='ocrx_word' id='word_1_926' title='bbox 2289 4734 2406 4793; x_wconf 78' lang='grc'><strong>1501</strong></span> <span class='ocrx_word' id='word_1_927' title='bbox 2422 4733 2441 4805; x_wconf 76' lang='lat'><strong>]</strong></span> <span class='ocrx_word' id='word_1_928' title='bbox 2457 4732 2545 4787; x_wconf 90' lang='grc' dir='ltr'>διά</span> <span class='ocrx_word' id='word_1_929' title='bbox 2560 4750 2616 4785; x_wconf 89' lang='grc' dir='ltr'>τε</span> <span class='ocrx_word' id='word_1_930' title='bbox 2636 4734 2734 4803; x_wconf 72' lang='grc' dir='ltr'>τὴν</span> <span class='ocrx_word' id='word_1_931' title='bbox 2752 4734 2960 4787; x_wconf 79' lang='grc' dir='ltr'>οἰκείαν</span> <span class='ocrx_word' id='word_1_932' title='bbox 2983 4734 3207 4806; x_wconf 77' lang='grc' dir='ltr'>ἀρετὴν,</span> <span class='ocrx_word' id='word_1_933' title='bbox 3226 4734 3313 4787; x_wconf 82' lang='grc' dir='ltr'>διά</span> <span class='ocrx_word' id='word_1_934' title='bbox 3329 4751 3385 4786; x_wconf 87' lang='grc' dir='ltr'>τε</span> <span class='ocrx_word' id='word_1_935' title='bbox 3402 4735 3503 4802; x_wconf 86' lang='grc' dir='ltr'>τὴν</span> 
     </span>
    </p>
   </div>
   <div class='ocr_carea' id='block_1_122' title="bbox 1921 4816 3505 4890">
    <p class='ocr_par' dir='ltr' id='par_1_122' title="bbox 1921 4816 3505 4890">
     <span class='ocr_line' id='line_1_123' title="bbox 1921 4816 3505 4890; baseline -0.003 -17"><span class='ocrx_word' id='word_1_936' title='bbox 1921 4823 2001 4884; x_wconf 90' lang='grc' dir='ltr'>εἰς</span> <span class='ocrx_word' id='word_1_937' title='bbox 2030 4819 2120 4873; x_wconf 74' lang='grc' dir='ltr'>τὸν</span> <span class='ocrx_word' id='word_1_938' title='bbox 2163 4818 2508 4890; x_wconf 77' lang='grc' dir='ltr'>πατριάρχην</span> <span class='ocrx_word' id='word_1_939' title='bbox 2542 4816 2913 4888; x_wconf 87' lang='grc' dir='ltr'>γεγενημένην</span> <span class='ocrx_word' id='word_1_940' title='bbox 2947 4817 3299 4885; x_wconf 81' lang='grc' dir='ltr'>ἐπαγγελίαν.</span> <span class='ocrx_word' id='word_1_941' title='bbox 3351 4817 3505 4886; x_wconf 72' lang='grc' dir='ltr'>Ἐγέο</span> 
     </span>
    </p>
   </div>
   <div class='ocr_carea' id='block_1_123' title="bbox 1920 4895 3504 4969">
    <p class='ocr_par' dir='ltr' id='par_1_123' title="bbox 1920 4895 3504 4969">
     <span class='ocr_line' id='line_1_124' title="bbox 1920 4895 3504 4969; baseline -0.004 -14"><span class='ocrx_word' id='word_1_942' title='bbox 1920 4918 2056 4955; x_wconf 72' lang='lat' dir='ltr'>rato</span> <span class='ocrx_word' id='word_1_943' title='bbox 2105 4900 2205 4960; x_wconf 82' lang='grc' dir='ltr'>δὲ,</span> <span class='ocrx_word' id='word_1_944' title='bbox 2256 4898 2418 4969; x_wconf 71' lang='grc' dir='ltr'>φησί,</span> <span class='ocrx_word' id='word_1_945' title='bbox 2473 4897 2650 4966; x_wconf 73' lang='grc' dir='ltr'>λιμὸς</span> <span class='ocrx_word' id='word_1_946' title='bbox 2691 4896 2787 4949; x_wconf 73' lang='grc' dir='ltr'>ἐπὶ</span> <span class='ocrx_word' id='word_1_947' title='bbox 2833 4897 2942 4964; x_wconf 80' lang='grc' dir='ltr'>τῆς</span> <span class='ocrx_word' id='word_1_948' title='bbox 2980 4898 3121 4966; x_wconf 76' lang='grc' dir='ltr'>γῆς,</span> <span class='ocrx_word' id='word_1_949' title='bbox 3163 4897 3343 4965; x_wconf 79' lang='grc' dir='ltr'>χωρίς</span> <span class='ocrx_word' id='word_1_950' title='bbox 3395 4895 3504 4949; x_wconf 84' lang='grc' dir='ltr'>τοῦ</span> 
     </span>
    </p>
   </div>
   <div class='ocr_carea' id='block_1_124' title="bbox 1920 4974 3504 5049">
    <p class='ocr_par' dir='ltr' id='par_1_124' title="bbox 1920 4974 3504 5049">
     <span class='ocr_line' id='line_1_125' title="bbox 1920 4974 3504 5049; baseline -0.004 -15"><span class='ocrx_word' id='word_1_951' title='bbox 1920 4980 2098 5049; x_wconf 64' lang='grc' dir='ltr'>λιμοῦ</span> <span class='ocrx_word' id='word_1_952' title='bbox 2130 4978 2234 5032; x_wconf 88' lang='grc' dir='ltr'>τοῦ</span> <span class='ocrx_word' id='word_1_953' title='bbox 2257 4979 2547 5046; x_wconf 78' lang='grc' dir='ltr'>πρότερον</span> <span class='ocrx_word' id='word_1_954' title='bbox 2566 5017 2578 5038; x_wconf 88' lang='grc'>,</span> <span class='ocrx_word' id='word_1_955' title='bbox 2598 4976 2662 5042; x_wconf 84' lang='grc' dir='ltr'>ὃς</span> <span class='ocrx_word' id='word_1_956' title='bbox 2694 4974 2929 5044; x_wconf 75' lang='grc' dir='ltr'>ἐγένετο</span> <span class='ocrx_word' id='word_1_957' title='bbox 2968 4977 3036 5029; x_wconf 84' lang='grc' dir='ltr'>ἐν</span> <span class='ocrx_word' id='word_1_958' title='bbox 3061 4976 3141 5041; x_wconf 85' lang='grc' dir='ltr'>τῷ</span> <span class='ocrx_word' id='word_1_959' title='bbox 3175 4977 3373 5043; x_wconf 78' lang='grc' dir='ltr'>χρόνῳ</span> <span class='ocrx_word' id='word_1_960' title='bbox 3396 4974 3504 5029; x_wconf 84' lang='grc' dir='ltr'>τοῦ</span> 
     </span>
    </p>
   </div>
   <div class='ocr_carea' id='block_1_125' title="bbox 1934 5054 3502 5127">
    <p class='ocr_par' dir='ltr' id='par_1_125' title="bbox 1934 5054 3502 5127">
     <span class='ocr_line' id='line_1_126' title="bbox 1934 5054 3502 5127; baseline -0.004 -14"><span class='ocrx_word' id='word_1_961' title='bbox 1934 5057 2199 5127; x_wconf 68' lang='grc' dir='ltr'>Ἁϐραάμ.</span> <span class='ocrx_word' id='word_1_962' title='bbox 2242 5058 2362 5111; x_wconf 82' lang='grc' dir='ltr'>Ἵνα</span> <span class='ocrx_word' id='word_1_963' title='bbox 2399 5056 2473 5126; x_wconf 82' lang='grc' dir='ltr'>μὴ</span> <span class='ocrx_word' id='word_1_964' title='bbox 2506 5056 2737 5125; x_wconf 80' lang='grc' dir='ltr'>νομίσῃς</span> <span class='ocrx_word' id='word_1_965' title='bbox 2787 5056 2910 5125; x_wconf 74' lang='grc' dir='ltr'>περὶ</span> <span class='ocrx_word' id='word_1_966' title='bbox 2952 5056 3159 5108; x_wconf 82' lang='grc' dir='ltr'>ἐκείνου</span> <span class='ocrx_word' id='word_1_967' title='bbox 3196 5054 3289 5108; x_wconf 87' lang='grc' dir='ltr'>τοῦ</span> <span class='ocrx_word' id='word_1_968' title='bbox 3339 5055 3502 5125; x_wconf 84' lang='grc' dir='ltr'>λιμοῦ</span> 
     </span>
    </p>
   </div>
   <div class='ocr_carea' id='block_1_126' title="bbox 1920 5132 3503 5203">
    <p class='ocr_par' dir='ltr' id='par_1_126' title="bbox 1920 5132 3503 5203">
     <span class='ocr_line' id='line_1_127' title="bbox 1920 5132 3503 5203; baseline -0.003 -12"><span class='ocrx_word' id='word_1_969' title='bbox 1920 5138 2081 5191; x_wconf 78' lang='grc' dir='ltr'>αὑτὸν</span> <span class='ocrx_word' id='word_1_970' title='bbox 2119 5135 2495 5203; x_wconf 85' lang='grc' dir='ltr'>διαλέγεσθαι.</span> <span class='ocrx_word' id='word_1_971' title='bbox 2540 5134 2627 5186; x_wconf 85' lang='grc' dir='ltr'>διά</span> <span class='ocrx_word' id='word_1_972' title='bbox 2665 5132 2822 5186; x_wconf 90' lang='grc' dir='ltr'>τοῦτο</span> <span class='ocrx_word' id='word_1_973' title='bbox 2863 5134 3140 5203; x_wconf 79' lang='grc' dir='ltr'>ἐπήγαγε,</span> <span class='ocrx_word' id='word_1_974' title='bbox 3178 5134 3364 5201; x_wconf 72' lang='grc' dir='ltr'>Χωρίς</span> <span class='ocrx_word' id='word_1_975' title='bbox 3396 5134 3503 5187; x_wconf 86' lang='grc' dir='ltr'>τοῦ</span> 
     </span>
    </p>
   </div>
   <div class='ocr_carea' id='block_1_127' title="bbox 1919 5217 3507 5289">
    <p class='ocr_par' dir='ltr' id='par_1_127' title="bbox 1919 5217 3507 5289">
     <span class='ocr_line' id='line_1_128' title="bbox 1919 5217 3507 5289; baseline -0.004 -14"><span class='ocrx_word' id='word_1_976' title='bbox 1919 5220 2100 5289; x_wconf 68' lang='grc' dir='ltr'>λιμοῦ</span> <span class='ocrx_word' id='word_1_977' title='bbox 2122 5218 2229 5273; x_wconf 85' lang='grc' dir='ltr'>τοῦ</span> <span class='ocrx_word' id='word_1_978' title='bbox 2266 5218 2633 5287; x_wconf 82' lang='grc' dir='ltr'>πατριάρχου</span> <span class='ocrx_word' id='word_1_979' title='bbox 2654 5256 2669 5280; x_wconf 92' lang='grc'>,</span> <span class='ocrx_word' id='word_1_980' title='bbox 2697 5218 2818 5270; x_wconf 80' lang='grc' dir='ltr'>ἀντὶ</span> <span class='ocrx_word' id='word_1_981' title='bbox 2857 5217 3201 5287; x_wconf 85' lang='grc' dir='ltr'>τοῦ,Ἔτερος</span> <span class='ocrx_word' id='word_1_982' title='bbox 3261 5217 3507 5280; x_wconf 87' lang='grc' dir='ltr'>τοιοῦτος</span> 
     </span>
    </p>
   </div>
   <div class='ocr_carea' id='block_1_128' title="bbox 1918 5296 3509 5372">
    <p class='ocr_par' dir='ltr' id='par_1_128' title="bbox 1918 5296 3509 5372">
     <span class='ocr_line' id='line_1_129' title="bbox 1918 5296 3509 5372; baseline -0.002 -16"><span class='ocrx_word' id='word_1_983' title='bbox 1918 5303 2011 5356; x_wconf 89' lang='grc' dir='ltr'>νῦν</span> <span class='ocrx_word' id='word_1_984' title='bbox 2050 5301 2316 5356; x_wconf 82' lang='grc' dir='ltr'>κατέϐαλε</span> <span class='ocrx_word' id='word_1_985' title='bbox 2350 5300 2506 5372; x_wconf 86' lang='grc' dir='ltr'>λιμὸς</span> <span class='ocrx_word' id='word_1_986' title='bbox 2538 5301 2637 5372; x_wconf 83' lang='grc' dir='ltr'>τὴν</span> <span class='ocrx_word' id='word_1_987' title='bbox 2666 5302 2771 5371; x_wconf 83' lang='grc' dir='ltr'>γῆν</span> <span class='ocrx_word' id='word_1_988' title='bbox 2796 5302 2888 5354; x_wconf 79' lang='grc' dir='ltr'>ἐπὶ</span> <span class='ocrx_word' id='word_1_989' title='bbox 2911 5302 3003 5354; x_wconf 89' lang='grc' dir='ltr'>τοῦ</span> <span class='ocrx_word' id='word_1_990' title='bbox 3042 5300 3247 5363; x_wconf 72' lang='grc' dir='ltr'>Ἰσαὰκ,</span> <span class='ocrx_word' id='word_1_991' title='bbox 3276 5296 3386 5365; x_wconf 79' lang='grc' dir='ltr'>οἷος</span> <span class='ocrx_word' id='word_1_992' title='bbox 3411 5302 3509 5354; x_wconf 61' lang='grc' dir='ltr'>καὶ</span> 
     </span>
    </p>
   </div>
   <div class='ocr_carea' id='block_1_129' title="bbox 1918 5384 3504 5457">
    <p class='ocr_par' dir='ltr' id='par_1_129' title="bbox 1918 5384 3504 5457">
     <span class='ocr_line' id='line_1_130' title="bbox 1918 5384 3504 5457; baseline -0.002 -17"><span class='ocrx_word' id='word_1_993' title='bbox 1918 5388 2010 5440; x_wconf 70' lang='grc' dir='ltr'>ἐπὶ</span> <span class='ocrx_word' id='word_1_994' title='bbox 2037 5384 2131 5440; x_wconf 86' lang='grc' dir='ltr'>τοῦ</span> <span class='ocrx_word' id='word_1_995' title='bbox 2166 5385 2374 5455; x_wconf 77' lang='grc' dir='ltr'>πατρὸς</span> <span class='ocrx_word' id='word_1_996' title='bbox 2403 5384 2587 5439; x_wconf 84' lang='grc' dir='ltr'>αὑτοῦ.</span> <span class='ocrx_word' id='word_1_997' title='bbox 2630 5387 2741 5438; x_wconf 82' lang='grc' dir='ltr'>Καὶ</span> <span class='ocrx_word' id='word_1_998' title='bbox 2771 5386 2803 5457; x_wconf 82' lang='grc' dir='ltr'><strong>ἡ</strong></span> <span class='ocrx_word' id='word_1_999' title='bbox 2832 5387 2941 5439; x_wconf 85' lang='grc' dir='ltr'>τῶν</span> <span class='ocrx_word' id='word_1_1000' title='bbox 2969 5385 3281 5455; x_wconf 82' lang='grc' dir='ltr'>ἀναγκαίων</span> <span class='ocrx_word' id='word_1_1001' title='bbox 3310 5386 3504 5448; x_wconf 87' lang='grc' dir='ltr'>σπάνις</span> 
     </span>
    </p>
   </div>
   <div class='ocr_carea' id='block_1_130' title="bbox 1920 5467 3508 5539">
    <p class='ocr_par' dir='ltr' id='par_1_130' title="bbox 1920 5467 3508 5539">
     <span class='ocr_line' id='line_1_131' title="bbox 1920 5467 3508 5539; baseline -0.001 -16"><span class='ocrx_word' id='word_1_1002' title='bbox 1920 5470 2127 5533; x_wconf 87' lang='grc' dir='ltr'>πάντας</span> <span class='ocrx_word' id='word_1_1003' title='bbox 2156 5469 2214 5521; x_wconf 86' lang='grc' dir='ltr'>ἐν</span> <span class='ocrx_word' id='word_1_1004' title='bbox 2246 5467 2460 5539; x_wconf 84' lang='grc' dir='ltr'>θορύϐῳ</span> <span class='ocrx_word' id='word_1_1005' title='bbox 2496 5468 2735 5539; x_wconf 87' lang='grc' dir='ltr'>μεγίστῳ</span> <span class='ocrx_word' id='word_1_1006' title='bbox 2767 5470 2996 5525; x_wconf 85' lang='grc' dir='ltr'>καθίστα</span> <span class='ocrx_word' id='word_1_1007' title='bbox 3023 5510 3040 5534; x_wconf 91' lang='grc'>,</span> <span class='ocrx_word' id='word_1_1008' title='bbox 3071 5472 3165 5524; x_wconf 64' lang='grc' dir='ltr'>καί⁸</span> <span class='ocrx_word' id='word_1_1009' title='bbox 3195 5471 3259 5524; x_wconf 87' lang='grc' dir='ltr'>ἐκ</span> <span class='ocrx_word' id='word_1_1010' title='bbox 3290 5469 3399 5522; x_wconf 86' lang='grc' dir='ltr'>τῶν</span> <span class='ocrx_word' id='word_1_1011' title='bbox 3427 5470 3508 5521; x_wconf 82' lang='grc' dir='ltr'>οἰ·-</span> 
     </span>
    </p>
   </div>
   <div class='ocr_carea' id='block_1_131' title="bbox 1922 5552 3505 5629">
    <p class='ocr_par' dir='ltr' id='par_1_131' title="bbox 1922 5552 3505 5629">
     <span class='ocr_line' id='line_1_132' title="bbox 1922 5552 3505 5629; baseline -0.001 -23"><span class='ocrx_word' id='word_1_1012' title='bbox 1922 5554 2083 5606; x_wconf 90' lang='grc' dir='ltr'>κείων</span> <span class='ocrx_word' id='word_1_1013' title='bbox 2129 5552 2546 5623; x_wconf 87' lang='grc' dir='ltr'>μετανίστασθαι</span> <span class='ocrx_word' id='word_1_1014' title='bbox 2580 5555 2903 5624; x_wconf 83' lang='grc' dir='ltr'>κατήπειγε,</span> <span class='ocrx_word' id='word_1_1015' title='bbox 2955 5556 3048 5608; x_wconf 76' lang='grc' dir='ltr'>καὶ</span> <span class='ocrx_word' id='word_1_1016' title='bbox 3086 5556 3220 5629; x_wconf 83' lang='grc' dir='ltr'>πρὸς</span> <span class='ocrx_word' id='word_1_1017' title='bbox 3264 5555 3505 5617; x_wconf 80' lang='grc' dir='ltr'>ἐκείνους</span> 
     </span>
    </p>
   </div>
   <div class='ocr_carea' id='block_1_132' title="bbox 1919 5635 3517 5709">
    <p class='ocr_par' dir='ltr' id='par_1_132' title="bbox 1919 5635 3517 5709">
     <span class='ocr_line' id='line_1_133' title="bbox 1919 5635 3517 5709; baseline 0.001 -19"><span class='ocrx_word' id='word_1_1018' title='bbox 1919 5637 2043 5699; x_wconf 80' lang='grc' dir='ltr'>τοὺς</span> <span class='ocrx_word' id='word_1_1019' title='bbox 2064 5637 2257 5700; x_wconf 87' lang='grc' dir='ltr'>τόπους</span> <span class='ocrx_word' id='word_1_1020' title='bbox 2272 5638 2491 5707; x_wconf 87' lang='grc' dir='ltr'>χωρεῖν,</span> <span class='ocrx_word' id='word_1_1021' title='bbox 2508 5635 2634 5689; x_wconf 81' lang='grc' dir='ltr'>ἔνθα</span> <span class='ocrx_word' id='word_1_1022' title='bbox 2655 5638 2763 5691; x_wconf 87' lang='grc' dir='ltr'>τῶν</span> <span class='ocrx_word' id='word_1_1023' title='bbox 2786 5638 3103 5707; x_wconf 84' lang='grc' dir='ltr'>ἐπιτηδείων</span> <span class='ocrx_word' id='word_1_1024' title='bbox 3129 5639 3225 5709; x_wconf 77' lang='grc' dir='ltr'>τὴν</span> <span class='ocrx_word' id='word_1_1025' title='bbox 3247 5637 3517 5708; x_wconf 80' lang='grc' dir='ltr'>εὐπορίαν</span> 
     </span>
    </p>
   </div>
   <div class='ocr_carea' id='block_1_133' title="bbox 1919 5716 3539 5791">
    <p class='ocr_par' dir='ltr' id='par_1_133' title="bbox 1919 5716 3539 5791">
     <span class='ocr_line' id='line_1_134' title="bbox 1919 5716 3539 5791; baseline -0.001 -18"><span class='ocrx_word' id='word_1_1026' title='bbox 1919 5716 1986 5791; x_wconf 78' lang='grc' dir='ltr'>ἦν</span> <span class='ocrx_word' id='word_1_1027' title='bbox 2020 5721 2219 5791; x_wconf 83' lang='grc' dir='ltr'>εὑρεῖν.</span> <span class='ocrx_word' id='word_1_1028' title='bbox 2256 5719 2421 5775; x_wconf 71' lang='grc' dir='ltr'>’Ὅθεν</span> <span class='ocrx_word' id='word_1_1029' title='bbox 2459 5720 2553 5773; x_wconf 77' lang='grc' dir='ltr'>καὶ</span> <span class='ocrx_word' id='word_1_1030' title='bbox 2584 5722 2615 5773; x_wconf 96' lang='lat'>6</span> <span class='ocrx_word' id='word_1_1031' title='bbox 2640 5719 2845 5785; x_wconf 86' lang='grc' dir='ltr'>δίκαιος</span> <span class='ocrx_word' id='word_1_1032' title='bbox 2871 5717 3025 5786; x_wconf 76' lang='grc' dir='ltr'>οὗτος</span> <span class='ocrx_word' id='word_1_1033' title='bbox 3051 5722 3384 5791; x_wconf 85' lang='grc' dir='ltr'>θεασάμενος</span> <span class='ocrx_word' id='word_1_1034' title='bbox 3416 5722 3505 5772; x_wconf 72' lang='grc' dir='ltr'>τὸν</span> <span class='ocrx_word' id='word_1_1035' title='bbox 3538 5760 3539 5767; x_wconf 55' lang='grc' dir='ltr'><strong>η</strong></span> 
     </span>
    </p>
   </div>
   <div class='ocr_carea' id='block_1_134' title="bbox 1984 5815 2950 5881">
    <p class='ocr_par' dir='ltr' id='par_1_134' title="bbox 1984 5815 2950 5881">
     <span class='ocr_line' id='line_1_135' title="bbox 1984 5815 2950 5881; baseline 0 -15"><span class='ocrx_word' id='word_1_1036' title='bbox 1984 5816 2010 5859; x_wconf 63' lang='grc' dir='ltr'>δ</span> <span class='ocrx_word' id='word_1_1037' title='bbox 2035 5815 2090 5866; x_wconf 80' lang='lat' dir='ltr'>In</span> <span class='ocrx_word' id='word_1_1038' title='bbox 2116 5819 2270 5869; x_wconf 74' lang='lat' dir='ltr'>tribus</span> <span class='ocrx_word' id='word_1_1039' title='bbox 2290 5832 2402 5869; x_wconf 84' lang='lat' dir='ltr'>mss.</span> <span class='ocrx_word' id='word_1_1040' title='bbox 2435 5819 2950 5881; x_wconf 70' lang='grc' dir='ltr'>κεχρησμωόοτημένα.</span> 
     </span>
    </p>
   </div>
  </div>
