3782 6254
295 352 402 410 453

291 463 472 537 λιμδν,
489 455 832 529 Ἐπορεύθη,
856 454 1008 526 φησὶ,
1030 454 1178 523 πρὸς
1195 453 1492 523 Ἀϐτμέλεχ
1519 455 1606 537 εὶς
1621 449 1870 537 Γέραρα.

306 535 570 602 Ἐνταῦθα
602 542 710 613 γὰρ
741 540 837 594 καὶ
863 540 892 592 6
936 537 1185 613 Ἀϐραὰμ
1221 537 1358 608 μετά
1385 537 1482 607 τὴν
1516 536 1622 589 ἀπὸ
1645 535 1744 604 τῆς
1785 535 1873 589 Αξ..

294 629 502 701 γύπτου
526 623 780 680 ἐπάνοδον
813 621 973 676 πάλιν
1003 619 1261 690 ἀπῆλθεν.
1294 617 1454 701 Εἰκὸς
1481 619 1536 672 δὲ
1568 619 1661 672 καὶ
1687 617 1874 701 τοῦτον

293 698 380 766 διά
406 709 563 765 τοῦτο
587 709 700 759 ἐκεῖ
722 702 1134 774 ἀπεληλυθέναι,
1158 701 1233 764 ὡς
1259 699 1466 754 ἐκεῖθεν
1489 701 1727 771 ὁρμῆσαι
1761 698 1877 769 βου-

293 795 519 864 λόμενον
552 791 643 843 ἐπὶ
671 787 767 859 τὴν
786 787 1056 854 Αἴγυπτον
1075 801 1089 814 ο
1125 785 1219 837 καὶ
1236 784 1318 835 ὅτι
1344 781 1500 835 τοῦτό
1529 781 1878 864 ἐστιν,ῗάκου-

295 863 386 932 σοέι
415 878 512 946 τῆς
551 872 772 944 Γραφῆς
805 869 1110 940 λεγούσης·
1155 868 1342 936 Ὠφθη
1367 879 1392 908 α
1431 866 1540 937 γὰρ
1569 863 1748 930 αὐτῷ,
1775 880 1876 934 φη-

295 960 401 1022 σὶν,
429 961 462 1012 ό
494 957 658 1022 Θεὸς,
682 954 779 1008 καὶ
807 949 962 1007 clm-2'
1008 950 1106 1018 Μὴ
1146 948 1408 1017 καταόῇς
1432 951 1520 1014 είς
1549 947 1873 1017 Αιγυπτον.

293 1044 369 1095 Οὑ
397 1039 654 1112 βούλομαί
678 1054 760 1100 σε,
783 1036 934 1107 φησὶ,
959 1035 1059 1108 τὴν
1082 1034 1300 1105 μακράν
1322 1033 1536 1103 ἐκείνην
1562 1029 1874 1085 στείλασθαι

291 1124 429 1188 ὁδὸν,
464 1121 576 1175 ἀλλ’
607 1119 840 1174 ἐνταῦθα
860 1119 1074 1189 σμένειν.
1121 1113 1260 1168 Ἀλλ’
1287 1115 1407 1168 οὑδέ
1431 1113 1634 1184 ἀφίημί
1667 1129 1726 1164 σε
1753 1113 1874 1163 πεῖ-

294 1223 394 1275 ραν
431 1204 530 1276 τῆς
558 1200 917 1273 στενοχωρίας
946 1198 1151 1262 λαϐεῖν,
1179 1197 1313 1251 ἀλλά
1341 1197 1441 1268 τὴν
1461 1197 1752 1264 ὑπόσχεσιν
1775 1193 1875 1263 τὴν

291 1291 428 1362 πρὸς
465 1289 556 1343 τὸν
596 1287 804 1358 πατέρα
834 1301 926 1337 σου
982 1284 1061 1346 είς
1092 1282 1251 1354 ἔργον
1289 1281 1423 1350 ἄξω,
1452 1281 1545 1333 καὶ
1583 1280 1652 1332 τά
1681 1278 1875 1348 ἐκείνῳ

291 1372 672 1445 ἐπηγγελμένα
693 1373 772 1434 είς
801 1370 860 1423 σὲ
893 1367 1205 1439 ἐκϐήσεται,
1231 1367 1325 1420 καὶ
1349 1367 1412 1418 σὺ
1444 1365 1550 1419 τῶν
1572 1363 1707 1435 πρὸς
1734 1364 1877 1416 ἐκεῖ·

292 1477 380 1512 νον
430 1455 775 1527 ὑποσχέσεων
825 1452 885 1505 τὸ
930 1452 1103 1522 πέρας
1143 1449 1288 1522 δέξῃ.
1348 1447 1447 1516 Μὴ
1487 1446 1752 1527 καταϐᾔς
1788 1448 1875 1510 εις

291 1526 617 1611 Αιγυπτον,
658 1537 1024 1602 κατοίκησον
1059 1534 1128 1586 δὲ
1164 1533 1233 1585 ἐν
1282 1531 1355 1601 τῇ
1392 1531 1504 1601 τῇ,
1553 1526 1592 1605 ᾖ
1629 1531 1737 1585 ἐάν
1774 1547 1874 1585 σοι

291 1627 459 1691 ετπω,
493 1624 591 1678 καὶ
622 1621 890 1689 παροίκει
927 1619 997 1672 ἐν
1029 1616 1104 1685 τῇ
1133 1615 1208 1686 γῇ
1244 1618 1451 1683 ταύτῃ.

366 1710 430 1780 βο.
453 1709 567 1760 Ἵνα
599 1707 673 1776 μὴ
691 1703 886 1775 νομίσῃ
902 1703 928 1754 6
947 1701 1150 1763 δίκαιος
1166 1701 1246 1753 ὅτι
1264 1698 1583 1770 βουλόμενος
1601 1698 1761 1752 αὑτὸν
1775 1700 1874 1768 τῆς

293 1788 654 1861 στενοχωρίας
683 1787 782 1855 τῆς
813 1784 922 1839 ἀπὸ
947 1784 1039 1838 τοῦ
1063 1782 1224 1854 λιμοῦ
1253 1785 1447 1853 πεῖραν
1475 1781 1680 1846 λαϐεῖν,
1719 1781 1874 1833 τοῦτο

292 1875 593 1936 ἐπιτάττει,
626 1871 720 1924 καὶ
747 1869 807 1922 οὑ
854 1869 1126 1938 συγχωρεῖ
1165 1867 1244 1930 είς
1269 1866 1368 1936 τὴν
1401 1865 1674 1934 Αἴγυπτον
1705 1864 1871 1917 ἀπελ-

292 1958 425 2022 θεῖν,
451 1954 617 2026 φησί’
651 1954 744 2023 Μὴ
778 1950 1009 2021 ἀγωνία,
1035 1949 1167 2021 μηδὲ
1200 1946 1470 2018 φρόντιζε,
1501 1946 1614 1999 ἀλλ’
1643 1945 1875 2002 ἐνταῦθα

295 2044 420 2114 μένε
446 2061 459 2072 ο
527 2039 674 2108 Ἐγὼ
713 2036 826 2106 γὰρ
874 2035 1086 2102 ἔσομαι
1107 2031 1260 2102 μετὰ
1302 2031 1440 2114 σοῦ.
1497 2030 1601 2114 Τῄὸν
1639 2030 1871 2114 χορηγὸν

291 2112 544 2180 ἀπάντων
587 2120 694 2174 τῶν
739 2117 956 2187 ἀγαθῶν
1003 2116 1163 2186 ἔχων,
1215 2115 1290 2186 μὴ
1337 2112 1587 2188 φρόντιζε
1625 2113 1872 2183 μηδενός.

303 2201 444 2276 Ἐγὼ
476 2205 584 2278 γὰρ
613 2206 641 2258 6
673 2202 888 2255 πάντων
911 2194 1184 2268 Δεσπότης
1214 2197 1407 2268 ἔσομαι
1443 2197 1581 2267 μετά
1611 2196 1736 2249 σοῦ·
1779 2195 1872 2248 καὶ

293 2293 353 2345 οὑ
394 2289 551 2343 τοῦτο
586 2287 765 2359 μόνον,
804 2284 938 2338 ἀλλά
971 2283 1077 2337 Καὶ
1125 2280 1441 2350 εὐλογήσω
1473 2297 1567 2345 σε,
1608 2281 1727 2334 ἀντὶ
1755 2280 1869 2346 τοῦ,

287 2371 558 2440 Ἐπίδοξόν
589 2387 646 2423 σε
659 2369 890 2439 ποιήσω,
918 2368 1012 2420 καὶ
1041 2366 1137 2436 τὴν
1181 2366 1311 2439 παρ’
1340 2364 1474 2435 ἐμοῦ
1517 2381 1598 2418 σοι
1629 2365 1874 2432 εὐλογίαν

294 2456 536 2527 παρέξω.
572 2455 637 2508 Τί
670 2455 736 2508 ἂν
765 2451 852 2522 εἴη
880 2452 1070 2504 τούτου
1101 2447 1514 2520 μακαριώτερον
1547 2447 1638 2503 τοῦ
1669 2449 1876 2503 δικαίου

292 2542 387 2595 τοῦ
419 2540 685 2610 τοσαύτην
723 2536 1055 2608 ἐπαγγελίαν
1085 2534 1236 2604 παρά
1258 2534 1350 2589 τοῦ
1383 2533 1516 2588 Θεοῦ
1557 2533 1875 2602 δεξαμένου,

291 2627 374 2679 ὃτι
417 2627 672 2694 Ἕσομαι
708 2623 858 2692 μετὰ
891 2621 1032 2683 σοῦ,
1068 2619 1165 2672 καὶ
1204 2617 1522 2687 εὐλογήσω
1563 2632 1670 2680 σε;
1710 2616 1878 2670 Τοῦτό

295 2726 355 2762 σε
385 2708 602 2761 πάντων
625 2702 1010 2776 ,εὐπορώτερον
1038 2700 1332 2765 ἀποδείξει,
1356 2700 1514 2753 τοῦτό
1538 2717 1595 2752 σε
1624 2701 1682 2752 ἐν
1711 2700 1876 2771 πολλῇ

221 2808 233 2815 “
293 2791 582 2864 περιουσίᾳ
614 2785 752 2843 εἶναι
793 2787 1223 2858 παρασκευάσει,
1264 2783 1422 2837 τοῦτό
1471 2800 1552 2836 σοι
1584 2786 1616 2854 ἡ
1649 2785 1877 2855 μεγίστη

291 2875 439 2940 δόξα,
471 2873 627 2926 τοῦτο
657 2873 692 2942 ἡ
731 2870 935 2940 ἀφατος
966 2869 1315 2940 περιφάνεια,
1340 2867 1497 2920 τοῦτο
1528 2869 1560 2938 ή
1587 2868 1876 2937 ἀσφάλεια,

291 2959 449 3013 τοῦτο
480 2957 589 3010 τῶν
621 2955 841 3024 ἀγαθῶν
885 2954 945 3008 τὸ
990 2954 1306 3022 κεφάλαιον,
1346 2951 1406 3006 τὸ
1447 2952 1546 3022 ἐμὲ
1578 2948 1714 3005 εἶναι
1744 2952 1881 3020 μετὰ

295 3041 412 3105 σοῦ,
435 3041 530 3095 καὶ⁵
550 3039 839 3109 εὐλογῆσαί
870 3055 950 3091 σε.
990 3038 1114 3100 Πῶς
1135 3036 1191 3089 δέ
1222 3053 1280 3089 σε
1306 3035 1614 3107 εὑλογήσω;
1644 3035 1745 3088 Σοὶ
1781 3035 1880 3089 καὶ

293 3125 373 3190 τῷ
400 3123 693 3192 σπέρματί
724 3138 840 3174 σου
864 3119 1035 3172 δώσω
1071 3119 1184 3184 τὴν
1212 3118 1330 3188 γῆν
1358 3119 1606 3184 ταύτην.
1624 3118 1713 3180 Ὡς
1736 3116 1882 3181 ξένος

295 3208 390 3261 καὶ
427 3207 631 3276 ἀλήτης
674 3205 916 3274 νομίζεις
953 3201 1340 3274 ἐπιχωριάζειν
1376 3203 1488 3264 τοῖς
1536 3200 1726 3271 μέρεσι
1761 3201 1886 3253 τού-

293 3307 409 3352 τοις
432 3305 444 3318 ·
484 3285 590 3345 ἴσθι
622 3289 705 3341 ὃτι
729 3287 810 3352 σοὶ
829 3285 921 3341 καὶ
940 3285 1018 3354 τῷ
1043 3281 1318 3355 σπέρματί
1342 3300 1433 3338 σου
1457 3284 1604 3336 πᾶσα
1640 3282 1780 3353 αῦτη
1801 3283 1886 3336 δο-

296 3374 517 3443 θήσεται
549 3373 582 3444 η
615 3370 704 3440 γῆ.
727 3369 834 3421 Καὶ
861 3367 947 3420 ῖνα
972 3366 1191 3437 θαρρεῖν
1217 3365 1365 3438 ἔχῃς,
1395 3365 1652 3436 μάνθανε,
1669 3366 1750 3419 ὅτι
1776 3364 1887 3418 Τὸν

296 3455 499 3523 ὅρκον,
517 3453 589 3506 ὃν
613 3451 819 3520 ὤμοσα
850 3450 1096 3520 Ἀϐραὰμ
1125 3448 1205 3514 τῷ
1226 3447 1403 3520 πατρί
1419 3463 1557 3510 σου,
1581 3448 1767 3502 τοῦτον
1795 3448 1887 3500 ἐπὶ

297 3539 381 3590 σοὶ
398 3539 598 3608 στήσω.
619 3537 761 3608 Ὅρα
781 3533 1186 3603 συγκατάϐασιν
1201 3531 1356 3585 Θεοῦ.
1380 3533 1494 3586 Οὑκ
1510 3527 1660 3585 εἶπεν
1677 3531 1883 3595 ἁπλῶς,

294 3621 408 3683 Τάς
425 3619 715 3690 συνθήκας,
731 3616 796 3680 ἀς
815 3616 1158 3686 ἐποιησάμην
1175 3614 1309 3688 πρὸς
1326 3615 1416 3668 τὸν
1441 3616 1650 3687 πατέρα
1666 3615 1755 3668 τὸν
1773 3612 1884 3676 σὺν,

295 3702 524 3767 οὑτετάς
541 3700 890 3776 ἐπαγγελίας,
902 3699 965 3759 ἀς
984 3697 1318 3773 ὑπεσχόμην⁸
1341 3697 1477 3751 ἀλλά
1493 3698 1543 3750 τί
1551 3715 1564 3762 ;
1587 3697 1697 3752 Τὸν
1707 3695 1889 3764 ὅρκον

296 3788 370 3842 ὃν
387 3787 613 3857 ὤμοσα.
633 3777 821 3856 ’Όρκῳ
837 3782 995 3837 αὑτὸν
1013 3782 1422 3852 ἐπιστωσάμην,
1442 3781 1596 3852 φησὶ,
1629 3779 1722 3833 καὶ
1740 3779 1888 3851 ὀφεί-

295 3871 372 3924 λω
398 3871 476 3933 εἰς
492 3868 650 3940 ἔργον
672 3869 898 3935 ἀγαγεῖν
919 3867 1012 3920 καὶ
1035 3865 1320 3936 πληρῶσαι
1337 3864 1426 3916 τὸν
1453 3861 1613 3933 ὅρκον
1629 3862 1717 3915 τὸν
1732 3862 1883 3932 ἐμόν.

377 3948 540 4024 Ὁρᾷς
579 3950 714 4005 Θεοῦ
759 3945 1200 4020 φιλανθρωπίαν;
1270 3948 1344 4001 Οὑ
1379 3947 1514 4022 πρὸς
1546 3949 1646 4020 τὴν
1683 3945 1887 3999 οἰκείαν

297 4033 456 4104 ἀξίαν
507 4034 648 4106 ὁρῶν
701 4033 1033 4100 φθέγγεται·
1076 4031 1210 4084 ἀλλά
1275 4027 1437 4108 πρὸς
1467 4031 1561 4102 τὴν
1610 4032 1888 4085 ἀσθένειαν

300 4113 742 4189 συγκαταϐαίνων
768 4117 865 4189 τὴν
906 4115 1196 4186 ἡμετέραν.
1238 4112 1386 4185 [502]
1431 4114 1648 4185 Ἐπειδὴ
1694 4115 1800 4184 γὰρ
1837 4116 1886 4166 οἱ

299 4207 572 4276 ἄνθρωποι
601 4202 674 4264 ὡς
697 4200 790 4255 ἐπὶ
811 4200 872 4252 τδ
907 4191 1155 4256 πλεῖστον
1210 4198 1393 4250 ἐκεῖνα
1417 4198 1497 4260 είς
1540 4197 1699 4270 ἔργον
1733 4199 1885 4266 ἄγειν

303 4271 714 4350 σπουδάζουσιν,
748 4283 844 4353 οὑχ
878 4281 1020 4353 άπερ
1051 4280 1116 4336 ἂν
1141 4277 1326 4348 ἀτελῶς
1355 4279 1694 4351 ὑπόσχωνται
1721 4297 1881 4346 τισιν,

302 4367 416 4425 ἀλλ’
451 4371 550 4440 ὅσα
583 4369 649 4422 ἂν
684 4366 802 4438 μεθ’
827 4367 990 4438 ὅρκου
1023 4363 1492 4434 ἐπαγγέλλωνται·
1513 4364 1602 4420 τὸν
1633 4365 1792 4419 αὑτὸν
1821 4365 1886 4437 δὴ
1933 4376 1941 4385 ·

300 4456 500 4526 τρόπον
525 4451 616 4504 καὶ
646 4453 674 4504 6
701 4449 806 4502 τῶν
827 4449 962 4518 ὅλων
991 4448 1122 4513 Θεὸς
1151 4447 1511 4520 πληροφορῶν
1540 4449 1630 4501 τὸν
1656 4447 1882 4513 δίκαιον,

304 4539 386 4590 ὅτι
434 4536 649 4598 πάντως
685 4533 837 4586 ἔσται
883 4532 950 4586 τά
1005 4533 1134 4604 παρ’
1171 4530 1336 4585 αὑτοῦ
1365 4530 1650 4601 λεγόμενα,
1687 4531 1880 4602 φησίν’

305 4619 443 4673 Ἴσθι
484 4620 566 4672 ὅτι
587 4618 656 4670 τά
681 4615 810 4689 παρ’
848 4615 980 4686 ἐμοῦ
1023 4615 1322 4688 όμνυθέντα
1357 4616 1436 4678 είς
1469 4615 1626 4686 ἔργον
1655 4615 1885 4686 ἀχθῆναι

301 4707 401 4760 δεῖ.
438 4703 503 4756 Τί
525 4699 639 4765 οῦν,
659 4701 852 4780 φησίν;
879 4701 907 4753 6
926 4701 1058 4765 Θεὸς
1074 4699 1253 4771 ὤμοσε
1278 4717 1292 4765 ;
1319 4702 1412 4753 καὶ
1434 4699 1574 4780 κατά
1600 4698 1738 4761 τίνος
1759 4699 1884 4770 ὀμό-

303 4806 392 4843 σαι
424 4779 684 4856 ῆδύνατος
742 4785 904 4858 Ὁρᾷς
938 4783 1018 4835 ὃτι
1050 4783 1507 4851 συγκαταϐἀσεως
1538 4779 1604 4852 ῆν
1639 4781 1700 4834 τὸ
1731 4785 1884 4852 εἰρη-

303 4871 464 4944 μένον
491 4887 503 4899 ·
527 4868 626 4940 τὴν
650 4869 757 4940 γάρ
783 4867 1071 4940 βεϐαίωσιν
1095 4867 1192 4936 τῆς
1211 4866 1552 4934 ὑποσχέσεως
1577 4867 1737 4936 ὅρκον
1759 4865 1886 4918 ἐκά-

300 4954 444 5008 λεσε.
482 4954 587 5008 Καὶ
620 4951 848 5020 στήσω,
879 4953 1030 5022 φησὶ,
1072 4949 1177 5003 τὸν
1209 4949 1388 5015 ὅρκον
1409 4966 1530 5026 μου
1549 4989 1563 5014 ,
1585 4948 1656 5001 ὃν
1681 4946 1886 5015 ὤμοσα

301 5044 546 5110 Ἀϐραὰμ
572 5040 650 5105 τῷ
673 5040 849 5108 πατρί
870 5057 1010 5093 σου.
1029 5033 1162 5091 Εἶτα
1192 5036 1429 5107 διδάσκει
1448 5036 1610 5094 αὑτὸν
1644 5035 1738 5088 καὶ
1765 5033 1886 5088 τίνα

301 5127 447 5181 ἐστὶν
466 5125 501 5178 ἂ
523 5125 808 5194 ὑπέσχετο,
833 5121 1068 5194 καὶπερὶ
1093 5123 1250 5175 τίνων
1279 5119 1427 5190 αὑτῷ
1448 5117 1884 5172 διεϐεϐαιώσατο.

301 5208 408 5264 Καὶ
449 5199 735 5275 πληθυνῶ
776 5208 842 5260 τὸ
881 5207 1119 5276 σπέρμα
1165 5220 1305 5269 σου,
1345 5205 1426 5271 ὡς
1459 5204 1600 5268 τοὺς
1627 5202 1886 5270 ἀστέρας

303 5296 409 5349 τοῦ
437 5295 720 5362 οὐρανοῦ.
759 5293 930 5347 Τοῦτο
965 5295 1072 5364 γάρ
1103 5294 1196 5347 καὶ
1223 5291 1301 5361 τῷ
1331 5291 1643 5362 πατριάρχῃ
1675 5290 1880 5357 ἔλεγεν,

303 5377 654 5434 ὃτιΤοσοῦτον
671 5377 824 5435 ἔσται
844 5379 904 5430 τὸ
929 5377 1149 5447 σπέρμα
1179 5392 1294 5441 σου,
1313 5375 1387 5439 ὼς
1416 5375 1638 5437 καὶτοῖς
1667 5375 1886 5446 ἄστροις

367 5606 392 5633 ⁸
416 5604 516 5668 Sex_
543 5618 656 5653 mss.
683 5605 890 5652 ἄκουσον
915 5609 997 5662 τήν
1039 5607 1215 5668 ἄφατον
1245 5603 1337 5668 τοῦ
1373 5602 1499 5668 Θεοῦ
1524 5606 1881 5668 φιλανθρωπίαν

303 5669 454 5728 ὤφθη.
495 5666 646 5730 Savll.
692 5669 898 5713 ἀκουσον
923 5669 1007 5722 τήν
1047 5664 1224 5730 ἄφατον
1259 5665 1344 5713 τοῦ
1369 5664 1494 5713 Θεοῦ
1522 5664 1880 5730 εὐσπλαγχνὶαν.

306 5730 476 5784 Mcrel.
501 5729 705 5778 ἄκουσον
729 5734 810 5786 τῆς
833 5731 1012 5790 FW“:
1045 5729 1288 5789 λεγούσης,
1313 5731 1461 5791 ὤφθη.

1032 341 1092 400 .S.
1124 337 1404 396 JOANNIS
1433 336 1918 396 CIIRYSOSTOMI
1950 335 2267 393 ARCIIIEP.
2309 330 2854 392 CDNSTANTINOP.

3454 339 3559 394 454

1981 451 2154 521 καὶτῇ
2200 451 2370 522 ἄμμῳ
2420 450 2819 522 παρισωθῆναι.
2871 451 2975 505 Καὶ
3011 451 3202 517 δώσω,
3249 452 3436 521 φησὶν,
3483 453 3562 520 τῷ

1978 533 2274 603 σπέρματί
2299 551 2417 589 σου
2450 532 2657 589 πᾶσαν
2680 533 2795 602 τὴν
2821 534 2938 606 γῆν
2968 536 3214 602 ταύτην,
3267 537 3368 588 καί
3397 535 3564 592 ἐνευη

1976 617 2504 686 λογηθήσονταιὲν
2522 615 2602 682 τῷ
2633 619 2927 685 σπέρματί
2955 635 3071 676 σου
3101 618 3297 672 πάντα
3325 619 3398 671 τὰ
3416 620 3562 685 ἔθνη

1977 698 2087 766 τῆς
2112 697 2241 768 γῆς.
2277 699 2376 752 Διά
2395 697 2551 753 τοῦτο
2575 699 2632 753 δὲ
2657 700 2754 763 τὰς
2778 701 3098 774 ὑποσχέσεις
3129 701 3227 764 τὰς
3253 701 3334 764 είς
3359 703 3564 754 ἐκεῖνον

1978 781 2349 852 γεγενημένας
2389 783 2467 844 είς
2505 782 2562 835 σὲ
2585 783 2878 853 πληρώσω,
2926 785 3069 838 Ἀνθ*
3100 777 3187 837 ὧν
3207 783 3565 850 ὑπήκουσεν

1977 864 2234 933 Ἀϐραὰμ
2265 867 2298 918 ὁ
2335 863 2529 932 πατήρ
2554 881 2672 920 σου
2705 864 2816 934 τῆς
2845 865 2998 936 ἐμῆς
3035 865 3257 936 φωνῆς,
3289 867 3390 919 καὶ
3419 868 3564 934 ἑξού-

1975 947 2126 1010 λαξε
2169 948 2240 1002 τὰ
2288 945 2717 1017 προστάγματα
2755 965 2898 1018 μου,
2943 949 3042 1003 καὶ
3084 949 3158 1002 τὰ
3198 948 3565 1018 δικαιώματὰ

1971 1046 2121 1098 μου,
2164 1029 2264 1082 καί
2313 1035 2386 1084 τὰ
2417 1031 2637 1099 νόμιμά
2657 1049 2799 1101 μου.
2847 1033 2988 1102 Ὅρα
3011 1031 3145 1086 Θεοῦ
3176 1033 3388 1101 σοφίαν.
3416 1035 3564 1097 ὅπως

1975 1112 2231 1183 διεγείρει
2257 1112 2348 1166 τοῦ
2385 1112 2592 1166 δικαίου
2614 1114 2712 1184 τὴν
2737 1114 2997 1177 διάνοιαν,
3026 1117 3120 1170 καὶ
3154 1115 3562 1186 προθυμότερον

1977 1193 2291 1264 ἐργάζεται,
2314 1197 2407 1249 καὶ
2440 1197 2848 1267 παρασκευάζει
2877 1199 3120 1271 μιμητὴν
3140 1198 3330 1253 τοῦτον
3363 1200 3459 1252 τοῦ
3485 1203 3563 1252 οί-

1976 1279 2125 1331 κείου
2156 1279 2358 1351 πατρὸς
2410 1280 2767 1351 καταστῆναι.
2825 1282 2888 1335 Εἰ
2921 1281 3030 1353 γὰρ
3079 1285 3304 1346 ἐκεῖνος,
3349 1283 3557 1351 ἐπειδὴ.

1976 1362 2160 1430 φησὶν,
2195 1363 2471 1433 ὑπήκουσε
2501 1364 2600 1434 τῆς
2621 1364 2760 1435 ἐμῆς
2786 1365 2988 1434 φωνῆς,
3007 1364 3208 1436 ταύτης
3229 1365 3436 1435 ἠξιώθη
3467 1366 3561 1435 τῆς

1975 1444 2343 1515 ὑποσχέσεως,
2383 1447 2478 1498 καὶ
2511 1445 2598 1498 διὰ
2643 1445 2740 1516 τὴν
2771 1447 2980 1500 ἐκείνου
3028 1448 3224 1518 ἀρετὴν
3270 1451 3350 1509 εἰς
3387 1449 3447 1500 σε
3474 1448 3561 1507 τὸν

1975 1528 2034 1595 ἐξ
2064 1527 2228 1581 αὑτοῦ
2257 1527 2520 1598 τεχθέντα
2561 1527 2733 1582 ταῦτα
2763 1528 3004 1600 πληροῦν
3032 1529 3242 1601 μέλλω·
3283 1532 3332 1584 εί
3380 1532 3472 1584 καὶ
3496 1533 3559 1584 σὺ

1974 1611 2135 1674 αὑτὸς
2173 1611 2383 1665 ἐκείνου
2420 1610 2665 1682 ζηλωτὴς
2710 1613 3061 1683 κατασταίης,
3091 1613 3185 1667 καὶ
3217 1614 3317 1685 τῆν
3349 1613 3559 1666 ἐκείνου

1975 1695 2090 1748 ὁδὸν
2115 1694 2308 1760 ἔλθοις,
2344 1695 2615 1767 ἐννόησον,
2639 1697 2770 1766 ὅσης
2791 1696 3115 1760 ἀπολαύσεις
3146 1695 3246 1768 τῆς
3275 1699 3407 1768 παρ’
3424 1698 3559 1768 ἐμοῦ

1975 1776 2208 1840 εὑνοίας,
2251 1779 2343 1832 καὶ
2383 1778 2554 1849 πόσης
2601 1780 2852 1848 προνοίας
2893 1779 3188 1850 ἀξιωθήση.
3235 1781 3291 1834 '0
3333 1781 3444 1851 γάρ
3475 1781 3562 1833 διὰ

1974 1861 2072 1932 τὴν
2100 1863 2286 1934 ἐτέρου
2334 1864 2536 1934 ἀρετὴν
2585 1863 2792 1934 μέλλων
2831 1860 2890 1918 εὖ
2919 1865 3166 1934 πάσχειν,
3197 1866 3244 1917 εί
3267 1866 3364 1917 καὶ
3396 1867 3561 1930 αὑτὸς

1977 1947 2232 2018 ἐνάρετος
2261 1947 2491 2013 γένοιτο,
2532 1947 2710 2018 πολλῷ
2740 1947 2984 2009 πλείονος
3006 1947 3371 2018 ἀξιωθήσεται
3400 1949 3562 2019 κηδε-

1979 2028 2187 2099 μονίας.
2224 2029 2289 2084 Τί
2317 2029 2372 2082 δέ
2407 2031 2576 2092 ἐστιν,
2630 2032 2773 2085 ‘Ar0‘
2804 2025 2892 2085 ὧν
2919 2031 3235 2098 ὑπήκουσε
3271 2031 3382 2100 τῆς
3408 2032 3561 2100 ἐμῆς

1975 2110 2214 2179 φωνῆς,
2261 2111 2360 2164 καὶ
2407 2112 2674 2180 ἐφύλαξε
2715 2114 2787 2168 τὰ
2819 2113 3242 2184 προστάγματα
3267 2133 3410 2184 μου,
3461 2118 3560 2168 καί

1976 2195 2081 2260 τὰς
2104 2194 2357 2260 ἐντολάς
2377 2213 2498 2264 μου
2521 2235 2536 2260 ,
2568 2197 2668 2250 καὶ
2709 2197 2780 2250 τὰ
2813 2197 3171 2268 δικαιώματά
3184 2215 3341 2267 μου;
3395 2195 3561 2252 Εἶπον

1975 2276 2125 2346 αὑτῷ
2151 2294 2164 2306 ·
2212 2278 2456 2342 Ἔξελθε
2483 2279 2551 2332 ἐκ
2591 2279 2701 2348 τῆς
2735 2279 2846 2348 τῆς
2891 2295 3009 2336 σου
3036 2283 3134 2335 καί
3159 2283 3227 2335 ἐκ
3265 2281 3377 2348 τῆς
3414 2297 3562 2348 συγ-

1975 2362 2207 2430 γενείας
2245 2379 2382 2428 σου,
2443 2363 2540 2416 καί
2576 2362 2751 2432 δεῦρο
2789 2367 2874 2430 είς
2915 2365 3030 2432 τὴν
3070 2365 3189 2434 γῆν
3221 2365 3302 2432 ἣν
3343 2365 3423 2418 ἄν
3462 2382 3562 2418 σοι

1980 2443 2159 2507 δείξω
2191 2460 2204 2474 ·
2237 2445 2334 2497 καὶ
2375 2445 2663 2498 κατέλειπε
2701 2445 2770 2498 τά
2817 2449 2874 2499 ἐν
2911 2449 3088 2519 χερσὶ,
3137 2449 3232 2501 καὶ
3275 2449 3344 2501 τὰ
3392 2447 3561 2517 ἄὸηλα

1978 2526 2192 2580 ἐδίωκε.
2235 2527 2345 2581 Καὶ⁸
2385 2529 2487 2582 οὑκ
2535 2529 2855 2595 ἐνεδοίασεν,
2891 2532 3012 2584 οὑδὲ
3049 2532 3352 2602 ἠμέλλησεν
3377 2570 3392 2595 ,
3426 2531 3564 2584 ἀλλὰ

1980 2610 2120 2679 μετά
2139 2611 2318 2681 πάσης
2337 2612 2644 2682 προθυμίας
2661 2613 2722 2666 τὸ
2738 2615 3016 2684 ἐπίταγμα
3040 2616 3143 2686 πλη
3154 2616 3260 2686 ρῶν
3281 2616 3560 2684 ὑπήκουσε

1977 2695 2075 2765 τῆς
2098 2694 2239 2765 ἐμῆς
2267 2696 2467 2766 φωνῆς.
2506 2697 2673 2751 Πάλιν
2699 2699 2766 2751 τά
2795 2700 2933 2768 ὑπὲρ
2959 2700 3058 2770 τὴν
3087 2699 3248 2768 φύσιν
3283 2700 3436 2769 αὑτῷ
3464 2701 3556 2752 ἐπ-

1978 2778 2343 2850 ηγγειλάμην,
2373 2781 2467 2833 καὶ
2515 2783 2650 2852 μετά
2683 2782 2743 2835 τὸ
2771 2783 2868 2853 τὴν
2897 2783 3111 2854 ἠλικίαν
3155 2783 3559 2854 ἀπαγορεῦσαι,

1979 2862 2074 2915 καὶ
2121 2862 2316 2932 μηκέτι
2358 2865 2495 2934 μήτε
2542 2865 2722 2932 αὑτὸν,
2770 2869 2904 2938 μήτε
2944 2869 3043 2939 τὴν
3079 2868 3292 2938 μητέρα
3320 2869 3424 2936 τὴν
3465 2869 3564 2936 σὴν

1980 2946 2115 3012 πρὸς
2153 2947 2498 3014 τεκνογονίαν
2544 2948 2686 3022 ἔχειν
2715 2950 2836 3003 τινά
2870 2952 3300 3022 ἐπιτηδειότητα,
3347 2952 3561 3004 ἁκούων

1981 3029 2112 3099 παρ’
2138 3029 2272 3098 ἐμοῦ
2295 3030 2376 3083 ὅτι
2411 3034 2472 3084 τὸ
2500 3033 2560 3096 ἐξ
2585 3031 2748 3085 αὑτοῦ
2772 3033 2992 3104 σπέρμα
3015 3036 3093 3096 είς
3119 3035 3374 3088 τοσοῦτον
3405 3036 3563 3088 ἐκτα-

1983 3114 2230 3185 θήσεται,
2259 3113 2336 3177 ὡς
2378 3117 2556 3168 πᾶσαν
2584 3115 2688 3188 πλη
2699 3117 2867 3187 ρῶσαι
2908 3118 3005 3188 τὴν
3035 3121 3156 3189 γῆν,
3180 3119 3299 3171 οὑδὲ
3331 3119 3455 3172 τότε
3484 3119 3560 3170 δι-

1981 3199 2255 3270 εταράχθη
2295 3200 2386 3253 τὸν
2413 3201 2689 3272 λογισμὸν,
2717 3202 2830 3255 ἀλλ’
2864 3203 3147 3257 ἐπίστευσε
3167 3220 3182 3236 ο
3213 3204 3279 3257 δι’
3314 3205 3343 3257 ὃ
3370 3205 3464 3257 καὶ
3486 3204 3561 3256 δι·

1982 3280 2240 3352 καιοσύνη
2274 3281 2421 3353 αὑτῷ
2463 3283 2737 3354 ἐλογίσθη,
2777 3287 2858 3338 ὃτι
2890 3289 2956 3357 τῇ
2984 3287 3209 3356 δυνάμει
3232 3291 3298 3358 τῇ
3334 3290 3444 3358 ἐμῇ
3477 3305 3562 3340 πι-

1985 3365 2235 3428 στεύσας,
2264 3365 2358 3417 καὶ
2400 3368 2520 3430 ταῖς
2559 3367 2884 3437 ὑποσχέσεσι
2917 3369 3196 3442 θαρρήσας
3228 3374 3350 3433 ταῖς
3381 3372 3562 3440 ἐμαῖς,

1983 3447 2256 3518 ἀνώτερος
2289 3447 2478 3516 γέγονε
2499 3449 2598 3517 τῆς
2623 3451 2904 3514 ἀσθενείας
2931 3453 3026 3522 τῆς
3054 3452 3420 3524 ἀνθρωπίνης.
3455 3455 3565 3508 Καὶ

1988 3531 2124 3600 μετά
2151 3529 2211 3583 τὸ
2233 3531 2292 3582 σὲ
2313 3529 2590 3602 τεχθῆναι,
2612 3533 2709 3603 τῆς
2727 3534 2928 3604 μητρὸς
2948 3535 3045 3602 τῆς
3071 3536 3166 3605 σῆς
3187 3535 3567 3606 δυσχεραινούο

1986 3629 2087 3681 σης
2113 3612 2246 3684 πρὸς
2269 3613 2363 3665 τὸν
2387 3614 2610 3686 Ἰσμαὴλ
2635 3616 2722 3668 τὸν
2753 3618 2815 3670 ἐκ
2841 3617 2939 3686 τῆς
2967 3617 3254 3688 παιδίσκης
3281 3619 3562 3688 τεχθέντα,

1986 3697 2079 3750 καὶ
2113 3695 2441 3767 βουλομένης
2465 3699 2625 3751 αὑτὸν
2651 3700 2919 3754 ἀπελάσαι
2946 3703 3045 3771 τῆς
3087 3703 3262 3766 οίκίας
3303 3705 3442 3772 μετά
3469 3705 3566 3768 τῆς

1987 3779 2186 3850 Ἅγαρ,
2213 3779 2353 3832 ὥστε
2379 3780 2544 3851 μηδὲν
2576 3782 2750 3836 κοινὸν
2792 3783 2934 3854 ἔχειν
2970 3784 3106 3854 πρὸς
3132 3785 3214 3848 σὲ,
3236 3785 3332 3838 τοῦ
3369 3802 3565 3856 πατρι-

1986 3863 2154 3935 άρχου
2180 3863 2267 3916 διά
2286 3863 2385 3934 τὴν
2416 3866 2688 3936 πατρικὴν
2713 3866 3090 3939 φιλοστοργίαν
3109 3868 3207 3938 ῆδη
3229 3868 3418 3938 σχέσιν
3443 3868 3566 3922 τινὰ

1985 3947 2080 4000 καὶ
2111 3946 2246 4016 πρὸς
2275 3947 2480 4000 ἐκεῖνον
2512 3948 2748 4018 ἔχοντος,
2769 3946 3007 4013 ἀκούσας
3034 3952 3164 4019 παρ’
3195 3951 3353 4020 ἐμοῦ,
3383 3953 3468 4004 ὅτι
3495 3952 3566 4004 Τὸ

1983 4028 2172 4082 δοκοῦν
2205 4031 2348 4083 ποίει
2375 4033 2438 4101 τῇ
2471 4032 2989 4102 Σάρῤᾳ,ἐπελάθετο
3010 4035 3107 4103 τῆς
3143 4035 3380 4104 φυσικῆς
3411 4036 3563 4103 φιλο-

1987 4115 2260 4185 στοργίας,
2277 4114 2365 4167 καὶ
2389 4115 2607 4180 ἐξέϐαλε
2631 4116 2718 4168 τὸν
2736 4117 2955 4188 Ἰσμαὴλ
2979 4117 3115 4186 μετά
3131 4117 3228 4188 τῆς
3248 4119 3562 4189 παιδίσκης,

1990 4197 2140 4271 [505]
2188 4199 2280 4251 καὶ
2323 4198 2598 4268 πανταχοῦ
2627 4201 2899 4272 ὑπήκουσε
2947 4202 3046 4271 τῆς
3073 4203 3211 4273 ἐμῆς
3238 4202 3446 4272 φωνῆς,
3473 4205 3567 4256 καὶ

1987 4283 2221 4354 ἐφύλαξε
2245 4283 2312 4336 τά
2342 4286 2740 4354 προστάγματα
2769 4303 2890 4356 μου.
2911 4287 3019 4358 Καὶ
3039 4287 3146 4358 γὰρ
3173 4287 3233 4340 τὸ
3256 4286 3564 4340 τελευταῖον

1986 4365 2347 4438 προσταχθεὶς
2393 4367 2482 4419 ὑπ’
2521 4366 2651 4437 ἐμοῦ
2688 4369 2767 4430 είς
2814 4356 3002 4422 θυσίαν
3037 4356 3347 4437 ἀνενεγκεῖν
3386 4369 3478 4421 τὸν
3507 4369 3565 4420 ἐν

1985 4450 2064 4519 τῷ
2107 4452 2264 4521 γήρει
2305 4450 2457 4520 αὑτῷ
2499 4450 2750 4516 δοθέντα,
2805 4451 2894 4504 τὸν
2923 4450 3064 4505 οὑτω
3090 4451 3476 4522 περιπόθητον,
3503 4451 3563 4504 οὑ

1989 4533 2408 4604 περιειργάσατο
2439 4533 2501 4586 τὸ
2532 4533 2879 4604 πρόσταγμα,
2912 4535 2972 4588 οὑ
3001 4534 3326 4606 διεταράχθη
3358 4535 3450 4587 τὸν
3480 4534 3568 4587 λο-

1985 4616 2204 4686 γισμὸν,
2241 4616 2362 4668 οὑδέ
2404 4617 2797 4672 ἀνεκοινώσατο
2841 4622 2905 4689 τῇ
2943 4618 3109 4690 μητρὶ
3144 4621 3210 4689 τῇ
3244 4620 3330 4688 σῇ,
3363 4619 3426 4670 οὑ
3451 4621 3567 4681 τοῖς

1990 4700 2196 4763 παισὶν,
2227 4699 2286 4752 οὑ
2321 4699 2403 4751 σοὶ
2448 4700 2598 4770 αὑτῷ
2628 4701 2689 4754 τὸ
2717 4701 2908 4771 μέλλον
2940 4703 3030 4754 ὑπ’
3057 4700 3222 4754 αὑτοῦ
3253 4701 3569 4772 πραχθήσε-

1989 4783 2112 4836 σθαι
2137 4781 2434 4852 κατάδηλον
2462 4785 2738 4856 ἐποίησεν,
2763 4786 2877 4839 ἀλλ’
2901 4785 3195 4858 ἐρρωμένῳ
3213 4785 3292 4855 τῷ
3319 4783 3568 4854 λογισμῷ

1986 4867 2080 4920 καὶ¹
2101 4866 2469 4938 συντεταμένῃ
2498 4870 2563 4938 τῇ
2587 4867 2861 4940 προθυμίᾳ
2879 4871 2957 4931 είς
2987 4869 3144 4938 ἔργον
3172 4869 3324 4934 ἄγειν
3354 4866 3416 4919 τὸ
3443 4867 3567 4918 ἐπί-

1985 4967 2170 5021 ταγμα
2196 4950 2450 5018 ἠπείγετο
2484 4952 2542 5004 τὸ
2568 4952 2700 5022 ἐμόν
2723 4969 2738 4983 ·
2769 4953 2851 5005 διὸ
2880 4953 2976 5022 τὴν
3003 4951 3225 5020 γνώμην
3254 4949 3420 5003 αὑτοῦ
3446 4966 3566 5002 στεο

1987 5032 2258 5103 φανώσας,
2291 5033 2352 5086 τὸ
2378 5033 2538 5104 ἔργον
2575 5035 2822 5089 ἐκώλυσα
2847 5035 3117 5102 γενέσθαι.
3169 5035 3322 5087 Ἐπεὶ
3349 5029 3444 5086 οὖν
3476 5034 3568 5085 διὰ

1987 5117 2205 5169 πάντων
2237 5115 2432 5186 πολλὴν
2463 5117 2774 5184 ἐπεδείξατο
2796 5119 2894 5189 τὴν
2925 5118 3170 5188 ὑπακοὴν
3200 5116 3294 5169 καὶ
3318 5115 3569 5186 φυλακην

1985 5199 2094 5251 τῶν
2117 5198 2264 5267 ἐμῶν
2288 5203 2745 5272 προσταγμάτων,
2768 5203 2858 5256 διὰ
2871 5202 3030 5256 τοῦτο
3059 5202 3140 5266 σὲ,
3169 5201 3258 5255 τὸν
3279 5201 3336 5266 ἐξ
3355 5200 3568 5253 ἐκείνου

1986 5281 2264 5350 τεχθέντα,
2290 5283 2400 5335 τῶν
2444 5284 2789 5355 ὑποσχέσεων
2814 5287 2922 5341 τῶν
2949 5288 3029 5350 εἰς
3061 5286 3221 5341 αὑτὸν
3258 5284 3566 5355 γεγενημέ-

1986 5383 2093 5420 νων
2118 5365 2256 5418 ποιῶ
2293 5365 2645 5438 κληρονόμον.

2019 5542 2088 5603 γ’.
2107 5534 2358 5606 Μίμησαι
2373 5535 2552 5590 τοίνυν
2570 5536 2777 5589 ἐκείνου
2793 5536 2890 5608 τὴν
2913 5537 3177 5607 ὑπακοην,
3191 5537 3286 5591 καὶ
3306 5542 3418 5602 τοῖς
3437 5541 3568 5610 παρ’

1986 5628 2119 5698 ἐμοῦ
2137 5627 2447 5697 λεγομένοις
2477 5629 2718 5693 πίστευε,
2741 5630 2828 5682 ἵνα
2849 5629 3269 5693 πολυπλασίονος
3286 5630 3392 5700 τῆς
3413 5633 3565 5700 ἀμοι-

1990 5718 2089 5790 ϐῆς
2124 5717 2376 5792 ἁξιωθῇς,
2413 5720 2552 5791 ὑπέρ
2581 5737 2639 5772 τε
2678 5720 2777 5791 τῆς
2805 5720 2900 5775 τοῦ
2948 5722 3152 5793 πατρὸς
3180 5723 3401 5793 ἀρετῆς,
3426 5723 3564 5795 ὑπὲρ
