3782 6254
199 302 310 359 ι53

196 416 378 486 justus
422 415 510 469 ille
554 414 745 470 famem
777 416 998 479 videret,
1031 415 1296 485 Profectus
1340 425 1432 481 est,
1482 415 1668 484 inquit,
1719 414 1786 467 ad

199 508 486 560 Abimelcch
514 506 567 559 iu
597 505 808 560 Geram.
840 506 916 559 Eo
946 508 1087 563 enim
1116 517 1168 561 et
1198 507 1461 561 Abraham
1492 513 1611 573 post
1658 504 1783 558 red-

200 597 336 649 itum
363 611 517 649 suum
544 610 611 650 ex
649 593 879 666 Egypto
922 606 1158 651 venerat.
1188 596 1485 651 Verisimile
1517 606 1692 649 autem
1732 606 1787 649 et

207 686 355 742 hunc
388 696 666 756 propterea
698 688 827 742 illuc
854 687 1067 752 abiisse,
1099 688 1239 758 quod
1270 688 1390 742 inde
1418 690 1468 741 in
1496 687 1785 759 Egyptum

200 778 531 833 contendere
560 779 752 843 vellet;
782 787 838 833 et
875 778 1017 849 quod
1047 778 1147 833 hoc
1174 780 1244 834 ita
1270 780 1359 843 sit,
1384 778 1504 833 audi
1547 778 1785 846 Scriptu-

199 883 320 921 ram
350 868 613 923 dicentem
653 870 670 900 ⁸
704 887 717 923 z
747 868 801 923 2.
843 868 988 923 Visus
1013 879 1085 923 est
1111 872 1251 925 enim
1281 870 1347 933 ei,
1394 870 1581 939 inquit,
1613 868 1782 933 Deus,

203 968 254 1010 et
299 958 432 1011 dixit
456 974 475 1011 :
504 956 587 1012 Ne
612 958 879 1012 descendas
904 960 957 1011 in
977 957 1285 1029 nggptum.
1316 958 1451 1013 Nolo
1479 967 1549 1023 te,
1581 957 1782 1026 inquit,

210 1048 424 1117 longam
469 1048 611 1101 illam
652 1050 792 1102 viam
820 1049 1107 1116 proﬁcisci,
1138 1049 1230 1104 sed
1278 1049 1364 1104 hic
1392 1064 1607 1103 manere
1644 1048 1782 1103 volo.

203 1136 392 1205 Neque
420 1137 668 1206 permitto
694 1146 746 1192 ut
773 1138 1067 1208 angustiam
1097 1140 1406 1208 experiaris,
1434 1139 1525 1194 sed
1553 1139 1783 1209 promis-

200 1228 408 1280 sionem
433 1228 567 1295 patri
594 1236 687 1281 tuo
713 1226 905 1283 factam
927 1229 1180 1299 implebo,
1205 1240 1260 1284 et
1284 1246 1401 1299 quae
1425 1230 1497 1284 illi
1528 1231 1784 1300 promissa

201 1328 351 1380 sunt,
383 1317 433 1370 in
484 1327 537 1372 te
584 1320 828 1373 evenient
861 1338 875 1375 :
906 1329 959 1375 et
1006 1329 1062 1374 tu
1108 1321 1509 1391 promtssiones,
1560 1338 1677 1391 qua:
1708 1322 1786 1377 illi

200 1407 359 1463 facta:
386 1420 525 1470 sunt,
559 1426 617 1465 re
660 1411 772 1480 ipsa
798 1413 1061 1481 accipies.
1094 1412 1176 1467 Ne
1218 1414 1489 1469 descendas
1514 1416 1567 1469 in
1608 1414 1781 1486 ,Ερυ-

197 1509 342 1567 ptum
367 1516 385 1553 :
416 1500 583 1553 habita
611 1512 774 1555 autem
815 1504 867 1557 in
913 1516 1047 1559 terra
1098 1522 1248 1575 quant
1299 1508 1387 1561 tibi
1430 1508 1620 1572 dixero,
1652 1508 1704 1563 5,
1734 1516 1782 1562 et

198 1591 491 1661 peregrinus
517 1602 619 1646 esto
647 1594 698 1646 in
725 1603 856 1647 terra
877 1595 991 1649 huc.

274 1682 330 1734 2.
363 1682 559 1737 Deinde
589 1692 646 1737 ut
674 1700 742 1738 ne
772 1694 921 1754 putet
944 1686 1139 1755 justus,
1170 1687 1333 1743 Deum
1379 1687 1479 1744 hoc
1523 1688 1784 1758 imperare

193 1772 350 1839 quasi
383 1781 645 1828 votentem
676 1790 797 1828 eum
828 1776 979 1831 famis
1004 1779 1299 1846 angustiam
1320 1780 1567 1849 experiri,
1595 1789 1649 1834 et
1679 1796 1783 1835 non

202 1861 517 1929 permittere
546 1862 593 1915 ei
624 1864 900 1918 transitum
929 1865 981 1919 in
1011 1865 1317 1937 @yptum,
1365 1870 1534 1939 inquit
1572 1868 1684 1924 :Ne
1710 1872 1784 1925 sis

202 1950 421 2011 anxius.
458 1967 629 2020 neque
654 1968 834 2008 curam
864 1953 1017 2022 habe,
1047 1957 1141 2012 sed
1171 1959 1254 2011 hic.
1278 1974 1440 2013 mane
1473 1977 1484 2011 :
1516 1959 1624 2031 Ego
1653 1961 1784 2013 enim

194 2060 285 2096 ero
306 2053 484 2097 tecum
534 2044 697 2114 Igitur
743 2062 863 2100 enm
907 2049 1352 2118 suppeditatorem
1384 2051 1640 2106 bonorum
1665 2067 1782 2106 om-

196 2134 349 2186 nium
384 2131 598 2195 habeas,
647 2149 713 2189 ne
761 2138 837 2191 sis
886 2137 1178 2193 sollicitus:
1210 2154 1306 2208 ego
1352 2140 1494 2194 enim
1529 2141 1781 2196 Dominus

194 2224 439 2277 omnium
466 2239 564 2278 ero
587 2234 759 2280 tecum
794 2244 807 2280 :
839 2242 1019 2297 neque.
1052 2228 1151 2284 hoc
1180 2226 1372 2295 solum,
1402 2231 1495 2285 sed
1538 2231 1605 2284 Et
1637 2231 1782 2286 bene-

196 2317 365 2369 dieam
392 2326 457 2382 te,
488 2318 586 2370 hoc
614 2326 716 2381 est,
748 2318 1034 2387 gloriosum
1067 2329 1117 2376 te
1144 2322 1352 2390 Faciam,
1381 2332 1433 2379 et
1459 2325 1783 2380 benedictio-

196 2421 323 2461 nem
368 2421 543 2461 meam
595 2409 858 2476 prarebebo.
910 2411 1046 2476 Quid
1090 2412 1190 2468 hoc
1229 2415 1371 2482 justo
1418 2416 1641 2482 beatius,
1690 2418 1778 2488 qui

197 2498 359 2552 talem
405 2499 812 2568 promissionem
844 2517 873 2554 a
911 2503 1019 2557 Deo
1056 2506 1257 2575 accepit
1290 2526 1303 2562 :
1340 2507 1442 2561 Ero
1488 2519 1681 2573 tecum,
1733 2520 1780 2565 et

184 2589 484 2660 benedicam
514 2592 600 2644 te?
642 2590 753 2645 [loc
795 2600 845 2646 te
875 2592 1161 2649 declarabit
1189 2599 1433 2653 onmibus
1461 2598 1775 2667 feliciorem,

196 2680 300 2733 hoc
318 2690 371 2734 te
395 2678 697 2735 afﬂuentem
720 2682 878 2737 rebus
894 2684 1136 2740 omnibus
1155 2685 1323 2751 faciet,
1347 2689 1457 2743 haec
1475 2698 1554 2743 est
1570 2705 1777 2747 summa

192 2772 385 2840 gloria,
417 2770 530 2825 haec
576 2781 661 2827 est
687 2788 811 2828 vera
838 2776 1115 2842 securitas,
1147 2777 1247 2832 hoc
1271 2789 1353 2833 est
1377 2780 1583 2835 culmen
1611 2790 1665 2836 ct
1685 2796 1776 2837 ca-

196 2872 294 2933 put
320 2863 600 2930 bonorum,
632 2866 753 2935 quia
778 2881 880 2936 ego
910 2876 1081 2922 tecum
1108 2884 1246 2924 sum.
1296 2871 1361 2925 Et
1387 2872 1673 2927 benedicam
1706 2884 1772 2930 te.

198 2953 482 3020 Quomodo
531 2964 707 3009 autem
736 2966 790 3011 te
832 2957 1137 3015 benedicam
1162 2961 1329 3016 ‘l‘Tibi
1373 2974 1421 3017 et
1461 2966 1654 3019 semini
1691 2976 1776 3022 tuo

193 3044 325 3097 dabo
358 3055 544 3099 terram
588 3047 736 3102 hanc.
768 3049 847 3103 'l‘n
890 3051 1085 3107 videris
1113 3053 1164 3106 in
1210 3054 1313 3109 hac
1336 3057 1551 3127 regione
1576 3061 1775 3115 versari

195 3135 349 3204 quasi
381 3135 578 3206 hospes
621 3147 676 3192 et
702 3155 864 3210 vagus
894 3159 906 3194 :
944 3143 1080 3197 scias
1108 3153 1282 3199 autem
1311 3147 1447 3217 quod
1490 3148 1581 3202 tibi
1608 3160 1661 3204 et
1685 3166 1773 3205 se-

194 3227 324 3279 mini
350 3236 441 3280 tuo
479 3228 688 3283 dabitur
715 3231 829 3285 hinc
855 3234 1027 3287 omnis
1058 3243 1218 3289 terra.
1269 3237 1333 3291 Et
1360 3249 1415 3292 ut
1446 3239 1580 3295 bene
1606 3244 1775 3295 conli-

190 3317 309 3381 das,
340 3317 486 3373 disce
515 3333 600 3373 me
620 3319 977 3389 juramentum
1008 3324 1151 3391 illud,
1186 3326 1323 3394 quod
1347 3329 1516 3397 juravi
1546 3331 1773 3386 Abrahae

191 3409 330 3479 patri
362 3419 475 3473 tuo,
510 3418 681 3465 tecum
712 3421 965 3468 statuere.
1012 3415 1140 3470 Vide
1166 3418 1435 3487 quomodo
1463 3436 1764 3476 sermonem

190 3516 352 3553 suum
388 3500 525 3555 Deus
554 3502 742 3556 iterum
763 3511 1075 3574 attemperat
1103 3517 1298 3562 nostra:
1321 3510 1629 3565 inﬁrmitati.
1656 3512 1770 3568 Non

190 3593 327 3645 dixit
353 3592 681 3660 simpliciter,
712 3594 869 3650 Pacta
915 3613 1033 3666 quae
1062 3598 1160 3653 feci
1208 3614 1326 3654 cum
1359 3611 1504 3670 patre
1534 3613 1640 3667 tuo,
1674 3620 1769 3659 ne-

190 3696 301 3751 que
330 3683 710 3751 promissiones
730 3702 860 3754 quas
890 3690 1105 3756 promisi
1137 3706 1149 3743 :
1179 3690 1273 3745 sed
1296 3693 1421 3762 quid
1444 3694 1467 3746 Ῥ
1491 3693 1766 3748 ,Ιιιναηιεησ

190 3784 301 3826 tum
323 3775 460 3843 quod
492 3776 686 3845 juravi.
714 3776 1065 3847 Jurejurando
1092 3782 1261 3851 ipsum
1292 3785 1599 3839 conﬁrmavi
1621 3786 1768 3855 jura-

188 3874 454 3931 uicntum,
485 3877 540 3920 et
568 3875 753 3923 teneor
778 3879 835 3923 ut
858 3885 1023 3939 opere
1046 3873 1314 3942 perﬁciam
1341 3876 1481 3945 quod
1503 3876 1693 3946 juravi.

264 3954 388 4009 Non
412 3968 602 4026 spectat
629 3975 773 4013 suam
811 3961 1103 4031 dignitatem
1134 3963 1290 4030 Deus,
1321 3966 1410 4019 sed
1434 3978 1657 4021 nostram
1688 3970 1767 4022 in-

187 4047 735 4115 ﬁrmitatem—Vides
761 4051 853 4107 Dei
879 4053 1252 4109 clementiam?
1272 4056 1386 4111 Non
1412 4058 1477 4112 ad
1501 4060 1765 4129 propriam

184 4136 499 4207 dignitatem
527 4141 819 4209 respiciens
853 4143 1103 4214 loquitur,
1149 4146 1242 4201 sed
1271 4147 1338 4201 ad
1385 4162 1619 4205 neSIram
1648 4168 1767 4208 sese

185 4238 549 4298 attemperans
593 4231 975 4292 inﬁrmitatem.
1023 4236 1152 4291 Nam
1196 4240 1319 4308 quia
1370 4238 1611 4295 homines
1657 4243 1767 4297 fere

183 4334 399 4389 semper
425 4319 512 4374 illa
553 4336 715 4391 opere
740 4324 994 4392 perﬁcere
1018 4326 1250 4394 student,
1282 4344 1386 4384 non
1418 4348 1541 4401 qua}
1560 4333 1765 4402 simpli-

183 4409 321 4463 citer
351 4411 713 4479 promiserunt
759 4413 937 4478 alicui,
988 4417 1079 4470 sed
1126 4434 1246 4487 quae
1293 4435 1413 4473 eum
1460 4422 1765 4491 juramcnto

184 4501 548 4570 promiserunt
580 4520 594 4557 :
624 4502 782 4558 simili
812 4505 971 4560 modo
999 4515 1053 4561 et
1096 4507 1233 4563 Deus
1273 4508 1421 4579 justo
1464 4512 1670 4580 plenam
1704 4516 1763 4567 ﬁ-

181 4594 306 4647 dem
338 4592 556 4657 faciens,
587 4610 649 4649 ea
695 4611 812 4666 qum
840 4612 868 4651 a
899 4613 958 4654 se
1003 4599 1147 4654 dicta
1182 4608 1307 4655 sunt
1343 4604 1563 4657 omnino
1589 4604 1761 4660 futura

180 4699 304 4739 esse
357 4684 527 4739 dicit:
557 4686 705 4742 Scias
748 4704 809 4742 ea
857 4705 974 4759 qua:
1010 4704 1040 4744 a
1079 4706 1166 4746 me
1205 4692 1505 4760 jnramento
1555 4696 1760 4752 ﬁrmata

179 4786 327 4840 sunt,
357 4792 520 4845 opere
564 4777 826 4847 implenda
876 4795 1015 4836 esse.
1073 4783 1207 4849 Quid
1264 4785 1461 4855 igitur?
1512 4788 1757 4857 inquies:

182 4867 324 4921 Dens
362 4866 602 4935 juravit?
629 4877 684 4923 et
710 4885 801 4938 per
829 4886 985 4941 quem
1009 4872 1190 4943 jurare
1218 4875 1428 4943 potuit?
1454 4876 1613 4932 Vides
1658 4878 1759 4934 hoc

179 4971 304 5009 sese
334 4957 401 5010 ad
428 4966 660 5011 nostram
689 4960 1046 5017 inﬁrmitatem
1070 4967 1469 5034 attemperantis
1488 4983 1607 5023 esse
1632 4987 1645 5023 :
1670 4968 1757 5024 ﬁr-

174 5047 463 5102 mationem
497 5050 862 5116 promissionis
904 5056 1113 5109 vocavit
1140 5057 1520 5123 juramentmn.
1552 5057 1620 5112 Et
1646 5071 1751 5113 sta-

176 5148 339 5201 tuam,
378 5138 567 5211 inquit,
598 5142 944 5211 juramentum
973 5163 1158 5213 meum,
1198 5148 1332 5217 quod
1357 5149 1544 5219 jurans
1580 5152 1752 5220 juravi

174 5230 394 5282 Abralm:
436 5231 569 5299 patri
607 5242 708 5287 tuo.
759 5234 958 5290 Deinde
986 5236 1143 5293 docet
1185 5254 1307 5293 eum
1336 5256 1453 5310 qua:
1496 5254 1621 5297 sunt
1664 5244 1749 5297 illa

170 5337 295 5389 quae
323 5323 583 5390 promisit,
612 5335 665 5378 et
693 5326 758 5380 de
785 5328 974 5397 quibus
1000 5331 1047 5384 ei
1074 5331 1287 5400 juravit.
1317 5333 1370 5388 4.
1402 5332 1467 5386 Et
1504 5337 1746 5405 multipli-

167 5416 297 5468 cabo
333 5431 501 5469 semen
546 5428 684 5471 tuum
723 5422 848 5474 sicut
888 5423 1059 5479 stellas
1096 5426 1224 5479 cadi.
1257 5426 1367 5482 Hoc
1409 5428 1548 5482 enim
1578 5440 1629 5483 et
1659 5445 1749 5498 pa-

231 5570 250 5601 ‘
274 5576 553 5653 Ξίίκ
580 5574 727 5653 Mi,
755 5577 1045 5653 ίηξιῑιέένίιεηξ
1088 5583 1175 5653 Pet
1191 5644 1200 5653 .
1217 5581 1576 5653 ἰιιτηωιέιαιεηιο
1611 5586 1750 5653 Vives

157 5633 250 5707 est,
272 5638 368 5707 etc.
394 5634 553 5707 savil.,
573 5637 691 5688 audi
708 5633 994 5707 inc/fabilem
1013 5642 1103 5696 Dei
1134 5633 1741 5705 ntiscricOrdiant.mﬂcrcl:

160 5702 251 5742 nos
274 5702 471 5759 sequuti
493 5709 675 5751 sumus.

1220 301 1286 357 ῐΝ
1325 299 1476 358 CAP.
1518 300 1701 358 XXVI.
1746 299 1989 355 GENES.
2030 301 2257 356 IIOMIL.
2302 301 2383 357 [.l‘.

3360 306 3463 360 εδει

1897 414 2141 469 triarcha:
2190 416 2239 468 in
2284 417 2540 485 principio
2582 415 2789 470 diccbat
2820 435 2831 468 :
2864 416 3088 470 Tantum
3134 418 3233 470 erit
3287 432 3470 472 semen

1897 513 2064 568 tutnn,
2099 515 2153 557 ut
2182 516 2231 558 et
2258 506 2427 559 stellis
2451 516 2502 559 et
2530 521 2706 559 arena:
2734 506 3061 574 adatquetur.
3107 504 3173 557 Et
3213 506 3362 570 dabo,
3393 508 3471 557 in-

1890 595 2024 663 quit,
2055 598 2230 649 scmini
2250 608 2333 650 tuo
2361 608 2544 650 terram
2561 587 2810 662 istam,'et
2839 597 3189 650 benedicentur
3212 598 3264 650 in
3286 598 3472 650 semine

1892 698 1975 739 tuo
2000 702 2172 739 omnes
2201 700 2364 758 gentes
2404 699 2549 743 terra:
2578 688 2730 758 (Gen.
2760 688 2851 743 22.
2881 689 2993 757 i7).
3030 690 3311 759 Propterea
3341 706 3469 760 pro-

1893 776 2174 831 missiones
2201 793 2317 846 quae
2362 778 2436 832 illi
2479 781 2631 834 facta:
2674 789 2816 843 sunt,
2851 779 2901 833 in
2931 787 2983 834 te
3028 779 3277 848 implebo.
3307 782 3360 835 5.
3394 780 3473 834 Eo

1891 866 2026 933 quod
2050 866 2239 918 audivit
2262 866 2515 921 Abraham
2544 878 2687 939 pater
2707 878 2821 922 tuus
2848 886 3011 923 uocem
3033 885 3214 934 nteant,
3235 880 3286 925 et
3309 881 3477 925 custo-t

1890 958 2013 1011 dicit
2042 958 2279 1011 mandata
2310 976 2418 1012 mea
2449 958 2548 1031 (a),
2580 970 2626 1013 et
2650 962 3040 1030 justiﬁcationes
3075 978 3231 1027 meas,
3259 972 3307 1016 et
3350 964 3473 1032 legi-

1890 1048 2010 1100 tima
2037 1064 2165 1101 mea.
2198 1048 2332 1104 Vide
2366 1049 2456 1103 Dei
2487 1050 2818 1118 sapientiam,
2846 1051 3115 1120 quomodo
3140 1052 3297 1121 erigit
3324 1068 3473 1106 men-

1893 1148 2000 1192 tem
2025 1139 2174 1207 justi,
2206 1148 2260 1194 et
2300 1140 2609 1195 alacriorcm
2637 1141 2811 1196 reddit
2842 1160 2855 1196 :
2884 1151 2939 1197 et
2967 1152 3023 1196 ut
3048 1144 3213 1213 patris
3241 1144 3473 1197 imitator

1891 1226 2002 1291 ﬁat,
2035 1227 2217 1282 efﬁcit.
2261 1228 2390 1283 Nam
2434 1229 2480 1283 si
2524 1229 2631 1293 ille,
2665 1231 2853 1301 inquit,
2894 1233 3015 1301 quia
3060 1249 3193 1287 mete
3238 1234 3477 1290 obedivit

1890 1318 2028 1379 voci,
2063 1328 2205 1371 tanta
2238 1319 2613 1387 pollicitatione
2648 1321 2837 1391 dignus
2868 1322 3077 1377 habitus
3126 1333 3226 1388 est,
3255 1334 3309 1378 et
3352 1340 3470 1378 eam

1890 1417 2108 1477 propter
2134 1410 2274 1464 illius
2304 1412 2550 1465 virtutem
2580 1412 2632 1466 in
2663 1422 2735 1479 te,
2767 1414 2856 1482 qui
2877 1428 2941 1467 ex
2971 1429 3037 1469 eo
3059 1425 3212 1468 natus
3239 1430 3318 1481 es,
3349 1431 3469 1471 smn

1892 1499 2207 1568 impleturus
2239 1518 2254 1554 :
2284 1501 2327 1555 si
2357 1512 2411 1555 et
2435 1504 2547 1570 ipse
2572 1502 2713 1558 illius
2734 1503 2968 1558 imitator
2994 1505 3171 1569 fueris,
3204 1515 3257 1559 et
3285 1506 3469 1559 eadem

1889 1604 1989 1658 qua
2021 1590 2109 1642 ille
2141 1591 2223 1643 via
2255 1592 2555 1658 incesseris,
2584 1593 2752 1662 cogita
2781 1603 3033 1662 quantum
3073 1593 3209 1662 apud
3263 1608 3349 1649 me
3380 1595 3470 1648 be-

1889 1680 2239 1735 nevolentiam
2265 1682 2539 1736 habiturus
2574 1684 2669 1747 sis,
2703 1692 2757 1738 et
2783 1692 2979 1753 quanta
3010 1700 3127 1739 mea
3156 1700 3282 1739 cura
3315 1695 3365 1740 te
3387 1685 3471 1740 di»

1886 1781 2142 1839 gnaturus
2171 1772 2289 1825 sim.
2334 1772 2466 1826 Nam
2490 1774 2533 1828 si
2577 1774 2659 1827 cui
2690 1775 2759 1827 ob
2787 1775 3008 1829 alterius
3047 1775 3292 1829 virtutem
3337 1776 3471 1829 bene

1887 1860 2118 1915 futurum
2150 1872 2250 1925 est,
2279 1863 2399 1933 siet
2429 1864 2540 1931 ipse
2569 1864 2765 1917 virtute
2794 1864 3045 1933 prmditus
3088 1864 3267 1930 fuerit,
3302 1866 3470 1919 multo

1885 1950 2089 2019 majore
2126 1951 2313 2021 dignus
2344 1953 2621 2008 habebitur
2647 1969 2793 2008 cura.
2843 1954 2991 2021 Quid"
3010 1965 3188 2009 autem
3234 1966 3316 2011 est
3346 1976 3357 2010 :
3393 1956 3471 2010 Eo

1884 2043 2019 2111 quod
2053 2042 2265 2097 obedivit
2290 2046 2394 2098 voci
2424 2062 2565 2109 metu,
2614 2055 2661 2099 et
2700 2047 2963 2100 custodiuit
2989 2048 3230 2099 mandata
3256 2064 3385 2112 utea,-
3424 2059 3469 2101 et

1888 2141 2140 2202 prwcepta
2170 2150 2300 2200 mea,
2345 2144 2392 2189 et
2429 2135 2817 2205 justi/icationes
2856 2136 3037 2188 meas?
3086 2136 3332 2190 Dicebam
3372 2139 3465 2191 eix:

1885 2221 2138 2293 Egredere
2165 2225 2228 2278 de
2268 2234 2402 2278 terra
2444 2235 2529 2278 tua
2572 2234 2617 2278 et
2644 2226 2707 2277 de
2731 2227 3025 2295 cognatione
3065 2236 3170 2289 tua,
3203 2237 3249 2279 et
3277 2229 3386 2279 veni
3416 2229 3468 2280 in

1885 2324 2070 2368 terram
2093 2331 2244 2385 quant
2264 2324 2601 2370 monstravero
2623 2316 2709 2369 tibi
2735 2314 2893 2385 (Ibid.
2919 2317 3079 2386 12.1)
3110 2338 3122 2373 :
3152 2317 3469 2387 reliquitque

1884 2405 1972 2459 illa
1992 2421 2112 2475 qua:
2137 2407 2189 2461 in
2220 2406 2464 2462 manibus
2485 2416 2656 2472 erant,
2685 2416 2739 2461 et
2766 2407 2963 2461 incerta
2987 2417 3336 2477 persequutus
3363 2418 3465 2462 est.

1883 2495 1951 2552 Et
1977 2512 2081 2551 non
2112 2497 2397 2552 ﬁuctuabat
2426 2514 2597 2569 neque
2640 2498 2987 2553 cunctabatur
3016 2518 3029 2552 :
3056 2497 3149 2551 sed
3178 2514 3299 2553 cum
3323 2500 3467 2552 omni

1882 2589 2160 2644 alacritate
2213 2588 2519 2644 mandatum
2572 2589 2863 2658 implebat,
2916 2598 2967 2643 et
3019 2588 3299 2644 obediebat
3351 2590 3467 2643 voei

1881 2693 2036 2734 mete.
2069 2678 2263 2735 Iterum
2289 2694 2407 2749 quae
2453 2694 2613 2749 super
2640 2689 2883 2733 naturam
2912 2688 3036 2733 sunt
3057 2679 3107 2733 ei
3148 2678 3385 2747 promisi,
3413 2687 3467 2732 et

1879 2785 2000 2825 eum
2044 2770 2154 2839 jam
2184 2779 2313 2825 tetas
2355 2785 2477 2825 eum
2508 2786 2535 2823 a
2567 2786 2663 2840 spe
2700 2770 2973 2841 dejiceret,
3024 2785 3087 2823 ac
3136 2785 3307 2839 neque
3352 2769 3465 2838 ipse

1880 2878 2053 2934 neque
2090 2872 2260 2918 mater
2284 2871 2371 2917 tua
2402 2862 2745 2933 procreanda:
2768 2861 2900 2931 proli
2926 2861 3100 2916 idonei
3123 2871 3321 2924 essent,
3342 2877 3463 2916 cum

1878 2955 2085 3012 audiret
2100 2970 2136 3009 a
2155 2971 2241 3012 me
2262 2971 2442 3011 semen
2464 2956 2581 3026 ejus
2602 2956 2654 3008 in
2678 2964 2876 3008 tantum
2906 2954 3018 3008 fore
3040 2953 3459 3023 propagandum,

1876 3056 1936 3102 ut
1983 3060 2199 3102 omnem
2256 3055 2450 3101 terram
2506 3055 2665 3099 esset.
2701 3045 3080 3114 impleturum;
3113 3059 3285 3113 neque
3336 3053 3462 3099 tunc

1876 3139 2055 3193 animo
2084 3138 2325 3194 turbatus
2373 3137 2486 3202 fuit,
2518 3137 2611 3191 sed
2654 3136 2877 3191 credidit
2912 3157 2924 3191 :
2956 3136 3074 3190 ideo
3103 3144 3161 3189 et
3200 3136 3251 3190 in
3291 3136 3457 3205 justi-

1876 3233 2002 3285 tiam
2027 3232 2076 3286 ei
2104 3240 2403 3301 reputatum
2429 3240 2507 3285 est
2539 3228 2698 3301 (Ibid.
2730 3230 2816 3285 15.
2854 3230 2908 3299 6)
2934 3245 2948 3293 ;
2980 3228 3100 3298 quia
3125 3229 3302 3282 virtuti
3327 3243 3459 3283 mea:

1874 3325 2162 3389 credendo,
2198 3334 2252 3380 et
2295 3327 2345 3378 in
2374 3323 2815 3394 promissionibus
2845 3323 2978 3376 meis
3003 3336 3154 3386 Spem
3181 3320 3459 3387 habendo,

1875 3415 2106 3470 humana
2136 3415 2447 3469 inﬁrmitate
2471 3415 2717 3484 superior
2742 3413 2858 3466 fuit.
2893 3412 2955 3466 Et
2982 3421 3258 3481 postquam
3287 3420 3339 3464 tn
3367 3427 3460 3464 na-

1876 3516 1961 3560 tus
1990 3520 2070 3570 es,
2103 3520 2223 3561 cum
2254 3514 2426 3560 mater
2455 3513 2541 3559 tua
2572 3512 2911 3558 succenseret
2936 3502 3141 3557 lsmaeli
3166 3517 3235 3556 ex
3261 3501 3451 3556 ancilla

1875 3606 2027 3664 nato,
2051 3606 2108 3653 et
2150 3597 2306 3651 vellet
2332 3610 2453 3651 eum
2482 3595 2695 3665 abigere
2723 3609 2751 3646 a
2779 3594 2938 3649 domo
2964 3609 3087 3648 cum
3118 3596 3272 3663 Agar,
3306 3593 3375 3647 ita
3404 3602 3459 3646 ut

1875 3688 2006 3742 nihil
2054 3702 2337 3743 commune
2385 3686 2461 3740 illi
2494 3695 2670 3740 tecum
2716 3694 2876 3751 esset,
2924 3684 3050 3739 licet
3092 3684 3144 3737 in
3183 3684 3332 3737 illum
3364 3700 3459 3753 pa-

1874 3779 2105 3835 triarcha
2148 3789 2368 3849 paterna
2396 3787 2450 3833 et
2474 3778 2699 3847 genuina
2728 3776 3013 3831 dilectione
3055 3776 3190 3830 bene
3216 3776 3458 3833 afﬁcere-

1874 3883 1957 3927 tur
1987 3892 2001 3928 :
2029 3871 2249 3927 audiens
2278 3880 2451 3925 tamen
2481 3884 2510 3922 a
2537 3884 2654 3934 me,
2686 3869 2784 3921 sibi
2829 3866 3125 3921 faciendum
3169 3882 3287 3922 esse
3313 3868 3455 3935 quod

1875 3963 2047 4018 visum
2076 3970 2221 4016 esset
2244 3960 2438 4025 Same,
2463 3959 2659 4014 oblitus
2684 3958 2939 4013 naturalis
2958 3956 3275 4023 dilectionis,
3297 3958 3456 4027 cjeeit

1872 4053 2154 4109 lsmaelem
2182 4067 2304 4107 cum
2333 4050 2547 4118 ancilla,
2571 4058 2627 4105 et
2653 4064 2865 4118 semper
2888 4047 3119 4104 obedivit
3145 4048 3260 4103 voci
3296 4064 3453 4112 meae,

1872 4160 1935 4201 ac
1960 4144 2245 4201 custodivit
2266 4152 2535 4214 pmcepta
2570 4156 2725 4195 metu
2747 4140 2981 4207 Denique
3010 4154 3129 4193 cum
3168 4140 3451 4207 pra-cepis-

1870 4252 1986 4293 sem
2011 4236 2081 4302 ei,
2130 4243 2189 4291 ut
2215 4234 2345 4289 mihi
2395 4235 2447 4287 in
2478 4232 2798 4288 sacriﬁcium
2837 4230 3053 4285 oﬁ'erret
3088 4230 3251 4283 ﬁlium
3284 4230 3335 4283 in
3367 4246 3453 4283 se-

1873 4336 2089 4383 nectute
2116 4326 2217 4383 sibi
2242 4338 2578 4387 concessum,
2602 4332 2656 4377 et
2679 4330 2787 4376 tam
2812 4321 3089 4385 dilectum,
3110 4321 3454 4375 nihilcausa-

1869 4428 1955 4474 tus
1985 4426 2086 4484 est,
2107 4432 2277 4487 neque
2299 4415 2560 4471 curiosius
2583 4412 2652 4468 de
2678 4412 3451 4481 przeceptoinquisivit,neque

1868 4511 2111 4567 turbatus
2137 4518 2218 4564 est
2244 4519 2444 4572 mente,
2484 4520 2657 4575 neque
2694 4503 3103 4559 communicavit
3131 4519 3251 4557 cum
3282 4514 3451 4557 matre

1868 4613 1957 4658 tua
1983 4645 1997 4667 ,
2028 4617 2205 4671 neque
2247 4616 2368 4656 eum
2396 4600 2595 4668 pueris,
2627 4612 2804 4665 neque
2857 4606 3053 4661 tecum,
3103 4596 3226 4665 quid
3280 4595 3447 4650 factu-

1868 4710 1958 4749 rus
1985 4702 2127 4748 esset
2151 4709 2166 4758 ;
2197 4691 2305 4745 sed-
2336 4688 2469 4744 forti.
2486 4696 2665 4743 mente
2689 4697 2747 4743 et
2770 4686 2969 4757 ingenti
3003 4685 3274 4740 alacritate
3303 4685 3450 4740 festi-

1866 4786 2029 4848 navit,
2058 4793 2116 4837 ut
2144 4782 2450 4837 mandatum
2472 4795 2648 4835 meum
2674 4778 2927 4847 impleret,
2951 4797 2965 4834 :
2996 4774 3219 4846 proinde
3253 4776 3442 4829 volun-

1866 4886 2027 4934 tatem
2076 4876 2193 4947 ejus
2222 4874 2491 4939 coronavi,
2522 4886 2658 4943 opus
2684 4880 2860 4925 autem
2888 4878 2946 4924 ut
2974 4868 3314 4938 perﬁceretur
3341 4884 3443 4921 non

1862 4968 2071 5024 admisi.
2104 4968 2418 5036 Eapmpter,
2438 4964 2558 5033 quia
2584 4963 2637 5016 in
2661 4961 2905 5015 omnibus
2922 4973 3165 5025 magnam
3187 4956 3412 5011 obedien

1862 5064 1986 5117 tiam
2029 5060 2337 5123 declaravit,
2366 5066 2425 5112 et
2457 5054 2827 5110 mandatorum
2857 5064 3095 5104 lucorum
3121 5048 3441 5113 custodiam,

1861 5165 1912 5209 te
1936 5169 1999 5208 ex
2034 5152 2124 5206 illo
2152 5160 2331 5204 natum
2362 5147 2792 5218 promissionum,
2825 5157 2943 5213 qua:
2986 5141 3059 5195 illi
3092 5141 3241 5195 faece
3287 5151 3430 5207 sunt,

1860 5243 2109 5299 heredem
2130 5241 2284 5295 facio.

1927 5337 1980 5391 δ’.
2026 5333 2235 5388 imitare
2276 5331 2432 5402 igitur
2472 5329 2611 5383 illius
2647 5326 3004 5382 obedientiam
3029 5368 3045 5391 ,
3077 5333 3132 5379 et
3168 5325 3231 5380 iis
3258 5339 3377 5394 quae
3404 5340 3434 5380 a

1856 5441 1941 5481 me
1978 5424 2118 5481 dicta
2158 5432 2284 5477 sunt
2321 5420 2511 5485 crede,
2541 5430 2598 5474 ut
2636 5419 2801 5474 multo
2843 5416 3079 5489 pluribus
3110 5418 3435 5471 remunerari

1853 5518 2043 5588 dignus
2072 5515 2301 5571 habeare
2322 5555 2336 5580 ,
2368 5523 2420 5568 et
2451 5527 2546 5584 pro
2574 5512 2738 5582 patris
2769 5512 2842 5565 tui
2872 5510 3097 5577 virtute,
3134 5517 3188 5565 et
3223 5524 3318 5580 pro
3346 5518 3439 5563 tua

1912 5640 1983 5699 (a)
2024 5640 2151 5689 ltibl.
2179 5639 2390 5691 addunt,
2436 5638 2483 5684 et
2526 5636 2771 5699 prtecepta
2808 5644 2915 5681 mea
2963 5631 3082 5689 (καὶ
3125 5632 3209 5685 τὰς
3242 5631 3445 5681 ἐντοὶᾶς,

1850 5694 1940 5767 μοι)
1960 5694 1994 5763 l,
2020 5704 2149 5764 quod
2186 5703 2309 5750 intra
2341 5698 2561 5761 agnoscit
2584 5696 2635 5746 S.
2661 5694 3056 5756 Chrysostomus.
