  <div class='ocr_page' id='page_1' title='image "/cluster/home/n/w/nwhite01/storage/ocr_20150623/53-54/hvd.32044012465829/461.png"; bbox 0 0 3782 6266; ppageno 0'>
   <div class='ocr_carea' id='block_1_1' title="bbox 350 266 451 322">
    <p class='ocr_par' dir='ltr' id='par_1_1' title="bbox 350 266 451 322">
     <span class='ocr_line' id='line_1_1' title="bbox 350 266 451 322; baseline 0.02 -2"><span class='ocrx_word' id='word_1_1' title='bbox 350 266 451 322; x_wconf 65' lang='grc' dir='ltr'><strong>εδδ</strong></span> 
     </span>
    </p>
   </div>
   <div class='ocr_carea' id='block_1_2' title="bbox 347 369 1926 444">
    <p class='ocr_par' dir='ltr' id='par_1_2' title="bbox 347 369 1926 444">
     <span class='ocr_line' id='line_1_2' title="bbox 347 369 1926 444; baseline -0.006 -9"><span class='ocrx_word' id='word_1_2' title='bbox 347 380 643 435; x_wconf 87' lang='lat' dir='ltr'><strong>obedientia</strong></span> <span class='ocrx_word' id='word_1_3' title='bbox 678 397 691 433; x_wconf 92' lang='lat'><strong>:</strong></span> <span class='ocrx_word' id='word_1_4' title='bbox 722 387 777 434; x_wconf 90' lang='lat' dir='ltr'><strong>et</strong></span> <span class='ocrx_word' id='word_1_5' title='bbox 816 392 885 434; x_wconf 89' lang='lat' dir='ltr'><strong>ne</strong></span> <span class='ocrx_word' id='word_1_6' title='bbox 917 376 1212 432; x_wconf 81' lang='lat' dir='ltr'><strong>descendas</strong></span> <span class='ocrx_word' id='word_1_7' title='bbox 1247 373 1300 427; x_wconf 92' lang='lat' dir='ltr'><strong>in</strong></span> <span class='ocrx_word' id='word_1_8' title='bbox 1341 370 1625 444; x_wconf 60' lang='lat' dir='ltr'><strong>Egyptum</strong></span> <span class='ocrx_word' id='word_1_9' title='bbox 1651 413 1665 437; x_wconf 93' lang='lat'><strong>,</strong></span> <span class='ocrx_word' id='word_1_10' title='bbox 1708 369 1801 426; x_wconf 87' lang='lat' dir='ltr'><strong>sed</strong></span> <span class='ocrx_word' id='word_1_11' title='bbox 1840 369 1926 425; x_wconf 88' lang='lat' dir='ltr'><strong>hic</strong></span> 
     </span>
    </p>
   </div>
   <div class='ocr_carea' id='block_1_3' title="bbox 346 462 1926 534">
    <p class='ocr_par' dir='ltr' id='par_1_3' title="bbox 346 462 1926 534">
     <span class='ocr_line' id='line_1_3' title="bbox 346 462 1926 534; baseline -0.008 -9"><span class='ocrx_word' id='word_1_12' title='bbox 346 487 524 526; x_wconf 84' lang='lat' dir='ltr'><strong>inane.</strong></span> <span class='ocrx_word' id='word_1_13' title='bbox 554 469 742 526; x_wconf 77' lang='lat' dir='ltr'><strong>Vidisti</strong></span> <span class='ocrx_word' id='word_1_14' title='bbox 772 469 861 523; x_wconf 85' lang='lat' dir='ltr'><strong>Dei</strong></span> <span class='ocrx_word' id='word_1_15' title='bbox 889 466 1329 532; x_wconf 87' lang='lat' dir='ltr'><strong>misericordiam,</strong></span> <span class='ocrx_word' id='word_1_16' title='bbox 1359 462 1625 534; x_wconf 91' lang='lat' dir='ltr'><strong>quomodo</strong></span> <span class='ocrx_word' id='word_1_17' title='bbox 1654 475 1749 531; x_wconf 90' lang='lat' dir='ltr'><strong>per</strong></span> <span class='ocrx_word' id='word_1_18' title='bbox 1779 476 1926 514; x_wconf 88' lang='lat' dir='ltr'><strong>men-</strong></span> 
     </span>
    </p>
   </div>
   <div class='ocr_carea' id='block_1_4' title="bbox 346 550 1923 627">
    <p class='ocr_par' dir='ltr' id='par_1_4' title="bbox 346 550 1923 627">
     <span class='ocr_line' id='line_1_4' title="bbox 346 550 1923 627; baseline -0.007 -13"><span class='ocrx_word' id='word_1_19' title='bbox 346 565 545 615; x_wconf 93' lang='lat' dir='ltr'><strong>tionem</strong></span> <span class='ocrx_word' id='word_1_20' title='bbox 582 560 794 614; x_wconf 90' lang='lat' dir='ltr'><strong>virtutis</strong></span> <span class='ocrx_word' id='word_1_21' title='bbox 838 557 1002 627; x_wconf 90' lang='lat' dir='ltr'><strong>patris</strong></span> <span class='ocrx_word' id='word_1_22' title='bbox 1048 556 1205 624; x_wconf 85' lang='lat' dir='ltr'><strong>hujus</strong></span> <span class='ocrx_word' id='word_1_23' title='bbox 1247 563 1481 610; x_wconf 88' lang='lat' dir='ltr'><strong>mentem</strong></span> <span class='ocrx_word' id='word_1_24' title='bbox 1520 550 1833 608; x_wconf 88' lang='lat' dir='ltr'><strong>roboravit?</strong></span> <span class='ocrx_word' id='word_1_25' title='bbox 1870 552 1923 606; x_wconf 90' lang='lat'><strong>6.</strong></span> 
     </span>
    </p>
   </div>
   <div class='ocr_carea' id='block_1_5' title="bbox 349 642 1926 717">
    <p class='ocr_par' dir='ltr' id='par_1_5' title="bbox 349 642 1926 717">
     <span class='ocr_line' id='line_1_5' title="bbox 349 642 1926 717; baseline -0.006 -10"><span class='ocrx_word' id='word_1_26' title='bbox 349 653 605 707; x_wconf 78' lang='lat' dir='ltr'><strong>Habitavit</strong></span> <span class='ocrx_word' id='word_1_27' title='bbox 628 660 795 705; x_wconf 87' lang='lat' dir='ltr'><strong>autem</strong></span> <span class='ocrx_word' id='word_1_28' title='bbox 820 648 969 705; x_wconf 88' lang='lat' dir='ltr'><strong>Isaac</strong></span> <span class='ocrx_word' id='word_1_29' title='bbox 990 651 1042 703; x_wconf 89' lang='lat' dir='ltr'><strong>in</strong></span> <span class='ocrx_word' id='word_1_30' title='bbox 1073 649 1293 704; x_wconf 84' lang='lat' dir='ltr'><strong>Geraris.</strong></span> <span class='ocrx_word' id='word_1_31' title='bbox 1314 647 1448 703; x_wconf 87' lang='lat' dir='ltr'><strong>Vide</strong></span> <span class='ocrx_word' id='word_1_32' title='bbox 1470 644 1736 717; x_wconf 91' lang='lat' dir='ltr'><strong>quomodo</strong></span> <span class='ocrx_word' id='word_1_33' title='bbox 1759 642 1926 698; x_wconf 88' lang='lat' dir='ltr'><strong>ferme</strong></span> 
     </span>
    </p>
   </div>
   <div class='ocr_carea' id='block_1_6' title="bbox 348 734 1923 812">
    <p class='ocr_par' dir='ltr' id='par_1_6' title="bbox 348 734 1923 812">
     <span class='ocr_line' id='line_1_6' title="bbox 348 734 1923 812; baseline -0.006 -13"><span class='ocrx_word' id='word_1_34' title='bbox 348 745 399 801; x_wconf 92' lang='lat' dir='ltr'><strong>in</strong></span> <span class='ocrx_word' id='word_1_35' title='bbox 441 745 626 801; x_wconf 88' lang='lat' dir='ltr'><strong>eadem</strong></span> <span class='ocrx_word' id='word_1_36' title='bbox 666 742 895 812; x_wconf 90' lang='lat' dir='ltr'><strong>pericula</strong></span> <span class='ocrx_word' id='word_1_37' title='bbox 935 741 1118 797; x_wconf 89' lang='lat' dir='ltr'><strong>incidit</strong></span> <span class='ocrx_word' id='word_1_38' title='bbox 1143 741 1265 806; x_wconf 91' lang='lat' dir='ltr'><strong>ille,</strong></span> <span class='ocrx_word' id='word_1_39' title='bbox 1297 740 1349 794; x_wconf 91' lang='lat' dir='ltr'><strong>in</strong></span> <span class='ocrx_word' id='word_1_40' title='bbox 1379 754 1497 809; x_wconf 68' lang='lat' dir='ltr'><strong>quas</strong></span> <span class='ocrx_word' id='word_1_41' title='bbox 1524 746 1578 794; x_wconf 90' lang='lat' dir='ltr'><strong>et</strong></span> <span class='ocrx_word' id='word_1_42' title='bbox 1612 746 1761 806; x_wconf 88' lang='lat' dir='ltr'><strong>pater</strong></span> <span class='ocrx_word' id='word_1_43' title='bbox 1786 734 1923 805; x_wconf 81' lang='lat' dir='ltr'><strong>ejus.</strong></span> 
     </span>
    </p>
   </div>
   <div class='ocr_carea' id='block_1_7' title="bbox 344 826 1926 897">
    <p class='ocr_par' dir='ltr' id='par_1_7' title="bbox 344 826 1926 897">
     <span class='ocr_line' id='line_1_7' title="bbox 344 826 1926 897; baseline -0.008 -6"><span class='ocrx_word' id='word_1_44' title='bbox 344 836 476 891; x_wconf 82' lang='lat' dir='ltr'><strong>Nam</strong></span> <span class='ocrx_word' id='word_1_45' title='bbox 506 850 627 895; x_wconf 87' lang='lat' dir='ltr'><strong>cum</strong></span> <span class='ocrx_word' id='word_1_46' title='bbox 653 834 975 889; x_wconf 85' lang='lat' dir='ltr'><strong>domicilium</strong></span> <span class='ocrx_word' id='word_1_47' title='bbox 1004 832 1225 887; x_wconf 77' lang='lat' dir='ltr'><strong>haberet</strong></span> <span class='ocrx_word' id='word_1_48' title='bbox 1252 831 1306 885; x_wconf 93' lang='lat' dir='ltr'><strong>in</strong></span> <span class='ocrx_word' id='word_1_49' title='bbox 1333 828 1583 894; x_wconf 88' lang='lat' dir='ltr'><strong>Geraris,</strong></span> <span class='ocrx_word' id='word_1_50' title='bbox 1616 827 1667 881; x_wconf 91' lang='lat'><strong>7.</strong></span> <span class='ocrx_word' id='word_1_51' title='bbox 1698 826 1926 897; x_wconf 78' lang='lat' dir='ltr'><strong>Bagoae-</strong></span> 
     </span>
    </p>
   </div>
   <div class='ocr_carea' id='block_1_8' title="bbox 346 916 1927 994">
    <p class='ocr_par' dir='ltr' id='par_1_8' title="bbox 346 916 1927 994">
     <span class='ocr_line' id='line_1_8' title="bbox 346 916 1927 994; baseline -0.008 -15"><span class='ocrx_word' id='word_1_52' title='bbox 346 935 464 979; x_wconf 78' lang='lat' dir='ltr'><strong>ruut</strong></span> <span class='ocrx_word' id='word_1_53' title='bbox 482 967 498 991; x_wconf 91' lang='lat'><strong>,</strong></span> <span class='ocrx_word' id='word_1_54' title='bbox 532 924 735 994; x_wconf 90' lang='lat' dir='ltr'><strong>inquit,</strong></span> <span class='ocrx_word' id='word_1_55' title='bbox 763 923 857 977; x_wconf 80' lang='lat' dir='ltr'><strong>uiri</strong></span> <span class='ocrx_word' id='word_1_56' title='bbox 883 922 981 975; x_wconf 86' lang='lat' dir='ltr'><strong>loci</strong></span> <span class='ocrx_word' id='word_1_57' title='bbox 1009 921 1149 974; x_wconf 82' lang='lat' dir='ltr'><strong>illius</strong></span> <span class='ocrx_word' id='word_1_58' title='bbox 1180 920 1242 973; x_wconf 87' lang='lat' dir='ltr'><strong>de</strong></span> <span class='ocrx_word' id='word_1_59' title='bbox 1270 918 1493 972; x_wconf 83' lang='lat' dir='ltr'><strong>Rebecca</strong></span> <span class='ocrx_word' id='word_1_60' title='bbox 1520 932 1676 970; x_wconf 88' lang='lat' dir='ltr'><strong>uxore</strong></span> <span class='ocrx_word' id='word_1_61' title='bbox 1706 916 1814 983; x_wconf 85' lang='lat' dir='ltr'><strong>ejus</strong></span> <span class='ocrx_word' id='word_1_62' title='bbox 1836 954 1851 979; x_wconf 92' lang='lat'><strong>,</strong></span> <span class='ocrx_word' id='word_1_63' title='bbox 1879 920 1927 967; x_wconf 86' lang='lat' dir='ltr'><strong>et</strong></span> 
     </span>
    </p>
   </div>
   <div class='ocr_carea' id='block_1_9' title="bbox 344 1003 1926 1081">
    <p class='ocr_par' dir='ltr' id='par_1_9' title="bbox 344 1003 1926 1081">
     <span class='ocr_line' id='line_1_9' title="bbox 344 1003 1926 1081; baseline -0.008 -12"><span class='ocrx_word' id='word_1_64' title='bbox 344 1016 493 1081; x_wconf 74' lang='lat' dir='ltr'><strong>dixit,</strong></span> <span class='ocrx_word' id='word_1_65' title='bbox 526 1013 687 1069; x_wconf 87' lang='lat' dir='ltr'><strong>Soror</strong></span> <span class='ocrx_word' id='word_1_66' title='bbox 712 1028 822 1066; x_wconf 84' lang='lat' dir='ltr'><strong>mea</strong></span> <span class='ocrx_word' id='word_1_67' title='bbox 848 1020 960 1073; x_wconf 87' lang='lat' dir='ltr'><strong>est;</strong></span> <span class='ocrx_word' id='word_1_68' title='bbox 991 1011 1162 1065; x_wconf 87' lang='lat' dir='ltr'><strong>timuit</strong></span> <span class='ocrx_word' id='word_1_69' title='bbox 1188 1009 1330 1065; x_wconf 92' lang='lat' dir='ltr'><strong>enim</strong></span> <span class='ocrx_word' id='word_1_70' title='bbox 1362 1022 1429 1063; x_wconf 91' lang='lat' dir='ltr'><strong>ne</strong></span> <span class='ocrx_word' id='word_1_71' title='bbox 1457 1006 1596 1061; x_wconf 89' lang='lat' dir='ltr'><strong>forte</strong></span> <span class='ocrx_word' id='word_1_72' title='bbox 1621 1003 1926 1059; x_wconf 89' lang='lat' dir='ltr'><strong>occiderent</strong></span> 
     </span>
    </p>
   </div>
   <div class='ocr_carea' id='block_1_10' title="bbox 344 1095 1928 1174">
    <p class='ocr_par' dir='ltr' id='par_1_10' title="bbox 344 1095 1928 1174">
     <span class='ocr_line' id='line_1_10' title="bbox 344 1095 1928 1174; baseline -0.009 -15"><span class='ocrx_word' id='word_1_73' title='bbox 344 1123 466 1161; x_wconf 86' lang='lat' dir='ltr'><strong>cum</strong></span> <span class='ocrx_word' id='word_1_74' title='bbox 491 1147 507 1172; x_wconf 90' lang='lat'><strong>,</strong></span> <span class='ocrx_word' id='word_1_75' title='bbox 549 1106 673 1159; x_wconf 84' lang='lat' dir='ltr'><strong>victi</strong></span> <span class='ocrx_word' id='word_1_76' title='bbox 717 1101 1111 1174; x_wconf 85' lang='lat' dir='ltr'><strong>pulchritudine</strong></span> <span class='ocrx_word' id='word_1_77' title='bbox 1152 1099 1333 1155; x_wconf 82' lang='lat' dir='ltr'><strong>uxoris</strong></span> <span class='ocrx_word' id='word_1_78' title='bbox 1366 1116 1380 1154; x_wconf 87' lang='lat'><strong>:</strong></span> <span class='ocrx_word' id='word_1_79' title='bbox 1418 1096 1500 1151; x_wconf 89' lang='lat' dir='ltr'><strong>Ne</strong></span> <span class='ocrx_word' id='word_1_80' title='bbox 1537 1097 1665 1166; x_wconf 75' lang='lat' dir='ltr'><strong>forte</strong></span> <span class='ocrx_word' id='word_1_81' title='bbox 1699 1095 1928 1150; x_wconf 87' lang='lat' dir='ltr'><strong>occidant</strong></span> 
     </span>
    </p>
   </div>
   <div class='ocr_carea' id='block_1_11' title="bbox 344 1185 1927 1265">
    <p class='ocr_par' dir='ltr' id='par_1_11' title="bbox 344 1185 1927 1265">
     <span class='ocr_line' id='line_1_11' title="bbox 344 1185 1927 1265; baseline -0.009 -13"><span class='ocrx_word' id='word_1_82' title='bbox 344 1214 460 1252; x_wconf 80' lang='lat' dir='ltr'><strong>cum</strong></span> <span class='ocrx_word' id='word_1_83' title='bbox 480 1238 497 1263; x_wconf 93' lang='lat'><strong>,</strong></span> <span class='ocrx_word' id='word_1_84' title='bbox 527 1196 734 1265; x_wconf 87' lang='lat' dir='ltr'><strong>inquit,</strong></span> <span class='ocrx_word' id='word_1_85' title='bbox 762 1194 856 1248; x_wconf 79' lang='lat' dir='ltr'><strong>viri</strong></span> <span class='ocrx_word' id='word_1_86' title='bbox 881 1192 978 1247; x_wconf 81' lang='lat' dir='ltr'><strong>loci</strong></span> <span class='ocrx_word' id='word_1_87' title='bbox 1006 1201 1210 1262; x_wconf 80' lang='lat' dir='ltr'><strong>propter</strong></span> <span class='ocrx_word' id='word_1_88' title='bbox 1238 1189 1508 1244; x_wconf 73' lang='lat' dir='ltr'><strong>Rebeccam</strong></span> <span class='ocrx_word' id='word_1_89' title='bbox 1527 1229 1543 1254; x_wconf 96' lang='lat'><strong>,</strong></span> <span class='ocrx_word' id='word_1_90' title='bbox 1570 1189 1689 1258; x_wconf 83' lang='lat' dir='ltr'><strong>quia</strong></span> <span class='ocrx_word' id='word_1_91' title='bbox 1715 1185 1927 1258; x_wconf 79' lang='lat' dir='ltr'><strong>pulchra</strong></span> 
     </span>
    </p>
   </div>
   <div class='ocr_carea' id='block_1_12' title="bbox 344 1278 1926 1358">
    <p class='ocr_par' dir='ltr' id='par_1_12' title="bbox 344 1278 1926 1358">
     <span class='ocr_line' id='line_1_12' title="bbox 344 1278 1926 1358; baseline -0.004 -20"><span class='ocrx_word' id='word_1_92' title='bbox 344 1290 474 1358; x_wconf 72' lang='lat' dir='ltr'><strong>facie</strong></span> <span class='ocrx_word' id='word_1_93' title='bbox 502 1297 626 1342; x_wconf 88' lang='lat' dir='ltr'><strong>erat.</strong></span> <span class='ocrx_word' id='word_1_94' title='bbox 649 1287 701 1342; x_wconf 90' lang='lat'><strong>8.</strong></span> <span class='ocrx_word' id='word_1_95' title='bbox 730 1280 853 1339; x_wconf 81' lang='lat' dir='ltr'><strong>Fuit</strong></span> <span class='ocrx_word' id='word_1_96' title='bbox 880 1294 1047 1339; x_wconf 80' lang='lat' dir='ltr'><strong>autent</strong></span> <span class='ocrx_word' id='word_1_97' title='bbox 1074 1284 1178 1339; x_wconf 82' lang='lat' dir='ltr'><strong>illic</strong></span> <span class='ocrx_word' id='word_1_98' title='bbox 1206 1284 1355 1353; x_wconf 82' lang='lat' dir='ltr'><strong>longo</strong></span> <span class='ocrx_word' id='word_1_99' title='bbox 1380 1291 1617 1351; x_wconf 84' lang='lat' dir='ltr'><strong>tempore.</strong></span> <span class='ocrx_word' id='word_1_100' title='bbox 1645 1278 1926 1333; x_wconf 77' lang='lat' dir='ltr'><strong>Abimetecli</strong></span> 
     </span>
    </p>
   </div>
   <div class='ocr_carea' id='block_1_13' title="bbox 343 1368 1924 1446">
    <p class='ocr_par' dir='ltr' id='par_1_13' title="bbox 343 1368 1924 1446">
     <span class='ocr_line' id='line_1_13' title="bbox 343 1368 1924 1446; baseline -0.007 -14"><span class='ocrx_word' id='word_1_101' title='bbox 343 1389 509 1433; x_wconf 76' lang='lat' dir='ltr'><strong>autem</strong></span> <span class='ocrx_word' id='word_1_102' title='bbox 533 1394 647 1432; x_wconf 84' lang='lat' dir='ltr'><strong>cum</strong></span> <span class='ocrx_word' id='word_1_103' title='bbox 685 1377 989 1446; x_wconf 72' lang='lat' dir='ltr'><strong>prospiceret</strong></span> <span class='ocrx_word' id='word_1_104' title='bbox 1022 1390 1113 1445; x_wconf 86' lang='lat' dir='ltr'><strong>per</strong></span> <span class='ocrx_word' id='word_1_105' title='bbox 1151 1376 1454 1444; x_wconf 71' lang='lat' dir='ltr'><strong>fenestram,</strong></span> <span class='ocrx_word' id='word_1_106' title='bbox 1482 1370 1605 1424; x_wconf 82' lang='lat' dir='ltr'><strong>vidit</strong></span> <span class='ocrx_word' id='word_1_107' title='bbox 1647 1368 1798 1423; x_wconf 87' lang='lat' dir='ltr'><strong>Isaac</strong></span> <span class='ocrx_word' id='word_1_108' title='bbox 1838 1369 1924 1422; x_wconf 84' lang='lat' dir='ltr'><strong>lu-</strong></span> 
     </span>
    </p>
   </div>
   <div class='ocr_carea' id='block_1_14' title="bbox 345 1462 1928 1527">
    <p class='ocr_par' dir='ltr' id='par_1_14' title="bbox 345 1462 1928 1527">
     <span class='ocr_line' id='line_1_14' title="bbox 345 1462 1928 1527; baseline -0.005 -6"><span class='ocrx_word' id='word_1_109' title='bbox 345 1470 539 1522; x_wconf 82' lang='lat' dir='ltr'><strong>dentem</strong></span> <span class='ocrx_word' id='word_1_110' title='bbox 580 1482 694 1520; x_wconf 87' lang='lat' dir='ltr'><strong>cum</strong></span> <span class='ocrx_word' id='word_1_111' title='bbox 735 1465 959 1521; x_wconf 85' lang='lat' dir='ltr'><strong>Rebecca</strong></span> <span class='ocrx_word' id='word_1_112' title='bbox 993 1480 1151 1518; x_wconf 84' lang='lat' dir='ltr'><strong>uxore</strong></span> <span class='ocrx_word' id='word_1_113' title='bbox 1181 1480 1276 1517; x_wconf 90' lang='lat' dir='ltr'><strong>sua</strong></span> <span class='ocrx_word' id='word_1_114' title='bbox 1295 1502 1307 1526; x_wconf 92' lang='lat'><strong>,</strong></span> <span class='ocrx_word' id='word_1_115' title='bbox 1336 1463 1390 1518; x_wconf 89' lang='lat'><strong>9.</strong></span> <span class='ocrx_word' id='word_1_116' title='bbox 1420 1470 1465 1516; x_wconf 89' lang='lat' dir='ltr'><strong>et</strong></span> <span class='ocrx_word' id='word_1_117' title='bbox 1494 1462 1681 1515; x_wconf 77' lang='lat' dir='ltr'><strong>vocavit</strong></span> <span class='ocrx_word' id='word_1_118' title='bbox 1710 1477 1851 1527; x_wconf 86' lang='lat' dir='ltr'><strong>eum,</strong></span> <span class='ocrx_word' id='word_1_119' title='bbox 1883 1469 1928 1515; x_wconf 86' lang='lat' dir='ltr'><strong>et</strong></span> 
     </span>
    </p>
   </div>
   <div class='ocr_carea' id='block_1_15' title="bbox 343 1551 1930 1629">
    <p class='ocr_par' dir='ltr' id='par_1_15' title="bbox 343 1551 1930 1629">
     <span class='ocr_line' id='line_1_15' title="bbox 343 1551 1930 1629; baseline -0.004 -17"><span class='ocrx_word' id='word_1_120' title='bbox 343 1560 471 1612; x_wconf 78' lang='lat' dir='ltr'><strong>dixit</strong></span> <span class='ocrx_word' id='word_1_121' title='bbox 496 1559 542 1613; x_wconf 80' lang='lat' dir='ltr'><strong>ei</strong></span> <span class='ocrx_word' id='word_1_122' title='bbox 571 1573 590 1612; x_wconf 87' lang='lat'><strong><em>:</em></strong></span> <span class='ocrx_word' id='word_1_123' title='bbox 618 1556 854 1629; x_wconf 82' lang='lat' dir='ltr'><strong>Profecto</strong></span> <span class='ocrx_word' id='word_1_124' title='bbox 888 1572 1017 1610; x_wconf 85' lang='lat' dir='ltr'><strong>uxor</strong></span> <span class='ocrx_word' id='word_1_125' title='bbox 1046 1564 1131 1608; x_wconf 88' lang='lat' dir='ltr'><strong>tua</strong></span> <span class='ocrx_word' id='word_1_126' title='bbox 1156 1564 1245 1609; x_wconf 87' lang='lat' dir='ltr'><strong>est.</strong></span> <span class='ocrx_word' id='word_1_127' title='bbox 1273 1552 1375 1608; x_wconf 88' lang='lat' dir='ltr'><strong>Cur</strong></span> <span class='ocrx_word' id='word_1_128' title='bbox 1396 1553 1601 1616; x_wconf 88' lang='lat' dir='ltr'><strong>dixisti,</strong></span> <span class='ocrx_word' id='word_1_129' title='bbox 1630 1551 1792 1607; x_wconf 87' lang='lat' dir='ltr'><strong>Soror</strong></span> <span class='ocrx_word' id='word_1_130' title='bbox 1818 1567 1930 1605; x_wconf 82' lang='lat' dir='ltr'><strong>mea</strong></span> 
     </span>
    </p>
   </div>
   <div class='ocr_carea' id='block_1_16' title="bbox 342 1645 1926 1720">
    <p class='ocr_par' dir='ltr' id='par_1_16' title="bbox 342 1645 1926 1720">
     <span class='ocr_line' id='line_1_16' title="bbox 342 1645 1926 1720; baseline -0.004 -15"><span class='ocrx_word' id='word_1_131' title='bbox 342 1666 415 1705; x_wconf 82' lang='lat' dir='ltr'><strong>est</strong></span> <span class='ocrx_word' id='word_1_132' title='bbox 432 1654 457 1705; x_wconf 72' lang='grc'><em>7</em></span> <span class='ocrx_word' id='word_1_133' title='bbox 480 1651 767 1720; x_wconf 86' lang='lat' dir='ltr'><strong>Postquam</strong></span> <span class='ocrx_word' id='word_1_134' title='bbox 795 1664 862 1704; x_wconf 84' lang='lat' dir='ltr'><strong>ex</strong></span> <span class='ocrx_word' id='word_1_135' title='bbox 890 1648 1210 1718; x_wconf 87' lang='lat' dir='ltr'><strong>conjecturis</strong></span> <span class='ocrx_word' id='word_1_136' title='bbox 1235 1646 1600 1716; x_wconf 87' lang='lat' dir='ltr'><strong>deprehensus</strong></span> <span class='ocrx_word' id='word_1_137' title='bbox 1625 1655 1709 1701; x_wconf 89' lang='lat' dir='ltr'><strong>est</strong></span> <span class='ocrx_word' id='word_1_138' title='bbox 1728 1645 1926 1714; x_wconf 86' lang='lat' dir='ltr'><strong>justus,</strong></span> 
     </span>
    </p>
   </div>
   <div class='ocr_carea' id='block_1_17' title="bbox 344 1736 1929 1811">
    <p class='ocr_par' dir='ltr' id='par_1_17' title="bbox 344 1736 1929 1811">
     <span class='ocr_line' id='line_1_17' title="bbox 344 1736 1929 1811; baseline -0.004 -12"><span class='ocrx_word' id='word_1_139' title='bbox 344 1759 452 1799; x_wconf 89' lang='lat' dir='ltr'><strong>non</strong></span> <span class='ocrx_word' id='word_1_140' title='bbox 491 1742 623 1798; x_wconf 87' lang='lat' dir='ltr'><strong>ultra</strong></span> <span class='ocrx_word' id='word_1_141' title='bbox 666 1750 822 1811; x_wconf 84' lang='lat' dir='ltr'><strong>negat</strong></span> <span class='ocrx_word' id='word_1_142' title='bbox 855 1757 869 1795; x_wconf 90' lang='lat'><strong>:</strong></span> <span class='ocrx_word' id='word_1_143' title='bbox 901 1740 995 1795; x_wconf 90' lang='lat' dir='ltr'><strong>sed</strong></span> <span class='ocrx_word' id='word_1_144' title='bbox 1037 1741 1260 1804; x_wconf 78' lang='lat' dir='ltr'><strong>fatetur,</strong></span> <span class='ocrx_word' id='word_1_145' title='bbox 1295 1747 1350 1811; x_wconf 87' lang='lat' dir='ltr'><strong>et</strong></span> <span class='ocrx_word' id='word_1_146' title='bbox 1391 1753 1604 1793; x_wconf 81' lang='lat' dir='ltr'><strong>causam</strong></span> <span class='ocrx_word' id='word_1_147' title='bbox 1651 1736 1929 1793; x_wconf 77' lang='lat' dir='ltr'><strong>manifeste</strong></span> 
     </span>
    </p>
   </div>
   <div class='ocr_carea' id='block_1_18' title="bbox 342 1830 1925 1905">
    <p class='ocr_par' dir='ltr' id='par_1_18' title="bbox 342 1830 1925 1905">
     <span class='ocr_line' id='line_1_18' title="bbox 342 1830 1925 1905; baseline -0.004 -16"><span class='ocrx_word' id='word_1_148' title='bbox 342 1836 513 1899; x_wconf 83' lang='lat' dir='ltr'><strong>affert,</strong></span> <span class='ocrx_word' id='word_1_149' title='bbox 537 1849 701 1905; x_wconf 89' lang='lat' dir='ltr'><strong>quare</strong></span> <span class='ocrx_word' id='word_1_150' title='bbox 724 1849 961 1890; x_wconf 88' lang='lat' dir='ltr'><strong>sororem</strong></span> <span class='ocrx_word' id='word_1_151' title='bbox 984 1833 1272 1889; x_wconf 79' lang='lat' dir='ltr'><strong>vocandum</strong></span> <span class='ocrx_word' id='word_1_152' title='bbox 1298 1832 1582 1887; x_wconf 89' lang='lat' dir='ltr'><strong>censuerit.</strong></span> <span class='ocrx_word' id='word_1_153' title='bbox 1614 1830 1753 1885; x_wconf 82' lang='lat' dir='ltr'><strong>Dixit</strong></span> <span class='ocrx_word' id='word_1_154' title='bbox 1775 1830 1925 1893; x_wconf 85' lang='lat' dir='ltr'><strong>enim,</strong></span> 
     </span>
    </p>
   </div>
   <div class='ocr_carea' id='block_1_19' title="bbox 341 1921 1930 1999">
    <p class='ocr_par' dir='ltr' id='par_1_19' title="bbox 341 1921 1930 1999">
     <span class='ocr_line' id='line_1_19' title="bbox 341 1921 1930 1999; baseline -0.006 -16"><span class='ocrx_word' id='word_1_155' title='bbox 341 1930 542 1999; x_wconf 86' lang='lat' dir='ltr'><strong>inquit,</strong></span> <span class='ocrx_word' id='word_1_156' title='bbox 578 1927 660 1983; x_wconf 82' lang='lat' dir='ltr'><strong>Ne</strong></span> <span class='ocrx_word' id='word_1_157' title='bbox 695 1931 824 1999; x_wconf 83' lang='lat' dir='ltr'><strong>forte</strong></span> <span class='ocrx_word' id='word_1_158' title='bbox 857 1928 1049 1982; x_wconf 88' lang='lat' dir='ltr'><strong>moriar</strong></span> <span class='ocrx_word' id='word_1_159' title='bbox 1082 1934 1285 1996; x_wconf 83' lang='lat' dir='ltr'><strong>propter</strong></span> <span class='ocrx_word' id='word_1_160' title='bbox 1319 1925 1483 1995; x_wconf 90' lang='lat' dir='ltr'><strong>ipsam</strong></span> <span class='ocrx_word' id='word_1_161' title='bbox 1511 1940 1529 1978; x_wconf 92' lang='lat'><strong><em>:</em></strong></span> <span class='ocrx_word' id='word_1_162' title='bbox 1558 1922 1743 1977; x_wconf 86' lang='lat' dir='ltr'><strong>mortis</strong></span> <span class='ocrx_word' id='word_1_163' title='bbox 1773 1921 1930 1981; x_wconf 78' lang='lat' dir='ltr'><strong>timor</strong></span> 
     </span>
    </p>
   </div>
   <div class='ocr_carea' id='block_1_20' title="bbox 343 2014 1928 2090">
    <p class='ocr_par' dir='ltr' id='par_1_20' title="bbox 343 2014 1928 2090">
     <span class='ocr_line' id='line_1_20' title="bbox 343 2014 1928 2090; baseline -0.006 -16"><span class='ocrx_word' id='word_1_164' title='bbox 343 2036 429 2077; x_wconf 89' lang='lat' dir='ltr'><strong>me</strong></span> <span class='ocrx_word' id='word_1_165' title='bbox 456 2020 554 2074; x_wconf 91' lang='lat' dir='ltr'><strong>hoc</strong></span> <span class='ocrx_word' id='word_1_166' title='bbox 584 2035 743 2090; x_wconf 85' lang='lat' dir='ltr'><strong>agere</strong></span> <span class='ocrx_word' id='word_1_167' title='bbox 771 2018 963 2088; x_wconf 78' lang='lat' dir='ltr'><strong>coegit.</strong></span> <span class='ocrx_word' id='word_1_168' title='bbox 1005 2017 1164 2071; x_wconf 89' lang='lat' dir='ltr'><strong>Forte</strong></span> <span class='ocrx_word' id='word_1_169' title='bbox 1196 2024 1374 2070; x_wconf 90' lang='lat' dir='ltr'><strong>autem</strong></span> <span class='ocrx_word' id='word_1_170' title='bbox 1408 2014 1627 2069; x_wconf 89' lang='lat' dir='ltr'><strong>edoctus</strong></span> <span class='ocrx_word' id='word_1_171' title='bbox 1654 2020 1803 2076; x_wconf 86' lang='lat' dir='ltr'><strong>erat,</strong></span> <span class='ocrx_word' id='word_1_172' title='bbox 1833 2027 1928 2079; x_wconf 87' lang='lat' dir='ltr'><strong>pa-</strong></span> 
     </span>
    </p>
   </div>
   <div class='ocr_carea' id='block_1_21' title="bbox 343 2100 1926 2180">
    <p class='ocr_par' dir='ltr' id='par_1_21' title="bbox 343 2100 1926 2180">
     <span class='ocr_line' id='line_1_21' title="bbox 343 2100 1926 2180; baseline -0.008 -14"><span class='ocrx_word' id='word_1_173' title='bbox 343 2122 477 2166; x_wconf 88' lang='lat' dir='ltr'><strong>trem</strong></span> <span class='ocrx_word' id='word_1_174' title='bbox 517 2125 728 2180; x_wconf 91' lang='lat' dir='ltr'><strong>quoque</strong></span> <span class='ocrx_word' id='word_1_175' title='bbox 773 2108 932 2163; x_wconf 89' lang='lat' dir='ltr'><strong>talem</strong></span> <span class='ocrx_word' id='word_1_176' title='bbox 976 2106 1204 2163; x_wconf 84' lang='lat' dir='ltr'><strong>fabulam</strong></span> <span class='ocrx_word' id='word_1_177' title='bbox 1255 2112 1615 2161; x_wconf 89' lang='lat' dir='ltr'><strong>commentum</strong></span> <span class='ocrx_word' id='word_1_178' title='bbox 1656 2102 1734 2156; x_wconf 89' lang='lat' dir='ltr'><strong>sic</strong></span> <span class='ocrx_word' id='word_1_179' title='bbox 1772 2100 1926 2155; x_wconf 88' lang='lat' dir='ltr'><strong>saluti</strong></span> 
     </span>
    </p>
   </div>
   <div class='ocr_carea' id='block_1_22' title="bbox 344 2194 1927 2271">
    <p class='ocr_par' dir='ltr' id='par_1_22' title="bbox 344 2194 1927 2271">
     <span class='ocr_line' id='line_1_22' title="bbox 344 2194 1927 2271; baseline -0.008 -12"><span class='ocrx_word' id='word_1_180' title='bbox 344 2219 455 2260; x_wconf 67' lang='lat' dir='ltr'><strong>sua:</strong></span> <span class='ocrx_word' id='word_1_181' title='bbox 478 2203 843 2266; x_wconf 87' lang='lat' dir='ltr'><strong>consuluisse;</strong></span> <span class='ocrx_word' id='word_1_182' title='bbox 869 2201 1019 2271; x_wconf 85' lang='lat' dir='ltr'><strong>cujus</strong></span> <span class='ocrx_word' id='word_1_183' title='bbox 1038 2200 1180 2255; x_wconf 89' lang='lat' dir='ltr'><strong>viam</strong></span> <span class='ocrx_word' id='word_1_184' title='bbox 1204 2208 1259 2254; x_wconf 90' lang='lat' dir='ltr'><strong>et</strong></span> <span class='ocrx_word' id='word_1_185' title='bbox 1284 2198 1397 2268; x_wconf 89' lang='lat' dir='ltr'><strong>ipse</strong></span> <span class='ocrx_word' id='word_1_186' title='bbox 1421 2205 1674 2266; x_wconf 85' lang='lat' dir='ltr'><strong>sequutus</strong></span> <span class='ocrx_word' id='word_1_187' title='bbox 1694 2202 1794 2250; x_wconf 82' lang='lat' dir='ltr'><strong>est.</strong></span> <span class='ocrx_word' id='word_1_188' title='bbox 1824 2194 1927 2247; x_wconf 87' lang='lat' dir='ltr'><strong>Sed</strong></span> 
     </span>
    </p>
   </div>
   <div class='ocr_carea' id='block_1_23' title="bbox 346 2287 1929 2362">
    <p class='ocr_par' dir='ltr' id='par_1_23' title="bbox 346 2287 1929 2362">
     <span class='ocr_line' id='line_1_23' title="bbox 346 2287 1929 2362; baseline -0.006 -11"><span class='ocrx_word' id='word_1_189' title='bbox 346 2312 439 2352; x_wconf 81' lang='lat' dir='ltr'><strong>rex</strong></span> <span class='ocrx_word' id='word_1_190' title='bbox 480 2295 654 2350; x_wconf 86' lang='lat' dir='ltr'><strong>adhuc</strong></span> <span class='ocrx_word' id='word_1_191' title='bbox 700 2307 906 2349; x_wconf 89' lang='lat' dir='ltr'><strong>memor</strong></span> <span class='ocrx_word' id='word_1_192' title='bbox 952 2308 1138 2349; x_wconf 90' lang='lat' dir='ltr'><strong>eorum</strong></span> <span class='ocrx_word' id='word_1_193' title='bbox 1182 2306 1299 2362; x_wconf 78' lang='lat' dir='ltr'><strong>quae</strong></span> <span class='ocrx_word' id='word_1_194' title='bbox 1340 2300 1579 2359; x_wconf 89' lang='lat' dir='ltr'><strong>tempore</strong></span> <span class='ocrx_word' id='word_1_195' title='bbox 1616 2287 1929 2358; x_wconf 73' lang='lat' dir='ltr'><strong>patriarchas</strong></span> 
     </span>
    </p>
   </div>
   <div class='ocr_carea' id='block_1_24' title="bbox 345 2382 1930 2463">
    <p class='ocr_par' dir='ltr' id='par_1_24' title="bbox 345 2382 1930 2463">
     <span class='ocr_line' id='line_1_24' title="bbox 345 2382 1930 2463; baseline -0.006 -20"><span class='ocrx_word' id='word_1_196' title='bbox 345 2398 497 2458; x_wconf 86' lang='lat' dir='ltr'><strong>rapta</strong></span> <span class='ocrx_word' id='word_1_197' title='bbox 536 2388 695 2443; x_wconf 89' lang='lat' dir='ltr'><strong>Sarra</strong></span> <span class='ocrx_word' id='word_1_198' title='bbox 736 2401 926 2456; x_wconf 86' lang='lat' dir='ltr'><strong>passus</strong></span> <span class='ocrx_word' id='word_1_199' title='bbox 962 2385 1169 2450; x_wconf 86' lang='lat' dir='ltr'><strong>fuerat,</strong></span> <span class='ocrx_word' id='word_1_200' title='bbox 1211 2384 1388 2463; x_wconf 79' lang='lat' dir='ltr'><strong>statim</strong></span> <span class='ocrx_word' id='word_1_201' title='bbox 1428 2384 1498 2439; x_wconf 85' lang='lat' dir='ltr'><strong>oh</strong></span> <span class='ocrx_word' id='word_1_202' title='bbox 1529 2382 1930 2452; x_wconf 80' lang='lat' dir='ltr'><strong>castigationem</strong></span> 
     </span>
    </p>
   </div>
   <div class='ocr_carea' id='block_1_25' title="bbox 342 2473 1927 2546">
    <p class='ocr_par' dir='ltr' id='par_1_25' title="bbox 342 2473 1927 2546">
     <span class='ocr_line' id='line_1_25' title="bbox 342 2473 1927 2546; baseline -0.006 -11"><span class='ocrx_word' id='word_1_203' title='bbox 342 2481 468 2535; x_wconf 92' lang='lat' dir='ltr'><strong>olim</strong></span> <span class='ocrx_word' id='word_1_204' title='bbox 497 2478 785 2534; x_wconf 75' lang='lat' dir='ltr'><strong>immissum</strong></span> <span class='ocrx_word' id='word_1_205' title='bbox 812 2494 870 2533; x_wconf 86' lang='lat' dir='ltr'><strong>se</strong></span> <span class='ocrx_word' id='word_1_206' title='bbox 898 2492 1045 2532; x_wconf 91' lang='lat' dir='ltr'><strong>reum</strong></span> <span class='ocrx_word' id='word_1_207' title='bbox 1064 2477 1391 2532; x_wconf 89' lang='lat' dir='ltr'><strong>constituens</strong></span> <span class='ocrx_word' id='word_1_208' title='bbox 1412 2474 1506 2546; x_wconf 83' lang='grc' dir='ltr'><strong>(α),</strong></span> <span class='ocrx_word' id='word_1_209' title='bbox 1535 2475 1667 2530; x_wconf 91' lang='lat' dir='ltr'><strong>dixit</strong></span> <span class='ocrx_word' id='word_1_210' title='bbox 1688 2474 1765 2529; x_wconf 88' lang='lat' dir='ltr'><strong>illi</strong></span> <span class='ocrx_word' id='word_1_211' title='bbox 1797 2491 1810 2526; x_wconf 90' lang='lat'><strong>:</strong></span> <span class='ocrx_word' id='word_1_212' title='bbox 1842 2473 1927 2528; x_wconf 84' lang='grc'><strong>10.</strong></span> 
     </span>
    </p>
   </div>
   <div class='ocr_carea' id='block_1_26' title="bbox 344 2565 1929 2642">
    <p class='ocr_par' dir='ltr' id='par_1_26' title="bbox 344 2565 1929 2642">
     <span class='ocr_line' id='line_1_26' title="bbox 344 2565 1929 2642; baseline -0.005 -15"><span class='ocrx_word' id='word_1_213' title='bbox 344 2573 448 2629; x_wconf 83' lang='lat' dir='ltr'><strong>Cur</strong></span> <span class='ocrx_word' id='word_1_214' title='bbox 486 2574 580 2627; x_wconf 74' lang='lat' dir='ltr'><strong>hoc</strong></span> <span class='ocrx_word' id='word_1_215' title='bbox 614 2570 817 2642; x_wconf 78' lang='lat' dir='ltr'><strong>fecisti?</strong></span> <span class='ocrx_word' id='word_1_216' title='bbox 853 2568 1047 2623; x_wconf 86' lang='lat' dir='ltr'><strong>Parum</strong></span> <span class='ocrx_word' id='word_1_217' title='bbox 1088 2569 1248 2637; x_wconf 74' lang='lat' dir='ltr'><strong>abfuit</strong></span> <span class='ocrx_word' id='word_1_218' title='bbox 1289 2568 1409 2635; x_wconf 82' lang='lat' dir='ltr'><strong>quin</strong></span> <span class='ocrx_word' id='word_1_219' title='bbox 1447 2565 1762 2621; x_wconf 81' lang='lat' dir='ltr'><strong>concubuerit</strong></span> <span class='ocrx_word' id='word_1_220' title='bbox 1789 2566 1929 2635; x_wconf 82' lang='lat' dir='ltr'><strong>quis-</strong></span> 
     </span>
    </p>
   </div>
   <div class='ocr_carea' id='block_1_27' title="bbox 345 2657 1931 2737">
    <p class='ocr_par' dir='ltr' id='par_1_27' title="bbox 345 2657 1931 2737">
     <span class='ocr_line' id='line_1_27' title="bbox 345 2657 1931 2737; baseline -0.006 -19"><span class='ocrx_word' id='word_1_221' title='bbox 345 2667 483 2737; x_wconf 84' lang='lat' dir='ltr'><strong>piam</strong></span> <span class='ocrx_word' id='word_1_222' title='bbox 514 2664 575 2717; x_wconf 89' lang='lat' dir='ltr'><strong>dc</strong></span> <span class='ocrx_word' id='word_1_223' title='bbox 601 2678 781 2733; x_wconf 83' lang='lat' dir='ltr'><strong>genere</strong></span> <span class='ocrx_word' id='word_1_224' title='bbox 816 2677 925 2715; x_wconf 90' lang='lat' dir='ltr'><strong>meo</strong></span> <span class='ocrx_word' id='word_1_225' title='bbox 950 2677 1065 2715; x_wconf 85' lang='lat' dir='ltr'><strong>cum</strong></span> <span class='ocrx_word' id='word_1_226' title='bbox 1092 2675 1247 2715; x_wconf 81' lang='lat' dir='ltr'><strong>uxore</strong></span> <span class='ocrx_word' id='word_1_227' title='bbox 1270 2666 1376 2725; x_wconf 89' lang='lat' dir='ltr'><strong>tua,</strong></span> <span class='ocrx_word' id='word_1_228' title='bbox 1400 2668 1446 2712; x_wconf 89' lang='lat' dir='ltr'><strong>et</strong></span> <span class='ocrx_word' id='word_1_229' title='bbox 1473 2657 1755 2712; x_wconf 87' lang='lat' dir='ltr'><strong>induxisses</strong></span> <span class='ocrx_word' id='word_1_230' title='bbox 1780 2671 1931 2724; x_wconf 86' lang='lat' dir='ltr'><strong>super</strong></span> 
     </span>
    </p>
   </div>
   <div class='ocr_carea' id='block_1_28' title="bbox 346 2746 1931 2827">
    <p class='ocr_par' dir='ltr' id='par_1_28' title="bbox 346 2746 1931 2827">
     <span class='ocr_line' id='line_1_28' title="bbox 346 2746 1931 2827; baseline -0.006 -19"><span class='ocrx_word' id='word_1_231' title='bbox 346 2773 438 2811; x_wconf 86' lang='lat' dir='ltr'><strong>nos</strong></span> <span class='ocrx_word' id='word_1_232' title='bbox 466 2754 843 2827; x_wconf 84' lang='lat' dir='ltr'><strong>ignorantiam?</strong></span> <span class='ocrx_word' id='word_1_233' title='bbox 866 2752 1014 2807; x_wconf 82' lang='lat' dir='ltr'><strong>Hanc</strong></span> <span class='ocrx_word' id='word_1_234' title='bbox 1038 2751 1297 2813; x_wconf 85' lang='lat' dir='ltr'><strong>fraudem,</strong></span> <span class='ocrx_word' id='word_1_235' title='bbox 1331 2749 1519 2820; x_wconf 85' lang='lat' dir='ltr'><strong>inquit,</strong></span> <span class='ocrx_word' id='word_1_236' title='bbox 1542 2760 1596 2803; x_wconf 88' lang='lat' dir='ltr'><strong>et</strong></span> <span class='ocrx_word' id='word_1_237' title='bbox 1620 2748 1745 2802; x_wconf 92' lang='lat' dir='ltr'><strong>olim</strong></span> <span class='ocrx_word' id='word_1_238' title='bbox 1773 2746 1931 2803; x_wconf 83' lang='lat' dir='ltr'><strong>susti-</strong></span> 
     </span>
    </p>
   </div>
   <div class='ocr_carea' id='block_1_29' title="bbox 344 2842 1928 2916">
    <p class='ocr_par' dir='ltr' id='par_1_29' title="bbox 344 2842 1928 2916">
     <span class='ocr_line' id='line_1_29' title="bbox 344 2842 1928 2916; baseline -0.008 -14"><span class='ocrx_word' id='word_1_239' title='bbox 344 2847 559 2902; x_wconf 86' lang='lat' dir='ltr'><strong>nuimus</strong></span> <span class='ocrx_word' id='word_1_240' title='bbox 585 2862 613 2899; x_wconf 91' lang='lat' dir='ltr'><strong>a</strong></span> <span class='ocrx_word' id='word_1_241' title='bbox 646 2854 795 2916; x_wconf 87' lang='lat' dir='ltr'><strong>patre</strong></span> <span class='ocrx_word' id='word_1_242' title='bbox 825 2853 914 2900; x_wconf 89' lang='lat' dir='ltr'><strong>tuo</strong></span> <span class='ocrx_word' id='word_1_243' title='bbox 933 2885 946 2909; x_wconf 90' lang='lat'><strong>,</strong></span> <span class='ocrx_word' id='word_1_244' title='bbox 979 2852 1034 2898; x_wconf 93' lang='lat' dir='ltr'><strong>et</strong></span> <span class='ocrx_word' id='word_1_245' title='bbox 1058 2857 1199 2897; x_wconf 91' lang='lat' dir='ltr'><strong>nunc</strong></span> <span class='ocrx_word' id='word_1_246' title='bbox 1227 2842 1327 2897; x_wconf 92' lang='lat' dir='ltr'><strong>nisi</strong></span> <span class='ocrx_word' id='word_1_247' title='bbox 1359 2842 1411 2896; x_wconf 89' lang='lat' dir='ltr'><strong>in</strong></span> <span class='ocrx_word' id='word_1_248' title='bbox 1439 2850 1680 2911; x_wconf 88' lang='lat' dir='ltr'><strong>tempore</strong></span> <span class='ocrx_word' id='word_1_249' title='bbox 1708 2853 1928 2910; x_wconf 89' lang='lat' dir='ltr'><strong>prospe-</strong></span> 
     </span>
    </p>
   </div>
   <div class='ocr_carea' id='block_1_30' title="bbox 345 2932 1931 3003">
    <p class='ocr_par' dir='ltr' id='par_1_30' title="bbox 345 2932 1931 3003">
     <span class='ocr_line' id='line_1_30' title="bbox 345 2932 1931 3003; baseline -0.005 -10"><span class='ocrx_word' id='word_1_250' title='bbox 345 2939 637 3003; x_wconf 83' lang='lat' dir='ltr'><strong>xissemus,</strong></span> <span class='ocrx_word' id='word_1_251' title='bbox 666 2936 853 2993; x_wconf 87' lang='lat' dir='ltr'><strong>eadem</strong></span> <span class='ocrx_word' id='word_1_252' title='bbox 895 2935 1049 2990; x_wconf 89' lang='lat' dir='ltr'><strong>laturi</strong></span> <span class='ocrx_word' id='word_1_253' title='bbox 1083 2948 1324 2998; x_wconf 89' lang='lat' dir='ltr'><strong>eramus,</strong></span> <span class='ocrx_word' id='word_1_254' title='bbox 1360 2933 1424 2986; x_wconf 86' lang='lat' dir='ltr'><strong>Et</strong></span> <span class='ocrx_word' id='word_1_255' title='bbox 1462 2932 1745 2988; x_wconf 84' lang='lat' dir='ltr'><strong>induxisses</strong></span> <span class='ocrx_word' id='word_1_256' title='bbox 1780 2946 1931 3001; x_wconf 82' lang='lat' dir='ltr'><strong>super</strong></span> 
     </span>
    </p>
   </div>
   <div class='ocr_carea' id='block_1_31' title="bbox 344 3026 1932 3101">
    <p class='ocr_par' dir='ltr' id='par_1_31' title="bbox 344 3026 1932 3101">
     <span class='ocr_line' id='line_1_31' title="bbox 344 3026 1932 3101; baseline -0.003 -17"><span class='ocrx_word' id='word_1_257' title='bbox 344 3047 437 3085; x_wconf 85' lang='lat' dir='ltr'><strong>nos</strong></span> <span class='ocrx_word' id='word_1_258' title='bbox 463 3031 820 3101; x_wconf 83' lang='lat' dir='ltr'><strong>ignorantiam.</strong></span> <span class='ocrx_word' id='word_1_259' title='bbox 847 3028 1057 3082; x_wconf 87' lang='lat' dir='ltr'><strong>Etenim</strong></span> <span class='ocrx_word' id='word_1_260' title='bbox 1082 3036 1137 3082; x_wconf 89' lang='lat' dir='ltr'><strong>et</strong></span> <span class='ocrx_word' id='word_1_261' title='bbox 1166 3038 1289 3080; x_wconf 90' lang='lat' dir='ltr'><strong>tunc</strong></span> <span class='ocrx_word' id='word_1_262' title='bbox 1314 3040 1407 3095; x_wconf 87' lang='lat' dir='ltr'><strong>per</strong></span> <span class='ocrx_word' id='word_1_263' title='bbox 1436 3026 1784 3094; x_wconf 80' lang='lat' dir='ltr'><strong>ignorantiam</strong></span> <span class='ocrx_word' id='word_1_264' title='bbox 1809 3036 1932 3091; x_wconf 84' lang='lat' dir='ltr'><strong>pec-</strong></span> 
     </span>
    </p>
   </div>
   <div class='ocr_carea' id='block_1_32' title="bbox 344 3112 1928 3189">
    <p class='ocr_par' dir='ltr' id='par_1_32' title="bbox 344 3112 1928 3189">
     <span class='ocr_line' id='line_1_32' title="bbox 344 3112 1928 3189; baseline -0.006 -13"><span class='ocrx_word' id='word_1_265' title='bbox 344 3125 513 3176; x_wconf 85' lang='lat' dir='ltr'><strong>caturi</strong></span> <span class='ocrx_word' id='word_1_266' title='bbox 546 3136 795 3186; x_wconf 85' lang='lat' dir='ltr'><strong>eramus,</strong></span> <span class='ocrx_word' id='word_1_267' title='bbox 829 3128 885 3174; x_wconf 86' lang='lat' dir='ltr'><strong>et</strong></span> <span class='ocrx_word' id='word_1_268' title='bbox 919 3136 1059 3173; x_wconf 89' lang='lat' dir='ltr'><strong>nunc</strong></span> <span class='ocrx_word' id='word_1_269' title='bbox 1085 3134 1295 3189; x_wconf 89' lang='lat' dir='ltr'><strong>quoque</strong></span> <span class='ocrx_word' id='word_1_270' title='bbox 1333 3127 1550 3187; x_wconf 86' lang='lat' dir='ltr'><strong>propter</strong></span> <span class='ocrx_word' id='word_1_271' title='bbox 1577 3112 1928 3185; x_wconf 82' lang='lat' dir='ltr'><strong>ignorantiam</strong></span> 
     </span>
    </p>
   </div>
   <div class='ocr_carea' id='block_1_33' title="bbox 344 3206 1927 3279">
    <p class='ocr_par' dir='ltr' id='par_1_33' title="bbox 344 3206 1927 3279">
     <span class='ocr_line' id='line_1_33' title="bbox 344 3206 1927 3279; baseline -0.006 -13"><span class='ocrx_word' id='word_1_272' title='bbox 344 3215 514 3269; x_wconf 81' lang='lat' dir='ltr'><strong>ferme</strong></span> <span class='ocrx_word' id='word_1_273' title='bbox 543 3215 598 3267; x_wconf 93' lang='lat' dir='ltr'><strong>in</strong></span> <span class='ocrx_word' id='word_1_274' title='bbox 623 3226 784 3266; x_wconf 87' lang='lat' dir='ltr'><strong>causa</strong></span> <span class='ocrx_word' id='word_1_275' title='bbox 821 3211 1013 3265; x_wconf 77' lang='lat' dir='ltr'><strong>fuisses</strong></span> <span class='ocrx_word' id='word_1_276' title='bbox 1031 3252 1047 3278; x_wconf 92' lang='lat'><strong>,</strong></span> <span class='ocrx_word' id='word_1_277' title='bbox 1073 3223 1131 3265; x_wconf 93' lang='lat' dir='ltr'><strong>ut</strong></span> <span class='ocrx_word' id='word_1_278' title='bbox 1159 3212 1212 3265; x_wconf 90' lang='lat' dir='ltr'><strong>in</strong></span> <span class='ocrx_word' id='word_1_279' title='bbox 1240 3218 1512 3279; x_wconf 88' lang='lat' dir='ltr'><strong>peccatum</strong></span> <span class='ocrx_word' id='word_1_280' title='bbox 1554 3206 1927 3262; x_wconf 90' lang='lat' dir='ltr'><strong>incideremus.</strong></span> 
     </span>
    </p>
   </div>
   <div class='ocr_carea' id='block_1_34' title="bbox 349 3290 1922 3366">
    <p class='ocr_par' dir='ltr' id='par_1_34' title="bbox 349 3290 1922 3366">
     <span class='ocr_line' id='line_1_34' title="bbox 349 3290 1922 3366; baseline -0.006 -12"><span class='ocrx_word' id='word_1_281' title='bbox 349 3299 378 3354; x_wconf 71' lang='grc'><strong>1</strong></span> <span class='ocrx_word' id='word_1_282' title='bbox 392 3300 440 3353; x_wconf 76' lang='grc' dir='ltr'><strong>Ι.</strong></span> <span class='ocrx_word' id='word_1_283' title='bbox 463 3297 720 3366; x_wconf 60' lang='lat' dir='ltr'><strong>Praecepit</strong></span> <span class='ocrx_word' id='word_1_284' title='bbox 738 3304 906 3348; x_wconf 82' lang='lat' dir='ltr'><strong>autent</strong></span> <span class='ocrx_word' id='word_1_285' title='bbox 931 3293 1213 3348; x_wconf 82' lang='lat' dir='ltr'><strong>Abimelectt</strong></span> <span class='ocrx_word' id='word_1_286' title='bbox 1237 3294 1426 3361; x_wconf 83' lang='lat' dir='ltr'><strong>popqu</strong></span> <span class='ocrx_word' id='word_1_287' title='bbox 1447 3310 1563 3358; x_wconf 84' lang='lat' dir='ltr'><strong>suo,</strong></span> <span class='ocrx_word' id='word_1_288' title='bbox 1581 3293 1783 3346; x_wconf 87' lang='lat' dir='ltr'><strong>dicens:</strong></span> <span class='ocrx_word' id='word_1_289' title='bbox 1797 3290 1922 3344; x_wconf 85' lang='lat' dir='ltr'><strong>Om-</strong></span> 
     </span>
    </p>
   </div>
   <div class='ocr_carea' id='block_1_35' title="bbox 350 3384 1927 3459">
    <p class='ocr_par' dir='ltr' id='par_1_35' title="bbox 350 3384 1927 3459">
     <span class='ocr_line' id='line_1_35' title="bbox 350 3384 1927 3459; baseline -0.003 -15"><span class='ocrx_word' id='word_1_290' title='bbox 350 3394 430 3445; x_wconf 86' lang='lat' dir='ltr'><strong>nis</strong></span> <span class='ocrx_word' id='word_1_291' title='bbox 454 3390 542 3459; x_wconf 84' lang='lat' dir='ltr'><strong>qui</strong></span> <span class='ocrx_word' id='word_1_292' title='bbox 575 3389 793 3458; x_wconf 80' lang='lat' dir='ltr'><strong>tetigerit</strong></span> <span class='ocrx_word' id='word_1_293' title='bbox 820 3386 1071 3440; x_wconf 83' lang='lat' dir='ltr'><strong>hominem</strong></span> <span class='ocrx_word' id='word_1_294' title='bbox 1113 3386 1247 3438; x_wconf 78' lang='lat' dir='ltr'><strong>hunc</strong></span> <span class='ocrx_word' id='word_1_295' title='bbox 1272 3394 1317 3438; x_wconf 88' lang='lat' dir='ltr'><strong>et</strong></span> <span class='ocrx_word' id='word_1_296' title='bbox 1344 3400 1554 3439; x_wconf 81' lang='lat' dir='ltr'><strong>uxorem</strong></span> <span class='ocrx_word' id='word_1_297' title='bbox 1585 3385 1718 3453; x_wconf 28' lang='lat' dir='ltr'><strong>ejus,</strong></span> <span class='ocrx_word' id='word_1_298' title='bbox 1749 3384 1927 3439; x_wconf 77' lang='lat' dir='ltr'><strong>martia</strong></span> 
     </span>
    </p>
   </div>
   <div class='ocr_carea' id='block_1_36' title="bbox 348 3476 1929 3544">
    <p class='ocr_par' dir='ltr' id='par_1_36' title="bbox 348 3476 1929 3544">
     <span class='ocr_line' id='line_1_36' title="bbox 348 3476 1929 3544; baseline -0.002 -9"><span class='ocrx_word' id='word_1_299' title='bbox 348 3498 473 3535; x_wconf 83' lang='lat' dir='ltr'><strong>reus</strong></span> <span class='ocrx_word' id='word_1_300' title='bbox 491 3477 749 3533; x_wconf 86' lang='lat' dir='ltr'><strong>erit.Vide</strong></span> <span class='ocrx_word' id='word_1_301' title='bbox 771 3478 863 3531; x_wconf 86' lang='lat' dir='ltr'><strong>Dei</strong></span> <span class='ocrx_word' id='word_1_302' title='bbox 899 3476 1306 3544; x_wconf 79' lang='lat' dir='ltr'><strong>providentiam,</strong></span> <span class='ocrx_word' id='word_1_303' title='bbox 1328 3478 1452 3532; x_wconf 89' lang='lat' dir='ltr'><strong>vide</strong></span> <span class='ocrx_word' id='word_1_304' title='bbox 1481 3476 1805 3532; x_wconf 69' lang='lat' dir='ltr'><strong>ineffabilem</strong></span> <span class='ocrx_word' id='word_1_305' title='bbox 1834 3490 1929 3532; x_wconf 71' lang='lat' dir='ltr'><strong>ets—</strong></span> 
     </span>
    </p>
   </div>
   <div class='ocr_carea' id='block_1_37' title="bbox 349 3566 1924 3641">
    <p class='ocr_par' dir='ltr' id='par_1_37' title="bbox 349 3566 1924 3641">
     <span class='ocr_line' id='line_1_37' title="bbox 349 3566 1924 3641; baseline -0.005 -13"><span class='ocrx_word' id='word_1_306' title='bbox 349 3590 485 3629; x_wconf 85' lang='lat' dir='ltr'><strong>ram.</strong></span> <span class='ocrx_word' id='word_1_307' title='bbox 518 3571 647 3626; x_wconf 83' lang='lat' dir='ltr'><strong>Nam</strong></span> <span class='ocrx_word' id='word_1_308' title='bbox 671 3572 756 3640; x_wconf 90' lang='lat' dir='ltr'><strong>qui</strong></span> <span class='ocrx_word' id='word_1_309' title='bbox 787 3571 995 3624; x_wconf 78' lang='lat' dir='ltr'><strong>dixerat</strong></span> <span class='ocrx_word' id='word_1_310' title='bbox 1023 3571 1070 3623; x_wconf 87' lang='lat' dir='ltr'><strong>ei</strong></span> <span class='ocrx_word' id='word_1_311' title='bbox 1094 3586 1106 3622; x_wconf 91' lang='lat'><strong>:</strong></span> <span class='ocrx_word' id='word_1_312' title='bbox 1134 3569 1214 3623; x_wconf 82' lang='lat' dir='ltr'><strong>Ne</strong></span> <span class='ocrx_word' id='word_1_313' title='bbox 1242 3569 1514 3627; x_wconf 84' lang='lat' dir='ltr'><strong>descendas</strong></span> <span class='ocrx_word' id='word_1_314' title='bbox 1540 3568 1591 3621; x_wconf 87' lang='lat' dir='ltr'><strong>in</strong></span> <span class='ocrx_word' id='word_1_315' title='bbox 1613 3566 1924 3641; x_wconf 61' lang='lat' dir='ltr'><strong>Ai’gyptunt,</strong></span> 
     </span>
    </p>
   </div>
   <div class='ocr_carea' id='block_1_38' title="bbox 349 3663 1926 3732">
    <p class='ocr_par' dir='ltr' id='par_1_38' title="bbox 349 3663 1926 3732">
     <span class='ocr_line' id='line_1_38' title="bbox 349 3663 1926 3732; baseline -0.001 -13"><span class='ocrx_word' id='word_1_316' title='bbox 349 3676 395 3719; x_wconf 85' lang='lat' dir='ltr'><strong>et</strong></span> <span class='ocrx_word' id='word_1_317' title='bbox 427 3666 599 3719; x_wconf 83' lang='lat' dir='ltr'><strong>habita</strong></span> <span class='ocrx_word' id='word_1_318' title='bbox 626 3666 679 3719; x_wconf 90' lang='lat' dir='ltr'><strong>in</strong></span> <span class='ocrx_word' id='word_1_319' title='bbox 705 3676 840 3718; x_wconf 87' lang='lat' dir='ltr'><strong>terra</strong></span> <span class='ocrx_word' id='word_1_320' title='bbox 878 3664 998 3726; x_wconf 67' lang='lat' dir='ltr'><strong>ista,</strong></span> <span class='ocrx_word' id='word_1_321' title='bbox 1021 3672 1068 3716; x_wconf 88' lang='lat' dir='ltr'><strong>et</strong></span> <span class='ocrx_word' id='word_1_322' title='bbox 1099 3679 1183 3716; x_wconf 85' lang='lat' dir='ltr'><strong>ero</strong></span> <span class='ocrx_word' id='word_1_323' title='bbox 1214 3672 1377 3717; x_wconf 84' lang='lat' dir='ltr'><strong>tecum</strong></span> <span class='ocrx_word' id='word_1_324' title='bbox 1401 3679 1420 3717; x_wconf 92' lang='lat'><strong><em>:</em></strong></span> <span class='ocrx_word' id='word_1_325' title='bbox 1442 3663 1529 3718; x_wconf 89' lang='lat' dir='ltr'><strong>ille</strong></span> <span class='ocrx_word' id='word_1_326' title='bbox 1554 3673 1674 3718; x_wconf 88' lang='lat' dir='ltr'><strong>erat</strong></span> <span class='ocrx_word' id='word_1_327' title='bbox 1700 3663 1791 3732; x_wconf 83' lang='lat' dir='ltr'><strong>qui</strong></span> <span class='ocrx_word' id='word_1_328' title='bbox 1813 3663 1926 3721; x_wconf 61' lang='lat' dir='ltr'><strong>ilch</strong></span> 
     </span>
    </p>
   </div>
   <div class='ocr_carea' id='block_1_39' title="bbox 348 3754 1926 3826">
    <p class='ocr_par' dir='ltr' id='par_1_39' title="bbox 348 3754 1926 3826">
     <span class='ocr_line' id='line_1_39' title="bbox 348 3754 1926 3826; baseline 0.002 -15"><span class='ocrx_word' id='word_1_329' title='bbox 348 3757 526 3812; x_wconf 85' lang='lat' dir='ltr'><strong>omnia</strong></span> <span class='ocrx_word' id='word_1_330' title='bbox 570 3756 936 3826; x_wconf 80' lang='lat' dir='ltr'><strong>dispensabat,</strong></span> <span class='ocrx_word' id='word_1_331' title='bbox 967 3764 1019 3809; x_wconf 90' lang='lat' dir='ltr'><strong>et</strong></span> <span class='ocrx_word' id='word_1_332' title='bbox 1046 3755 1245 3823; x_wconf 81' lang='lat' dir='ltr'><strong>justum</strong></span> <span class='ocrx_word' id='word_1_333' title='bbox 1290 3755 1341 3809; x_wconf 94' lang='lat' dir='ltr'><strong>in</strong></span> <span class='ocrx_word' id='word_1_334' title='bbox 1385 3765 1527 3810; x_wconf 89' lang='lat' dir='ltr'><strong>tanta</strong></span> <span class='ocrx_word' id='word_1_335' title='bbox 1570 3754 1926 3815; x_wconf 70' lang='lat' dir='ltr'><strong>constituebat</strong></span> 
     </span>
    </p>
   </div>
   <div class='ocr_carea' id='block_1_40' title="bbox 347 3846 1927 3916">
    <p class='ocr_par' dir='ltr' id='par_1_40' title="bbox 347 3846 1927 3916">
     <span class='ocr_line' id='line_1_40' title="bbox 347 3846 1927 3916; baseline -0.001 -11"><span class='ocrx_word' id='word_1_336' title='bbox 347 3849 651 3905; x_wconf 54' lang='lat' dir='ltr'><strong>securi-ate.</strong></span> <span class='ocrx_word' id='word_1_337' title='bbox 693 3846 984 3903; x_wconf 77' lang='lat' dir='ltr'><strong>Considera</strong></span> <span class='ocrx_word' id='word_1_338' title='bbox 1033 3846 1173 3902; x_wconf 86' lang='lat' dir='ltr'><strong>enim</strong></span> <span class='ocrx_word' id='word_1_339' title='bbox 1223 3862 1400 3916; x_wconf 87' lang='lat' dir='ltr'><strong>regem</strong></span> <span class='ocrx_word' id='word_1_340' title='bbox 1449 3858 1819 3915; x_wconf 88' lang='lat' dir='ltr'><strong>procurantem</strong></span> <span class='ocrx_word' id='word_1_341' title='bbox 1870 3856 1927 3903; x_wconf 85' lang='lat' dir='ltr'><strong>ut</strong></span> 
     </span>
    </p>
   </div>
   <div class='ocr_carea' id='block_1_41' title="bbox 346 3938 1925 4011">
    <p class='ocr_par' dir='ltr' id='par_1_41' title="bbox 346 3938 1925 4011">
     <span class='ocr_line' id='line_1_41' title="bbox 346 3938 1925 4011; baseline -0.004 -13"><span class='ocrx_word' id='word_1_342' title='bbox 346 3944 614 4011; x_wconf 80' lang='lat' dir='ltr'><strong>impavide</strong></span> <span class='ocrx_word' id='word_1_343' title='bbox 640 3943 711 3996; x_wconf 90' lang='lat' dir='ltr'><strong>ibi</strong></span> <span class='ocrx_word' id='word_1_344' title='bbox 732 3953 871 4011; x_wconf 80' lang='lat' dir='ltr'><strong>agat,</strong></span> <span class='ocrx_word' id='word_1_345' title='bbox 896 3941 1138 4009; x_wconf 88' lang='lat' dir='ltr'><strong>liberque</strong></span> <span class='ocrx_word' id='word_1_346' title='bbox 1163 3939 1235 3993; x_wconf 87' lang='lat' dir='ltr'><strong>sit</strong></span> <span class='ocrx_word' id='word_1_347' title='bbox 1254 3938 1321 3993; x_wconf 89' lang='lat' dir='ltr'><strong>ab</strong></span> <span class='ocrx_word' id='word_1_348' title='bbox 1340 3938 1485 3992; x_wconf 79' lang='lat' dir='ltr'><strong>enini</strong></span> <span class='ocrx_word' id='word_1_349' title='bbox 1507 3954 1654 3991; x_wconf 81' lang='lat' dir='ltr'><strong>cura.</strong></span> <span class='ocrx_word' id='word_1_350' title='bbox 1680 3938 1925 4003; x_wconf 75' lang='lat' dir='ltr'><strong>Mortem,</strong></span> 
     </span>
    </p>
   </div>
   <div class='ocr_carea' id='block_1_42' title="bbox 347 4031 1927 4104">
    <p class='ocr_par' dir='ltr' id='par_1_42' title="bbox 347 4031 1927 4104">
     <span class='ocr_line' id='line_1_42' title="bbox 347 4031 1927 4104; baseline -0.009 -13"><span class='ocrx_word' id='word_1_351' title='bbox 347 4036 539 4104; x_wconf 84' lang='lat' dir='ltr'><strong>inquit,</strong></span> <span class='ocrx_word' id='word_1_352' title='bbox 573 4035 946 4089; x_wconf 85' lang='lat' dir='ltr'><strong>interminatus</strong></span> <span class='ocrx_word' id='word_1_353' title='bbox 974 4042 1057 4087; x_wconf 88' lang='lat' dir='ltr'><strong>est</strong></span> <span class='ocrx_word' id='word_1_354' title='bbox 1097 4032 1344 4088; x_wconf 83' lang='lat' dir='ltr'><strong>omnibus</strong></span> <span class='ocrx_word' id='word_1_355' title='bbox 1384 4031 1706 4100; x_wconf 85' lang='lat' dir='ltr'><strong>quicumque</strong></span> <span class='ocrx_word' id='word_1_356' title='bbox 1736 4033 1927 4100; x_wconf 82' lang='lat' dir='ltr'><strong>tetige.</strong></span> 
     </span>
    </p>
   </div>
   <div class='ocr_carea' id='block_1_43' title="bbox 347 4124 1926 4195">
    <p class='ocr_par' dir='ltr' id='par_1_43' title="bbox 347 4124 1926 4195">
     <span class='ocr_line' id='line_1_43' title="bbox 347 4124 1926 4195; baseline -0.004 -10"><span class='ocrx_word' id='word_1_357' title='bbox 347 4134 456 4185; x_wconf 89' lang='lat' dir='ltr'><strong>rint</strong></span> <span class='ocrx_word' id='word_1_358' title='bbox 481 4139 573 4184; x_wconf 89' lang='lat' dir='ltr'><strong>aut</strong></span> <span class='ocrx_word' id='word_1_359' title='bbox 600 4146 746 4191; x_wconf 90' lang='lat' dir='ltr'><strong>eum,</strong></span> <span class='ocrx_word' id='word_1_360' title='bbox 784 4139 876 4183; x_wconf 88' lang='lat' dir='ltr'><strong>aut</strong></span> <span class='ocrx_word' id='word_1_361' title='bbox 905 4143 1127 4183; x_wconf 87' lang='lat' dir='ltr'><strong>ux0rem</strong></span> <span class='ocrx_word' id='word_1_362' title='bbox 1175 4126 1310 4195; x_wconf 86' lang='lat' dir='ltr'><strong>ejus.</strong></span> <span class='ocrx_word' id='word_1_363' title='bbox 1356 4124 1491 4191; x_wconf 81' lang='lat' dir='ltr'><strong>Quia</strong></span> <span class='ocrx_word' id='word_1_364' title='bbox 1518 4126 1663 4180; x_wconf 87' lang='lat' dir='ltr'><strong>enim</strong></span> <span class='ocrx_word' id='word_1_365' title='bbox 1695 4126 1780 4180; x_wconf 90' lang='lat' dir='ltr'><strong>hic</strong></span> <span class='ocrx_word' id='word_1_366' title='bbox 1809 4132 1926 4180; x_wconf 85' lang='lat' dir='ltr'><strong>erat</strong></span> 
     </span>
    </p>
   </div>
   <div class='ocr_carea' id='block_1_44' title="bbox 349 4215 1921 4285">
    <p class='ocr_par' dir='ltr' id='par_1_44' title="bbox 349 4215 1921 4285">
     <span class='ocr_line' id='line_1_44' title="bbox 349 4215 1921 4285; baseline -0.003 -11"><span class='ocrx_word' id='word_1_367' title='bbox 349 4221 529 4282; x_wconf 89' lang='lat' dir='ltr'><strong>timor,</strong></span> <span class='ocrx_word' id='word_1_368' title='bbox 561 4221 750 4273; x_wconf 87' lang='lat' dir='ltr'><strong>mortis</strong></span> <span class='ocrx_word' id='word_1_369' title='bbox 777 4221 997 4280; x_wconf 76' lang='lat' dir='ltr'><strong>scilicet,</strong></span> <span class='ocrx_word' id='word_1_370' title='bbox 1030 4217 1121 4285; x_wconf 90' lang='lat' dir='ltr'><strong>qui</strong></span> <span class='ocrx_word' id='word_1_371' title='bbox 1146 4226 1493 4271; x_wconf 85' lang='lat' dir='ltr'><strong>concusserat</strong></span> <span class='ocrx_word' id='word_1_372' title='bbox 1519 4215 1635 4284; x_wconf 76' lang='lat' dir='ltr'><strong>ejus</strong></span> <span class='ocrx_word' id='word_1_373' title='bbox 1666 4225 1921 4283; x_wconf 87' lang='lat' dir='ltr'><strong>mentem,</strong></span> 
     </span>
    </p>
   </div>
   <div class='ocr_carea' id='block_1_45' title="bbox 347 4306 1927 4381">
    <p class='ocr_par' dir='ltr' id='par_1_45' title="bbox 347 4306 1927 4381">
     <span class='ocr_line' id='line_1_45' title="bbox 347 4306 1927 4381; baseline -0.003 -17"><span class='ocrx_word' id='word_1_374' title='bbox 347 4320 629 4381; x_wconf 87' lang='lat' dir='ltr'><strong>propterea</strong></span> <span class='ocrx_word' id='word_1_375' title='bbox 660 4318 717 4363; x_wconf 87' lang='lat' dir='ltr'><strong>et</strong></span> <span class='ocrx_word' id='word_1_376' title='bbox 743 4309 893 4363; x_wconf 86' lang='lat' dir='ltr'><strong>illum</strong></span> <span class='ocrx_word' id='word_1_377' title='bbox 923 4308 1115 4362; x_wconf 83' lang='lat' dir='ltr'><strong>auferri</strong></span> <span class='ocrx_word' id='word_1_378' title='bbox 1145 4307 1354 4361; x_wconf 78' lang='lat' dir='ltr'><strong>curavit</strong></span> <span class='ocrx_word' id='word_1_379' title='bbox 1398 4306 1702 4361; x_wconf 84' lang='lat' dir='ltr'><strong>misericors</strong></span> <span class='ocrx_word' id='word_1_380' title='bbox 1743 4306 1927 4360; x_wconf 75' lang='lat' dir='ltr'><strong>Domi-</strong></span> 
     </span>
    </p>
   </div>
   <div class='ocr_carea' id='block_1_46' title="bbox 346 4398 1925 4469">
    <p class='ocr_par' dir='ltr' id='par_1_46' title="bbox 346 4398 1925 4469">
     <span class='ocr_line' id='line_1_46' title="bbox 346 4398 1925 4469; baseline -0.001 -14"><span class='ocrx_word' id='word_1_381' title='bbox 346 4416 472 4468; x_wconf 90' lang='lat' dir='ltr'><strong>nus,</strong></span> <span class='ocrx_word' id='word_1_382' title='bbox 496 4414 552 4455; x_wconf 90' lang='lat' dir='ltr'><strong>ut</strong></span> <span class='ocrx_word' id='word_1_383' title='bbox 595 4408 777 4469; x_wconf 87' lang='lat' dir='ltr'><strong>postea</strong></span> <span class='ocrx_word' id='word_1_384' title='bbox 827 4401 1048 4457; x_wconf 88' lang='lat' dir='ltr'><strong>omnino</strong></span> <span class='ocrx_word' id='word_1_385' title='bbox 1095 4414 1283 4454; x_wconf 89' lang='lat' dir='ltr'><strong>secure</strong></span> <span class='ocrx_word' id='word_1_386' title='bbox 1328 4407 1530 4468; x_wconf 79' lang='lat' dir='ltr'><strong>ageret.</strong></span> <span class='ocrx_word' id='word_1_387' title='bbox 1574 4398 1640 4454; x_wconf 84' lang='lat' dir='ltr'><strong>Et</strong></span> <span class='ocrx_word' id='word_1_388' title='bbox 1667 4398 1787 4453; x_wconf 90' lang='lat' dir='ltr'><strong>vide</strong></span> <span class='ocrx_word' id='word_1_389' title='bbox 1811 4412 1925 4453; x_wconf 86' lang='lat' dir='ltr'><strong>rem</strong></span> 
     </span>
    </p>
   </div>
   <div class='ocr_carea' id='block_1_47' title="bbox 345 4491 1926 4565">
    <p class='ocr_par' dir='ltr' id='par_1_47' title="bbox 345 4491 1926 4565">
     <span class='ocr_line' id='line_1_47' title="bbox 345 4491 1926 4565; baseline -0.002 -16"><span class='ocrx_word' id='word_1_390' title='bbox 345 4494 538 4551; x_wconf 87' lang='lat' dir='ltr'><strong>miram</strong></span> <span class='ocrx_word' id='word_1_391' title='bbox 562 4503 617 4548; x_wconf 86' lang='lat' dir='ltr'><strong>et</strong></span> <span class='ocrx_word' id='word_1_392' title='bbox 638 4496 977 4565; x_wconf 83' lang='lat' dir='ltr'><strong>stupendam,</strong></span> <span class='ocrx_word' id='word_1_393' title='bbox 1008 4492 1279 4564; x_wconf 89' lang='lat' dir='ltr'><strong>quomodo</strong></span> <span class='ocrx_word' id='word_1_394' title='bbox 1306 4491 1479 4548; x_wconf 87' lang='lat' dir='ltr'><strong>solers</strong></span> <span class='ocrx_word' id='word_1_395' title='bbox 1509 4507 1632 4547; x_wconf 90' lang='lat' dir='ltr'><strong>cum</strong></span> <span class='ocrx_word' id='word_1_396' title='bbox 1659 4493 1731 4547; x_wconf 89' lang='lat' dir='ltr'><strong>sit</strong></span> <span class='ocrx_word' id='word_1_397' title='bbox 1756 4501 1812 4547; x_wconf 86' lang='lat' dir='ltr'><strong>et</strong></span> <span class='ocrx_word' id='word_1_398' title='bbox 1838 4505 1926 4546; x_wconf 86' lang='lat' dir='ltr'><strong>sa-</strong></span> 
     </span>
    </p>
   </div>
   <div class='ocr_carea' id='block_1_48' title="bbox 345 4580 1926 4658">
    <p class='ocr_par' dir='ltr' id='par_1_48' title="bbox 345 4580 1926 4658">
     <span class='ocr_line' id='line_1_48' title="bbox 345 4580 1926 4658; baseline -0.004 -19"><span class='ocrx_word' id='word_1_399' title='bbox 345 4592 501 4658; x_wconf 82' lang='lat' dir='ltr'><strong>piens</strong></span> <span class='ocrx_word' id='word_1_400' title='bbox 524 4627 538 4648; x_wconf 93' lang='lat'><strong>,</strong></span> <span class='ocrx_word' id='word_1_401' title='bbox 574 4588 751 4638; x_wconf 84' lang='lat' dir='ltr'><strong>omnia</strong></span> <span class='ocrx_word' id='word_1_402' title='bbox 787 4583 1078 4635; x_wconf 82' lang='lat' dir='ltr'><strong>secundum</strong></span> <span class='ocrx_word' id='word_1_403' title='bbox 1107 4595 1258 4634; x_wconf 89' lang='lat' dir='ltr'><strong>suam</strong></span> <span class='ocrx_word' id='word_1_404' title='bbox 1284 4580 1607 4632; x_wconf 85' lang='lat' dir='ltr'><strong>voluntatem</strong></span> <span class='ocrx_word' id='word_1_405' title='bbox 1633 4587 1841 4642; x_wconf 89' lang='lat' dir='ltr'><strong>vertat,</strong></span> <span class='ocrx_word' id='word_1_406' title='bbox 1872 4588 1926 4634; x_wconf 89' lang='lat' dir='ltr'><strong>et</strong></span> 
     </span>
    </p>
   </div>
   <div class='ocr_carea' id='block_1_49' title="bbox 344 4670 1925 4742">
    <p class='ocr_par' dir='ltr' id='par_1_49' title="bbox 344 4670 1925 4742">
     <span class='ocr_line' id='line_1_49' title="bbox 344 4670 1925 4742; baseline -0.003 -12"><span class='ocrx_word' id='word_1_407' title='bbox 344 4682 396 4730; x_wconf 83' lang='lat' dir='ltr'><strong>in</strong></span> <span class='ocrx_word' id='word_1_408' title='bbox 439 4675 597 4730; x_wconf 85' lang='lat' dir='ltr'><strong>inviis</strong></span> <span class='ocrx_word' id='word_1_409' title='bbox 640 4676 777 4727; x_wconf 86' lang='lat' dir='ltr'><strong>viam</strong></span> <span class='ocrx_word' id='word_1_410' title='bbox 818 4673 1086 4739; x_wconf 88' lang='lat' dir='ltr'><strong>inveniat,</strong></span> <span class='ocrx_word' id='word_1_411' title='bbox 1117 4686 1216 4742; x_wconf 90' lang='lat' dir='ltr'><strong>per</strong></span> <span class='ocrx_word' id='word_1_412' title='bbox 1255 4670 1339 4724; x_wconf 89' lang='lat' dir='ltr'><strong>illa</strong></span> <span class='ocrx_word' id='word_1_413' title='bbox 1386 4670 1501 4740; x_wconf 89' lang='lat' dir='ltr'><strong>ipsa</strong></span> <span class='ocrx_word' id='word_1_414' title='bbox 1536 4685 1654 4739; x_wconf 72' lang='lat' dir='ltr'><strong>qua:</strong></span> <span class='ocrx_word' id='word_1_415' title='bbox 1695 4670 1925 4725; x_wconf 85' lang='lat' dir='ltr'><strong>maxime</strong></span> 
     </span>
    </p>
   </div>
   <div class='ocr_carea' id='block_1_50' title="bbox 342 4761 1921 4830">
    <p class='ocr_par' dir='ltr' id='par_1_50' title="bbox 342 4761 1921 4830">
     <span class='ocr_line' id='line_1_50' title="bbox 342 4761 1921 4830; baseline -0.002 -9"><span class='ocrx_word' id='word_1_416' title='bbox 342 4767 565 4822; x_wconf 86' lang='lat' dir='ltr'><strong>adversa</strong></span> <span class='ocrx_word' id='word_1_417' title='bbox 595 4764 865 4830; x_wconf 76' lang='lat' dir='ltr'><strong>videntur,</strong></span> <span class='ocrx_word' id='word_1_418' title='bbox 890 4765 1044 4819; x_wconf 88' lang='lat' dir='ltr'><strong>saluti</strong></span> <span class='ocrx_word' id='word_1_419' title='bbox 1072 4778 1347 4818; x_wconf 88' lang='lat' dir='ltr'><strong>servorum</strong></span> <span class='ocrx_word' id='word_1_420' title='bbox 1375 4777 1593 4817; x_wconf 91' lang='lat' dir='ltr'><strong>suorum</strong></span> <span class='ocrx_word' id='word_1_421' title='bbox 1617 4761 1921 4818; x_wconf 81' lang='lat' dir='ltr'><strong>consulens.</strong></span> 
     </span>
    </p>
   </div>
   <div class='ocr_carea' id='block_1_51' title="bbox 340 4852 1923 4926">
    <p class='ocr_par' dir='ltr' id='par_1_51' title="bbox 340 4852 1923 4926">
     <span class='ocr_line' id='line_1_51' title="bbox 340 4852 1923 4926; baseline -0.004 -13"><span class='ocrx_word' id='word_1_422' title='bbox 340 4860 476 4914; x_wconf 89' lang='lat' dir='ltr'><strong>llinc</strong></span> <span class='ocrx_word' id='word_1_423' title='bbox 527 4858 671 4914; x_wconf 88' lang='lat' dir='ltr'><strong>enim</strong></span> <span class='ocrx_word' id='word_1_424' title='bbox 723 4866 825 4925; x_wconf 82' lang='lat' dir='ltr'><strong>est,</strong></span> <span class='ocrx_word' id='word_1_425' title='bbox 879 4857 1017 4926; x_wconf 80' lang='lat' dir='ltr'><strong>quod</strong></span> <span class='ocrx_word' id='word_1_426' title='bbox 1065 4872 1158 4910; x_wconf 83' lang='lat' dir='ltr'><strong>rex</strong></span> <span class='ocrx_word' id='word_1_427' title='bbox 1208 4854 1303 4908; x_wconf 83' lang='lat' dir='ltr'><strong>ille.</strong></span> <span class='ocrx_word' id='word_1_428' title='bbox 1347 4863 1545 4907; x_wconf 86' lang='lat' dir='ltr'><strong>tantam</strong></span> <span class='ocrx_word' id='word_1_429' title='bbox 1596 4852 1787 4908; x_wconf 83' lang='lat' dir='ltr'><strong>habeat</strong></span> <span class='ocrx_word' id='word_1_430' title='bbox 1832 4868 1923 4907; x_wconf 90' lang='lat' dir='ltr'><strong>cu-</strong></span> 
     </span>
    </p>
   </div>
   <div class='ocr_carea' id='block_1_52' title="bbox 340 4946 1925 5023">
    <p class='ocr_par' dir='ltr' id='par_1_52' title="bbox 340 4946 1925 5023">
     <span class='ocr_line' id='line_1_52' title="bbox 340 4946 1925 5023; baseline -0.003 -17"><span class='ocrx_word' id='word_1_431' title='bbox 340 4969 452 5007; x_wconf 91' lang='lat' dir='ltr'><strong>ram</strong></span> <span class='ocrx_word' id='word_1_432' title='bbox 478 4953 627 5023; x_wconf 86' lang='lat' dir='ltr'><strong>justi,</strong></span> <span class='ocrx_word' id='word_1_433' title='bbox 654 4954 803 5022; x_wconf 89' lang='lat' dir='ltr'><strong>quasi</strong></span> <span class='ocrx_word' id='word_1_434' title='bbox 833 4951 1126 5018; x_wconf 65' lang='lat' dir='ltr'><strong>praedicans</strong></span> <span class='ocrx_word' id='word_1_435' title='bbox 1147 4964 1269 5004; x_wconf 91' lang='lat' dir='ltr'><strong>eum</strong></span> <span class='ocrx_word' id='word_1_436' title='bbox 1296 4946 1542 5001; x_wconf 91' lang='lat' dir='ltr'><strong>omnibus</strong></span> <span class='ocrx_word' id='word_1_437' title='bbox 1563 4946 1789 5001; x_wconf 79' lang='lat' dir='ltr'><strong>civitatis</strong></span> <span class='ocrx_word' id='word_1_438' title='bbox 1812 4961 1925 5001; x_wconf 79' lang='lat' dir='ltr'><strong>suae</strong></span> 
     </span>
    </p>
   </div>
   <div class='ocr_carea' id='block_1_53' title="bbox 338 5041 1925 5114">
    <p class='ocr_par' dir='ltr' id='par_1_53' title="bbox 338 5041 1925 5114">
     <span class='ocr_line' id='line_1_53' title="bbox 338 5041 1925 5114; baseline -0.003 -15"><span class='ocrx_word' id='word_1_439' title='bbox 338 5047 556 5113; x_wconf 87' lang='lat' dir='ltr'><strong>incolis,</strong></span> <span class='ocrx_word' id='word_1_440' title='bbox 585 5055 639 5101; x_wconf 88' lang='lat' dir='ltr'><strong>et</strong></span> <span class='ocrx_word' id='word_1_441' title='bbox 674 5045 950 5101; x_wconf 86' lang='lat' dir='ltr'><strong>declarans</strong></span> <span class='ocrx_word' id='word_1_442' title='bbox 983 5059 1142 5114; x_wconf 90' lang='lat' dir='ltr'><strong>quam</strong></span> <span class='ocrx_word' id='word_1_443' title='bbox 1179 5041 1446 5112; x_wconf 83' lang='lat' dir='ltr'><strong>gloriosus</strong></span> <span class='ocrx_word' id='word_1_444' title='bbox 1486 5042 1586 5104; x_wconf 88' lang='lat' dir='ltr'><strong>sit,</strong></span> <span class='ocrx_word' id='word_1_445' title='bbox 1620 5047 1674 5094; x_wconf 89' lang='lat' dir='ltr'><strong>et</strong></span> <span class='ocrx_word' id='word_1_446' title='bbox 1713 5054 1925 5094; x_wconf 89' lang='lat' dir='ltr'><strong>summo</strong></span> 
     </span>
    </p>
   </div>
   <div class='ocr_carea' id='block_1_54' title="bbox 403 5305 1923 5367">
    <p class='ocr_par' dir='ltr' id='par_1_54' title="bbox 403 5305 1923 5367">
     <span class='ocr_line' id='line_1_54' title="bbox 403 5305 1923 5367; baseline -0.001 -13"><span class='ocrx_word' id='word_1_447' title='bbox 403 5306 599 5367; x_wconf 67' lang='lat' dir='ltr'><strong>(ayrum</strong></span> <span class='ocrx_word' id='word_1_448' title='bbox 619 5305 847 5357; x_wconf 84' lang='lat' dir='ltr'><strong>videlicet</strong></span> <span class='ocrx_word' id='word_1_449' title='bbox 868 5311 1066 5367; x_wconf 70' lang='lat' dir='ltr'><strong>promer</strong></span> <span class='ocrx_word' id='word_1_450' title='bbox 1083 5312 1266 5365; x_wconf 85' lang='lat' dir='ltr'><strong>raptam</strong></span> <span class='ocrx_word' id='word_1_451' title='bbox 1291 5312 1471 5353; x_wconf 81' lang='lat' dir='ltr'><strong>Sarram</strong></span> <span class='ocrx_word' id='word_1_452' title='bbox 1495 5311 1771 5365; x_wconf 84' lang='lat' dir='ltr'><strong>increpatus</strong></span> <span class='ocrx_word' id='word_1_453' title='bbox 1780 5310 1835 5354; x_wconf 87' lang='lat' dir='ltr'><strong>et</strong></span> <span class='ocrx_word' id='word_1_454' title='bbox 1851 5317 1923 5353; x_wconf 88' lang='lat' dir='ltr'><strong>ca-</strong></span> 
     </span>
    </p>
   </div>
   <div class='ocr_carea' id='block_1_55' title="bbox 343 5365 1923 5431">
    <p class='ocr_par' dir='ltr' id='par_1_55' title="bbox 343 5365 1923 5431">
     <span class='ocr_line' id='line_1_55' title="bbox 343 5365 1923 5431; baseline -0.002 -13"><span class='ocrx_word' id='word_1_455' title='bbox 343 5365 549 5431; x_wconf 81' lang='lat' dir='ltr'><strong>stigatus</strong></span> <span class='ocrx_word' id='word_1_456' title='bbox 568 5366 738 5417; x_wconf 61' lang='lat' dir='ltr'><strong>fuimt</strong></span> <span class='ocrx_word' id='word_1_457' title='bbox 761 5365 1061 5431; x_wconf 48' lang='lat' dir='ltr'><strong>nbimelech,</strong></span> <span class='ocrx_word' id='word_1_458' title='bbox 1098 5367 1182 5431; x_wconf 82' lang='lat' dir='ltr'><strong>ubi</strong></span> <span class='ocrx_word' id='word_1_459' title='bbox 1191 5369 1450 5431; x_wconf 73' lang='lat' dir='ltr'><strong>__t_:ompt-rit</strong></span> <span class='ocrx_word' id='word_1_460' title='bbox 1474 5369 1753 5424; x_wconf 77' lang='lat' dir='ltr'><strong>Itebeccam,</strong></span> <span class='ocrx_word' id='word_1_461' title='bbox 1779 5380 1923 5428; x_wconf 89' lang='lat' dir='ltr'><strong>quam</strong></span> 
     </span>
    </p>
   </div>
   <div class='ocr_carea' id='block_1_56' title="bbox 340 5426 1925 5487">
    <p class='ocr_par' dir='ltr' id='par_1_56' title="bbox 340 5426 1925 5487">
     <span class='ocr_line' id='line_1_56' title="bbox 340 5426 1925 5487; baseline 0.001 -10"><span class='ocrx_word' id='word_1_462' title='bbox 340 5426 557 5479; x_wconf 58' lang='lat' dir='ltr'><strong>sororem</strong></span> <span class='ocrx_word' id='word_1_463' title='bbox 587 5441 721 5477; x_wconf 72' lang='lat' dir='ltr'><strong>Suam</strong></span> <span class='ocrx_word' id='word_1_464' title='bbox 753 5428 944 5477; x_wconf 82' lang='lat' dir='ltr'><strong>dixerat</strong></span> <span class='ocrx_word' id='word_1_465' title='bbox 988 5434 1133 5484; x_wconf 83' lang='lat' dir='ltr'><strong>Isaac,</strong></span> <span class='ocrx_word' id='word_1_466' title='bbox 1172 5426 1301 5477; x_wconf 82' lang='lat' dir='ltr'><strong>illius</strong></span> <span class='ocrx_word' id='word_1_467' title='bbox 1324 5426 1455 5476; x_wconf 81' lang='lat' dir='ltr'><strong>esse</strong></span> <span class='ocrx_word' id='word_1_468' title='bbox 1490 5441 1713 5487; x_wconf 81' lang='lat' dir='ltr'><strong>uxorem,</strong></span> <span class='ocrx_word' id='word_1_469' title='bbox 1738 5426 1925 5479; x_wconf 77' lang='lat' dir='ltr'><strong>veritus</strong></span> 
     </span>
    </p>
   </div>
   <div class='ocr_carea' id='block_1_57' title="bbox 340 5488 1923 5552">
    <p class='ocr_par' dir='ltr' id='par_1_57' title="bbox 340 5488 1923 5552">
     <span class='ocr_line' id='line_1_57' title="bbox 340 5488 1923 5552; baseline 0.002 -15"><span class='ocrx_word' id='word_1_470' title='bbox 340 5506 407 5540; x_wconf 85' lang='lat' dir='ltr'><strong>ne</strong></span> <span class='ocrx_word' id='word_1_471' title='bbox 435 5506 462 5540; x_wconf 85' lang='lat' dir='ltr'><strong>a</strong></span> <span class='ocrx_word' id='word_1_472' title='bbox 495 5492 719 5552; x_wconf 84' lang='lat' dir='ltr'><strong>quopiam</strong></span> <span class='ocrx_word' id='word_1_473' title='bbox 758 5503 821 5552; x_wconf 82' lang='lat' dir='ltr'><strong>ex</strong></span> <span class='ocrx_word' id='word_1_474' title='bbox 844 5488 1049 5552; x_wconf 84' lang='lat' dir='ltr'><strong>subditis</strong></span> <span class='ocrx_word' id='word_1_475' title='bbox 1080 5501 1138 5537; x_wconf 78' lang='lat' dir='ltr'><strong>ea</strong></span> <span class='ocrx_word' id='word_1_476' title='bbox 1156 5492 1348 5552; x_wconf 86' lang='lat' dir='ltr'><strong>oonjugi</strong></span> <span class='ocrx_word' id='word_1_477' title='bbox 1379 5491 1717 5551; x_wconf 84' lang='lat' dir='ltr'><strong>abriperetur,</strong></span> <span class='ocrx_word' id='word_1_478' title='bbox 1754 5498 1805 5539; x_wconf 91' lang='lat' dir='ltr'><strong>et</strong></span> <span class='ocrx_word' id='word_1_479' title='bbox 1823 5492 1923 5552; x_wconf 87' lang='lat' dir='ltr'><strong>jam</strong></span> 
     </span>
    </p>
   </div>
   <div class='ocr_carea' id='block_1_58' title="bbox 337 5549 1921 5615">
    <p class='ocr_par' dir='ltr' id='par_1_58' title="bbox 337 5549 1921 5615">
     <span class='ocr_line' id='line_1_58' title="bbox 337 5549 1921 5615; baseline 0.001 -16"><span class='ocrx_word' id='word_1_480' title='bbox 337 5552 452 5601; x_wconf 90' lang='lat' dir='ltr'><strong>olim</strong></span> <span class='ocrx_word' id='word_1_481' title='bbox 490 5549 710 5615; x_wconf 67' lang='lat' dir='ltr'><strong>immissa:</strong></span> <span class='ocrx_word' id='word_1_482' title='bbox 756 5551 803 5598; x_wconf 92' lang='lat' dir='ltr'><strong>in</strong></span> <span class='ocrx_word' id='word_1_483' title='bbox 846 5549 990 5615; x_wconf 84' lang='lat' dir='ltr'><strong>simili</strong></span> <span class='ocrx_word' id='word_1_484' title='bbox 1045 5563 1159 5599; x_wconf 85' lang='lat' dir='ltr'><strong>casu</strong></span> <span class='ocrx_word' id='word_1_485' title='bbox 1216 5549 1372 5613; x_wconf 70' lang='lat' dir='ltr'><strong>poena:</strong></span> <span class='ocrx_word' id='word_1_486' title='bbox 1425 5549 1643 5610; x_wconf 76' lang='lat' dir='ltr'><strong>mémor,</strong></span> <span class='ocrx_word' id='word_1_487' title='bbox 1684 5568 1741 5615; x_wconf 72' lang='lat' dir='ltr'><strong>se</strong></span> <span class='ocrx_word' id='word_1_488' title='bbox 1786 5549 1921 5615; x_wconf 77' lang='lat' dir='ltr'><strong>quasi</strong></span> 
     </span>
    </p>
   </div>
   <div class='ocr_carea' id='block_1_59' title="bbox 336 5611 1923 5683">
    <p class='ocr_par' dir='ltr' id='par_1_59' title="bbox 336 5611 1923 5683">
     <span class='ocr_line' id='line_1_59' title="bbox 336 5611 1923 5683; baseline 0.001 -20"><span class='ocrx_word' id='word_1_489' title='bbox 336 5627 477 5683; x_wconf 66' lang='lat' dir='ltr'><strong>reum</strong></span> <span class='ocrx_word' id='word_1_490' title='bbox 499 5612 794 5671; x_wconf 77' lang='lat' dir='ltr'><strong>existimans,</strong></span> <span class='ocrx_word' id='word_1_491' title='bbox 821 5613 970 5663; x_wconf 84' lang='lat' dir='ltr'><strong>verba</strong></span> <span class='ocrx_word' id='word_1_492' title='bbox 989 5625 1098 5677; x_wconf 78' lang='lat' dir='ltr'><strong>qtne</strong></span> <span class='ocrx_word' id='word_1_493' title='bbox 1111 5611 1383 5675; x_wconf 83' lang='lat' dir='ltr'><strong>sequuntur</strong></span> <span class='ocrx_word' id='word_1_494' title='bbox 1405 5614 1630 5664; x_wconf 84' lang='lat' dir='ltr'><strong>tremoris</strong></span> <span class='ocrx_word' id='word_1_495' title='bbox 1651 5611 1793 5677; x_wconf 81' lang='lat' dir='ltr'><strong>plena</strong></span> <span class='ocrx_word' id='word_1_496' title='bbox 1805 5611 1923 5677; x_wconf 57' lang='lat' dir='ltr'><strong>&#39;pro-</strong></span> 
     </span>
    </p>
   </div>
   <div class='ocr_carea' id='block_1_60' title="bbox 336 5678 459 5731">
    <p class='ocr_par' dir='ltr' id='par_1_60' title="bbox 336 5678 459 5731">
     <span class='ocr_line' id='line_1_60' title="bbox 336 5678 459 5731; baseline -0.024 -4"><span class='ocrx_word' id='word_1_497' title='bbox 336 5678 459 5731; x_wconf 71' lang='lat' dir='ltr'><strong>tulit.</strong></span> 
     </span>
    </p>
   </div>
   <div class='ocr_carea' id='block_1_61' title="bbox 1183 253 2942 316">
    <p class='ocr_par' dir='ltr' id='par_1_61' title="bbox 1183 253 2942 316">
     <span class='ocr_line' id='line_1_61' title="bbox 1183 253 2942 316; baseline -0.005 0"><span class='ocrx_word' id='word_1_498' title='bbox 1183 259 1240 316; x_wconf 77' lang='lat'><strong>8.</strong></span> <span class='ocrx_word' id='word_1_499' title='bbox 1271 258 1545 315; x_wconf 77' lang='lat' dir='ltr'><strong>JE’ANNIS</strong></span> <span class='ocrx_word' id='word_1_500' title='bbox 1569 253 2034 313; x_wconf 75' lang='lat' dir='ltr'><strong>CllBYSOSTOMI</strong></span> <span class='ocrx_word' id='word_1_501' title='bbox 2061 253 2375 312; x_wconf 77' lang='lat' dir='ltr'><strong>ARClllEP.</strong></span> <span class='ocrx_word' id='word_1_502' title='bbox 2414 253 2942 311; x_wconf 69' lang='lat' dir='ltr'><strong>CONSTANTINOP.</strong></span> 
     </span>
    </p>
   </div>
   <div class='ocr_carea' id='block_1_62' title="bbox 3505 253 3604 309">
    <p class='ocr_par' dir='ltr' id='par_1_62' title="bbox 3505 253 3604 309">
     <span class='ocr_line' id='line_1_62' title="bbox 3505 253 3604 309; baseline -0.02 0"><span class='ocrx_word' id='word_1_503' title='bbox 3505 253 3604 309; x_wconf 66' lang='lat'><strong>356</strong></span> 
     </span>
    </p>
   </div>
   <div class='ocr_carea' id='block_1_63' title="bbox 2031 360 3599 439">
    <p class='ocr_par' dir='ltr' id='par_1_63' title="bbox 2031 360 3599 439">
     <span class='ocr_line' id='line_1_63' title="bbox 2031 360 3599 439; baseline 0.001 -17"><span class='ocrx_word' id='word_1_504' title='bbox 2031 368 2233 424; x_wconf 88' lang='lat' dir='ltr'><strong>honore</strong></span> <span class='ocrx_word' id='word_1_505' title='bbox 2262 368 2481 437; x_wconf 84' lang='lat' dir='ltr'><strong>dignus,</strong></span> <span class='ocrx_word' id='word_1_506' title='bbox 2511 384 2667 439; x_wconf 90' lang='lat' dir='ltr'><strong>quem</strong></span> <span class='ocrx_word' id='word_1_507' title='bbox 2696 377 2752 425; x_wconf 88' lang='lat' dir='ltr'><strong>et</strong></span> <span class='ocrx_word' id='word_1_508' title='bbox 2788 368 2999 423; x_wconf 79' lang='lat' dir='ltr'><strong>maximi</strong></span> <span class='ocrx_word' id='word_1_509' title='bbox 3028 360 3283 424; x_wconf 77' lang='lat' dir='ltr'><strong>faciebat.</strong></span> <span class='ocrx_word' id='word_1_510' title='bbox 3310 370 3400 425; x_wconf 85' lang='lat' dir='ltr'><strong>Sic</strong></span> <span class='ocrx_word' id='word_1_511' title='bbox 3423 380 3477 423; x_wconf 87' lang='lat' dir='ltr'><strong>et</strong></span> <span class='ocrx_word' id='word_1_512' title='bbox 3502 370 3599 424; x_wconf 71' lang='lat' dir='ltr'><strong>Ns.</strong></span> 
     </span>
    </p>
   </div>
   <div class='ocr_carea' id='block_1_64' title="bbox 2032 458 3602 528">
    <p class='ocr_par' dir='ltr' id='par_1_64' title="bbox 2032 458 3602 528">
     <span class='ocr_line' id='line_1_64' title="bbox 2032 458 3602 528; baseline 0 -13"><span class='ocrx_word' id='word_1_513' title='bbox 2032 459 2440 515; x_wconf 89' lang='lat' dir='ltr'><strong>buchodonosor</strong></span> <span class='ocrx_word' id='word_1_514' title='bbox 2475 469 2752 528; x_wconf 86' lang='lat' dir='ltr'><strong>postquam</strong></span> <span class='ocrx_word' id='word_1_515' title='bbox 2792 472 2985 528; x_wconf 87' lang='lat' dir='ltr'><strong>pueros</strong></span> <span class='ocrx_word' id='word_1_516' title='bbox 3020 458 3143 514; x_wconf 89' lang='lat' dir='ltr'><strong>illos</strong></span> <span class='ocrx_word' id='word_1_517' title='bbox 3178 469 3286 515; x_wconf 88' lang='lat' dir='ltr'><strong>tres</strong></span> <span class='ocrx_word' id='word_1_518' title='bbox 3326 460 3378 516; x_wconf 91' lang='lat' dir='ltr'><strong>in</strong></span> <span class='ocrx_word' id='word_1_519' title='bbox 3424 459 3602 515; x_wconf 86' lang='lat' dir='ltr'><strong>forna-</strong></span> 
     </span>
    </p>
   </div>
   <div class='ocr_carea' id='block_1_65' title="bbox 2032 549 3606 622">
    <p class='ocr_par' dir='ltr' id='par_1_65' title="bbox 2032 549 3606 622">
     <span class='ocr_line' id='line_1_65' title="bbox 2032 549 3606 622; baseline -0.001 -15"><span class='ocrx_word' id='word_1_520' title='bbox 2032 565 2146 607; x_wconf 91' lang='lat' dir='ltr'><strong>cem</strong></span> <span class='ocrx_word' id='word_1_521' title='bbox 2178 550 2428 620; x_wconf 88' lang='lat' dir='ltr'><strong>iujecerat</strong></span> <span class='ocrx_word' id='word_1_522' title='bbox 2456 550 2628 621; x_wconf 89' lang='lat' dir='ltr'><strong>(Dan.</strong></span> <span class='ocrx_word' id='word_1_523' title='bbox 2658 552 2710 606; x_wconf 79' lang='lat'><strong>5.</strong></span> <span class='ocrx_word' id='word_1_524' title='bbox 2737 550 2805 605; x_wconf 76' lang='lat'><strong>95</strong></span> <span class='ocrx_word' id='word_1_525' title='bbox 2822 549 2864 620; x_wconf 89' lang='lat'><strong>),</strong></span> <span class='ocrx_word' id='word_1_526' title='bbox 2891 558 2945 605; x_wconf 89' lang='lat' dir='ltr'><strong>et</strong></span> <span class='ocrx_word' id='word_1_527' title='bbox 2970 550 3143 618; x_wconf 86' lang='lat' dir='ltr'><strong>reipsa</strong></span> <span class='ocrx_word' id='word_1_528' title='bbox 3169 552 3606 622; x_wconf 76' lang='lat' dir='ltr'><strong>comprobaret-at</strong></span> 
     </span>
    </p>
   </div>
   <div class='ocr_carea' id='block_1_66' title="bbox 2031 641 3604 711">
    <p class='ocr_par' dir='ltr' id='par_1_66' title="bbox 2031 641 3604 711">
     <span class='ocr_line' id='line_1_66' title="bbox 2031 641 3604 711; baseline 0.001 -14"><span class='ocrx_word' id='word_1_529' title='bbox 2031 641 2359 711; x_wconf 83' lang='lat' dir='ltr'><strong>captivorum</strong></span> <span class='ocrx_word' id='word_1_530' title='bbox 2399 642 2797 697; x_wconf 89' lang='lat' dir='ltr'><strong>adolescentum</strong></span> <span class='ocrx_word' id='word_1_531' title='bbox 2839 642 3085 697; x_wconf 87' lang='lat' dir='ltr'><strong>virtutem</strong></span> <span class='ocrx_word' id='word_1_532' title='bbox 3106 682 3121 706; x_wconf 93' lang='lat'><strong>,</strong></span> <span class='ocrx_word' id='word_1_533' title='bbox 3156 652 3280 697; x_wconf 90' lang='lat' dir='ltr'><strong>tunc</strong></span> <span class='ocrx_word' id='word_1_534' title='bbox 3316 644 3604 711; x_wconf 65' lang='lat' dir='ltr'><strong>praedium:</strong></span> 
     </span>
    </p>
   </div>
   <div class='ocr_carea' id='block_1_67' title="bbox 2033 734 3605 805">
    <p class='ocr_par' dir='ltr' id='par_1_67' title="bbox 2033 734 3605 805">
     <span class='ocr_line' id='line_1_67' title="bbox 2033 734 3605 805; baseline 0 -14"><span class='ocrx_word' id='word_1_535' title='bbox 2033 748 2128 791; x_wconf 86' lang='lat' dir='ltr'><strong>eos</strong></span> <span class='ocrx_word' id='word_1_536' title='bbox 2154 734 2311 805; x_wconf 70' lang='lat' dir='ltr'><strong>cmpit</strong></span> <span class='ocrx_word' id='word_1_537' title='bbox 2337 776 2353 800; x_wconf 90' lang='lat'><strong>,</strong></span> <span class='ocrx_word' id='word_1_538' title='bbox 2384 744 2438 789; x_wconf 91' lang='lat' dir='ltr'><strong>et</strong></span> <span class='ocrx_word' id='word_1_539' title='bbox 2475 735 2667 804; x_wconf 89' lang='lat' dir='ltr'><strong>ubique</strong></span> <span class='ocrx_word' id='word_1_540' title='bbox 2704 736 2879 805; x_wconf 87' lang='lat' dir='ltr'><strong>lingua</strong></span> <span class='ocrx_word' id='word_1_541' title='bbox 2916 749 3011 790; x_wconf 87' lang='lat' dir='ltr'><strong>sua</strong></span> <span class='ocrx_word' id='word_1_542' title='bbox 3051 735 3169 790; x_wconf 81' lang='lat' dir='ltr'><strong>fecit</strong></span> <span class='ocrx_word' id='word_1_543' title='bbox 3200 735 3449 791; x_wconf 86' lang='lat' dir='ltr'><strong>illustres.</strong></span> <span class='ocrx_word' id='word_1_544' title='bbox 3483 737 3605 791; x_wconf 72' lang='lat' dir='ltr'><strong>llzec</strong></span> 
     </span>
    </p>
   </div>
   <div class='ocr_carea' id='block_1_68' title="bbox 2034 824 3607 910">
    <p class='ocr_par' dir='ltr' id='par_1_68' title="bbox 2034 824 3607 910">
     <span class='ocr_line' id='line_1_68' title="bbox 2034 824 3607 910; baseline 0.002 -31"><span class='ocrx_word' id='word_1_545' title='bbox 2034 824 2175 879; x_wconf 90' lang='lat' dir='ltr'><strong>enim</strong></span> <span class='ocrx_word' id='word_1_546' title='bbox 2215 824 2548 894; x_wconf 88' lang='lat' dir='ltr'><strong>potissimum</strong></span> <span class='ocrx_word' id='word_1_547' title='bbox 2577 840 2764 910; x_wconf 81' lang='lat' dir='ltr'><strong>magna</strong></span> <span class='ocrx_word' id='word_1_548' title='bbox 2795 825 2887 880; x_wconf 91' lang='lat' dir='ltr'><strong>Dei</strong></span> <span class='ocrx_word' id='word_1_549' title='bbox 2915 826 3081 880; x_wconf 89' lang='lat' dir='ltr'><strong>virtus</strong></span> <span class='ocrx_word' id='word_1_550' title='bbox 3108 834 3221 890; x_wconf 87' lang='lat' dir='ltr'><strong>est,</strong></span> <span class='ocrx_word' id='word_1_551' title='bbox 3246 828 3457 894; x_wconf 86' lang='lat' dir='ltr'><strong>quando</strong></span> <span class='ocrx_word' id='word_1_552' title='bbox 3489 828 3607 881; x_wconf 75' lang='lat' dir='ltr'><strong>facit</strong></span> 
     </span>
    </p>
   </div>
   <div class='ocr_carea' id='block_1_69' title="bbox 2032 915 3605 990">
    <p class='ocr_par' dir='ltr' id='par_1_69' title="bbox 2032 915 3605 990">
     <span class='ocr_line' id='line_1_69' title="bbox 2032 915 3605 990; baseline 0.005 -22"><span class='ocrx_word' id='word_1_553' title='bbox 2032 923 2091 969; x_wconf 90' lang='lat' dir='ltr'><strong>ut</strong></span> <span class='ocrx_word' id='word_1_554' title='bbox 2130 930 2227 984; x_wconf 90' lang='lat' dir='ltr'><strong>per</strong></span> <span class='ocrx_word' id='word_1_555' title='bbox 2264 915 2505 972; x_wconf 91' lang='lat' dir='ltr'><strong>inimicos</strong></span> <span class='ocrx_word' id='word_1_556' title='bbox 2542 917 2877 973; x_wconf 87' lang='lat' dir='ltr'><strong>celebrentur</strong></span> <span class='ocrx_word' id='word_1_557' title='bbox 2912 917 3053 973; x_wconf 88' lang='lat' dir='ltr'><strong>servi</strong></span> <span class='ocrx_word' id='word_1_558' title='bbox 3096 918 3209 976; x_wconf 87' lang='lat' dir='ltr'><strong>Dei.</strong></span> <span class='ocrx_word' id='word_1_559' title='bbox 3250 919 3315 974; x_wconf 80' lang='lat' dir='ltr'><strong>Et</strong></span> <span class='ocrx_word' id='word_1_560' title='bbox 3353 920 3445 990; x_wconf 89' lang='lat' dir='ltr'><strong>qui</strong></span> <span class='ocrx_word' id='word_1_561' title='bbox 3485 935 3605 975; x_wconf 86' lang='lat' dir='ltr'><strong>cum</strong></span> 
     </span>
    </p>
   </div>
   <div class='ocr_carea' id='block_1_70' title="bbox 2033 1003 3607 1081">
    <p class='ocr_par' dir='ltr' id='par_1_70' title="bbox 2033 1003 3607 1081">
     <span class='ocr_line' id='line_1_70' title="bbox 2033 1003 3607 1081; baseline 0.004 -21"><span class='ocrx_word' id='word_1_562' title='bbox 2033 1003 2211 1062; x_wconf 90' lang='lat' dir='ltr'><strong>furore</strong></span> <span class='ocrx_word' id='word_1_563' title='bbox 2236 1007 2451 1061; x_wconf 90' lang='lat' dir='ltr'><strong>accendi</strong></span> <span class='ocrx_word' id='word_1_564' title='bbox 2474 1006 2704 1077; x_wconf 85' lang='lat' dir='ltr'><strong>jusserat</strong></span> <span class='ocrx_word' id='word_1_565' title='bbox 2736 1008 3003 1064; x_wconf 81' lang='lat' dir='ltr'><strong>fornacem</strong></span> <span class='ocrx_word' id='word_1_566' title='bbox 3039 1009 3214 1074; x_wconf 90' lang='lat' dir='ltr'><strong>illam,</strong></span> <span class='ocrx_word' id='word_1_567' title='bbox 3243 1013 3495 1081; x_wconf 88' lang='lat' dir='ltr'><strong>quoniam</strong></span> <span class='ocrx_word' id='word_1_568' title='bbox 3532 1013 3607 1066; x_wconf 80' lang='lat' dir='ltr'><strong>vi-</strong></span> 
     </span>
    </p>
   </div>
   <div class='ocr_carea' id='block_1_71' title="bbox 2032 1095 3609 1172">
    <p class='ocr_par' dir='ltr' id='par_1_71' title="bbox 2032 1095 3609 1172">
     <span class='ocr_line' id='line_1_71' title="bbox 2032 1095 3609 1172; baseline 0.004 -22"><span class='ocrx_word' id='word_1_569' title='bbox 2032 1095 2111 1150; x_wconf 91' lang='lat' dir='ltr'><strong>dit</strong></span> <span class='ocrx_word' id='word_1_570' title='bbox 2135 1111 2229 1165; x_wconf 88' lang='lat' dir='ltr'><strong>per</strong></span> <span class='ocrx_word' id='word_1_571' title='bbox 2257 1110 2546 1165; x_wconf 88' lang='lat' dir='ltr'><strong>supernum</strong></span> <span class='ocrx_word' id='word_1_572' title='bbox 2572 1099 2829 1153; x_wconf 81' lang='lat' dir='ltr'><strong>auxilium</strong></span> <span class='ocrx_word' id='word_1_573' title='bbox 2866 1114 3151 1168; x_wconf 88' lang='lat' dir='ltr'><strong>puerorum</strong></span> <span class='ocrx_word' id='word_1_574' title='bbox 3189 1102 3441 1159; x_wconf 84' lang='lat' dir='ltr'><strong>virtutem</strong></span> <span class='ocrx_word' id='word_1_575' title='bbox 3478 1103 3609 1172; x_wconf 86' lang='lat' dir='ltr'><strong>ignis</strong></span> 
     </span>
    </p>
   </div>
   <div class='ocr_carea' id='block_1_72' title="bbox 2032 1187 3610 1258">
    <p class='ocr_par' dir='ltr' id='par_1_72' title="bbox 2032 1187 3610 1258">
     <span class='ocr_line' id='line_1_72' title="bbox 2032 1187 3610 1258; baseline 0.004 -18"><span class='ocrx_word' id='word_1_576' title='bbox 2032 1188 2293 1241; x_wconf 88' lang='lat' dir='ltr'><strong>actionem</strong></span> <span class='ocrx_word' id='word_1_577' title='bbox 2322 1187 2569 1255; x_wconf 89' lang='lat' dir='ltr'><strong>vincere,</strong></span> <span class='ocrx_word' id='word_1_578' title='bbox 2600 1199 2817 1258; x_wconf 88' lang='lat' dir='ltr'><strong>repente</strong></span> <span class='ocrx_word' id='word_1_579' title='bbox 2847 1198 3078 1245; x_wconf 88' lang='lat' dir='ltr'><strong>mutatus</strong></span> <span class='ocrx_word' id='word_1_580' title='bbox 3103 1191 3346 1246; x_wconf 88' lang='lat' dir='ltr'><strong>clamavit</strong></span> <span class='ocrx_word' id='word_1_581' title='bbox 3374 1192 3561 1247; x_wconf 82' lang='lat' dir='ltr'><strong>dicens</strong></span> <span class='ocrx_word' id='word_1_582' title='bbox 3596 1212 3610 1247; x_wconf 92' lang='lat'>:</span> 
     </span>
    </p>
   </div>
   <div class='ocr_carea' id='block_1_73' title="bbox 2033 1274 3607 1353">
    <p class='ocr_par' dir='ltr' id='par_1_73' title="bbox 2033 1274 3607 1353">
     <span class='ocr_line' id='line_1_73' title="bbox 2033 1274 3607 1353; baseline 0.005 -23"><span class='ocrx_word' id='word_1_583' title='bbox 2033 1274 2180 1331; x_wconf 81' lang='lat' dir='ltr'><strong>Servi</strong></span> <span class='ocrx_word' id='word_1_584' title='bbox 2204 1276 2296 1330; x_wconf 89' lang='lat' dir='ltr'><strong>Dei</strong></span> <span class='ocrx_word' id='word_1_585' title='bbox 2325 1278 2526 1333; x_wconf 83' lang='lat' dir='ltr'><strong>excelsi.</strong></span> <span class='ocrx_word' id='word_1_586' title='bbox 2558 1278 2709 1343; x_wconf 85' lang='lat' dir='ltr'><strong>Vide,</strong></span> <span class='ocrx_word' id='word_1_587' title='bbox 2736 1294 2843 1334; x_wconf 93' lang='lat' dir='ltr'><strong>non</strong></span> <span class='ocrx_word' id='word_1_588' title='bbox 2868 1280 3039 1335; x_wconf 90' lang='lat' dir='ltr'><strong>solum</strong></span> <span class='ocrx_word' id='word_1_589' title='bbox 3067 1282 3183 1337; x_wconf 90' lang='lat' dir='ltr'><strong>illos</strong></span> <span class='ocrx_word' id='word_1_590' title='bbox 3209 1281 3450 1337; x_wconf 86' lang='lat' dir='ltr'><strong>excelsos</strong></span> <span class='ocrx_word' id='word_1_591' title='bbox 3476 1298 3607 1353; x_wconf 72' lang='lat' dir='ltr'><strong>pra-</strong></span> 
     </span>
    </p>
   </div>
   <div class='ocr_carea' id='block_1_74' title="bbox 2033 1370 3611 1441">
    <p class='ocr_par' dir='ltr' id='par_1_74' title="bbox 2033 1370 3611 1441">
     <span class='ocr_line' id='line_1_74' title="bbox 2033 1370 3611 1441; baseline 0.003 -16"><span class='ocrx_word' id='word_1_592' title='bbox 2033 1370 2194 1435; x_wconf 89' lang='lat' dir='ltr'><strong>dieat,</strong></span> <span class='ocrx_word' id='word_1_593' title='bbox 2221 1370 2314 1426; x_wconf 88' lang='lat' dir='ltr'><strong>sed</strong></span> <span class='ocrx_word' id='word_1_594' title='bbox 2343 1383 2398 1427; x_wconf 88' lang='lat' dir='ltr'><strong>et</strong></span> <span class='ocrx_word' id='word_1_595' title='bbox 2424 1372 2703 1428; x_wconf 91' lang='lat' dir='ltr'><strong>Dominum</strong></span> <span class='ocrx_word' id='word_1_596' title='bbox 2730 1373 3095 1428; x_wconf 91' lang='lat' dir='ltr'><strong>universorum</strong></span> <span class='ocrx_word' id='word_1_597' title='bbox 3126 1391 3138 1427; x_wconf 94' lang='lat'>:</span> <span class='ocrx_word' id='word_1_598' title='bbox 3168 1374 3314 1429; x_wconf 77' lang='lat' dir='ltr'><strong>Serui</strong></span> <span class='ocrx_word' id='word_1_599' title='bbox 3336 1376 3500 1441; x_wconf 87' lang='lat' dir='ltr'><strong>enim,</strong></span> <span class='ocrx_word' id='word_1_600' title='bbox 3534 1377 3611 1430; x_wconf 54' lang='lat' dir='ltr'><strong>in.</strong></span> 
     </span>
    </p>
   </div>
   <div class='ocr_carea' id='block_1_75' title="bbox 2032 1462 3609 1536">
    <p class='ocr_par' dir='ltr' id='par_1_75' title="bbox 2032 1462 3609 1536">
     <span class='ocr_line' id='line_1_75' title="bbox 2032 1462 3609 1536; baseline 0.005 -20"><span class='ocrx_word' id='word_1_601' title='bbox 2032 1463 2166 1533; x_wconf 90' lang='lat' dir='ltr'><strong>quit,</strong></span> <span class='ocrx_word' id='word_1_602' title='bbox 2198 1462 2294 1517; x_wconf 89' lang='lat' dir='ltr'><strong>Dei</strong></span> <span class='ocrx_word' id='word_1_603' title='bbox 2318 1465 2521 1530; x_wconf 84' lang='lat' dir='ltr'><strong>excelsi,</strong></span> <span class='ocrx_word' id='word_1_604' title='bbox 2550 1466 2858 1536; x_wconf 84' lang='lat' dir='ltr'><strong>egredimini.</strong></span> <span class='ocrx_word' id='word_1_605' title='bbox 2890 1466 3026 1533; x_wconf 85' lang='lat' dir='ltr'><strong>Quid</strong></span> <span class='ocrx_word' id='word_1_606' title='bbox 3053 1466 3249 1521; x_wconf 87' lang='lat' dir='ltr'><strong>factum</strong></span> <span class='ocrx_word' id='word_1_607' title='bbox 3275 1469 3403 1523; x_wconf 78' lang='lat' dir='ltr'><strong>est?</strong></span> <span class='ocrx_word' id='word_1_608' title='bbox 3434 1484 3609 1525; x_wconf 84' lang='lat' dir='ltr'><strong>nonne</strong></span> 
     </span>
    </p>
   </div>
   <div class='ocr_carea' id='block_1_76' title="bbox 2034 1556 3609 1616">
    <p class='ocr_par' dir='ltr' id='par_1_76' title="bbox 2034 1556 3609 1616">
     <span class='ocr_line' id='line_1_76' title="bbox 2034 1556 3609 1616; baseline 0.005 -7"><span class='ocrx_word' id='word_1_609' title='bbox 2034 1564 2089 1609; x_wconf 91' lang='lat' dir='ltr'><strong>tu</strong></span> <span class='ocrx_word' id='word_1_610' title='bbox 2118 1570 2210 1610; x_wconf 90' lang='lat' dir='ltr'><strong>eos</strong></span> <span class='ocrx_word' id='word_1_611' title='bbox 2242 1566 2507 1612; x_wconf 89' lang='lat' dir='ltr'><strong>tormento</strong></span> <span class='ocrx_word' id='word_1_612' title='bbox 2538 1556 2844 1611; x_wconf 84' lang='lat' dir='ltr'><strong>tradidisti?</strong></span> <span class='ocrx_word' id='word_1_613' title='bbox 2873 1573 3051 1613; x_wconf 91' lang='lat' dir='ltr'><strong>nonne</strong></span> <span class='ocrx_word' id='word_1_614' title='bbox 3081 1567 3134 1613; x_wconf 90' lang='lat' dir='ltr'><strong>tu</strong></span> <span class='ocrx_word' id='word_1_615' title='bbox 3176 1559 3229 1614; x_wconf 90' lang='lat' dir='ltr'><strong>in</strong></span> <span class='ocrx_word' id='word_1_616' title='bbox 3266 1569 3471 1615; x_wconf 90' lang='lat' dir='ltr'><strong>tantum</strong></span> <span class='ocrx_word' id='word_1_617' title='bbox 3503 1562 3609 1616; x_wconf 81' lang='lat' dir='ltr'><strong>fur-</strong></span> 
     </span>
    </p>
   </div>
   <div class='ocr_carea' id='block_1_77' title="bbox 2032 1647 3609 1720">
    <p class='ocr_par' dir='ltr' id='par_1_77' title="bbox 2032 1647 3609 1720">
     <span class='ocr_line' id='line_1_77' title="bbox 2032 1647 3609 1720; baseline 0.005 -20"><span class='ocrx_word' id='word_1_618' title='bbox 2032 1660 2218 1701; x_wconf 90' lang='lat' dir='ltr'><strong>nacem</strong></span> <span class='ocrx_word' id='word_1_619' title='bbox 2241 1647 2458 1702; x_wconf 89' lang='lat' dir='ltr'><strong>accendi</strong></span> <span class='ocrx_word' id='word_1_620' title='bbox 2486 1649 2782 1718; x_wconf 67' lang='lat' dir='ltr'><strong>praecepisti</strong></span> <span class='ocrx_word' id='word_1_621' title='bbox 2804 1649 2827 1702; x_wconf 84' lang='lat'><strong>?</strong></span> <span class='ocrx_word' id='word_1_622' title='bbox 2853 1649 3114 1714; x_wconf 90' lang='lat' dir='ltr'><strong>Profecto,</strong></span> <span class='ocrx_word' id='word_1_623' title='bbox 3139 1650 3331 1720; x_wconf 86' lang='lat' dir='ltr'><strong>inquit,</strong></span> <span class='ocrx_word' id='word_1_624' title='bbox 3358 1654 3452 1707; x_wconf 88' lang='lat' dir='ltr'><strong>sed</strong></span> <span class='ocrx_word' id='word_1_625' title='bbox 3477 1669 3609 1708; x_wconf 88' lang='lat' dir='ltr'><strong>nunc</strong></span> 
     </span>
    </p>
   </div>
   <div class='ocr_carea' id='block_1_78' title="bbox 2031 1739 3611 1800">
    <p class='ocr_par' dir='ltr' id='par_1_78' title="bbox 2031 1739 3611 1800">
     <span class='ocr_line' id='line_1_78' title="bbox 2031 1739 3611 1800; baseline 0.004 -6"><span class='ocrx_word' id='word_1_626' title='bbox 2031 1739 2191 1795; x_wconf 88' lang='lat' dir='ltr'><strong>video</strong></span> <span class='ocrx_word' id='word_1_627' title='bbox 2216 1756 2302 1794; x_wconf 89' lang='lat' dir='ltr'><strong>res</strong></span> <span class='ocrx_word' id='word_1_628' title='bbox 2331 1739 2669 1797; x_wconf 88' lang='lat' dir='ltr'><strong>admirabiles</strong></span> <span class='ocrx_word' id='word_1_629' title='bbox 2692 1750 2747 1796; x_wconf 91' lang='lat' dir='ltr'><strong>et</strong></span> <span class='ocrx_word' id='word_1_630' title='bbox 2772 1757 2955 1797; x_wconf 88' lang='lat' dir='ltr'><strong>novas.</strong></span> <span class='ocrx_word' id='word_1_631' title='bbox 2986 1742 3321 1798; x_wconf 88' lang='lat' dir='ltr'><strong>Elementum</strong></span> <span class='ocrx_word' id='word_1_632' title='bbox 3343 1746 3487 1799; x_wconf 88' lang='lat' dir='ltr'><strong>enim</strong></span> <span class='ocrx_word' id='word_1_633' title='bbox 3514 1745 3611 1800; x_wconf 90' lang='lat' dir='ltr'><strong>hoc</strong></span> 
     </span>
    </p>
   </div>
   <div class='ocr_carea' id='block_1_79' title="bbox 2033 1834 3609 1907">
    <p class='ocr_par' dir='ltr' id='par_1_79' title="bbox 2033 1834 3609 1907">
     <span class='ocr_line' id='line_1_79' title="bbox 2033 1834 3609 1907; baseline 0.004 -21"><span class='ocrx_word' id='word_1_634' title='bbox 2033 1846 2143 1887; x_wconf 75' lang='lat' dir='ltr'><strong>sua:</strong></span> <span class='ocrx_word' id='word_1_635' title='bbox 2186 1834 2508 1902; x_wconf 88' lang='lat' dir='ltr'><strong>operationis</strong></span> <span class='ocrx_word' id='word_1_636' title='bbox 2550 1834 2799 1901; x_wconf 90' lang='lat' dir='ltr'><strong>oblitum,</strong></span> <span class='ocrx_word' id='word_1_637' title='bbox 2841 1836 2992 1905; x_wconf 90' lang='lat' dir='ltr'><strong>quasi</strong></span> <span class='ocrx_word' id='word_1_638' title='bbox 3032 1837 3257 1891; x_wconf 82' lang='lat' dir='ltr'><strong>vinculis</strong></span> <span class='ocrx_word' id='word_1_639' title='bbox 3292 1838 3609 1907; x_wconf 81' lang='lat' dir='ltr'><strong>quibusdam</strong></span> 
     </span>
    </p>
   </div>
   <div class='ocr_carea' id='block_1_80' title="bbox 2033 1925 3611 1998">
    <p class='ocr_par' dir='ltr' id='par_1_80' title="bbox 2033 1925 3611 1998">
     <span class='ocr_line' id='line_1_80' title="bbox 2033 1925 3611 1998; baseline 0.002 -19"><span class='ocrx_word' id='word_1_640' title='bbox 2033 1925 2272 1995; x_wconf 88' lang='lat' dir='ltr'><strong>ligatum,</strong></span> <span class='ocrx_word' id='word_1_641' title='bbox 2305 1935 2499 1981; x_wconf 88' lang='lat' dir='ltr'><strong>tantam</strong></span> <span class='ocrx_word' id='word_1_642' title='bbox 2535 1927 2774 1982; x_wconf 83' lang='lat' dir='ltr'><strong>exhibuit</strong></span> <span class='ocrx_word' id='word_1_643' title='bbox 2801 1927 3176 1993; x_wconf 83' lang='lat' dir='ltr'><strong>obedientiam,</strong></span> <span class='ocrx_word' id='word_1_644' title='bbox 3204 1937 3264 1983; x_wconf 90' lang='lat' dir='ltr'><strong>ut</strong></span> <span class='ocrx_word' id='word_1_645' title='bbox 3290 1944 3464 1998; x_wconf 91' lang='lat' dir='ltr'><strong>neque</strong></span> <span class='ocrx_word' id='word_1_646' title='bbox 3488 1944 3611 1983; x_wconf 81' lang='lat' dir='ltr'><strong>con-</strong></span> 
     </span>
    </p>
   </div>
   <div class='ocr_carea' id='block_1_81' title="bbox 2033 2016 3609 2088">
    <p class='ocr_par' dir='ltr' id='par_1_81' title="bbox 2033 2016 3609 2088">
     <span class='ocr_line' id='line_1_81' title="bbox 2033 2016 3609 2088; baseline 0.003 -19"><span class='ocrx_word' id='word_1_647' title='bbox 2033 2016 2260 2086; x_wconf 87' lang='lat' dir='ltr'><strong>tingeret</strong></span> <span class='ocrx_word' id='word_1_648' title='bbox 2300 2018 2509 2072; x_wconf 90' lang='lat' dir='ltr'><strong>illorum</strong></span> <span class='ocrx_word' id='word_1_649' title='bbox 2549 2019 2787 2088; x_wconf 87' lang='lat' dir='ltr'><strong>capillos.</strong></span> <span class='ocrx_word' id='word_1_650' title='bbox 2827 2018 2979 2076; x_wconf 87' lang='lat' dir='ltr'><strong>Unde</strong></span> <span class='ocrx_word' id='word_1_651' title='bbox 3019 2020 3199 2075; x_wconf 86' lang='lat' dir='ltr'><strong>videre</strong></span> <span class='ocrx_word' id='word_1_652' title='bbox 3239 2036 3522 2088; x_wconf 87' lang='lat' dir='ltr'><strong>possumus</strong></span> <span class='ocrx_word' id='word_1_653' title='bbox 3563 2022 3609 2073; x_wconf 83' lang='lat' dir='ltr'><strong>id</strong></span> 
     </span>
    </p>
   </div>
   <div class='ocr_carea' id='block_1_82' title="bbox 2034 2106 3609 2177">
    <p class='ocr_par' dir='ltr' id='par_1_82' title="bbox 2034 2106 3609 2177">
     <span class='ocr_line' id='line_1_82' title="bbox 2034 2106 3609 2177; baseline 0.004 -17"><span class='ocrx_word' id='word_1_654' title='bbox 2034 2106 2227 2162; x_wconf 85' lang='lat' dir='ltr'><strong>factum</strong></span> <span class='ocrx_word' id='word_1_655' title='bbox 2256 2124 2415 2177; x_wconf 91' lang='lat' dir='ltr'><strong>supra</strong></span> <span class='ocrx_word' id='word_1_656' title='bbox 2448 2110 2729 2169; x_wconf 84' lang='lat' dir='ltr'><strong>humanam</strong></span> <span class='ocrx_word' id='word_1_657' title='bbox 2762 2120 2999 2164; x_wconf 88' lang='lat' dir='ltr'><strong>naturam</strong></span> <span class='ocrx_word' id='word_1_658' title='bbox 3027 2125 3146 2165; x_wconf 85' lang='lat' dir='ltr'><strong>esse</strong></span> <span class='ocrx_word' id='word_1_659' title='bbox 3164 2152 3179 2176; x_wconf 94' lang='lat'><strong>,</strong></span> <span class='ocrx_word' id='word_1_660' title='bbox 3207 2122 3261 2164; x_wconf 93' lang='lat' dir='ltr'><strong>et</strong></span> <span class='ocrx_word' id='word_1_661' title='bbox 3290 2111 3609 2166; x_wconf 71' lang='lat' dir='ltr'><strong>ineffabilem</strong></span> 
     </span>
    </p>
   </div>
   <div class='ocr_carea' id='block_1_83' title="bbox 2033 2199 3611 2272">
    <p class='ocr_par' dir='ltr' id='par_1_83' title="bbox 2033 2199 3611 2272">
     <span class='ocr_line' id='line_1_83' title="bbox 2033 2199 3611 2272; baseline 0.002 -18"><span class='ocrx_word' id='word_1_662' title='bbox 2033 2199 2317 2269; x_wconf 89' lang='lat' dir='ltr'><strong>quamdam</strong></span> <span class='ocrx_word' id='word_1_663' title='bbox 2359 2215 2422 2254; x_wconf 91' lang='lat' dir='ltr'><strong>ac</strong></span> <span class='ocrx_word' id='word_1_664' title='bbox 2460 2200 2689 2255; x_wconf 83' lang='lat' dir='ltr'><strong>divinam</strong></span> <span class='ocrx_word' id='word_1_665' title='bbox 2730 2202 2836 2254; x_wconf 91' lang='lat' dir='ltr'><strong>vim</strong></span> <span class='ocrx_word' id='word_1_666' title='bbox 2879 2201 2992 2256; x_wconf 71' lang='lat' dir='ltr'><strong>lucc</strong></span> <span class='ocrx_word' id='word_1_667' title='bbox 3029 2203 3276 2267; x_wconf 84' lang='lat' dir='ltr'><strong>operari,</strong></span> <span class='ocrx_word' id='word_1_668' title='bbox 3307 2212 3611 2272; x_wconf 83' lang='lat' dir='ltr'><strong>tantamque</strong></span> 
     </span>
    </p>
   </div>
   <div class='ocr_carea' id='block_1_84' title="bbox 2036 2289 3609 2360">
    <p class='ocr_par' dir='ltr' id='par_1_84' title="bbox 2036 2289 3609 2360">
     <span class='ocr_line' id='line_1_84' title="bbox 2036 2289 3609 2360; baseline 0.003 -15"><span class='ocrx_word' id='word_1_669' title='bbox 2036 2305 2320 2360; x_wconf 90' lang='lat' dir='ltr'><strong>puerorum</strong></span> <span class='ocrx_word' id='word_1_670' title='bbox 2360 2289 2559 2355; x_wconf 84' lang='lat' dir='ltr'><strong>habere</strong></span> <span class='ocrx_word' id='word_1_671' title='bbox 2598 2290 3007 2360; x_wconf 87' lang='lat' dir='ltr'><strong>providentiam.</strong></span> <span class='ocrx_word' id='word_1_672' title='bbox 3039 2292 3226 2347; x_wconf 84' lang='lat' dir='ltr'><strong>Vidisti</strong></span> <span class='ocrx_word' id='word_1_673' title='bbox 3262 2293 3358 2346; x_wconf 86' lang='lat' dir='ltr'><strong>Dei</strong></span> <span class='ocrx_word' id='word_1_674' title='bbox 3399 2294 3609 2349; x_wconf 83' lang='lat' dir='ltr'><strong>miseri-</strong></span> 
     </span>
    </p>
   </div>
   <div class='ocr_carea' id='block_1_85' title="bbox 2033 2381 3611 2455">
    <p class='ocr_par' dir='ltr' id='par_1_85' title="bbox 2033 2381 3611 2455">
     <span class='ocr_line' id='line_1_85' title="bbox 2033 2381 3611 2455; baseline 0.004 -19"><span class='ocrx_word' id='word_1_675' title='bbox 2033 2381 2268 2436; x_wconf 91' lang='lat' dir='ltr'><strong>cordiam</strong></span> <span class='ocrx_word' id='word_1_676' title='bbox 2296 2424 2314 2449; x_wconf 93' lang='lat'><strong>,</strong></span> <span class='ocrx_word' id='word_1_677' title='bbox 2363 2382 2630 2452; x_wconf 90' lang='lat' dir='ltr'><strong>quomodo</strong></span> <span class='ocrx_word' id='word_1_678' title='bbox 2683 2399 2967 2453; x_wconf 89' lang='lat' dir='ltr'><strong>numquam</strong></span> <span class='ocrx_word' id='word_1_679' title='bbox 3012 2384 3386 2455; x_wconf 88' lang='lat' dir='ltr'><strong>derelinquens</strong></span> <span class='ocrx_word' id='word_1_680' title='bbox 3432 2403 3611 2442; x_wconf 83' lang='lat' dir='ltr'><strong>servos</strong></span> 
     </span>
    </p>
   </div>
   <div class='ocr_carea' id='block_1_86' title="bbox 2034 2475 3613 2547">
    <p class='ocr_par' dir='ltr' id='par_1_86' title="bbox 2034 2475 3613 2547">
     <span class='ocr_line' id='line_1_86' title="bbox 2034 2475 3613 2547; baseline 0.003 -17"><span class='ocrx_word' id='word_1_681' title='bbox 2034 2490 2195 2541; x_wconf 91' lang='lat' dir='ltr'><strong>suos,</strong></span> <span class='ocrx_word' id='word_1_682' title='bbox 2240 2475 2499 2545; x_wconf 86' lang='lat' dir='ltr'><strong>permittit</strong></span> <span class='ocrx_word' id='word_1_683' title='bbox 2538 2476 2593 2531; x_wconf 92' lang='lat' dir='ltr'><strong>in</strong></span> <span class='ocrx_word' id='word_1_684' title='bbox 2632 2475 2902 2533; x_wconf 82' lang='lat' dir='ltr'><strong>fornacem</strong></span> <span class='ocrx_word' id='word_1_685' title='bbox 2950 2479 3128 2547; x_wconf 90' lang='lat' dir='ltr'><strong>injici;</strong></span> <span class='ocrx_word' id='word_1_686' title='bbox 3166 2480 3261 2535; x_wconf 90' lang='lat' dir='ltr'><strong>sed</strong></span> <span class='ocrx_word' id='word_1_687' title='bbox 3297 2495 3393 2534; x_wconf 87' lang='lat' dir='ltr'><strong>eos</strong></span> <span class='ocrx_word' id='word_1_688' title='bbox 3432 2483 3613 2537; x_wconf 81' lang='lat' dir='ltr'><strong>volens</strong></span> 
     </span>
    </p>
   </div>
   <div class='ocr_carea' id='block_1_87' title="bbox 2033 2564 3613 2633">
    <p class='ocr_par' dir='ltr' id='par_1_87' title="bbox 2033 2564 3613 2633">
     <span class='ocr_line' id='line_1_87' title="bbox 2033 2564 3613 2633; baseline 0.004 -14"><span class='ocrx_word' id='word_1_689' title='bbox 2033 2565 2284 2620; x_wconf 85' lang='lat' dir='ltr'><strong>clariores</strong></span> <span class='ocrx_word' id='word_1_690' title='bbox 2313 2564 2507 2629; x_wconf 88' lang='lat' dir='ltr'><strong>facere,</strong></span> <span class='ocrx_word' id='word_1_691' title='bbox 2538 2575 2594 2622; x_wconf 92' lang='lat' dir='ltr'><strong>et</strong></span> <span class='ocrx_word' id='word_1_692' title='bbox 2621 2582 2770 2622; x_wconf 91' lang='lat' dir='ltr'><strong>suam</strong></span> <span class='ocrx_word' id='word_1_693' title='bbox 2797 2567 3046 2624; x_wconf 87' lang='lat' dir='ltr'><strong>virtutem</strong></span> <span class='ocrx_word' id='word_1_694' title='bbox 3070 2569 3458 2633; x_wconf 86' lang='lat' dir='ltr'><strong>demonstrare,</strong></span> <span class='ocrx_word' id='word_1_695' title='bbox 3493 2572 3613 2625; x_wconf 86' lang='lat' dir='ltr'><strong>bar-</strong></span> 
     </span>
    </p>
   </div>
   <div class='ocr_carea' id='block_1_88' title="bbox 2033 2659 3612 2719">
    <p class='ocr_par' dir='ltr' id='par_1_88' title="bbox 2033 2659 3612 2719">
     <span class='ocr_line' id='line_1_88' title="bbox 2033 2659 3612 2719; baseline 0.003 -6"><span class='ocrx_word' id='word_1_696' title='bbox 2033 2659 2147 2714; x_wconf 89' lang='lat' dir='ltr'><strong>hari</strong></span> <span class='ocrx_word' id='word_1_697' title='bbox 2172 2659 2417 2714; x_wconf 90' lang='lat' dir='ltr'><strong>demulsit</strong></span> <span class='ocrx_word' id='word_1_698' title='bbox 2442 2660 2675 2715; x_wconf 90' lang='lat' dir='ltr'><strong>animum</strong></span> <span class='ocrx_word' id='word_1_699' title='bbox 2698 2670 2751 2715; x_wconf 92' lang='lat' dir='ltr'><strong>et</strong></span> <span class='ocrx_word' id='word_1_700' title='bbox 2773 2669 2971 2715; x_wconf 90' lang='lat' dir='ltr'><strong>tantam</strong></span> <span class='ocrx_word' id='word_1_701' title='bbox 2996 2662 3332 2717; x_wconf 85' lang='lat' dir='ltr'><strong>tolerantiam</strong></span> <span class='ocrx_word' id='word_1_702' title='bbox 3352 2664 3612 2719; x_wconf 80' lang='lat' dir='ltr'><strong>ostendit?</strong></span> 
     </span>
    </p>
   </div>
   <div class='ocr_carea' id='block_1_89' title="bbox 2032 2748 3614 2824">
    <p class='ocr_par' dir='ltr' id='par_1_89' title="bbox 2032 2748 3614 2824">
     <span class='ocr_line' id='line_1_89' title="bbox 2032 2748 3614 2824; baseline 0.004 -21"><span class='ocrx_word' id='word_1_703' title='bbox 2032 2748 2217 2819; x_wconf 81' lang='lat' dir='ltr'><strong>Neque</strong></span> <span class='ocrx_word' id='word_1_704' title='bbox 2246 2750 2390 2805; x_wconf 89' lang='lat' dir='ltr'><strong>enim</strong></span> <span class='ocrx_word' id='word_1_705' title='bbox 2416 2760 2523 2806; x_wconf 87' lang='lat' dir='ltr'><strong>tam</strong></span> <span class='ocrx_word' id='word_1_706' title='bbox 2553 2751 2863 2807; x_wconf 87' lang='lat' dir='ltr'><strong>admirabile</strong></span> <span class='ocrx_word' id='word_1_707' title='bbox 2893 2763 3007 2808; x_wconf 89' lang='lat' dir='ltr'><strong>erat</strong></span> <span class='ocrx_word' id='word_1_708' title='bbox 3028 2793 3043 2817; x_wconf 92' lang='lat'><strong>,</strong></span> <span class='ocrx_word' id='word_1_709' title='bbox 3070 2754 3113 2807; x_wconf 91' lang='lat' dir='ltr'><strong>si</strong></span> <span class='ocrx_word' id='word_1_710' title='bbox 3142 2769 3174 2808; x_wconf 89' lang='lat' dir='ltr'><strong>a</strong></span> <span class='ocrx_word' id='word_1_711' title='bbox 3199 2754 3465 2824; x_wconf 88' lang='lat' dir='ltr'><strong>principio</strong></span> <span class='ocrx_word' id='word_1_712' title='bbox 3494 2772 3614 2824; x_wconf 58' lang='lat' dir='ltr'><strong>pro.</strong></span> 
     </span>
    </p>
   </div>
   <div class='ocr_carea' id='block_1_90' title="bbox 2034 2841 3612 2913">
    <p class='ocr_par' dir='ltr' id='par_1_90' title="bbox 2034 2841 3612 2913">
     <span class='ocr_line' id='line_1_90' title="bbox 2034 2841 3612 2913; baseline 0.002 -16"><span class='ocrx_word' id='word_1_713' title='bbox 2034 2841 2291 2897; x_wconf 88' lang='lat' dir='ltr'><strong>hibuisset</strong></span> <span class='ocrx_word' id='word_1_714' title='bbox 2318 2858 2411 2897; x_wconf 91' lang='lat' dir='ltr'><strong>eos</strong></span> <span class='ocrx_word' id='word_1_715' title='bbox 2448 2842 2505 2898; x_wconf 91' lang='lat' dir='ltr'><strong>in</strong></span> <span class='ocrx_word' id='word_1_716' title='bbox 2536 2844 2799 2897; x_wconf 88' lang='lat' dir='ltr'><strong>caminum</strong></span> <span class='ocrx_word' id='word_1_717' title='bbox 2844 2844 2989 2913; x_wconf 87' lang='lat' dir='ltr'><strong>injici</strong></span> <span class='ocrx_word' id='word_1_718' title='bbox 3022 2862 3035 2898; x_wconf 92' lang='lat'><strong>:</strong></span> <span class='ocrx_word' id='word_1_719' title='bbox 3066 2845 3219 2900; x_wconf 87' lang='lat' dir='ltr'><strong>sicuti</strong></span> <span class='ocrx_word' id='word_1_720' title='bbox 3265 2862 3409 2901; x_wconf 89' lang='lat' dir='ltr'><strong>nunc</strong></span> <span class='ocrx_word' id='word_1_721' title='bbox 3450 2848 3612 2902; x_wconf 87' lang='lat' dir='ltr'><strong>admi-</strong></span> 
     </span>
    </p>
   </div>
   <div class='ocr_carea' id='block_1_91' title="bbox 2033 2935 3612 3010">
    <p class='ocr_par' dir='ltr' id='par_1_91' title="bbox 2033 2935 3612 3010">
     <span class='ocr_line' id='line_1_91' title="bbox 2033 2935 3612 3010; baseline 0.003 -20"><span class='ocrx_word' id='word_1_722' title='bbox 2033 2935 2253 2991; x_wconf 85' lang='lat' dir='ltr'><strong>rabilius</strong></span> <span class='ocrx_word' id='word_1_723' title='bbox 2280 2945 2333 2990; x_wconf 92' lang='lat' dir='ltr'><strong>et</strong></span> <span class='ocrx_word' id='word_1_724' title='bbox 2358 2936 2528 2990; x_wconf 88' lang='lat' dir='ltr'><strong>rarius</strong></span> <span class='ocrx_word' id='word_1_725' title='bbox 2554 2935 2749 2990; x_wconf 87' lang='lat' dir='ltr'><strong>factum</strong></span> <span class='ocrx_word' id='word_1_726' title='bbox 2773 2947 2853 2992; x_wconf 91' lang='lat' dir='ltr'><strong>est</strong></span> <span class='ocrx_word' id='word_1_727' title='bbox 2877 2978 2891 3001; x_wconf 92' lang='lat'><strong>,</strong></span> <span class='ocrx_word' id='word_1_728' title='bbox 2918 2952 3043 2992; x_wconf 85' lang='lat' dir='ltr'><strong>cum</strong></span> <span class='ocrx_word' id='word_1_729' title='bbox 3076 2938 3126 2991; x_wconf 92' lang='lat' dir='ltr'><strong>in</strong></span> <span class='ocrx_word' id='word_1_730' title='bbox 3154 2939 3333 2993; x_wconf 85' lang='lat' dir='ltr'><strong>medio</strong></span> <span class='ocrx_word' id='word_1_731' title='bbox 3358 2940 3497 3010; x_wconf 82' lang='lat' dir='ltr'><strong>ignis</strong></span> <span class='ocrx_word' id='word_1_732' title='bbox 3521 2956 3612 2994; x_wconf 84' lang='lat' dir='ltr'><strong>ex-</strong></span> 
     </span>
    </p>
   </div>
   <div class='ocr_carea' id='block_1_92' title="bbox 2034 3028 3615 3101">
    <p class='ocr_par' dir='ltr' id='par_1_92' title="bbox 2034 3028 3615 3101">
     <span class='ocr_line' id='line_1_92' title="bbox 2034 3028 3615 3101; baseline 0.003 -18"><span class='ocrx_word' id='word_1_733' title='bbox 2034 3028 2283 3084; x_wconf 88' lang='lat' dir='ltr'><strong>sistentes</strong></span> <span class='ocrx_word' id='word_1_734' title='bbox 2305 3069 2321 3092; x_wconf 93' lang='lat'><strong>,</strong></span> <span class='ocrx_word' id='word_1_735' title='bbox 2358 3029 2489 3082; x_wconf 89' lang='lat' dir='ltr'><strong>nihil</strong></span> <span class='ocrx_word' id='word_1_736' title='bbox 2535 3030 2753 3084; x_wconf 88' lang='lat' dir='ltr'><strong>insuave</strong></span> <span class='ocrx_word' id='word_1_737' title='bbox 2789 3030 2895 3098; x_wconf 90' lang='lat' dir='ltr'><strong>pati</strong></span> <span class='ocrx_word' id='word_1_738' title='bbox 2936 3031 3208 3099; x_wconf 87' lang='lat' dir='ltr'><strong>permittit.</strong></span> <span class='ocrx_word' id='word_1_739' title='bbox 3242 3030 3377 3085; x_wconf 87' lang='lat' dir='ltr'><strong>Nam</strong></span> <span class='ocrx_word' id='word_1_740' title='bbox 3405 3033 3615 3101; x_wconf 85' lang='lat' dir='ltr'><strong>quando</strong></span> 
     </span>
    </p>
   </div>
   <div class='ocr_carea' id='block_1_93' title="bbox 2032 3120 3616 3194">
    <p class='ocr_par' dir='ltr' id='par_1_93' title="bbox 2032 3120 3616 3194">
     <span class='ocr_line' id='line_1_93' title="bbox 2032 3120 3616 3194; baseline 0.003 -21"><span class='ocrx_word' id='word_1_741' title='bbox 2032 3120 2164 3185; x_wconf 91' lang='lat' dir='ltr'><strong>vult,</strong></span> <span class='ocrx_word' id='word_1_742' title='bbox 2194 3120 2352 3175; x_wconf 89' lang='lat' dir='ltr'><strong>etiam</strong></span> <span class='ocrx_word' id='word_1_743' title='bbox 2378 3136 2473 3175; x_wconf 93' lang='lat' dir='ltr'><strong>eos</strong></span> <span class='ocrx_word' id='word_1_744' title='bbox 2497 3121 2584 3189; x_wconf 90' lang='lat' dir='ltr'><strong>qui</strong></span> <span class='ocrx_word' id='word_1_745' title='bbox 2615 3120 2666 3175; x_wconf 90' lang='lat' dir='ltr'><strong>in</strong></span> <span class='ocrx_word' id='word_1_746' title='bbox 2701 3122 2888 3176; x_wconf 90' lang='lat' dir='ltr'><strong>mediis</strong></span> <span class='ocrx_word' id='word_1_747' title='bbox 2917 3131 3039 3176; x_wconf 91' lang='lat' dir='ltr'><strong>sunt</strong></span> <span class='ocrx_word' id='word_1_748' title='bbox 3065 3123 3309 3191; x_wconf 87' lang='lat' dir='ltr'><strong>periculis</strong></span> <span class='ocrx_word' id='word_1_749' title='bbox 3338 3134 3394 3178; x_wconf 89' lang='lat' dir='ltr'><strong>et</strong></span> <span class='ocrx_word' id='word_1_750' title='bbox 3421 3126 3616 3194; x_wconf 68' lang='lat' dir='ltr'><strong>penis,</strong></span> 
     </span>
    </p>
   </div>
   <div class='ocr_carea' id='block_1_94' title="bbox 2034 3211 3616 3283">
    <p class='ocr_par' dir='ltr' id='par_1_94' title="bbox 2034 3211 3616 3283">
     <span class='ocr_line' id='line_1_94' title="bbox 2034 3211 3616 3283; baseline 0.004 -20"><span class='ocrx_word' id='word_1_751' title='bbox 2034 3212 2358 3280; x_wconf 87' lang='lat' dir='ltr'><strong>potentiores</strong></span> <span class='ocrx_word' id='word_1_752' title='bbox 2396 3211 2560 3267; x_wconf 87' lang='lat' dir='ltr'><strong>facit:</strong></span> <span class='ocrx_word' id='word_1_753' title='bbox 2590 3220 2645 3266; x_wconf 89' lang='lat' dir='ltr'><strong>et</strong></span> <span class='ocrx_word' id='word_1_754' title='bbox 2677 3226 2770 3267; x_wconf 85' lang='lat' dir='ltr'><strong>eos</strong></span> <span class='ocrx_word' id='word_1_755' title='bbox 2807 3212 2895 3280; x_wconf 90' lang='lat' dir='ltr'><strong>qui</strong></span> <span class='ocrx_word' id='word_1_756' title='bbox 2936 3213 3235 3280; x_wconf 89' lang='lat' dir='ltr'><strong>patiuntur,</strong></span> <span class='ocrx_word' id='word_1_757' title='bbox 3267 3214 3333 3267; x_wconf 91' lang='lat' dir='ltr'><strong>iis</strong></span> <span class='ocrx_word' id='word_1_758' title='bbox 3368 3216 3460 3283; x_wconf 90' lang='lat' dir='ltr'><strong>qui</strong></span> <span class='ocrx_word' id='word_1_759' title='bbox 3502 3216 3616 3269; x_wconf 85' lang='lat' dir='ltr'><strong>illos</strong></span> 
     </span>
    </p>
   </div>
   <div class='ocr_carea' id='block_1_95' title="bbox 2033 3300 3614 3373">
    <p class='ocr_par' dir='ltr' id='par_1_95' title="bbox 2033 3300 3614 3373">
     <span class='ocr_line' id='line_1_95' title="bbox 2033 3300 3614 3373; baseline 0.004 -19"><span class='ocrx_word' id='word_1_760' title='bbox 2033 3300 2271 3370; x_wconf 85' lang='lat' dir='ltr'><strong>affligunt</strong></span> <span class='ocrx_word' id='word_1_761' title='bbox 2293 3303 2594 3369; x_wconf 89' lang='lat' dir='ltr'><strong>superiores</strong></span> <span class='ocrx_word' id='word_1_762' title='bbox 2620 3303 2810 3356; x_wconf 89' lang='lat' dir='ltr'><strong>reddit.</strong></span> <span class='ocrx_word' id='word_1_763' title='bbox 2845 3303 2953 3358; x_wconf 81' lang='lat' dir='ltr'><strong>Hoc</strong></span> <span class='ocrx_word' id='word_1_764' title='bbox 2978 3312 3033 3358; x_wconf 84' lang='lat' dir='ltr'><strong>et</strong></span> <span class='ocrx_word' id='word_1_765' title='bbox 3056 3304 3107 3358; x_wconf 92' lang='lat' dir='ltr'><strong>in</strong></span> <span class='ocrx_word' id='word_1_766' title='bbox 3134 3306 3396 3373; x_wconf 82' lang='lat' dir='ltr'><strong>apostolis</strong></span> <span class='ocrx_word' id='word_1_767' title='bbox 3419 3306 3614 3361; x_wconf 85' lang='lat' dir='ltr'><strong>factum</strong></span> 
     </span>
    </p>
   </div>
   <div class='ocr_carea' id='block_1_96' title="bbox 2033 3395 3614 3467">
    <p class='ocr_par' dir='ltr' id='par_1_96' title="bbox 2033 3395 3614 3467">
     <span class='ocr_line' id='line_1_96' title="bbox 2033 3395 3614 3467; baseline 0.003 -17"><span class='ocrx_word' id='word_1_768' title='bbox 2033 3403 2134 3450; x_wconf 83' lang='lat' dir='ltr'><strong>est.</strong></span> <span class='ocrx_word' id='word_1_769' title='bbox 2162 3395 2292 3449; x_wconf 83' lang='lat' dir='ltr'><strong>Nam</strong></span> <span class='ocrx_word' id='word_1_770' title='bbox 2315 3397 2401 3465; x_wconf 91' lang='lat' dir='ltr'><strong>qui</strong></span> <span class='ocrx_word' id='word_1_771' title='bbox 2429 3411 2522 3450; x_wconf 92' lang='lat' dir='ltr'><strong>eos</strong></span> <span class='ocrx_word' id='word_1_772' title='bbox 2552 3398 2808 3466; x_wconf 88' lang='lat' dir='ltr'><strong>urgebant</strong></span> <span class='ocrx_word' id='word_1_773' title='bbox 2834 3408 2890 3453; x_wconf 90' lang='lat' dir='ltr'><strong>et</strong></span> <span class='ocrx_word' id='word_1_774' title='bbox 2912 3399 3244 3453; x_wconf 86' lang='lat' dir='ltr'><strong>adducebant</strong></span> <span class='ocrx_word' id='word_1_775' title='bbox 3272 3399 3322 3453; x_wconf 90' lang='lat' dir='ltr'><strong>iu</strong></span> <span class='ocrx_word' id='word_1_776' title='bbox 3357 3403 3614 3467; x_wconf 86' lang='lat' dir='ltr'><strong>medium,</strong></span> 
     </span>
    </p>
   </div>
   <div class='ocr_carea' id='block_1_97' title="bbox 2035 3487 3616 3555">
    <p class='ocr_par' dir='ltr' id='par_1_97' title="bbox 2035 3487 3616 3555">
     <span class='ocr_line' id='line_1_97' title="bbox 2035 3487 3616 3555; baseline 0.003 -14"><span class='ocrx_word' id='word_1_777' title='bbox 2035 3498 2089 3541; x_wconf 89' lang='lat' dir='ltr'><strong>et</strong></span> <span class='ocrx_word' id='word_1_778' title='bbox 2115 3487 2265 3551; x_wconf 87' lang='lat' dir='ltr'><strong>quasi</strong></span> <span class='ocrx_word' id='word_1_779' title='bbox 2301 3487 2546 3543; x_wconf 85' lang='lat' dir='ltr'><strong>dentibus</strong></span> <span class='ocrx_word' id='word_1_780' title='bbox 2584 3488 2841 3543; x_wconf 86' lang='lat' dir='ltr'><strong>adversus</strong></span> <span class='ocrx_word' id='word_1_781' title='bbox 2886 3504 2980 3543; x_wconf 91' lang='lat' dir='ltr'><strong>eos</strong></span> <span class='ocrx_word' id='word_1_782' title='bbox 3017 3490 3347 3555; x_wconf 88' lang='lat' dir='ltr'><strong>fremebant,</strong></span> <span class='ocrx_word' id='word_1_783' title='bbox 3383 3492 3527 3547; x_wconf 84' lang='lat' dir='ltr'><strong>inter</strong></span> <span class='ocrx_word' id='word_1_784' title='bbox 3561 3509 3616 3546; x_wconf 90' lang='lat' dir='ltr'><strong>se</strong></span> 
     </span>
    </p>
   </div>
   <div class='ocr_carea' id='block_1_98' title="bbox 2033 3576 3614 3654">
    <p class='ocr_par' dir='ltr' id='par_1_98' title="bbox 2033 3576 3614 3654">
     <span class='ocr_line' id='line_1_98' title="bbox 2033 3576 3614 3654; baseline 0.004 -22"><span class='ocrx_word' id='word_1_785' title='bbox 2033 3576 2319 3633; x_wconf 85' lang='lat' dir='ltr'><strong>dicebant:</strong></span> <span class='ocrx_word' id='word_1_786' title='bbox 2354 3578 2489 3644; x_wconf 83' lang='lat' dir='ltr'><strong>Quid</strong></span> <span class='ocrx_word' id='word_1_787' title='bbox 2526 3580 2767 3646; x_wconf 75' lang='lat' dir='ltr'><strong>faciemus</strong></span> <span class='ocrx_word' id='word_1_788' title='bbox 2810 3582 2928 3633; x_wconf 81' lang='lat' dir='ltr'><strong>viris</strong></span> <span class='ocrx_word' id='word_1_789' title='bbox 2967 3582 3075 3635; x_wconf 78' lang='lat' dir='ltr'><strong>istis</strong></span> <span class='ocrx_word' id='word_1_790' title='bbox 3110 3582 3259 3652; x_wconf 83' lang='lat' dir='ltr'><strong>(Act.</strong></span> <span class='ocrx_word' id='word_1_791' title='bbox 3298 3583 3349 3637; x_wconf 71' lang='grc'><strong>4.</strong></span> <span class='ocrx_word' id='word_1_792' title='bbox 3388 3583 3535 3654; x_wconf 72' lang='lat' dir='ltr'><strong>f6)?</strong></span> <span class='ocrx_word' id='word_1_793' title='bbox 3566 3586 3614 3638; x_wconf 86' lang='lat' dir='ltr'><strong>iu</strong></span> 
     </span>
    </p>
   </div>
   <div class='ocr_carea' id='block_1_99' title="bbox 2034 3670 3616 3745">
    <p class='ocr_par' dir='ltr' id='par_1_99' title="bbox 2034 3670 3616 3745">
     <span class='ocr_line' id='line_1_99' title="bbox 2034 3670 3616 3745; baseline 0.006 -23"><span class='ocrx_word' id='word_1_794' title='bbox 2034 3670 2277 3725; x_wconf 86' lang='lat' dir='ltr'><strong>manibus</strong></span> <span class='ocrx_word' id='word_1_795' title='bbox 2303 3671 2418 3727; x_wconf 88' lang='lat' dir='ltr'><strong>illos</strong></span> <span class='ocrx_word' id='word_1_796' title='bbox 2442 3670 2729 3736; x_wconf 81' lang='lat' dir='ltr'><strong>habebant,</strong></span> <span class='ocrx_word' id='word_1_797' title='bbox 2757 3680 2812 3727; x_wconf 88' lang='lat' dir='ltr'><strong>et</strong></span> <span class='ocrx_word' id='word_1_798' title='bbox 2834 3672 3149 3727; x_wconf 86' lang='lat' dir='ltr'><strong>dubitabant</strong></span> <span class='ocrx_word' id='word_1_799' title='bbox 3170 3690 3372 3742; x_wconf 87' lang='lat' dir='ltr'><strong>secum,</strong></span> <span class='ocrx_word' id='word_1_800' title='bbox 3400 3678 3533 3745; x_wconf 85' lang='lat' dir='ltr'><strong>quid</strong></span> <span class='ocrx_word' id='word_1_801' title='bbox 3553 3678 3616 3732; x_wconf 87' lang='lat' dir='ltr'><strong>de</strong></span> 
     </span>
    </p>
   </div>
   <div class='ocr_carea' id='block_1_100' title="bbox 2034 3760 3614 3834">
    <p class='ocr_par' dir='ltr' id='par_1_100' title="bbox 2034 3760 3614 3834">
     <span class='ocr_line' id='line_1_100' title="bbox 2034 3760 3614 3834; baseline 0.004 -17"><span class='ocrx_word' id='word_1_802' title='bbox 2034 3763 2112 3817; x_wconf 89' lang='lat' dir='ltr'><strong>eis</strong></span> <span class='ocrx_word' id='word_1_803' title='bbox 2136 3760 2390 3818; x_wconf 87' lang='lat' dir='ltr'><strong>facerent.</strong></span> <span class='ocrx_word' id='word_1_804' title='bbox 2418 3763 2607 3827; x_wconf 87' lang='lat' dir='ltr'><strong>Tanta,</strong></span> <span class='ocrx_word' id='word_1_805' title='bbox 2636 3773 2847 3834; x_wconf 87' lang='lat' dir='ltr'><strong>tamque</strong></span> <span class='ocrx_word' id='word_1_806' title='bbox 2871 3765 3041 3820; x_wconf 87' lang='lat' dir='ltr'><strong>valida</strong></span> <span class='ocrx_word' id='word_1_807' title='bbox 3064 3782 3150 3821; x_wconf 83' lang='lat' dir='ltr'><strong>res</strong></span> <span class='ocrx_word' id='word_1_808' title='bbox 3169 3776 3252 3821; x_wconf 87' lang='lat' dir='ltr'><strong>est</strong></span> <span class='ocrx_word' id='word_1_809' title='bbox 3268 3767 3454 3833; x_wconf 85' lang='lat' dir='ltr'><strong>virtus,</strong></span> <span class='ocrx_word' id='word_1_810' title='bbox 3483 3779 3614 3824; x_wconf 54' lang='lat' dir='ltr'><strong>tam.</strong></span> 
     </span>
    </p>
   </div>
   <div class='ocr_carea' id='block_1_101' title="bbox 2032 3856 3612 3930">
    <p class='ocr_par' dir='ltr' id='par_1_101' title="bbox 2032 3856 3612 3930">
     <span class='ocr_line' id='line_1_101' title="bbox 2032 3856 3612 3930; baseline 0.004 -21"><span class='ocrx_word' id='word_1_811' title='bbox 2032 3870 2136 3925; x_wconf 88' lang='lat' dir='ltr'><strong>que</strong></span> <span class='ocrx_word' id='word_1_812' title='bbox 2165 3856 2440 3911; x_wconf 88' lang='lat' dir='ltr'><strong>imbecillis</strong></span> <span class='ocrx_word' id='word_1_813' title='bbox 2467 3857 2665 3911; x_wconf 88' lang='lat' dir='ltr'><strong>malitia</strong></span> <span class='ocrx_word' id='word_1_814' title='bbox 2686 3899 2700 3923; x_wconf 91' lang='lat'><strong>,</strong></span> <span class='ocrx_word' id='word_1_815' title='bbox 2732 3866 2793 3911; x_wconf 87' lang='lat' dir='ltr'><strong>ut</strong></span> <span class='ocrx_word' id='word_1_816' title='bbox 2817 3858 2905 3912; x_wconf 88' lang='lat' dir='ltr'><strong>illa</strong></span> <span class='ocrx_word' id='word_1_817' title='bbox 2934 3857 3147 3929; x_wconf 89' lang='lat' dir='ltr'><strong>quidem</strong></span> <span class='ocrx_word' id='word_1_818' title='bbox 3166 3900 3181 3924; x_wconf 91' lang='lat'><strong>,</strong></span> <span class='ocrx_word' id='word_1_819' title='bbox 3209 3858 3337 3913; x_wconf 88' lang='lat' dir='ltr'><strong>licet.</strong></span> <span class='ocrx_word' id='word_1_820' title='bbox 3358 3862 3612 3930; x_wconf 80' lang='lat' dir='ltr'><strong>patiatur.</strong></span> 
     </span>
    </p>
   </div>
   <div class='ocr_carea' id='block_1_102' title="bbox 1970 3947 3610 4021">
    <p class='ocr_par' dir='ltr' id='par_1_102' title="bbox 1970 3947 3610 4021">
     <span class='ocr_line' id='line_1_102' title="bbox 1970 3947 3610 4021; baseline 0.004 -21"><span class='ocrx_word' id='word_1_821' title='bbox 1970 3995 1977 4000; x_wconf 82' lang='lat'><strong>.</strong></span> <span class='ocrx_word' id='word_1_822' title='bbox 2032 3947 2225 4011; x_wconf 89' lang='lat' dir='ltr'><strong>vincat,</strong></span> <span class='ocrx_word' id='word_1_823' title='bbox 2256 3949 2369 4002; x_wconf 67' lang='lat' dir='ltr'><strong>haec</strong></span> <span class='ocrx_word' id='word_1_824' title='bbox 2398 3964 2526 4003; x_wconf 88' lang='lat' dir='ltr'><strong>vero</strong></span> <span class='ocrx_word' id='word_1_825' title='bbox 2549 3957 2603 4004; x_wconf 90' lang='lat' dir='ltr'><strong>et</strong></span> <span class='ocrx_word' id='word_1_826' title='bbox 2627 3949 2671 4004; x_wconf 91' lang='lat' dir='ltr'><strong>si</strong></span> <span class='ocrx_word' id='word_1_827' title='bbox 2699 3950 2822 4019; x_wconf 91' lang='lat' dir='ltr'><strong>quid</strong></span> <span class='ocrx_word' id='word_1_828' title='bbox 2852 3960 2993 4019; x_wconf 84' lang='lat' dir='ltr'><strong>agat,</strong></span> <span class='ocrx_word' id='word_1_829' title='bbox 3020 3950 3150 4004; x_wconf 83' lang='lat' dir='ltr'><strong>nihil</strong></span> <span class='ocrx_word' id='word_1_830' title='bbox 3178 3951 3317 4005; x_wconf 83' lang='lat' dir='ltr'><strong>aliud</strong></span> <span class='ocrx_word' id='word_1_831' title='bbox 3345 3953 3610 4021; x_wconf 86' lang='lat' dir='ltr'><strong>proficiat,</strong></span> 
     </span>
    </p>
   </div>
   <div class='ocr_carea' id='block_1_103' title="bbox 2030 4039 3149 4109">
    <p class='ocr_par' dir='ltr' id='par_1_103' title="bbox 2030 4039 3149 4109">
     <span class='ocr_line' id='line_1_103' title="bbox 2030 4039 3149 4109; baseline 0.004 -18"><span class='ocrx_word' id='word_1_832' title='bbox 2030 4052 2191 4109; x_wconf 89' lang='lat' dir='ltr'><strong>quam</strong></span> <span class='ocrx_word' id='word_1_833' title='bbox 2216 4039 2357 4108; x_wconf 86' lang='lat' dir='ltr'><strong>quod</strong></span> <span class='ocrx_word' id='word_1_834' title='bbox 2382 4054 2530 4093; x_wconf 88' lang='lat' dir='ltr'><strong>suam</strong></span> <span class='ocrx_word' id='word_1_835' title='bbox 2560 4040 2746 4109; x_wconf 87' lang='lat' dir='ltr'><strong>prodat</strong></span> <span class='ocrx_word' id='word_1_836' title='bbox 2772 4041 3149 4096; x_wconf 87' lang='lat' dir='ltr'><strong>infirmitatem.</strong></span> 
     </span>
    </p>
   </div>
   <div class='ocr_carea' id='block_1_104' title="bbox 2103 4130 3614 4206">
    <p class='ocr_par' dir='ltr' id='par_1_104' title="bbox 2103 4130 3614 4206">
     <span class='ocr_line' id='line_1_104' title="bbox 2103 4130 3614 4206; baseline 0.005 -22"><span class='ocrx_word' id='word_1_837' title='bbox 2103 4130 2318 4186; x_wconf 81' lang='lat' dir='ltr'><strong>Moralis</strong></span> <span class='ocrx_word' id='word_1_838' title='bbox 2351 4133 2649 4188; x_wconf 76' lang='lat' dir='ltr'><strong>exhortatio.</strong></span> <span class='ocrx_word' id='word_1_839' title='bbox 2679 4166 2748 4175; x_wconf 89' lang='lat'><strong>—-</strong></span> <span class='ocrx_word' id='word_1_840' title='bbox 2780 4134 2832 4189; x_wconf 79' lang='grc' dir='ltr'><em>ω</em></span> <span class='ocrx_word' id='word_1_841' title='bbox 2863 4134 3110 4199; x_wconf 86' lang='lat' dir='ltr'><strong>scientes,</strong></span> <span class='ocrx_word' id='word_1_842' title='bbox 3140 4135 3336 4201; x_wconf 88' lang='lat' dir='ltr'><strong>dilecti,</strong></span> <span class='ocrx_word' id='word_1_843' title='bbox 3367 4151 3614 4206; x_wconf 80' lang='lat' dir='ltr'><strong>magnam</strong></span> 
     </span>
    </p>
   </div>
   <div class='ocr_carea' id='block_1_105' title="bbox 2031 4224 3612 4298">
    <p class='ocr_par' dir='ltr' id='par_1_105' title="bbox 2031 4224 3612 4298">
     <span class='ocr_line' id='line_1_105' title="bbox 2031 4224 3612 4298; baseline 0.005 -21"><span class='ocrx_word' id='word_1_844' title='bbox 2031 4224 2238 4279; x_wconf 87' lang='lat' dir='ltr'><strong>virtutis</strong></span> <span class='ocrx_word' id='word_1_845' title='bbox 2278 4225 2565 4281; x_wconf 90' lang='lat' dir='ltr'><strong>habeamus</strong></span> <span class='ocrx_word' id='word_1_846' title='bbox 2607 4229 2900 4292; x_wconf 87' lang='lat' dir='ltr'><strong>rationem,</strong></span> <span class='ocrx_word' id='word_1_847' title='bbox 2942 4235 2995 4283; x_wconf 90' lang='lat' dir='ltr'><strong>et</strong></span> <span class='ocrx_word' id='word_1_848' title='bbox 3031 4229 3153 4282; x_wconf 87' lang='lat' dir='ltr'><strong>vitia</strong></span> <span class='ocrx_word' id='word_1_849' title='bbox 3204 4229 3460 4298; x_wconf 82' lang='lat' dir='ltr'><strong>fugiamus</strong></span> <span class='ocrx_word' id='word_1_850' title='bbox 3493 4247 3510 4283; x_wconf 87' lang='lat'><strong>:</strong></span> <span class='ocrx_word' id='word_1_851' title='bbox 3543 4232 3612 4285; x_wconf 84' lang='lat' dir='ltr'><strong>ita</strong></span> 
     </span>
    </p>
   </div>
   <div class='ocr_carea' id='block_1_106' title="bbox 2030 4315 3613 4388">
    <p class='ocr_par' dir='ltr' id='par_1_106' title="bbox 2030 4315 3613 4388">
     <span class='ocr_line' id='line_1_106' title="bbox 2030 4315 3613 4388; baseline 0.004 -18"><span class='ocrx_word' id='word_1_852' title='bbox 2030 4315 2172 4370; x_wconf 91' lang='lat' dir='ltr'><strong>enim</strong></span> <span class='ocrx_word' id='word_1_853' title='bbox 2215 4326 2270 4370; x_wconf 90' lang='lat' dir='ltr'><strong>et</strong></span> <span class='ocrx_word' id='word_1_854' title='bbox 2309 4332 2590 4385; x_wconf 86' lang='lat' dir='ltr'><strong>supernam</strong></span> <span class='ocrx_word' id='word_1_855' title='bbox 2634 4321 2854 4388; x_wconf 81' lang='lat' dir='ltr'><strong>gratiam</strong></span> <span class='ocrx_word' id='word_1_856' title='bbox 2899 4321 3050 4375; x_wconf 89' lang='lat' dir='ltr'><strong>nobis</strong></span> <span class='ocrx_word' id='word_1_857' title='bbox 3089 4321 3490 4375; x_wconf 78' lang='lat' dir='ltr'><strong>Conciliabimus</strong></span> <span class='ocrx_word' id='word_1_858' title='bbox 3514 4362 3528 4385; x_wconf 94' lang='lat'><strong>,</strong></span> <span class='ocrx_word' id='word_1_859' title='bbox 3560 4332 3613 4376; x_wconf 89' lang='lat' dir='ltr'><strong>ct</strong></span> 
     </span>
    </p>
   </div>
   <div class='ocr_carea' id='block_1_107' title="bbox 2031 4408 3612 4482">
    <p class='ocr_par' dir='ltr' id='par_1_107' title="bbox 2031 4408 3612 4482">
     <span class='ocr_line' id='line_1_107' title="bbox 2031 4408 3612 4482; baseline 0.003 -19"><span class='ocrx_word' id='word_1_860' title='bbox 2031 4408 2202 4463; x_wconf 86' lang='lat' dir='ltr'><strong>futura</strong></span> <span class='ocrx_word' id='word_1_861' title='bbox 2233 4426 2617 4479; x_wconf 86' lang='lat' dir='ltr'><strong>consequemur</strong></span> <span class='ocrx_word' id='word_1_862' title='bbox 2652 4413 2782 4466; x_wconf 88' lang='lat' dir='ltr'><strong>bona</strong></span> <span class='ocrx_word' id='word_1_863' title='bbox 2814 4430 2827 4468; x_wconf 86' lang='lat'><strong>:</strong></span> <span class='ocrx_word' id='word_1_864' title='bbox 2856 4429 2974 4482; x_wconf 74' lang='lat' dir='ltr'><strong>qua:</strong></span> <span class='ocrx_word' id='word_1_865' title='bbox 3016 4413 3165 4468; x_wconf 80' lang='lat' dir='ltr'><strong>nobis</strong></span> <span class='ocrx_word' id='word_1_866' title='bbox 3205 4414 3450 4467; x_wconf 88' lang='lat' dir='ltr'><strong>omnibus</strong></span> <span class='ocrx_word' id='word_1_867' title='bbox 3482 4428 3612 4468; x_wconf 84' lang='lat' dir='ltr'><strong>eve-</strong></span> 
     </span>
    </p>
   </div>
   <div class='ocr_carea' id='block_1_108' title="bbox 2030 4504 3614 4572">
    <p class='ocr_par' dir='ltr' id='par_1_108' title="bbox 2030 4504 3614 4572">
     <span class='ocr_line' id='line_1_108' title="bbox 2030 4504 3614 4572; baseline 0.003 -15"><span class='ocrx_word' id='word_1_868' title='bbox 2030 4504 2194 4567; x_wconf 88' lang='lat' dir='ltr'><strong>niant,</strong></span> <span class='ocrx_word' id='word_1_869' title='bbox 2220 4504 2387 4572; x_wconf 83' lang='lat' dir='ltr'><strong>gratia</strong></span> <span class='ocrx_word' id='word_1_870' title='bbox 2412 4515 2468 4559; x_wconf 91' lang='lat' dir='ltr'><strong>et</strong></span> <span class='ocrx_word' id='word_1_871' title='bbox 2493 4505 2851 4559; x_wconf 87' lang='lat' dir='ltr'><strong>misericordia</strong></span> <span class='ocrx_word' id='word_1_872' title='bbox 2886 4506 3090 4560; x_wconf 87' lang='lat' dir='ltr'><strong>Domini</strong></span> <span class='ocrx_word' id='word_1_873' title='bbox 3121 4508 3285 4561; x_wconf 88' lang='lat' dir='ltr'><strong>nostri</strong></span> <span class='ocrx_word' id='word_1_874' title='bbox 3310 4506 3434 4562; x_wconf 82' lang='lat' dir='ltr'><strong>Jesu</strong></span> <span class='ocrx_word' id='word_1_875' title='bbox 3454 4506 3614 4561; x_wconf 85' lang='lat' dir='ltr'><strong>Chri-</strong></span> 
     </span>
    </p>
   </div>
   <div class='ocr_carea' id='block_1_109' title="bbox 2030 4594 3613 4667">
    <p class='ocr_par' dir='ltr' id='par_1_109' title="bbox 2030 4594 3613 4667">
     <span class='ocr_line' id='line_1_109' title="bbox 2030 4594 3613 4667; baseline 0.004 -21"><span class='ocrx_word' id='word_1_876' title='bbox 2030 4594 2118 4657; x_wconf 90' lang='lat' dir='ltr'><strong>sti,</strong></span> <span class='ocrx_word' id='word_1_877' title='bbox 2150 4595 2234 4648; x_wconf 91' lang='lat' dir='ltr'><strong>cui</strong></span> <span class='ocrx_word' id='word_1_878' title='bbox 2275 4594 2362 4660; x_wconf 90' lang='lat' dir='ltr'><strong>sit,</strong></span> <span class='ocrx_word' id='word_1_879' title='bbox 2389 4610 2509 4649; x_wconf 87' lang='lat' dir='ltr'><strong>cum</strong></span> <span class='ocrx_word' id='word_1_880' title='bbox 2555 4596 2709 4650; x_wconf 81' lang='lat' dir='ltr'><strong>Patre</strong></span> <span class='ocrx_word' id='word_1_881' title='bbox 2736 4607 2789 4650; x_wconf 91' lang='lat' dir='ltr'><strong>et</strong></span> <span class='ocrx_word' id='word_1_882' title='bbox 2825 4598 3025 4665; x_wconf 89' lang='lat' dir='ltr'><strong>Spiritu</strong></span> <span class='ocrx_word' id='word_1_883' title='bbox 3055 4608 3259 4661; x_wconf 89' lang='lat' dir='ltr'><strong>sancto,</strong></span> <span class='ocrx_word' id='word_1_884' title='bbox 3289 4598 3474 4667; x_wconf 82' lang='lat' dir='ltr'><strong>gloria,</strong></span> <span class='ocrx_word' id='word_1_885' title='bbox 3512 4599 3613 4653; x_wconf 75' lang='lat' dir='ltr'><strong>itu-</strong></span> 
     </span>
    </p>
   </div>
   <div class='ocr_carea' id='block_1_110' title="bbox 2028 4685 3614 4758">
    <p class='ocr_par' dir='ltr' id='par_1_110' title="bbox 2028 4685 3614 4758">
     <span class='ocr_line' id='line_1_110' title="bbox 2028 4685 3614 4758; baseline 0.006 -21"><span class='ocrx_word' id='word_1_886' title='bbox 2028 4685 2255 4755; x_wconf 83' lang='lat' dir='ltr'><strong>perium,</strong></span> <span class='ocrx_word' id='word_1_887' title='bbox 2285 4685 2471 4749; x_wconf 89' lang='lat' dir='ltr'><strong>honor,</strong></span> <span class='ocrx_word' id='word_1_888' title='bbox 2498 4702 2639 4741; x_wconf 90' lang='lat' dir='ltr'><strong>nunc</strong></span> <span class='ocrx_word' id='word_1_889' title='bbox 2664 4698 2716 4743; x_wconf 89' lang='lat' dir='ltr'><strong>et</strong></span> <span class='ocrx_word' id='word_1_890' title='bbox 2741 4704 2972 4758; x_wconf 89' lang='lat' dir='ltr'><strong>semper,</strong></span> <span class='ocrx_word' id='word_1_891' title='bbox 3001 4700 3055 4744; x_wconf 89' lang='lat' dir='ltr'><strong>et</strong></span> <span class='ocrx_word' id='word_1_892' title='bbox 3083 4690 3135 4744; x_wconf 90' lang='lat' dir='ltr'><strong>in</strong></span> <span class='ocrx_word' id='word_1_893' title='bbox 3166 4691 3356 4745; x_wconf 71' lang='lat' dir='ltr'><strong>smcula</strong></span> <span class='ocrx_word' id='word_1_894' title='bbox 3386 4693 3614 4747; x_wconf 58' lang='lat' dir='ltr'><strong>sarculo-</strong></span> 
     </span>
    </p>
   </div>
   <div class='ocr_carea' id='block_1_111' title="bbox 2029 4779 2385 4834">
    <p class='ocr_par' dir='ltr' id='par_1_111' title="bbox 2029 4779 2385 4834">
     <span class='ocr_line' id='line_1_111' title="bbox 2029 4779 2385 4834; baseline 0 -3"><span class='ocrx_word' id='word_1_895' title='bbox 2029 4793 2166 4834; x_wconf 87' lang='lat' dir='ltr'><strong>rum.</strong></span> <span class='ocrx_word' id='word_1_896' title='bbox 2195 4779 2385 4833; x_wconf 81' lang='lat' dir='ltr'><strong>Amen.</strong></span> 
     </span>
    </p>
   </div>
   <div class='ocr_carea' id='block_1_112' title="bbox 2600 4912 3026 4973">
    <p class='ocr_par' dir='ltr' id='par_1_112' title="bbox 2600 4912 3026 4973">
     <span class='ocr_line' id='line_1_112' title="bbox 2600 4912 3026 4973; baseline 0.002 -5"><span class='ocrx_word' id='word_1_897' title='bbox 2600 4912 2879 4973; x_wconf 78' lang='lat' dir='ltr'><strong>llOMlLlA</strong></span> <span class='ocrx_word' id='word_1_898' title='bbox 2919 4916 3026 4973; x_wconf 70' lang='grc' dir='ltr'><strong>ιιι.</strong></span> 
     </span>
    </p>
   </div>
   <div class='ocr_carea' id='block_1_113' title="bbox 2030 5054 3609 5145">
    <p class='ocr_par' dir='ltr' id='par_1_113' title="bbox 2030 5054 3609 5145">
     <span class='ocr_line' id='line_1_113' title="bbox 2030 5054 3609 5145; baseline 0.001 -17"><span class='ocrx_word' id='word_1_899' title='bbox 2030 5072 2304 5128; x_wconf 84' lang='lat' dir='ltr'><strong>Seminavit</strong></span> <span class='ocrx_word' id='word_1_900' title='bbox 2334 5082 2498 5125; x_wconf 78' lang='lat' dir='ltr'><strong>autem</strong></span> <span class='ocrx_word' id='word_1_901' title='bbox 2527 5071 2673 5126; x_wconf 85' lang='lat' dir='ltr'><strong>Isaac</strong></span> <span class='ocrx_word' id='word_1_902' title='bbox 2700 5075 2752 5125; x_wconf 88' lang='lat' dir='ltr'><strong>in</strong></span> <span class='ocrx_word' id='word_1_903' title='bbox 2784 5082 2915 5125; x_wconf 85' lang='lat' dir='ltr'><strong>terra</strong></span> <span class='ocrx_word' id='word_1_904' title='bbox 2940 5072 3049 5135; x_wconf 82' lang='lat' dir='ltr'><strong>illa,</strong></span> <span class='ocrx_word' id='word_1_905' title='bbox 3070 5080 3121 5127; x_wconf 91' lang='lat' dir='ltr'><strong>et</strong></span> <span class='ocrx_word' id='word_1_906' title='bbox 3143 5072 3329 5126; x_wconf 78' lang='lat' dir='ltr'><strong>invenit</strong></span> <span class='ocrx_word' id='word_1_907' title='bbox 3353 5054 3609 5145; x_wconf 75' lang='lat' dir='ltr'><strong>centupli-</strong></span> 
     </span>
    </p>
   </div>
   <div class='ocr_carea' id='block_1_114' title="bbox 2228 5162 3403 5234">
    <p class='ocr_par' dir='ltr' id='par_1_114' title="bbox 2228 5162 3403 5234">
     <span class='ocr_line' id='line_1_114' title="bbox 2228 5162 3403 5234; baseline 0.003 -16"><span class='ocrx_word' id='word_1_908' title='bbox 2228 5182 2348 5218; x_wconf 87' lang='lat' dir='ltr'><strong>cans</strong></span> <span class='ocrx_word' id='word_1_909' title='bbox 2374 5165 2616 5219; x_wconf 84' lang='lat' dir='ltr'><strong>hordeum</strong></span> <span class='ocrx_word' id='word_1_910' title='bbox 2645 5164 2695 5217; x_wconf 85' lang='lat' dir='ltr'><strong>in</strong></span> <span class='ocrx_word' id='word_1_911' title='bbox 2721 5181 2852 5217; x_wconf 86' lang='lat' dir='ltr'><strong>anno</strong></span> <span class='ocrx_word' id='word_1_912' title='bbox 2884 5164 2972 5217; x_wconf 85' lang='lat' dir='ltr'><strong>illo</strong></span> <span class='ocrx_word' id='word_1_913' title='bbox 2999 5162 3149 5234; x_wconf 82' lang='lat' dir='ltr'><strong>(Gen.</strong></span> <span class='ocrx_word' id='word_1_914' title='bbox 3170 5165 3260 5219; x_wconf 71' lang='lat'><strong>26.</strong></span> <span class='ocrx_word' id='word_1_915' title='bbox 3290 5167 3403 5234; x_wconf 68' lang='grc'><strong>12).</strong></span> 
     </span>
    </p>
   </div>
   <div class='ocr_carea' id='block_1_115' title="bbox 2101 5296 3610 5366">
    <p class='ocr_par' dir='ltr' id='par_1_115' title="bbox 2101 5296 3610 5366">
     <span class='ocr_line' id='line_1_115' title="bbox 2101 5296 3610 5366; baseline 0.002 -15"><span class='ocrx_word' id='word_1_916' title='bbox 2101 5298 2149 5351; x_wconf 75' lang='grc'><strong>1.</strong></span> <span class='ocrx_word' id='word_1_917' title='bbox 2181 5297 2449 5366; x_wconf 82' lang='lat' dir='ltr'><strong>Reliquias</strong></span> <span class='ocrx_word' id='word_1_918' title='bbox 2470 5296 2587 5352; x_wconf 90' lang='lat' dir='ltr'><strong>heri</strong></span> <span class='ocrx_word' id='word_1_919' title='bbox 2608 5296 2869 5351; x_wconf 88' lang='lat' dir='ltr'><strong>dictorum</strong></span> <span class='ocrx_word' id='word_1_920' title='bbox 2901 5311 3076 5366; x_wconf 79' lang='lat' dir='ltr'><strong>operae</strong></span> <span class='ocrx_word' id='word_1_921' title='bbox 3098 5297 3321 5364; x_wconf 87' lang='lat' dir='ltr'><strong>pretium</strong></span> <span class='ocrx_word' id='word_1_922' title='bbox 3343 5307 3429 5352; x_wconf 87' lang='lat' dir='ltr'><strong>est</strong></span> <span class='ocrx_word' id='word_1_923' title='bbox 3447 5298 3610 5355; x_wconf 82' lang='lat' dir='ltr'><strong>hodie</strong></span> 
     </span>
    </p>
   </div>
   <div class='ocr_carea' id='block_1_116' title="bbox 2027 5390 3610 5457">
    <p class='ocr_par' dir='ltr' id='par_1_116' title="bbox 2027 5390 3610 5457">
     <span class='ocr_line' id='line_1_116' title="bbox 2027 5390 3610 5457; baseline 0 -11"><span class='ocrx_word' id='word_1_924' title='bbox 2027 5390 2252 5447; x_wconf 88' lang='lat' dir='ltr'><strong>reddere</strong></span> <span class='ocrx_word' id='word_1_925' title='bbox 2288 5400 2480 5443; x_wconf 76' lang='lat' dir='ltr'><strong>vestrae</strong></span> <span class='ocrx_word' id='word_1_926' title='bbox 2518 5390 2761 5453; x_wconf 86' lang='lat' dir='ltr'><strong>caritati,</strong></span> <span class='ocrx_word' id='word_1_927' title='bbox 2806 5399 2858 5441; x_wconf 89' lang='lat' dir='ltr'><strong>et</strong></span> <span class='ocrx_word' id='word_1_928' title='bbox 2905 5390 3125 5457; x_wconf 87' lang='lat' dir='ltr'><strong>repetita</strong></span> <span class='ocrx_word' id='word_1_929' title='bbox 3164 5391 3431 5444; x_wconf 87' lang='lat' dir='ltr'><strong>sermonis</strong></span> <span class='ocrx_word' id='word_1_930' title='bbox 3468 5393 3610 5448; x_wconf 84' lang='lat' dir='ltr'><strong>serie</strong></span> 
     </span>
    </p>
   </div>
   <div class='ocr_carea' id='block_1_117' title="bbox 2027 5478 3607 5549">
    <p class='ocr_par' dir='ltr' id='par_1_117' title="bbox 2027 5478 3607 5549">
     <span class='ocr_line' id='line_1_117' title="bbox 2027 5478 3607 5549; baseline -0.001 -13"><span class='ocrx_word' id='word_1_931' title='bbox 2027 5482 2215 5536; x_wconf 90' lang='lat' dir='ltr'><strong>iterum</strong></span> <span class='ocrx_word' id='word_1_932' title='bbox 2249 5479 2430 5534; x_wconf 85' lang='lat' dir='ltr'><strong>videre</strong></span> <span class='ocrx_word' id='word_1_933' title='bbox 2459 5489 2708 5548; x_wconf 87' lang='lat' dir='ltr'><strong>quantam</strong></span> <span class='ocrx_word' id='word_1_934' title='bbox 2734 5479 2909 5548; x_wconf 88' lang='lat' dir='ltr'><strong>justus</strong></span> <span class='ocrx_word' id='word_1_935' title='bbox 2938 5478 3079 5531; x_wconf 88' lang='lat' dir='ltr'><strong>Isaac</strong></span> <span class='ocrx_word' id='word_1_936' title='bbox 3108 5493 3392 5547; x_wconf 86' lang='lat' dir='ltr'><strong>supernam</strong></span> <span class='ocrx_word' id='word_1_937' title='bbox 3432 5485 3607 5549; x_wconf 81' lang='lat' dir='ltr'><strong>provi-</strong></span> 
     </span>
    </p>
   </div>
   <div class='ocr_carea' id='block_1_118' title="bbox 2025 5568 3612 5638">
    <p class='ocr_par' dir='ltr' id='par_1_118' title="bbox 2025 5568 3612 5638">
     <span class='ocr_line' id='line_1_118' title="bbox 2025 5568 3612 5638; baseline -0.003 -9"><span class='ocrx_word' id='word_1_938' title='bbox 2025 5571 2260 5628; x_wconf 85' lang='lat' dir='ltr'><strong>dentiam</strong></span> <span class='ocrx_word' id='word_1_939' title='bbox 2291 5569 2362 5625; x_wconf 88' lang='lat' dir='ltr'><strong>sit</strong></span> <span class='ocrx_word' id='word_1_940' title='bbox 2391 5579 2729 5638; x_wconf 86' lang='lat' dir='ltr'><strong>assequuttts.</strong></span> <span class='ocrx_word' id='word_1_941' title='bbox 2766 5569 2897 5622; x_wconf 80' lang='lat' dir='ltr'><strong>Nam</strong></span> <span class='ocrx_word' id='word_1_942' title='bbox 2926 5568 3012 5637; x_wconf 88' lang='lat' dir='ltr'><strong>qui</strong></span> <span class='ocrx_word' id='word_1_943' title='bbox 3051 5568 3099 5621; x_wconf 90' lang='lat' dir='ltr'><strong>ei</strong></span> <span class='ocrx_word' id='word_1_944' title='bbox 3143 5568 3485 5636; x_wconf 81' lang='lat' dir='ltr'><strong>prohibuerat</strong></span> <span class='ocrx_word' id='word_1_945' title='bbox 3517 5571 3612 5625; x_wconf 80' lang='lat' dir='ltr'><strong>de-</strong></span> 
     </span>
    </p>
   </div>
   <div class='ocr_carea' id='block_1_119' title="bbox 2032 5659 3611 5734">
    <p class='ocr_par' dir='ltr' id='par_1_119' title="bbox 2032 5659 3611 5734">
     <span class='ocr_line' id='line_1_119' title="bbox 2032 5659 3611 5734; baseline -0.003 -13"><span class='ocrx_word' id='word_1_946' title='bbox 2032 5679 2279 5721; x_wconf 86' lang='lat' dir='ltr'><strong>scensum</strong></span> <span class='ocrx_word' id='word_1_947' title='bbox 2302 5664 2351 5718; x_wconf 90' lang='lat' dir='ltr'><strong>in</strong></span> <span class='ocrx_word' id='word_1_948' title='bbox 2376 5660 2677 5734; x_wconf 61' lang='lat' dir='ltr'><strong>IEgyptum.</strong></span> <span class='ocrx_word' id='word_1_949' title='bbox 2701 5672 2753 5717; x_wconf 81' lang='lat' dir='ltr'><strong>ct</strong></span> <span class='ocrx_word' id='word_1_950' title='bbox 2778 5662 2979 5717; x_wconf 83' lang='lat' dir='ltr'><strong>dixerat</strong></span> <span class='ocrx_word' id='word_1_951' title='bbox 3007 5678 3018 5713; x_wconf 93' lang='lat'><strong>:</strong></span> <span class='ocrx_word' id='word_1_952' title='bbox 3053 5659 3239 5716; x_wconf 80' lang='lat' dir='ltr'><strong>Habita</strong></span> <span class='ocrx_word' id='word_1_953' title='bbox 3258 5661 3311 5714; x_wconf 84' lang='lat' dir='ltr'><strong>in</strong></span> <span class='ocrx_word' id='word_1_954' title='bbox 3331 5672 3463 5716; x_wconf 78' lang='lat' dir='ltr'><strong>terra</strong></span> <span class='ocrx_word' id='word_1_955' title='bbox 3494 5672 3611 5729; x_wconf 74' lang='lat' dir='ltr'><strong>hac,</strong></span> 
     </span>
    </p>
   </div>
  </div>
