3730 6244
21 273 121 328 ιὸὅ

21 414 64 451 τε
95 397 202 468 τῆς
219 396 423 461 οἰκείας
448 397 712 467 ὑπακοῆς,
734 396 824 451 καὶ
848 397 921 467 μὴ
937 397 1180 468 καταῦῇς
1206 398 1284 458 εἰς
1298 395 1592 463 Αἴγυπτον,

21 482 133 534 ὶιλλ“
167 481 403 535 ἐνταῦθα
441 481 589 551 μένε.
643 477 796 544 Εἶδες
826 478 959 532 Θεοῦ
986 479 1416 549 φιλανθρωπίαν,
1449 478 1596 539 ὅπως

21 566 97 617 διὰ
130 566 232 635 τῆς
264 564 487 635 μνήμης
532 563 631 633 τῆς
666 562 867 633 ἀρετῆς
903 561 997 615 τοῦ
1041 562 1244 631 πατρὸς
1270 559 1459 613 τούτου
1503 558 1594 610 τὸν

22 649 269 718 ,ογισ-μὸν
321 646 621 717 ἐνεύρωσε;
673 645 994 712 Κατῴκησε
1038 644 1127 705 δὲ,
1173 645 1358 713 φησὶν,
1396 642 1594 695 Ἰσαὰκ

22 733 73 780 T'r
102 730 412 799 Γεράροις.
465 731 608 801 Ὅρα
649 732 760 791 τοῖς
805 729 987 791 αὐτοῖς
1022 727 1117 780 καὶ
1156 726 1342 778 τοῦτον
1374 725 1594 796 περιπί-

21 832 214 868 ττοντα
237 814 441 885 σχεδὸν,
463 809 546 874 οἷς
577 814 605 864 6
637 811 821 881 πατὴρ
849 810 1194 881 περιέπεσεν.
1242 808 1457 876 Ἐπειδὴ
1484 806 1594 878 γὰρ

22 896 101 967 ὴν
124 898 439 967 κατοίκησιν
467 896 756 965 ἐποιήσατο
776 895 833 945 ἐν
844 894 911 945 Γε
921 895 1126 963 ράροις,
1145 890 1590 958 Ἑπηρώτησαν,

21 982 207 1049 νησὶν,
249 983 303 1034 οι
334 979 550 1046 ἄνδρες
597 977 702 1031 τοῦ
734 978 920 1029 τόπου
964 975 1097 1043 περὶ
1132 973 1241 1042 τῆς
1278 971 1594 1037 Ῥεϐέκκας

21 1063 117 1130 ’ἧς
140 1062 427 1131 γυναικὸς
447 1061 653 1125 αὐτοῦ,
668 1061 764 1114 καὶ
782 1056 968 1121 εἶπεν,
988 1056 1243 1125 Ἀδελφή
1262 1074 1381 1125 μου
1397 1055 1586 1108 ἐστίν·

27 1146 248 1216 φοϐήθη
276 1145 386 1217 γὰρ
420 1146 629 1215 μήποτε
650 1144 1043 1197 ἀποκτείνωσιν
1070 1141 1256 1201 αὑτὸν,
1286 1141 1589 1209 ἡττώμενοι

22 1228 93 1280 λοῦ
126 1228 359 1290 κάλλους
391 1231 489 1298 τῆς
513 1227 790 1294 γυναικός.
811 1225 1057 1293 Μήποτε
1083 1222 1213 1294 γάρ,
1246 1223 1428 1292 φησὶν,
1452 1220 1591 1274 ἀπο-

21 1312 324 1364 ιτείνωσιν
359 1310 548 1363 αὑτὸν
579 1312 633 1363 οἱ
667 1308 882 1375 ἄνδρες
918 1306 1023 1360 τοῦ
1060 1306 1249 1359 τόπου
1294 1303 1427 1370 περὶ
1470 1303 1588 1355 Ῥε-

21 1394 245 1461 ίέκκας,
268 1394 356 1447 ὅτι
386 1394 568 1461 ὡραία
594 1392 669 1460 τῇ
700 1393 833 1460 ὄψει
860 1388 960 1460 ἦν.
1007 1390 1271 1458 Ἐγένετο
1297 1386 1366 1440 δὲ
1398 1390 1587 1439 πολυ-

21 1478 249 1543 ερόνιος
284 1476 425 1529 ἐκεῖ.
468 1476 836 1544 Παρακύψας
873 1473 941 1527 δὲ
971 1471 1278 1541 Ἀὄιμέλεχ
1320 1467 1441 1523 εἶδε
1480 1468 1588 1523 τὸν

21 1562 213 1613 Ισαὰκ
242 1558 521 1619 παίζοντα
541 1558 690 1625 μετὰ
715 1557 1023 1622 Ῥεϐέκκας
1047 1553 1154 1621 τῆς
1172 1552 1455 1624 γυναικὸς
1477 1553 1586 1605 αὐ-

22 1645 127 1709 ὀὗ,
158 1645 259 1697 καὶ
295 1644 590 1697 ἐκάλεσεν
623 1644 830 1705 αὑτὸν,
866 1642 965 1695 καὶ
998 1638 1169 1694 εἶπεν
1200 1636 1361 1702 αὐτῷ
1386 1654 1399 1668 ·
1432 1634 1587 1704 Ἀρά

22 1746 60 1780 ἐ
98 1727 257 1796 γυνή
315 1742 431 1781 σου
483 1727 695 1786 ὲστίν;
735 1725 799 1778 Τί
838 1725 926 1777 ὅτι
961 1719 1145 1787 εἶπες,
1182 1719 1432 1788 Ἀδελφή
1466 1737 1584 1788 μου

24 1814 208 1874 στίν;
244 1809 460 1880 Ἐπειδὴ
485 1810 549 1861 ἐκ
570 1809 676 1861 τῶν
694 1807 1006 1877 τεκμηρίων
1027 1803 1283 1876 ἐφωράθη
1310 1806 1339 1856 6
1356 1803 1580 1868 δίκαιος,

22 1894 183 1946 ύκέτι
219 1893 402 1946 λοιπὸν
442 1895 702 1964 ἀρνεῖται,
727 1891 842 1945 ἀλλ’
874 1889 1141 1960 ὁμολογεῖ,
1168 1888 1261 1940 καὶ
1285 1887 1383 1957 τὴν
1408 1885 1585 1938 αἰτίαν

22 1977 243 2047 ιανεράν
274 1975 583 2045 καθίστησι,
628 1975 695 2027 δι’
728 1973 795 2042 ἢν
824 1971 1058 2041 ἀδελφὴν
1100 1970 1325 2023 καλέσαι
1368 1967 1575 2021 κατεδέο

26 2077 146 2112 ατο.
179 2056 329 2114 Εῒπε
350 2058 479 2127 γὰρ,
515 2060 670 2127 φησι,
694 2056 940 2121 Μήποτε
961 2056 1241 2109 ἀποθάνω
1270 2052 1342 2105 δι’
1369 2052 1582 2116 αὑτήν·

47 2141 147 2193 τοῦ
176 2142 409 2195 θανάτου
441 2141 603 2210 φόϐος
638 2141 718 2201 είς
742 2137 898 2191 τοῦτό
926 2154 991 2208 με
1023 2136 1194 2188 ἐλθεῖν
1240 2134 1586 2202 κατηνάγκα-

28 2242 107 2276 εν.
146 2225 309 2286 Ἴσως
338 2224 393 2275 δὲ
426 2222 758 2293 μεμαθηκὼς
787 2218 877 2291 ἦν,
927 2222 1006 2273 ὅτι
1035 2220 1129 2271 καί⁸
1167 2221 1195 2271 6
1225 2219 1405 2288 πατὴρ
1428 2216 1585 2269 τοῦτο

22 2305 50 2357 6
98 2305 288 2377 δρᾶμα
337 2306 747 2367 κατασκευάσας
805 2304 1061 2356 διέσωσεν
1103 2302 1313 2363 ἑαυτὸν,
1366 2300 1459 2353 καὶ
1497 2299 1584 2352 διὰ

26 2388 154 2442 οὖτο
177 2390 276 2441 καὶ
299 2388 459 2451 αὐτὸς
483 2388 688 2459 ταύτην
727 2384 857 2459 ἦλθε
891 2388 989 2458 τὴν
1018 2386 1152 2440 ὀδόν.
1197 2384 1335 2437 Ἀλλ’
1371 2386 1399 2437 6
1438 2383 1584 2453 ﬁrm:-

25 2474 118 2534 εὺς
146 2472 370 2524 ἔναυλον
401 2472 538 2541 ἔχων
568 2473 668 2543 τὴν
705 2472 924 2542 μνήμην
964 2463 1039 2525 ὧν
1082 2468 1344 2521 πέπονθεν
1371 2469 1462 2521 ἐπὶ
1489 2468 1581 2521 τοῦ

21 2554 338 2625 εατριάρχου
366 2556 463 2625 τὴν
486 2555 698 2625 Σάρραν
727 2553 1082 2623 ἀφελόμενος,
1109 2552 1449 2623 παραχρῆμα
1479 2551 1584 2604 ὑπὸ

23 2638 88 2706 ἧς
120 2637 330 2691 ἀνωθεν
362 2639 730 2708 ἐπιτιμήσεως
769 2636 959 2692 ἑαυτὸν
988 2635 1285 2688 ὑπεύθυνον
1308 2636 1581 2704 καταστή-

25 2738 113 2782 ας,
147 2722 283 2789 φησι
315 2721 449 2792 πρὸς
472 2722 632 2774 αὐτόν
652 2738 664 2751 ο
698 2720 759 2775 Τί
789 2720 963 2773 τοῦτο
992 2719 1325 2784 ἐποίησας;
1354 2717 1581 2784 Μικροῦ

25 2802 285 2871 κοιμήθη
316 2821 407 2868 τις
440 2804 548 2857 τοῦ
577 2803 793 2872 γένους
819 2820 936 2871 μου
972 2801 1123 2870 μετὰ
1160 2798 1267 2867 τῆς
1300 2801 1582 2868 γυναικός

21 2900 132 2947 Ὀυ,
163 2887 266 2940 καί
297 2886 594 2955 ἐπήγαγες
624 2886 699 2939 ἂν
730 2886 822 2955 ἐφ’
849 2883 1007 2953 ἡμᾶς
1033 2883 1301 2954 ἄγνοιαν.
1345 2883 1579 2953 Ταύτην,

22 2974 147 3038 ιησὶ,
167 2970 268 3037 τὴν
299 2969 514 3039 ἀπάτην
538 2970 630 3022 καὶ
661 2967 761 3038 ἤδη
790 2968 1100 3037 ὑπέστημεν
1125 2967 1230 3019 ὑπὸ
1260 2964 1353 3018 τοῦ
1377 2964 1580 3036 πατρὸς

22 3053 81 3104 οῦ
115 3053 217 3105 σοῦ
238 3091 252 3115 ,
299 3053 393 3107 καὶ
419 3051 513 3106 νῦν
557 3052 604 3103 εί
636 3051 709 3121 μὴ
743 3050 948 3119 ταχέως
982 3049 1311 3118 συνείδομεν,
1345 3048 1413 3101 τά
1444 3048 1581 3101 αὺτά

21 3154 55 3185 ,ν
81 3134 383 3205 ἐμέλλομεν
408 3134 721 3203 ὑπομένειν,
754 3132 865 3189 Καὶ
888 3132 1184 3201 ἐπήγαγες
1212 3130 1289 3187 ἂν
1310 3131 1401 3199 ἐφ’
1423 3129 1580 3198 ἡμᾶς

21 3218 264 3287 Errata)“.
302 3218 410 3271 Καὶ
450 3217 557 3286 γὰρ
589 3218 684 3268 καὶ
727 3216 847 3269 τότε
887 3216 952 3269 δι’
984 3215 1203 3283 ἄγνοιαν
1250 3214 1579 3284 ἁμαρτάνειν

22 3302 313 3371 μέλλομεν,
348 3303 443 3354 καὶ
464 3300 558 3353 νῦν
587 3300 690 3352 ὑπὸ
715 3300 811 3369 τῆς
836 3298 1055 3365 ἀγνοίας
1082 3297 1275 3369 μικροῦ
1302 3298 1407 3349 δεῖν
1434 3299 1577 3367 ἡμᾶς

21 3386 144 3456 504]
184 3386 428 3455 ἁμαρτία
461 3388 777 3454 περιπεσεῖν
812 3382 1246 3454 παρεσκεύασας.
1282 3381 1578 3445 Συνέτιιξε

21 3470 81 3533 “ὲ,
112 3471 300 3539 φησὶν,
335 3469 638 3536 Ἀϐιμέλεχ
665 3466 740 3532 τῷ
763 3466 888 3530 ,λιτῷ
917 3466 1102 3519 αὐτοῦ
1131 3465 1323 3533 λέγων
1343 3481 1355 3494 ⁸
1392 3464 1513 3528 Πᾶς
1546 3467 1579 3517 ὁ

22 3553 330 3619 ηπτόμενος
361 3550 467 3603 τοῦ
494 3550 805 3618 ἀνθρώπου
833 3550 1069 3610 τούτου,
1093 3548 1130 3615 ἢ
1158 3546 1261 3615 τῆς
1297 3545 1578 3617 γυναικὸς

22 3635 202 3698 ῑὺτοῦ,
232 3634 489 3687 θανάτου
530 3635 743 3701 ἔνοχος
764 3632 952 3685 ἔσται.
974 3632 1115 3703 Ὅρα
1146 3632 1279 3683 Θεοῦ
1302 3632 1574 3701 πρόνοιαν,

23 3734 89 3786 ρα
130 3717 459 3786 κηδεμονίαν
492 3718 717 3783 ἄφατον.
770 3717 830 3767 '0
874 3715 982 3783 γὰρ
1028 3714 1194 3766 εἰπὼν
1245 3713 1426 3782 αὐτῷ’
1478 3712 1575 3781 Μὴ

26 3798 261 3863 αταϐᾔς
280 3802 366 3865 είς
389 3800 719 3868 Αἴγυπτον,
735 3798 831 3851 καὶ
858 3798 1121 3850 κατοίκει
1149 3796 1217 3849 ἐν
1236 3795 1307 3863 τῇ
1340 3795 1415 3865 τῇ
1438 3797 1575 3849 ταύ-

28 3902 83 3950 ῃ,
122 3883 225 3935 καὶ
255 3883 462 3951 ἔσομαι
506 3884 653 3951 μετὰ
680 3882 795 3936 σοῦ
816 3899 829 3912 ο
865 3878 1016 3944 οὗτος
1042 3877 1108 3951 ἦν
1144 3883 1172 3933 6
1210 3880 1381 3933 ταῦτα
1404 3879 1578 3933 πάντα

22 3964 315 4035 ἰκονομῶν,
349 3967 441 4017 καὶ
464 3967 552 4017 τοι
580 3966 782 4018 δίκαιον
807 3966 863 4016 ἐν
888 3964 1123 4035 τοσαύτῃ
1153 3963 1420 4033 ἀσφαλείᾳ
1448 3963 1577 4015 καθ·

21 4049 166 4109 ςτάς.
190 4047 389 4101 Σκόπει
410 4047 518 4119 γὰρ
536 4048 624 4101 τὸν
651 4046 870 4119 βασιλέα
888 4048 1044 4119 ἔργον
1066 4046 1223 4100 τοῦτο
1237 4045 1573 4116 ποιούμενον,

21 4148 129 4184 ιστε
158 4132 220 4185 ἐν
250 4132 403 4201 ἀδείᾳ
438 4132 642 4199 διάγειν
673 4132 855 4194 αὐτὸν,
887 4133 981 4185 καὶ
1022 4134 1199 4201 πάσης
1235 4130 1576 4200 ἀπηλλάχθαι

22 4214 297 4283 νροντίδος.
325 4214 562 4267 Θάνατον
587 4213 716 4284 γὰρ,
749 4215 934 4284 φησιν,
958 4214 1248 4283 ἠπείλησεν
1276 4213 1497 4281 ἅπασιν,
1527 4214 1579 4267 εἴ

24 4316 70 4361 ις
100 4298 305 4367 ἅψαιτο
335 4295 519 4362 αὑτοῦ,
553 4298 584 4367 ἢ
610 4301 706 4367 τῆς
736 4300 990 4365 γυναικὸς
1020 4297 1203 4349 αὑτοῦ.
1222 4297 1437 4367 Ἐπειδὴ
1468 4296 1575 4366 γάρ

21 4376 142 4443 ῧτος
177 4376 247 4450 ἦν
278 4382 306 4432 6
332 4380 513 4447 φόϐος,
540 4382 569 4433 6
588 4380 681 4433 τοῦ
707 4380 937 4432 θανάτου
964 4380 1128 4447 λέγω,
1158 4379 1460 4433 κατασείων
1481 4378 1574 4432 τοῦ

21 4466 205 4517 ικαίου
231 4465 330 4534 τὴν
356 4464 610 4527 διάνοιαν,
630 4464 716 4516 διά
736 4463 895 4516 τοῦτο
921 4464 1015 4516 καὶ
1035 4462 1218 4516 τοῦτον
1248 4461 1576 4532 ἐκϐληθῆναι

21 4548 296 4617 ;εποίηκεν
348 4549 376 4599 6
410 4547 787 4616 φιλάνθρωπος
830 4547 1123 4614 Δεσπότης,
1181 4546 1273 4598 καὶ
1321 4547 1378 4598 ὲν
1427 4547 1576 4617 πάσῃ

27 4632 265 4701 σφαλείᾳ
292 4631 449 4682 αὑτὸν
477 4630 661 4682 λοιπὸν
692 4629 919 4695 διάγειν.
942 4629 1050 4680 Καὶ
1068 4629 1169 4698 ὅρα
1192 4629 1251 4680 τὸ
1268 4629 1575 4698 θαυμαστὸν

23 4716 79 4767 αὶ
93 4713 414 4784 παράδοξον,
435 4714 551 4777 πῶς
566 4715 868 4784 εὐμήχανος
892 4712 966 4764 ῶν
992 4712 1083 4765 καὶ
1107 4712 1265 4780 σοφὸς
1289 4713 1379 4764 καὶ
1400 4713 1574 4766 πάντα

24 4800 131 4851 ατά
167 4799 231 4850 τὸ
270 4797 514 4869 βούλημα
556 4798 617 4850 τὸ
660 4799 857 4849 οἰκεῖον
890 4796 1331 4864 μετασκευάζων,
1376 4798 1469 4850 καὶ
1517 4799 1576 4852 ἐν

26 4882 219 4953 πόροις
252 4881 415 4952 πόρον
446 4881 733 4951 εὑρίσκων,
752 4879 837 4931 διὰ
858 4878 967 4931 τῶν
996 4878 1248 4931 ἐναντίων
1278 4878 1456 4933 αὐτῶν
1481 4880 1576 4934 καὶ

22 4964 268 5035 τολεμίων
292 4961 428 5017 εἶναι
457 4963 794 5034 νομίζεσθαι.
823 4962 912 5015 διά
926 4962 1128 5015 τούτων
1155 4962 1252 5033 τὴν
1279 4964 1575 5032 ἀσφάλειαν

21 5052 99 5111 οῖς
139 5047 293 5109 ἰδίοις
328 5046 623 5117 θεράπουσι
657 5045 907 5113 γενέσθαι
944 5045 1210 5116 προξενεῖ.
1250 5046 1418 5099 Πόθεν
1443 5048 1572 5119 γὰρ,

22 5131 107 5183 ἱπέ
145 5146 258 5199 μοι,
288 5132 315 5182 6
339 5130 587 5197 βασιλεὺς
611 5124 763 5191 οὗτος
782 5129 1048 5199 τοσαύτην
1061 5128 1151 5181 τοῦ
1170 5128 1377 5182 δικαίου
1408 5134 1587 5209 ποιεῖ-⁸

22 5232 75 5265 αι
99 5214 201 5284 τὴν
219 5212 496 5282 πρόνοιαν,
516 5213 795 5281 μονονουχὶ
817 5212 1204 5282 ἀνακηρύττων
1221 5213 1382 5266 αὐτὸν
1405 5215 1573 5267 ἅπασι

21 5300 98 5359 οῖς
118 5296 221 5366 τὴν
243 5294 394 5348 πόλιν
415 5294 642 5356 οίκοῦσι,
659 5295 751 5348 καὶ
775 5295 1044 5365 περιφανῆ
1066 5296 1279 5359 δεικνὺς
1300 5296 1397 5349 καὶ
1420 5313 1573 5367 περι‹

26 5378 332 5431 πούδαστον
361 5376 541 5447 αύτῷ;
573 5377 729 5429 θ’ύτω
758 5378 849 5429 καὶ
879 5380 906 5430 ὁ
938 5376 1406 5450 Ναϐουχοδονόσορ
1437 5380 1583 5448 μετὰ,

22 5462 49 5514 6
77 5462 261 5529 βαλεῖν
286 5462 366 5523 εἰς
393 5460 486 5530 τὴν
507 5461 737 5531 κάμινον
765 5462 885 5522 τοὺς
921 5460 1115 5523 παῖδας
1144 5462 1271 5525 τοὺς
1296 5464 1463 5532 τρεῖς,
1479 5463 1572 5514 καὶ

22 5547 75 5598 ιὰ
108 5545 221 5597 τῶν
260 5544 598 5614 πραγμάτων
633 5543 822 5612 μαθεῖν
858 5543 965 5596 τῶν
991 5546 1125 5597 νέων
1151 5545 1258 5598 τῶν
1293 5545 1572 5614 αἰχμαλώ-

23 5647 100 5681 ων
141 5628 241 5697 τὴν
274 5626 491 5697 ἀρετὴν,
527 5625 646 5678 τότε
692 5626 1082 5697 ἀνακηρύττειν
1114 5629 1307 5691 αὐτοὺς
1346 5628 1567 5699 ἤρξατο,

22 5716 85 5766 ,αἱ
140 5709 414 5781 πανταχοῦ
452 5709 538 5763 διὰ
570 5709 666 5780 τῆς
711 5709 913 5773 οἰκείας
961 5709 1203 5783 γλώττης
1256 5716 1569 5783 περιφανεῖς

966 273 1035 328 1N
1073 272 1226 330 CAP.
1266 269 1437 325 XXVI
1498 270 1742 327 GENES.
1776 272 2008 332 UOMIL.
2051 276 2160 332 LII.

3154 276 3263 333 456

1704 393 1982 466 καθιστᾷν.
2005 396 2172 450 Τοῦτο
2193 399 2301 469 γάρ
2330 399 2443 450 ἐστι
2466 398 2698 467 μάλιστα
2718 396 2819 466 τῆς
2844 394 3157 467 περιουσίας
3174 397 3275 467 τῆς

1700 476 1793 527 τοῦ
1826 477 1960 530 Θεοῦ
1994 480 2294 550 δυνάμεως,
2330 481 2457 533 ὃταν
2486 478 2572 531 διὰ
2599 478 2706 531 τῶν
2729 479 2938 549 ἐχθρῶν
2963 479 3274 549 ἀνακηρύτ-

1699 558 1884 611 τεσθαι
1914 561 2041 623 τοὺς
2064 562 2226 614 αὑτοῦ
2247 562 2465 626 δούλους
2492 560 2902 632 παρασκευάζῃ.
2936 561 3047 613 Καὶ
3079 564 3107 613 6
3139 560 3276 633 μετὰ

1702 639 1873 710 θυμοῦ
1905 642 2001 712 τὴν
2020 644 2247 713 κάμινον
2266 645 2476 713 ἐκείνην
2502 644 2795 712 ἐξαφθῆναι
2820 644 3067 714 ποιήσας,
3090 643 3274 714 ἐπειδὴ

1700 720 1865 786 εἶδεν,
1907 724 1986 776 ὅτι
2019 724 2105 777 διά
2157 726 2255 796 τὴν
2294 726 2498 779 ἀνωθεν
2529 725 2865 797 συμμαχίαν,
2917 727 3008 778 καὶ
3041 726 3143 795 τῆς
3182 726 3272 778 τοῦ

1700 806 1871 875 πυρὸς
1918 808 2198 879 ἐνεργείας
2246 810 2587 880 περιεγένετο
2624 811 2657 878 ή
2707 810 2813 861 τῶν
2843 809 3046 861 παίδων
3085 809 3271 879 ἀρετὴ.

1699 886 1896 958 ἀθρόον
1932 890 2394 960 μεταϐαλλόμενος
2419 890 2725 960 ἐκραύγασε
2748 891 2921 957 λέγων
2939 908 2954 922 ο
2982 894 3047 944 Ol
3066 890 3274 945 δοῦλοι

1698 970 1804 1024 τοῦ
1838 972 1985 1025 Θεοῦ
2010 973 2116 1026 τοῦ
2140 975 2429 1042 ὑψίστου.
2467 974 2607 1043 Ὅρα
2637 974 2709 1044 μὴ
2741 973 2896 1043 μόνον
2922 975 3117 1035 αὐτοὺς
3146 974 3274 1027 ἀνα-

1697 1070 1767 1125 κη
1777 1053 2054 1124 ρύττοντα,
2074 1056 2207 1109 ἀλλά
2233 1057 2432 1109 καὶτὸν
2454 1059 2519 1108 Δε
2528 1056 2728 1125 σπότην
2744 1057 2849 1111 τῶν
2866 1058 2999 1110 ὅλων
3016 1075 3029 1090 ο
3060 1060 3123 1109 Ol
3136 1056 3275 1111 δοῦ-

1694 1139 1792 1189 λοι
1820 1137 1927 1209 γὰρ
1956 1137 2060 1191 τοῦ
2094 1138 2262 1201 Θεοῦ,
2282 1139 2435 1209 φησὶ,
2462 1138 2569 1191 τοῦ
2589 1141 2874 1206 ὑψίστου,
2899 1139 3186 1203 ἐξέλθετε.
3207 1139 3272 1190 Τί

1695 1217 1953 1287 γέγονεν;
1997 1221 2059 1273 ού
2093 1222 2155 1273 σὺ
2191 1224 2256 1291 τῇ
2299 1221 2537 1292 τιμωρίᾳ
2568 1221 2924 1291 παρέδωκαςς
2974 1224 3033 1274 οὐ
3081 1223 3143 1275 σὺ
3179 1223 3273 1275 ἐπὶ

1693 1301 1947 1355 τοσοῦτον
1972 1304 2304 1373 ἐκκαυθῆναι
2337 1304 2436 1375 τὴν
2467 1306 2696 1375 κάμινον
2734 1305 3099 1374 προσέταξας;
3139 1306 3268 1369 Ναὶ,

1694 1384 1858 1455 φησίν
1881 1402 1895 1415 ο
1934 1386 2067 1439 ἀλλὰ
2092 1387 2185 1439 νῦν
2213 1388 2324 1459 ὁρῶ
2352 1387 2477 1453 ξένα
2512 1390 2605 1441 καὶ
2642 1388 2917 1458 παράδοξα
2950 1388 3269 1459 πράγματα.

1694 1468 1767 1520 T6
1792 1468 1901 1539 γάρ
1932 1474 2192 1540 στοιχεῖον
2219 1472 2375 1524 τοῦτο
2401 1472 2499 1541 τῆς
2541 1472 2745 1535 οἰκείας
2773 1473 3051 1543 ἐνεργείας
3088 1472 3275 1524 ἐπιλαυ

1693 1549 1938 1621 θόμενον,
1978 1552 2165 1625 ὥσπερ
2203 1554 2422 1624 δεσμοῖς
2460 1571 2566 1607 τισι
2599 1554 2858 1624 πεδηθὲν,
2887 1553 3149 1623 τοσαύτην
3178 1556 3274 1606 ἐπ-

1692 1633 1928 1697 εδείξατο
1945 1635 2043 1705 τὴν
2066 1636 2328 1707 ὑπακοὴν,
2358 1637 2433 1699 ὡς
2457 1637 2589 1705 μηδὲ
2610 1635 2717 1690 τῶν
2748 1638 2946 1708 τριχῶν
2967 1636 3273 1706 ἐφάψασθαι

1692 1717 1888 1770 αὐτῶν.
1925 1719 2085 1771 Ὅθεν
2112 1720 2226 1773 ἐστι
2252 1721 2499 1783 συνιδεῖν,
2524 1722 2605 1773 ὅτι
2634 1721 2775 1791 ὑπὲρ
2806 1722 3152 1792 ἀνθρωπίνην
3174 1722 3275 1789 φύ-

1695 1816 1778 1852 σιν
1804 1801 1919 1853 ὲστὶ
1952 1802 2011 1854 τὸ
2042 1803 2282 1870 γεγονὸς,
2312 1804 2406 1857 καὶ
2426 1803 2731 1876 ἀπόρρητὸς
2760 1821 2844 1867 τις
2867 1806 2962 1858 καὶ
2988 1805 3105 1857 θεία
3124 1805 3272 1857 δύνα-

1695 1882 1785 1951 μίς
1810 1884 1955 1936 ἐστιν
1980 1886 2012 1953 ὴ
2043 1884 2217 1939 ταῦτα
2248 1886 2609 1958 ἐργαζομένη,
2644 1887 2737 1941 καί
2765 1886 2875 1941 τῶν
2909 1887 3112 1940 παίδων
3147 1888 3274 1940 τού-

1690 1981 1798 2017 των
1834 1966 2100 2037 τοσαύτην
2144 1969 2437 2040 ποιουμένη
2495 1971 2593 2040 τὴν
2634 1971 2910 2041 πρόνοιαν.
2942 1964 3095 2032 Εἶδες
3136 1969 3270 2022 Θεοῦ

1692 2046 1882 2113 φιλανθ
1893 2050 2123 2118 ρωπίαν,
2152 2050 2298 2112 ὅπως
2318 2052 2415 2104 οὐκ
2441 2052 2931 2122 ἐγκαταλιμπάνων
2948 2053 3073 2114 τοὺς
3110 2052 3270 2116 ἰδίους

1692 2128 2029 2200 θεράποντας
2063 2133 2438 2204 συνεχώρησεν
2473 2136 2553 2197 είς
2582 2134 2677 2204 τὴν
2709 2136 2937 2204 κάμινον
2962 2135 3273 2205 εἰσενεχθῆ-

1691 2229 1800 2276 ναι,
1830 2214 1964 2269 ἀλλά
1988 2217 2081 2267 καὶ
2108 2218 2304 2279 αὐτοὺς
2333 2216 2653 2287 βουλόμενος
2677 2219 3083 2290 λαμπροτέρους
3114 2220 3272 2290 ἐργάο

1692 2296 1909 2359 σασθαι,
1948 2299 2042 2350 καὶ
2084 2300 2183 2368 τὴν
2227 2300 2432 2352 οἰκείαν
2461 2300 2685 2371 δύναμιν
2716 2300 3144 2373 ἐνδεικνύμενος,
3175 2302 3270 2353 καὶ

1688 2378 1781 2431 τοῦ
1812 2379 2085 2453 βαρϐάρου
2119 2382 2459 2449 κατεμάλαξε
2495 2384 2592 2454 τὴν
2623 2384 2879 2445 διάνοιαν,
2902 2384 2995 2436 καὶ
3022 2382 3120 2454 τὴν
3145 2400 3270 2436 τοσ-

1689 2462 1857 2532 αύτην
1896 2465 2277 2535 μακροθυμίαν
2317 2468 2658 2533 ἐπεδείξατος
2692 2467 2823 2520 ωὑδέ
2853 2466 2961 2537 γὰρ
2986 2466 3125 2519 οὕτω
3151 2466 3273 2519 θαυ-

1693 2548 1894 2617 μαστὸν
1926 2545 2013 2619 ἦν,
2052 2552 2100 2601 εί
2132 2550 2284 2618 παρά
2315 2551 2415 2621 τὴν
2452 2551 2626 2620 ἀρχὴν
2665 2550 2934 2602 ἐκώλυσεν
2968 2551 3162 2612 αὐτοὺς
3190 2553 3271 2614 είς

1689 2632 1786 2703 τὴν
1818 2632 2046 2701 κάμινον
2074 2634 2431 2703 ὲμόληθῆναι,
2463 2636 2539 2693 ὡς
2570 2634 2666 2686 νῦν
2713 2634 3151 2704 θαυμαστότερον
3179 2634 3270 2702 γέε-

1688 2733 1834 2784 γονε,
1852 2717 1945 2769 καὶ
1957 2716 2090 2770 πολὺ
2117 2718 2175 2769 τὸ
2203 2717 2522 2788 παράδοξον,
2550 2718 2632 2770 ὃτι
2667 2720 2759 2771 καὶ
2782 2720 2838 2769 ἐν
2868 2717 3017 2786 μέσῳ
3034 2716 3111 2786 τῷ
3137 2718 3269 2787 πυρὶ.

1687 2800 2050 2869 τυγχάνοντας
2078 2800 2229 2854 οὐδὲν
2263 2801 2427 2871 ἀηδὲς
2460 2800 2653 2854 παθεῖν
2683 2800 3076 2871 συνεχώρησεν.
3102 2802 3270 2852 Ὅταν

1687 2883 1796 2953 γὰρ
1826 2882 1988 2945 αὐτὸς
2016 2882 2293 2954 βούληται,
2319 2885 2413 2936 καὶ
2440 2884 2565 2947 τοὺς
2595 2886 2653 2935 ἐν
2682 2884 2871 2953 μέσοις
2896 2883 3089 2945 δεινοῖς
3109 2882 3264 2954 [505]

1687 2965 2088 3035 γεγενημένους
2110 2965 2413 3035 ἀνωτέρους
2442 2965 2751 3036 καθίστησι,
2779 2967 3016 3028 καὶτοὺς
3044 2968 3269 3034 πάσχον-

1686 3065 1785 3111 τας
1814 3048 1922 3101 τῶν
1943 3048 2237 3101 ποιούντων
2262 3048 2663 3118 δυνατωτέρους
2688 3048 3079 3119 ἀπεργάζεται.
3099 3048 3269 3102 Τοῦτο

1688 3133 1780 3185 καὶ
1806 3132 1898 3186 ἐπὶ
1929 3131 2036 3207 τῶν
2066 3132 2377 3185 ἀποστόλων
2401 3132 2636 3200 ἐγένετο.
2691 3135 2753 3186 Οί
2787 3133 3000 3203 ἔχοντες
3040 3133 3149 3204 γὰρ
3172 3134 3268 3186 αὐ-

1685 3214 1811 3277 τοὺς
1837 3214 2278 3284 ἀπειλημμένους
2309 3217 2366 3269 ἐν
2391 3216 2469 3285 τῷ
2504 3216 2675 3286 μέσῳ.
2712 3217 2805 3269 καὶ
2839 3217 3118 3287 μονονουχὶ
3140 3217 3268 3279 τοὺς

1685 3295 1903 3360 ὀδόντας
1930 3297 2189 3366 θήγοντες
2215 3300 2337 3350 κατ’
2366 3299 2566 3359 αὐτῶν,
2592 3299 2726 3369 πρὸς
2753 3299 3012 3370 ἀλλήλους
3050 3300 3263 3368 ἔλεγον·

1690 3381 1751 3434 Τί
1779 3380 2114 3449 ποιήσομεν
2136 3381 2260 3447 τοῖς
2276 3381 2607 3448 ἀνθρώποις
2626 3383 2894 3449 τούτοιςς
2924 3384 3267 3455 ὑποχειρίους

1685 3465 1881 3528 αὐτοὺς
1902 3466 2137 3535 ἔχοντες,
2168 3469 2226 3520 ἐν
2255 3466 2460 3537 ἀπορίᾳ
2493 3466 2965 3536 καθειστήκεισαν.
3001 3468 3267 3521 Τοσοῦτόν

1684 3550 1876 3617 ἐστινὴ
1905 3548 2072 3619 ἀρετὴ
2092 3551 2207 3619 ίσχυ
2217 3548 2325 3617 ρὸν,
2348 3550 2443 3601 καὶ
2468 3548 2640 3611 οὕτως
2662 3552 2694 3619 ή
2731 3550 2899 3603 κακία
2928 3550 3167 3616 ἀσθενὲς,
3188 3550 3266 3614 ὼς

1684 3632 1895 3699 ἐκείνην
1916 3632 2012 3701 μὲν
2029 3633 2120 3684 καὶ
2136 3635 2193 3685 ὲν
2217 3631 2297 3701 τῷ
2317 3633 2547 3702 πάσχειν
2562 3632 2951 3702 περιγίνεσθαι,
2970 3634 3171 3705 ταύτην
3206 3636 3265 3689 δὲ

1682 3720 1775 3770 καὶ
1800 3719 1855 3770 ἐν
1888 3717 1964 3787 τῷ
1994 3721 2167 3770 ποιεῖν
2186 3718 2284 3789 τὴν
2302 3719 2505 3774 οἰκείαν
2532 3720 2814 3773 ἀσθένειαν
2836 3720 3260 3777 ἐπιδείκνυσθαι.

1747 3800 1926 3869 Ὅπερ
1994 3799 2194 3863 εἰδότες
2226 3840 2241 3864 ,
2297 3802 2601 3871 ἀγαπητοὶ,
2661 3801 2827 3855 πολὺν
2899 3803 2995 3873 τῆς
3063 3803 3260 3874 ἀρετῆς

1682 3880 1963 3950 ποιώμεθα
2009 3882 2184 3951 λόγον,
2229 3883 2322 3935 καὶ
2345 3882 2640 3953 φεύγωμεν
2693 3884 2791 3954 τὴν
2842 3884 3059 3938 κακίαν.
3106 3886 3262 3939 Οὕτω

1682 3963 1790 4033 γάρ
1819 3965 1912 4016 καὶ
1944 3964 2043 4034 τὴν
2088 3964 2292 4017 ἄνωθεν
2331 3967 2748 4037 ἐπισπασόμεθα
2788 3969 2978 4039 ῥοπὴν,
3014 3968 3109 4021 καὶ
3152 3969 3261 4023 τῶν

1686 4047 1983 4118 μελλόντων
2011 4047 2402 4119 ἐπιτευξόμεθα
2431 4048 2651 4116 ἀγαθῶν
2677 4067 2691 4085 '-
2716 4042 2791 4102 ὧν
2819 4050 3028 4118 γένοιτο
3056 4051 3262 4115 πάντας

1681 4134 1828 4201 ἡμᾶς
1859 4133 2151 4199 ἐπιτυχεῖν,
2189 4131 2372 4200 χάριτι
2402 4134 2495 4184 καὶ
2524 4132 2901 4204 φιλανθρωπίᾳ
2936 4133 3031 4186 τοῦ
3052 4135 3257 4205 Κυρίου

1682 4217 1837 4286 ἡμῶν
1853 4215 2024 4285 Ἰησοῦ
2049 4214 2302 4284 Χριστοῦ,
2335 4214 2452 4284 μεθ’
2479 4209 2540 4268 οῦ
2569 4215 2647 4286 τῷ
2672 4218 2862 4288 Πατρὶ,
2888 4218 3003 4287 ἅμα
3024 4218 3100 4288 τῷ
3120 4220 3261 4290 ἁγίῳ

1682 4297 1978 4367 Πνεύματι,
2025 4298 2169 4362 δόξα,
2206 4297 2426 4367 κράτος,
2465 4298 2619 4369 τιμὴ,
2650 4298 2745 4352 νῦν
2790 4301 2880 4353 καὶ
2924 4301 3029 4364 ἀεὶ,
3060 4301 3151 4354 καὶ
3180 4304 3259 4367 είς

1680 4382 1805 4444 τοὺς
1843 4380 2044 4444 αίῶνας
2068 4381 2176 4434 τῶν
2207 4379 2438 4435 αἰώνων.
2489 4382 2680 4451 Ἀμήν.

2271 4485 2513 4539 ΟΜΙΛῘΑ
2546 4486 2671 4541 NB’.

1687 4610 1969 4676 Ἕσπειρε
2013 4607 2082 4662 δὲ
2133 4610 2339 4667 Ἰσαὰκ
2378 4613 2448 4667 ἐν
2479 4612 2554 4682 τῇ
2595 4614 2674 4684 τῇ
2711 4616 2931 4685 ἐκείνῃ.
2960 4619 3056 4672 καί
3082 4614 3259 4689 εὗρεν

1710 4692 2237 4748 ἐκατοστεύουσαν
2258 4695 2471 4764 κριθὴν
2499 4698 2570 4750 ἐν
2604 4698 2684 4763 τῷ
2715 4700 2966 4766 ἐνιαυτῷ
2993 4702 3217 4770 ἐκείνῳ.

1750 4782 1818 4828 α’.
1851 4777 1930 4829 Τά
1962 4776 2188 4846 λείψανα
2211 4777 2319 4831 τῶν
2342 4779 2468 4849 χθὲς
2488 4781 2607 4852 είρη
2617 4784 2791 4852 μένων
2807 4785 3101 4852 ἀναγκαῖον
3121 4786 3256 4839 ἀπο-

1680 4860 1859 4914 δοῦναι
1899 4862 2138 4932 σήμερον
2162 4865 2227 4932 τῇ
2253 4862 2493 4934 ὑμετέρᾳ
2522 4866 2730 4938 ἀγάπῃ,
2761 4869 2854 4920 καὶ
2881 4868 2974 4921 τοῦ
2991 4868 3146 4937 λόγου
3160 4868 3256 4939 τὴν

1681 4944 1999 4997 ἀκολουθίαν
2022 4944 2387 5007 ἀναλαϐόντας
2406 4947 2531 4999 ίδεῖν
2548 4948 2706 5001 πάλιν
2717 4949 2807 5002 τὸν
2821 4949 3027 5003 δίκαιον
3050 4951 3253 5013 Ἰσαὰκ,

1679 5027 1808 5096 ὅσης
1846 5026 2106 5080 ἀπολαύει
2137 5027 2237 5096 τῆς
2294 5029 2501 5081 ἄνωθεν
2534 5030 2879 5099 κηδεμονίας.
2929 5032 2986 5084 ’0
3018 5031 3124 5101 γὰρ
3154 5031 3254 5102 τὴν

1680 5112 1759 5173 είς
1775 5111 2044 5177 Αἴγυπτον
2070 5110 2292 5163 κάθοδον
2323 5112 2488 5165 αὑτοῦ
2514 5112 2853 5177 διακωλύσας
2872 5152 2886 5175 ,
2920 5115 3014 5168 καὶ
3046 5114 3214 5169 εἰπὼν
3233 5155 3251 5180 ,

1679 5193 1955 5259 ΙΙαροικει
1983 5192 2052 5244 ἐν
2081 5191 2154 5260 τῇ
2183 5191 2257 5262 γῇ
2287 5194 2475 5261 ταύτῃ
2497 5234 2510 5256 ,
2545 5194 2643 5249 καί
2678 5195 2891 5264 ἔσομαι
2919 5199 3068 5265 μετὰ
3097 5197 3213 5251 σοῦ
3231 5241 3247 5264 ,

1679 5275 1850 5338 οὓτως
1891 5275 2052 5327 αὑτὸν
2094 5275 2180 5328 διά
2221 5276 2437 5329 πάντων
2485 5280 2753 5349 περιφανῆ
2786 5279 3137 5351 καθίστησιν,
3175 5280 3252 5347 ὡς

1684 5361 1797 5429 μετ’
1847 5358 1907 5409 ού
1970 5357 2104 5409 πολὺ
2153 5358 2440 5427 ἐπίφθονον
2494 5360 2654 5415 αὐτὸν
2704 5362 2954 5428 γενέσθαι
2999 5364 3253 5435 παρὰτηῷ

1687 5441 1900 5511 βασιλεί
1933 5441 2208 5513 Γεράρων.
2251 5440 2515 5511 Ὀρῶντες
2537 5442 2646 5513 γὰρ
2676 5444 2837 5498 αὐτοῦ
2866 5444 2988 5499 καθ’
3015 5446 3252 5519 ἑκάστην

1679 5524 1892 5595 ἡμέραν
1926 5524 2292 5599 αὐξανομένην
2318 5526 2417 5595 τὴν
2441 5526 2723 5596 εὐπορίαν,
2754 5527 3110 5582 ἐδεδοίκεισαν
3142 5529 3252 5583 λοι-

1680 5608 1780 5659 πὸν
1802 5606 1892 5660 τοῦ
1924 5607 2114 5679 ἀνδρὸς
2151 5610 2244 5679 τὴν
2287 5609 2471 5662 αὐτόθι
2502 5611 2817 5681 κατοίκησιν
2838 5652 2852 5673 ,
2888 5614 2981 5666 καὶ
3018 5631 3251 5685 μετανα-

1682 5696 1868 5765 στῆναι
1898 5693 2104 5745 ἐκεῖθεν
2132 5694 2646 5761 καταναγκάζουσιν.
2670 5696 2849 5761 ’Ἄξιον
2877 5698 2931 5750 6's
2960 5701 3049 5752 καὶ
3073 5700 3251 5752 αὐτῶν
