3782 6242
418 260 527 317 657

416 368 648 423 ἀκοῦσαι
697 366 804 421 τῶν
857 368 1113 440 ῥημάτων
1155 370 1257 440 τῆς
1306 372 1451 435 θείας
1503 368 1743 440 Γραφῆς,
1777 366 1864 417 ἵνα
1908 360 1996 415 διὰ

416 453 633 505 πάντων
672 451 994 520 θεασώμεθα
1024 452 1117 505 τοῦ
1162 454 1298 507 Θεοῦ
1344 456 1445 525 τὴν
1496 455 1729 514 εὐνοιαν,
1758 450 1824 519 ἣν
1868 445 1997 515 περὶ

421 537 542 598 τοὺς
570 535 737 587 αὐτοῦ
764 534 980 598 οἰκέτας
1014 536 1399 590 ἐπιδείκνυται.
1441 540 1725 601 Ἐσπειρε
1748 532 1817 586 δὲ
1842 572 1857 593 ,
1889 547 1998 597 φη-

422 619 525 681 σὶν,
555 618 762 672 Ἰσαὰκ
783 617 854 669 ἐν
873 615 947 683 τῇ
964 617 1041 684 τῇ
1067 619 1295 686 ἐκείνῃ,
1328 619 1424 672 καὶ
1452 613 1997 686 εὗρενὲδιατοστεύ-

419 714 615 752 ουσαν
644 699 858 766 κριθὴν
883 700 953 751 ὲν
987 700 1068 764 τῷ
1098 701 1353 765 ἐνιαυτῷ
1404 702 1632 764 ἐκείνῳ.
1678 699 1877 752 Σκόπει
1910 712 2000 766 μοι

417 779 510 833 τοῦ
538 779 670 832 Θεοῦ
699 780 798 850 τὴν
828 782 1018 848 σοφίαν
1036 799 1049 811 ο
1083 782 1170 835 ἵνα
1203 784 1350 853 δείξῃ
1385 782 1462 853 τῷ
1489 784 1682 851 δικαίῳ
1726 782 1808 833 ὅτι
1836 780 2000 848 δημι-

418 863 613 934 ουργὸς
644 862 720 915 ῶν
748 863 851 932 τῆς
878 864 1122 931 φύσεως,
1156 866 1249 918 καὶ
1292 866 1351 930 ἐξ
1383 866 1601 935 ἀπόρων
1628 867 1793 934 πόρον
1824 878 2001 931 παρα-

422 948 569 1015 σχεῖν
598 945 842 1009 δύναται,
875 948 967 999 καὶ
990 947 1068 999 ὅτι
1094 949 1187 1001 καὶ
1214 948 1274 1013 ἐξ
1292 949 1467 1019 ἀρχῆς
1489 948 1649 1011 αὐτὸς
1674 946 1770 1017 τὴν
1799 945 1901 1014 γῆν
1926 943 2003 1013 τῷ

421 1027 605 1098 οἰκείῳ
638 1029 1020 1099 προστάγματι
1055 1029 1296 1101 διήγειρε
1331 1034 1467 1102 πρὸς
1505 1031 1602 1102 τὴν
1639 1031 1748 1083 τῶν
1774 1028 2003 1099 καρπῶν

424 1112 677 1182 βλάστην,
692 1112 1147 1181 παρασκευάσαςιι
1162 1114 1250 1166 τὸν
1261 1114 1464 1167 δίκαιον
1479 1111 2004 1168 ἑκατονταπλασίονα

421 1194 529 1246 τῶν
561 1194 654 1247 ὐπ’
700 1194 862 1247 αὐτοῦ
898 1196 1215 1266 σπαρέντων
1244 1198 1335 1249 ἐπὶ
1361 1198 1461 1266 τῆς
1492 1197 1595 1265 γῆς
1617 1198 1643 1234 ιι
1678 1193 2005 1265 κομίσασθαι

420 1277 490 1329 τὰ
531 1277 840 1347 δράγματα,
892 1278 1027 1348 ὁμοῦ
1064 1279 1157 1331 καὶ
1206 1279 1368 1333 αὐτὸν
1414 1282 1472 1333 ἐν
1512 1279 1715 1332 πλείονι
1746 1276 2006 1338 καθιστὰς

423 1360 676 1431 εὐπορίᾳ,
700 1360 777 1431 τῷ
800 1361 1026 1431 μηδενὸς
1054 1363 1110 1413 ἐν
1132 1364 1291 1434 χρείᾳ
1317 1363 1592 1431 γενέσθαι,
1618 1362 1903 1423 κάκείνους
1917 1360 2006 1414 διὰ

422 1445 530 1498 τῶν
573 1444 751 1514 ἔργων
786 1444 1070 1507 διδάσκων,
1112 1447 1242 1515 ὅσης
1291 1449 1319 1499 6
1363 1447 1569 1509 δίκαιος
1606 1445 1865 1500 ἀπολαύει
1909 1445 2008 1513 τῆς

424 1527 628 1581 ἄνωθεν
655 1528 847 1597 ροπῆς.
883 1527 1202 1599 Εὐμήχανος
1222 1530 1329 1602 γὰρ
1350 1530 1424 1584 ὢν
1454 1532 1547 1584 καὶ
1578 1531 1759 1599 σοφὸς,
1788 1529 1877 1582 διὰ
1900 1528 2007 1581 τῶν

426 1611 604 1664 αὐτῶν
634 1610 891 1673 πολλάκις
923 1613 1261 1681 πραγμάτων
1318 1616 1411 1667 καὶ⁵
1436 1615 1562 1676 τούς
1593 1613 1822 1673 οἰκείους
1853 1613 2009 1681 εὐερ-

426 1697 593 1763 γετεί,
622 1695 862 1757 καὶτοὺς
890 1693 970 1747 ἔτι
999 1694 1444 1766 πεπλανημένους
1459 1694 1802 1749 διδάσκεσθαι
1834 1711 2011 1765 παρα-

427 1778 680 1843 σκευάζει
696 1778 791 1847 τῆς
808 1777 1013 1840 οἰκείας
1036 1778 1288 1848 προνοίας
1308 1780 1405 1849 τὴν
1422 1778 1824 1850 δύναμιν.[50(ί]
1840 1778 2010 1831 Τοῦτο

427 1862 521 1915 καὶ
551 1860 688 1931 μετὰ
721 1859 894 1913 ταῦτα
919 1860 1061 1913 κατά
1092 1862 1191 1931 τὴν
1220 1861 1496 1930 Αἴγυπτον
1524 1862 1838 1932 εἰργάσατο,
1867 1862 2011 1914 ἐκεί-

424 1962 535 2007 νοις
582 1944 681 2013 μὲν
729 1944 827 2006 τάς
868 1944 1139 2015 τιμωρίας
1164 1945 1493 2013 ἐπαγαγὼν,
1529 1946 1622 1999 τὸν
1653 1946 1707 1998 δὲ
1738 1944 1865 1998 λαὸν
1902 1943 2010 1996 τῶν

438 2026 785 2098 Ἰσραηλιτῶν
810 2026 993 2097 ἀπαθῆ
1025 2028 1417 2097 διαφυλάττων.
1460 2030 1788 2099 Ἐμάνθανον
1819 2028 1926 2099 γὰρ
1947 2028 2008 2080 οὐ

429 2110 590 2177 μόνον
635 2109 723 2163 διὰ
759 2110 860 2179 τῆς
898 2111 1019 2162 κατ’
1059 2112 1237 2164 αὐτῶν
1293 2113 1716 2184 ἀγανακτήσεως
1766 2110 1860 2164 τοῦ
1901 2110 2011 2163 τῶν

425 2192 561 2245 ὅλων
583 2191 718 2245 Θεοῦ
755 2193 848 2245 καὶ
877 2193 1209 2264 δημιουργοῦ
1238 2195 1335 2265 τὴν
1357 2195 1606 2265 δύναμιν,
1637 2195 1772 2247 ἀλλά
1798 2195 1889 2247 καὶ
1926 2192 2012 2246 διά

426 2276 524 2345 τῆς
552 2275 806 2345 προνοίας
830 2275 929 2345 τῆς
946 2278 1025 2340 εἰς
1052 2278 1313 2341 ἐκείνους.
1346 2279 1456 2332 Καὶ
1477 2272 1624 2331 οὗτοι
1650 2277 1810 2331 πάλιν
1830 2278 2011 2329 οὐκέκ

426 2359 527 2427 τῆς
555 2360 635 2421 εἰς
666 2358 862 2421 αὐτοὺς
886 2360 1142 2429 προνοίας
1174 2361 1268 2414 καὶ
1296 2361 1623 2431 κηδεμονίας
1650 2361 1806 2432 μόνον
1835 2360 2011 2412 ἐδιδάο

433 2458 622 2494 σκοντο
645 2440 739 2493 τοῦ
757 2441 894 2495 Θεοῦ
921 2444 1020 2513 τὴν
1049 2444 1492 2511 ὑπερϐάλλουσαν
1512 2445 1641 2515 περὶ
1665 2444 1860 2506 αὐτοὺς
1886 2442 2009 2513 φιλ-

432 2524 764 2595 ανθρωπίαν,
797 2524 933 2578 ἀλλά
957 2526 1051 2578 καὶ
1074 2526 1141 2579 δι’
1164 2519 1239 2582 ὧν
1261 2528 1500 2592 ἐκείνους
1530 2528 1715 2602 ἐώρων
1741 2528 1859 2581 καθ’
1884 2526 2011 2580 ἐκάο

433 2626 564 2680 στην
595 2610 808 2681 ἡμέραν
850 2610 949 2662 τάς
986 2610 1199 2679 πληγὰς
1236 2611 1576 2681 δεχομένους.
1614 2612 1722 2664 Καὶ
1770 2612 1857 2665 διὰ
1904 2611 2013 2665 τῶν

431 2693 610 2748 αὐτῶν
640 2694 982 2765 πραγμάτων
1005 2694 1098 2746 καὶ
1122 2697 1233 2758 τοῖς
1253 2696 1473 2759 οἰκείοις
1498 2698 1593 2749 καὶ
1617 2698 1729 2758 τοῖς
1752 2695 2013 2758 ἐναντίοις

433 2777 638 2832 ἐδείκνυ
655 2778 754 2847 τῆς
781 2776 987 2840 οἰκείας
1010 2776 1291 2848 δυνάμεως
1305 2778 1402 2850 τὴν
1421 2778 1743 2850 ὑπερϐολήν.
1776 2778 1887 2832 Καὶ
1906 2779 2014 2849 γὰρ

433 2861 572 2915 αὐτά
600 2862 667 2915 τά
699 2864 934 2931 στοιχεῖα
967 2861 1064 2933 τὴν
1098 2862 1227 2933 παρ’
1259 2862 1467 2916 ἑαυτῶν
1491 2863 1763 2918 διακονίαν
1793 2864 1885 2917 καὶ
1919 2862 2014 2932 τὴν

434 2947 676 3015 ὑπακοὴν
704 2946 1069 2999 ἐπιδείκνυται
1097 2948 1209 3009 τοῖς
1238 2947 1567 3016 ὁμοδούλοις,
1611 2949 1738 3001 ὅταν
1762 2948 1790 2999 6
1811 2946 2015 2999 Δεσπό-

433 3048 533 3101 της
564 3028 822 3092 εὐνοϊκῶς
859 3030 997 3099 πρὸς
1025 3030 1222 3093 αὐτοὺς
1246 3030 1529 3101 διακέηται
1560 3043 1607 3086 ε.
1640 3033 1749 3085 Καὶ
1770 3032 1927 3085 τοῦτο
1950 3031 2015 3085 ἄν

433 3131 518 3175 τις
549 3113 795 3167 θεάσοιτο
844 3112 1065 3180 γεγονὸς
1092 3114 1185 3165 ἐπὶ
1215 3111 1308 3165 τοῦ
1337 3113 1544 3166 δικαίου
1590 3114 1801 3168 τούτου.
1840 3116 2016 3186 Ὅπερ

435 3197 623 3252 ἀλλοτε
648 3198 683 3266 ἡ
715 3196 875 3264 φύσις
897 3196 998 3265 τῆς
1027 3198 1130 3266 γῆς
1166 3196 1268 3249 οὐκ
1294 3196 1624 3263 ἐπεδείξατο,
1650 3199 1808 3252 τοῦτο
1837 3200 1925 3254 διὰ
1952 3200 2013 3253 τὸ

440 3280 768 3351 πρόσταγμα
789 3279 883 3332 τοῦ
915 3279 1023 3331 τῶν
1048 3279 1184 3331 ὅλων
1204 3278 1340 3332 Θεοῦ
1377 3278 1473 3333 νῦν
1505 3281 1892 3346 ἐπιδείκνυται,
1924 3286 2017 3337 καὶ

438 3362 702 3433 τοσαύτην
725 3363 925 3433 ήνεγκε
952 3361 1050 3431 τὴν
1076 3361 1247 3430 φορὰν
1267 3402 1282 3426 ,
1309 3361 1385 3425 ὼς
1417 3362 1611 3433 ἁθρόον
1644 3365 1703 3418 ἐν
1732 3366 2017 3436 περιουσίᾳ

440 3446 607 3516 πολλῇ
643 3445 979 3514 καταστῆναι
1008 3443 1099 3496 τὸν
1130 3444 1333 3499 Ἰσαάκ.
1357 3447 1677 3515 Εὺλόγησε
1702 3446 1808 3518 γάρ
1831 3449 2019 3502 αὑτὸν

441 3534 473 3583 ό
502 3530 665 3593 Θεὸς,
682 3529 780 3582 καί
801 3526 1014 3596 ὑψώθη
1036 3530 1068 3581 ό
1088 3527 1416 3596 ἅνθρωπος,
1436 3530 1534 3584 καὶ
1556 3532 2021 3600 προϐαίνωνμεί-

441 3613 552 3675 ζων
579 3613 827 3681 ἐγίνετο,
843 3612 954 3677 ἕως
973 3607 1045 3667 οὗ
1062 3610 1251 3682 μέγας
1270 3612 1506 3681 ἐγένετο
1527 3615 1780 3683 σφόδρα.
1800 3615 2019 3688 Ἐπειδὴ

440 3697 549 3769 γὰρ
566 3698 686 3751 τότε
722 3698 780 3750 ἐν
809 3695 1018 3760 τούτοις
1047 3692 1116 3767 ἦν
1138 3696 1206 3749 τά
1228 3700 1326 3769 τῆς
1355 3697 1614 3768 εὐπορίας
1636 3703 1747 3765 τοῖς
1768 3700 2017 3765 δικαίοις,

441 3783 498 3835 ἐν
517 3784 581 3853 τῇ
604 3781 700 3852 τῆς
723 3781 825 3850 γῆς
850 3779 1083 3851 εὐπορίᾳ
1109 3780 1202 3833 καὶ
1226 3780 1283 3834 ἐν
1303 3780 1383 3852 τῷ
1404 3781 1511 3835 τῶν
1529 3782 1858 3854 θρεμμάτων
1883 3785 2021 3855 πλή-

442 3865 545 3927 θει,
578 3864 666 3918 διὰ
687 3863 842 3917 τοῦτό
866 3881 1050 3935 φησιν,
1075 3864 1430 3933 Εὐλόγνησεν
1457 3866 1644 3919 αὑτὸν
1672 3870 1705 3920 o'
1723 3868 1887 3933 Θεὸς,
1922 3871 2020 3923 καί

439 3947 652 4016 ὑψώθη
683 3950 716 4001 ὁ
739 3948 1066 4015 ἅνθρωπος,
1095 3946 1215 4000 ἀντὶ
1237 3947 1357 4011 τοῦ,
1387 3947 1632 4020 Εὐπορος
1656 3952 1889 4019 ἐγένετο’
1925 3955 2022 4007 καὶ

441 4032 541 4101 οὐχ
569 4030 756 4092 ἁπλῶς
794 4030 1043 4101 εὔπορος,
1074 4030 1209 4083 ἀλλά
1242 4030 1359 4095 καὶ,
1393 4031 1636 4096 Μείζων,
1675 4035 1869 4103 φησὶν,
1903 4036 2023 4104 ἐγί-

443 4113 735 4191 νετο,ἔως
762 4107 835 4167 οὗ
859 4112 1046 4182 μέγας
1064 4110 1300 4181 ἐγένετο
1332 4113 1587 4182 σφόδρα.
1604 4114 1885 4186 Ἐννόησον
1913 4118 2021 4191 γὰρ

445 4196 569 4251 ὅσον
598 4190 689 4264 ἦν,
718 4194 1245 4248 ἑκατονταπλασίονα
1272 4194 1381 4248 τῶν
1411 4199 1541 4267 παρ’
1557 4197 1722 4251 αὐτοῦ
1746 4190 2019 4254 καταϐαλὲ

445 4277 688 4348 λομένων
720 4276 1095 4347 ὑποδέχεσθαι.
1113 4278 1176 4330 Εἰ
1204 4278 1262 4331 δὲ
1287 4276 1445 4331 τοῦτό
1475 4296 1558 4333 σοι
1584 4280 1725 4350 μέγα
1749 4283 2019 4350 φαίνεται,

449 4359 642 4414 σκόπει
668 4359 767 4431 τὴν
796 4359 1043 4412 ἐπίτασιν
1068 4360 1168 4430 τῆς
1187 4360 1284 4413 τοῦ
1310 4360 1445 4414 Θεοῦ
1479 4362 1890 4435 φιλανθρωπίας
1908 4407 1923 4431 ,
1955 4368 2022 4439 ἢν

445 4441 540 4496 τοῦ
563 4442 755 4513 χρόνου
778 4441 1057 4512 προϊόντος
1087 4443 1215 4514 περὶ
1240 4445 1386 4515 ἡμᾶς
1415 4445 1743 4511 ἐπεδείξατο.
1762 4449 1886 4513 Τοῖς
1914 4452 2021 4521 γάρ

450 4526 590 4598 μετὰ
630 4525 728 4597 τὴν
757 4523 919 4578 αὐτοῦ
954 4526 1254 4595 παρουσίαν
1288 4528 1387 4599 τὴν
1420 4530 1623 4600 ἀρετὴν
1656 4531 1931 4601 μετιοῦσιν
1961 4535 2021 4587 οὐ
2072 4576 2073 4579 η

452 4610 610 4680 μόνον
643 4608 1170 4663 ἑκατονταπλασίονα
1200 4610 1431 4665 ἐνταῦθα
1454 4613 1714 4683 παρέχειν
1744 4616 2023 4685 ὑπισχνεῖ-

446 4710 558 4755 ται,
583 4691 719 4745 ἀλλά
746 4691 840 4743 καὶ
861 4690 956 4761 τὴν
978 4690 1191 4745 αἰώνιον
1215 4691 1359 4765 ζωὴν
1383 4696 1475 4747 καὶ
1500 4696 1597 4765 τὴν
1620 4696 1896 4765 βασιλείαν
1917 4700 2023 4752 τῶν

448 4776 691 4847 οὐρανῶν
720 4777 800 4838 είς
834 4774 1152 4829 ἀπόλαυσιν.
1182 4772 1333 4841 Εἶδες
1374 4778 1681 4849 φιλοτιμίαν
1710 4781 1980 4835 Δεσπότου
2006 4800 2021 4849 ;

448 4858 586 4925 εἶδες
618 4860 866 4913 ἐπίτασιν
895 4859 1250 4929 εὐεργεσίας;
1278 4855 1416 4921 εἶδες
1450 4861 1614 4915 πόσον
1645 4865 1778 4934 ἡμῖν
1805 4867 2026 4937 κεχάρι-

450 4963 572 4999 σται
595 4948 628 5015 ἡ
663 4944 756 4997 τοῦ
782 4942 1119 5011 Μονογενοῦς
1148 4944 1452 5013 παρουσία;
1487 4944 1635 5009 ὅπως
1662 4948 1885 5015 ἀφάτων
1916 4950 2026 5003 τῶν

450 5025 793 5095 πραγμάτων
818 5023 916 5092 τὴν
946 5022 1246 5092 ἐναλλαγὴν
1276 5023 1606 5095 εἰργάσατο;
1643 5027 1827 5079 Ταῦτα
1847 5029 2033 5084 τοίνυν.

448 5109 678 5171 ἕκαστος
712 5106 831 5159 καθ’
863 5107 1053 5160 ἐαυτὸν
1082 5106 1427 5177 λογιζόμενος
1451 5149 1464 5172 ,
1500 5110 1592 5161 καὶ
1621 5109 1762 5180 ὀρῶν
1785 5112 1882 5183 τὴν
1907 5114 2024 5167 δια-

451 5190 641 5263 φορὰν,
664 5192 757 5245 καὶ
786 5191 906 5243 τίνα
938 5190 1038 5259 μὲν
1065 5186 1155 5262 ἦν,
1173 5190 1209 5245 ἃ.
1232 5195 1344 5255 τοῖς
1368 5193 1475 5263 πρὸ
1507 5195 1605 5263 τῆς
1634 5196 1856 5265 χάριτος
1882 5215 2025 5269 παρ-

450 5278 599 5347 έχειν
648 5278 1009 5347 ὑπισχνεῖται,
1030 5278 1151 5331 τίνα
1170 5280 1228 5333 δέ
1258 5280 1396 5350 μετά
1420 5282 1518 5352 τὴν
1544 5283 1723 5353 χάριν,
1758 5284 2027 5350 δοξαζέτω

452 5367 554 5420 κάν
585 5364 760 5435 τούτῳ
778 5366 879 5437 τὴν
903 5366 1129 5437 ἄπειρον
1155 5367 1320 5422 αὐτοῦ
1356 5369 1786 5441 φιλανθρωπίαν,
1824 5376 1917 5429 καὶ
1951 5376 2026 5447 μὴ

451 5454 517 5521 τῇ
551 5452 657 5505 τῶν
691 5454 901 5524 καιρῶν
932 5454 1200 5526 ὲναλλαγῇ
1245 5456 1305 5509 τὸ
1334 5458 1439 5509 πᾶν
1469 5459 1842 5530 ἐπιγραφέτω.
1886 5464 2025 5516 Ἀλλ’

453 5541 547 5593 ἐπὶ
571 5540 669 5610 τὴν
693 5540 1017 5594 ἀκολουθίαν
1038 5542 1134 5594 τοῦ
1154 5544 1240 5613 λόγ
1253 5562 1314 5596 ου
1341 5546 1651 5600 ἐπανελθεῖν
1678 5549 1903 5617 δίκαιον,
1933 5556 2027 5607 καὶ

457 5629 585 5683 ἰδεῖν
633 5630 779 5691 ὅπως
815 5630 865 5681 οἱ
907 5632 965 5685 ἐν
1007 5631 1264 5703 Γεράροις
1302 5634 1531 5705 ὁρῶντες
1565 5636 1656 5691 τοῦ
1689 5640 1896 5695 δικαίου
1930 5644 2027 5715 τὴν

518 5755 545 5817 f
573 5754 683 5802 Sav.
713 5755 839 5812 conj.
872 5756 1214 5817 παρεσκεύασε.

520 5815 544 5852 1ο
569 5817 794 5871 Quin-lue
825 5815 1085 5877 Inssfnapti
1104 5823 1184 5872 τῆς
1207 5824 1305 5877 γῆς.

520 5877 543 5907 ⁸
572 5880 668 5925 Aiil
692 5878 937 5924 διάκειται.

1102 254 1158 313 s.
1200 258 1486 315 JOANNIS
1520 248 2006 312 cnm'sosmm
2048 218 2369 306 ARCIIIEI'.
2407 251 2959 310 CONSTANTINOP.

3587 254 3692 308 εδει

2109 362 2312 433 πολλὴν
2369 366 2635 436 εὐπορίαν
2662 409 2677 429 ,
2711 368 2792 430 εἰς
2845 366 3007 434 ζῆλον
3045 364 3437 435 διηγὲρθησαν,
3466 381 3562 417 και
3593 366 3691 419 ἀπο

2106 445 2350 498 ελαύνειν
2376 448 2539 502 αὐτὸν
2572 450 2780 501 ἐκεῖθεν
2813 448 3155 518 ἐπεχείρουν.
3174 447 3517 511 Ἐζήλωσαν
3546 449 3658 515 γὰρ
3676 489 3693 511 ,

2109 530 2293 595 φησὶν,
2329 532 2516 583 αὐτὸν
2538 534 2592 584 ol
2620 532 2991 599 Φυλιστιείμ.
3024 525 3159 583 Εἶτα
3188 530 3357 593 δεῖξαι
3393 530 3693 599 βουλομένη

2109 612 2142 681 ή
2174 612 2293 665 θεία
2323 612 2544 683 Γραφὴ,
2594 614 2653 664 ἐν
2698 614 2806 665 τίνι
2832 614 2923 667 τὸν
2962 611 3123 682 ζῆλον
3155 613 3557 673 ἐπεδείκνυντο,
3598 615 3694 663 ἐπ-

2110 697 2302 764 ήγαγε·
2327 696 2437 750 Καὶ
2473 696 2670 750 πάντα
2700 696 2739 750 d
2776 695 3015 764 ὤρυξαν
3041 694 3263 765 φρέατα
3295 698 3349 749 οἰ
3392 694 3609 760 παῖδες
3632 696 3696 746 ἐν

2110 776 2191 842 τῷ
2214 780 2410 846 χρόνῳ
2439 778 2546 832 τοῦ
2567 778 2789 845 πατρὸς
2807 779 3014 841 αὑτοῦ,
3042 778 3379 847 ἐνέφραξαν
3402 779 3586 838 αὐτὰ.
3602 778 3695 830 καὶ

2110 861 2466 928 ἐνέπλησαν
2488 860 2623 929 γῆς.
2652 862 2854 915 Σκόπει
2888 862 3030 932 πόση
3071 862 3178 915 τῶν
3202 861 3390 915 αὐτόθι
3426 864 3461 930 ή
3504 862 3695 919 κακία,

2111 944 2186 1007 ὡς
2217 945 2310 998 καὶ
2339 945 2448 998 τῶν
2478 945 2686 999 ὑδάτων
2713 945 2977 1016 φθονῆσαι
3008 945 3087 1016 τῷ
3115 945 3307 1015 δικαίῳ
3333 986 3350 1010 ,
3379 946 3479 998 καὶ
3512 944 3635 997 οὐδὲ
3669 946 3697 995 6

2116 1027 2367 1095 βασιλεὺς
2396 1029 2426 1081 6
2453 1030 2510 1081 ἐν
2532 1026 2772 1101 τοσαύτῃ
2795 1028 3082 1099 περιουσίᾳ
3102 1028 3379 1091 καθεστὼς
3402 1031 3697 1096 κατασχεῖν

2113 1112 2203 1166 τὸν
2254 1111 2444 1180 φθόνον
2469 1112 2497 1151 ιι
2552 1112 2774 1182 ἴσχυσεν
2800 1151 2815 1175 ,
2862 1111 2999 1166 ἀλλά
3054 1129 3252 1181 φησιν·
3295 1114 3554 1169 "Amos
3601 1112 3695 1177 ἀφ’

2114 1193 2301 1262 ήμῶν,
2316 1194 2405 1247 ὅτι
2422 1194 2829 1262 δυνατώτερος
2841 1193 3010 1263 ἡμῶν
3019 1194 3231 1263 ἐγένου
3245 1195 3506 1263 σφόδρα.
3525 1195 3698 1261 Πολλὴ

2115 1280 2147 1345 ὴ
2167 1276 2552 1348 ἀγνωμοσύνη.
2568 1277 2727 1341 Τίνος
2747 1278 2855 1348 γὰρ
2876 1278 3061 1331 ’ἐνεκεν
3082 1277 3233 1349 [507]
3255 1278 3590 1338 ἀπελαύνεις
3615 1280 3699 1329 τὸν

2114 1362 2320 1414 δίκαιον
2345 1379 2360 1427 ;
2391 1361 2465 1431 μὴ
2485 1362 2595 1431 γὰρ
2626 1361 2931 1430 ἐλυμήνατό
2962 1378 3014 1413 τι
3034 1365 3145 1423 τοῖς
3168 1364 3309 1425 σοίς;
3346 1362 3422 1432 μὴ
3458 1362 3571 1431 γὰρ
3592 1362 3701 1431 ἡδί-

2116 1444 2251 1513 κησέ
2277 1461 2364 1508 τις
2401 1444 2563 1497 Ἀλλά
2592 1444 2833 1497 τοιοῦτον
2866 1446 2894 1496 6
2933 1444 3151 1513 φθόνοςο
3193 1445 3344 1497 οὐδὲν
3384 1446 3531 1515 μετά
3561 1446 3701 1512 λογι-

2119 1527 2255 1597 σμοῦ
2290 1528 2700 1598 διαπράττεται.
2739 1527 2870 1580 Δέον
2899 1528 3009 1597 γάρ
3047 1528 3210 1581 αὐτὸν
3240 1528 3585 1599 θεασάμενον
3616 1546 3699 1581 το-

2118 1609 2319 1681 σαύτης
2345 1610 2556 1671 εὐνοίας
2579 1610 2922 1663 ἀπολαύοντα
2946 1610 3038 1664 τὸν
3066 1611 3271 1664 δίκαιον
3302 1612 3456 1683 παρά
3476 1611 3573 1663 τοῦ
3599 1612 3701 1663 τῶν

2116 1694 2252 1747 ὅλων
2276 1693 2433 1758 Θεοῦ,
2455 1693 2654 1764 μᾶλλον
2682 1694 2983 1765 περιέπειν,
3010 1694 3211 1763 μᾶλλον
3246 1694 3602 1765 θεραπεύειν.
3622 1695 3703 1746 ἵνα

2116 1777 2204 1830 διὰ
2224 1777 2323 1847 τῆς
2356 1778 2434 1839 εἰς
2460 1778 2667 1829 ἐκεῖνον
2690 1777 2857 1847 τιμῆς
2890 1778 3266 1847 ἐπισπάσηται
3289 1779 3383 1830 καὶ
3412 1780 3583 1839 αὐτὰ
3610 1779 3705 1845 τὴν

2118 1860 2325 1914 ἄνωθεν
2372 1862 2544 1931 ῥοπήν
2568 1876 2582 1890 °
2616 1862 2645 1913 6
2676 1859 2731 1912 δὲ
2763 1859 2825 1911 ού
2865 1860 3024 1929 μόνον
3056 1860 3212 1913 τοῦτο
3242 1862 3303 1913 οὐ
3349 1864 3494 1913 ποιεῖ
3514 1900 3529 1919 ,
3570 1861 3706 1912 ἀλλα

2119 1943 2213 1996 καὶ
2268 1942 2593 1997 ἀπελαύνειν
2632 1945 2933 2012 ἐπιχειρεῖ,
2966 1943 3057 1995 καί
3100 1960 3271 2013 φησι·
3310 1945 3567 1997 “Anglos
3607 1944 3702 2010 ἀφ’

2118 2026 2319 2096 ἡμῶν,
2370 2026 2459 2079 ὅτι
2517 2026 2922 2093 δυνατώτερος
2978 2024 3145 2093 ἡμῶν
3183 2027 3394 2095 ἐγένου

2120 2109 2371 2163 Τοιοῦτον
2408 2108 2517 2181 γὰρ
2549 2111 2583 2179 ἡ
2621 2108 2924 2179 βασκανία·
2966 2111 3066 2162 οὐκ
3102 2110 3354 2180 ἀνέχεται
3382 2111 3580 2179 πράως
3609 2110 3701 2177 τήν

2120 2192 2324 2264 ἐτέρων
2342 2193 2679 2264 εὐπραγίαν,
2708 2192 2845 2246 ἀλλά
2871 2192 2968 2263 τὴν
2997 2192 3091 2245 τοῦ
3135 2193 3366 2262 πλησίον
3397 2192 3700 2263 εὐημερίαν

2119 2278 2324 2331 οἰκείαν
2356 2276 2700 2347 δυσπραγίαν
2745 2271 2887 2330 εἶναι
2926 2276 3136 2345 νομίζει
3158 2318 3172 2337 ,
3204 2278 3299 2330 καὶ
3339 2278 3569 2345 τήκεται
3593 2276 3701 2335 70E;

2118 2360 2214 2415 τοῦ
2244 2360 2471 2432 πλησίον
2494 2360 2715 2429 ἀγαθοῖς
2737 2375 2750 2388 ·
2792 2359 2822 2411 ὃ
2855 2358 2919 2429 δὴ
2961 2360 3055 2412 καὶ
3086 2360 3319 2413 ἐνταῦθα
3359 2360 3609 2426 γέγονεν.
3645 2360 3699 2409 '0

2120 2445 2229 2516 γὰρ
2270 2444 2561 2514 βασιλεὺς,
2607 2445 2635 2496 6
2665 2443 2764 2512 τῆς
2798 2441 3006 2504 πόλεως
3052 2443 3268 2513 ἀπάσης
3304 2444 3402 2512 τὴν
3457 2442 3700 2507 ἐξουσίαν

2122 2536 2281 2606 ἔχων,
2312 2535 2407 2589 καὶ
2437 2535 2644 2598 πάντας
2672 2534 2778 2587 ὑπὸ
2806 2536 2905 2606 τὴν
2934 2536 3159 2605 ἀπειλὴν
3190 2534 3287 2605 τὴν
3310 2533 3512 2587 ἐαυτοῦ
3544 2534 3700 2602 ἔχων.

2120 2627 2200 2699 τῷ
2221 2626 2358 2697 ξένῳ
2378 2665 2392 2689 ,
2418 2626 2497 2696 τῷ
2524 2626 2697 2698 ἀλήτῃ
2720 2665 2735 2689 ,
2760 2627 2856 2680 καὶ
2882 2626 3129 2680 ἐντεῦθεν
3161 2628 3295 2690 ἐκεῖ,
3325 2627 3585 2679 κάκεῖθεν
3605 2620 3700 2680 ὦδε

2126 2714 2571 2786 μετανισταμένῳ
2597 2713 2761 2784 φησίν
2782 2729 2797 2745 ’
2829 2715 3078 2769 ’Ἀπελθε
3096 2714 3196 2768 ἀπ’
3219 2714 3390 2783 ἐμοῦ.
3409 2714 3503 2767 ὅτι
3537 2715 3702 2767 Etym-

2123 2799 2372 2870 τώτερος
2396 2798 2566 2867 ἡμῶν
2588 2798 2800 2867 ἐγένου
2825 2800 3082 2869 σφόδρα.
3102 2802 3210 2854 Καὶ
3236 2802 3456 2870 ἀληθῶς
3479 2802 3703 2854 δυνατώ-

2122 2905 2280 2959 τερος
2304 2882 2392 2957 ἦν,
2421 2885 2521 2956 τὴν
2549 2886 2754 2940 ἀνωθεν
2788 2888 3102 2958 συμμαχίαν
3126 2888 3264 2958 ἔχων
3298 2889 3356 2940 ἐν
3383 2888 3582 2948 ἅπασι,
3616 2888 3703 2940 καὶ

2125 2974 2230 3028 ὑπὸ
2258 2975 2357 3044 τῆς
2394 2973 2488 3026 τοῦ
2528 2973 2663 3026 Θεοῦ
2697 2973 2875 3040 δεξιᾶς
2914 2975 3336 3047 φρουρούμενος.
3381 2975 3498 3029 Ποῦ
3532 2978 3705 3029 τοίνυν

2124 3062 2451 3126 ἀπελαύνεις
2474 3062 2565 3114 τὸν
2590 3062 2798 3115 δίκαιον
2822 3063 2953 3128 ;οὐκ
2983 3059 3139 3117 οἶσθα
3160 3065 3262 3125 ὅτι,
3289 3064 3422 3116 ὅπου
3452 3063 3523 3117 ἂν
3552 3065 3704 3117 αὐτδ.

2126 3148 2379 3204 ἀπελθεῖν
2416 3147 2686 3221 συμϐαίνῃ
2706 3192 2719 3215 ,
2754 3152 2811 3202 ἐν
2839 3153 2950 3213 τοῖς
2978 3151 3070 3203 τοῦ
3094 3152 3364 3204 Δεσπότου
3394 3151 3496 3203 τοῦ
3518 3151 3705 3205 ἑαυτοῦ

2126 3234 2265 3292 εἶναι
2298 3237 2460 3291 αὐτὸν
2487 3236 2698 3307 ἀνάγκη
2728 3254 2743 3302 ;
2774 3246 2873 3291 οὐκ
2903 3238 3192 3291 ἐπαίδευσέ
3218 3256 3276 3291 σε
3306 3238 3414 3291 τῶν
3450 3238 3707 3308 πραγμά-

2126 3343 2233 3379 των
2267 3327 2301 3395 ἡ
2338 3327 2522 3395 πεῖρα,
2553 3325 2633 3377 ὅτι
2672 3325 2705 3395 ή
2740 3324 2835 3376 τοῦ
2866 3324 3001 3377 Θεοῦ
3035 3326 3155 3395 χείρ
3185 3326 3328 3378 ἐστιν
3364 3327 3397 3394 ή
3432 3327 3708 3395 περιφανῆ

2127 3413 2219 3467 τὸν
2262 3412 2467 3466 δίκαιον
2512 3411 2862 3477 καθιστῶσα;
2891 3411 3048 3475 Τίνος
3081 3408 3173 3465 οὖν
3201 3413 3385 3465 ’ένεκεν
3412 3412 3485 3465 δι’
3517 3406 3593 3465 ὧν
3623 3412 3709 3464 τὶν

2127 3499 2335 3553 δίκαιον
2367 3497 2692 3559 ἀπελαύνεις
2715 3538 2729 3561 ,
2766 3499 2865 3566 τὴν
2910 3498 3047 3568 πρὸς
3094 3499 3184 3552 τὸν
3211 3500 3378 3553 αὐτοῦ
3426 3501 3709 3565 Δεσπότην

2129 3586 2520 3657 ἀγνωμοσύνην
2550 3584 2959 3649 ἐπιδείκνυσαι,
3012 3587 3105 3638 καὶ
3153 3586 3272 3639 οὐδὲ
3306 3589 3341 3655 ἠ
3398 3587 3578 3657 πολλὴ
3620 3587 3708 3638 τοῦ

2129 3674 2320 3745 ἀνδρὸς
2339 3673 2610 3726 ἐπιείκεια
2634 3672 3013 3743 περιγενέσθαι
3034 3672 3272 3743 ἠδυνήθη
3291 3674 3390 3742 τῆς
3411 3672 3711 3742 βασκανίας

2128 3761 2229 3831 τῆς
2258 3761 2376 3832 σῆς,
2401 3758 2512 3813 ἀλλ’
2536 3757 2793 3829 ἡττηθεὶς
2816 3758 2920 3811 ὐπὸ
2942 3758 3036 3811 τοῦ
3063 3759 3267 3824 πάθους
3291 3761 3370 3823 εἰς
3393 3760 3563 3831 ἔργον
3586 3763 3711 3826 ἀγα-

2130 3850 2249 3918 γεῖν
2279 3847 2525 3910 σπεύδεις
2542 3846 2634 3899 τὸν
2666 3845 2883 3914 φθόνον,
2922 3845 3017 3899 καὶ
3043 3845 3206 3899 πάλιν
3242 3848 3595 3918 μετανάστην
3621 3864 3711 3914 γε·

2131 3935 2317 3989 νέσθαι
2350 3933 2793 4005 παρασκευάζεις
2821 3935 2913 3989 τὸν
2954 3933 3106 3987 οὐδέν
3145 3951 3203 3986 σε
3232 3935 3571 4003 ἠδικηκότα;
3605 3937 3716 3988 Οὐκ

2130 4021 2276 4087 οἶδας
2314 4026 2397 4078 ὅτι
2428 4023 2535 4076 κᾶν
2566 4024 2646 4086 εἰς
2674 4023 2845 4093 αὐτὴν
2896 4023 2996 4092 τὴν
3045 4023 3249 4092 ἔρημον
3281 4023 3547 4076 ἀπελθεῖν
3590 4040 3717 4076 κατ-

2131 4109 2653 4183 αναγκάσῃς,οὐτως
2674 4110 2981 4180 εὐμήχανον
3003 4109 3116 4179 ἔχει
3131 4111 3424 4179 Δεσπότην,
3446 4110 3534 4173 ὡς
3561 4111 3719 4163 κάκεί

2130 4200 2422 4269 γενόμενον
2441 4236 2457 4261 ,
2489 4196 2669 4267 πολλῷ
2694 4197 2855 4251 πλέον
2887 4198 3347 4268 περιφανέστερον
3378 4197 3551 4251 αὐτὸν
3581 4202 3719 4252 an»

2129 4286 2335 4352 δεῖξαι;
2364 4285 2527 4340 Οὐδὲν
2553 4285 2662 4357 γὰρ
2694 4286 3039 4357 ἰσχυρότερον
3066 4284 3161 4338 τοῦ
3193 4286 3293 4355 τῆς
3333 4285 3551 4339 ἀνωθεν
3580 4305 3713 4356 cup»

2135 4373 2338 4446 μαχίας
2363 4373 2763 4438 ἀπολαύοντος,
2790 4371 2978 4446 ὥσπερ
3017 4373 3172 4426 οὐδὲν
3198 4373 3595 4445 ἀσθενέστερον
3623 4377 3719 4429 τοῦ

2130 4463 2229 4533 τῆς
2254 4461 2462 4515 ἐκεῖθεν
2495 4460 2744 4532 βοηθείας
2776 4461 3165 4533 ἠρημωμένον.

2204 4550 2268 4620 β’.
2289 4544 2465 4611 Εἶδες,
2496 4547 2769 4617 ἀγαπητὲ,
2795 4549 2888 4601 καὶ
2921 4549 3013 4602 τοῦ
3042 4548 3302 4619 βασιλέως
3324 4550 3592 4621 Γεράρων
3627 4559 3714 4609 καὶ

2133 4640 2350 4691 πάντων
2368 4635 2477 4689 τῶν
2498 4635 2683 4690 αὐτόθι
2705 4636 2998 4691 οἰκούντων
3017 4638 3117 4707 τῆς
3143 4638 3369 4709 γνώμης
3388 4639 3492 4709 τὴν
3519 4642 3697 4709 paler.
3708 4673 3717 4679 ο

2136 4725 2291 4796 ρίαν;
2325 4725 2468 4796 Ὅρα
2513 4724 2608 4777 καὶ
2633 4722 2727 4777 τοῦ
2777 4722 2987 4777 δικαίου
3019 4726 3118 4795 τὴν
3151 4725 3351 4796 πολλὴν
3381 4727 3715 4787 ἐπιείκειαν,

2133 4812 2251 4875 πῶς
2271 4812 2367 4864 οὐκ
2396 4811 2661 4882 ἐφρόνησε
2695 4809 2856 4881 μέγα,
2884 4812 3006 4865 οὐδὲ
3034 4812 3176 4884 ὀρῶν
3200 4812 3287 4867 διά
3312 4815 3418 4866 τῶν
3447 4819 3717 4886 πραγμαο

2131 4919 2240 4957 των
2268 4900 2469 4971 πολλὴν
2511 4901 2603 4953 τοῦ
2639 4900 2776 4953 Θεοῦ
2807 4901 2907 4970 τὴν
2939 4904 3113 4974 ῥοπὴν
3141 4904 3268 4973 περὶ
3297 4903 3455 4955 αὐτόν
3484 4907 3715 4975 γινομέ·

2132 5007 2253 5060 νην,
2283 4988 2647 5058 κατεξανέστη
2682 4988 2775 5042 τοῦ
2808 4988 3071 5059 βασιλέως
3094 5030 3109 5053 ,
3138 4994 3205 5062 τῇ
3236 4990 3327 5043 τοῦ
3360 4995 3716 5061 συμμαχοῦνο

2132 5096 2224 5141 τος
2246 5076 2393 5147 αὐτῴ
2421 5076 2647 5146 δυνάμει
2670 5075 2941 5140 πεποιθώς
2960 5093 2975 5108 ο
3000 5076 3136 5130 ἀλλὰ
3159 5078 3405 5149 καθάπερ
3432 5096 3519 5143 τις
3549 5083 3713 5153 ἀνὴρ,

2133 5166 2227 5219 καὶ
2262 5163 2737 5234 ἀπροστάτευτος,
2778 5164 2873 5217 καὶ
2919 5163 3215 5235 οὐδαμόθεν
3260 5165 3522 5236 οὐδεμιᾶς
3572 5170 3711 5223 ἀπο-

2132 5253 2311 5311 λαύων
2344 5250 2624 5323 βοηθείας,
2654 5250 2797 5304 οὕτω
2832 5252 2970 5322 μετά
3016 5251 3215 5322 πολλῆς
3255 5253 3355 5323 τῆς
3385 5257 3713 5322 ἐπιεικείας.

2133 5342 2251 5397 οὐδὲ
2304 5340 2463 5411 μέχρι
2506 5339 2680 5406 λόγων
2711 5338 3010 5399 ἀντιτείνας
3036 5339 3111 5410 τῷ
3157 5340 3400 5410 βασιλεῖ,
3442 5344 3617 5399 ἐποίει
3655 5349 3714 5399 τὸ

2135 5433 2264 5501 παρ’
2297 5429 2463 5487 αὐτοῦ
2518 5427 2872 5498 κελευόμενον
2898 5466 2923 5490 ι
2974 5431 3066 5482 καὶ
3111 5430 3312 5494 εὐθέως
3345 5434 3555 5488 ἐκεῖθεν
3601 5439 3713 5490 ἀπ-

2134 5520 2407 5577 ανίπατο,
2442 5515 2535 5569 καὶ
2565 5514 2894 5585 πορρωτέρω
2921 5516 3227 5585 γενόμενος,
3253 5520 3577 5574 κατέστελλε
3614 5525 3711 5575 τοῦ

2136 5606 2338 5666 πάθους
2371 5602 2467 5672 τὴν
2499 5601 2691 5668 φλόγα,
2724 5600 2859 5670 ὁμοῦ
2889 5604 2981 5655 καὶ
3011 5604 3110 5673 τὴν
3140 5604 3584 5676 ὑπερϐάλλουσαν
3609 5614 3707 5663 αύ-

2135 5692 2228 5746 τοῦ
2260 5690 2556 5745 ἐπιείκειαν
2577 5688 2981 5758 ἐνδεικνύμενος
2998 5728 3015 5752 ,
3038 5693 3288 5746 κάκείνου
3320 5696 3384 5747 τὸ
3410 5698 3580 5759 πάθος
3606 5716 3709 5748 τεα-

2138 5776 2565 5849 ραμυθούμενος.
2603 5774 2712 5829 Καὶ
2738 5775 3009 5843 ἀπῆλθεν
3041 5777 3289 5847 ἐκεῖθεν,
3318 5783 3415 5837 καί
3446 5786 3704 5851 amnium-

2197 5894 2222 5932 εὶ
2248 5895 2464 5950 Quatuor
2486 5904 2601 5938 mss.
2628 5890 2705 5937 τὸν
2727 5888 2888 5949 ψόγον.
