3730 6258
976 330 1041 385 ΙΝ
1081 328 1229 387 CAP.
1269 330 1454 386 XXVI.
1500 331 1740 390 GENES.
1784 337 2013 396 llO.\llL.
2056 342 2167 399 ιιι.

28 458 95 494 ro
129 452 291 496 tecum
321 458 340 496 :
370 442 456 495 ille
486 442 537 495 in
567 441 812 496 omnibus
845 450 950 497 tam
978 446 1181 499 clarum
1209 460 1331 500 eum
1364 444 1487 499 fecit
1507 488 1520 511 ,

27 549 117 588 ιοιι
142 534 311 588 multo
337 543 458 604 post
478 534 728 588 invidiam
754 546 991 590 moveret
1016 536 1154 605 regis
1179 538 1523 592 Gerarorum.

27 634 188 680 entes
208 625 352 680 enim
370 625 487 694 ejus
513 625 861 679 substantiam
890 626 1128 695 quotidie
1154 628 1353 695 augeri,
1379 638 1523 682 metu

27 718 102 770 cti
137 726 261 770 sunt
283 717 422 786 quod
446 714 515 771 ibi
544 731 724 770 secum
757 716 1038 781 habitaret,
1062 726 1116 770 ct
1145 717 1525 786 transmigrare

28 822 46 860 ξ
75 816 395 878 coegerunt.
432 807 653 877 Digmtm
682 816 859 861 autem
885 815 986 871 est,
1018 816 1074 861 ut
1099 808 1207 876 ipsa
1236 807 1523 878 Scriptura:

27 898 89 952 ba
140 899 417 952 audiamus
438 940 450 961 ,
484 908 541 952 ιιι
580 913 676 968 per
703 898 880 951 omnia
912 897 1181 952 videamus
1218 898 1312 953 Dei
1354 898 1522 953 bene-

27 988 239 1053 :ntiam,
268 1004 424 1059 quam
458 1002 582 1058 erga
614 986 839 1042 famulos
866 1001 993 1041 suos
1020 986 1272 1042 declarat.
1305 988 1392 1041 12.
1423 986 1523 1042 Se-

27 1083 135 1134 avit
174 1092 376 1148 autem,
409 1081 613 1151 inquit,
646 1078 798 1133 Isaac
834 1080 887 1133 in
928 1090 1061 1133 terra
1098 1081 1219 1146 illa,
1251 1090 1295 1133 et
1333 1081 1521 1135 invenit

30 1174 275 1242 uplicans
305 1171 547 1226 hordeum
569 1171 619 1224 in
646 1187 779 1224 anno
800 1170 909 1224 illo.
936 1170 1066 1224 Vide
1097 1171 1246 1236 mihi,
1272 1171 1516 1236 obsecro,

42 1264 398 1334 sapientiam,
430 1272 489 1317 ut
517 1262 760 1317 ostendat
786 1261 930 1331 justo
955 1275 1014 1316 se
1046 1269 1250 1315 naturae
1279 1261 1519 1315 condito-

28 1382 31 1412 ι
65 1373 217 1420 esse,
249 1366 302 1412 et
330 1358 381 1411 in
411 1356 570 1411 rebus
601 1353 909 1409 difficilibus
938 1353 1109 1407 facilia
1135 1354 1311 1407 omnia
1344 1352 1519 1407 facere

27 1465 76 1504 se
111 1468 126 1503 :
162 1465 227 1504 ac
263 1449 353 1519 qui
393 1448 461 1503 ab
500 1447 652 1502 initio
685 1456 884 1499 terram
914 1460 1013 1499 suo
1052 1444 1299 1498 mandato
1334 1444 1521 1498 fecerit

27 1559 174 1597 team
195 1541 262 1597 ad
287 1539 635 1612 proferendos
661 1538 884 1600 fructus,
910 1536 1047 1592 idem
1076 1551 1216 1590 nunc
1239 1534 1437 1590 efticiat
1461 1544 1518 1589 ut

27 1635 256 1704 tuplices
286 1631 472 1687 reddat
511 1646 609 1701 pro
646 1630 774 1683 satis
806 1628 1103 1698 manipulos
1134 1643 1148 1681 :
1180 1626 1336 1681 simul
1368 1627 1519 1681 illum

27 1736 153 1779 anta
188 1724 456 1780 affluentia
490 1721 821 1778 constituens
845 1761 860 1787 ,
897 1729 958 1773 ut
996 1719 1191 1774 nullius
1237 1719 1470 1788 indigeat
1499 1735 1513 1770 :

27 1836 74 1873 te
106 1819 248 1873 alios
274 1832 367 1886 per
396 1829 558 1885 opera
588 1814 818 1881 docens,
851 1822 1046 1883 quanta
1081 1828 1308 1882 superna
1348 1813 1515 1882 gratia

27 1928 88 1966 us
118 1911 346 1966 fruatur.
379 1909 731 1979 Omnipotens
760 1908 903 1961 enim
930 1915 984 1960 et
1010 1907 1222 1975 sapiens
1260 1905 1397 1959 Deus
1422 1918 1517 1973 per

28 2005 255 2060 easdem
289 2003 595 2072 frequenter
632 1998 894 2054 benefaeit
930 1999 1073 2061 suis;
1103 2006 1156 2050 et
1181 2003 1331 2050 curat
1356 1995 1517 2050 etiam

37 2098 49 2149 i
98 2110 315 2166 quoque
358 2094 447 2165 qui
492 2092 665 2148 adhuc
704 2092 754 2143 in
798 2104 982 2144 errore
1020 2097 1331 2152 versantur,
1364 2100 1514 2141 suam

27 2200 179 2243 atem
219 2198 273 2243 et
315 2186 608 2258 potentiam
646 2183 941 2237 addiscunt.
986 2180 1098 2235 lloc
1145 2190 1329 2249 postea
1372 2188 1424 2232 et
1462 2177 1516 2230 in

27 2294 162 2353 yptu
202 2280 323 2335 fecit
354 2297 367 2333 :
402 2279 504 2332 illis
533 2277 673 2332 cuitu
707 2289 891 2345 pcenas
922 2270 1217 2341 irrogabat,
1246 2267 1515 2324 lsraelitas

28 2395 43 2430 ›
90 2376 297 2428 ilhesos
344 2368 716 2425 conservabat.
764 2365 1048 2420 Discebant
1089 2362 1232 2417 enim
1278 2375 1381 2414 non
1422 2374 1510 2413 so-

73 2483 175 2536 per
218 2464 635 2535 indignationem
678 2459 809 2522 Dei,
841 2472 941 2527 qua
983 2454 1079 2526 ipsi
1126 2452 1513 2523 puniebantur,

28 2560 164 2613 tium
190 2556 408 2626 Opilicis
435 2554 724 2615 virtutem,
761 2548 852 2603 sed
882 2548 1040 2601 etiam
1071 2560 1166 2615 per
1198 2542 1517 2598 sollicitudi-

28 2668 41 2704 I
80 2667 243 2720 quam
284 2649 340 2702 in
380 2645 497 2700 illos
524 2642 826 2705 exhibebat.
859 2640 925 2694 Et
954 2638 1147 2692 iterum
1174 2651 1276 2690 non
1305 2650 1369 2689 ex
1405 2634 1517 2689 sola

27 2743 254 2798 videntia
286 2751 339 2795 et
376 2737 765 2798 sollicitudine,
799 2748 954 2804 quam
982 2730 1406 2801 experiebantur,
1439 2728 1521 2781 di-

28 2846 147 2891 aant
191 2835 461 2905 ingentem
500 2830 593 2887 Dei
623 2828 914 2884 bonitatem
944 2843 959 2880 :
990 2823 1083 2878 sed
1116 2822 1273 2875 etiam
1303 2834 1399 2889 per
1427 2833 1521 2873 eos

28 2945 115 2983 ous
153 2925 394 2997 quotidie
436 2922 683 2977 videbant
709 2926 787 2973 tot
820 2918 998 2987 plagas
1026 2913 1266 2984 irrogari.
1298 2912 1399 2965 Per
1425 2924 1519 2964 ea-

28 3039 43 3075 l
68 3021 219 3075 enim
248 3031 410 3087 opera
437 3025 489 3069 et
517 3012 647 3078 suis,
675 3020 728 3066 et
763 3005 1082 3063 adversariis
1113 3003 1379 3059 indicabat
1407 3016 1518 3055 sua:

28 3114 177 3167 entia:
226 3106 667 3178 magnitudinem.
720 3101 853 3156 Nam
896 3100 1160 3154 elementa
1208 3097 1320 3165 ipsa
1364 3107 1518 3147 suum

27 3203 283 3258 tisterium
333 3209 387 3255 et
432 3196 749 3267 obsequium
791 3191 1066 3247 conservis
1115 3189 1517 3247 demonstrant,

30 3294 136 3349 ndo
166 3291 428 3347 benevole
469 3289 724 3343 Dominus
749 3299 871 3353 erga
901 3282 1019 3335 illos
1046 3278 1296 3334 afficitur.
1327 3276 1396 3331 Et
1421 3275 1522 3329 hoc

27 3402 106 3458 [ne
148 3382 343 3440 viderit
382 3381 501 3452 quis
546 3378 668 3434 huic
711 3376 856 3446 justo
904 3373 1232 3441 contingere.
1284 3368 1338 3423 ld
1378 3367 1522 3423 enim

33 3481 65 3536 d
106 3477 311 3548 alioqui
356 3485 540 3530 natura
584 3482 739 3527 terra:
778 3485 882 3523 non
922 3465 1137 3531 habuit,
1172 3464 1273 3517 hoc
1308 3470 1524 3531 propter

28 3575 241 3628 :nlatum
270 3570 635 3624 universorum
670 3563 759 3618 Dei
792 3576 931 3615 nunc
965 3557 1165 3628 profert
1190 3564 1333 3609 tanta
1361 3553 1521 3607 uber-

27 3685 61 3730 e,
105 3673 163 3717 ut
204 3668 426 3732 repente
468 3657 619 3710 valde
658 3653 848 3723 opibus
889 3648 1165 3703 abundans
1201 3645 1421 3701 effectus
1455 3643 1525 3697 sit

27 3770 91 3810 lC.
120 3752 391 3807 Benedixit
419 3749 580 3813 enim,
608 3744 808 3815 inquit,
841 3758 952 3795 eum
980 3739 1118 3794 Deus
1138 3781 1151 3804 ,
1184 3738 1272 3791 l5.
1302 3746 1347 3793 et
1377 3733 1523 3789 exat-

28 3866 59 3902 ts
83 3858 156 3904 est
186 3828 358 3911 homo,
381 3856 426 3899 ct
453 3841 729 3914 procedens
754 3839 918 3907 major
938 3832 1106 3904 fiebat,
1132 3833 1289 3887 donec
1312 3845 1524 3900 magnus

28 3956 92 3995 ius
131 3950 207 3994 est
243 3938 409 3991 valde.
442 3935 571 3990 Nam
598 3933 719 4003 quia
750 3940 875 3986 tunc
903 3926 1225 3983 abundantia
1258 3924 1522 3995 justorum

27 4046 42 4088 t
72 4036 124 4088 in
157 4032 435 4088 fertilitate
464 4039 619 4082 terra:
639 4068 654 4089 ,
683 4035 737 4080 et
763 4025 815 4079 in
847 4020 1185 4077 multitudine
1223 4031 1474 4088 pecorum
1508 4032 1522 4070 :

29 4139 214 4198 pterea
254 4124 382 4179 dicit
401 4162 415 4186 ,
450 4118 713 4175 Benedixit
741 4133 855 4171 eum
887 4114 1025 4171 Deus
1048 4155 1064 4181 ,
1094 4122 1139 4166 et
1173 4109 1424 4165 excitatus
1453 4117 1526 4169 est

27 4239 82 4275 uo
103 4263 118 4287 ,
148 4219 205 4273 id
230 4228 313 4273 est
332 4258 348 4281 ,
377 4212 664 4270 abundavit
693 4227 707 4264 :
734 4217 789 4262 et
815 4222 919 4262 non
950 4204 1262 4275 simpliciter
1291 4199 1526 4257 abunda-

28 4356 40 4379 ,
71 4312 169 4366 sed
204 4319 257 4365 et
289 4306 490 4378 Major,
522 4302 733 4373 inquit,
760 4301 908 4369 ﬁebat
936 4300 1091 4351 donec
1116 4309 1328 4365 magnus
1361 4292 1526 4360 [actus

30 4406 199 4460 valde.
232 4399 524 4457 Considera
552 4395 693 4452 enim
722 4401 979 4463 quantum
1020 4388 1126 4454 sit,
1167 4401 1263 4457 pro
1304 4385 1368 4449 iis
1407 4398 1527 4453 quae

28 4498 233 4552 libabat
257 4491 563 4561 centuplum
593 4487 857 4556 accipere.
889 4480 1040 4551 Quod
1078 4478 1125 4534 si
1160 4478 1261 4533 hoc
1287 4476 1377 4532 tibi
1408 4491 1523 4532 ma-

27 4612 95 4649 tm
124 4592 356 4654 videtur,
381 4584 657 4642 considera
686 4581 1001 4636 immensam
1032 4574 1122 4627 Dei
1150 4570 1489 4626 clementiam
1509 4608 1525 4635 ,

27 4705 93 4742 un
119 4696 377 4756 processu
403 4676 658 4747 temporis
687 4686 810 4742 erga
840 4684 936 4723 nos
960 4663 1265 4721 declaravit.
1290 4662 1361 4717 lis
1385 4660 1529 4717 enim

53 4754 177 4850 post
198 4777 313 4846 ejus
339 4772 627 4827 adventum
653 4767 902 4821 virtutem
930 4767 1201 4823 exercent,
1225 4773 1328 4810 non
1357 4754 1529 4808 solum

27 4871 248 4940 duplum
288 4867 375 4920 hic
417 4859 710 4931 promittit,
740 4855 832 4911 sed
863 4863 915 4908 et
947 4853 1111 4906 vitam
1149 4860 1407 4901 mteruam
1429 4884 1443 4905 ,
1477 4852 1532 4897 et

28 4964 84 5017 ni
100 4935 364 5017 rariorum
392 4950 803 5026 possessionem.
828 4942 1016 4999 Vidisti
1042 4939 1411 4994 liberalitatem
1432 4935 1532 4989 Du-

28 5058 103 5111 ai?
138 5051 323 5108 vidisti
354 5043 718 5104 beneﬁcentia:
745 5033 1127 5110 augmentum?
1156 5032 1334 5086 vidisti
1365 5045 1531 5100 quan-

27 5166 51 5203 n
82 5146 239 5201 nobis
274 5142 495 5211 largitus
520 5147 603 5192 est
631 5130 886 5204 unigeniti
927 5127 1051 5185 Filii
1091 5124 1183 5180 Dei
1227 5120 1532 5178 adventus?

32 5240 209 5295 tmodo
237 5233 559 5290 ineffabilem
585 5240 765 5283 rerum
793 5220 1260 5279 commutationem
1285 5221 1533 5284 operatus

42 5334 63 5385 ἲ
104 5332 231 5385 llzec
272 5326 431 5396 igitur
469 5318 833 5389 unusquisque
867 5312 1005 5383 apud
1036 5325 1095 5365 se
1118 5307 1454 5379 expendens,
1482 5313 1534 5359 et

28 5441 129 5479 iens
154 5418 509 5478 differentiam
536 5414 675 5468 inter
697 5426 758 5465 ea
782 5423 899 5478 qua:
924 5406 1027 5460 illis
1050 5413 1173 5457 ante
1196 5400 1377 5472 gratia:
1405 5408 1531 5453 tem-

27 5536 47 5573 s
87 5512 328 5587 promitti
365 5506 640 5569 solebant,
670 5511 725 5557 et
766 5515 828 5553 ca
866 5512 985 5568 qum
1023 5508 1162 5549 nunc
1197 5500 1317 5587 post
1354 5487 1536 5587 gratiae

27 5580 177 5679 opus,
206 5603 465 5677 glorificet
489 5598 651 5654 etiam
677 5596 731 5648 in
765 5593 866 5646 hoc
894 5589 1209 5645 immensam
1235 5582 1350 5654 ejus
1377 5580 1537 5679 mise-

28 5671 235 5758 o'rdiani
256 5740 269 5763 ,
300 5704 357 5751 et
392 5708 461 5748 nc
492 5699 788 5759 temporum
826 5677 1106 5737 mutationi
1135 5685 1303 5730 totum
1338 5671 1538 5726 adscri~

28 5806 59 5852 ι.
93 5796 156 5852 At
186 5806 277 5865 par
306 5797 384 5843 est
411 5794 469 5840 ut
499 5780 567 5837 ad
605 5766 800 5835 seriem
841 5769 1103 5829 sermonis
1140 5765 1418 5823 redeamus
1439 5801 1453 5828 ,
1483 5769 1536 5816 ut

3111 365 3214 422 ἅδε

1637 448 1907 507 videamus
1941 458 2206 523 quomodo
2247 459 2515 519 Gerareni,
2546 466 2782 523 videntes
2818 471 3037 529 affluere
3072 476 3216 544 justo

1628 553 1791 608 opes,
1826 543 1877 596 in
1917 549 2310 605 mmulationem
2358 559 2629 622 provocati
2670 560 2884 630 abigere
2925 581 3046 619 eum
3077 543 3215 623 inde

1628 632 1802 726 conati
1828 645 1971 726 sunt.
2008 638 2092 698 14,
2124 638 2380 695 Αέηηιιαιὶ
2400 655 2514 697 sunt
2540 648 2672 699 enim
2699 667 2826 711 eunt,
2854 652 3043 721 inquit,
3072 655 3211 726 Phy-

1628 723 1818 777 listiim.
1852 725 2047 783 Deinde
2072 742 2371 789 monstrare
2404 738 2590 793 volens
2616 741 2888 811 Scriptura
2920 747 3127 811 divina,
3159 723 3213 803 in

1626 827 1732 881 quo
1751 817 2145 874 :cmulationem
2164 821 2524 892 declararunt,
2549 831 2781 887 subdidit
2805 851 2818 886 :
2846 838 2931 891 15.
2958 837 3023 890 Ει
3044 855 3213 894 omnes

1626 913 1804 971 puteos
1823 946 1838 972 ,
1865 924 1990 977 quos
2015 908 2295 977 effoderunt
2319 917 2448 969 servi
2476 929 2696 989 tempore
2716 926 2873 992 patris
2900 944 3008 996 ejus
3026 969 3042 995 ,
3070 930 3213 982 obtu-

1622 1008 1883 1059 raverunt,
1915 1010 1961 1052 et
1991 1000 2322 1070 impleverunt
2350 1014 2504 1060 terra.

1696 1085 1897 1141 Invidia
1941 1089 2309 1148 Gerarenorum
2337 1108 2545 1164 quanta.
2571 1132 2635 1142 -—
2662 1103 2951 1161 Considera
2998 1123 3192 1179 quanta

1623 1177 1837 1232 illorum
1862 1180 2155 1236 incolarum
2182 1186 2417 1252 malitia,
2445 1189 2536 1257 qui
2585 1202 2637 1245 et
2678 1208 2843 1262 aquas
2882 1177 3030 1265 justo
3070 1202 3207 1255 invi-

1622 1267 1787 1323 dent:
1821 1286 1992 1339 neque
2021 1288 2114 1327 rex
2139 1315 2153 1339 ,
2180 1276 2267 1343 qui
2309 1276 2361 1330 in
2389 1287 2531 1332 tanta
2580 1291 2841 1350 potestate
2883 1300 2998 1342 erat
3023 1331 3036 1352 ,
3072 1292 3208 1344 invi-

1621 1360 1761 1415 diam
1804 1363 1820 1393 ¹
1843 1364 2118 1419 continere
2158 1369 2362 1435 potuit;
2397 1370 2491 1424 sed
2536 1372 2665 1426 dicit
2697 1395 2709 1426 :
2748 1376 2833 1430 16.
2863 1379 2956 1431 Abi
2993 1383 3204 1445 anobis,

1620 1455 1739 1522 quia
1771 1456 2021 1523 potentior
2046 1459 2185 1512 nobis
2207 1462 2370 1530 factus
2393 1478 2444 1517 es
2468 1465 2633 1518 valde.
2673 1466 2857 1537 Magna
2885 1471 3208 1526 malevolen—

1627 1546 1718 1598 tia.
1749 1546 1910 1613 Cujus
1936 1549 2103 1616 gratia
2132 1551 2299 1620 abigis
2316 1552 2517 1621 justum
2545 1556 2568 1608 ?
2601 1574 2723 1611 num
2752 1559 2923 1629 aliqua
2952 1562 3002 1616 in
3030 1578 3087 1617 re
3114 1564 3211 1619 tibi

1621 1637 1839 1690 nocuit?
1879 1652 2005 1691 num
2031 1639 2274 1708 injuriam
2298 1642 2517 1698 intulit?
2547 1644 2650 1699 Sed
2686 1648 2754 1701 ita
2791 1663 2851 1704 se
2881 1650 3039 1707 habet
3070 1653 3208 1707 invi-

1619 1729 1738 1793 dia;
1766 1729 1897 1783 nihil
1920 1747 2040 1785 cum
2070 1733 2277 1788 ratione
2305 1746 2575 1805 operatur.
2602 1742 2729 1794 Cum
2757 1743 2897 1796 cnitn
2937 1748 3207 1813 oportuis-

1619 1830 1700 1874 set
1719 1836 1862 1887 cum,
1891 1838 2046 1891 quem
2071 1824 2283 1879 videbat
2312 1837 2454 1881 tanta
2485 1833 2721 1885 omnium
2755 1835 2845 1890 Dei
2876 1836 3204 1893 benevolen-

1620 1912 1690 1966 tia
1736 1910 2021 1981 fruentem,
2050 1917 2218 1985 magis
2250 1916 2431 1973 fovere
2470 1930 2524 1974 et
2548 1923 2758 1989 colere,
2792 1936 2848 1980 ut
2899 1927 3101 1984 honore
3152 1929 3207 1986 in

1620 2003 1766 2057 illum
1795 2004 1990 2059 collato
2008 2045 2023 2069 ,
2052 2007 2211 2060 etiam
2239 2006 2352 2076 ipse
2373 2009 2607 2065 divinum
2634 2013 2731 2067 sibi
2758 2014 2996 2071 favorem
3025 2020 3207 2074 conci-

1619 2092 1773 2147 liaret
1805 2093 1935 2148 :ille
1978 2110 2083 2148 non
2115 2095 2288 2150 solum
2322 2097 2423 2153 hoc
2462 2115 2568 2153 non
2618 2100 2779 2169 facit,
2808 2106 2901 2159 sed
2944 2108 3209 2176 expellere

1620 2193 1788 2239 teulat
1817 2199 1879 2239 ac
1906 2184 2034 2239 dicit
2063 2203 2075 2237 τ
2102 2185 2190 2240 16.
2223 2186 2318 2239 Abi
2359 2204 2390 2240 a
2419 2190 2581 2256 nobis,
2610 2192 2728 2259 quia
2773 2196 2929 2247 multo
2960 2197 3209 2263 potentior

1619 2278 1789 2345 factus
1808 2291 1880 2341 es,
1912 2291 2063 2344 quam
2084 2292 2176 2329 nos
2197 2293 2390 2331 sumus.
2422 2276 2497 2332 Ita
2524 2294 2681 2349 agerc
2719 2283 2856 2336 solet
2881 2285 3205 2347 invidentia:

1624 2381 1730 2419 non
1765 2374 1944 2435 potest
1982 2366 2210 2436 benigne
2262 2367 2441 2422 videre
2482 2370 2704 2424 aliorum
2733 2370 3042 2428 felicitatem
3066 2416 3081 2441 ,
3114 2368 3227 2430 sed

1624 2457 1928 2512 felicitatem
1953 2457 2178 2526 proximi
2208 2472 2359 2512 suam
2391 2468 2538 2528 putat
2564 2460 2949 2528 infelicitatem,
2979 2474 3032 2519 et
3063 2466 3208 2520 tabe-

1622 2548 1723 2600 scit
1753 2546 1906 2602 bonis
1931 2546 2161 2616 proximi
2186 2565 2198 2600 :
2229 2547 2281 2601 id
2303 2549 2444 2617 quod
2473 2558 2522 2603 et
2554 2550 2640 2604 hic
2664 2552 2873 2606 accidit.
2907 2554 3017 2608 Rex
3041 2555 3229 2620 enim,‘

1622 2638 1722 2693 sub
1742 2639 1892 2708 cujus
1921 2646 2181 2707 potestate
2209 2647 2313 2694 tota
2336 2641 2522 2695 civitas
2550 2651 2685 2708 erat,
2716 2652 2767 2696 et
2794 2644 2994 2699 habens
3022 2661 3208 2702 omnes

1623 2730 1722 2783 sub
1746 2744 1903 2783 manu
1933 2744 2049 2795 sua,
2081 2731 2384 2799 peregrino,
2416 2746 2571 2802 vago,
2604 2732 2706 2787 huc
2734 2743 2786 2788 et
2817 2735 2941 2790 illuc
2961 2734 3227 2806 migranti

1621 2822 1750 2877 dicit
1778 2822 1911 2877 :Abi
1934 2839 1964 2875 a
1989 2822 2131 2876 nobis
2155 2863 2169 2885 ,
2196 2824 2315 2894 quia
2359 2826 2608 2894 potentior
2632 2828 2798 2897 factus
2828 2844 2901 2891 es,
2928 2845 3076 2898 quam
3117 2847 3209 2883 nos

1623 2930 1812 2968 sumus.
1843 2912 1911 2967 Et
1950 2928 2073 2967 vere
2101 2914 2368 2982 potentior
2388 2923 2535 2980 erat,
2572 2930 2859 2985 supernum
2902 2920 3206 2989 prmsidium

1626 3005 1828 3059 habens
1876 3004 1927 3058 in
1976 3003 2245 3072 omnibus,
2273 3004 2603 3077 dexteraque
2649 3008 2741 3062 Dei
2785 3010 3037 3063 munitus.
3092 3012 3208 3077 Quo

1625 3096 1785 3167 igitur
1817 3096 1986 3167 abigis
2009 3096 2210 3166 justum
2233 3095 2258 3148 ?
2283 3097 2497 3167 ignoras
2535 3098 2673 3168 quod
2710 3114 3045 3169 quocumque
3087 3116 3207 3155 eum

1624 3189 1701 3243 ire
1725 3188 1985 3258 coegeris,
2022 3203 2236 3258 semper
2259 3188 2359 3243 erit
2389 3189 2439 3242 in
2464 3188 2526 3242 iis
2550 3204 2669 3258 qua:
2702 3189 2908 3243 Domini
2936 3190 3017 3244 sui
3042 3192 3209 3244 sunt?

1625 3295 1731 3334 non
1758 3278 1941 3333 docuit
1984 3289 2037 3335 te
2076 3294 2256 3334 rerum
2286 3280 2611 3348 experientia
2634 3322 2647 3343 ,
2677 3280 2771 3335 Dei
2821 3296 3036 3335 manum
3067 3295 3206 3346 esse,

1624 3385 1743 3439 qua:
1770 3370 2030 3423 illustrem
2060 3369 2183 3423 facit
2211 3378 2265 3424 et
2292 3378 2572 3424 conservat
2591 3370 2793 3439 justum
2814 3371 3030 3438 ?Quare
3053 3372 3210 3438 igitur

1623 3458 1887 3530 abigendo
1911 3459 2140 3529 justum,
2172 3474 2297 3530 erga
2343 3459 2625 3514 Dominum
2673 3461 2790 3530 ejus
2845 3471 2898 3516 te
2940 3466 3209 3530 ingratum

1630 3550 1909 3605 declaras?
1932 3559 1985 3604 et
2010 3565 2182 3620 neque
2207 3564 2396 3620 magna
2418 3551 2516 3604 viri
2548 3550 2900 3605 mansuetudo
2928 3559 3070 3604 tuam
3108 3551 3207 3605 do-

1625 3657 1774 3697 mare
1801 3641 1975 3712 potuit
2016 3642 2291 3708 invidiam,
2322 3641 2415 3696 sed
2446 3642 2616 3695 victus
2652 3656 2681 3695 a
2724 3643 2930 3703 morbo,
2958 3641 3209 3697 invidiam

1626 3750 1789 3806 opere
1809 3734 2067 3803 comples,
2097 3743 2151 3788 et
2177 3734 2366 3788 iterum
2395 3732 2623 3802 migrare
2666 3747 2788 3786 eum
2818 3732 2994 3801 cogis,
3021 3733 3109 3801 qni
3154 3748 3209 3787 tn

1626 3828 1774 3883 nullo
1797 3835 1846 3880 te
1872 3826 2045 3880 laesit?
2072 3824 2259 3880 Nescis
2276 3824 2416 3893 quod
2448 3824 2572 3878 licet
2601 3824 2653 3877 in
2686 3823 3004 3892 ipsissimam
3028 3824 3212 3877 solitu-

1626 3918 1807 3974 dinem
1837 3931 1960 3970 eum
1998 3915 2215 3986 fugaris,
2245 3914 2407 3969 habet
2436 3923 2610 3969 tamen
2654 3914 2723 3968 ita
2753 3914 3004 3970 solertem
3033 3915 3211 3969 Domi-

1626 4026 1775 4076 num,
1798 4020 1855 4064 ut
1874 4023 1933 4064 se
1953 4008 2035 4063 vel
2058 4007 2164 4061 illic
2183 4012 2484 4061 versantem
2500 4005 2668 4059 multo
2688 4004 2964 4073 clariorem
2986 4004 3212 4061 reddere

1627 4102 1832 4174 possit?
1847 4100 1986 4156 Nihil
2005 4100 2145 4156 enim
2162 4099 2430 4154 robustius
2447 4113 2511 4153 eo
2527 4098 2611 4168 qui
2632 4097 2820 4152 fruitur
2838 4112 3069 4165 superno
3082 4112 3210 4166 prte-

1627 4196 1763 4253 sldio
1787 4211 1800 4248 :
1825 4195 1963 4250 sicut
1978 4191 2377 4247 nihilinflrmius
2395 4205 2460 4247 eo
2473 4190 2558 4261 qui
2581 4190 2664 4244 tali
2680 4190 2874 4243 auxilio
2887 4188 3209 4244 destituitur.

1698 4287 1754 4340 2.
1797 4285 1946 4339 Nihil
1970 4283 2221 4338 robustius
2246 4299 2301 4336 eo
2329 4286 2479 4349 quem
2517 4279 2652 4334 Deus
2682 4280 2849 4351 juvat.
2878 4310 2950 4320 —-
2978 4279 3168 4333 Vidisti
3191 4322 3206 4342 ,

1630 4379 1850 4445 dilecte,
1878 4386 1934 4432 et
1953 4377 2093 4447 regis
2116 4375 2470 4438 Gerarorum,
2499 4381 2553 4428 et
2582 4372 2819 4427 omnium
2840 4370 2929 4441 qui
2958 4370 3027 4426 ibi
3064 4371 3215 4425 habi-

1634 4470 1816 4525 tabant
1837 4467 2030 4524 mentis
2057 4464 2351 4520 malitiam?
2376 4462 2508 4518 Vide
2535 4472 2589 4517 et
2611 4461 2737 4531 justi
2785 4476 3029 4530 magnam
3058 4475 3213 4514 man-

1630 4561 1987 4623 suetudinem,
2015 4555 2286 4628 quomodo
2316 4569 2421 4610 non
2456 4552 2767 4622 superbivit,
2817 4566 2989 4621 neque
3026 4551 3213 4606 videns

1631 4654 1806 4723 reipsa
1832 4650 2068 4705 divinam
2098 4645 2198 4701 sibi
2226 4647 2449 4716 gratiam
2479 4643 2767 4708 assistere,
2801 4651 2984 4697 contra
3010 4656 3214 4712 regem,

1632 4744 1798 4801 fretus
1822 4738 2221 4797 connnilitantis
2248 4736 2465 4801 virtute,
2493 4724 2778 4788 insurrexit
2802 4749 2814 4785 :
2841 4732 2933 4787 sed
2960 4732 3109 4801 quasi
3134 4734 3220 4786 vir

1634 4835 1777 4891 omni
1810 4831 2104 4904 patrocinio
2130 4842 2341 4893 carens,
2373 4835 2427 4881 et
2456 4824 2660 4879 nullum
2690 4822 2941 4876 auxilium
2972 4821 3218 4875 alicunde

1634 4933 1969 4996 exspectans,
2003 4921 2168 4975 multa
2194 4934 2314 4973 cum
2348 4914 2772 4977 mansuetudine,
2806 4928 2873 4967 ne
2897 4911 3071 4965 verbis
3096 4912 3216 4980 qui-

1634 5014 1757 5092 dem
1784 5019 2035 5074 resistens
2056 5055 2069 5078 ,
2125 5010 2349 5067 faciebat
2371 5008 2512 5080 quod
2538 5007 2638 5062 sibi
2663 5020 2694 5059 a
2721 5020 2844 5074 rege
2876 5003 3220 5074 praecipieba-

1639 5125 1723 5169 tur
1746 5154 1761 5179 ,
1792 5120 1846 5165 et
1873 5108 2050 5163 statim
2077 5106 2222 5160 illinc
2249 5101 2494 5158 discessit
2519 5118 2532 5154 :
2560 5109 2609 5153 et
2636 5099 2859 5153 ulterius
2881 5110 3217 5167 progressus,

1638 5202 1893 5275 repressit
1934 5193 2260 5269 aegritudinis
2313 5192 2580 5247 flammam
2607 5230 2621 5249 .
2666 5187 2825 5242 simul
2873 5195 2929 5242 et
2967 5186 3216 5241 eximiam

1636 5311 1785 5352 suam
1817 5289 2271 5348 mansuetudinem
2301 5284 2599 5348 declarans,
2618 5290 2671 5337 et
2696 5281 2835 5335 illius
2855 5278 3216 5350 perturbatum

1640 5389 1873 5444 animum
1901 5384 2169 5451 mitigans.
2203 5378 2290 5432 Π.
2326 5375 2390 5429 Et
2443 5374 2564 5427 abiit
2617 5372 2752 5437 inde,
2797 5380 2843 5424 et
2886 5369 3128 5423 habitavit
3164 5370 3218 5422 in

1638 5481 1767 5537 vutte
1794 5477 2121 5533 Gerarorum.
2169 5470 2234 5525 Et
2262 5468 2313 5524 id
2340 5465 2481 5539 quod
2525 5462 2797 5533 discipulis
2822 5463 2934 5517 suis
2970 5459 3220 5515 omnibus

1640 5573 1883 5631 Christus
1921 5565 2210 5623 adveniens
2245 5559 2503 5632 prrecipit,
2533 5556 2755 5612 dicens:
2788 5552 3005 5622 Quando
3051 5565 3219 5621 perse-

1640 5674 1852 5739 quentur
1888 5677 1996 5727 vos,
2040 5658 2195 5730 fugite
2242 5656 2295 5709 in
2323 5652 2480 5706 alium
2516 5651 2680 5704 locum
2722 5645 2935 5720 (Matth.
2961 5645 3047 5703 10.
3076 5644 3169 5715 23)
3199 5659 3214 5697 :

1702 5766 1718 5798 ί
1755 5770 1957 5826 Quatuor
1979 5766 2109 5820 Mss,
2133 5751 2521 5819 incr‘epationem.
