3782 6250
549 310 655 366 ι59

549 421 648 475 hoc
671 420 760 473 ille
784 418 893 487 jam
918 414 1165 485 operibus
1190 412 1488 471 exhibebat.
1519 412 1582 464 Et
1607 410 1747 464 sicut
1776 407 1937 462 David
1972 407 2106 462 Saft-

552 512 616 565 lis
638 524 881 579 magnam
906 507 1154 561 invidiam
1185 502 1537 572 reprimebat,
1565 499 1820 555 secedens
1839 509 1893 553 et
1916 496 2116 553 subdu-

544 616 673 653 ccns
692 615 770 661 se.
800 608 853 652 et
885 596 1023 649 illius
1050 593 1400 663 refrigerabat
1434 590 1677 645 ardorem
1706 589 1780 660 (1.
1814 586 1940 656 Reg.
1974 585 2074 655 19)
2101 601 2113 637 :

543 692 732 746 eodem
758 703 886 743 sane
906 686 1066 741 modo
1085 695 1141 740 et
1160 685 1332 752 justus
1355 684 1443 738 ille
1469 682 1817 751 apostolicum
1859 679 1989 734 illud
2017 678 2119 732 im-

541 783 717 852 plebat
740 798 755 834 :
783 778 917 842 Date
941 781 1106 833 locum
1126 779 1215 832 εγω
1245 775 1416 846 (Rom.
1437 774 1525 831 12.
1552 773 1638 843 19)
1666 789 1680 825 :
1709 780 1765 828 et
1788 771 1969 826 relicta
1990 770 2117 824 civi-

540 884 668 937 tate,
696 873 824 928 exiit
848 873 899 927 in
922 871 1136 924 vallem.
1161 870 1423 926 Caeterum
1459 867 1578 921 vide
1602 874 1850 935 quantam
1877 863 1983 917 illic
2011 862 2111 919 ite-

539 980 659 1019 rum
712 962 1167 1017 mansuetudinem
1206 974 1316 1027 prae
1356 973 1417 1013 se
1452 957 1590 1012 tulit.
1636 955 1819 1024 Neque
1858 955 1999 1009 enim
2030 953 2116 1009 hic

539 1056 660 1110 finis
684 1054 781 1109 fuit
807 1053 1166 1108 molestiarum
1198 1067 1212 1104 :
1242 1064 1367 1106 nam
1391 1063 1510 1102 cum
1539 1046 1698 1103 etiam
1726 1046 1831 1100 illic
1856 1055 1998 1100 esset
2017 1086 2032 1107 .
2060 1053 2115 1099 et

539 1148 713 1203 fontes
728 1146 961 1203 effodere
977 1145 1156 1207 vellet,
1177 1142 1318 1197 rixas
1336 1147 1634 1195 moverunt.
1662 1139 1746 1193 l8.
1772 1137 1926 1191 Fodit
1946 1137 2110 1199 enim,

539 1239 729 1308 inquit,
752 1247 963 1307 puteos,
991 1252 1114 1303 quos
1158 1244 1273 1286 ante
1316 1232 1457 1301 pueri
1498 1231 1656 1299 patris
1702 1231 1810 1299 ejus
1851 1230 2108 1297 fecerant,

534 1339 583 1383 et
611 1328 959 1382 obturaverunt
987 1325 1297 1395 Pliylistiim,
1328 1332 1375 1375 et
1396 1322 1630 1390 imposuit
1655 1321 1726 1375 eis
1751 1320 1974 1383 nomina,
2001 1334 2115 1389 qtae

535 1432 679 1491 pater
703 1437 824 1473 suus
850 1420 1176 1485 imposuerat.
1214 1414 1299 1470 19.
1332 1413 1395 1468 Et
1423 1413 1678 1484 foderunt,
1711 1411 1880 1480 inquit
1906 1451 1921 1474 ,
1970 1412 2111 1480 pueri

534 1512 706 1577 Isaac,
737 1521 784 1564 et
816 1511 1103 1562 invenerunt
1140 1514 1343 1576 puteum
1386 1519 1529 1569 aqua:
1570 1502 1775 1557 viventis
1814 1518 1832 1556 :
1866 1502 1965 1555 hoc
1991 1509 2107 1566 est,

533 1601 720 1654 subtus
746 1598 1098 1654 scaturientis.
1128 1595 1219 1649 20.
1250 1594 1317 1648 Et
1341 1594 1659 1665 litigaverunt
1688 1601 1913 1662 pastores
1951 1590 2110 1646 Cera-

531 1707 724 1753 rorunt,
759 1690 975 1742 dicentes
1001 1704 1119 1740 suas
1145 1702 1250 1739 esse
1273 1700 1451 1753 aquas.

603 1778 939 1833 Mansuetudo
958 1792 1073 1830 vera
1092 1790 1222 1845 quin.
1239 1773 1494 1828 Patientia
1512 1772 1699 1827 Isaaci.
1713 1772 1881 1827 ——Hie
1900 1787 2109 1843 quoque

531 1870 662 1924 nihil
702 1867 977 1922 contendit
1018 1868 1229 1935 justus,
1259 1880 1428 1934 neque
1453 1864 1774 1928 obluctatur,
1802 1863 1895 1918 sed
1944 1864 2105 1918 etiam

530 1960 831 2029 pastoribus
859 1958 1019 2013 cedit.
1042 1958 1164 2011 llaec
1193 1957 1335 2011 enim
1366 1972 1489 2010 vere
1506 1955 1857 2012 mansuetudo
1877 1964 1980 2019 est,
2001 1971 2103 2009 non

529 2050 744 2119 quando
774 2050 893 2119 quis
917 2048 1152 2103 offensus
1180 2063 1207 2101 a
1240 2049 1624 2118 potentioribus
1652 2059 1930 2103 mansuete
1959 2046 2060 2103 fert
2088 2066 2101 2102 :

526 2141 617 2194 sed
650 2140 857 2210 quando
880 2138 999 2207 quis
1044 2138 1111 2192 ab
1139 2138 1204 2192 iis
1247 2138 1406 2193 etiam
1437 2138 1524 2206 qui
1556 2137 1832 2193 inferiores
1856 2146 2106 2206 putantur

526 2231 760 2287 offensus
789 2231 929 2286 cedit
957 2248 970 2284 :
996 2240 1121 2286 tunc
1150 2230 1291 2285 enim
1318 2229 1433 2300 ejus
1461 2231 1551 2297 qui
1570 2228 1834 2284 invaditur
1854 2244 2105 2282 mansue-

527 2322 692 2376 tudini
719 2331 881 2375 totum
910 2321 1227 2376 adscribitur
1254 2338 1265 2373 :
1299 2336 1422 2375 nam
1452 2319 1582 2374 alias
1603 2319 1803 2374 diceret
1823 2321 1960 2389 quis,
1983 2335 2104 2373 eum

527 2414 982 2467 mansuetudinem
1010 2412 1290 2466 simulasse
1314 2453 1329 2478 ,
1360 2411 1481 2480 quia
1518 2426 1623 2464 non
1656 2419 1835 2479 posset
1858 2411 2105 2479 potentia:

525 2503 841 2558 offendentis
867 2504 1134 2556 resistere.
1168 2501 1273 2556 Sed
1303 2510 1359 2555 ut
1387 2502 1563 2557 discas
1587 2516 1707 2555 cum
1726 2501 1833 2570 regi
1855 2500 2101 2568 cessisse,

525 2611 631 2649 non
655 2603 867 2664 prOpter
886 2594 1172 2663 potentiam
1195 2593 1309 2663 ejus
1333 2634 1348 2658 ,
1380 2592 1475 2649 sed
1506 2608 1601 2647 suo
1625 2607 1774 2648 more
1807 2603 2053 2663 agentem
2087 2610 2100 2646 :

525 2684 647 2740 vide
677 2684 945 2753 quomodo
969 2684 1108 2741 idem
1136 2684 1273 2752 apud
1294 2693 1529 2753 pastores
1559 2682 1732 2738 faciat.
1760 2683 1826 2737 Et
1852 2683 1989 2737 sicut
2017 2683 2105 2737 ille

527 2781 761 2846 dicebat,
794 2774 990 2835 Recede
1039 2796 1071 2833 a
1113 2779 1255 2833 nobis
1286 2795 1305 2832 :
1336 2786 1390 2833 et
1444 2779 1643 2844 statim,
1688 2778 1841 2848 quasi
1885 2786 2105 2845 accepto

523 2876 811 2937 mandato,
849 2873 1105 2930 abscessit
1129 2892 1142 2927 :
1166 2874 1237 2927 ita
1276 2880 1331 2928 et
1356 2887 1524 2936 nunc,
1554 2872 1853 2941 pastoribus
1910 2870 2104 2926 laedere

522 2965 889 3034 cupientibus,
919 2974 973 3019 et
1026 2972 1242 3034 puteum
1282 2962 1382 3016 sibi
1429 2962 1848 3027 vindicantibus,
1880 2961 2100 3016 recedit.

527 3058 702 3125 Atque
749 3065 805 3109 ut
849 3063 1107 3125 perpetuo
1131 3054 1268 3107 hanc
1296 3053 1609 3122 injustitiam
1638 3056 1834 3107 scirent
1882 3053 2099 3120 posteri,

521 3160 715 3200 nomen
740 3145 963 3213 imponit
984 3153 1142 3214 puteo
1168 3160 1232 3198 ex
1262 3159 1327 3198 eo
1348 3143 1490 3211 quod
1515 3142 1795 3197 acciderat.
1817 3143 2101 3198 Enimvero

529 3238 650 3307 quia
681 3235 1014 3290 manifestam
1042 3234 1367 3287 admiserant
1394 3232 1725 3302 injustitiam,
1759 3231 1964 3286 Vocavit
2007 3249 2101 3284 no-

521 3341 635 3379 men
666 3325 840 3395 putei,
872 3322 996 3377 Loci
1043 3323 1310 3393 injustitia.
1348 3322 1416 3377 Et
1459 3332 1574 3377 erat
1601 3332 1818 3392 postea,
1846 3322 1995 3392 quasi
2047 3322 2102 3376 in

526 3416 773 3467 columna
795 3428 954 3476 terea,
985 3411 1213 3482 posteris
1244 3426 1435 3466 nomen
1466 3411 1567 3466 loci
1596 3411 1836 3465 doctrina
1872 3420 1927 3466 et
1953 3427 2101 3468 man-

522 3503 821 3558 suetudinis
843 3504 1003 3573 justi,
1037 3511 1092 3557 et
1119 3502 1411 3572 iniquitatis
1438 3502 1672 3557 illorum.
1718 3501 1927 3557 Nomen
1954 3504 2098 3558 enim

519 3594 620 3649 loci
654 3595 895 3660 faciebat,
941 3603 999 3649 ut
1021 3594 1260 3664 quisquis
1288 3602 1500 3663 rogaret
1525 3608 1812 3663 quarenam
1839 3594 1916 3648 sic
1938 3609 2100 3649 voca-

518 3698 687 3751 retur,
718 3686 948 3742 disceret
974 3694 1031 3741 et
1071 3685 1229 3755 hujus
1268 3684 1520 3739 virtutem
1545 3726 1561 3750 ,
1588 3692 1643 3739 et
1672 3684 1940 3755 ingentem
1977 3685 2098 3739 illo—

516 3791 635 3831 rum
677 3776 952 3830 malitiam.
994 3773 1614 3845 Animadverte,qu:eso,
1637 3774 1906 3845 quomodo
1934 3774 2097 3829 etiam

520 3869 608 3923 hic
635 3884 784 3923 suam
807 3876 996 3938 augeat
1018 3864 1288 3932 virtutem,
1316 3882 1413 3937 per
1436 3868 1612 3922 omnia
1639 3866 2098 3922 mansuetudinem

515 3974 667 4012 suam
703 3959 961 4013 exhibens
987 3999 1001 4023 ,
1031 3967 1086 4012 et
1116 3957 1190 4011 illi
1221 3958 1418 4028 ingenti
1456 3958 1711 4028 nequitia,
1741 3958 1900 4014 etiam
1948 3958 2098 4013 inviti

513 4050 713 4119 justum
746 4044 1092 4103 illustriorem
1137 4046 1363 4102 reddere
1409 4056 1669 4117 satagunt.
1720 4046 1902 4116 Neque
1953 4049 2097 4103 enim

515 4139 750 4194 contenti
778 4138 840 4191 iis
861 4153 980 4205 qua:
1015 4136 1269 4202 fecerant,
1295 4145 1571 4205 postquam
1600 4137 1759 4195 alium
1799 4136 2099 4193 effoderunt

514 4239 755 4300 puteum,
796 4228 986 4282 iterum
1026 4228 1244 4292 instant,
1276 4227 1553 4296 rixamque
1577 4235 1810 4280 movent.
1842 4227 1933 4282 21.
1960 4226 2097 4283 Pro-

516 4322 675 4391 [actus
701 4319 867 4381 enim,
891 4318 1082 4385 inquit,
1109 4317 1268 4382 illinc,
1303 4316 1431 4387 fodit
1461 4326 1665 4387 puteum
1694 4317 1852 4371 alium
1879 4335 1897 4373 :
1923 4319 2095 4389 litiga-

519 4415 638 4467 bunt
658 4421 827 4465 autem
855 4411 1005 4464 etiam
1026 4410 1087 4462 de
1113 4409 1224 4475 illo,
1251 4420 1296 4463 et
1324 4410 1598 4464 nominavit
1612 4426 1746 4476 eum,
1769 4409 2091 4466 Inimicitias.

515 4504 613 4559 llic
643 4505 833 4557 iterum
856 4503 1220 4557 animadverte
1241 4502 1369 4573 justi
1392 4502 1748 4573 prudentiam.
1779 4503 1894 4560 Non
1924 4508 2097 4560 omni-

514 4612 586 4651 no
637 4604 872 4664 puteum,
899 4604 955 4647 ut
1002 4594 1229 4657 videtur,
1272 4594 1628 4661 abstulerunt,
1661 4596 1755 4650 sed
1804 4596 2095 4651 contende-

512 4690 642 4743 bant
692 4704 705 4740 :
752 4696 805 4741 et
859 4687 969 4741 visa
1023 4684 1304 4739 manifesta
1358 4686 1656 4755 injustitia,
1709 4686 2093 4742 discesserunt.

513 4781 799 4850 Propterea
831 4779 1135 4835 Inimicitias
1160 4794 1283 4832 eum
1303 4780 1607 4849 appellavit,
1633 4779 1777 4849 quod
1796 4780 2096 4835 inimicitia-

508 4889 626 4931 rum
656 4873 845 4927 fuisset
871 4873 1101 4926 occasio.
1133 4872 1399 4926 Cmterum
1429 4872 1667 4942 quotidie
1701 4874 2089 4943 propemodum

511 4964 633 5018 talia
662 4964 840 5019 ferens
865 4962 933 5017 ab
963 4962 1028 5016 iis
1052 4962 1144 5033 qui
1172 4963 1447 5032 regionem
1475 4962 1776 5017 incolebant
1795 5004 1807 5027 ,
1839 4979 1946 5018 non
1970 4979 2095 5034 gra-

508 5059 671 5111 vatim
697 5058 837 5123 tulit,
866 5071 971 5110 non
1002 5056 1210 5125 abjecto
1240 5055 1335 5110 fuit
1364 5055 1566 5122 animo,
1598 5070 1702 5110 non
1726 5057 1977 5125 cogitavit
2003 5073 2092 5112 se-

508 5164 652 5213 cum,
675 5162 849 5217 neque
874 5146 1007 5201 dixit
1033 5164 1046 5201 :
1078 5147 1211 5201 Ecce
1238 5162 1306 5201 ne
1354 5157 1635 5217 puteorum
1661 5147 1871 5217 quidem
1912 5157 1968 5202 ut
1993 5150 2092 5204 sim

510 5239 777 5302 dominus,
808 5238 937 5292 mihi
962 5237 1119 5293 datur
1159 5256 1174 5293 :
1214 5253 1283 5293 an
1305 5254 1419 5293 noni
1438 5254 1670 5308 superno
1696 5239 1901 5293 auxilio
1925 5239 2091 5295 desti-

513 5338 656 5384 tutus
676 5346 792 5385 sum
813 5330 836 5382 ?
856 5345 923 5384 an
954 5346 1059 5383 non
1099 5330 1354 5384 Dominus
1382 5329 1587 5400 abjecta
1614 5345 1741 5384 cura
1763 5331 1867 5385 mei
1898 5332 2094 5387 oblitus

512 5421 637 5474 est?
673 5420 817 5476 Nihil
860 5421 1124 5491 ejusmodi
1169 5422 1255 5476 vel
1307 5421 1442 5476 dixit
1490 5423 1574 5477 vel
1628 5422 1879 5494 cogitavit
1934 5443 1948 5481 :
1999 5426 2094 5481 sed

512 5510 691 5565 omnia
718 5526 909 5581 magna
933 5525 1053 5567 eum
1089 5512 1497 5568 mansuetudine
1518 5512 1793 5579 toleravit,
1818 5523 1871 5568 et
1895 5514 2095 5571 idcirco

516 5603 708 5672 dignus
730 5603 825 5658 fuit
852 5602 1086 5671 habitus,
1118 5604 1208 5675 qui
1233 5604 1479 5675 ampliori
1508 5602 1687 5659 divino
1714 5605 1911 5660 auxilio
1939 5606 2093 5677 adju-

514 5702 745 5749 varetur.
793 5695 922 5749 Nam
954 5710 1068 5754 naee
1092 5711 1208 5767 qua:
1237 5703 1551 5763 evenerunt,
1573 5697 1907 5767 exercitatio,
1931 5707 1988 5755 ut
2016 5700 2091 5755 ita

1252 303 1309 359 S.
1348 298 1625 357 JOANNIS
1648 297 2122 355 CHRYSOSTOMI
2151 296 2470 353 ARCIIIEP.
2499 294 3029 352 CONSTANTINOP.
3661 300 3723 354 {lit

2225 406 2420 467 dicam.
2444 407 2653 462 virtutis
2686 406 2816 477 justi
2856 407 3023 463 fuere.
3059 407 3197 461 Dicit
3218 408 3358 463 enim
3383 426 3396 461 :
3418 408 3507 463 22.
3533 408 3735 480 Profectus

2225 495 2384 560 illinc,
2412 498 2539 566 fodit
2567 507 2771 566 puteum
2805 498 2984 561 alium,
3034 507 3081 551 et
3118 514 3220 550 non
3258 500 3600 553 contenderunt
3630 519 3745 579 δίψει1

2223 586 2313 639 illo
2339 602 2358 639 :
2388 596 2433 640 et
2454 589 2791 658 agnominavit
2818 605 2999 645 nomen
3017 592 3126 659 ejus
3148 629 3164 653 ,
3192 589 3550 653 Latitudinem,
3577 592 3745 657 dicerint

2227 674 2359 741 Quia
2384 694 2516 730 nunc
2537 678 2765 731 dilatavit
2786 696 2879 732 nos
2906 678 3157 734 Dominus
3176 719 3193 744 ,
3223 689 3269 733 et
3293 696 3513 735 crescere
3548 699 3625 735 nos
3658 685 3745 753 fecit

2223 783 2374 835 super
2405 778 2616 822 terram.
3744 826 3745 829 η

2292 856 2347 910 5.
2390 855 2575 910 Gratus
2593 859 2791 913 animus
2818 856 3013 913 Isaaci.
3050 858 3190 915 Deus
3216 860 3369 930 exigit
3391 870 3447 915 ut
3465 863 3731 934 gratiam-

2222 962 2351 1005 mus.
2371 976 2444 989 —-
2466 947 2599 1004 Vide
2612 957 2818 1017 gratum
2846 951 3080 1006 animum
3103 953 3253 1022 juSIi.
3272 952 3404 1009 Nam
3439 968 3557 1013 cum
3587 958 3730 1025 priore

2220 1034 2393 1091 fontes
2412 1036 2640 1107 diripere
2654 1048 3048 1104 tentarent,non
3063 1057 3202 1111 aegre
3214 1044 3350 1113 tulit,
3369 1059 3474 1099 non
3494 1045 3729 1102 obluctatus

2219 1137 2299 1180 est
2321 1144 2336 1180 :
2359 1128 2452 1182 sed
2466 1129 2515 1181 in
2533 1129 2643 1185 sola
2663 1138 2938 1198 puteorum
2959 1134 3315 1201 appellatione
3336 1136 3549 1193 malitia:
3574 1139 3727 1192 illorum

2220 1218 2555 1276 indelebilem
2569 1222 2776 1291 reliquit
2795 1226 3122 1280 memoriam.
3142 1224 3239 1280 Hic
3254 1241 3379 1282 vero
3394 1229 3514 1298 quia
3530 1230 3648 1284 nulla
3662 1232 3730 1285 lue-

2219 1319 2339 1363 runt
2365 1310 2659 1375 obstacula,
2680 1313 2773 1367 sed
2797 1328 2919 1369 eum
2947 1318 3094 1370 omni
3120 1318 3364 1373 libertate
3390 1320 3639 1376 laboribus
3661 1328 3729 1377 sui.

2218 1398 2317 1453 frui
2336 1398 2501 1464 licuit,
2526 1410 2691 1456 totum
2721 1403 2903 1458 tribuit
2933 1405 3059 1459 Deo.
3087 1404 3730 1481 Voranitenim,inquit,ps-

2216 1496 2349 1541 team
2368 1490 2532 1555 illum,
2555 1490 2889 1546 Latitudinem
2913 1509 2933 1547 :
2959 1504 3013 1549 et
3032 1495 3221 1551 deinde
3243 1497 3606 1566 interpretatus
3625 1517 3728 1553 toea-

2216 1578 2395 1634 bulum
2415 1622 2429 1643 ,
2461 1580 2589 1637 dicit
2616 1600 2629 1633 :
2662 1582 2883 1653 Propter
2938 1586 3038 1640 hoc
3068 1586 3424 1643 Latitudinem
3469 1606 3615 1656 voco.
3643 1593 3730 1658 ρηέι

2215 1669 2441 1725 dilatavit
2484 1670 2729 1727 Dominus
2770 1684 2819 1728 et
2847 1677 2989 1729 auxit
3016 1694 3108 1731 nos
3150 1695 3302 1746 super
3346 1690 3547 1735 terram.
3599 1684 3727 1737 νὶαὲμε

2214 1761 2355 1830 piam
2389 1771 2643 1828 mentem,
2670 1764 2936 1833 quomodo
2983 1782 3088 1821 non
3130 1766 3268 1823 facta
3308 1773 3573 1827 mentione
3608 1784 3731 1827 tanta-

2214 1870 2332 1909 rum
2357 1855 2721 1911 difficultatum
2759 1873 2876 1927 qua:
2923 1858 3256 1924 obstiterant.
3288 1862 3545 1918 bonorum
3584 1874 3731 1919 tantum

2212 1946 2472 2009 meminit,
2506 1955 2563 2002 et
2590 1963 2684 2015 pro
2718 1948 2821 2002 illis
2863 1949 3064 2017 gratias
3093 1951 3200 2005 Deo
3223 1953 3368 2022 agit,
3398 1965 3452 2007 et
3466 1955 3615 2009 dicit:
3644 1957 3733 2023 Qui:

2212 2034 2440 2089 dilatavit
2466 2035 2710 2090 Dominus
2730 2055 2839 2103 nos,
2872 2048 2918 2091 et
2945 2040 3087 2091 auxit
3109 2057 3199 2094 nos
3226 2059 3381 2109 super
3399 2047 3611 2097 terram?
3633 2046 3731 2098 Nihil

2216 2127 2359 2180 enim
2399 2135 2506 2181 tam
2549 2139 2823 2198 acceptum
2851 2129 2981 2196 Deo,
3004 2138 3060 2183 ut
3084 2131 3259 2185 anima
3308 2141 3457 2201 grata
3502 2142 3553 2187 et
3591 2138 3732 2203 gratias

2216 2231 2401 2285 agens.
2448 2217 2581 2272 Nam
2650 2234 2769 2272 cum
2846 2219 3139 2275 innumeris
3210 2221 3493 2278 beneficiis
3555 2227 3731 2293 quotidie

2211 2323 2397 2365 omnes
2426 2325 2523 2364 nos
2549 2319 2928 2379 prosequatur,
2969 2312 3083 2367 sive
3126 2312 3356 2367 velimus
3380 2314 3499 2369 sive
3524 2318 3729 2380 nolimus,

2212 2399 2326 2455 sive
2352 2416 2411 2454 ea
2442 2401 2672 2454 sciamus
2700 2402 2810 2455 sive
2854 2402 3177 2471 ignoremus,
3206 2404 3338 2457 nihil
3374 2414 3547 2461 tamen
3570 2408 3681 2459 aliud
3714 2425 3731 2459 δ

2213 2492 2363 2547 nobis
2384 2491 2569 2562 exigit,
2609 2508 2765 2562 quam
2796 2500 2852 2545 ut
2886 2493 3174 2549 habeamus
3198 2496 3419 2563 gratiam
3448 2512 3543 2565 pro
3574 2498 3625 2549 iis
3652 2513 3732 2564 qui:

2210 2583 2364 2636 nobis
2391 2597 2646 2637 concessa
2678 2591 2820 2649 sunt,
2848 2593 2904 2637 ut
2928 2599 3024 2652 pro
3052 2584 3138 2636 illa
3169 2585 3280 2654 ipsa
3310 2588 3591 2655 gratiarum
3615 2590 3733 2639 actio-

2213 2690 2279 2727 ne
2310 2674 2377 2729 ad
2403 2675 2658 2745 ampliora
2684 2674 2856 2729 danda
2890 2688 3224 2745 provocetur.
3255 2677 3366 2731 Hoc
3394 2689 3449 2732 ut
3483 2682 3634 2743 scias,
3654 2681 3735 2731 vide

2213 2764 2482 2833 quomodo
2504 2767 2680 2833 justus
2709 2766 2799 2820 ille
2826 2766 2961 2836 grati
2987 2766 3271 2821 admodum
3305 2770 3469 2823 animi
3496 2786 3633 2824 causa
3667 2772 3731 2821 dc-

2209 2870 2317 2908 nuo
2342 2868 2632 2924 supernum
2662 2856 2916 2911 meruerit
2947 2858 3139 2911 visum.
3172 2858 3303 2913 Nam
3326 2863 3570 2929 quoniam
3597 2862 3729 2915 condi-

2209 2959 2369 3016 gnum
2399 2960 2510 3000 suae
2535 2945 2741 3000 virtutis
2770 2947 3037 3014 specimen
3069 2948 3404 3015 exhibuerat,
3427 2960 3485 3004 et
3509 2952 3630 3019 apud
3660 2950 3731 3003 (ie-

2208 3053 2451 3105 rarenos,
2478 3048 2533 3093 et
2556 3054 2675 3092 cum
2704 3055 2795 3092 rex
2817 3054 2938 3093 eum
2965 3040 3279 3108 expelleret,
3303 3049 3356 3095 et
3382 3056 3514 3103 cum,
3548 3051 3730 3109 pastores

2208 3142 2397 3201 puteos
2418 3131 2690 3186 auferrent
2717 3148 2731 3184 :
2765 3132 3020 3201 benignus
3053 3133 3307 3186 Dominus
3328 3134 3491 3188 veluti
3509 3135 3732 3188 coulirnn-

2209 3230 2358 3276 turus
2383 3221 2499 3291 ejus
2527 3221 2854 3276 alacritatem
2877 3263 2892 3287 ,
2921 3222 3030 3291 jam
3061 3222 3130 3276 ob
3170 3223 3429 3293 insignem
3460 3225 3594 3278 illam
3622 3237 3724 3275 uisa-

2207 3313 2540 3367 siietudinem
2589 3327 2709 3365 eum
2752 3322 3027 3380 acceptum
3064 3310 3314 3367 habens:
3358 3324 3624 3383 postquam
3667 3313 3727 3365 9.3.

2209 3403 2445 3456 Ascendit
2490 3402 2631 3456 illinc
2672 3402 2740 3455 ad
2791 3414 2995 3473 puteum
3029 3404 3343 3473 juramenti,
3375 3404 3466 3459 9.4.
3498 3407 3618 3458 uisas
3634 3406 3731 3457 εειά

2206 3493 2453 3547 Dominus
2478 3494 2531 3547 in
2554 3504 2698 3548 nocte
2720 3493 2831 3560 illa,
2855 3504 2900 3547 et
2916 3495 3043 3548 dixit
3068 3511 3087 3549 :
3114 3494 3223 3566 Ego
3238 3512 3351 3548 sum
3375 3495 3512 3550 Deus
3537 3496 3731 3547 Abrahae

2206 3588 2364 3657 patris
2392 3587 2483 3653 tui,
2516 3603 2577 3641 ne
2600 3586 2774 3640 timeas
2806 3602 2825 3641 :
2850 3597 3009 3640 tecum
3031 3588 3161 3641 enim
3182 3604 3313 3649 sum.
3336 3599 3383 3641 et
3403 3588 3665 3641 benedicere
3683 3600 3727 3645 te,

2205 3688 2253 3733 et
2279 3678 2621 3748 multiplicabo
2645 3694 2813 3732 semen
2864 3687 3005 3731 tuum
3061 3687 3262 3747 prapter
3288 3678 3544 3731 Abraham
3590 3688 3729 3747 patrm

2206 3779 2366 3823 tuum.
2411 3766 2558 3823 Visus
2609 3777 2680 3822 est
2722 3767 2788 3833 ei,
2826 3767 3014 3837 inquit,
3046 3768 3098 3821 in
3137 3778 3282 3821 nocte
3326 3768 3439 3821 illa.
3497 3768 3729 3822 Considera

2205 3859 2300 3914 Dei
2326 3858 2733 3913 sollicitudinem
2758 3874 2770 3910 :
2804 3867 2861 3913 ut
2891 3859 3038 3912 illum
3068 3858 3330 3913 refocillet
3358 3875 3423 3914 ac
3454 3859 3729 3913 fidentiorem

2204 3950 2411 4015 reddat,
2441 3959 2663 4021 apparet
2688 3949 2755 4015 ei,
2787 3960 2839 4004 et
2862 3949 3024 4004 dicit:
3060 3950 3168 4020 Ego
3211 3968 3321 4004 sum
3365 3950 3503 4004 Deus
3528 3951 3727 4003 Abraham

2204 4043 2363 4114 patris
2392 4043 2489 4105 tui,
2523 4052 2725 4111 patrem
2755 4050 2899 4094 tuutn
2940 4040 3227 4110 gloriﬁcavi
3255 4051 3308 4095 et
3344 4041 3483 4095 adeo
3524 4040 3729 4093 celebrem

2204 4133 2446 4201 reddidi,
2504 4148 2568 4186 ac
2622 4134 2954 4203 peregrinum
3012 4132 3376 4201 advenamqne
3445 4132 3731 4185 illustriorem

2202 4226 2449 4279 omnibus
2476 4224 2663 4279 incolis
2687 4222 2811 4279 feci.
2850 4224 2958 4293 Ego
2976 4238 3093 4277 sum
3125 4222 3215 4277 ille
3238 4264 3253 4287 ,
3281 4224 3369 4292 qui
3399 4221 3551 4277 hunc
3568 4223 3628 4276 ita
3651 4237 3729 4272 ore

2202 4336 2353 4376 scere
2374 4320 2572 4383 curavi,
2596 4330 2651 4374 et
2672 4319 2724 4372 in
2762 4318 3008 4372 omnibus
3062 4332 3243 4370 curam
3295 4317 3412 4383 ejus
3474 4317 3627 4388 gessi.
3661 4314 3733 4379 Ego

2203 4428 2322 4467 sum
2345 4428 2359 4468 :
2392 4412 2471 4465 Ne
2501 4412 2657 4481 igitur
2678 4413 2871 4465 timeas.
2901 4409 3036 4477 Quid
3057 4410 3155 4464 sibi
3177 4409 3453 4475 vultillud,
3477 4409 3561 4463 Ne
3578 4403 3735 4460 timeas!

2202 4504 2278 4560 Ne
2302 4504 2393 4559 tibi
2435 4506 2627 4559 mirum
2655 4504 2898 4558 videatur
2917 4503 3057 4572 quod
3107 4503 3175 4556 ab
3226 4502 3539 4558 Abimelech
3580 4503 3644 4555 sis
3674 4516 3735 4552 etc

2201 4596 2403 4667 pulsus,
2436 4596 2574 4666 quod
2602 4611 2631 4647 a
2663 4595 2963 4663 pastoribus
2992 4593 3067 4647 sis
3122 4592 3313 4662 injuria
3357 4593 3596 4648 affectus.
3621 4591 3745 4644 Malui

2203 4689 2325 4744 talia
2356 4698 2408 4743 et
2434 4698 2583 4758 pater
2608 4695 2729 4742 tuus
2758 4686 2993 4755 pertulit,
3017 4694 3074 4742 et
3110 4686 3231 4742 inde
3256 4686 3539 4755 gloriosior
3571 4684 3745 4741 enectis!

2200 4789 2303 4833 est.
2360 4778 2438 4834 Ne
2492 4778 2654 4846 igitur
2677 4777 2779 4832 hoc
2816 4787 2867 4832 te
2904 4785 3142 4832 terreat:
3175 4774 3285 4847 Ego
3309 4777 3440 4830 enim
3467 4791 3620 4831 tecum
3644 4784 3745 4827 issu

2203 4870 2401 4927 Idcirco
2424 4871 2538 4926 huic
2569 4870 2680 4924 fieri
2706 4870 2976 4939 permitto,
3010 4869 3169 4923 simul
3205 4869 3390 4922 volens
3419 4880 3473 4923 et
3504 4868 3745 4922 declarare

2202 4973 2344 5018 tuam
2370 4963 2621 5016 virtutem
2644 5000 2660 5026 ,
2691 4970 2744 5014 et
2770 4961 3101 5015 manifestari
3144 4961 3339 5015 mentis
3366 4960 3580 5015 illorum
3608 4956 3735 5027 pmi-

2201 5063 2383 5119 tatem,
2408 5061 2465 5106 ut
2487 5052 2677 5104 horum
2705 5050 2946 5105 omnium
2984 5064 3144 5105 causa
3188 5059 3242 5104 te
3278 5065 3564 5113 eoronem;
3593 5048 3734 5101 Tertia

2200 5145 2331 5199 enim
2359 5160 2491 5197 sum.
2526 5142 2650 5198 Ideo
2697 5152 2753 5197 et
2801 5143 3029 5197 invictus
3056 5143 3183 5207 eris,
3208 5150 3365 5211 atque
3416 5138 3736 5195 infestaunbus

2201 5237 2487 5308 potentior,
2521 5245 2575 5290 et
2605 5234 2981 5289 invadentibus
3011 5231 3219 5289 fortior.
3248 5232 3315 5287 Et
3356 5243 3557 5287 tantam
3581 5232 3646 5285 tui
3668 5242 3731 5280 es.

2200 5345 2315 5385 ram
2368 5329 2594 5394 habebo,
2630 5337 2689 5383 ut
2734 5327 3026 5382 invidiosus
3069 5327 3173 5381 illis
3216 5326 3291 5380 sis
3341 5324 3553 5379 futurus
3604 5340 3617 5375 :
3660 5319 3734 5387 Eis

2200 5425 2334 5479 enim
2364 5432 2525 5477 tecum
2565 5440 2679 5477 sum
2704 5463 2719 5489 ,
2752 5431 2798 5476 et
2838 5420 3128 5475 benedicam
3156 5429 3204 5473 te
3224 5461 3238 5484 ,
3262 5428 3309 5473 et
3334 5416 3661 5487 multiplicabo
3679 5427 3731 5464 ει*

2202 5530 2314 5567 men
2366 5524 2508 5567 tuum
2536 5522 2739 5585 prapter
2767 5512 3021 5565 Abraham
3047 5522 3239 5581 patrem
3267 5520 3427 5562 tuum.

2271 5605 2410 5660 Deus
2430 5622 2521 5659 cur
2539 5622 2591 5659 se
2617 5607 2750 5658 dicat
2771 5602 2938 5657 Deum
2963 5602 3255 5655 Abrahami.
3283 5629 3354 5639 —
3377 5597 3648 5653 Considera
3671 5592 3731 5643 ht-

2203 5701 2513 5772 nignitatem
2559 5698 2673 5755 Dei.
2704 5696 2837 5754 Nam
2882 5706 3159 5767 postquam
3184 5694 3349 5760 dixit,
3373 5691 3479 5763 Ego
3507 5706 3611 5745 sunt
3634 5686 3731 5740 θέω
