3730 6274
828 291 899 347 ΙΝ
937 293 1088 350 CAP.
1134 292 1298 350 XXVI
1363 293 1609 351 GENES.
1659 297 1891 352 IIOMIL.
1935 295 2044 355 LII.

28 413 117 468 ’ἐν
147 410 218 480 τῇ
247 411 502 482 φάραγγι
537 411 834 480 Γεράρων.
875 413 984 466 Καὶ
1027 415 1165 484 ὅπερ
1199 416 1227 467 ὁ
1257 413 1489 485 Χριστὸς

31 495 346 566 αγενόμενος
360 498 472 560 τοῖς
495 495 765 566 μαθηταῖς
789 497 1090 550 ἐνετέλλετο
1113 498 1493 566 λέγων,”οταν

27 594 204 634 κωσιν
228 577 384 647 ὑμᾶς
403 619 417 642 ,
444 579 695 647 φεύγετε
722 578 956 646 ἑτέρωθι
977 621 991 642 ,
1024 580 1184 634 τοῦτο
1222 586 1314 636 καὶ
1340 577 1492 646 οὗτος

42 663 124 716 διὰ
149 661 252 714 τῶν
283 661 459 732 ἔργων
493 662 752 732 ἐπλήρου.
784 662 894 714 Καὶ
924 663 1175 735 καθάπερ
1210 664 1373 717 Δαυῖδ
1398 665 1490 718 τοῦ

28 745 85 797 ὐλ
119 745 204 797 τὸν
233 743 400 796 πολὺν
440 743 632 813 φθόνον
663 743 1044 797 καταστέλλων
1071 784 1085 807 ,
1115 745 1202 798 διὰ
1230 747 1329 817 τῆς
1362 747 1495 800 ἀνα-

27 831 203 899 θήσεως
228 827 419 879 ἑαυτὸν
446 827 754 895 ὐπεξάγων,
775 828 981 880 ἐκείνου
1011 827 1109 898 τὴν
1140 829 1340 901 πολλὴν
1363 848 1497 903 παρ-

28 907 165 958 θεῖτο
199 907 505 976 φλεγμονήν
529 921 543 934 ·
573 906 665 957 τὸν
701 905 865 957 αὐτὸν
915 905 980 976 δὴ
1016 908 1216 976 τρόπον
1245 910 1340 961 καὶ
1363 910 1391 963 ό
1415 907 1496 961 δί-

27 1007 70 1051 ›ς
84 984 235 1051 οὗτος
253 990 488 1059 ἐπλήρου
509 989 572 1041 τὸ
587 989 941 1043 ἀποστολικὸν
955 993 1130 1043 ἐκεῖνο
1142 989 1343 1059 λόγιον,
1358 993 1498 1046 Δότε

28 1089 103 1126 ὀν
144 1070 218 1139 τῇ
253 1070 397 1140 ὀργῇ
425 1089 438 1101 ο
472 1072 563 1125 καὶ
597 1071 912 1126 καταλιπὼν
950 1072 1048 1144 τὴν
1095 1074 1250 1127 πόλιν
1283 1073 1496 1144 ἐξῆλθε,

27 1149 71 1220 3]
94 1151 259 1219 φησὶν
279 1191 294 1214 ,
325 1153 384 1203 ἐν
413 1153 481 1221 τῇ
512 1151 779 1221 φάραγγι.
825 1151 964 1203 Ἀλλ’
994 1153 1096 1224 δρα
1133 1153 1299 1206 αὐτὸν
1343 1155 1502 1207 κάκεῖ

29 1235 60 1287 ἀ
83 1232 284 1303 πολλῆς
303 1234 402 1304 τῆς
427 1234 726 1297 ἐπιεικείας
753 1233 854 1304 τὴν
881 1233 1130 1287 ἔνστασιν
1153 1235 1500 1306 ἐνδεικνύμε-

28 1359 29 1364 η
59 1315 192 1369 Οὐδὲ
219 1316 326 1387 γὰρ
353 1315 515 1386 μέχρι
539 1316 728 1370 τούτου
753 1317 883 1386 ἔστη
902 1317 970 1369 τὰ
991 1317 1160 1380 δεινὰ,
1185 1318 1320 1372 ἀλλά
1344 1321 1504 1372 κάκεῖ

27 1399 195 1469 ομένῳ
227 1400 320 1452 καὶ
367 1399 436 1452 τὰ
469 1401 680 1471 φρέατα
712 1399 969 1471 ἀνορύξαι
997 1399 1307 1472 βουλομένῳ
1337 1403 1506 1472 μάχει⁹

34 1502 48 1533 ι
71 1481 408 1553 ἐπεχείρουν.
431 1481 644 1549 Ὠρυξε
671 1482 801 1553 γὰρ,
827 1483 981 1552 φησὶ,
999 1483 1072 1536 τὰ
1092 1485 1338 1552 φρέατα.
1358 1483 1506 1550 ἅπερ

28 1586 84 1622 ιν
98 1572 150 1622 οἱ
169 1569 381 1634 παῖδες
397 1570 503 1623 τοῦ
521 1569 746 1637 πατρὸς
774 1570 960 1624 αὐτοῦ
981 1573 1397 1640 πεποιηκότες,
1409 1573 1510 1625 καὶ

27 1655 424 1725 φραξαναὺτὰ
435 1659 487 1710 οἱ
506 1657 879 1726 Φυλιστιεὶμ,
896 1657 990 1710 καί
1002 1657 1374 1724 έπέθηκεναὺ
1387 1657 1511 1722 τοῖς

27 1743 295 1810 ὀνόματα,
319 1741 471 1810 ἅπερ
486 1739 564 1813 ἦν
587 1745 620 1796 ὁ
645 1743 842 1812 πατὴρ
861 1743 1105 1810 ἐπιθείς.
1127 1745 1233 1798 Καὶ
1250 1744 1508 1812 ὤρυξαν,

27 1831 180 1890 rimo!
226 1829 437 1896 παῖδες
477 1832 697 1894 Ἰσαὰκ,
740 1832 837 1885 καὶ
858 1828 1042 1901 εὗρον
1077 1831 1263 1901 φρέαρ
1295 1832 1514 1898 ὕδατος

27 1932 182 1980 τος,
249 1915 370 1968 ἀντὶ
436 1912 577 1977 τοῦ,
639 1915 886 1969 κάτωθεν
937 1915 1348 1980 ἀναϐλύζοντος.
1406 1915 1516 1971 Καὶ
1556 1963 1571 1992 τ

27 1993 306 2065 ιχέσαντο
357 1996 412 2046 οἱ
471 1993 749 2063 ποιμένες
808 1994 1088 2064 Γεράρων
1112 2037 1127 2062 ,
1174 1995 1516 2065 φάσκοντες

27 2071 126 2124 τῶν
147 2064 302 2124 εἶναι
321 2071 388 2124 τὸ
418 2071 592 2140 ὕδωρ.

27 2154 126 2208 Καὶ
181 2155 304 2208 οὑδέ
364 2153 597 2207 ἐνταῦθα
651 2153 946 2224 φιλονεικεῖ
1004 2156 1034 2208 ὁ
1097 2156 1340 2221 δίκαιος,
1399 2156 1519 2209 οὐδέ

31 2239 252 2302 ιτείνει,
333 2238 464 2291 ἀλλά
523 2239 622 2291 καὶ
692 2240 804 2302 τοῖς
891 2240 1112 2310 ποιμέσι
1177 2242 1516 2312 παραχωρεῖ.

27 2324 100 2375 ἰτο
129 2321 246 2390 γὰρ
311 2321 524 2392 ἀληθῶς
563 2321 866 2387 ἐπιείκεια,
920 2323 1015 2392 οὐχ
1057 2323 1186 2376 ὅταν
1233 2341 1318 2387 τις
1373 2323 1521 2394 παρὰ

27 2407 130 2457 μὲν
183 2405 476 2475 δυναστεία
529 2404 885 2475 ἀδικούμενος
947 2407 1086 2475 φέρῃ
1161 2407 1368 2476 πράως,
1406 2406 1521 2459 ἀλλ’

29 2508 57 2542 ν
86 2489 184 2541 καὶ
219 2489 322 2541 ὑπὸ
361 2488 470 2540 τῶν
515 2488 886 2558 νομιζομένων
931 2488 1335 2558 ὑποδεεστέρων
1382 2486 1522 2543 εἶναι

27 2572 375 2644 ιρεαζόμενος
399 2573 703 2643 παραχωρῇ
727 2587 739 2599 ⁸
761 2570 993 2625 ἐνταῦθα
1020 2570 1248 2642 μὲνγὰρ
1269 2575 1334 2642 τῇ
1361 2575 1525 2625 ἐπιει-

27 2677 54 2727 α
105 2657 173 2709 ἄν
217 2674 303 2719 τις
341 2655 402 2708 τὸ
437 2658 543 2710 πᾶν
574 2656 852 2724 λογίσαιτο
901 2654 996 2708 τοῦ
1043 2657 1522 2727 ἐπηρεαζομένου·

27 2741 130 2794 ῖδέ
166 2742 302 2804 ῖσως
333 2758 418 2803 τις
451 2740 594 2793 εῖποι
615 2780 631 2803 ,
675 2741 764 2794 δια
795 2739 855 2792 τὸ
888 2740 962 2811 μὴ
1001 2740 1258 2794 δύνασθαι
1288 2741 1524 2794 ἀντιτεί-

27 2843 43 2877 ι
87 2829 154 2896 τῇ
189 2825 481 2895 δυναστείᾳ
525 2824 619 2877 τοῦ
669 2825 1022 2895 ἠδικηκότος,
1074 2824 1174 2895 τὴν
1223 2826 1526 2878 ἐπιείκειαν

28 2908 365 2962 δείκνυσθαι.
412 2907 549 2961 Ἀλλ’
583 2908 669 2960 ἵνα
706 2907 883 2980 μάθῃς
928 2908 1010 2960 ὅτι
1045 2909 1139 2960 καὶ
1173 2909 1265 2960 ἐπὶ
1296 2907 1392 2962 τοῦ
1435 2909 1531 2979 βα-

27 2992 154 3054 ἕως,
175 2991 240 3044 οὐ
266 2991 353 3044 διὰ
380 2991 476 3062 τὴν
500 2990 708 3043 ἐκείνου
735 2989 1076 3053 δυναστείαν,
1101 2990 1412 3058 ἐπεδείξατο
1431 2991 1530 3062 τὴν

28 3077 278 3138 είκειαν,
320 3075 454 3128 ἀλλά
490 3073 580 3127 διὰ
611 3074 701 3128 τὸν
739 3074 939 3126 οἰκεῖον
969 3073 1170 3145 τρόπον
1189 3113 1204 3137 ,
1237 3075 1338 3144 ὅρα
1369 3074 1531 3128 αὐτόν

49 3159 146 3210 ἐπὶ
173 3158 286 3211 τῶν
309 3158 580 3229 ποιμένων
606 3157 667 3210 τὸ
689 3157 821 3210 αὐτὸ
852 3157 1124 3210 ποιοῦντα.
1143 3159 1252 3210 Καὶ
1277 3157 1531 3228 καθάπερ

29 3241 143 3304 ῖνος
173 3241 639 3310 ἐλεγεν,¹Ἀπε.1θε
661 3237 760 3308 ἀφ’
789 3237 974 3307 ἡμῶν,
993 3240 1086 3292 καὶ
1115 3237 1336 3303 εὐθέως,
1359 3239 1530 3293 καθάέ

29 3343 39 3376 ι
101 3325 393 3395 ἐπίταγμα
432 3324 752 3394 δεχόμενος,
805 3323 1184 3392 ὐπανεχώρει·
1237 3321 1381 3377 οὕτω
1437 3322 1532 3378 καὶ

35 3451 50 3471 ,
73 3408 190 3462 τῶν
225 3408 497 3477 ποιμένων
523 3406 847 3476 ἐπηρεάζειν
876 3404 1314 3476 ἐπιχειρούντων,
1350 3409 1443 3460 καὶ
1473 3405 1533 3460 τὸ

29 3494 112 3564 Ξαρ
145 3490 572 3560 οἰκειουμένων,
614 3489 949 3559 παραχωρεῖ.
986 3489 1092 3541 Καὶ
1143 3488 1231 3541 ἴνα
1280 3489 1534 3562 διηνεκὴς

30 3574 120 3638 ὀἷς
160 3573 307 3646 μετὰ
331 3571 501 3626 ταῦτα
528 3572 561 3642 ἡ
591 3572 790 3638 γνῶσις
818 3570 914 3640 τῆς
940 3569 1178 3634 ἀδικίας,
1211 3570 1380 3642 ὄνομα
1414 3574 1535 3625 ἐπι-

29 3677 118 3729 ησι
147 3657 232 3729 τῷ
262 3657 456 3728 φρέατι
481 3657 544 3708 ἐκ
574 3655 669 3708 τοῦ
703 3653 1126 3725 συμϐεϐηκότος.
1174 3654 1389 3728 Ἐπειδὴ
1427 3657 1536 3726 γὰρ

29 3744 186 3812 ιεράν
230 3738 576 3805 ἐπεδείξαντο
603 3739 701 3807 τὴν
733 3736 980 3799 ἀδικίαν,
1014 3735 1297 3791 Ἐκὰλεσε
1318 3776 1334 3804 ,
1379 3741 1534 3808 φησὶ,

30 3826 232 3895 ὄνομα
252 3823 360 3878 τοῦ
393 3822 667 3891 φρέατος,
704 3822 898 3874 Τόπου
927 3820 1146 3875 ἀδικίαι
1181 3819 1285 3875 Καὶ
1315 3817 1384 3893 ἦν
1423 3821 1534 3875 λοι·

29 3931 38 3959 ι
69 3911 336 3978 καθαπρ
367 3910 424 3959 ἐν
450 3906 620 3978 στήλῃ
649 3905 824 3975 χαλκῇ
857 3905 918 3978 τζ)
943 3903 1115 3976 ὄνομα
1142 3905 1236 3958 τοῦ
1265 3906 1432 3959 τόπου
1459 3907 1537 3960 δι-

29 3991 220 4046 οιαλία
249 3990 366 4050 τοῖς
408 3985 536 4056 ἐξῆς
579 3985 674 4038 καὶ
701 3984 802 4054 1?};
829 3981 924 4037 τοῦ
974 3985 1184 4038 δικαίου
1213 3986 1535 4050 ἐπιεικείας,

54 4076 162 4145 τῆς
189 4071 420 4125 ἐκείνων
441 4067 854 4139 ἀγνωμοσύνης.
891 4067 964 4120 Τὸ
991 4066 1100 4139 γὰρ
1128 4068 1298 4139 ὄνομα
1319 4067 1414 4122 τοῦ
1446 4069 1536 4122 τό-

29 4179 41 4213 ι
71 4160 320 4213 ’ἑκαστον
368 4152 746 4225 παρεσκεύαζε
785 4152 882 4223 τὴν
910 4152 1100 4206 αἰτίαν
1123 4153 1224 4224 τῆς
1261 4171 1538 4225 προσηγο-

30 4261 63 4307 ς
99 4241 451 4307 μανθάνοντα
472 4234 764 4306 γινώσκειν
788 4235 883 4289 τοῦ
921 4237 1019 4306 μέν
1052 4237 1150 4306 τὴν
1183 4237 1406 4308 ἀρετὴν,
1431 4236 1539 4290 τῶν

29 4339 50 4368 ι
85 4329 196 4395 τῆς
233 4322 435 4384 κακίας
459 4319 556 4390 τὴν
586 4317 912 4389 ὑπερϐολήν.
947 4320 1054 4371 Καὶ
1087 4318 1279 4372 σκόπει
1302 4319 1419 4382 πῶς
1445 4319 1541 4372 καὶ

32 4429 94 4474 ος
139 4406 407 4463 ἐπιτείνει
429 4403 526 4474 τὴν
554 4403 762 4456 οίκείαν
789 4401 988 4472 ἀρετὴν
1011 4440 1025 4462 ,
1059 4401 1146 4454 διὰ
1173 4403 1391 4456 πάντων
1422 4404 1543 4456 ἐπι..

29 4493 163 4555 μινυς
189 4487 389 4544 ἐαυτοῦ
413 4487 511 4557 τὴν
536 4483 858 4546 ἐπιείκειαν,
892 4484 1132 4536 κάκεῖνοι
1168 4486 1235 4554 τῇ
1267 4483 1538 4557 ὑπερϐολῇ

29 4597 39 4640 :
78 4574 294 4636 κακίας
343 4568 595 4640 λαμπρὸν
622 4567 716 4622 καὶ
754 4567 976 4630 ἄκοντες
1011 4567 1306 4638 πειρῶνται
1338 4567 1428 4620 τὸν
1465 4567 1544 4621 δί-

34 4681 96 4715 ον
127 4656 476 4726 ἀποφαίνειν.
512 4652 647 4706 Οὐδέ
667 4651 776 4721 γὰρ
802 4648 1162 4721 ἀρκεσθέντες
1187 4691 1200 4714 ,
1232 4651 1393 4705 πάλιν
1426 4651 1541 4704 ἐτε..

59 4738 335 4811 ὀρύξαντι
364 4733 538 4804 φρέαρ
563 4729 916 4811 ἐπιτίθενται.
936 4727 1190 4811 Ἆπὰρας
1203 4729 1538 4811 γὰρηφησὶν,

31 4806 221 4879 τῖόεν.
255 4812 450 4884 ὤρυξε
487 4809 674 4880 φρέαρ
723 4808 929 4877 ἕτερον
951 4825 963 4838 ·
995 4807 1302 4875 ἐκρίνοντο
1329 4806 1398 4860 δὲ
1445 4807 1544 4860 καὶ

31 4906 92 4959 )ὶ.
107 4901 380 4962 ἐκείνου,
403 4895 500 4950 καί
521 4892 912 4960 ἐπωνόμασεν
939 4891 1107 4952 αὐτὸ,
1141 4890 1392 4958 Ἐχθρία.
1415 4889 1546 4943 Σκό-

54 4983 241 5038 πάλιν
267 4977 364 5032 τοῦ
393 4974 600 5030 δικαίου
629 4972 727 5042 τὴν
756 4971 989 5024 σύνεσιν.
1039 4970 1303 5024 Ἐνταῦθα
1333 4972 1394 5024 οὐ
1417 4971 1546 5026 πάν-

31 5109 38 5127 ,
75 5065 164 5126 ὡς
203 5062 352 5114 ἐοικε
375 5099 388 5118 ,
417 5056 477 5109 τὺ
505 5053 683 5126 φρέαρ
718 5051 1028 5120 ἀφείλοντο,
1058 5049 1193 5103 ἀλλά
1215 5051 1548 5122 διαμαχεσά-

31 5168 98 5202 »οι
125 5189 142 5212 ,
185 5145 285 5197 καὶ
316 5140 452 5212 πρὸς
485 5138 545 5192 τὸ
589 5134 862 5207 προφανὲς
903 5133 1004 5202 1?};
1052 5133 1264 5197 ἀδικίας
1313 5135 1547 5204 ὁρῶντες

31 5233 304 5301 ἔστησαν.
336 5223 436 5277 Διά
457 5221 614 5275 τοῦτο
643 5217 896 5289 Ἐχθρίαν
922 5215 1051 5269 αὐτὸ
1079 5217 1544 5288 προσηγόρευσεν,

32 5296 383 5381 ηιδὴέχθρας
418 5303 670 5363 ὑπόθεσις
703 5298 958 5367 κατέστη.
988 5297 1104 5381 ,Καὶ
1125 5296 1544 5381 ,καθ’-ἑκάστην,

37 5379 260 5451 εἰπεῖν,
281 5386 386 5440 ὑπὸ
413 5385 523 5437 τῶν
548 5383 827 5453 ἐγχωρίων
858 5379 1082 5434 τοιαῦτα
1113 5379 1418 5449 ὑπομένων,
1449 5380 1550 5431 οὐκ

33 5473 140 5544 σχέ
151 5484 344 5544 ρανεν,
363 5466 483 5520 οὐδὲ
523 5462 857 5544 μικρόνίίυχόν
881 5479 932 5544 τι
961 5459 1289 5544 ἐπεδείξατο,
1321 5459 1442 5544 οὑδέ
1467 5462 1551 5512 ἐν-

32 5539 312 5620 ησεπρὸς
333 5546 544 5606 ἑαυτὸν,
560 5543 678 5596 οὐδὲ
693 5539 865 5602 εἶπεν,
879 5543 961 5594 ὅτι
975 5540 1108 5594 Οὐδέ
1124 5539 1284 5609 μέχρι
1301 5540 1550 5607 φρεάτων

31 5617 260 5686 >λαύειν
307 5625 422 5696 εἰμὶ
460 5624 681 5696 κύριος⁹
707 5618 816 5692 ἆρα
862 5620 936 5692 μὴ
976 5619 1179 5689 ἕρημος
1207 5617 1403 5685 γέγονα
1453 5618 1552 5688 τῆς

31 5716 164 5769 ιθεν
203 5711 413 5780 ροπῆς;
449 5703 558 5779 ἄρα
594 5706 668 5777 μὴ
699 5708 801 5777 τῆς
832 5702 1086 5775 προνοίας
1120 5701 1418 5780 ἐστέρημαι
1452 5701 1552 5780 1?};

31 5793 105 5847 οά
139 5779 246 5844 τοῦ
268 5787 538 5841 Δεσπότου
559 5804 573 5852 ;
592 5785 754 5839 Οὐδὲν
782 5784 984 5836 τούτων
1009 5782 1109 5835 οὐκ
1137 5779 1436 5852 ἐνενόησεν,
1455 5779 1554 5830 οὐκ

32 5855 276 5943 γίσατο,
291 5867 428 5923 ἀλλά
451 5867 565 5938 μετ’
587 5864 886 5943 ἐπιεικείας
901 5861 1119 5943 ἀπάσης
1135 5858 1528 5943 ἀπανταέφερε
1539 5896 1552 5910 .

31 5933 463 6021 “509110610.
496 5944 592 5998 καί⁹
638 5942 880 6004 πλείονος
925 5939 1173 6009 ἀπήλαυε
1203 5935 1313 6021 τῆς,
1350 5933 1554 6021 ἄνωθεν

67 6017 338 6086 ﬁdit-105
366 6030 432 6079 δέ.
459 6026 558 6077 Sed
582 6028 676 6074 τῶν
710 6026 760 6074 δέ
785 6023 931 6073 habet
954 6022 1100 6074 Coisl.
1133 6024 1184 6068 et
1208 6018 1417 6075 coniecit
1442 6017 1555 6067 Sav.

3071 301 3176 359 160

1599 419 1935 487 συμμαχίας.
1960 418 2144 471 Ταῦτα
2177 417 2317 489 γὰρ,
2346 417 2422 482 ὡς
2455 418 2660 480 εἰπεῖν,
2701 417 2768 470 τὰ
2813 418 3174 488 συμϐαίνοντα

1597 501 1876 570 γυμνασία
1905 517 1988 564 τις
2021 497 2089 570 ἦν
2129 502 2227 570 τῆς
2271 500 2367 554 τοῦ
2413 501 2619 554 δικαίου
2654 500 2873 570 ἀρετῆς.
2915 502 3176 570 Ἀπάρας

1598 581 1708 653 γὰρ
1727 623 1742 645 ,
1781 583 1964 653 φησὶν,
1997 583 2246 646 ἐκεῖθεν,
2279 583 2470 650 ὤρυξε
2495 583 2681 652 φρέαρ
2700 583 2922 650 ἓτερον.
2941 585 3038 638 καὶ
3064 589 3176 639 οὐκ

1597 666 1974 736 ἐμαχέσαντο
2000 667 2135 736 περὶ
2158 667 2345 722 αὐτοῦ
2363 684 2376 697 ο
2399 667 2496 720 καί
2521 668 2874 735 ἐπωνόμασε
2906 669 2970 720 τὸ
2992 668 3178 736 ὄνομα

1599 750 1816 812 αὑτοῦ,
1857 750 2238 818 Εὐρυχωρία.
2268 749 2482 818 λέγων,
2531 750 2686 802 Διότι
2726 749 2843 802 νῦν
2879 749 3179 804 ἑπλὰτυνε

1602 833 1815 899 Κύριος
1849 832 2027 900 ἡμῖν,
2063 832 2162 885 καί
2188 833 2462 899 ηὔξησεν
2492 831 2650 900 ἡμᾶς
2681 831 2778 885 ἐπὶ
2803 831 2911 900 τῆς
2937 832 3070 900 γῆς.

1670 921 1740 984 γ’.
1762 915 1907 986 Ὅρα
1936 915 2356 984 εὐγνωμοσύνην
2375 916 2468 968 τοῦ
2491 916 2723 970 δικαίου.
2770 916 2963 969 Ἦνίκα
2990 915 3086 986 μὲν
3114 915 3182 968 τά

1605 1001 1845 1070 πρότερα
1871 999 2082 1070 φρέατα
2102 1000 2298 1051 ἐκεῖνοι
2321 998 2779 1068 παρασπάσασθαι
2802 999 3182 1070 ἐπεχείρησαν,

1605 1084 1705 1136 οὐκ
1733 1082 2107 1154 ἐδυσχέρανεν,
2128 1081 2227 1134 οὐκ
2248 1081 2572 1142 ἁντέτεινεν,
2594 1079 2731 1133 ἀλλά
2756 1081 2913 1151 μόνον
2931 1084 2996 1152 τῇ
3016 1099 3186 1152 προσ-

1607 1165 1805 1235 ηγορίᾳ
1831 1164 1940 1217 τῶν
1986 1163 2239 1234 φρεάτων
2282 1163 2664 1229 ἀνεξάλειπτον
2706 1163 2804 1233 τὴν
2842 1165 3058 1234 μνήμην
3089 1167 3186 1233 τῆς

1608 1247 1832 1299 ἐκείνων
1859 1246 2056 1308 κακίας
2082 1246 2408 1300 ἐναπετίθει.
2440 1246 2704 1300 Ἐνταῦθα
2727 1246 2782 1298 δὲ
2805 1247 3187 1316 πάλιν,ἐπειδὴ

1609 1329 1782 1390 οὐδεὶς
1799 1328 2048 1398 ἐμποδὼν
2072 1328 2316 1396 γέγονεν,
2340 1327 2476 1380 ἀλλά
2500 1329 2637 1398 μετά
2665 1327 2847 1390 ἁδείας
2875 1326 3053 1395 πάσης
3083 1327 3188 1380 τῶν

1611 1412 1826 1464 οἰκείων
1860 1413 2037 1465 πόνων
2059 1411 2326 1480 ἀπήλαυε,
2363 1411 2425 1464 τὸ
2467 1412 2575 1464 πᾶν
2614 1411 2902 1481 ἀνατίθησι
2946 1409 3025 1480 τῷ
3050 1409 3187 1480 Θεῷ.

1626 1494 1915 1548 Ἐκάλεσε
1947 1493 2053 1566 γὰρ
2081 1493 2228 1548 αὐτὸ
2248 1535 2262 1559 ,
2297 1495 2701 1563 Εὐρυχωρίαν.
2740 1489 2872 1546 Εἶτα
2903 1494 3192 1563 ἐρμηνεύει

1613 1578 1786 1647 αὐτὴν
1816 1576 1916 1647 τὴν
1943 1577 2342 1650 προσηγορίαν·
2376 1577 2464 1629 διὰ
2489 1576 2646 1630 τοῦτο
2667 1616 2683 1637 ,
2719 1577 2881 1646 φησὶν
2901 1618 2914 1640 ,
2941 1576 3196 1646 Εὐρυχω-

1619 1660 1761 1731 ρίαν,
1791 1659 1950 1712 τοῦτο
1969 1659 2140 1721 καλῶ,
2178 1660 2300 1713 Ὅτι
2331 1659 2631 1713 ἐπλάτυνε
2659 1660 2874 1726 Κύριος
2901 1657 3065 1727 ἡμῖν,
3096 1658 3193 1710 καί

1615 1742 1890 1810 ηὔξησεν
1907 1740 2063 1810 ἡμᾶς
2088 1741 2190 1794 ἐπὶ
2211 1740 2322 1809 τῆς
2348 1741 2480 1811 γῆς.
2500 1737 2652 1805 Εἶδες
2675 1741 2900 1812 γνώμην
2928 1740 3194 1810 φιλόθεον,

1619 1824 1736 1887 πῶς
1762 1825 1871 1878 τῶν
1897 1826 1954 1878 ἐν
1991 1824 2144 1895 μέσῳ
2175 1824 2451 1895 δυσχερῶν
2498 1825 2754 1895 οὐδεμίαν
2791 1828 3008 1895 μνήμην
3041 1841 3198 1893 ποιηο

1622 1909 1877 1978 σάμενος,
1899 1908 2010 1961 τῶν
2040 1909 2294 1980 χρηστῶν
2323 1909 2482 1977 μόνον
2515 1909 2880 1979 μεμνημένος,
2898 1909 3036 1978 ὑπὲρ
3057 1907 3199 1966 ἐκεί-

1621 2008 1712 2043 νου
1737 1990 1838 2060 τὴν
1866 1991 2217 2064 εὐχαριστίαν
2248 1991 2531 2062 ἀναφέρει,
2548 1991 2643 2044 καί
2667 2008 2851 2060 φησιν,
2877 1991 2997 2042 Ὅτι
3017 1988 3198 2042 ἐπλά-

1621 2090 1764 2128 τυνε
1779 2075 1992 2142 Κύριος
2010 2074 2172 2142 ἡμῖν,
2204 2074 2300 2127 καὶ
2320 2074 2592 2142 ηὔξησεν
2614 2073 2770 2143 ἡμᾶς
2789 2073 2886 2126 ἐπὶ
2917 2070 3028 2141 τῆς
3054 2071 3200 2142 γῆςς

1624 2157 1790 2211 Οὐδὲν
1811 2157 1921 2229 γὰρ
1949 2155 2122 2220 οὑτως
2144 2159 2174 2211 ό
2192 2157 2323 2220 Θεὸς
2351 2157 2691 2228 ἀποδέχεται,
2713 2157 2787 2220 ὼς
2806 2156 2982 2228 ψυχὴν
3008 2155 3203 2222 εὐγνώ-

1628 2258 1764 2312 μονα
1803 2241 1897 2295 καὶ
1928 2241 2276 2312 εὐχάριστονο
2311 2242 2404 2294 καὶ
2452 2241 2616 2311 μυρία
2648 2239 2768 2292 καθ’
2798 2238 3206 2309 ἑκάστηνήμέ-

1627 2342 1727 2396 ραν
1765 2324 2011 2386 ἅπαντας
2038 2324 2188 2394 ἡμᾶς
2220 2323 2523 2394 εὐεργετῶν
2547 2323 2641 2376 καὶ
2672 2322 2896 2385 ἑκόντας
2928 2323 3020 2375 καὶ
3057 2322 3206 2376 ἀκον-

1625 2427 1755 2472 τας,
1787 2409 1882 2462 καῖ
1910 2407 2119 2470 εἰδότας
2147 2407 2240 2460 καὶ
2275 2404 2602 2474 ἀγνοοῦντας
2624 2447 2639 2470 ,
2673 2405 2824 2459 οὐδὲν
2859 2404 3045 2475 ἕτερον
3075 2405 3206 2477 παρ’

1626 2493 1784 2563 ἡμῶν
1815 2489 2082 2562 ἐπιζητεῖ,
2113 2490 2147 2557 ἢ
2179 2490 2240 2542 τὸ
2266 2491 2496 2562 χάριτας
2526 2489 2724 2542 εἰδέναι
2748 2487 2894 2557 αὐτῷ
2919 2487 3059 2559 ὑπὲρ
3101 2489 3209 2541 τῶν

1628 2580 1708 2640 εἰς
1744 2577 1892 2648 ἡμᾶς
1925 2574 2334 2644 γεγενημένων,
2368 2573 2453 2626 ἵνα
2502 2574 2594 2626 καὶ
2633 2573 2772 2643 ὑπὲρ
2811 2571 3002 2625 τούτου
3045 2571 3210 2624 αὐτοῦ

1631 2661 1792 2716 πάλιν
1819 2659 2037 2713 πλείονα
2073 2657 2171 2729 τὴν
2199 2657 2431 2727 ἀμοιϐὴν
2461 2657 2596 2728 ἡμῖν
2643 2656 2921 2728 παράσχῃ.
2960 2656 3073 2709 Καὶ
3125 2656 3212 2707 ἵνα

1633 2744 1811 2816 μάθῃς
1835 2783 1848 2806 ,
1877 2743 1978 2814 ὅρα
2003 2740 2093 2794 τὸν
2125 2739 2331 2793 δίκαιον
2356 2737 2542 2792 τοῦτον
2573 2737 2660 2791 διὰ
2688 2740 2788 2807 τὴν
2825 2738 3024 2809 πολλὴν
3045 2737 3210 2791 αὐτοῦ

1629 2826 2050 2896 εὐγνωμοσύνην
2083 2824 2244 2878 πάλιν
2276 2823 2373 2890 τῆς
2395 2820 2597 2875 ἀνωθεν
2618 2822 2935 2890 ἐπιφανείας
2960 2821 3212 2890 ἀξιούμεο

1632 2928 1741 2965 νον.
1782 2908 2000 2980 Ἐπειδὴ
2030 2907 2136 2979 γάρ
2170 2905 2446 2978 ἀρκοῦσαν
2476 2905 2705 2975 βάσανον
2723 2905 2822 2975 τῆς
2851 2903 3058 2966 οἰκείας
3080 2904 3212 2975 ἀρε-

1631 2994 1733 3063 τῆς
1759 2991 2071 3056 ἐπεδείξατο
2101 2989 2192 3044 ἐπί
2221 3006 2280 3042 τε
2313 2988 2420 3041 τῶν
2467 2990 2524 3041 ἐν
2555 2988 2816 3059 Γεράροις
2835 3027 2849 3049 ,
2897 2988 2989 3042 ἐπί
3020 3005 3079 3040 τε
3119 2986 3214 3040 τοῦ

1637 3076 1900 3148 βασιλέως
1939 3072 2325 3142 ἀπωθουμένου
2353 3071 2537 3131 αὐτὸν,
2568 3071 2659 3123 ἐπί
2692 3088 2751 3123 τε
2793 3070 2902 3123 τῶν
2943 3069 3216 3140 ποιμένων

1637 3157 2052 3230 παρασπῶντων
2071 3157 2140 3210 τά
2173 3155 2405 3226 φρέατα,
2437 3153 2626 3224 ὥσπερ
2657 3153 2927 3224 νευρῶσαι
2957 3152 3215 3222 βουλόμε-

1637 3262 1728 3308 νος
1757 3242 1924 3298 αὐτοῦ
1955 3242 2054 3314 τὴν
2096 3238 2404 3312 προθυμίαν
2447 3238 2476 3291 ό
2509 3237 2889 3307 φιλάνθρωπος
2919 3237 3215 3306 Δεσπότης,

1638 3328 1735 3382 καὶ
1770 3327 1868 3397 τῆς
1901 3323 2198 3386 ἐπιεικείας
2234 3322 2396 3375 αὐτὸν
2434 3321 2826 3390 ἀποδεχόμενος
2865 3321 2966 3390 τῆς
2997 3320 3218 3390 πολλῆς,

1639 3410 1825 3482 ἐπειδὴ
1865 3408 2063 3476 Ἀνέϐη
2093 3406 2322 3462 ἐκεῖθεν
2350 3405 2376 3444 ι»
2417 3403 2514 3457 ἐπὶ
2549 3405 2614 3457 τὸ
2659 3403 2849 3471 Φρέαρ
2877 3403 2984 3458 τοῦ
3014 3403 3218 3472 ὅρκου,

1639 3499 1804 3567 ὤφθη
1834 3492 1994 3559 αὐτῷ
2009 3494 2222 3559 Κύριος
2245 3491 2314 3543 ἐν
2345 3487 2420 3556 τῇ
2446 3488 2617 3542 νυκτὶ
2657 3487 2856 3557 ἐκείνῃ
2883 3530 2898 3552 ,
2930 3488 3024 3542 καί
3055 3488 3216 3542 εἷπε·

1652 3581 1792 3649 Ἐγώ
1818 3583 1935 3649 ειμι
1965 3581 1997 3632 o'
2029 3575 2172 3640 Θεὸς
2225 3573 2478 3642 Ἀϐραὰμ
2515 3571 2622 3626 τοῦ
2676 3573 2900 3640 πατρός
2953 3588 3068 3626 σου
3092 3587 3106 3600 ·
3133 3569 3222 3641 μὴ

1641 3665 1861 3736 φοϐοῦ·
1889 3661 2040 3732 μετὰ
2070 3659 2186 3714 σοῦ
2221 3657 2329 3727 γάρ
2355 3659 2492 3726 ειμι,
2523 3655 2620 3709 καὶ
2642 3655 2960 3726 εὐλογήσω
2989 3671 3084 3718 σε,
3120 3657 3219 3709 καὶ

1643 3744 1931 3816 πληθυνῶ
1959 3743 2027 3798 τὸ
2055 3741 2290 3812 σπέρμα
2319 3757 2437 3796 σου
2465 3739 2562 3792 διὰ
2595 3739 2839 3808 Ἀϐραὰμ
2865 3740 2973 3792 τὸν
3000 3738 3224 3806 πατέρα

1643 3849 1780 3888 σου.
1817 3829 2010 3896 Ὠφθη
2035 3823 2214 3890 αὐτῷ,
2246 3825 2429 3896 φησὶν,
2461 3822 2530 3875 ἐν
2555 3821 2627 3890 τῇ
2653 3823 2823 3875 νυκτί
2849 3822 3072 3890 ἐκείνη.
3097 3822 3226 3874 Σκόο

1644 3933 1736 3968 πει
1764 3911 1898 3964 Θεοῦ
1947 3907 2293 3980 κηδεμονίαν.
2327 3908 2445 3960 Ἵνα
2473 3906 2582 3974 γὰρ
2623 3904 2784 3958 αὐτὸν
2831 3905 3222 3975 ﬂammma,

1644 3998 1740 4052 καὶ
1771 3995 1994 4067 θαρρεῖν
2044 3990 2438 4062 παρασκευάσῃ
2463 4027 2478 4052 ,
2516 3988 2862 4058 ἐπιφαίνεται
2911 3986 3091 4057 αὐτῷ,
3132 3987 3223 4040 καί

1646 4096 1810 4151 φησιν
1830 4094 1843 4107 ·
1876 4073 2018 4145 Ἐγώ
2043 4077 2158 4144 ειμι
2188 4077 2220 4128 ὁ
2245 4073 2391 4140 Θεὸς
2432 4073 2678 4141 Ἀϐραὰμ
2707 4070 2813 4125 τοῦ
2839 4073 3061 4139 πατρός
3083 4088 3222 4130 σου,

1643 4167 1674 4218 ὁ
1701 4163 1792 4216 τὸν
1813 4159 2022 4230 πατέρα
2043 4156 2133 4211 τὸν
2163 4155 2254 4208 σδν
2281 4155 2523 4220 ἐπίδοξον
2548 4152 2886 4224 πεποιηκὼς,
2905 4154 2997 4206 καὶ
3020 4154 3076 4206 ἐν
3099 4170 3226 4206 τοσ-

1647 4248 1788 4318 αύτῃ
1839 4241 2164 4314 περιφανείᾳ
2205 4241 2574 4310 καταστήσας,
2613 4239 2708 4292 καὶ
2725 4237 2887 4304 ,ξένον
2915 4237 3043 4290 ὄντα
3072 4253 3227 4308 περιο

1649 4331 1982 4402 φανέστερον
2029 4324 2139 4379 τῶν
2180 4325 2460 4394 ἐγχωρίων
2508 4320 2960 4391 ἀπεργασάμενος
2996 4330 3042 4372 ε.
3087 4318 3229 4386 Ἐγώ

1649 4417 1765 4484 εἰμι
1793 4414 2000 4472 ἐκεῖνος
2031 4410 2059 4462 ὁ
2087 4409 2294 4461 ἐκεῖνον
2331 4405 2504 4468 οὑτως
2539 4404 2842 4476 αὐξηθῆναι
2878 4404 3229 4475 παρασκευά-

1653 4513 1751 4561 σας
1779 4537 1795 4563 ,
1830 4493 1928 4548 καὶ
1960 4491 2204 4562 μεγάλην
2237 4491 2326 4544 διὰ
2355 4490 2572 4543 πάντων
2612 4489 2712 4558 τὴν
2748 4489 2874 4559 περὶ
2906 4488 3066 4542 αὑτὸν
3096 4488 3230 4557 πρό-

1650 4593 1799 4630 νοιαν
1837 4570 2266 4641 ἐπιδειξάμενος.
2316 4567 2457 4637 Ἐγώ
2493 4569 2639 4638 είμι⁸
2669 4567 2765 4636 Μὴ
2805 4568 2983 4620 τοίνυν
3016 4565 3227 4637 φοϐοῦ.

1652 4656 1718 4709 Τί
1746 4657 1884 4717 ἐστι,
1917 4650 2012 4718 Μὴ
2042 4650 2266 4720 φοϐοῦ;
2289 4649 2380 4719 Μή
2417 4665 2478 4701 σε
2497 4646 2668 4700 ταῦτα
2697 4645 2970 4711 ξενιζέτω,
2991 4647 3051 4700 τὸ
3077 4645 3230 4716 παρά

1651 4733 1747 4789 τοῦ
1794 4730 2081 4802 Ἀϐιμέλεχ
2105 4728 2383 4798 ἐλαθῆναι,
2409 4727 2469 4781 τὸ
2496 4726 2648 4798 παρά
2677 4725 2784 4780 τῶν
2817 4725 3087 4797 ποιμένων
3113 4725 3231 4778 ἀδι-

1653 4814 1907 4886 κηθῆναι.
1929 4809 2108 4863 Πολλά
2132 4807 2356 4862 τοιαῦτα
2381 4809 2474 4860 καὶ
2505 4808 2533 4859 ὁ
2571 4808 2756 4886 πατὴρ
2851 4803 3228 4886 σὸς-πέπονθε,

1653 4882 1749 4950 καὶ
1786 4882 1883 4946 διὰ
1921 4889 2125 4943 τούτων
2171 4887 2547 4958 λαμπρότερος
2585 4883 2885 4953 ἀνεδείχθη.
2915 4882 3006 4952 Μὴ
3051 4882 3232 4934 τοίνυν

1651 4972 1829 5029 ταῦτά
1867 4985 1925 5024 σε
1957 4969 2191 5039 φοϐείτω
2214 4986 2227 4998 ·
2269 4967 2429 5021 Μετὰ
2478 4964 2594 5020 σοῦ
2638 4965 2746 5034 γάρ
2781 4961 2930 5033 [510]
2963 4965 3096 5030 εἰμι.
3132 4959 3232 5039 Διά

1654 5053 1812 5108 τοῦτο
1837 5038 2012 5103 ταῦτα
2043 5045 2285 5116 γίνεσθαι
2319 5044 2585 5115 συγχωρῶ
2605 5083 2619 5105 ,
2661 5042 2795 5112 ὁμοῦ
2835 5042 2926 5094 καὶ
2959 5040 3017 5092 σὲ
3047 5038 3230 5109 βουλό-

1659 5148 1818 5204 μενος
1846 5129 1934 5182 διὰ
1955 5130 2052 5198 τῆς
2079 5124 2377 5186 ἐπιεικείας
2403 5120 2736 5187 ἐνδείξασθαι
2761 5120 2859 5190 τὴν
2882 5119 3085 5172 οἰκείαν
3105 5118 3232 5188 ἀρε-

1654 5197 1775 5283 τὴν,
1807 5197 2076 5263 κάκείνων
2103 5205 2203 5274 1?};
2232 5202 2459 5283 γνώμης
2487 5200 2584 5283 τὴν
2610 5198 2909 5283 μοχθηρίαν
2935 5197 3230 5283 κατάδηλον

1657 5275 1830 5346 ἅπασι
1857 5284 2130 5355 γενέσθαι,
2163 5284 2251 5335 ἵνα
2281 5283 2340 5335 σὲ
2367 5282 2460 5334 καὶ
2489 5279 2630 5350 ὑπὲρ
2651 5277 2852 5332 τούτων
2878 5275 3226 5345 στεφανώσω·

1657 5369 1816 5426 Μετὰ
1847 5365 1963 5419 σοῦ
2000 5361 2109 5432 γάρ
2133 5364 2267 5431 εἰμι.
2297 5361 2373 5413 Δι’
2425 5359 2453 5412 ὃ
2487 5359 2581 5412 καὶ
2624 5356 2917 5427 ἀχείρωτος
2951 5355 3047 5425 ἐσῃ
3073 5393 3086 5417 ,
3137 5355 3232 5407 καὶ

1656 5450 1766 5504 τῶν
1801 5443 2178 5516 πολεμούντων
2199 5439 2592 5508 δυνατώτερος,
2624 5439 2717 5490 καὶ
2751 5435 2858 5516 τῶν
2899 5432 3232 5516 ἐπηρεαζόνέ

1658 5515 2158 5597 τωνθίσχυρότερος.
2191 5522 2300 5576 Καὶ
2328 5521 2361 5591 ἡ
2406 5521 2502 5590 μὲν
2532 5519 2660 5588 παρ’
2702 5515 2836 5586 ἐμοῦ
2869 5515 3105 5597 *πρόνοια
3140 5515 3233 5597 καί

1661 5592 1948 5677 ἐπίφθονόν
1988 5592 2062 5660 σε’
2099 5605 2424 5677 ἐργάσεται·
2466 5601 2625 5653 Μετὰ
2663 5597 2779 5650 σοῦ
2807 5594 2917 5677 γάρ
2949 5597 3098 5661 ειμι,
3136 5592 3235 5677 καί

1660 5670 1974 5757 εὐλογήσω
2022 5670 2141 5750 σεξ
2165 5670 2261 5737 καὶ
2293 5678 2582 5749 πληθυνῶ
2619 5679 2686 5731 τὸ
2719 5674 2954 5744 σπέρμα
2986 5688 3101 5726 σου
3138 5670 3236 5724 διὰ

1676 5768 1930 5838 Ἀϐραὰμ
1959 5769 2065 5821 τὸν
2095 5763 2319 5830 πατέρα
2360 5776 2497 5816 σου.

1709 5829 1907 5901 ΣκόπΞῖ
1923 5845 2055 5899 Θεοῦ
2077 5829 2504 5913 φιλανθρωπίαν.
2523 5836 2727 5897 Εἰπὼν,
2744 5833 2890 5904 Ἐγώ
2909 5835 3022 5902 ειμι
3041 5835 3073 5885 ό
3091 5829 3236 5895 Θεὸς

1731 5934 1922 5984 bSavil.
1950 5939 2004 5982 et
2037 5940 2139 5982 tres
2177 5945 2294 5979 mss.
2343 5930 2486 5986 ἀνέϐη
2529 5929 2702 5975 ἄνωθεν
2741 5924 2835 5974 ἐπί.

1729 6001 1753 6029 ⁸
1777 5998 1877 6051 Sex
1889 5983 2005 6046 mss.
2019 5996 2235 6045 ὄντατῶν
2255 5983 2494 6055 ἐγχωρίων
2504 5989 2824 6051 λαμπρότερον
2836 5983 3229 6048 ἀπεργασάμενος·
