3782 6260
38 286 152 339 461
1142 284 1204 337 ΙΝ
1243 285 1395 340 CAP.
1436 284 1621 339 XXVI.
1666 283 1903 341 GENES.
1950 288 2174 344 IIOMIL.
2220 289 2322 345 LII.

38 401 289 453 Abi-alue
309 399 467 469 patri:
487 401 580 464 tui,
608 410 659 454 et
687 400 919 454 ostendit
943 405 1211 468 quomodo
1231 402 1329 454 sibi
1354 402 1655 455 vindicave-

41 492 153 555 rit,
192 493 576 561 propriumque
608 494 790 546 fecerit
822 492 1196 561 patriarcham,
1227 495 1298 547 ita
1327 503 1386 547 ut
1414 494 1661 562 dignatus

42 583 125 635 sit
160 598 231 638 se
260 599 453 638 vocare
481 584 645 638 Deum
674 584 901 639 Abrahae
922 624 937 649 ,
968 593 1128 655 atque
1159 585 1413 639 Dominus
1438 600 1502 639 ac
1528 600 1661 639 con-

42 674 215 727 ditor
241 674 407 735 orbis,
434 674 593 729 unius
620 673 849 728 hominis
879 675 1041 747 Deum
1071 690 1131 729 se
1158 674 1371 740 dixerit,
1396 692 1501 730 non
1529 690 1660 729 con-

44 766 296 820 cludens
313 768 363 819 in
381 780 488 820 uno
502 765 795 833 patriarcha
812 766 1101 820 dominium
1119 783 1295 833 suum,
1312 768 1402 822 sed
1418 783 1660 837 magnam

48 855 110 907 in
146 856 307 910 illum
337 871 487 907 suam
516 856 935 910 benevolentiam
965 864 1271 909 monstrans
1304 873 1316 909 :
1347 856 1438 920 ita,
1469 857 1658 925 inquit,

35 958 185 996 eum
226 945 353 999 mihi
385 946 482 1000 feci
515 947 810 1015 proprium,
840 956 897 999 ιιι
922 946 1058 1014 apud
1084 962 1169 1001 me
1200 956 1470 1017 reputctur
1497 949 1659 1013 tanti,

3250 292 3353 349 462

1771 400 1955 469 inquit,
1989 403 2243 457 Dominus
2269 413 2464 466 tecmn,
2496 402 2613 456 Fiat
2632 405 2904 457 exsecratio
2929 405 3057 459 inter
3077 422 3185 461 nos.
3215 407 3347 462 Vide

1764 490 2033 557 quomodo
2054 492 2359 561 impellente
2379 494 2699 548 conscientia
2725 497 3040 564 semetipsos
3064 498 3342 566 reprehen-

1766 580 1895 635 dere
1925 580 2195 649 festinant,
2226 599 2347 637 eum
2379 586 2552 638 nullus
2576 585 2712 638 alius
2735 596 2908 655 cogat.
2938 586 3022 641 vel
3050 586 3184 641 facta
3208 586 3343 654 obji-

1767 671 1891 724 ciat.
1918 671 2049 725 Nam
2079 673 2179 726 nisi
2208 674 2450 741 injuriam
2475 674 2753 739 fecissetis,
2772 691 2935 745 quare
2954 691 2983 729 a
3001 678 3144 744 justo
3165 679 3344 747 petitis

1768 770 1824 813 ut
1855 760 2061 814 ineatur
2102 760 2308 816 foedus?
2336 763 2440 817 Sed
2471 764 2541 817 ita
2570 780 2629 818 se
2658 763 2813 820 habet
2848 766 3098 835 injustitia
3127 785 3139 820 :
3169 770 3346 837 quoti-

1766 850 1854 903 die
1881 852 2204 905 couscientia
2232 852 2456 915 mordet,
2489 862 2542 907 et
2570 854 2757 909 silente
2786 870 2850 909 eo
2872 856 2961 925 qui
2984 856 3215 911 offensus
3240 866 3347 922 est,

1770 955 1977 1008 positam
2010 952 2167 1009 atque
2209 942 2465 995 rationem
2506 944 2645 1013 exigi
2692 955 2879 1013 putant
2915 948 3003 1014 qui
3035 949 3347 1015 injustitiatn

47 1038 254 1102 quanti
286 1038 375 1090 alii
405 1052 593 1091 omnes
624 1054 639 1091 :
686 1037 807 1090 ideo
851 1036 916 1090 Et
951 1038 1294 1107 multiplicabo
1320 1056 1485 1092 semen
1522 1049 1663 1092 tuum

49 1139 284 1196 propter
310 1128 567 1181 Abraham
594 1137 786 1197 patrem
807 1136 966 1180 tuum.
997 1128 1203 1188 Multas,
1236 1128 1433 1196 inquit,
1464 1129 1535 1182 illi
1566 1129 1661 1183 de-

52 1219 176 1271 beo
201 1218 583 1272 retributiones
609 1218 680 1271 ob
710 1232 858 1271 suam
889 1218 939 1271 in
968 1233 1053 1272 me
1078 1217 1432 1272 obedientiam
1464 1237 1475 1272 :
1508 1220 1664 1287 igitur

52 1319 296 1379 pmpter
321 1310 468 1363 illum
495 1307 848 1378 Multiplicabo
869 1324 1034 1362 semen
1055 1318 1236 1372 tuum;
1263 1310 1418 1363 simul
1440 1319 1493 1363 et
1518 1310 1662 1378 justo

56 1402 325 1454 liduciatn
368 1400 594 1465 indidit,
625 1410 679 1454 et
713 1400 847 1454 facta
877 1400 1040 1468 patris
1066 1401 1335 1455 mentione
1358 1441 1373 1465 ,
1400 1401 1467 1454 ad
1498 1416 1662 1455 temu-

55 1492 289 1546 landam
307 1504 575 1562 paternam
590 1493 833 1546 virtutem
849 1493 1169 1561 provocavit.
1189 1493 1471 1563 Postquam
1484 1504 1661 1548 autem

57 1595 218 1638 tanta
240 1585 291 1638 ei
310 1586 444 1638 bona
463 1584 723 1653 promisit,
740 1584 831 1639 25.
847 1582 1168 1652 Abdificavit,
1191 1585 1379 1654 inquit.
1396 1585 1464 1639 ibi
1479 1586 1659 1652 altare,

55 1685 109 1728 et
158 1675 411 1729 invocavit
439 1691 619 1728 nomen
648 1674 885 1738 Domini,
914 1685 961 1728 et
999 1676 1110 1744 ﬁxit
1146 1677 1252 1730 illic
1289 1678 1663 1733 tabernaculum

56 1781 246 1822 suum.
268 1765 403 1833 Quid
419 1775 521 1830 est,
542 1766 842 1833 .Edificavit
861 1768 966 1821 illic
982 1767 1175 1821 altare?
1191 1767 1488 1824 Gratiarum
1507 1771 1665 1825 actio.

56 1871 192 1921 nes,
210 1857 401 1925 inquit,
418 1858 525 1911 illic
540 1857 763 1912 Domino
777 1858 983 1922 obtulit,
999 1859 1086 1927 qui
1103 1868 1297 1913 tantam
1314 1875 1408 1929 pro
1418 1875 1667 1931 segesse-

60 1955 152 1998 rat
172 1947 612 2001 sollicitudinem.
638 1947 707 2001 Et
727 1949 962 2019 foderunt
982 1950 1087 2003 illic
1101 1951 1244 2020 pueri
1268 1949 1421 2005 Isaac
1438 1962 1660 2021 puteum.

60 2036 305 2091 Detnunt
346 2054 465 2092 cum
498 2039 792 2092 securitare
822 2040 967 2109 degit
990 2040 1166 2109 justus
1200 2062 1212 2096 :
1247 2058 1367 2095 nam
1396 2043 1485 2111 qui
1511 2043 1663 2099 dixe-

58 2140 151 2181 rat
179 2169 193 2191 ,
235 2128 345 2198 Ego
376 2141 536 2183 tecum
560 2146 704 2195 sum,
736 2138 783 2182 et
820 2130 1107 2185 benedicam
1133 2140 1210 2199 te,
1240 2141 1286 2185 et
1320 2133 1664 2202 multiplicabo

57 2237 246 2273 semen
270 2232 410 2273 tuum
434 2237 453 2274 :
481 2221 594 2289 ipse
618 2221 775 2275 simul
796 2237 916 2277 eum
940 2233 993 2277 et
1020 2223 1319 2289 illustravit,
1347 2232 1401 2279 et
1421 2226 1665 2280 omnibus

60 2311 204 2365 fecit
244 2311 608 2379 spectabilem.
655 2312 837 2381 Itaque
865 2312 983 2369 vide
1013 2314 1319 2369 Abimeleeh
1354 2316 1501 2370 illum
1529 2357 1544 2382 ,
1574 2317 1663 2385 qui

58 2404 300 2473 abigere
324 2419 444 2458 eum
470 2419 751 2473 aggressus
779 2414 883 2467 est,
908 2420 971 2460 ac
994 2405 1147 2469 dixit,
1175 2407 1269 2459 Abi
1289 2424 1319 2458 a
1342 2408 1500 2474 nobis,
1525 2390 1665 2462 nunc

58 2498 133 2550 ad
166 2512 296 2551 eum
326 2498 683 2552 accedentem.
712 2497 802 2552 26.
830 2497 929 2551 Ivit
958 2499 1119 2564 enim,
1146 2499 1329 2568 inquit,
1356 2500 1664 2566 Abimeleclt,

63 2599 116 2641 et
149 2593 427 2658 prazfectus
452 2589 672 2659 gynwcei
697 2599 742 2642 et
766 2590 871 2643 dux
894 2590 1137 2642 exercitus
1164 2592 1308 2657 ejus;
1338 2589 1428 2644 28.
1461 2601 1507 2643 et
1536 2591 1669 2644 dixit

63 2681 143 2732 eis
190 2679 341 2732 Isaac
383 2695 401 2732 :
438 2680 610 2743 Quare
645 2680 847 2733 venistis
885 2681 952 2733 ad
986 2680 1105 2733 me?
1133 2696 1217 2733 vos
1248 2690 1416 2733 autem
1445 2682 1560 2734 odio
1590 2698 1668 2734 me

68 2771 351 2835 habuistis,
382 2780 429 2823 et
455 2769 718 2839 expulistis
747 2787 777 2823 a
804 2771 958 2824 vobis.
996 2771 1153 2836 Vide,
1183 2770 1408 2825 obsecro
1427 2813 1440 2833 ,
1470 2783 1665 2841 quanta

65 2864 144 2916 sit
168 2861 526 2917 mansuetudo
542 2862 690 2932 justi.
718 2863 911 2917 Videns
932 2878 1023 2919 eos
1043 2879 1071 2917 a
1094 2864 1284 2933 quibus
1306 2864 1512 2935 fugatus
1529 2874 1664 2932 erat,

63 2962 125 3007 et
159 2952 257 3022 qui
285 2962 428 3006 tanto
453 2968 572 3006 eum
596 2953 720 3007 odio
746 2952 953 3008 fuerant
983 2955 1311 3024 prosequuti,
1336 2969 1475 3009 nunc
1500 2954 1663 3010 veluti

67 3044 353 3113 supplices
377 3043 444 3098 ad
469 3060 529 3099 se
550 3044 752 3109 venire,
776 3060 878 3099 non
900 3044 1193 3114 superbivit
1217 3055 1399 3100 contra
1420 3061 1534 3109 eos,
1559 3060 1664 3100 nou

67 3136 224 3189 elato
253 3134 350 3189 fuit
397 3136 595 3203 animo,
651 3150 857 3190 memor
910 3152 1095 3190 eorum
1142 3152 1261 3206 quae
1302 3137 1401 3191 sibi
1430 3152 1460 3191 a
1488 3137 1667 3193 Domi-

67 3243 146 3282 no
180 3228 322 3281 dicta
364 3227 568 3283 fuerant
592 3269 607 3293 ,
637 3242 809 3298 neque
838 3228 1031 3283 virtute
1058 3228 1264 3283 Domini
1296 3228 1461 3284 fretus
1494 3229 1667 3284 insur-

71 3319 219 3371 rexit
266 3327 449 3371 contra
481 3334 659 3388 regem
689 3335 702 3370 :
731 3318 823 3373 sed
862 3320 1053 3373 iterum
1080 3329 1390 3374 consuetam
1420 3335 1667 3377 mansue-

70 3409 323 3463 tudinem
352 3424 459 3477 prre
480 3424 539 3463 se
566 3410 763 3475 ferens,
787 3425 907 3463 cum
937 3425 1121 3479 magna
1144 3410 1361 3466 lenitate
1382 3412 1665 3467 verborum

66 3499 216 3552 dixit
255 3499 336 3553 eis
368 3516 381 3552 :
414 3498 582 3563 Quare
617 3500 816 3552 venistis
845 3500 913 3551 ad
956 3516 1034 3553 me
1064 3500 1090 3553 ?
1117 3517 1202 3554 vos
1230 3512 1399 3554 autent
1435 3502 1553 3556 odio
1590 3520 1669 3557 me

68 3592 330 3646 habuistis
347 3634 361 3654 ,
393 3602 439 3646 et
464 3606 496 3645 a
518 3593 655 3646 vobis
672 3592 952 3663 expulistis.
983 3593 1188 3659 Quare,
1222 3594 1389 3663 inquit
1406 3634 1423 3660 ,
1450 3596 1665 3650 censui-

66 3684 179 3737 stis
214 3692 277 3736 ttt
303 3684 453 3737 vobis
479 3684 794 3738 veniendum
834 3685 901 3739 sit
940 3685 1005 3739 ad
1039 3701 1123 3739 me
1152 3686 1429 3753 expulsum
1460 3696 1514 3742 et
1541 3687 1665 3742 odio

70 3773 363 3828 habitum?
387 3775 476 3829 28.
505 3774 573 3828 Et
602 3775 837 3829 dixerunt
865 3792 882 3829 :
918 3775 1148 3830 Videntes
1179 3777 1390 3831 vidimus
1416 3780 1532 3846 quia
1560 3779 1668 3833 Do-

66 3867 249 3917 minus
295 3876 489 3930 tecum,
521 3876 567 3919 et
597 3867 813 3919 diximus
839 3882 858 3921 :
883 3865 1004 3920 Fiat
1044 3869 1314 3922 exsecratio
1341 3869 1473 3923 inter
1502 3886 1592 3923 nos
1618 3879 1667 3924 et

67 3962 211 4009 inter
240 3967 318 4021 te,
351 3966 399 4011 et
423 3957 745 4025 disponemus
775 3958 937 4028 fcedus
967 3968 1128 4012 tecum
1150 4000 1165 4025 ,
1196 3958 1283 4014 29.
1314 3970 1369 4012 ut
1394 3976 1454 4013 ne
1489 3960 1666 4029 feceris

68 4048 341 4101 nobiscum
366 4049 554 4101 malum
571 4091 584 4110 ,
611 4051 738 4102 sicut
768 4065 857 4103 nos
885 4064 987 4102 non
1014 4051 1290 4104 abominati
1312 4067 1484 4104 sumus
1509 4061 1587 4119 te,
1619 4062 1666 4107 et

67 4144 333 4212 quomodo
363 4155 522 4199 tecum
564 4146 683 4199 bene
718 4163 890 4200 sumus
928 4149 1047 4215 usi,
1072 4158 1119 4202 et
1163 4149 1442 4205 dimisimus
1472 4160 1518 4206 te
1552 4167 1666 4207 cum

72 4253 228 4305 pace,
261 4246 309 4289 et
334 4254 467 4290 nunc
492 4238 775 4293 benedictus
801 4249 855 4293 tu
884 4256 917 4293 a
942 4239 1182 4296 Domino.

149 4330 209 4381 4.
256 4328 384 4383 Vide
410 4338 662 4399 quantutn
688 4333 1108 4389 mansuetudinis
1134 4335 1295 4390 robur
1317 4376 1333 4403 ,
1365 4347 1666 4408 quantaque

71 4420 295 4474 virtutis
335 4423 590 4489 potentia.
634 4422 766 4477 Nam
794 4423 883 4493 qui
924 4424 1129 4493 pridem
1170 4426 1495 4496 abegerant,
1524 4444 1665 4486 nunc

70 4505 301 4558 veniunt
327 4504 395 4559 ad
425 4508 759 4575 peregrinum
780 4548 795 4569 ,
821 4508 887 4562 ad
918 4510 1086 4562 virum
1113 4511 1325 4567 civitate
1353 4524 1620 4570 carentem
1644 4557 1659 4581 ,

67 4596 139 4649 ad
187 4610 430 4649 erronem
460 4617 475 4651 :
504 4607 558 4651 et
588 4611 692 4651 non
719 4598 888 4653 solum
913 4599 1281 4664 satisfaciunt,
1313 4616 1378 4657 ac
1408 4615 1663 4659 excusant

67 4705 135 4744 se
182 4688 252 4743 de
294 4691 358 4744 iis
394 4705 515 4759 qua:
553 4692 964 4756 commiserant.
992 4702 1045 4747 et
1083 4704 1419 4763 peccatorum
1449 4696 1661 4752 veniam

70 4790 291 4851 petunt,
319 4782 412 4837 sed
440 4792 494 4837 et
523 4785 812 4853 praedicant
834 4785 1053 4854 justum,
1089 4787 1425 4858 indieautque
1453 4789 1553 4844 sibi
1584 4791 1663 4845 itt-

68 4888 299 4928 cussum
324 4885 544 4938 metum,
574 4891 637 4930 ac
662 4875 980 4932 confitentur
1003 4893 1152 4932 suam
1185 4878 1543 4934 infirmitatem
1564 4922 1579 4943 ,
1611 4890 1664 4936 et

62 4968 207 5036 justi
231 4981 475 5036 magnam
501 4976 763 5022 testantur
783 4969 1050 5024 virtutem.
1076 4970 1208 5037 Quid
1234 4972 1374 5025 enim
1398 4972 1664 5029 robustius

67 5075 142 5114 eo
191 5060 282 5127 qui
321 5073 503 5113 secum
548 5058 708 5115 habet
744 5060 945 5114 Deum?
996 5061 1226 5117 Videntes
1250 5104 1263 5127 ,
1296 5065 1501 5134 inquit,
1530 5067 1664 5136 quod

70 5150 333 5203 Dominus
353 5159 516 5204 tecum
541 5162 634 5204 est.
659 5150 811 5206 Unde
834 5151 983 5206 vobis
1006 5152 1090 5207 illa
1116 5154 1374 5209 scientia?
1398 5155 1660 5222 Profecto,

67 5242 266 5296 dicunt
285 5284 299 5304 ,
330 5257 416 5297 res
447 5243 573 5313 ipsae
601 5257 699 5297 nos
725 5242 1039 5299 docuerunt.
1069 5245 1308 5301 Vidimus
1337 5257 1389 5303 te
1417 5248 1662 5303 abactum

69 5333 416 5402 abigentibos
442 5333 714 5388 fortiorem
745 5334 936 5387 factum
969 5349 1120 5401 esse,
1152 5346 1205 5391 et
1232 5347 1479 5392 vexatum
1511 5354 1603 5393 eos
1634 5355 1663 5393 a

71 5425 276 5493 qttibus
312 5424 575 5479 vexahare
604 5438 883 5493 superasse
909 5465 922 5488 ,
955 5434 1009 5479 et
1036 5442 1099 5481 ex
1131 5443 1306 5481 rerum
1338 5429 1475 5483 serie
1506 5429 1662 5483 intel-

74 5518 311 5571 leximus
356 5525 407 5569 te
450 5530 684 5584 superno
718 5515 817 5569 frui
857 5517 1072 5571 auxilio.
1121 5503 1238 5573 Hoc
1268 5530 1445 5575 autem
1473 5520 1664 5576 divina:

72 5610 131 5661 di
152 5606 495 5677 pensationis
519 5621 652 5677 opus
680 5616 762 5661 est
783 5649 796 5672 ,
823 5608 964 5678 quod
994 5623 1144 5663 mens
1169 5624 1352 5664 eorum
1379 5612 1664 5682 obstupue-

78 5702 153 5753 rit
177 5700 402 5770 justum,
435 5708 488 5755 et
512 5701 651 5772 quod
678 5700 777 5758 hoc
801 5702 1165 5772 cognoverint.
1195 5701 1452 5771 Quoniam
1478 5705 1659 5777 igitur,

1767 1042 1893 1086 sunt
1918 1034 2122 1101 operati
2153 1052 2164 1088 :
2189 1035 2427 1104 quotidie
2453 1048 2735 1105 anguntur,
2759 1047 2812 1093 et
2837 1041 2984 1109 quasi
3009 1042 3352 1113 sibimetipsis

1771 1124 2123 1193 pra‘scribnnt
2156 1136 2493 1194 peccatorum
2521 1142 2737 1182 suorum
2764 1130 3037 1185 ultionem.
3069 1132 3122 1185 Id
3148 1148 3267 1187 cum
3295 1143 3351 1188 et

1769 1213 1841 1266 illi
1869 1214 2180 1268 didicissent
2201 1256 2215 1274 .
2250 1216 2370 1281 Sit,
2404 1216 2642 1285 inquiunt
2664 1258 2678 1281 ,
2707 1221 2982 1273 exsecratio
3019 1222 3149 1275 inter
3188 1239 3279 1276 nos
3304 1233 3352 1276 et

1766 1304 1896 1356 inter
1940 1314 2004 1356 te.
2058 1304 2257 1358 Deinde
2299 1305 2479 1359 dicunt
2525 1306 2733 1375 qualem
2772 1310 3187 1365 exSecrationem
3234 1312 3349 1368 ﬁeri

1768 1397 1951 1449 velint.
1985 1393 2053 1448 Et
2092 1395 2326 1449 inibimus
2369 1397 2534 1467 [tedas
2563 1407 2759 1463 tecunt,
2792 1408 2846 1451 ut
2884 1416 2947 1453 ne
2990 1400 3166 1468 feceris
3207 1404 3349 1456 nobis

1768 1490 1957 1541 malum
1983 1530 1995 1550 ,
2026 1489 2154 1542 sicut
2192 1505 2282 1541 nos
2320 1506 2418 1542 non
2452 1506 2625 1543 sumus
2656 1500 2703 1543 te
2727 1489 3021 1546 abominati.
3054 1492 3184 1548 Vide
3211 1510 3349 1563 quo-

1768 1577 1927 1632 modo
1952 1579 2234 1648 pugnantia
2264 1578 2401 1634 inter
2428 1594 2486 1634 se
2514 1596 2622 1650 prae
2654 1580 2847 1635 mentis
2875 1596 3071 1652 angore
3090 1593 3145 1638 et
3171 1583 3351 1638 turba-

1771 1668 1912 1720 tione
1936 1668 2223 1737 loquttntur
2251 1684 2267 1723 :
2299 1667 2380 1721 Ne
2408 1670 2583 1737 feceris
2622 1669 2765 1723 nobis
2806 1670 3017 1725 malum.
3060 1671 3234 1740 Quare
3270 1673 3350 1726 sic

1773 1760 2022 1815 timuistis
2055 1761 2255 1829 justum
2280 1802 2295 1825 ,
2328 1761 2567 1817 videntes
2604 1778 2728 1817 eum
2757 1772 2954 1818 tantam
2983 1781 3093 1835 pra:
3122 1781 3181 1821 se
3211 1766 3351 1823 ferre

1768 1850 2228 1904 mansuetudinem
2256 1866 2379 1918 erga
2411 1866 2504 1906 eos
2531 1852 2619 1920 qui
2650 1852 3014 1908 lacessebant?
3042 1854 3147 1909 Sed
3177 1856 3352 1911 incor.

1770 1952 1952 2009 ruptus
1971 1940 2133 2011 judex
2158 1983 2173 2007 ,
2202 1944 2521 1997 conscientia
2543 1985 2558 2011 ,
2590 1960 2684 1999 eos
2710 1946 2962 2000 excitavit
2980 1988 2994 2010 ,
3026 1958 3079 2002 et
3106 1948 3349 2002 animad-

1768 2041 2035 2087 verterunt
2063 2042 2317 2102 quantum
2349 2050 2473 2104 erga
2499 2035 2697 2103 justum
2730 2036 2918 2107 ingrati
2950 2036 3144 2093 fuerint
3172 2056 3187 2092 :
3219 2054 3348 2108 pro-

1770 2130 1951 2191 pterca
1989 2137 2097 2191 prae
2128 2123 2315 2177 timore
2343 2136 2501 2194 atque
2527 2126 2811 2182 formidine
2850 2143 2951 2181 non
2986 2128 3264 2184 attendunt
3290 2144 3350 2185 se

1768 2212 1976 2266 diversa
2002 2222 2056 2266 et
2079 2214 2361 2283 pugnantia
2386 2215 2549 2285 loqui.
2583 2215 2664 2269 Ne
2689 2219 2863 2285 feceris
2882 2258 2897 2285 ,
2927 2220 3129 2288 inquit,
3157 2222 3348 2276 malum

1769 2302 2023 2355 nobiscum
2048 2343 2063 2367 ,
2095 2303 2225 2356 sicut
2270 2321 2359 2357 nos
2392 2316 2438 2358 te
2480 2322 2581 2359 non
2620 2306 2892 2361 abominati
2935 2326 3126 2365 sumus.
3174 2311 3350 2379 Quare

1770 2396 1927 2464 igizur
1953 2397 2240 2465 ahegistis?
2284 2397 2476 2452 Verum
2517 2398 2691 2468 justus
2735 2416 2837 2453 non
2882 2403 3010 2470 petit
3049 2403 3345 2466 rationem,

1770 2501 1941 2555 neque
1971 2489 2300 2555 expostulat,
2335 2504 2506 2558 neque
2529 2506 2713 2544 eorum
2736 2491 2878 2546 dicta
2903 2494 3092 2563 arguit.
3121 2492 3188 2547 Et
3216 2512 3347 2564 quo-

1769 2578 1919 2630 moqlo
1942 2619 1955 2641 ,
1987 2578 2186 2646 inquit,
2220 2579 2339 2633 bene
2364 2589 2412 2633 te
2437 2581 2512 2633 usi
2539 2598 2712 2635 sumus
2735 2622 2750 2645 ,
2777 2593 2821 2637 et
2851 2583 3131 2639 dimisimus
3160 2595 3208 2640 te
3234 2603 3349 2640 cum

1771 2683 1895 2735 pace
1917 2709 1930 2731 ,
1979 2680 2024 2721 et
2054 2685 2186 2722 nunc
2215 2679 2269 2722 tu
2294 2669 2578 2726 benedictus
2605 2690 2637 2725 a
2675 2672 2913 2728 Domino.
2944 2675 3103 2730 Vides
3141 2693 3235 2732 eos
3259 2692 3350 2732 sn-

1772 2776 1987 2830 pernam
2029 2762 2309 2816 vindictam
2350 2764 2605 2819 timuisse.
2646 2764 2847 2821 Noraut
2882 2768 3023 2821 enim
3051 2770 3191 2837 quod
3227 2770 3350 2825 licet

1772 2854 1884 2920 ipse
1909 2862 2122 2922 propter
2148 2854 2526 2908 humanitatem
2555 2870 2703 2909 suam
2733 2873 2836 2913 non
2869 2859 3209 2915 ulcisceretur
3227 2877 3348 2931 qua:

1770 2940 2005 2997 fecerant
2027 2984 2042 3009 ,
2072 2959 2193 2998 eum
2236 2954 2381 2999 certe
2407 2944 2497 3014 qui
2546 2955 2743 3001 tantam
2769 2948 2883 3016 ejus
2910 2963 3089 3002 curam
3119 2951 3348 3017 agebat,

1770 3035 2116 3105 repetiturum
2146 3050 2265 3091 esse
2290 3036 2549 3091 rationem
2577 3052 2758 3091 eorum
2782 3053 2897 3108 qua:
2922 3040 2974 3093 in
2991 3040 3189 3109 justum
3213 3042 3347 3097 facta

1770 3127 1981 3183 fuerant
2013 3146 2024 3181 :
2055 3138 2338 3198 eaprojiter
2361 3129 2561 3199 justum
2606 3130 2815 3200 placant
2837 3173 2853 3199 ,
2897 3140 2951 3187 ct
2977 3142 3185 3201 pactum
3215 3135 3349 3190 inire

1770 3234 1891 3274 cum
1932 3234 1997 3274 eo
2037 3220 2289 3283 student,
2321 3220 2480 3275 simul
2519 3231 2572 3275 et
2612 3236 2707 3292 pro
2753 3224 2816 3277 iis
2858 3240 2975 3293 qua:
3022 3223 3156 3279 facta
3196 3235 3350 3280 erant

1770 3310 2028 3365 rationem
2072 3311 2355 3366 reddentes
2378 3352 2394 3378 ,
2427 3322 2481 3367 et
2524 3313 2574 3366 in
2621 3313 2850 3368 futurum
2880 3316 3218 3371 securitatem
3249 3317 3350 3372 sibi

1771 3402 2135 3458 concilianles.
2180 3404 2270 3458 50.
2300 3403 2365 3457 Et
2404 3405 2521 3475 fecit
2558 3405 2630 3459 eis
2657 3446 2672 3472 ,
2716 3405 2918 3476 inquit,
2961 3408 3275 3471 convivium,
3305 3416 3350 3462 et

1771 3496 2088 3549 comederunt
2112 3505 2158 3549 et
2181 3496 2409 3551 biberunt
2435 3513 2454 3551 :
2474 3498 2561 3552 51.
2592 3508 2637 3551 et
2668 3515 2781 3552 cum
2806 3501 3137 3555 surrexissent
3165 3518 3311 3555 mane
3331 3543 3348 3569 ,

1762 3589 1957 3659 juravit
1980 3590 2319 3660 unusquisque
2347 3590 2576 3658 proximo
2604 3607 2697 3644 suo
2721 3632 2736 3655 ,
2764 3601 2809 3645 et
2833 3592 3023 3645 dimisit
3048 3609 3131 3646 eos
3154 3593 3309 3647 Isaac
3331 3634 3348 3659 ,

1769 3691 1817 3735 ct
1846 3681 2177 3735 discesserunt
2201 3682 2265 3735 ab
2291 3698 2348 3735 eo
2375 3698 2490 3735 cum
2516 3683 2696 3737 salute.
2727 3682 2857 3738 Vide
2895 3685 3022 3753 justi
3051 3684 3349 3753 benignita-

1771 3782 1876 3827 tem
1904 3815 1918 3835 .
1949 3773 2217 3842 quomodo
2241 3788 2361 3829 cum
2393 3774 2471 3828 eis
2499 3774 2699 3843 absque
2732 3775 3031 3830 vindicandi
3062 3776 3348 3846 cupiditate

1772 3864 2004 3933 loquitur
2033 3882 2045 3917 :
2075 3875 2127 3919 et
2156 3878 2261 3918 non
2297 3866 2465 3939 solum
2496 3865 2824 3919 obliviscitur
2852 3881 3036 3920 eorum
3067 3883 3183 3937 qua:
3211 3868 3262 3923 itt
3291 3882 3350 3922 se

1772 3958 1927 4020 facta.
1950 3957 2043 4012 sed
2071 3972 2257 4027 magna
2282 3957 2638 4026 hospitalitate
2668 3958 2783 4011 illos
2804 3960 3019 4028 excipit.
3047 3959 3185 4012 Fecit
3207 3962 3349 4014 enim

1769 4050 1839 4104 eis
1855 4049 2152 4115 convivium,
2174 4059 2220 4102 et
2248 4051 2562 4103 comederunt
2589 4060 2635 4104 et
2665 4049 2905 4104 biberunt.
2938 4051 3191 4105 Convivio
3219 4055 3349 4107 satis

1770 4149 1916 4196 certa
1954 4140 2044 4194 dat
2076 4148 2383 4209 argumenta
2408 4180 2422 4202 ,
2452 4155 2511 4195 se
2550 4155 2655 4194 non
2696 4140 2808 4195 fore
2849 4158 3137 4197 memorem
3164 4159 3348 4197 eorum

1770 4248 1889 4303 qua:
1914 4232 1966 4285 in
1994 4246 2051 4286 se
2079 4231 2474 4286 commiserant.
2501 4231 2568 4285 Et
2588 4233 2775 4287 dimisit
2799 4250 2899 4309 eos,
2930 4234 3117 4306 inquit,
3141 4246 3184 4288 et
3210 4235 3349 4290 abie-

1767 4336 1885 4380 runt
1909 4342 2022 4379 cum
2047 4326 2227 4381 salute.
2256 4322 2581 4396 Signiﬁcavit
2602 4341 2696 4397 per
2722 4326 2823 4381 hoc
2847 4328 3022 4381 divina
3049 4328 3345 4397 Scriptura,

1768 4432 1863 4473 eos
1893 4434 2085 4488 magno
2121 4434 2242 4472 cum
2280 4419 2470 4472 timore
2499 4418 2810 4485 advenisse,
2844 4421 3135 4491 perieulum
3161 4437 3337 4491 empe-

1768 4516 1975 4563 ctantes
1998 4550 2013 4573 ,
2042 4518 2096 4562 et
2120 4509 2187 4563 de
2211 4524 2389 4564 rerum
2414 4525 2619 4565 summa
2642 4552 2657 4576 ,
2688 4520 2746 4565 ut
2778 4512 2846 4566 ita
2871 4512 3043 4567 dicam
3068 4555 3084 4580 ,
3102 4516 3307 4571 anxios
3333 4555 3348 4578 ,

1769 4611 1828 4656 ut
1879 4612 2195 4657 excusarent
2238 4616 2337 4666 se,
2384 4602 2450 4657 ad
2497 4603 2697 4672 justum
2741 4606 3103 4661 contendisse.
3163 4608 3350 4665 Vidisti

1769 4694 2038 4765 quomodo
2064 4694 2191 4748 nihil
2218 4695 2440 4750 validius
2466 4696 2697 4752 virtute?
2724 4697 2854 4752 nihil
2882 4698 3145 4766 potentius
3165 4715 3351 4768 super-

1767 4786 1851 4841 nis
1876 4786 2087 4841 auxiliis
2110 4785 2284 4842 freto?
2307 4787 2496 4843 Postea
2518 4788 2644 4843 dicit
2670 4806 2682 4841 :
2710 4788 2795 4843 39..
2820 4786 2884 4841 In
2906 4790 2986 4844 die
3010 4790 3097 4843 illo
3124 4790 3351 4845 abierunt

1768 4879 1908 4948 pueri
1943 4876 2092 4931 Isaac
2111 4919 2126 4943 ,
2157 4886 2203 4931 et
2229 4880 2464 4948 foderunt
2488 4889 2711 4947 puteum,
2738 4889 2784 4932 et
2811 4880 3044 4933 dixerunt
3075 4895 3093 4930 :
3126 4879 3241 4934 Non
3267 4883 3347 4934 in-

1764 4971 1986 5025 venimus
2027 4986 2229 5042 aquam.
2260 4971 2346 5025 55.
2376 4969 2443 5023 Et
2479 4971 2667 5023 vocavit
2700 4985 2813 5022 eum
2833 5011 2847 5034 ,
2875 4969 3249 5023 Juramentum.
3284 4966 3347 5018 Et

1766 5064 1952 5118 idcirco
1975 5064 2169 5118 vocavit
2196 5079 2374 5116 nomen
2400 5062 2587 5114 civitati
2606 5104 2621 5128 ,
2652 5060 2842 5115 Puteus
2866 5062 3135 5130 juramenti
3154 5100 3168 5123 ,
3194 5075 3348 5128 usque

1766 5157 1817 5209 in
1850 5155 2147 5208 hodiernum
2173 5154 2327 5207 diem.
2358 5152 2487 5213 Vide
2512 5163 2564 5206 et
2590 5153 2691 5215 hic,
2716 5169 2779 5206 ex
2806 5152 2868 5204 iis
2888 5168 3005 5221 qua:
3033 5152 3164 5204 facta
3186 5160 3305 5204 sunt
3328 5192 3343 5215 ,

1767 5248 1886 5302 loco
1916 5264 2106 5308 nomen
2148 5247 2472 5316 impositum.
2504 5246 2632 5299 Nam
2662 5245 2781 5315 quia
2809 5244 3005 5301 eifosso
3034 5255 3189 5314 puteo
3217 5244 3344 5297 nihil

1767 5340 2082 5392 invenerunt
2104 5337 2152 5390 in
2177 5336 2263 5389 die
2285 5335 2374 5390 illo
2395 5336 2812 5404 quojuramenta
2841 5336 2976 5390 inter
3000 5350 3057 5388 se
3084 5334 3342 5399 fecerunt,

1768 5428 1989 5481 Puteum
2031 5426 2317 5496 juramenti
2359 5426 2565 5479 vocavit
2603 5440 2793 5479 nomen
2822 5426 2921 5479 loci
2946 5466 2959 5485 .
2994 5435 3048 5478 ut
3086 5422 3343 5478 factorum

1770 5518 1985 5572 duraret
2032 5518 2306 5572 memoria.
2357 5516 2542 5571 Vidisti
2589 5517 2856 5587 quomodo
2896 5517 3071 5586 jusms
3102 5516 3224 5579 ille,
3255 5515 3344 5584 qui

1768 5629 1938 5683 neque
1965 5628 1993 5666 a
2021 5613 2137 5682 lege
2161 5610 2400 5665 eruditus
2439 5609 2533 5664 fuit
2552 5652 2568 5677 ,
2599 5625 2769 5681 neque
2796 5609 2860 5665 ad
2890 5611 3121 5681 aliquem
3150 5610 3342 5662 virtute

1773 5706 2049 5778 praeditum
2080 5704 2341 5776 reSpicere
2370 5704 2560 5775 potuit,
2591 5703 2684 5761 sed
2714 5706 2876 5774 patris
2902 5701 3120 5773 vestigia
3152 5715 3344 5770 sequu-
