3730 6252
473 269 579 323 463

474 391 581 446 tus,
604 392 656 437 et
679 383 869 438 ductus
894 398 922 437 a
952 384 1273 438 conscientia
1294 385 1545 454 magistra
1577 384 1824 439 humana:
1850 394 2052 438 naturm

475 475 627 528 insita
649 516 664 539 ,
696 484 892 529 tantam
922 474 1162 528 exhibuit
1202 474 1628 544 philosophiam?
1670 476 1798 542 Qua:
1822 475 1963 528 enim
1996 473 2064 528 ab

474 579 542 617 eo
570 564 707 619 facta
749 573 871 617 sunt
892 605 906 628 ,
939 579 1043 617 non
1071 564 1242 618 solum
1273 566 1731 620 mansuetudinem
1762 566 2065 620 indicabant

470 656 625 724 justi,
655 656 747 709 sed
777 666 830 709 et
859 667 1118 724 przrcepta
1145 656 1341 711 Christi
1370 660 1480 711 suis
1512 658 1659 712 illum
1687 658 1938 726 operibus
1967 659 2066 711 im-

476 747 627 816 plere
669 746 1040 801 ostendebant.
1081 748 1212 802 Nam
1246 750 1294 802 id
1333 751 1474 819 quod
1514 749 1758 805 Christus
1792 750 2065 819 discipulis

477 838 587 889 suis
623 839 939 908 pratcipiens
972 847 1026 893 et
1064 840 1358 894 admonens
1386 841 1594 895 dicebat
1620 883 1634 905 ,
1669 859 1734 895 ne
1760 843 1907 897 solos
1945 842 2063 896 dilic

473 936 657 997 gentes
686 926 1005 996 diligerent,
1036 931 1127 983 sed
1158 941 1211 984 et
1238 947 1360 1001 erga
1395 934 1637 987 inimicos
1668 935 1941 987 caritatem
1969 950 2065 988 ex-

477 1018 720 1072 hiberem
756 1018 984 1089 (Matth.
1018 1021 1071 1075 5.
1100 1022 1207 1092 44)
1240 1041 1251 1075 :
1284 1022 1383 1077 hoc
1414 1024 1501 1078 ille
1543 1039 1681 1077 nunc
1711 1025 1876 1078 multo
1910 1034 2063 1078 antea

480 1107 772 1177 implebat,
824 1120 875 1165 et
930 1121 1070 1165 tanta
1128 1112 1485 1182 hospitalitate
1533 1116 1791 1169 tractabat
1837 1131 1931 1170 eos
1973 1116 2065 1185 qui

478 1215 671 1269 magno
715 1201 887 1271 ipsum
930 1203 1053 1258 odio
1099 1207 1399 1275 prosequnti
1447 1208 1653 1261 fuerant
1688 1225 1697 1259 :
1742 1222 2063 1278 omnemque

477 1290 721 1347 vindicue
747 1295 1085 1361 cupiditatem
1112 1298 1291 1351 animo
1318 1312 1413 1350 suo
1438 1299 1768 1351 excludehat.

548 1385 602 1438 5.
646 1384 864 1439 Herulis
892 1387 1141 1456 epilogus.
1177 1418 1248 1425 —
1290 1388 1401 1452 Qua
1432 1389 1587 1457 igitur
1615 1405 1710 1441 nos
1742 1390 1890 1443 venia
1918 1389 2061 1459 digni

476 1474 677 1529 erimus
700 1516 715 1542 ,
748 1478 834 1545 qui
879 1485 997 1545 post
1025 1477 1246 1546 gratiam
1270 1519 1284 1543 ,
1317 1489 1431 1546 post
1462 1488 1658 1533 tantam
1688 1480 1981 1534 doctrinam
2010 1488 2064 1533 et

475 1561 767 1620 Salvatoris
794 1576 1053 1637 praecepta
1082 1608 1096 1631 ,
1128 1584 1298 1638 neque
1324 1568 1389 1621 ad
1418 1570 1573 1639 hujus
1603 1571 1729 1639 justi
1759 1582 2062 1625 mensuram

477 1658 759 1725 pervenire
784 1659 1065 1713 valemus?
1092 1660 1160 1713 Et
1183 1660 1308 1731 quid
1332 1661 1473 1727 dico,
1496 1662 1562 1717 ad
1584 1663 1698 1732 ejus
1721 1663 2065 1717 mensuram?

478 1750 659 1818 Neque
707 1765 873 1818 prope
915 1752 1126 1807 adSIare
1174 1767 1475 1821 possumus.
1524 1756 1689 1809 Tanta
1732 1758 1873 1810 enim
1925 1772 2065 1810 nunc

478 1840 693 1893 malitiae
735 1841 1055 1895 abundantia
1098 1843 1318 1897 obduxit
1359 1846 1535 1899 omnia
1560 1886 1575 1909 ,
1608 1856 1665 1900 ut
1697 1856 1751 1901 et
1783 1847 2065 1918 diligentes

475 1930 694 2000 diligere
721 1946 805 1987 res
834 1933 1117 1989 admodum
1148 1950 1264 1990 rara
1293 1937 1383 1990 sit.
1419 1937 1568 1993 Unde
1611 1940 1769 2009 igitur
1795 1940 1949 1994 nobis
1977 1955 2064 1995 sa-

476 2023 602 2076 lutis
644 2040 804 2094 spes,
847 2026 891 2079 si
924 2027 1219 2095 publicanis
1260 2028 1553 2085 deteriores
1594 2031 1885 2085 fuerimus?
1928 2033 2065 2087 sicut

477 2113 607 2168 dicit
633 2115 896 2171 Christus.
933 2117 993 2172 Si
1031 2118 1241 2189 diligitis
1265 2119 1528 2191 diligentes
1557 2138 1669 2187 vos,
1699 2123 1822 2191 quid
1846 2125 2066 2193 amplius

478 2207 685 2274 facitis?
712 2224 877 2262 nonne
903 2218 949 2263 et
977 2211 1231 2280 publicani
1273 2213 1366 2266 hoc
1392 2215 1587 2284 faciunt
1614 2216 1633 2285 (
1664 2215 1802 2269 Ibid.
1831 2234 1878 2269 υ.
1905 2218 1974 2272 46
2004 2217 2064 2287 )?

480 2296 547 2350 Et
584 2297 826 2353 Christus
864 2302 1079 2369 quidem
1117 2303 1300 2359 volens
1336 2320 1431 2358 nos
1464 2306 1531 2360 ad
1559 2321 1824 2363 summmn
1856 2310 2065 2365 virtutis

480 2388 663 2443 venire
700 2389 961 2460 fastigium
986 2434 1000 2457 ,
1035 2392 1137 2447 illis
1175 2397 1481 2463 superiores
1509 2398 1621 2452 vult
1650 2413 1770 2455 esse
1803 2419 1816 2454 :
1844 2415 1943 2455 nos
1972 2416 2065 2455 au-

482 2488 586 2533 tem
614 2480 891 2537 inferiores
918 2500 1037 2540 esse
1064 2486 1358 2542 studemus.
1390 2489 1455 2543 Et
1482 2490 1606 2559 quid
1634 2490 1753 2545 dico
1778 2534 1793 2557 ,
1825 2493 2067 2563 publica-

480 2571 598 2625 nis?
645 2572 945 2630 Deteriores
984 2586 1037 2630 et
1079 2578 1400 2644 latronibus,
1433 2590 1487 2635 et
1518 2582 1882 2651 sepulcrorum
1924 2586 2066 2640 dire-

482 2664 737 2729 ptoribus,
768 2676 821 2720 ct
848 2666 1147 2723 homicidis.
1180 2670 1384 2724 Etenim
1419 2672 1469 2725 hi
1502 2689 1690 2728 omnes
1718 2675 1943 2745 diligunt
1972 2694 2066 2735 eos

480 2758 568 2826 qui
608 2773 732 2828 erga
759 2774 817 2814 se
848 2761 984 2817 bene
1022 2761 1197 2817 allecti
1237 2774 1358 2817 sunt
1382 2808 1396 2830 ,
1425 2775 1478 2819 et
1507 2781 1873 2836 smpcnumero
1903 2771 2062 2825 etiam

480 2864 577 2917 pro
623 2849 831 2905 dilectis
879 2853 1262 2920 periclitantur.
1319 2855 1453 2923 Quid
1505 2858 1665 2928 igitur
1707 2858 1867 2914 fuerit
1912 2862 2064 2914 nobis

481 2940 871 3007 miserabilius,
917 2944 1004 3013 qui
1055 2956 1252 3001 tantam
1295 2963 1322 2999 a
1374 2948 1596 3004 Domino
1644 2951 2062 3007 misericordiam

479 3034 619 3089 nacti
646 3050 851 3101 sumus,
880 3048 932 3092 et
964 3039 1240 3095 innumera
1273 3042 1410 3095 mala
1436 3043 1747 3098 facientibus
1772 3045 2065 3101 deteriores

480 3123 816 3180 imeiimur?
862 3128 1093 3185 Obsecro
1138 3132 1335 3201 igitur,
1382 3137 1675 3204 cogitemus
1724 3146 1777 3189 et
1821 3137 2061 3206 supplicii

478 3220 890 3287 magnitudinem
916 3262 931 3286 ,
968 3231 1022 3277 et
1078 3225 1403 3278 confusionis
1443 3241 1560 3295 quae
1598 3227 1721 3282 alibi
1770 3228 1943 3283 futura
1983 3239 2067 3284 est

478 3312 785 3377 gravitatem
808 3354 822 3376 ,
855 3327 916 3367 ac
944 3316 1025 3368 vel
1056 3316 1244 3369 saltem
1276 3334 1413 3371 nmtc
1451 3325 1682 3373 nostram
1710 3335 2063 3389 agnoscamus

478 3404 888 3468 generositatem
912 3446 929 3470 ,
970 3416 1025 3460 et
1067 3408 1495 3477 obtemperemus
1533 3410 1790 3465 doctrina:
1832 3414 2061 3481 Christi,

482 3506 547 3547 ac
575 3508 679 3547 non
710 3496 880 3550 solum
914 3512 1011 3553 nos
1036 3498 1313 3568 diligentes
1343 3500 1550 3557 sincere
1576 3503 1854 3573 diligamus
1875 3546 1890 3567 ,
1919 3508 2064 3561 omni

480 3585 606 3639 alio
631 3595 684 3639 et
710 3588 902 3642 invidia
929 3590 995 3643 ab
1020 3590 1297 3646 animabus
1325 3595 1519 3648 nostris
1545 3595 1829 3652 eliminatis
1853 3616 1865 3650 :
1891 3599 1983 3652 sed
2012 3608 2068 3654 et

482 3692 576 3732 eos
604 3679 690 3749 qui
723 3680 987 3739 hostiliter
1016 3698 1113 3738 nos
1143 3695 1533 3757 persequuntur
1553 3731 1568 3752 ,
1600 3688 1820 3758 diligere
1848 3693 2064 3747 studea-

480 3784 631 3823 mus:
664 3786 835 3843 neque
862 3775 1000 3828 enim
1029 3775 1182 3830 aliter
1225 3777 1448 3832 salutem
1479 3781 1729 3850 consequi
1764 3797 1860 3836 nos
1898 3784 2070 3852 possi-

478 3860 583 3916 bile
609 3864 728 3927 erit,
763 3866 861 3920 nisi
896 3866 990 3921 hac
1021 3867 1329 3924 incedamus
1357 3871 1439 3925 via
1467 3880 1559 3927 :et
1588 3874 1755 3943 magis
1780 3890 1940 3945 quam
1971 3891 2066 3932 eos

484 3955 570 4023 qui
603 3972 701 4009 nos
730 3956 978 4029 diligunt,
1008 3961 1128 4013 illos
1158 3961 1379 4031 diligere
1409 3964 1733 4034 studeamus,
1765 3977 1948 4037 utpote
1978 3972 2064 4041 qui

484 4047 639 4101 nobis
665 4048 1062 4104 innumerorum
1093 4052 1177 4105 bon
1200 4066 1352 4107 orum
1380 4055 1485 4108 sint
1508 4068 1774 4112 auctores.
1811 4059 1899 4114 Sic
1923 4062 2065 4115 enim

483 4146 538 4191 ct
577 4149 913 4208 peccatorum
959 4150 1260 4197 nostrorum
1303 4146 1670 4202 remissionem
1709 4150 1949 4207 invenire
1972 4192 1986 4216 ,
2014 4163 2069 4208 et

487 4229 758 4286 humiliata
790 4241 968 4289 mente
992 4247 1047 4289 et
1075 4238 1299 4290 contrita
1338 4240 1513 4293 anima
1544 4240 1708 4295 Deum
1738 4244 1941 4311 precari
1966 4259 2066 4314 po-

486 4324 728 4379 terimus.
755 4326 888 4392 Quia
916 4338 1035 4381 cum
1065 4329 1237 4382 animi
1276 4328 1344 4383 ab
1370 4332 1511 4385 omni
1539 4333 1662 4386 odio
1697 4333 1861 4390 libera
1892 4347 2068 4392 mente

485 4418 766 4487 tranquilla
789 4427 904 4481 est,
939 4419 1215 4474 Dcminum
1244 4422 1429 4477 sedulo
1456 4423 1702 4492 invocat,
1737 4427 2068 4499 multumque

484 4506 587 4562 sibi
615 4522 842 4575 superne
871 4511 1122 4565 auxilium
1151 4513 1397 4568 conciliat
1427 4531 1441 4573 :
1468 4516 1606 4586 quod
1639 4517 1792 4574 nobis
1820 4520 2068 4576 omnibus

485 4602 809 4657 concedatur
831 4646 843 4668 ,
875 4605 1040 4672 gratia
1072 4614 1125 4660 et
1156 4605 1477 4677 benignitate
1514 4610 1721 4666 Domini
1751 4615 1916 4669 nostri
1941 4614 2068 4669 Jesu

486 4691 715 4757 Christi,
743 4695 824 4746 cui
853 4695 1020 4763 gloria
1048 4712 1169 4749 cum
1199 4695 1355 4752 Patre
1380 4709 1433 4753 et
1461 4711 1644 4755 sancto
1670 4703 1897 4772 Spiritu,
1928 4718 2070 4760 nunc

487 4793 541 4838 et
565 4799 795 4855 semper,
824 4796 877 4840 et
902 4788 952 4841 in
978 4788 1171 4842 smcula
1200 4790 1533 4845 surculorum.
1568 4793 1758 4848 Amen.

1054 4878 1334 4935 HOMlLlA
1373 4881 1502 4937 Llll.

488 4966 614 5021 Erat
642 4977 807 5023 autent
835 4968 973 5025 Esau
997 4987 1244 5026 annorum
1273 4975 1626 5043 quadraginta,
1651 4986 1695 5029 et
1723 4977 1866 5031 duxit
1889 4978 2070 5034 Iudith

557 5061 720 5130 ﬁliam
763 5060 884 5116 Beel
916 5062 992 5134 (a)
1031 5060 1261 5127 Chetlrei,
1314 5074 1359 5117 et
1406 5065 1676 5120 Basemalh
1717 5070 1875 5135 ﬁliam
1923 5070 2071 5124 Elom

557 5149 718 5217 Ertei,
747 5163 793 5207 et
815 5156 1179 5223 exasperabant
1206 5154 1355 5210 Isaac
1395 5167 1442 5211 et
1490 5156 1763 5212 Rebecca»:
1800 5159 1947 5230 (Gen.
1977 5162 2067 5218 9.6.

561 5243 647 5298 st.
678 5246 793 5316 εδ).

562 5361 615 5413 l.
642 5362 753 5431 Age
781 5372 833 5417 et
864 5363 1018 5417 hodie
1049 5364 1091 5417 si
1124 5365 1292 5434 placet
1323 5368 1691 5437 aggrediamur
1717 5385 1776 5424 ea
1807 5387 1921 5441 qum
1952 5373 2069 5428 heri

552 5480 624 5541 (a)
657 5482 1108 5533 ttehraicustextus
1128 5484 1274 5532 ηδε.
1320 5478 1517 5541 Vulgata
1561 5489 1699 5531 recte
1740 5482 1894 5532 Peeri.
1945 5491 2069 5534 \‘oce

487 5547 821 5605 autentlatiua
850 5544 972 5599 Isi-el,
998 5554 1222 5595 accurate
1250 5550 1593 5603 interpretatur
1610 5545 1770 5591 versit)
1787 5552 1942 5593 (trabea
1962 5560 2067 5605 Βινίλ.

487 5611 632 5651 Porro
656 5604 759 5651 htrc
782 5606 941 5653 Vt'l‘SlO
962 5614 1121 5655 Gneca
1147 5610 1355 5656 maxime
1381 5607 1591 5654 omnium
1610 5606 1667 5653 ad
1693 5606 1971 5655 Hebraicam
1996 5604 2069 5656 le-

486 5668 698 5729 euenerit
710 5666 908 5729 accedit.
928 5674 1040 5714 ‘Nam
1064 5670 1189 5729 quod
1217 5683 1304 5727 sua
1323 5669 1511 5729 legatur
1535 5682 1623 5728 pro
1649 5678 1785 5725 acer,
1802 5678 1885 5719 aut
1912 5672 2065 5727 Beeri,

488 5726 541 5773 id
574 5725 698 5774 haud
730 5725 881 5775 dubie
908 5736 1068 5777 ortum
1082 5725 1153 5778 ἐει
1182 5725 1579 5780 transmutatione
1605 5730 1851 5779 literarum
1867 5725 2063 5781 ltebraié

1220 272 1275 327 S.
1315 269 1592 326 JOANNIS
1631 268 2100 323 CIIRYSOSTOMI
2145 270 2462 327 AllCﬂlEP.
2505 273 3036 329 CONSTANTINOP.
3590 283 3645 332 ιει

2167 384 2307 439 dicta
2351 396 2664 456 sequuntur,
2688 398 2739 442 et
2776 389 3005 457 singula,
3030 397 3295 458 quantum
3328 386 3470 443 nobis
3492 400 3651 447 ωιαέο

2165 484 2271 544 tur,
2297 479 2622 546 aperiamus,
2649 489 2705 533 ut
2732 478 2950 533 domum
2977 494 3099 533 cum
3128 480 3362 532 utilitate
3388 480 3536 548 aliqua
3554 485 3653 539 reduc

2165 567 2454 635 possimus.
2482 569 2769 624 Videamus
2806 570 2984 639 igitur,
3014 582 3134 639 qua:
3162 571 3396 637 primum
3435 569 3543 623 lecta
3576 590 3653 631 sua.

2166 659 2255 713 54.
2283 658 2408 712 Erat
2434 669 2601 713 autem
2633 660 2790 725 Esaii,
2816 662 3005 730 inquit,
3046 678 3306 714 armorum
3334 663 3655 731 quadrngim.¢z

2170 750 2366 820 accepit
2391 749 2574 803 Iudith
2601 753 2763 819 ﬁliam
2800 751 2922 805 Beel
2948 751 3180 817 Chetta'i,
3209 761 3261 804 et
3296 749 3541 804 Basematti
3568 757 3655 820 the:

2169 840 2320 894 Elom
2349 841 2490 894 Evtrt'
2516 856 2535 894 :
2570 842 2660 897 35.
2693 854 2739 896 et
2777 844 3143 912 exasperabaat
3183 840 3347 895 Isaac
3385 852 3429 894 et
3461 842 3655 897 Hebrum

2169 931 2303 987 Vide
2319 943 2512 1003 quanta
2532 950 2595 987 ex
2615 935 2796 1004 paucis
2819 935 2901 988 his
2918 935 3092 988 verbis
3114 933 3325 987 addisci
3346 936 3657 1002 possumne».

2169 1025 2311 1079 enim
2342 1027 2497 1080 nobis
2524 1042 2805 1081 numerum
2851 1042 3111 1080 annorum
3164 1027 3317 1081 Esau
3361 1027 3657 1095 signaritih

2168 1116 2371 1185 absque
2408 1132 2600 1183 causa,
2641 1118 2736 1172 sed
2790 1130 2845 1171 ut
2898 1128 3231 1173 senectutem
3274 1116 3526 1170 discamus

2169 1220 2395 1275 eumque
2415 1208 2523 1274 jam
2551 1218 2860 1275 provectum
2888 1208 3049 1262 fuisse
3071 1216 3253 1261 aetate.
3285 1206 3416 1260 Nam
3436 1207 3475 1259 si
3493 1223 3659 1263 iocatus

2170 1296 2425 1350 fuerimus
2446 1314 2630 1352 eorum
2656 1314 2775 1367 quae
2802 1308 2955 1353 antea
2979 1299 3116 1353 dicta
3145 1306 3297 1361 sunt,
3320 1309 3371 1350 et
3398 1304 3657 1367 cumquasi.

2172 1389 2372 1457 accepit
2388 1388 3059 1459 Rebeccam,quadraginta
3078 1406 3353 1443 annorum
3373 1390 3661 1458 fuissentsu-

2170 1487 2347 1531 autem
2381 1479 2487 1532 nati
2515 1489 2641 1534 sunt
2668 1480 2716 1535 ei
2748 1480 2862 1547 lilii,
2897 1497 3160 1535 annorum
3192 1481 3497 1550 sexaginta:
3522 1499 3662 1535 scias:

2170 1587 2292 1626 eum
2327 1587 2467 1626 nunc
2494 1576 2858 1628 centenarium
2888 1589 3031 1641 esse,
3059 1586 3115 1629 et
3140 1576 3199 1629 in
3230 1573 3600 1645 profundissima

2171 1676 2406 1721 nectute.
2436 1668 2698 1733 Quoniam
2728 1668 2871 1723 enim
2913 1668 3133 1738 posthac
3168 1678 3480 1722 narraturus
3500 1678 3663 1733 esten

2172 1759 2334 1813 modo
2361 1774 2470 1829 prae
2511 1762 2661 1815 senio
2693 1759 2973 1815 hebetatos
2995 1760 3185 1815 oculos
3210 1759 3476 1824 habuerit,
3502 1759 3590 1813 ideo
3614 1779 3665 1812 ss-

2172 1865 2383 1904 rnerum
2403 1864 2667 1905 annorum
2698 1851 2839 1905 Esau
2865 1856 3119 1921 assignat,
3143 1860 3205 1905 ut
3235 1851 3365 1905 inde
3392 1861 3567 1919 tempus
3586 1852 3666 1904 Issa

2172 1953 2322 1997 certo
2358 1943 2497 1997 scire
2546 1944 2836 2013 possimus.
2877 1942 3169 2013 Propterea
3210 1943 3381 2007 dicit,
3422 1942 3530 1996 Erat
3558 1955 3659 1994 ala

2174 2035 2316 2089 Esau
2342 2051 2591 2089 annorum
2638 2036 2995 2107 quadraginta.
3046 2035 3254 2089 Deinde
3302 2044 3355 2088 ut
3404 2035 3591 2088 sciamus
3617 2038 3664 2087 Li

2172 2128 2289 2198 ejus
2330 2128 2707 2194 temeritatem,
2739 2128 2829 2196 qui
2861 2141 3054 2181 uxores
3092 2126 3335 2180 ducebat
3376 2140 3406 2179 a
3446 2126 3664 2195 gentihcs.a

2172 2221 2364 2290 quibus
2392 2236 2495 2274 non
2527 2220 2826 2288 oportebat,
2855 2218 3147 2273 declaravit
3177 2219 3363 2284 nobis,
3399 2234 3539 2272 una
3572 2220 3663 2271 {uiae

2171 2327 2236 2367 ex
2264 2328 2460 2382 genere
2478 2312 2860 2378 Chettaeorum,
2876 2312 3031 2364 aliam
3058 2321 3237 2366 autem
3270 2328 3338 2365 ex
3361 2326 3538 2381 genere
3556 2310 3661 2363 Em

2173 2420 2328 2470 rum;
2360 2404 2603 2473 quamvis
2646 2402 2779 2456 nihil
2816 2403 2923 2457 tale
2969 2418 3090 2456 eum
3138 2418 3306 2471 agere
3356 2403 3661 2471 Oportehsmp

2174 2497 2449 2552 didicisset
2467 2505 2716 2566 quantam
2736 2495 3057 2566 diligentiam
3088 2494 3402 2565 patriarcha
3420 2493 3661 2548 adhilnise;

2172 2589 2487 2656 pratcipiens
2515 2600 2672 2641 servo
2697 2601 2816 2647 suo.
2847 2597 2901 2639 ut
2928 2585 2994 2639 dc
3014 2586 3344 2655 cognatione
3363 2600 3457 2639 sua
3487 2584 3661 2637 ﬁliolas:

2169 2678 2525 2733 adduceretur
2552 2692 2714 2731 uxor:
2734 2678 2852 2746 quia
2876 2677 3035 2729 etiam
3068 2686 3243 2731 mater
3266 2677 3500 2746 ipsorum
3518 2675 3659 2728 llelric

2170 2784 2236 2824 ex
2262 2769 2498 2824 Cbarran
2532 2775 2770 2823 venerat.
2800 2766 2993 2821 Verum
3026 2778 3083 2820 ut
3129 2767 3319 2821 statim
3350 2767 3419 2820 ab
3456 2767 3576 2819 initio
3600 2782 3663 2817 se.

2173 2865 2502 2919 inordinatos
2553 2876 2732 2918 mores
2782 2859 3061 2926 indicaret,
3094 2860 3422 2915 inconsultis
3466 2863 3662 2927 par-estita

2173 2955 2293 3009 illas
2321 2955 2491 3008 duxit.
2524 2955 2589 3008 Et
2616 2962 2673 3007 ut
2698 2953 2929 3007 sciamus
2957 2966 3114 3019 quam
3155 2950 3300 3004 male
3328 2960 3535 3004 moratae
3556 2951 3663 3002 usui»

2174 3058 2260 3100 res
2304 3045 2516 3109 fuerint,
2546 3044 2677 3098 dicit
2721 3043 2996 3111 Scriptura
3036 3059 3051 3094 :
3105 3040 3175 3093 Et
3218 3050 3372 3094 erant
3418 3054 3663 3107 exasperasse

2172 3139 2324 3193 Isaac
2361 3149 2406 3191 et
2456 3137 2753 3191 Rebeccam.
2808 3137 2872 3189 Et
2908 3134 3034 3204 quid
3074 3146 3159 3189 est
3196 3134 3303 3188 hac
3355 3135 3539 3188 malitia
3570 3134 3665 3201 peis.

2173 3229 2387 3299 quando
2416 3229 2519 3281 illa:
2543 3243 2665 3297 qua:
2690 3241 2903 3281 omnem
2946 3225 3206 3280 honorem
3256 3224 3553 3293 impendere
3582 3224 3667 3275 del»

2173 3322 2321 3387 bant,
2342 3335 2447 3375 non
2470 3321 2642 3375 solum
2667 3318 2767 3373 hoc
2793 3334 2897 3372 non
2916 3319 3163 3389 agebant,
3178 3317 3277 3372 sed
3304 3327 3363 3372 et
3387 3316 3454 3371 ad
3467 3328 3667 3371 contemta;-

2173 3431 2295 3470 nem
2345 3422 2543 3484 parata:
2584 3412 2775 3468 erant?
2824 3412 2950 3466 llaec
2992 3421 3171 3465 autem
3200 3412 3389 3465 omnia
3435 3424 3529 3463 non
3553 3412 3667 3471 altera:

2173 3520 2331 3561 causa
2367 3505 2586 3559 historia
2628 3505 2783 3557 nobis
2831 3502 3127 3571 signiﬁcat;
3177 3501 3278 3557 sed
3326 3510 3387 3555 ut
3417 3510 3669 3570 postne:

2176 3599 2375 3653 videris
2386 3598 2685 3652 Rebeccam
2704 3595 2870 3650 Jacob
2890 3595 3077 3663 majori
3097 3593 3477 3649 benevolentia
3497 3592 3669 3661 pm.

2174 3691 2350 3745 discas
2378 3704 2495 3744 eam
2530 3702 2634 3742 non
2674 3687 2867 3756 iniuria
2893 3702 3007 3741 rem
3050 3701 3171 3742 eam
3198 3685 3422 3741 fecisse.
3447 3683 3548 3739 Jani
3572 3696 3669 3734 aue:

2175 3798 2243 3837 ne
2280 3782 2474 3837 seriem
2512 3787 2795 3834 contextus
2834 3777 3243 3848 praaveniamus,
3290 3777 3488 3845 scripta
3522 3775 3605 3841 ipsa
3630 3786 3673 3821 se

2174 3886 2421 3941 quamur.
2460 3872 2509 3925 ι.
2544 3869 2761 3923 Factum
2787 3878 2857 3922 est
2883 3878 3049 3922 autem
3083 3877 3357 3939 postquam
3406 3865 3550 3921 “nuit
3574 3860 3673 3917 les.

2174 3977 2219 4021 et
2240 3965 2453 4020 hebetati
2477 3971 2593 4019 sunt
2616 3962 2749 4017 oculi
2774 3964 2885 4034 ejus
2904 3962 2971 4014 ad
2994 3962 3265 4015 videndum
3286 3960 3450 4033 (Cap.
3486 3958 3575 4028 37)
3592 3976 3600 4007 :
3620 3957 3673 4024 jar:

2176 4061 2340 4123 enim,
2359 4058 2550 4126 inquit,
2573 4071 2680 4125 pra:
2702 4057 2854 4109 senio
2881 4053 3065 4108 videre
3092 4067 3198 4107 non
3221 4061 3471 4121 poterat:
3500 4060 3542 4103 et
3564 4054 3673 4101 amt

2177 4152 2318 4207 Esau
2337 4150 2499 4216 lilium
2525 4164 2674 4202 suum
2699 4156 2820 4201 natu
2846 4146 3111 4215 majorem,
3129 4152 3176 4196 et
3200 4144 3331 4197 dixit
3354 4143 3404 4196 ei
3419 4158 3439 4195 :
3465 4141 3516 4195 2.
3540 4139 3615 4193 Fili
3632 4154 3673 4189 sa

2176 4260 2287 4297 ecce
2317 4244 2480 4305 senui,
2519 4251 2565 4293 et
2594 4239 2761 4293 nescio
2789 4238 2924 4290 diem
2951 4237 3125 4289 mortis
3145 4250 3287 4289 mets.
3324 4236 3385 4291 3.
3436 4233 3573 4288 Nam:
3592 4233 3674 4301 iam

2175 4348 2318 4386 sume
2357 4347 2503 4384 arma
2546 4340 2653 4395 tua,
2694 4328 2982 4399 pharetram
3027 4335 3075 4379 et
3115 4341 3308 4390 arcam,
3346 4334 3397 4379 et
3441 4320 3674 4394 egralmit

2176 4439 2433 4493 campum,
2477 4431 2525 4475 et
2566 4436 2747 4474 venare
2788 4416 3295 4481 mihirenationens,
3330 4418 3391 4473 4.
3435 4427 3481 4469 es
3514 4420 3581 4484 [ac
3612 4414 3674 4461 ms

2177 4517 2366 4581 edulia,
2408 4516 2540 4569 sicut
2569 4530 2659 4583 ego
2711 4526 2848 4578 amo,
2890 4520 2937 4564 et
2965 4508 3096 4576 affer
3133 4508 3278 4574 mihi,
3321 4518 3383 4561 ut
3412 4508 3674 4561 conserimrt

2177 4606 2434 4661 benedicat
2473 4614 2520 4658 te
2561 4605 2732 4657 anima
2775 4617 2907 4668 mea,
2949 4600 3239 4671 priusquam
3274 4615 3374 4669 ego
3420 4600 3601 4651 moriar.
3630 4593 3674 4644 ﬁet

2177 4699 2419 4762 obsecro,
2439 4696 2651 4758 dilecte,
2684 4692 3052 4747 animadverte
3080 4690 3402 4745 immensam
3436 4688 3522 4744 Dei
3549 4687 3674 4754 sapia

2178 4793 2327 4855 tiam,
2357 4798 2411 4844 et
2455 4786 2727 4858 quomodo
2776 4794 2928 4856 pater
2968 4783 3181 4853 quidem
3222 4783 3506 4852 genuinam
3547 4793 3627 4849 prs
3651 4788 3674 4825 id

2179 4885 2359 4939 ferens
2408 4880 2778 4943 dilectionem,
2830 4878 2946 4931 haec
2996 4876 3279 4945 imperavit
3332 4876 3507 4941 Esau;
3544 4874 3674 4939 sapiat

2178 4986 2355 5028 autem
2382 4982 2436 5026 et
2460 4972 2800 5040 omnipotens
2830 4969 3087 5023 Dominus
3113 4983 3209 5038 per
3238 4967 3532 5023 Rebeccam
3560 4964 3674 5034 me

2179 5068 2409 5121 stionem
2460 5078 2609 5117 suam
2658 5060 2865 5131 impleri
2910 5067 3078 5123 curat,
3106 5059 3307 5113 docens
3356 5075 3473 5125 nos,
3505 5068 3674 5128 quantus

2178 5158 2389 5212 valeant
2412 5156 2578 5211 virtus
2605 5162 2658 5208 et
2678 5167 2885 5209 morum
2908 5152 3160 5206 suavitas.
3190 5150 3285 5206 Ille
3310 5154 3455 5206 enim
3482 5161 3531 5205 et
3552 5150 3604 5202 ob
3622 5146 3674 5214 tu

2180 5250 2597 5319 mogenituram,
2631 5255 2686 5300 et
2715 5245 2786 5299 ob
2831 5243 2994 5313 patris
3037 5256 3160 5313 erga
3188 5258 3249 5297 se
3281 5243 3596 5297 an‘rctionem
3618 5238 3674 5307 pe?

2181 5352 2380 5398 matum
2423 5356 2481 5395 se
2523 5339 2720 5393 habere
2764 5346 2975 5407 putans,
3004 5336 3161 5391 simul
3195 5336 3481 5391 destitutus
3507 5335 3674 5389 omnibus

2179 5442 2424 5494 inventus
2445 5444 2547 5501 est,
2572 5435 2693 5505 quia
2720 5449 2839 5503 qua:
2869 5434 2920 5487 in
2947 5446 3006 5487 se
3030 5439 3202 5498 erant,
3226 5429 3419 5486 aﬂ'erre
3445 5429 3613 5484 noluit:
3633 5426 3674 5475 ha:

2177 5541 2378 5595 autem,
2402 5526 2524 5598 quia
2561 5525 2853 5580 domestica
2875 5532 2987 5578 erat
3018 5522 3213 5576 virtute
3243 5522 3509 5591 praeditus,
3535 5532 3577 5572 et
3606 5530 3674 5584 gn

2174 5682 2354 5727 carum,
2379 5677 2489 5728 quae
2513 5664 2799 5728 frequenter
2822 5660 2990 5713 accidit
3028 5662 3079 5712 in
3101 5659 3279 5722 Bibliis,
3303 5669 3357 5714 ut
3378 5662 3425 5711 in
3442 5657 3670 5720 Prolegottte

2178 5734 2252 5779 nis
2274 5730 2332 5780 ad
2344 5723 2567 5788 'ltéxapla
2582 5723 2899 5774 ostendimus.
