3782 6276
141 340 238 398 ιεδ
1164 341 1245 400 ΙΝ-
1277 342 1427 399 CAP.
1464 342 1651 401 XXVII
1677 341 1922 401 GENES.
1970 344 2205 402 HOMIL.
2246 342 2381 399 LIII.

139 457 284 525 φύσει
310 458 368 527 τῇ
407 452 723 530 ἀνθρωπίνῃ
766 455 1084 528 ἐγκειμένου
1124 459 1205 530 τῷ
1245 459 1505 512 συνειδότι
1546 458 1687 512 διδα-

139 539 315 592 σκάλου
324 539 514 608 ὁδηγού
522 556 701 609 μενος,
714 540 980 610 τοσαύτην
996 541 1312 609 φιλοσοφίαν
1323 541 1683 607 ἐπεδείκνυτο;

136 623 211 674 Τὰ
240 622 335 690 γὰρ
363 623 702 693 γεγενημένα
736 623 798 681 ού
831 623 990 692 μόνον
1016 623 1116 693 τὴν
1142 624 1444 677 ἐπιείκειαν
1474 623 1683 676 ἐδείκνυ

136 702 430 755 τοῦμδικαίου
455 704 644 757 τούτου
662 720 677 735 ’
708 704 843 758 ἀλλά
870 705 965 759 καὶ
986 704 1055 757 τὰ
1082 704 1176 758 τοῦ
1202 704 1440 775 Χριστοῦ
1467 720 1682 774 παραγ-

134 786 358 855 τέλματα
380 786 447 840 δι’
475 787 654 840 αὐτῶν
677 788 785 841 τῶν
811 788 987 859 ἔργων
1011 788 1174 841 αὐτὸν
1195 787 1437 859 πληροῦν
1469 788 1684 857 ἀπέφη-

132 884 207 920 νε.
253 869 349 927 Kal
384 869 519 940 ὅπερ
566 871 597 922 ὁ
634 870 867 940 Χριστὸς
915 871 1070 938 ἔλεγε
1112 870 1529 939 διαταττόμενος
1569 872 1683 932 τοῖς

132 950 378 1021 μαθηταῖς
405 954 500 1006 καὶ
546 954 844 1024 παραινῶν,
883 954 943 1006 ού
994 954 1152 1023 μόνον
1193 955 1319 1015 τοὺς
1354 952 1681 1021 ἀγαπῶντας

128 1033 349 1105 ἀγαπᾷν,
369 1034 503 1088 ἀλλά
529 1037 622 1089 καὶ
649 1036 784 1106 πρὸς
800 1038 925 1099 τοὺς
953 1037 1177 1106 ἐχθροὺς
1196 1036 1295 1106 τὴν
1316 1036 1537 1105 ἀγάπην
1562 1037 1681 1088 ἐπι-

128 1116 437 1179 δείκνυσθαι,
479 1119 638 1173 τοῦτο
676 1112 831 1183 οὗτος
868 1120 1072 1174 ἀνωθεν
1119 1118 1391 1191 ἐπλήρου,
1423 1118 1679 1189 καὶπρὸς

126 1202 248 1263 τοὺς
285 1200 525 1254 τοσοῦτον
558 1205 714 1273 μῖσος
743 1204 869 1274 περὶ
897 1204 1059 1256 αὑτὸν
1090 1203 1390 1273 ἐσχηκότας
1411 1200 1679 1269 τοσαύτην

124 1284 453 1337 ἐπεδείκνυτο
489 1285 585 1357 την
625 1287 947 1355 φιλοξενίαν,
970 1286 1147 1339 καὶτὸ
1188 1287 1287 1357 τῆς
1314 1284 1678 1356 μνησικακίας

125 1368 286 1429 πάθος
306 1366 523 1438 ἐξώριζε
551 1370 648 1438 τῆς
675 1368 869 1423 ἐαυτοῦ
903 1369 1103 1439 ψυχῆς.

194 1458 251 1506 ε’.
269 1451 413 1513 Τίνος
438 1448 531 1504 οὖν
548 1451 614 1505 ἂν
626 1451 709 1521 εἴη
718 1453 859 1521 μενή
869 1454 988 1520 μεῖς
1006 1450 1333 1521 συγγνώμης
1348 1450 1504 1514 ἄξιοι,
1517 1450 1678 1520 ἡμεῖς

120 1535 170 1586 οἱ
212 1534 338 1603 μετὰ
381 1534 698 1605 τὴννχάριν,
735 1535 829 1587 καὶ
863 1533 961 1605 τὴν
992 1534 1257 1603 τοσαύτην
1296 1532 1673 1596 διδασκαλίαν,

120 1618 215 1670 καὶ
238 1619 301 1670 τά
321 1616 411 1668 τοῦ
443 1617 689 1687 Σωτῆρος
715 1617 1166 1687 παραγγέλματα,
1197 1616 1316 1669 οὐδὲ
1336 1616 1397 1668 τὸ
1418 1615 1550 1669 αὐτὸ
1582 1614 1675 1684 μέ-

116 1718 245 1771 τρον
262 1701 333 1771 τῷ
359 1701 550 1771 δικαίῳ
570 1701 744 1771 τούτῳ
763 1700 963 1769 φθάσαι
983 1701 1268 1770 δυνάμενοι
1286 1716 1301 1765 ;
1326 1699 1505 1753 Kal-1i
1533 1699 1675 1766 λέγω

115 1784 178 1836 τὸ
204 1784 326 1837 αὐτὸ
357 1783 583 1855 μέτρον;
628 1782 789 1836 Ἀλλὰ
818 1784 951 1853 μηδέ
975 1784 1140 1851 ἐγγὺς
1166 1784 1354 1853 στῆναι
1380 1780 1670 1852 ἰσχύοντες.

114 1866 353 1938 Τοσαύτη
390 1868 499 1938 γὰρ
531 1865 624 1919 νῦν
655 1866 958 1925 ἐπεπόλασε
980 1866 1079 1934 τῆς
1100 1865 1347 1935 κακίαςή
1376 1864 1670 1935 ὑπερϐολὴ,

110 1949 191 2012 ὡς
219 1949 432 2003 σπάνιον
460 1944 601 2002 εἶναι
626 1948 721 2003 καὶ
742 1950 866 2011 τοὺς
886 1948 1214 2015 ἀγαπῶντας
1242 1949 1478 2018 ἀγαπᾷν.
1502 1946 1673 2000 Πόθεν

108 2031 208 2088 οὖν
234 2036 353 2105 ἡμῖν
370 2033 522 2087 ἔσται
544 2032 817 2103 σωτηρίας
840 2033 1013 2096 ἐλπὶς,
1046 2035 1092 2084 εἰ
1127 2032 1411 2103 μέλλοιμεν
1437 2030 1535 2084 καὶ
1563 2029 1672 2083 τῶν

106 2117 350 2169 τελωνῶν
392 2116 607 2187 χείρους
637 2116 911 2184 γίνεσθαις
960 2113 1141 2177 καθώς
1169 2131 1331 2184 φησιν
1375 2114 1405 2166 ὁ
1437 2112 1673 2184 Χριστὸς

104 2200 300 2267 λέγων,
341 2199 496 2254 Ἐὰν
529 2198 792 2268 ἀγαπᾶτε
841 2198 983 2262 τοὺς
1008 2196 1362 2267 ἀγαπῶντας
1389 2194 1544 2266 ὑμᾶς
1560 2236 1577 2262 ,
1613 2194 1673 2247 τί

103 2282 399 2350 περισσὸν
434 2282 691 2343 ποιεῖτες
738 2281 870 2350 οὐχί
910 2280 1009 2334 καί
1042 2282 1095 2333 οὶ
1138 2278 1389 2333 τελῶναι
1422 2279 1488 2332 τὸ
1524 2276 1672 2332 αὐτὸ

100 2367 378 2429 ποιοῦσι;
412 2366 523 2419 Kal
566 2366 598 2417 ό
640 2364 736 2435 μέν
777 2364 1009 2434 Χριστὸς
1043 2362 1358 2433 βουλόμενος
1407 2363 1554 2433 ἡμᾶς
1589 2363 1671 2422 εἰς

98 2451 207 2518 τὴν
223 2449 389 2519 ἄκραν
410 2447 654 2520 κορυφὴν
674 2448 773 2517 τῆς
795 2447 994 2517 ἀρετῆς
1007 2445 1268 2510 ἀνελθεῖν,
1290 2445 1510 2498 ἐκείνων
1533 2445 1671 2498 ἀνω-

96 2532 293 2602 τέρους
327 2528 460 2584 εἶναι
495 2531 772 2600 βούλεταιο
812 2532 974 2600 ἡμεῖς
1024 2529 1081 2582 δὲ
1114 2528 1383 2581 κάκείνων
1416 2528 1669 2590 ἐλάττους

94 2612 242 2669 εἶναι
275 2616 591 2685 σπεύδομεν.
607 2613 756 2686 [515]
780 2614 889 2667 Kal
911 2613 969 2667 τί
988 2612 1130 2680 λέγω
1150 2610 1425 2674 τελωνῶνς
1454 2610 1669 2680 χείρους

96 2700 202 2751 καὶ
214 2698 320 2751 τῶν
333 2696 563 2769 λῃστῶν,
582 2699 681 2750 καὶ
702 2696 808 2749 τῶν
824 2694 1218 2765 τυμϐωρύχων,
1237 2694 1335 2746 καὶ·
1357 2692 1464 2746 τῶν
1479 2693 1668 2763 ἀνδρο-

94 2781 299 2849 φόνων.
335 2781 441 2836 Καὶ
462 2781 571 2851 γὰρ
590 2777 791 2833 τούτων
817 2778 1045 2840 ἕκαστος
1067 2777 1157 2829 τὸν
1185 2776 1318 2846 πρὸς
1346 2775 1508 2830 αὑτὸν
1531 2777 1668 2843 ἀγα-

91 2864 343 2935 πητικῶς
379 2863 729 2933 διακείμενον
752 2862 964 2931 ἀγαπᾷ,
998 2862 1093 2913 καὶ
1139 2860 1396 2927 πολλάκις
1425 2862 1518 2913 καὶ
1548 2877 1668 2913 κιν-

86 2947 334 3001 δυνεύειν
361 2948 500 3018 ὑπὲρ
528 2945 632 3005 ,τοῦ
662 2946 945 3016 ἀγαπητοῦ
979 2945 1347 3015 καταδέχεται.
1382 2944 1445 2995 Τί
1474 2940 1566 2997 οῦν
1599 2942 1666 2997 ἀν

86 3033 186 3101 εἴη
215 3030 368 3102 ήμῶν
399 3030 771 3100 ἐλεεινότερον,
798 3029 926 3082 ὅταν
958 3028 1007 3081 οἱ
1050 3026 1314 3097 τοσαύτης
1348 3027 1665 3093 ἀξιωθέντες

84 3131 174 3168 πα
185 3115 251 3185 ρὰ
271 3113 363 3166 τοῦ
381 3112 515 3166 Θεοῦ
539 3111 946 3182 φιλανθρωπίας
964 3111 1072 3165 τῶν
1092 3111 1261 3182 μυρία
1280 3110 1665 3181 ἐργασαμένων

82 3200 242 3254 κακά
277 3195 657 3269 εύρισκώμεθα
689 3195 939 3267 χείρους;
969 3194 1305 3258 Ἐννοοῦντες
1330 3194 1531 3256 τοίνυν,
1559 3212 1664 3247 πα-

82 3278 339 3349 ρακαλῶ,
365 3278 459 3332 καὶ
484 3282 584 3350 τῆς
601 3279 873 3349 τιμωρίας
896 3277 998 3348 τῆς
1023 3278 1141 3331 ἐκεῖ
1167 3277 1458 3347 γινομένης
1483 3275 1544 3329 τὸ
1570 3276 1665 3345 μέ-

77 3364 277 3432 γεθος,
308 3363 404 3415 καὶ
420 3364 519 3432 τῆς
546 3360 810 3433 αίσχύνης
833 3361 935 3431 τῆς
956 3360 1191 3415 ἐνταῦθα
1209 3361 1307 3432 τήν
1333 3358 1660 3431 ὑπερϐολὴν,

72 3447 191 3516 όψέ
224 3444 359 3515 γοῦν
382 3461 515 3497 ποτε
536 3444 637 3514 τὴν
663 3443 870 3507 οἰκείαν
898 3444 1212 3515 ἐπιγνῶμεν
1233 3445 1532 3513 εὐγένειαν,
1566 3444 1662 3497 καὶ

72 3529 409 3600 πειθώμεθα
438 3530 504 3599 τῇ
537 3527 633 3582 τοῦ
661 3527 898 3599 Χριστοῦ
919 3528 1256 3600 διδασκαλία,
1279 3529 1373 3583 καὶ
1406 3527 1479 3598 μή
1500 3527 1661 3598 μόνον

67 3616 214 3676 τοὺς
243 3613 577 3681 ἀγαπῶντας
613 3609 917 3681 ἀγαπῶμεν
951 3611 1210 3683 γνησίως,
1242 3613 1420 3675 πᾶσαν
1451 3610 1659 3680 βασκαι-

67 3698 206 3751 νίαν
226 3696 327 3749 καὶ
352 3694 555 3764 φθόνον.
575 3691 910 3766 ἐξορίςοντες
937 3693 1037 3765 τῆς
1057 3694 1266 3747 ἑαυτῶν
1294 3693 1494 3765 ψυχῆςν
1522 3692 1663 3748 ἀλλά

65 3779 187 3833 κᾶν
222 3777 513 3848 ἐχθρωδῶς
534 3793 678 3840 τινες
703 3770 807 3837 ὦσι
837 3776 974 3847 πρὸς
1004 3777 1153 3847 ἡμᾶς
1183 3776 1535 3847 διακείμενοι,
1566 3778 1660 3831 καὶ

60 3862 309 3925 τούτους
336 3861 555 3932 ἀγαπᾷν
594 3858 1012 3930 σπουδάζωμενο
1046 3859 1142 3913 καὶ
1174 3857 1284 3931 γάρ
1320 3858 1443 3912 οὐδὲ
1459 3859 1660 3932 ἑτέρως

61 3944 330 4015 σωθῆναι
347 3930 572 3998 δυνατὸν
594 3943 767 4014 ἡμᾶς,
789 3941 866 4013 μὴ
887 3941 1095 4013 ταύτην
1121 3940 1373 4005 ἐλθόντας
1391 3942 1489 4009 τὴν
1504 3930 1621 3995 ὁδόν
1639 3958 1655 3973 υ

57 4029 173 4083 καὶ
216 4028 423 4098 μᾶλλον
449 4025 557 4079 τῶν
603 4023 957 4093 ἀγαπώντων.
990 4025 1140 4094 ἡμᾶς
1176 4023 1397 4087 τούτους
1438 4024 1658 4094 ἀγαπᾷν

54 4108 500 4179 σπουδάζωμεν,
525 4107 621 4161 ἀτε
646 4107 711 4179 δὴ
748 4107 960 4178 μυρίων
981 4108 1112 4177 ἡμῖν
1137 4107 1247 4160 τῶν
1270 4106 1492 4175 ἀγαθῶν
1524 4124 1659 4177 προ-

53 4195 274 4259 ξένους
306 4191 649 4260 γινομένους.
682 4189 840 4243 Οὕτω
864 4188 973 4261 γάρ
1005 4191 1099 4244 καὶ
1121 4188 1232 4243 τῶν
1256 4190 1667 4261 ἡμαρτημένων.

49 4279 209 4349 ἡμῖν
237 4276 344 4345 τὴν
368 4272 714 4344 συγχώρησιν
742 4271 1009 4343 εὕρασθαι
1024 4274 1383 4345 δυνησόμεθα,
1402 4274 1497 4327 καὶ
1519 4274 1660 4345 μετά

46 4357 530 4428 κατεσταλμένης
571 4355 817 4421 διανοίας,
840 4356 940 4423 καὶ
964 4357 1431 4428 συντετριμμένης
1477 4356 1656 4428 ψυχῆς

40 4447 169 4507 τὰς
204 4442 353 4513 πρὸς
367 4440 460 4495 τὸν
477 4439 610 4495 Θεὸν
641 4439 849 4505 ἱκεσίας
874 4439 1166 4493 ποιεῖσθαι.
1191 4440 1360 4493 Ὅταν
1375 4440 1485 4510 γάρ
1508 4440 1654 4510 ψυχὴ

38 4525 235 4589 ἐκτὸς
270 4524 505 4593 γένηται
534 4521 717 4593 πάσης
736 4521 1053 4592 ἀπεχθείας,
1080 4522 1173 4575 καὶ
1197 4522 1304 4576 τὸν.
1320 4522 1578 4592 λογισμὸν
1597 4524 1656 4576 ἐν

38 4609 295 4679 γαλήνῃ
330 4607 614 4679 ἱδρυμένον
646 4604 766 4678 ἔχῃ,
803 4604 941 4675 μετά
967 4603 1165 4673 πολλῆς
1197 4604 1296 4675 τῆς
1326 4605 1538 4676 νήψεως
1564 4605 1655 4659 τὸν

37 4689 365 4758 Δεσπότην
403 4688 681 4749 καλοῦσα,
724 4686 924 4757 πολλὴν
957 4687 1255 4742 ἐπισπᾶται
1298 4686 1395 4758 τὴν
1448 4688 1655 4743 ἀνωθεν

37 4772 288 4847 ῥοπήν·
330 4765 403 4842 ἧς
432 4770 643 4839 γένοιτο
672 4769 879 4833 πάντας
910 4770 1057 4840 ἡμᾶς
1101 4766 1420 4840 ἀξιωθῆναι,
1469 4770 1655 4841 χάριτι

37 4857 157 4912 καὶ
199 4852 594 4924 φιλανθρωπία
623 4851 718 4906 τοῦ
762 4852 967 4921 Κυρίου
997 4851 1153 4922 ήμῶν
1191 4851 1365 4920 Ἰησοῦ
1390 4852 1650 4924 Χριστοῦ,

37 4937 191 5013 μεθ’
224 4930 296 4991 οὗ
319 4937 414 5008 ’τῷ
448 4936 625 5008 Πατρὶ
669 4938 711 5007 η
743 4934 891 4999 δόξα,
924 4935 1040 5005 ἅμα
1074 4933 1156 5005 τῷ
1183 4935 1323 5005 άγίῳ
1352 4935 1649 5008 Πνεύματι,

37 5023 151 5077 θῦν
177 5019 291 5075 καὶ
314 5020 427 5083 ἀεὶ,
449 5019 542 5074 καὶ
568 5020 649 5081 εἰς
670 5018 799 5080 τοὺς
820 5017 1020 5081 αἰῶνας
1040 5017 1151 5071 τῶν
1177 5017 1408 5073 αἰώνων.
1455 5020 1646 5092 Ἀμήν.

680 5166 800 5219 ΟΜ]
808 5165 920 5218 AIA
951 5165 1073 5221 NI".

37 5282 163 5338 ην
193 5279 299 5350 δὲ
322 5277 509 5333 Ἡσαῦ
534 5278 686 5350 ἐτῶν
711 5278 1181 5350 τεσσαράκοντα,
1206 5280 1302 5332 καί
1330 5280 1509 5334 ἔλαϐε
1536 5281 1650 5350 τὴν

120 5349 381 5405 Ἰουδίθ
402 5349 693 5417 θυγατέρα
740 5349 900 5418 Βεὴλ
940 5348 1047 5402 τοῦ
1070 5350 1383 5418 Χετταίου,
1410 5348 1648 5418 καίᾼτὴν

98 5420 430 5497 pagana?
454 5416 959 5497 obraff‘pa_‘E.1d:g
987 5417 1093 5496 τοῦ
1102 5418 1354 5497 Εὐαίου,
1374 5421 1469 5474 καί
1486 5416 1648 5491 ἦσαν

95 5484 451 5558 ἐρίζοὺσαι
486 5484 565 5551 τῷ
611 5484 819 5545 Ἰσαὰκ
846 5484 945 5540 καί
982 5484 1055 5555 τῇ
1102 5488 1398 5556 Ῥεϐέκκα.

92 5597 193 5652 α’.
222 5598 385 5669 Φέρε
417 5596 509 5649 καὶ
543 5597 799 5667 σήμερον,
818 5598 866 5649 εἰ
883 5596 1047 5659 δοκεῖ,
1077 5597 1145 5651 τὰ
1163 5596 1289 5667 ἐξῆς
1306 5598 1411 5653 τῶν
1427 5600 1551 5669 χθὲς
1572 5602 1646 5654 εί-

38 5699 91 5750 ιη
102 5681 327 5751 μένων
362 5680 698 5743 ἐπελθόντες,
727 5679 869 5733 κατὰ
886 5679 947 5732 τὸ
960 5682 1093 5751 ἡμῖν
1116 5681 1393 5752 ἐγχωροῦν
1408 5682 1645 5737 ἀναπτύ-

37 5779 238 5834 ωμεν
272 5762 517 5815 ἕκαστον
555 5761 666 5814 τῶν
706 5764 1129 5834 γεγραμμένων,
1158 5764 1245 5817 ῖνα
1268 5764 1365 5835 τήν
1394 5764 1642 5821 ἐντεῦθεν

369 5857 643 5919 ΡΑτιιοι..
690 5855 807 5918 Gn.
851 5858 1006 5923 LIV.

3257 340 3375 398 αι

1791 460 2058 530 ὠφέλειαν
2098 460 2549 533 καρπωσάμενοι,
2587 457 2759 522 οὕτως
2792 457 2972 512 οἴκαδε
2998 457 3365 529 ἀναχωρήσω-

1793 560 1916 612 μεν.
1951 544 2181 614 Ἴδωμεν
2212 545 2393 596 τοίνυν
2429 543 2529 614 τὴν
2557 543 2731 612 ἀρχὴν
2774 541 2884 595 τῶν
2912 542 3361 610 ἀνεγνωσμένων.

1789 620 1899 678 Ἦν
1946 624 2017 678 δὲ
2054 626 2260 688 Ἠσαῦ,
2317 626 2503 695 φησὶν,
2549 624 2701 678 ἐτῶν
2735 622 3208 692 τεσσαράκοντα,
3265 622 3364 676 καὶ

1787 706 1968 760 ἔλαϐε
1993 707 2110 774 τὴν
2147 708 2369 762 Ἰουδίο
2397 707 2686 777 θυγατέρα
2720 705 2881 773 Βεὴλ
2914 704 3019 759 τοῦ
3052 704 3361 765 Χετταίου,

1789 789 1890 842 καί
1913 788 2028 855 τὴν
2038 791 2319 859 Βασεμὰθ
2339 790 2633 858 θυγατέρα
2664 788 2848 856 Ἑλὼμ
2871 786 2975 841 τοῦ
2993 788 3236 848 Εὐαίου,
3262 785 3362 838 καί

1786 865 1952 940 ἦσαν
1966 870 2267 939 ἐρίζουσαι
2291 872 2373 938 τῷ
2416 872 2620 927 Ἰσαὰκ
2644 872 2743 926 καί
2774 871 2848 938 τῇ
2888 870 3187 937 Ῥεϐέκκα.
3214 870 3361 937 Ὅρα

1788 953 1931 1007 πόσα
1960 954 2027 1007 ἐκ
2051 953 2161 1007 τῶν
2200 954 2394 1022 ὀλίγων
2423 954 2629 1008 τούτων
2670 955 2928 1025 ῥημάτων
2956 953 3072 1006 ἔστι
3102 967 3357 1020 καταμα-

1787 1036 1921 1091 θεῖν.
1950 1036 2110 1101 Τίνος
2125 1038 2232 1107 γὰρ
2253 1038 2438 1090 ἕνεκεν
2455 1039 2584 1107 ἡμῖν
2612 1038 2702 1090 τὸν
2725 1037 2955 1107 ἀριθμὸν
2979 1036 3086 1089 τῶν
3103 1035 3238 1087 ἐτῶν
3260 1031 3355 1085 τοῦ

1794 1121 1968 1174 Ἠσαῦ
1990 1114 2265 1191 ἐσήμανεν
2288 1138 2303 1185 ;
2327 1123 2439 1192 Οὐχ
2457 1120 2663 1183 ἁπλῶς,
2678 1120 2894 1174 ἀλλ’ἵνα
2919 1119 3165 1173 ἐντεῦθεν
3188 1133 3345 1170 κατα·

1788 1204 2049 1275 μάθωμεν
2075 1204 2168 1257 τοῦ
2207 1205 2389 1259 Ἰσαὰκ
2411 1205 2472 1258 τὸ
2505 1204 2700 1275 γῆρας,
2725 1204 2818 1256 καὶ
2837 1204 2921 1256 ὅτι
2942 1202 3127 1255 λοιπὸν
3157 1199 3356 1271 προϐε-

1784 1285 1969 1357 δηκὼς
1997 1281 2087 1357 ἦν.
2139 1287 2266 1340 Ἐὰν
2294 1286 2402 1357 γὰρ
2425 1286 2887 1358 μνημονεύσωμεν
2908 1285 3013 1337 τῶν
3044 1279 3354 1352 ἔμπροσθεν

1782 1370 2106 1440 εἰρημένων,
2136 1370 2231 1423 καὶ
2257 1370 2363 1433 ὅτι,
2390 1369 2555 1440 ἡνίκα
2590 1371 2688 1440 μὲν
2718 1368 2876 1422 ἔλαϐε
2901 1368 2998 1439 τὴν
3032 1365 3351 1428 Ῥεϐέκκαν,

1781 1452 1876 1506 καὶ
1908 1452 2068 1515 αὐτὸς
2094 1452 2505 1523 τεσσαράκοντα
2530 1453 2666 1505 ἐτῶν
2692 1452 3003 1520 ἐτύγχανεν,
3026 1450 3119 1501 ὅτε
3143 1448 3200 1500 δὲ
3232 1446 3350 1523 ἐτέ-

1780 1535 1984 1606 χθησαν
2016 1536 2066 1588 οἰ
2101 1536 2306 1599 παῖδες,
2352 1535 2618 1605 ἐξήκοντα
2648 1534 2786 1586 ἐτῶν
2831 1531 2922 1603 ἦν,
2968 1529 3225 1600 εἰσόμεθα
3269 1529 3353 1581 ὅτι

1779 1618 1874 1673 νῦν
1903 1619 2197 1672 ἐκατοστοῦ
2220 1619 2405 1672 λοιπὸν
2435 1618 2587 1681 ἔτους
2607 1618 2804 1680 ἐπιϐάς
2821 1618 2878 1669 ἐν
2901 1615 3184 1686 βαθυτάτῳ
3206 1614 3353 1684 γήρᾳ

1780 1702 2093 1773 ἐτύγχανεν.
2125 1702 2343 1773 Ἐπειδὴ
2369 1703 2475 1771 γὰρ
2495 1703 2677 1772 μέλλει
2704 1702 2841 1772 μετὰ
2863 1700 3032 1753 ταῦτα
3047 1697 3351 1768 διηγεῖσθαι

1776 1788 1930 1854 ἡμῖν,
1964 1785 2116 1858 [5M]
2147 1788 2223 1850 ὡς
2250 1786 2357 1839 ὑπὸ
2383 1785 2475 1838 τοῦ
2506 1786 2693 1857 γήρως
2723 1784 3065 1854 ἀμϐλυτέρας
3097 1782 3223 1851 ἔσχε
3252 1779 3350 1841 τάς

1777 1870 1947 1939 ὄψεις,
1989 1870 2077 1924 διὰ
2120 1870 2277 1924 τοῦτο
2303 1870 2412 1923 τῶν
2448 1870 2585 1922 ἐτῶν
2631 1868 2723 1922 τοῦ
2769 1868 2937 1921 Ἠσαῦ
2980 1867 3070 1919 τὸν
3118 1862 3351 1935 ἀριθμὸν

1776 1954 2070 2023 ἐσήμανεν,
2112 1954 2200 2007 ἴνα
2238 1952 2485 2006 ἐντεῦθεν
2513 1952 2710 2005 εἰδέναι
2744 1951 2955 2021 ἔχωμεν
2982 1947 3225 2019 ἀκριϐῶς
3253 1943 3348 1997 τοῦ

1790 2033 1976 2089 Ἰσαάκ
2003 2035 2096 2089 τὸν
2125 2035 2334 2107 χρόνον.
2362 2034 2461 2088 Διά
2484 2033 2641 2087 τοῦτο
2670 2034 2874 2103 ἔλεγεν,
2908 2028 3028 2087 Ἦν
3055 2031 3123 2083 δὲ
3156 2029 3348 2084 Ἣσαῦ

1774 2116 1927 2172 ἐτῶν
1954 2117 2428 2187 τεσσαράκοντα.
2464 2114 2597 2171 Εἶτα
2632 2117 2721 2170 ἵνα
2753 2116 3012 2188 μάθωμεν
3040 2111 3134 2168 τοῦ
3163 2110 3348 2173 παιδὸς

1774 2199 1873 2270 τὴν
1924 2200 2277 2271 προπέτειαν,
2314 2202 2409 2254 καὶ
2442 2202 2524 2253 ὅτι
2568 2198 2723 2270 παρά
2755 2199 2865 2252 τῶν
2900 2196 3093 2257 ἐθνῶν.
3139 2189 3214 2249 ὧν
3245 2195 3348 2247 οὐκ

1775 2284 1963 2355 ἐχρῆν.
2013 2283 2113 2346 τὰς
2142 2284 2390 2355 γαμετὰς
2422 2285 2684 2353 ἠγάγετο,
2723 2283 2991 2354 ἐδήλωσεν
3019 2282 3172 2351 ἡμῖν,
3197 2279 3279 2332 ὃτι
3311 2278 3346 2347 ἡ

1778 2367 1876 2437 μὲν
1918 2368 1984 2421 ἐκ
2022 2366 2117 2420 τοῦ
2146 2368 2336 2435 γένους
2380 2368 2490 2421 τῶν
2533 2366 2812 2425 Χετταίων
2859 2360 2949 2436 ἦν,
2985 2366 3018 2435 ή
3049 2364 3106 2416 δέ
3143 2363 3207 2415 ἐκ
3236 2359 3348 2413 τῶν

1774 2451 2015 2504 Εὐαίων·
2048 2450 2227 2504 καίτοι
2254 2468 2319 2519 γε
2346 2451 2514 2521 ἐχρῆν
2535 2450 2697 2503 αὑτὸν
2725 2448 2988 2519 μαθόντα,
3017 2448 3149 2515 ὅσην
3177 2461 3347 2497 σπου-

1772 2533 1868 2604 δὴν
1898 2536 1926 2587 ὁ
1951 2534 2298 2605 πατριάρχης
2316 2536 2611 2606 ἐποιήσατο
2629 2532 3072 2603 διαστελλόμενος
3095 2530 3173 2601 τῷ
3196 2528 3349 2583 παιδὶ

1771 2619 1859 2689 τῷ
1881 2618 2095 2681 ἐαυτοῦ,
2136 2617 2278 2670 ὥστε
2319 2618 2385 2671 ἐκ
2418 2618 2518 2686 τῆς
2565 2617 2739 2687 φυλῆς
2782 2615 2950 2670 αὑτοῦ
2991 2614 3237 2684 γαμετὴν
3267 2611 3347 2681 τῷ

1786 2702 1969 2755 Ἰσαὰκ
2000 2700 2243 2768 ἐνέγκαι,
2281 2701 2377 2753 καί
2413 2700 2495 2753 ὅτι
2527 2702 2559 2770 ή
2592 2702 2774 2771 μήτηρ
2802 2698 2979 2753 αὐτῶν
3013 2700 3047 2767 ή
3081 2695 3346 2748 Ῥεϐέκκα

1771 2784 1837 2837 ἐκ
1848 2783 1947 2854 τῆς
1969 2781 2191 2853 Χαρράν
2208 2782 2452 2852 ὡρμᾶτο,
2475 2782 2641 2854 μηδὲν
2661 2782 2902 2836 τοιοῦτον
2930 2774 3340 2851 βουλεύσασθαι.

1783 2866 1922 2919 Ἀλλ’
1954 2864 2040 2918 ἵνα
2066 2868 2131 2918 ἐκ
2161 2864 2463 2937 προοιμίων
2490 2864 2641 2936 δείξῃ
2671 2865 2777 2917 τῶν
2802 2865 3017 2919 οἰκείων
3041 2861 3258 2931 τρόπων
3282 2859 3344 2911 τὸ

1771 2947 2024 3011 ἄτακτον,
2054 2947 2338 3019 προλαϐὼν
2373 2947 2587 3010 ἐκείνας
2614 2947 2872 3016 ἠγάγετο.
2904 2948 3015 2999 Kal
3039 2946 3125 2997 ἵνα
3159 2941 3334 3013 μάθωο

1773 3048 1871 3101 μεν
1908 3031 2015 3084 τῶν
2059 3030 2333 3097 γυναικῶν
2381 3030 2445 3082 τὸ
2490 3029 2809 3101 δύστροπον,
2850 3029 3016 3100 φησὶν
3052 3029 3085 3097 ἡ
3125 3024 3337 3096 Γραφὴο

1768 3114 1879 3169 Καὶ
1910 3109 2075 3183 ἦσαν
2098 3111 2401 3181 ἐρίζουσαι
2431 3112 2513 3179 τῷ
2553 3112 2765 3168 Ἰσαὰκ
2791 3113 2891 3167 καί
2930 3111 3004 3179 τῇ
3045 3108 3338 3174 Ῥεϐέκκα.

1767 3196 1881 3251 Καὶ
1906 3195 1959 3250 τί
1987 3198 2054 3251 ἂν
2089 3196 2175 3268 είη
2212 3197 2418 3268 ταύτης
2457 3197 2567 3267 τῆς,
2592 3196 2893 3267 μοχθηρίας
2941 3191 3336 3268 χαλεπώτερον,

1766 3281 1895 3334 ὅταν
1917 3280 1975 3334 αἰ
1996 3281 2177 3334 πᾶσαν
2202 3280 2368 3350 τιμὴν
2397 3280 2689 3349 ἀπονέμειν
2717 3279 3047 3348 ὀφείλουσαι,
3079 3276 3153 3346 μὴ
3180 3274 3340 3344 μόνον

1765 3364 1927 3417 τοῦτο
1965 3363 2039 3434 μὴ
2084 3362 2335 3426 ποιῶσιν,
2377 3361 2517 3414 ἀλλά
2555 3363 2651 3413 καὶ
2691 3361 2826 3432 πρὸς
2860 3358 3203 3429 φιλονεικίαν
3231 3373 3339 3410 πα-

1767 3447 2213 3520 ρασκευάζωνται
2236 3461 2253 3509 ;
2290 3444 2480 3497 Ταῦτα
2509 3444 2567 3497 δέ
2599 3445 2778 3498 πάντα
2806 3444 2904 3514 οὐχ
2935 3440 3122 3504 ἁπλῶς
3143 3442 3274 3510 ήμῖν
3302 3439 3338 3509 ἡ

1768 3530 1981 3600 ἱστορία
2018 3528 2295 3600 σημαίνει,
2321 3526 2436 3581 ἀλλ’
2475 3526 2563 3580 ἴνα
2593 3526 2731 3597 μετὰ
2753 3526 2948 3591 ταῦτα,
2985 3523 3205 3577 ἐπειδὰν
3221 3523 3337 3593 ἴδῃς

1763 3613 1876 3683 τὴν.
1898 3612 2194 3679 ’Βεϐέκκαν
2216 3611 2354 3683 πρὸς
2384 3610 2476 3665 τὸν
2521 3609 2716 3664 Ἰακὼϐ
2755 3608 2957 3679 πολλὴν
2997 3607 3096 3678 τὴν
3125 3605 3337 3659 εὖνοιαν

1764 3694 2232 3766 ἐπιδεικνυμένην,
2271 3693 2451 3765 μάθῃς
2493 3693 2570 3753 ὡς
2607 3693 2709 3745 οὐκ
2735 3691 2962 3755 ἀπεικὸς
2995 3691 3226 3760 πρᾶγμα
3254 3688 3336 3741 δι-

1764 3777 2081 3849 επράττετο.
2116 3777 2263 3839 Τέως
2291 3776 2350 3830 δὲ
2391 3776 2478 3828 ἵνα
2505 3773 2581 3845 μή
2606 3774 2706 3844 τὴν
2734 3772 3053 3827 ἀκολουθίαν
3085 3770 3334 3842 προφθά-

1765 3877 1969 3932 σωμεν,
1986 3861 2172 3923 αὐτοῖς
2187 3858 2451 3930 ἐπώμεθα
2473 3861 2586 3921 τοῖς
2597 3857 3026 3928 γεγραμμένοις.
3065 3854 3335 3925 Ἐγένετο

1738 3945 1832 3999 ,δὲ
1848 3944 1999 4015 μετὰ
2018 3943 2085 3998 τὸ
2110 3941 2367 4013 γηρᾶσαι
2392 3942 2500 3996 τὸν
2538 3941 2755 4007 Ἰσαὰκ,
2781 3939 2879 3994 καί
2898 3939 3336 4010 ἠμϐλύνθησαν

1762 4032 1817 4083 οί
1845 4027 2138 4097 ὀφθαλμοί
2169 4024 2356 4080 αὐτοῦ
2390 4024 2497 4079 τοῦ
2526 4022 2706 4092 ὀρᾷνσ
2743 4023 2845 4077 οὐκ
2876 4022 2959 4076 ἐτι
2986 4026 3117 4094 γάρ,
3144 4020 3330 4090 φησὶν.

1763 4110 1869 4164 ὑπὸ
1896 4109 1991 4163 τοῦ
2018 4110 2205 4179 γήρως
2231 4108 2375 4178 όρᾷν.
2396 4105 2628 4175 ἠδύνατο
2645 4121 2661 4137 ·
2691 4106 2804 4167 Kal
2826 4104 3126 4161 ἐκάλεσεν
3150 4102 3357 4163 Ἠσαῦ,

1760 4195 1869 4249 τὸν
1894 4193 2029 4249 υἱὸν
2043 4191 2230 4248 αὐτοῦ
2252 4191 2359 4245 τὸν
2381 4191 2807 4259 πρεσϐύτερον,
2831 4189 2931 4244 καὶ
2949 4185 3118 4243 εἶπεν
3141 4185 3330 4253 αὐτῷ’

1761 4277 1863 4331 Υίέ
1875 4294 2016 4346 μου,
2053 4273 2183 4329 ίδοὺ
2209 4272 2326 4343 ἐγὼ
2350 4272 2668 4343 γεγήρακα,
2699 4274 2798 4327 καί
2824 4275 2898 4327 οὐ
2918 4270 3188 4342 γινώσκω
3217 4270 3336 4338 τὴν

1760 4359 1988 4429 ἡμέραν
2001 4357 2111 4426 τῆς
2127 4356 2414 4425 τελευτῆς
2432 4374 2574 4427 μου.
2592 4355 2724 4410 Νῦν
2743 4352 2856 4411 οὖν
2867 4354 3015 4411 λάϐε
3028 4353 3094 4408 τὸ
3110 4353 3335 4418 σκεῦός

1760 4457 1900 4507 σου,
1923 4439 2037 4507 τήν
2062 4456 2125 4494 τε
2142 4440 2443 4509 φαρέτραν
2465 4438 2566 4493 καί
2584 4439 2651 4492 τὸ
2672 4438 2871 4503 τόξον,
2893 4437 2990 4491 καὶ
3010 4438 3218 4503 ἔξελθε
3244 4439 3333 4501 είς

1760 4525 1828 4579 τὸ
1863 4522 2095 4585 πεδίον,
2122 4521 2223 4579 καί
2249 4521 2550 4590 θήρευσόν
2568 4538 2671 4590 μοι
2698 4522 2910 4589 θήραν,
2942 4521 3043 4574 καί
3070 4520 3334 4587 ποίησόν

1755 4625 1856 4680 μοι
1888 4605 2205 4676 ἐδέσματα,
2235 4605 2317 4671 ὡς
2350 4603 2505 4673 φιλῶ
2531 4603 2667 4673 ἐγὼ,
2708 4604 2803 4657 καί
2837 4603 3048 4673 ἐνεγκέ
3073 4621 3197 4672 μοι,
3231 4603 3334 4655 ἵνα

1758 4690 1944 4760 φάγω,
1972 4690 2131 4753 ὅπως
2158 4686 2468 4757 salo-Man
2484 4701 2559 4741 σε
2572 4688 2612 4755 ἡ
2627 4686 2797 4756 ψυχή
2819 4703 2959 4756 μου,
2973 4685 3115 4754 πρὶν
3131 4685 3170 4754 ἦ
3190 4686 3333 4739 ἀπο-

1759 4772 1963 4828 θανεῖν
1983 4788 2079 4841 με.
2117 4769 2381 4825 Ἐνταῦθά
2411 4786 2501 4841 μοι
2531 4770 2745 4836 σκόπει,
2772 4769 3045 4840 ἀγαπητέ,
3067 4768 3168 4839 τὴν
3196 4769 3332 4837 ἀφαι-

1756 4872 1848 4909 τον
1875 4854 1969 4909 τοῦ
2000 4852 2136 4908 Θεοῦ
2168 4852 2380 4922 σοφίαν,
2409 4853 2506 4905 zeal
2527 4852 2674 4915 ὅπως
2701 4853 2731 4905 ό
2760 4851 2861 4922 μὲν
2890 4850 3073 4923 πατὴρ
3094 4851 3193 4921 τὴν
3224 4868 3327 4920 φυ-

1759 4939 1917 5010 σικὴν
1962 4936 2344 5008 φιλοστοργίαν
2377 4934 2817 5004 ἐπιδεικνύμενος
2846 4934 3020 4989 ταῦτα
3047 4934 3329 5001 διετάξατο

1754 5023 1835 5093 τῷ
1872 5022 2074 5077 Ἠσαῦ’
2109 5022 2139 5074 δ
2164 5020 2223 5074 δέ
2261 5020 2425 5088 σοφὸς
2452 5019 2547 5073 καὶ
2592 5019 2898 5089 εὐμήχανος
2924 5019 3202 5089 Δεσπότης
3238 5018 3329 5072 διά

1754 5106 1854 5175 τῆς
1898 5103 2191 5166 Ῥεϐέκκας
2227 5102 2328 5173 τὴν
2359 5102 2565 5156 οίκείαν
2588 5101 2892 5172 πρόρρησιν
2920 5104 3000 5164 εἰς
3034 5101 3196 5173 ἔργον
3240 5101 3328 5166 ἐξ·

1754 5186 2041 5257 ενεχθῆναι
2063 5183 2489 5255 παρασκευάζει,
2513 5183 2777 5238 διδάσκων
2798 5185 2948 5255 ἡμᾶς
2962 5185 3060 5255 ὅση
3077 5185 3176 5254 τῆς
3198 5184 3328 5255 ἀρε-

1752 5271 1851 5340 τῆς
1882 5270 1915 5339 ἡ
1943 5268 2210 5339 ἰσχὺςηκαὶ
2236 5266 2337 5337 τῆς
2364 5265 2474 5320 τῶν
2488 5266 2704 5337 τρόπον
2727 5267 3047 5331 ἐπιεικείας.
3082 5266 3194 5321 Kal
3216 5265 3328 5338 γάρ

1755 5353 1962 5413 ἐκεῖνος
1992 5351 2092 5420 μὲν
2120 5349 2214 5407 καὶ
2250 5350 2360 5402 ἀπὸ
2387 5347 2494 5402 τῶν
2527 5349 2929 5419 πρωτοτοκίων,
2959 5351 3052 5404 καὶ
3076 5350 3187 5405 ἀπὸ
3222 5350 3324 5420 τῆς

1751 5436 1846 5490 τοῦ
1879 5435 2087 5506 πατρὸς
2116 5434 2245 5505 περὶ
2280 5433 2449 5487 αὐτὸν,
2476 5432 2767 5498 διαθέσεως
2796 5434 2865 5489 τά
2890 5434 3135 5506 πρωτεῖα
3174 5434 3324 5505 ἐχειν

1750 5518 2008 5589 νομίζων,
2043 5516 2239 5587 ἀθρόον
2270 5517 2524 5572 ἁπάντων
2547 5516 2751 5589 ἔρημος
2782 5520 3095 5591 ηὑρίσκετο,
3128 5519 3319 5590 ἐπειδὴ

1751 5604 1819 5657 τά
1844 5601 1973 5673 παρ’
2001 5600 2198 5656 ἐαυτοῦ
2224 5603 2554 5670 εἰσενεγκεῖν
2587 5603 2688 5657 ούκ
2713 5602 3023 5676 ἠϐουλήθηο
3057 5597 3213 5668 οὗτος
3236 5603 3319 5666 δέ,

1750 5685 1939 5755 ἐπειδὴ
1978 5683 2189 5737 οἴκοθεν
2225 5679 2293 5755 ἦν
2334 5684 2622 5758 ἐνάρετος,
2664 5688 2759 5740 καὶ
2801 5686 2898 5758 τὴν
2941 5687 3146 5742 ἄνωθεν
3204 5681 3319 5757 εἶχε

1752 5767 1922 5840 ῥοπήν
1954 5767 2347 5840 συμμαχοῦσαν
2374 5770 2541 5841 αὐτῷ,
2582 5770 2677 5824 καὶ
2708 5771 2932 5833 ἄκοντος
2970 5770 3064 5825 τοῦ
3107 5770 3316 5840 πατρὸς

2912 5869 2947 5971 6
