3782 6262
380 302 490 359 665

377 423 481 495 τὴν
500 419 630 491 παρ’
654 418 822 474 αὐτοῦ
850 418 1098 487 εὐλογίαν
1118 421 1438 477 ἐπισπᾶται.
1473 422 1639 477 Οὐδὲν
1662 421 1771 494 γὰρ
1800 424 1946 493 ἰσχυο

383 506 604 577 ρότερον
631 502 724 556 τοῦ
774 502 926 573 παρά
970 502 1068 573 τῆς
1104 502 1285 569 δεξιᾶς
1316 505 1532 574 ἐκείνης
1566 504 1949 576 βοηθουμένου.

382 587 527 658 Ὅρα
553 584 683 655 γοῦν
707 584 949 655 ἀκριϐῶς
965 584 1201 647 ἅπαντα,
1220 586 1309 639 ῖνα
1324 586 1502 657 μάθῃς
1518 587 1618 656 τῆς
1641 586 1954 654 οἰκονομίας

381 670 480 739 τὴν
501 667 833 739 ὑπερϐολὴν,
865 669 960 720 καὶ
987 666 1102 731 πῶς
1122 669 1150 721 6
1178 668 1277 738 μὲν
1305 670 1405 739 τῆς
1432 670 1643 723 ἐκεῖθεν
1668 670 1959 724 ἀπολαύων

383 751 579 822 ῥοπῆς,
628 749 828 820 πολλῆς
874 751 934 803 ἐν
988 751 1190 804 ἅπασιν
1227 748 1474 814 ἀξιοῦται
1505 753 1605 821 τῆς
1642 752 1953 823 συνεργίας,

383 831 524 885 ὥστε
550 831 650 902 τὴν
688 831 782 885 τοῦ
813 831 1017 903 πατρὸς
1051 832 1299 900 εὐλογίαν
1329 835 1409 897 εἰς
1432 833 1596 888 αὐτὸν
1637 834 1959 904 μετενεχθῆ-

382 933 471 969 ναι
496 931 509 944 ο
535 916 564 967 6
583 916 640 968 δὲ
673 915 893 969 πάντων
921 916 1300 988 διαμαρτάνει,
1330 916 1719 988 προδεδομένος
1746 916 1958 971 οἴκοθεν

384 997 474 1052 διά
498 999 597 1069 τὴν
620 998 729 1052 τῶν
750 998 965 1069 τρόπων
989 999 1309 1071 μοχθηρίαν.
1354 1000 1633 1054 Ῥεϐέκκα
1662 1001 1753 1065 δέ,
1773 1002 1955 1071 φησὶν,

385 1082 615 1151 ἤκουσε
653 1082 989 1148 λαλοῦντος
1031 1082 1229 1136 Ἰσαὰκ
1277 1083 1427 1149 πρὸς
1470 1083 1652 1138 Ἠσαῦ
1683 1085 1790 1137 τὸν
1826 1084 1961 1137 υἱὸν

386 1165 593 1219 αὑτοῦ.
628 1165 952 1232 Ἐπορεύθη
974 1164 1043 1218 δὲ
1073 1165 1254 1222 Ἡσαῦ
1275 1168 1362 1232 είς
1383 1167 1445 1220 τό
1472 1166 1682 1220 πεδίον
1708 1164 1963 1235 θηρᾶσαι

388 1249 579 1318 θήραν
608 1248 686 1314 τῷ
720 1247 895 1315 πατρὶ
927 1249 1133 1303 αὑτοῦ.
1180 1245 1329 1303 Εἴπε
1366 1250 1434 1302 δὲ
1487 1250 1769 1304 Ῥεϐέκκα
1815 1250 1963 1317 πρὸς

388 1333 495 1386 τὸν
518 1333 655 1386 υἱὸν
680 1330 870 1398 αὐτῆς
886 1330 993 1384 τόν
1020 1330 1285 1386 ἐλάσσω.
1304 1331 1402 1385 Διά
1425 1332 1477 1384 τί
1495 1333 1825 1403 προσέθηκε,
1854 1332 1965 1386 Τὸν

388 1415 665 1478 iniciam»;
703 1414 920 1483 Ἐπειδὴ
943 1413 1196 1485 ἀνωτέρω
1223 1408 1397 1477 εἶπεν,
1424 1415 1505 1467 ὅτι
1529 1414 1684 1485 [515]
1720 1413 1963 1468 Ἐκάλε-

390 1511 503 1552 σεν
548 1497 743 1553 Ἰσαὰκ
764 1496 872 1550 τὸν
896 1496 1031 1550 υἱόν
1057 1496 1241 1550 αὑτοῦ
1268 1495 1375 1549 τὸν
1407 1497 1834 1564 πρεσϐύτερον,
1877 1497 1965 1549 ἶνα

395 1579 651 1651 μάθωμεν
676 1577 782 1632 τίνι
813 1576 909 1631 νῦν
930 1578 1232 1647 διαλέγεται
1254 1580 1287 1649 ἡ
1331 1578 1617 1644 Ῥεϐέκκα,
1642 1578 1794 1648 φησὶ,
1813 1579 1967 1647 Πρός

393 1664 501 1717 τὸν
513 1661 778 1725 ἐλάσσω,
800 1662 943 1715 τοῦτ’
958 1662 1093 1726 ἐστι,
1115 1662 1206 1717 τὸν
1240 1661 1454 1715 Ἰακώϐ·
1477 1662 1588 1716 Ἴδε
1598 1661 1712 1731 ἐγὼ
1730 1662 1969 1730 ἥκουσα

394 1748 499 1801 τοῦ
527 1747 749 1815 πατρός
772 1764 888 1801 σου
912 1747 1248 1811 λαλοῦντος
1276 1746 1424 1814 πρὸς
1461 1745 1642 1801 Ἠσαῦ
1672 1744 1779 1799 τὸν
1799 1745 1969 1801 ἀδελ-

396 1832 515 1899 φόν
542 1846 677 1894 σου,
713 1830 810 1884 καὶ
842 1829 1161 1897 λέγοντος·
1203 1827 1446 1897 Ἔνεγκέ
1474 1845 1577 1897 μοι
1622 1828 1831 1897 θήραν,
1868 1828 1968 1881 καί

397 1915 661 1982 ποίησόν
682 1930 783 1984 μοι
811 1913 1131 1983 ἐδέσματα,
1164 1914 1264 1965 ἵνα
1305 1912 1510 1982 φαγὼν
1541 1912 1858 1982 εὐλογήσω
1897 1926 1971 1966 σε

396 1998 674 2052 ἐναντίον
718 1998 962 2066 Κυρίου,
998 1997 1112 2064 πρὸ
1151 1997 1255 2051 τοῦ
1294 1996 1620 2052 ἀποθανεῖν
1641 2012 1738 2066 με.
1787 1996 1971 2049 Ταῦτα

404 2082 500 2151 μὲν
533 2082 741 2151 ῆκουσα
760 2081 852 2134 τοῦ
885 2080 1087 2151 πατρός
1111 2097 1204 2133 σου
1235 2079 1371 2150 πρὸς
1390 2080 1481 2134 τὸν
1509 2079 1735 2148 ἀδελφόν
1760 2095 1853 2132 σου
1881 2079 1972 2133 τὸν

413 2165 582 2217 Ἠσαῦ
610 2163 1012 2234 διαλεγομένου.
1046 2162 1180 2217 Νῦν
1198 2158 1330 2228 οὖν,
1354 2162 1464 2223 υἱὲ,
1480 2162 1662 2216 ἄκουέ
1679 2180 1797 2233 μου
1823 2161 1975 2215 καθά

402 2264 501 2302 σοι
519 2247 633 2316 ἐγὼ
651 2246 1027 2315 ἐντέλλομαι,
1046 2246 1141 2300 καί
1168 2246 1479 2314 πορευθείς
1492 2248 1579 2312 είς
1597 2245 1670 2299 τὰ
1687 2247 1972 2313 πρόϐατα,

401 2331 548 2385 λάϐε
570 2347 670 2399 μοι
693 2330 920 2383 ἐκεῖθεν
933 2329 1042 2383 δύο
1057 2329 1299 2397 ἐρίφους
1314 2328 1589 2395 ἁπαλοὺς
1610 2328 1706 2381 καὶ
1729 2328 1972 2394 καλοὺς,

404 2413 505 2467 καί
531 2411 764 2478 ποιήσω
794 2412 1015 2477 αὐτοὺς
1060 2411 1361 2480 ἐδέσματα
1393 2410 1472 2477 τῷ
1512 2412 1693 2479 πατρί
1726 2425 1867 2475 σου,
1896 2412 1972 2476 ὡς

404 2494 587 2564 φιλεῖ,
610 2495 708 2549 καί
750 2496 1039 2561 εἰσοίσεις
1066 2493 1147 2559 τῷ
1183 2495 1362 2564 πατρί
1389 2510 1528 2560 σου,
1567 2492 1663 2548 καὶ
1706 2492 1976 2562 φάγεται,

405 2581 567 2645 ὅπως
596 2578 909 2649 εὐλογήσῃ
933 2591 1007 2633 σε
1034 2581 1067 2633 ό
1102 2577 1299 2647 πατήρ
1325 2594 1444 2632 σου
1476 2580 1590 2647 πρὸ
1621 2576 1730 2632 τοῦ
1759 2576 1979 2632 ἀποθα-

405 2663 536 2718 νεῖν
554 2664 760 2718 αὐτόν.

464 2747 529 2818 β’.
540 2748 681 2818 Ὅρα
701 2745 906 2819 μητρὸς
921 2744 1323 2817 φιλοστοργίαν,
1345 2744 1544 2816 μᾶλλον
1559 2743 1615 2798 δέ
1629 2741 1766 2798 Θεοῦ
1777 2744 1983 2798 οἰκονο-

410 2831 562 2900 μίαν.
589 2831 760 2894 Αὐτὸς
789 2828 897 2899 γὰρ
928 2824 997 2901 ἦν
1023 2832 1053 2883 6
1080 2830 1176 2884 καὶ
1204 2828 1408 2898 ταύτην
1437 2828 1577 2899 πρὸς
1603 2828 1706 2897 τὴν
1740 2826 1981 2897 συμϐου-

408 2914 508 2986 λὴν
541 2914 847 2986 διεγείρων,
880 2914 976 2967 καὶ
1002 2913 1064 2967 τὸ
1096 2914 1205 2967 πᾶν
1234 2911 1649 2983 κατορθωθῆναι
1678 2909 1867 2963 ποιῶν.
1899 2905 1986 2963 EI-

407 3000 497 3063 δες
539 2999 637 3069 τῆς
673 2999 880 3069 μητρὸς
910 2998 1011 3068 τὴν
1052 2997 1305 3070 ἀρίστην.
1329 2994 1671 3067 συμϐουλήν;
1712 2994 1857 3064 Ὅρα
1890 2993 1985 3047 καὶ

408 3082 505 3135 τοῦ
560 3080 754 3134 Ἰακὼϐ
801 3080 863 3133 τὸ
902 3079 1391 3151 περιεσκεμμένον,
1432 3078 1546 3133 καὶ.
1572 3078 1719 3140 ὅπως
1759 3075 1848 3129 διά
1887 3075 1987 3145 τῆς

412 3163 757 3236 ἀποκρίσεως
783 3161 893 3215 τῶν
931 3162 1147 3215 οἰκείων
1175 3161 1392 3236 τρόπων
1422 3160 1661 3214 δείκνυσι
1694 3158 1791 3229 τὴν
1817 3157 1989 3211 ἐπιεί-

414 3229 589 3300 κειαν.
622 3240 769 3299 ETa-ts
801 3245 932 3313 γὰρ,
962 3245 1115 3314 φησὶ,
1170 3229 1319 3310 πρός
1349 3241 1465 3309 τὴν
1489 3242 1718 3310 μητέρα
1758 3238 1949 3294 αὐτοῦ
1968 3255 1983 3269 ·

420 3330 635 3384 Ἔστιν
662 3331 695 3382 ό
725 3318 988 3396 ἀδελφός
1002 3344 1122 3395 μου
1160 3324 1343 3379 Ἠσαῦ
1369 3324 1525 3394 ἀνὴρ
1546 3322 1760 3389 δασὺς,
1782 3322 1895 3392 ἐγὼ
1922 3322 1991 3376 δέ

417 3412 574 3482 ἀνὴρ
599 3411 763 3476 λεῖος
781 3426 797 3442 ⁸
827 3408 1061 3479 μήποτε
1092 3408 1437 3477 ψηλαφήσῃ
1477 3424 1554 3476 με
1581 3410 1614 3462 ό
1641 3406 1859 3474 πατὴρ,
1888 3408 1990 3462 καὶ

420 3497 633 3564 ἔσομαι
651 3494 930 3548 ἐναντίον
949 3491 1134 3547 αὐτοῦ
1153 3492 1234 3559 ὡς
1248 3489 1658 3560 καταφρονῶν,
1676 3490 1774 3542 καὶ
1790 3490 1992 3555 ἐπάξω

420 3576 653 3649 ἐμαυτῷ
698 3575 984 3642 κατάραν,
1014 3573 1115 3628 καί
1158 3576 1269 3628 οὐκ
1318 3574 1622 3643 εὐλογίαν.
1671 3573 1847 3645 Πολλὴ
1894 3574 1991 3628 τοῦ

422 3660 611 3724 παιδὸς
636 3661 669 3730 ἠ
696 3658 1105 3729 εὐγνωμοσύνη,
1134 3657 1229 3710 καὶ
1255 3657 1288 3728 ἡ
1312 3655 1447 3727 πρὸς
1471 3655 1561 3709 τὸν
1583 3656 1795 3728 πατέρα
1809 3655 1991 3721 αἰδώς.

422 3745 665 3810 Δέδοικα,
687 3742 841 3814 φησί,
863 3742 937 3813 μὴ
959 3741 1038 3804 εἰς
1056 3739 1116 3793 τὸ
1143 3739 1383 3794 ἐναντίον
1417 3739 1592 3810 μοιτά
1618 3739 1717 3809 τῆς
1751 3739 1991 3811 σπουδῆς

426 3828 629 3899 ἐπέλθῃ
644 3841 693 3888 ιι,
719 3825 792 3897 μὴ
812 3824 948 3891 δόξω
963 3821 1337 3878 ἐναντιοῦσθαι
1354 3823 1422 3892 τῇ
1437 3819 1530 3874 τοῦ
1548 3822 1752 3893 πατρὸς
1776 3821 1993 3893 γνωμῃ,

425 3912 519 3966 καὶ
541 3911 661 3964 ἀντὶ
688 3908 789 3979 τῆς
818 3907 1067 3975 εὐλογίας
1094 3906 1340 3977 κατάραν
1370 3905 1783 3975 ἐπισπάσωμαι.
1816 3904 1883 3957 Τί
1906 3901 1999 3958 οῦν

426 3996 462 4065 ἡ
501 3993 785 4058 Ῥεϐέκκα,
819 3993 852 4061 ή
883 3989 1159 4060 θαυμασία
1201 3988 1295 4041 καὶ
1348 3987 1737 4058 φιλόστοργοςς
1780 3988 1997 4059 Ἐπειδὴ

427 4078 529 4130 οὐκ
557 4075 618 4140 ἐξ
639 4075 846 4137 οἰκείας
862 4072 1086 4142 γνώμης
1115 4072 1274 4141 μόνον
1305 4070 1462 4123 τοῦτο
1477 4070 1848 4141 διεπράττετο,
1865 4070 2003 4124 ἀλλὰ

430 4159 525 4212 καὶ
550 4160 617 4228 τῇ
636 4156 841 4211 ἄνωθεν
862 4155 1187 4223 ὑπηρετεῖτο
1214 4152 1538 4223 προρρήσει,
1565 4154 1745 4205 πᾶσαν
1766 4152 2002 4223 σπουδὴν

430 4242 664 4293 ποιεῖται
706 4238 800 4291 τὸν
840 4236 1004 4306 φόϐον
1046 4235 1249 4300 ἐξελεῖν
1293 4234 1389 4286 τοῦ
1431 4233 1640 4300 παιδὸς,
1667 4233 1761 4288 καὶ
1804 4230 2003 4307 θάρσος

432 4319 841 4382 ἐνθεῖναι,ὣστε
863 4317 960 4389 τὴν
993 4316 1304 4388 συμϐουλὴν
1327 4317 1405 4381 εἰς
1432 4315 1592 4387 ἔργον
1614 4317 1844 4385 ἀγαγεῖν
1862 4332 1877 4348 ο
1909 4318 2005 4371 καὶ

430 4406 529 4477 οὐχ
559 4405 897 4473 ὑπισχνεῖται
928 4400 1077 4471 αὐτῷ
1100 4401 1181 4454 ὅτι
1212 4400 1496 4471 δυνήσεται
1521 4400 2004 4471 παρακρούσασθαι

429 4488 523 4542 τὸν
546 4487 761 4558 πατέρα
783 4485 877 4538 καὶ
901 4483 1085 4538 λαθεῖν
1100 4500 1115 4515 ’
1139 4482 1278 4538 ἀλλά
1304 4483 1359 4536 τί
1379 4499 1395 4549 ;
1426 4483 1554 4537 Ἐπ’
1576 4482 1683 4553 ἐμὲ
1708 4484 1748 4552 ’ἡ
1781 4482 2007 4552 κατάρα

431 4589 570 4638 σου,
600 4570 816 4625 τέκνον
835 4586 850 4600 ⁸
877 4569 1071 4638 μόνον
1106 4566 1465 4623 ὑπάκουσον
1492 4564 1605 4635 τῆς
1631 4565 1840 4639 φωνῆς
1861 4584 2004 4635 μου,

430 4661 528 4715 καί
557 4657 868 4726 πορευθείς
889 4655 1099 4724 ἐνεγκέ
1132 4672 1248 4724 μοι.
1271 4654 1392 4709 Κάν
1419 4653 1644 4724 γένηται
1670 4652 1910 4708 τοιοῦτόν
1929 4671 2004 4721 τι,

431 4744 621 4815 φησὶν,
654 4740 808 4794 οὐδὲν
837 4739 1002 4802 αὐτὸς
1022 4737 1444 4811 παραϐλαϐήσῃ.
1478 4737 1569 4809 Μὴ
1590 4737 1773 4791 τοίνυν
1801 4737 2004 4809 δείσῃς,

429 4827 568 4882 ἀλλά
587 4823 806 4896 θαρρῶν
836 4821 1212 4876 Ὑπάκουσόν
1227 4838 1347 4890 μου
1371 4818 1483 4888 τῆς
1499 4819 1727 4888 φωνῆς,
1750 4820 1845 4873 καὶ
1865 4820 2008 4873 ποίει

431 4911 500 4966 τά
527 4909 659 4980 παρ’
690 4905 825 4978 ἐμοῦ
854 4923 936 4959 σοι
964 4903 1456 4976 συμϐουλευθέντα.
1488 4902 1661 4956 Τοῦτο
1682 4902 1897 4973 ἀληθῶς
1922 4921 2010 4973 φι-

432 4992 717 5065 λοστοργία
737 4990 964 5062 μητρὸς,
982 4989 1041 5044 τὸ
1063 4988 1203 5060 ὑπὲρ
1224 4987 1317 5042 τοῦ
1335 4987 1525 5051 παιδὸς
1541 4987 1775 5058 ἐτοίμως
1794 4988 2011 5041 ἅπαντα

432 5074 846 5145 καταδέχεσθαι.
872 5071 1056 5125 Ταῦτα
1076 5072 1307 5125 εἰποῦσα
1336 5071 1523 5141 ῖσχυσε
1548 5069 1750 5134 ἐξελεῖν
1768 5069 1862 5122 τοῦ
1885 5086 2012 5123 παι-

433 5162 522 5223 δὸς
553 5162 645 5211 τὸν
680 5157 867 5227 φόϐον.
898 5155 1010 5209 Καὶ
1034 5154 1345 5223 πορευθείς
1359 5154 1538 5208 ἔλαϐε
1566 5153 1666 5208 καὶ
1695 5153 1913 5223 ἤνεγκε
1936 5152 2012 5222 τῇ

434 5242 611 5310 μητρὶ
630 5241 816 5296 αὑτοῦ
833 5256 851 5275 ο
873 5240 973 5293 καί
999 5238 1287 5305 ἐποίησεν
1305 5238 1604 5308 ἐδέσματα
1647 5236 1801 5292 καθὰ
1818 5237 2012 5307 ἐφίλει

438 5329 469 5378 ό
497 5324 694 5392 πατὴρ
712 5324 923 5379 αὐτοῦ.
965 5323 1074 5377 Καί
1095 5320 1391 5385 λαϐοῦσα,
1429 5323 1613 5392 φησὶν,
1650 5322 1690 5387 ἡ
1732 5321 2014 5375 Ῥεϐέκκα

438 5408 553 5473 τὴν
572 5407 807 5475 στολὴν
831 5406 939 5459 τοῦ
968 5404 1102 5459 υἱοῦ
1124 5399 1317 5472 αὐτῆς
1341 5404 1449 5458 τοῦ
1469 5402 1874 5471 πρεσϐυτέρου
1901 5402 2015 5470 τὴν

440 5490 656 5555 καλὴν,
699 5490 736 5557 ἢ
768 5487 848 5559 ἦν
890 5491 1025 5557 παρ’
1065 5487 1220 5556 αὐτῇ
1261 5488 1330 5541 ἐν
1377 5486 1458 5552 τῷ
1503 5487 1667 5552 οῑκῳ,
1722 5486 2016 5540 ἐνέδυσεν

452 5573 663 5628 Ἰακὼϐ
692 5573 796 5625 τὸν
820 5572 955 5626 υἱὸν
978 5570 1168 5639 αὐτῆς
1190 5572 1296 5624 τὸν
1318 5569 1627 5639 νεώτερον,
1661 5570 1758 5623 καί
1784 5568 1856 5622 τὰ
1883 5566 2016 5636 δέρ-

442 5674 595 5725 ματα
626 5654 743 5709 τῶν
772 5657 991 5724 ἐρίφων
1018 5653 1327 5722 περιέθηκε
1372 5652 1506 5720 περὶ
1539 5652 1683 5718 τοὺς
1713 5651 1740 5691 δ
1763 5652 2015 5722 ,βραχίο-

507 5812 533 5840 ⁶
559 5812 640 5858 Sic
658 5809 827 5866 CoisL,
850 5806 1029 5855 melius
1050 5818 1190 5913 Ἓεπι
1216 5804 1355 5859 editi,
1379 5805 1463 5863 qui
1488 5801 1673 5850 habent
1698 5802 1899 5851 ἐπέλθοι.
1927 5800 1996 5849 En

508 5873 535 5913 ἰ)
560 5873 787 5913 nuimme
813 5880 926 5913 mss.
955 5874 1007 5913 el
1024 5866 1073 5913 Βῆ
1114 5866 1145 5913 1.
1170 5865 1439 5913 περιέθηκεν
1464 5863 1537 5909 ἐπὶ
1560 5862 1682 5913 τούς.

508 5873 535 5913 1)
560 5873 787 5929 Ouinaue
813 5862 926 5917 inss.
955 5874 1007 5916 et
1024 5862 1145 5914 Bibl.
1170 5862 1439 5927 περιέθηκεν
1464 5863 1537 5909 ἐπὶ
1560 5862 1682 5917 τούς.

1086 302 1143 358 S.
1183 302 1469 363 JOANNIS
1508 302 1992 362 CHRYSOSTOMI
2033 301 2359 359 ARCHIEP.
2397 292 2947 357 CONSTANTINOP.

3531 285 3632 341 ιω

2062 426 2174 482 νας
2192 420 2396 483 αὐτοῦ,
2416 416 2514 471 καί
2540 414 2638 469 ἐπὶ
2665 412 2739 466 τὰ
2759 407 2957 480 γυμνὰ
2969 403 3077 459 τοῦ
3098 400 3404 471 τραχήλου
3423 400 3635 460 αὐτοῦ,

2062 503 2159 555 καὶ
2177 501 2359 553 ἔδωκε
2378 499 2449 553 τὰ
2463 497 2763 566 ἐδέσματα
2778 493 2877 547 καί
2898 489 3039 555 τοὺς
3056 488 3294 555 ἄρτους,
3311 485 3420 551 οὓς
3437 486 3640 551 ἐποίηο

2061 600 2193 644 σεν,
2230 584 2317 647 είς
2358 582 2467 645 τὰς
2500 581 2702 647 χεῖρας
2749 574 2949 629 Ἰακὼϐ
2977 571 3083 625 τοῦ
3117 568 3251 623 υἱοῦ
3286 566 3502 633 αὐτῆς.
3544 566 3641 621 καί

2061 664 2376 734 εἰσήνεγκε
2412 659 2495 728 τῷ
2524 660 2699 729 πατρί
2736 656 2946 713 αὑτοῦ.
2988 654 3099 706 Θέα
3147 669 3237 722 μοι
3268 648 3642 734 ἐνταῦθαᾷτῆς

2073 730 2370 809 Ῥεϐέκκας
2403 745 2543 817 μετά
2569 744 2667 813 τῆς
2722 737 3106 809 φιλοστοργίας
3145 734 3261 817 καὶ,
3287 732 3388 817 τὴν
3438 730 3644 817 πολλῆν

2066 831 2277 899 σοφίαν.
2336 808 2553 897 Ἐπειδὴ
2605 808 2715 895 γὰρ
2738 808 2900 874 εἶπεν
2934 821 3211 888 ἀνωτέρω,
3251 816 3333 899 ῦτι
3365 816 3395 867 6
3441 814 3546 899 μὲν
3578 808 3645 899 ᾖν

2063 894 2249 975 δασὺς,
2277 912 2305 963 6
2335 910 2392 963 δὲ
2419 894 2581 972 λεῖος,
2610 894 2708 977 τὴν
2732 903 2947 974 στολὴν,
2981 902 3167 972 φησὶν,
3196 897 3447 951 ἐνέδυσεν
3477 894 3646 977 αὐτὸν

2064 994 2159 1048 τοῦ
2202 992 2394 1059 Ἠσαῦ,
2424 992 2519 1045 καὶ
2544 990 2611 1043 τά
2641 988 2886 1059 δέρματα
2916 983 3243 1055 περιέθηκεν
3272 978 3445 1049 αὐτῷ,
3490 976 3643 1049 [516]

2067 1079 2161 1132 καὶ
2192 1074 2528 1145 πανταχόθεν
2562 1069 2945 1141 σχηματίσασα
2974 1065 3158 1127 αὐτὸν,
3186 1064 3261 1126 ὡς
3289 1062 3391 1131 τὴν
3426 1062 3648 1129 ἀπάτην

2067 1160 2149 1224 είς
2182 1159 2341 1231 ἔργον
2364 1143 2560 1219 ἐλθεῖν,
2585 1153 2750 1207 δοῦσα
2775 1152 2843 1205 τά
2870 1148 3141 1218 ἐδέσματα
3167 1146 3277 1231 καί
3293 1145 3423 1231 τοὺς
3446 1143 3649 1231 ἄρτου-ς

2068 1244 2148 1307 εἰς
2176 1227 2273 1304 τάς
2299 1242 2509 1311 χεῖρας,
2537 1232 2917 1306 παρεσκεύασε
2949 1230 3322 1311 προσαγαγεῖν
3346 1227 3425 1297 τῷ
3457 1227 3647 1311 πατρί.

2071 1326 2269 1378 Σκόπει
2301 1310 2391 1394 μοι
2420 1320 2583 1375 πάλιν
2617 1317 2870 1379 ἐνταῦθα,
2906 1314 3024 1376 πῶς
3053 1313 3155 1382 τῆς
3190 1310 3396 1364 ἀνωθεν
3423 1310 3651 1380 χάριτος

2069 1405 2137 1480 ἦν
2165 1408 2226 1461 τὸ
2269 1393 2397 1460 πᾶν.
2427 1405 2598 1458 ὐταν
2625 1402 2735 1471 γάρ
2781 1400 2945 1471 ἡμεῖς
2987 1396 3063 1449 τά
3092 1397 3222 1480 παρ’
3274 1393 3511 1480 ἐαυτῶν-
3538 1395 3650 1480 eis:

2073 1473 2402 1560 ε’νέγκωμεν,
2423 1485 2659 1556 δαψιλῶς
2695 1482 3071 1550 ἀπολαύσομεν
3103 1479 3199 1560 καί.
3236 1476 3337 1547 τῆς
3370 1473 3651 1560 παᾼράᾉτοῦ

2073 1558 2205 1627 Θεοῦ
2234 1558 2545 1641 συνεργίας.
2570 1569 2690 1621 Ἵνα
2714 1566 2823 1636 γὰρ
2864 1564 2940 1634 μὴ
2966 1558 3322 1633 ρᾳθυμῶμεν,
3360 1558 3500 1629 μηδέ
3525 1558 3655 1609 ἀνα-

2076 1654 2427 1717 πεπτωκότες
2447 1646 2617 1723 ὧμεν,
2641 1649 2889 1721 βούλεται
2906 1647 3000 1700 καὶ
3017 1645 3165 1715 ἡμᾶς
3180 1660 3234 1696 τι
3252 1641 3653 1711 συνεισφέρειν,

2077 1742 2142 1794 ἵν’
2183 1739 2324 1793 οὓτω
2357 1738 2454 1792 καὶ
2482 1737 2552 1790 τά
2584 1735 2712 1804 παρ’
2751 1730 2944 1787 ἐαυτοῦ
2979 1727 3344 1799 ἐπιδείξηταν
3402 1726 3501 1779 καὶ
3531 1723 3654 1777 οὔτε

2075 1825 2137 1879 τὸ
2168 1825 2275 1877 πᾶν
2310 1822 2409 1891 τῆς
2450 1818 2654 1874 ἀνωθεν
2698 1816 2908 1885 γίνεται
2959 1810 3229 1883 βοηθείας,
3262 1809 3401 1863 ἀλλά
3436 1809 3518 1861 δεῖ
3564 1808 3657 1860 καὶ

2077 1907 2223 1977 ἡμᾶς
2257 1922 2309 1958 τι
2333 1901 2760 1968 συνεισενεγκεῖν
2776 1914 2789 1927 °
2819 1895 2945 1949 ούτε
2964 1895 3093 1966 παρ’
3118 1891 3276 1964 ἡμῶν
3298 1892 3461 1977 πάλιν
3486 1892 3655 1977 ἀπαι-

2077 1976 2160 2043 τεῖ
2185 1990 2245 2043 τὸ
2274 1989 2402 2051 πᾶν,
2430 1984 2584 2048 εἰδὼς
2614 1984 2713 2053 τῆς
2749 1980 3024 2053 ἡμετέρας
3055 1977 3337 2040 ἀσθενείας
3361 1976 3465 2047 τὴν
3488 1976 3658 2044 ὑπερ-

2081 2071 2262 2143 ϐολὴν,
2294 2069 2431 2124 ἀλλά
2461 2068 2561 2139 τὴν
2598 2065 2803 2120 οἰκείαν
2845 2061 3254 2133 φιλανθρωπίαν
3297 2058 3652 2143 μιμούμενος,

2080 2154 2175 2208 καί
2192 2140 2512 2225 βουλόμενος
2525 2149 2776 2223 ἀφορμήν
2791 2164 2912 2201 τινα
2940 2145 3143 2208 λαϐεῖν,
3171 2144 3312 2197 ῶστε
3334 2142 3440 2212 τὴν
3452 2140 3656 2194 οἰκείαν

2082 2236 2391 2309 φιλοτιμίαν
2423 2229 3090 2300 ἐπιδείξασθαι,ἀναμένει
3112 2228 3181 2281 τὰ
3206 2228 3335 2297 παρ’
3355 2225 3516 2295 ἡμῶν
3551 2226 3657 2309 εἰσξ

2083 2306 2364 2392 ἐνεχθῆναι
2383 2336 2399 2350 ο
2431 2318 2568 2388 ὅπερ
2601 2317 2694 2369 καὶ
2716 2313 2813 2367 νῦν
2840 2311 3150 2382 γεγένηται.
3185 2308 3407 2379 Ἐπειδὴ
3430 2309 3540 2392 γάρ
3566 2306 3657 2359 καὶ

2082 2407 2111 2459 ὁ
2144 2389 2338 2459 Ἰακὼϐ
2369 2401 2519 2470 καὶὴ
2545 2397 2834 2461 Ῥεϐέκκα,
2856 2395 3001 2466 ἅπερ
3027 2394 3192 2465 ἐχρῆν
3220 2393 3313 2461 ἀφ’
3338 2389 3555 2445 ἑαυτῶν
3572 2406 3660 2457 γε·

2084 2487 2290 2550 νέσθαι,
2315 2484 2670 2553 πεποιήκασι,
2698 2478 2792 2534 καί
2812 2481 2840 2533 6
2865 2477 2965 2548 μὲν
2990 2478 3271 2547 ὑπήκουσε
3288 2473 3392 2543 τῆς
3423 2471 3659 2544 συμϐου-

2084 2570 2184 2641 λῆς
2211 2580 2235 2609 °
2270 2568 2369 2637 τῆς
2403 2566 2629 2638 μητρὸς,
2651 2565 2685 2635 ή
2707 2563 2764 2618 δὲ
2797 2561 2868 2615 τὰ
2903 2562 3031 2633 παρ’
3054 2558 3254 2627 ἑαυτῆς
3282 2558 3466 2641 πάντα
3494 2555 3659 2641 ἐπλή-

2088 2638 2253 2725 ρωσε,
2277 2652 2402 2705 τότε
2432 2648 2617 2703 λοιπδν
2639 2647 2735 2700 καὶ
2758 2647 2787 2699 6
2813 2644 3016 2715 ἀγαθὸς
3044 2642 3321 2725 Δεσπότης
3348 2638 3426 2725 t6
3449 2638 3663 2693 πάντων

2086 2722 2508 2807 δυσχερέστερον
2552 2731 2711 2786 τοῦτο
2760 2729 2879 2801 μετ’
2931 2724 3182 2789 εὐκολίας
3221 2722 3530 2807 ἀνυσθῆναι
3573 2738 3662 2807 πεέ

2089 2806 2304 2891 ποίηκε,
2350 2818 2411 2872 τὸ
2454 2818 2529 2888 μὴ
2581 2814 2834 2884 γενέσθαι
2867 2809 3167 2882 κατάδηλον
3202 2806 3305 2877 τῆς
3342 2806 3664 2891 ἀπάτης

2088 2888 2273 2974 δρᾶμα
2298 2903 2377 2973 τῷ
2420 2900 2628 2955 Ἰσαάκ.
2681 2897 2899 2969 Ἐπειδὴ
2931 2895 3041 2965 γάρ
3074 2892 3423 2964 προσήνεγκε
3454 2888 3667 2974 cape-

2093 2967 2274 3058 σμτα
2293 2967 2373 3056 τῶ
2390 2983 2579 3053 πατρὶ,
2596 2976 2761 3036 Elim
2781 2982 2877 3047 Τίς
2890 2967 2959 3033 ετ
2971 2977 3074 3043 σὺ,
3097 2975 3317 3030 τέκνον
3328 2990 3347 3037 ;
3369 2973 3487 3058 καί
3505 2967 3667 3058 εἶπεν

2104 3055 2303 3125 ⁹Ῐακὼϐ
2328 3055 2409 3133 τῷ
2441 3065 2617 3134 πατρί
2646 3063 2833 3119 αὑτοῦ
2851 3078 2868 3096 ο
2914 3059 3060 3131 Ἐγὼ
3085 3060 3203 3129 εἰμι
3252 3055 3453 3113 Ἡσαῦ
3493 3059 3526 3111 ό
3548 3057 3669 3119 υἱός

2092 3166 2212 3207 σου
2236 3154 2269 3206 ό
2301 3152 2673 3219 πρωτότοκος
2691 3162 2707 3179 ’
2731 3141 3034 3213 πεποίηκά
3057 3156 3177 3207 σοι,
3214 3138 3369 3195 καθὰ
3406 3138 3671 3206 λελάλη-

2095 3234 2209 3302 κάς
2238 3251 2361 3305 μοι.
2398 3232 2691 3297 Ἀναστὰς
2727 3228 2997 3295 κάθισον,
3021 3227 3121 3282 καὶ
3144 3224 3296 3295 φάγε
3317 3224 3389 3278 ἐκ
3428 3224 3545 3292 τῆς
3570 3223 3669 3289 θήν

2091 3336 2205 3391 ρας
2223 3335 2367 3389 μου,
2396 3316 2557 3380 ὅπως
2575 3313 2888 3384 εὐλογήσῃ
2914 3329 2991 3382 με
3016 3312 3056 3380 ἡ
3082 3308 3253 3379 ψυχή
3281 3324 3429 3363 σου.
3477 3309 3673 3361 Ἐννόει

2102 3420 2193 3474 μοι
2225 3401 2342 3474 μεθ’
2375 3401 2507 3471 ὅσης
2544 3397 2784 3467 ἀγωνίας
2828 3396 3001 3450 ταῦτα
3044 3394 3347 3465 ἐφθέγγετο
3382 3394 3414 3446 6
3462 3393 3671 3448 Ἰακὼϐ.

2111 3486 2170 3540 '0
2200 3487 2309 3556 γάρ
2339 3485 2398 3539 ἐν
2430 3481 2734 3555 προοιμίοις
2760 3480 2931 3534 εἰπὼν
2963 3481 3030 3550 τῇ
3062 3478 3252 3549 μητρὶ,
3280 3477 3571 3548 Φοϐοῦμαι
3603 3478 3674 3547 μὴ

2099 3569 2286 3635 ἐπάξω
2302 3564 2524 3638 ἐμαυτῷ
2549 3567 2817 3635 κατάραν,
2835 3563 2929 3617 καὶ
2952 3560 3053 3616 οὐκ
3076 3558 3347 3628 εὐλογίαν,
3371 3557 3474 3612 νῦν
3499 3561 3558 3613 ἐν
3575 3560 3675 3629 ὅσῳ

2102 3652 2254 3724 φόϐῳ
2296 3649 2650 3719 καθειστήκει
2694 3645 2947 3701 τοσοῦτον
2991 3644 3177 3716 δρᾶμα
3211 3642 3646 3713 ὑποκρινόμενος
3660 3658 3675 3705 ς

2115 3735 2255 3791 Ἀλλ’
2294 3730 2480 3803 ἐπειδὴ
2509 3729 2641 3795 Θεὸς
2677 3726 2745 3801 ἢν
2789 3730 2819 3782 6
2863 3726 3137 3799 συνεργῶν
3183 3726 3295 3789 τοῖς
3346 3727 3676 3797 γινομένοις.

2104 3820 2322 3875 ἅπαντα
2354 3817 2435 3880 εἰς
2462 3815 2621 3886 ἔργον
2653 3813 2821 3884 ἐξῄει.
2853 3810 2918 3864 Τί
2944 3805 3058 3877 οὖν,
3089 3808 3156 3863 ἂν
3175 3810 3318 3862 είποι
3340 3826 3455 3873 τις,
3492 3811 3587 3863 καὶ
3610 3808 3680 3878 τῷ

2104 3903 2287 3975 ψεύδει
2319 3900 2396 3971 τῷ
2432 3898 2657 3967 τοιούτῳ
2685 3896 2816 3958 Θεὸς
2853 3896 3197 3966 συνήργησε;
3238 3892 3333 3963 Μὴ
3367 3892 3564 3955 ἁπλῶς
3605 3891 3680 3954 εξ.

2106 3985 2264 4050 έταζε
2290 3984 2354 4037 τὸ
2373 3981 2678 4052 γινόμενον,
2706 3978 2980 4050 ἀγαπητὴ
3005 3975 3140 4031 ἀλλά
3163 3976 3255 4028 τὸν
3284 3975 3498 4028 σκοπὸν
3529 3991 3685 4027 κατα-

2110 4068 2372 4141 μάνθανε,
2406 4064 2501 4118 καὶ
2519 4065 2604 4118 ὅτι
2627 4062 2689 4116 οὐ
2713 4060 2973 4131 βιωτικῆς
2996 4057 3182 4141 ἐνεκέν
3204 4074 3354 4141 τινος
3373 4058 3686 4121 πλεονεξίας

2107 4140 2267 4207 τοῦτο
2290 4149 2516 4218 ἐγίνετο,
2543 4145 2680 4200 ἀλλά
2700 4141 2795 4198 τοῦ
2821 4142 3027 4214 πατρὸς
3047 4140 3145 4214 τὴν
3170 4140 3425 4208 εὐλογίαν
3457 4141 3686 4193 ἐπισπάο

2113 4234 2309 4289 σασθαι
2340 4228 2703 4293 ἐσπούδαζενο
2736 4226 2913 4290 άλλως
2954 4224 3013 4279 δέ
3041 4225 3091 4277 εί
3134 4221 3353 4294 μέλλοις
3397 4221 3599 4286 ἁπλῶς
3626 4221 3689 4273 τὰ
3756 4274 3757 4281 η

2111 4316 2375 4388 γινόμενα
2422 4311 2721 4377 ἐξετάζειν,
2768 4310 2863 4364 καὶ
2903 4308 2981 4380 μὴ
3018 4308 3111 4363 τὸν
3156 4306 3360 4361 σκοπὸν
3411 4304 3689 4376 πανταχοῦ

2112 4400 2410 4470 ἐπιζητεῖν,
2432 4396 2535 4467 δρα
2554 4394 2582 4435 ἀ
2615 4412 2698 4447 σοι
2717 4393 2809 4447 τὸν
2832 4393 3178 4464 πατριάρχην
3206 4388 3567 4443 παιδοκτόνον
3583 4391 3692 4442 6w-

2114 4486 2329 4557 μάζειν,
2353 4481 2450 4537 καὶ
2469 4481 2564 4534 τὸν
2584 4478 2770 4541 Φινεὲς
2791 4476 3134 4549 ἀνδροφόνον.
3172 4473 3310 4527 Ἀλλ’
3333 4472 3467 4526 οὔτε
3491 4474 3693 4557 ἐκεῖνος

2113 4556 2487 4631 παιδοκτόνος,
2518 4563 2657 4619 ἀλλά
2691 4563 2787 4616 καὶ
2817 4560 2938 4614 λίαν
2979 4558 3353 4629 φιλόστοργος,
3404 4559 3461 4611 εί
3487 4556 3587 4611 καί
3618 4572 3690 4618 τις

2113 4653 2272 4717 ἀλλος
2290 4666 2305 4682 ⁸
2351 4648 2475 4703 οὔτε
2502 4641 2656 4710 οὗτος
2700 4643 3047 4715 ἀνδροφόνος,
3084 4641 3219 4696 ἀλλά
3245 4640 3307 4694 τὸ
3345 4641 3560 4711 μᾶλλον
3607 4640 3693 4693 καὶ

2114 4736 2254 4807 ἄγαν
2286 4734 2533 4805 ζηλωτής
2568 4745 2615 4787 υ.
2656 4728 2945 4799 Ἐκάτερος
2964 4726 3074 4796 γάρ
3100 4722 3277 4778 αὐτῶν
3301 4724 3366 4776 τὸ
3393 4724 3599 4777 δοκοῦν
3626 4723 3695 4792 τῷ

2114 4818 2234 4890 Θεῷ
2250 4817 2616 4887 διεπράττετο.
2646 4813 2843 4883 Διόπερ
2871 4811 2901 4864 6
2933 4813 3028 4881 μέν
3050 4809 3137 4863 διὰ
3155 4809 3254 4879 τὴν
3282 4808 3542 4879 ὑπακοὴν

2115 4903 2214 4973 λῆς
2239 4899 2486 4965 ἀξιοῦται
2513 4897 2613 4968 τῆς
2634 4895 2838 4950 ἀνωθεν
2863 4893 3095 4964 ἀμοιϐῆς
3113 4908 3128 4923 ο
3150 4891 3253 4945 όδέ
3282 4890 3373 4943 διά
3401 4891 3504 4944 τὸν
3540 4890 3699 4961 ζῆλον

2118 4983 2571 5056 ἀνακηρύττεται.
2615 4982 2805 5047 Ἔστη
2838 4976 2969 5047 γὰρ,
3003 4976 3155 5048 φησί,
3187 4973 3413 5039 Φινεὲς,
3453 4974 3561 5027 καὶ
3609 4975 3698 5035 ἐε-

2119 5070 2390 5124 ιλάσατο.
2416 5067 2478 5118 Εἰ
2503 5063 2682 5117 τοίνυν
2706 5061 2863 5130 φόνος
2886 5058 3204 5129 εὐδοκίμησε
3228 5056 3324 5110 καὶ
3349 5056 3698 5110 παιδοκτσνία

2119 5156 2178 5207 ἐν
2200 5151 2450 5211 ἐκείνοις,
2483 5146 2668 5216 ἐπειδὴ
2688 5143 2832 5198 κατὰ
2847 5142 2983 5195 Θεοῦ
3006 5140 3230 5211 γνώμην
3252 5140 3502 5208 ἐγένετο,
3527 5142 3627 5195 καὶ
3644 5141 3695 5192 οὐ

2118 5238 2232 5298 τοῖς
2263 5232 2511 5302 γεγονόσι
2536 5226 2899 5298 προσέχομεν,
2925 5223 3063 5277 ἀλλά
3088 5222 3167 5293 τῷ
3194 5222 3386 5293 σκοπῷ
3413 5224 3535 5276 τῶν
3562 5241 3696 5291 γινο-

2124 5318 2323 5388 μένων,
2357 5316 2452 5367 καὶ
2478 5316 2543 5383 τῇ
2575 5310 2682 5363 τῶν
2705 5307 3085 5378 πεποιηκότων
3102 5305 3319 5377 γνώμῃ,
3346 5306 3539 5379 πολλῷ
3572 5308 3697 5379 pi).

2121 5401 2211 5453 λον
2246 5400 2339 5452 καὶ
2375 5394 2607 5448 ἐνταῦθα
2636 5391 2794 5445 τοῦτο
2826 5388 3136 5457 λογίζεσθαι
3165 5389 3292 5459 χρή.

2192 5490 2239 5551 γ’
2247 5524 2258 5537 .
2275 5480 2365 5550 Μὴ
2377 5479 2554 5532 τοίνυν
2569 5473 2727 5528 τοῦτο
2742 5473 2953 5535 σκόπει,
2971 5474 3052 5525 ὅτι
3066 5469 3257 5540 ψεῦδος
3269 5466 3337 5539 ἦν
3348 5469 3417 5521 τά
3435 5472 3699 5539 λεγόμενα

2124 5564 2275 5637 παρά
2300 5562 2394 5617 τοῦ
2437 5557 2656 5622 Ἰακὼϐ,
2684 5556 2798 5608 ἀλλ’
2830 5557 3006 5609 ἐκεῖνο
3040 5554 3228 5619 ἐννόει,
3265 5555 3350 5607 ὅτι
3381 5553 3697 5625 βουλόμενος

2190 5733 2211 5759 ο
2239 5729 2467 5834 Quinque
2484 5721 2867 5792 mss._6mﬁxouas
2887 5727 2943 5780 τῇ
2969 5720 3232 5828 aureum.

2192 5790 2215 5827 d
2246 5789 2379 5834 More
2408 5792 2493 5834 ,ει
2510 5783 2660 5833 Savnl.
2689 5784 2807 5834 ὥρα.
2838 5781 2989 5833 Cuisl.
3051 5798 3111 5834 βα
3132 5798 3232 5829 σοιί

2192 5790 2215 5827 (1
2246 5782 2417 5836 ῚῙίυι-εἰ.
2440 5792 2493 5833 ει
2510 5783 2660 5845 Ξεννὶί.
2689 5784 2821 5845 ὥρα.
2838 5782 2989 5833 Cuisl.
3019 5782 3111 5845 ὅρα
3132 5798 3210 5829 σοι
3230 5782 3311 5828 καὶ
3334 5796 3381 5829 τ.
3404 5794 3462 5828 τι.

2191 5852 2218 5921 ’Δ
2232 5850 2377 5901 Coisl.
2394 5847 2515 5896 ἀλλὰ
2538 5844 2617 5893 καὶ
2642 5844 2870 5901 ζηλωτής.
