3730 6278
67 336 164 391 “iii

58 446 178 488 nam
202 447 489 504 supernam
517 431 703 489 habuit
722 432 1116 500 subsidiariam,
1144 432 1305 490 etiam
1339 435 1506 490 invito
1529 447 1624 503 pa-

58 536 133 580 tre
162 524 303 579 illius
329 524 756 581 benedictionem
792 525 1006 596 abripit.
1038 525 1178 580 Nihil
1219 525 1362 580 enim
1404 525 1628 580 validius

55 634 118 671 eo
146 617 234 687 qui
279 615 467 670 dextra
510 616 597 670 illa
641 615 1100 685 adjuvatur.Vidc
1144 617 1303 686 igitur
1344 616 1630 686 diligenter

52 708 247 774 ouinia,
275 717 334 763 ut
352 707 529 763 discas
551 707 960 778 dispensationis
979 707 1348 763 excellentiam
1373 722 1389 773 ;
1419 715 1474 762 et
1496 721 1630 777 quo-

53 797 210 852 modo
229 797 315 852 hic
333 798 546 867 quidem
572 797 657 851 illa
682 798 849 868 gratia
881 796 1067 863 fretus,
1094 811 1342 867 magnum
1373 796 1424 852 in
1451 797 1627 851 omni-

53 888 148 941 Ιιυε
193 887 446 943 auxilium
493 896 548 944 et
589 888 1021 959 cooperationem
1073 888 1405 959 adipiscitur,
1450 887 1523 943 ita
1572 897 1631 944 ut

29 972 215 1047 ‘patris
257 979 310 1032 in
354 994 477 1033 eum
528 978 879 1035 transferatur
924 979 1275 1035 benedictio:
1309 979 1400 1035 ille
1449 991 1629 1036 autem

49 1069 226 1123 omnia
270 1070 485 1138 amittit,
514 1070 743 1140 perdens
770 1072 1115 1141 semetipsum
1161 1080 1380 1142 propter
1419 1085 1630 1128 morum

51 1160 398 1230 iniquitatem.
422 1161 475 1217 5.
515 1159 740 1215 Rebecca
767 1172 954 1230 autem,
986 1162 1176 1232 inquit,
1204 1162 1395 1216 audivit
1418 1163 1629 1232 loquen-

46 1256 144 1303 tem
164 1248 318 1305 Isaac
342 1268 456 1305 cum
488 1250 627 1305 Esau
649 1252 756 1320 ﬁlio
780 1267 894 1305 suo.
924 1250 1026 1306 Ivit
1053 1261 1223 1306 autem
1247 1252 1391 1307 Esau
1408 1252 1462 1307 in
1485 1268 1629 1307 cam-

48 1359 190 1409 pum,
218 1352 273 1396 ut
298 1354 562 1396 venaretur
603 1344 830 1413 prwdam
858 1344 992 1413 patri
1032 1360 1144 1400 suo.
1184 1344 1239 1398 6.
1283 1343 1425 1399 Dixit
1463 1354 1631 1400 autem

50 1431 276 1486 Rebecca
303 1433 373 1485 ad
413 1433 575 1501 ﬁlium
600 1449 750 1487 suum
778 1434 1057 1505 juniorcm.
1083 1436 1258 1501 Quare
1282 1436 1499 1505 adjecit,
1530 1435 1631 1490 Ju-

47 1523 283 1577 niorem?
325 1523 459 1590 Quia
502 1524 748 1594 superius
790 1526 1017 1591 dixerat,
1057 1525 1262 1581 Vocavit
1286 1526 1439 1582 Isaac
1466 1527 1631 1597 ﬁlium

43 1630 192 1667 suum
221 1625 342 1669 natu
387 1617 649 1686 maiorem,
680 1624 737 1672 ut
774 1617 1042 1675 discamus
1065 1619 1152 1674 cui
1196 1634 1340 1675 nunc
1381 1621 1630 1691 loquatur

44 1706 312 1776 Rebecca,
344 1709 531 1779 inquit,
556 1710 636 1763 Ad
649 1711 930 1781 juniorem,
954 1711 1056 1767 hoc
1074 1720 1177 1779 est,
1206 1712 1392 1770 Jacob.
1421 1713 1626 1784 Audivi,

42 1798 239 1869 inquit,
263 1808 453 1869 patrem
479 1811 620 1853 tuum
645 1804 925 1871 loquentem
960 1819 1079 1857 cum
1103 1803 1246 1859 Esas't
1271 1810 1428 1877 fratre
1451 1816 1557 1873 tuo,
1582 1816 1630 1862 et

32 1891 290 1944 dicentem
310 1905 329 1944 :
354 1891 406 1944 7.
428 1890 571 1958 A/fcr
595 1893 718 1946 mihi
746 1894 1079 1962 venationem,
1101 1904 1147 1948 et
1175 1901 1259 1968 {ac
1284 1896 1408 1950 mihi
1433 1897 1625 1963 edulia,

37 1990 95 2034 ut
120 1997 243 2034 cum
271 1981 552 2050 comedere,
593 1983 883 2038 benedicam
910 1995 958 2039 te
980 2001 1152 2041 coram
1191 1986 1432 2056 Domino,
1461 1988 1630 2059 prius-

34 2091 195 2139 quam
236 2075 424 2129 moriar
449 2092 562 2146 ego.
601 2076 726 2132 Haec
764 2078 976 2149 quidem
1003 2079 1180 2135 audivi
1230 2088 1432 2151 patrem
1480 2090 1628 2136 tuum

33 2166 194 2221 fratri
227 2177 319 2221 tuo
343 2166 486 2223 Esau
512 2168 839 2238 loquentem.
882 2170 940 2226 8.
982 2170 1139 2226 Nunc
1174 2172 1350 2243 igitur,
1372 2172 1470 2242 ﬁli,
1502 2173 1629 2228 audi

30 2273 117 2310 me
137 2258 275 2311 sicut
297 2274 386 2329 ego
408 2257 499 2312 tibi
519 2260 778 2331 praecipio,
805 2260 861 2317 9.
888 2270 935 2316 et
968 2262 1095 2318 vade
1116 2263 1186 2317 ad
1209 2279 1345 2331 oves,
1373 2273 1417 2319 et
1440 2266 1627 2320 sumito

30 2348 167 2402 mihi
190 2349 314 2403 inde
339 2349 467 2405 duos
489 2351 662 2406 haedos
686 2361 882 2407 teneros
907 2363 954 2409 et
984 2356 1158 2422 bonos,
1193 2364 1239 2410 et
1261 2357 1448 2427 faciam
1470 2372 1533 2412 ea'
1554 2358 1628 2413 eis

27 2441 215 2495 edulia
238 2443 368 2511 patri
384 2453 488 2509 tuo,
506 2452 558 2497 ut
573 2456 743 2500 amat:
762 2446 850 2501 1ο.
868 2456 917 2500 et
941 2447 1127 2517 inferas
1152 2449 1287 2518 patri
1302 2459 1389 2503 tuo
1417 2458 1465 2503 et
1496 2465 1629 2504 com-

28 2534 173 2601 edet,
194 2544 255 2587 ut
275 2535 530 2590 benedicat
558 2546 606 2591 te
626 2548 768 2608 pater
793 2550 907 2595 tuus
930 2542 1220 2612 priusquam
1232 2544 1477 2598 moriatur
1494 2545 1620 2615 ipse.

100 2624 163 2679 2.
212 2623 437 2681 Rebecca
463 2628 517 2682 in
543 2629 689 2685 rebus
715 2647 827 2701 qua:
849 2632 917 2685 ad
941 2632 1335 2689 benedictionem
1359 2634 1541 2692 Jacobi
1562 2640 1625 2694 ab

25 2717 232 2771 lsaaco
270 2727 513 2788 spectant,
549 2730 597 2775 et
628 2738 723 2776 suo
765 2724 929 2777 amori
961 2733 1006 2779 et
1048 2725 1147 2795 ipsi
1190 2726 1288 2780 Dei
1326 2728 1627 2785 ministrauit

20 2808 285 2876 oraculo;
305 2813 568 2881 cooperari
585 2830 677 2868 nos
702 2816 809 2869 vult
836 2816 1029 2872 auxilio
1059 2835 1151 2873 suo
1182 2819 1355 2888 Deus;
1394 2838 1496 2877 non
1534 2840 1626 2878 co-

20 2910 286 2969 operatur
317 2903 594 2958 mendacio.
618 2934 693 2946 -—
713 2907 845 2963 Vide
872 2924 1121 2980 magnum
1154 2912 1338 2967 matris
1363 2929 1624 2984 amorem,

18 2994 146 3049 imo
192 2994 648 3064 dispensationem
677 2999 792 3055 Dei.
836 3000 953 3071 ipse
976 3003 1119 3057 enim
1158 3014 1274 3060 erat
1301 3006 1391 3075 qui
1430 3007 1481 3062 ei
1522 3009 1627 3065 hoc

18 3087 329 3143 consilium
358 3088 524 3157 dedit,
556 3099 610 3147 et
634 3092 812 3147 omnia
846 3093 983 3150 bene
1001 3109 1160 3166 agere
1184 3097 1406 3153 curavit.
1434 3097 1626 3156 Vidisti

17 3180 234 3237 matris
265 3180 521 3250 optimum
545 3182 869 3239 consilium?
909 3185 1041 3241 Vide
1069 3195 1123 3242 et
1148 3186 1314 3245 Jacob
1337 3189 1625 3260 providen-

18 3274 163 3325 tiam
189 3288 209 3327 :
240 3280 296 3326 et
330 3274 598 3343 quomodo
622 3276 973 3347 respondens,
996 3292 1213 3336 suorum
1242 3296 1451 3337 morum
1490 3283 1628 3338 indi-

17 3371 113 3417 cat
167 3365 660 3421 mansuetudinem.
707 3369 795 3424 11.
844 3368 991 3425 Dixit
1034 3373 1196 3439 enim,
1243 3374 1431 3446 inquit,
1479 3378 1626 3432 matri

17 3467 137 3508 sure
172 3470 193 3508 :
229 3453 323 3509 Est
357 3455 517 3526 frater
543 3474 684 3513 meus
722 3461 798 3515 vir
824 3462 1074 3533 hispidus,
1111 3481 1201 3536 ego
1238 3476 1403 3521 autem
1435 3468 1509 3521 vir
1533 3467 1627 3523 lce-

17 3546 96 3600 vis
120 3561 146 3600 :
180 3545 277 3601 12.
303 3563 367 3600 ne
392 3551 520 3617 forte
541 3560 809 3606 contrectet
843 3569 924 3607 me
959 3566 1105 3625 pater
1128 3573 1286 3624 meus,
1322 3568 1369 3612 et
1396 3574 1480 3613 ero
1511 3570 1630 3614 ante

17 3653 146 3690 eum
190 3639 339 3706 quasi
372 3650 710 3711 contemnens,
748 3653 797 3696 et
823 3644 1061 3699 inducam
1106 3646 1230 3700 mihi
1270 3648 1370 3718 ipsi
1410 3650 1627 3704 maledi-

17 3734 283 3800 ctionem,
312 3749 413 3788 non
446 3734 859 3793 benedictionem.
887 3738 1071 3810 Magna
1099 3741 1247 3809 pueri
1274 3742 1548 3807 honestas,
1575 3752 1630 3799 et

17 3826 69 3879 in
102 3835 333 3897 patrem
367 3828 685 3884 reverentia.
723 3829 933 3897 Timeo,
964 3832 1151 3903 inquit,
1185 3850 1252 3889 ne
1276 3835 1329 3889 in
1359 3834 1629 3892 diversum

18 3918 298 3972 eveniant
327 3918 496 3972 studia
518 3935 660 3987 mea,
691 3935 758 3977 ne
795 3922 978 3978 videar
1004 3924 1273 3981 adversari
1315 3927 1481 3996 patris
1509 3941 1631 3983 sen-

25 4009 245 4075 entia,
276 4017 333 4063 ct
359 4025 455 4079 pro
498 4011 871 4070 benedictione
914 4016 1343 4072 maledictionem
1372 4018 1502 4074 mihi
1529 4019 1630 4074 ad-

18 4101 259 4155 lucam.
282 4101 420 4167 Quid
443 4101 603 4173 igitur
621 4103 883 4173 Rebecca,
908 4106 1235 4163 admirabilis
1260 4109 1348 4164 illa
1373 4120 1422 4165 et
1444 4125 1631 4167 amans

22 4193 115 4246 ilii
138 4192 172 4245 ἲ
203 4190 343 4259 Quia
370 4208 475 4247 non
500 4210 576 4253 ex,
601 4209 696 4250 sua
734 4204 935 4251 tantum
961 4200 1224 4254 sententia
1260 4200 1505 4269 faciebat,
1536 4202 1630 4258 sed

18 4290 66 4336 2t
127 4280 335 4337 divino
364 4284 699 4341 ministrabat
724 4288 963 4355 oraculo,
996 4289 1116 4346 ideo
1153 4292 1296 4346 omni
1333 4292 1513 4348 studio
1541 4309 1633 4349 co-

18 4383 199 4427 natur
244 4375 485 4430 eximere
528 4392 695 4446 puero
725 4388 943 4444 metum,
969 4388 1025 4435 et
1065 4381 1263 4438 addere
1303 4385 1533 4453 animos,
1576 4393 1634 4440 ut

18 4467 331 4522 :onsilium
358 4469 594 4537 perficiat
625 4486 639 4524 :
674 4485 774 4526 nec
802 4472 1063 4541 promittit
1090 4474 1137 4528 ei
1164 4474 1304 4544 quod
1346 4477 1516 4545 possit
1539 4476 1633 4532 de-

18 4558 230 4614 udere
250 4566 483 4627 patrem,
506 4570 560 4616 et
590 4560 757 4618 latere
783 4578 796 4617 :
826 4563 921 4618 sed
948 4563 1112 4634 quid?
1140 4565 1226 4620 l5.
1250 4563 1317 4620 In
1339 4582 1418 4620 me
1440 4567 1633 4623 recidat

17 4650 337 4705 maledictio
374 4654 503 4719 Ita'c,
547 4653 626 4722 ﬁli
663 4655 735 4708 mi
768 4670 788 4709 :
831 4665 1026 4709 tantum
1074 4657 1221 4713 obedi
1255 4659 1364 4713 voci
1404 4675 1549 4725 mem,
1586 4671 1632 4715 et

18 4742 231 4797 aderis
279 4739 411 4807 afer
435 4742 579 4796 mihi.
626 4743 695 4798 Et
736 4744 783 4800 si
829 4744 989 4801 fuerit
1030 4746 1230 4818 aliquid
1269 4748 1393 4815 tale,
1439 4749 1629 4820 inquit,

17 4834 167 4890 nihil
208 4831 313 4888 tibi
353 4834 582 4890 nocebit.
614 4834 694 4891 Ne
737 4835 894 4907 igitur
921 4839 1129 4907 timeas,
1169 4839 1263 4896 sed
1292 4841 1429 4896 bene
1464 4841 1633 4898 ﬁdens

17 4925 203 4981 Medi
223 4925 339 4978 voci
365 4941 507 4995 mete,
535 4935 589 4983 et
616 4926 699 4983 fac
718 4944 837 4997 qua:
854 4929 947 4985 tibi
972 4932 1341 4988 consuluntur.
1367 4932 1491 4989 Haec
1508 4950 1633 4989 vere

18 5026 287 5073 saterna
320 5014 534 5073 dilectio
568 5028 672 5085 est,
706 5028 763 5075 ut
801 5035 896 5091 pro
927 5037 1090 5092 puero
1116 5034 1299 5094 parata
1342 5026 1412 5081 sit
1454 5026 1632 5082 omnia

18 5122 199 5163 ενι-ε.
247 5103 347 5159 His
369 5104 523 5162 dictis
566 5108 733 5165 ﬁlium
779 5125 811 5166 a
858 5111 1047 5169 timore
1092 5114 1355 5170 liberavit.
1392 5117 1478 5172 14.
1507 5115 1632 5171 Cum

17 5205 190 5266 ritur
241 5199 726 5272 abiisset,.sumpsit
768 5215 815 5258 et
840 5207 1006 5261 attulit
1036 5209 1186 5263 matri
1233 5225 1343 5264 sua:
1384 5225 1404 5264 :
1449 5220 1497 5265 et
1518 5213 1633 5283 fecit

17 5295 235 5357 iulia,
261 5293 393 5346 sicut
419 5295 623 5349 amabat
659 5308 802 5367 pater
828 5301 956 5371 ejus.
980 5300 1068 5355 15.
1098 5300 1167 5355 Et
1204 5311 1259 5355 ut
1290 5304 1501 5373 sumpsit
1530 5303 1631 5358 Re.

17 5403 209 5449 ecca,
249 5385 444 5453 inquit,
467 5387 650 5441 stolam
686 5389 784 5458 filii
818 5392 897 5444 sui
934 5393 1145 5446 senioris
1170 5393 1458 5462 pulchram,
1480 5411 1631 5464 quam

17 5478 259 5538 abebat
290 5478 429 5547 apud
470 5495 523 5533 se
549 5480 704 5546 domi,
741 5483 903 5537 induit
947 5483 1106 5538 Jacob
1147 5486 1309 5547 ﬁlium
1356 5502 1504 5540 suum
1540 5487 1634 5556 ju-

17 5576 261 5629 iorem,
297 5556 386 5621 16.
415 5576 463 5622 et
491 5569 703 5636 pellibus
731 5571 990 5626 Itwdorum
1017 5574 1221 5628 brachia
1239 5576 1393 5646 ejus:
1423 5585 1470 5630 et
1496 5578 1633 5630 nuda

17 5662 134 5719 illi
163 5659 299 5727 ejus
325 5658 675 5726 circumdedit,
694 5662 779 5716 17.
802 5672 847 5716 et
867 5663 1005 5718 dedit
1030 5664 1221 5731 edulia,
1241 5675 1288 5719 et
1319 5683 1473 5735 panes
1508 5682 1633 5734 quos

17 5759 235 5810 egerat
282 5748 335 5802 in
384 5766 564 5809 manus
604 5752 765 5809 Iacob
790 5756 887 5824 ﬁlii
916 5757 1014 5825 sui,
1045 5767 1090 5811 et
1131 5756 1310 5814 obtulit
1355 5760 1488 5830 patri
1517 5776 1626 5816 suo.

1035 317 1100 374 IN
1134 317 1287 375 CAP.
1328 316 1542 374 XXVII.
1582 313 1821 374 GENES.
1862 315 2094 372 HOMIL.
2134 315 2265 374 LIII.

3218 323 3327 379 ωε

1736 428 1893 496 Vide,
1939 429 2186 497 obsecro,
2218 430 2307 486 hic
2352 428 2610 488 Rebecca:
2645 444 2771 488 cum
2808 447 2999 506 magna
3039 433 3326 492 dilectione

1733 520 2072 592 coniunctam
2125 535 2301 578 raram
2346 523 2682 592 sapientiam.
2726 524 2859 580 Nam
2905 526 3028 597 quia
3076 527 3323 597 superius

1735 612 1889 679 dixit,
1908 613 2055 668 illum
2082 614 2296 685 quidem
2323 614 2591 685 hispidum
2617 631 2758 683 esse,
2786 616 2927 674 hunc
2953 633 3080 673 vero
3101 619 3287 674 laevom

1734 704 1892 771 stola,
1910 705 2101 776 inquit,
2124 706 2265 760 Esau
2288 706 2457 761 induit
2477 722 2619 771 eum,
2641 716 2695 762 et
2717 708 2944 778 pellibus
2971 710 3322 766 circumdedit

1735 807 1879 861 eum,
1908 801 1962 849 et
1990 808 2113 849 cum
2145 794 2376 866 undique
2402 811 2523 850 eum
2550 796 2617 851 ad
2638 797 3007 869 deccptionem
3036 800 3321 856 instruxis-
3402 804 3405 805 ⁷

1735 892 1838 950 set,
1869 882 2005 939 datis
2032 884 2222 941 eduliis
2250 894 2306 941 et
2325 886 2551 956 panibus
2575 888 2627 941 in
2661 904 2869 957 manus,
2897 889 3074 945 effecit
3099 901 3156 947 ut
3184 892 3321 963 patri

1735 971 1972 1028 afferret.
2000 974 2293 1031 Considera
2337 976 2424 1030 hic
2449 991 2679 1041 rursum,
2710 979 2977 1049 quomodo
3013 982 3190 1035 omnia
3230 997 3326 1037 su-

1735 1079 1900 1134 perna
1926 1068 2093 1138 gratia
2119 1068 2418 1125 evenerint.
2442 1068 2575 1124 Nam
2597 1072 2810 1141 quando
2832 1074 2975 1144 quod
3002 1090 3033 1130 a
3063 1076 3216 1132 nobis
3239 1086 3324 1132 est

1734 1156 2029 1226 offerimus,
2062 1160 2281 1231 largiter
2313 1161 2550 1217 divinam
2577 1166 3010 1235 cooperationem
3034 1172 3321 1241 consequi-

1734 1263 1877 1304 mur.
1910 1249 2046 1305 Nam
2070 1260 2128 1306 ut
2155 1267 2225 1307 ue
2254 1252 2467 1310 desides
2502 1262 2557 1309 et
2583 1257 2758 1325 supini
2785 1257 2975 1324 simus,
3020 1260 3132 1315 vult
3158 1263 3321 1316 etiam

1733 1354 1834 1395 nos
1852 1341 2050 1412 aliquid
2079 1343 2344 1411 conferre,
2370 1360 2476 1415 quo
2503 1347 2581 1403 sic
2607 1348 2694 1402 illa
2722 1363 2816 1404 sua
2841 1350 3109 1421 exhibeat,
3137 1362 3192 1408 et
3214 1369 3319 1408 non

1735 1438 1903 1487 totum
1929 1433 1999 1487 sit
2026 1435 2243 1503 superni
2273 1436 2480 1505 auxilii,
2513 1437 2609 1493 sed
2633 1449 2878 1511 oporteat
2910 1441 3073 1496 etiam
3102 1458 3200 1497 nos
3225 1444 3320 1497 ali~

1734 1522 1859 1593 quid
1882 1524 2038 1581 simul
2062 1524 2286 1592 afferre;
2318 1543 2492 1599 neque
2506 1543 2537 1583 a
2557 1529 2710 1585 nobis
2730 1530 2926 1587 iterum
2944 1533 3108 1603 exigit
3126 1542 3316 1602 totum,

1733 1613 1910 1670 sciens
1936 1615 2259 1672 inﬁrmitatis
2283 1627 2481 1675 nostra:
2512 1621 2960 1689 magnitudinem:
2981 1622 3075 1679 sed
3102 1639 3197 1695 pro
3223 1620 3318 1680 sua

1734 1704 2082 1777 benignitate,
2112 1719 2166 1764 et
2190 1710 2374 1765 volens
2413 1712 2750 1768 occasionem
2796 1714 3027 1784 aliquam
3052 1718 3317 1787 accipere,

1734 1805 1791 1851 ut
1813 1812 1964 1852 suam
1984 1797 2223 1855 declaret
2249 1800 2641 1864 liberalitatem,
2660 1812 2939 1873 exSpectat
2962 1813 3020 1860 ut
3037 1805 3323 1863 ali‘eramus

1731 1902 1851 1956 quae
1888 1902 1918 1942 a
1960 1888 2113 1944 nobis
2141 1901 2303 1945 sunt:
2331 1890 2383 1945 id
2412 1891 2552 1963 quod
2580 1902 2634 1948 et
2660 1908 2801 1949 nunc
2828 1893 3026 1950 factum
3051 1906 3154 1951 est.
3187 1896 3319 1952 Nam

1731 1978 1852 2048 quia
1901 1978 2067 2037 Jacob
2105 1989 2161 2037 et
2208 1981 2449 2038 Rebecca
2498 1983 2737 2040 fecerunt
2774 1999 2837 2039 ea
2873 2000 2995 2057 qua:
3031 2002 3062 2040 a
3100 2002 3159 2042 se
3204 1988 3320 2043 fieri
3403 2035 3407 2040 .

1731 2068 2052 2138 oportebat:
2084 2080 2140 2126 et
2184 2072 2274 2127 ille
2316 2073 2535 2144 quidem
2566 2075 2800 2131 obedivit
2839 2077 3065 2132 consilio
3108 2080 3319 2144 matris,

1732 2157 1849 2213 ha:c
1900 2170 2081 2215 autem
2108 2161 2288 2217 omnia
2316 2178 2437 2234 quae
2486 2165 2554 2220 ad
2597 2181 2659 2223 se
2704 2167 3003 2223 attinebant
3044 2168 3317 2240 implevit:

1733 2258 1858 2305 tunc
1902 2251 2039 2306 ultra
2092 2252 2264 2308 bonus
2310 2255 2565 2310 Dominus
2609 2271 2798 2328 magna
2841 2258 3092 2314 facilitate
3135 2260 3322 2330 perﬁci

1730 2343 1936 2397 curavit
1979 2343 2122 2414 quod
2147 2345 2385 2400 omnium
2431 2355 2548 2401 erat
2576 2347 2968 2417 difﬁcillimum,
3000 2364 3068 2407 ne
3114 2349 3318 2409 fraudis

1732 2431 1891 2502 hujus
1919 2432 2093 2489 fabula
2116 2444 2241 2491 nota
2271 2448 2417 2493 esset
2442 2436 2644 2495 lsaaco.
2675 2440 2806 2495 Nam
2837 2451 3120 2513 postquam
3140 2444 3318 2500 attulit

1730 2522 1907 2579 edulia
1955 2526 2113 2594 patri,
2142 2527 2230 2583 19.
2262 2527 2406 2583 Dixit
2448 2530 2515 2583 ad
2555 2548 2668 2585 eum
2690 2548 2709 2586 :
2741 2533 2865 2599 Quis
2905 2543 2959 2588 tu
2986 2552 3062 2603 es,
3090 2535 3167 2606 ﬁli
3190 2536 3217 2592 1’
3246 2536 3314 2592 Et

1730 2614 1861 2669 dixit
1903 2615 2065 2671 Jacob
2090 2618 2158 2671 ad
2202 2630 2392 2689 patrem
2424 2638 2571 2675 suum
2601 2638 2621 2677 :
2663 2622 2777 2695 Ego
2814 2642 2927 2680 sum
2956 2624 3096 2682 Esau
3123 2628 3320 2698 primo-

1729 2707 1927 2777 genitus
1967 2717 2083 2763 tuus
2108 2725 2129 2764 :
2160 2710 2259 2781 feci
2303 2711 2391 2766 tibi
2433 2713 2561 2767 sicut
2609 2715 2842 2785 loquutus
2882 2717 3007 2771 mihi
3033 2735 3105 2776 es.
3151 2717 3319 2791 Surge

1729 2814 1870 2870 ergo,
1889 2800 2025 2865 sede,
2049 2810 2095 2856 et
2115 2804 2320 2857 comede
2347 2805 2411 2859 de
2438 2806 2699 2860 venatione
2721 2823 2851 2872 mea,
2875 2819 2929 2863 ut
2954 2810 3211 2865 benedicat
3239 2828 3318 2867 me

1729 2892 1900 2946 animo
1924 2901 2033 2949 tua.
2052 2893 2343 2950 Considera
2367 2896 2471 2962 hic,
2502 2897 2750 2967 obsecro,
2767 2909 2963 2971 quanta
2984 2916 3107 2957 cum
3130 2903 3318 2959 anxie-

1733 2990 1840 3039 tate
1858 2984 2021 3040 verba
2046 2984 2164 3041 hmc
2191 2986 2441 3057 loquutus
2464 2988 2535 3044 sit
2557 2988 2744 3045 Jacob.
2765 2990 2868 3060 Qui
2890 2992 3029 3048 enim
3054 2994 3318 3065 principio

1730 3072 1935 3130 dixerat
1958 3078 2159 3133 matri:
2190 3077 2379 3134 Timeo
2408 3094 2479 3135 ne
2502 3080 2751 3136 inducam
2784 3096 2946 3152 super
2973 3099 3062 3139 me
3096 3085 3320 3142 maledi-

1729 3164 1980 3233 ctionem,
2017 3175 2075 3224 et
2124 3183 2229 3224 non
2286 3169 2751 3229 benedictionem:
2798 3188 2941 3231 nunc
2980 3176 3224 3247 expende
3265 3178 3317 3232 in

1730 3264 1930 3326 quanto
1951 3257 2143 3314 timore
2163 3260 2487 3316 constitutus
2517 3261 2695 3329 fuerit,
2719 3263 2811 3334 qui
2840 3272 3040 3320 tantam
3083 3266 3317 3321 fabulam

1730 3346 1951 3415 ageret?
1977 3346 2171 3402 Verum
2204 3348 2329 3420 quia
2377 3351 2517 3407 Deus
2545 3362 2662 3407 erat
2689 3354 2778 3423 qui
2821 3355 3211 3425 c00perabatur
3253 3357 3320 3412 iis

1730 3453 1851 3509 qua:
1879 3438 2098 3509 ﬁebant,
2126 3442 2305 3498 omnia
2331 3458 2495 3514 opere
2529 3454 2654 3501 sunt
2690 3446 2929 3518 impleta.
2959 3448 3096 3516 Quid
3135 3449 3316 3520 igitur,

1730 3530 1876 3587 dicet
1915 3533 2128 3604 aliquis,
2158 3545 2548 3606 cooperatusne
2575 3537 2716 3593 Deus
2745 3545 2830 3595 est
2869 3539 3185 3596 mendacio?
3230 3540 3320 3596 Di—

1731 3623 1888 3692 leete,
1918 3640 1987 3682 ne
2012 3626 2233 3699 indages
2275 3636 2482 3685 tantum
2506 3630 2647 3701 quod
2672 3631 2747 3698 lit,
2777 3632 2871 3687 sed
2915 3633 3135 3689 attende
3156 3634 3319 3689 etiam

1732 3730 1973 3786 scopum,
2004 3726 2060 3773 et
2087 3718 2229 3789 quod
2278 3720 2331 3774 id
2359 3734 2469 3776 non
2508 3720 2711 3776 factum
2738 3722 2808 3777 sit
2837 3723 3145 3793 temporalis
3170 3738 3321 3780 com-

1732 3806 1876 3862 modi
1897 3808 1981 3863 vel
2006 3810 2242 3865 avaritiae
2266 3824 2448 3879 causa,
2478 3810 2574 3867 sed
2593 3811 2734 3883 quod
2775 3813 2863 3869 ille
2887 3815 3053 3884 patris
3094 3814 3320 3871 benedi-

1733 3900 1966 3958 ctionem
1993 3902 2094 3959 sibi
2123 3917 2436 3973 comparare
2465 3904 2702 3961 studeret
2734 3923 2749 3961 :
2788 3905 2988 3978 alioqui
3017 3907 3063 3962 si
3093 3908 3163 3962 ita
3190 3908 3321 3963 sim-

1734 3992 1943 4063 pliciter
1975 4010 2095 4064 qua:
2145 3995 2278 4051 ﬁunt
2322 3997 2720 4053 examinaturus
2764 4013 2845 4064 es,
2891 4014 3065 4070 neque
3107 4014 3321 4071 semper

1734 4097 1955 4155 scopum
1983 4085 2235 4156 exquiras
2258 4127 2274 4152 ,
2317 4087 2441 4144 vide
2470 4103 2539 4145 ne
2566 4098 2622 4144 et
2648 4089 3008 4159 patriarcham
3034 4090 3128 4146 ﬁlii
3155 4092 3321 4147 inter-

1736 4175 2014 4245 fectorem,
2045 4186 2100 4233 et
2123 4177 2382 4234 Phineem
2420 4178 2742 4235 homicidam
2768 4180 2970 4243 dicas‘.
3000 4181 3199 4237 Verum
3224 4197 3321 4239 ne-

1735 4285 1841 4340 que
1868 4269 2137 4325 Abraham
2184 4270 2279 4326 lilil
2324 4270 2586 4327 homicida
2628 4271 2746 4340 fuit,
2774 4272 2869 4328 sed
2897 4280 2953 4327 et
2976 4272 3131 4328 valde
3155 4271 3205 4327 ei
3243 4273 3322 4328 af-

1738 4360 1906 4416 fectus
1930 4370 2078 4426 erat,
2108 4362 2151 4416 si
2183 4362 2302 4432 quis
2339 4361 2475 4417 alius
2501 4380 2515 4417 :
2560 4377 2735 4432 neque
2762 4362 2989 4419 Phinees
3032 4362 3319 4428 homicida,

1735 4452 1832 4508 sed
1858 4454 1975 4508 zelo
2006 4454 2215 4523 plenus.
2243 4453 2476 4524 Uterque
2503 4454 2645 4509 enim
2672 4454 2813 4525 quod
2842 4455 2952 4512 Deo
2973 4455 3318 4525 probabatur,

1736 4543 1984 4599 faciebat.
2012 4544 2370 4612 Quamobrem
2396 4545 2491 4602 ille
2522 4561 2618 4616 per
2636 4546 3013 4612 obedienﬁam,
3037 4546 3260 4602 multam
3291 4562 3321 4602 a

1739 4635 1850 4691 Deo
1892 4636 2375 4693 remunerationem
2429 4640 2753 4707 promeruit;
2803 4638 2890 4694 hic
2932 4654 3062 4694 vero
3101 4650 3322 4710 propter

1736 4730 1907 4785 zelum
1949 4731 2284 4801 praedicatur.
2335 4731 2538 4786 Dicitur
2574 4732 2720 4787 enim
2748 4749 2763 4787 :
2792 4731 2938 4788 Stetit
2991 4731 3232 4799 Phinees,
3276 4742 3323 4788 et

1737 4822 1954 4893 placavit
1980 4822 2151 4894 (Psal.
2184 4824 2308 4879 105.
2340 4823 2452 4894 50).
2497 4822 2553 4879 Si
2579 4822 2739 4893 igitur
2767 4823 3110 4879 homicidium
3137 4834 3192 4879 et
3220 4824 3321 4880 ﬁlii

1736 4913 1913 4969 credes
1960 4914 2292 4985 placuerunt,
2340 4914 2464 4986 quia
2510 4913 2805 4970 secundum
2857 4914 2951 4969 Dei
3000 4913 3322 4970 sententiam

1741 5004 1966 5072 fiebant,
2014 5021 2115 5062 nec
2166 5006 2488 5061 attendimus
2528 5004 2594 5060 ad
2631 5004 2801 5071 facta,
2846 5004 2939 5060 sed
2986 5005 3053 5059 ad
3103 5019 3322 5074 scopum

1737 5113 1924 5153 eorum
1949 5113 2069 5168 qua:
2098 5098 2437 5167 gerebantur,
2471 5107 2525 5153 et
2549 5097 2616 5152 ad
2644 5097 2975 5152 voluntatem
3014 5110 3202 5151 eorum
3229 5095 3322 5165 qui

1738 5187 2023 5244 fecerunt:
2072 5190 2242 5245 multo
2269 5190 2439 5261 mgis
2464 5197 2521 5246 et
2567 5189 2654 5245 hic
2700 5186 3135 5261 perpendendum
3179 5187 3319 5243 istud

1740 5282 1917 5338 fuerit.

1810 5376 1864 5429 5.
1892 5375 1970 5429 Ne
1996 5375 2153 5445 igitur
2190 5374 2292 5430 hoc
2317 5376 2632 5442 considera,
2674 5375 2816 5445 quod
2858 5373 2989 5430 falsa
3029 5373 3227 5431 fuerint
3255 5391 3318 5431 ea

1737 5480 1857 5535 quae
1881 5463 2190 5521 dicebantur
2213 5480 2243 5520 a
2271 5465 2489 5533 Jacobo,
2520 5466 2613 5522 sed
2641 5466 2769 5521 illud
2804 5466 2975 5537 cogita
2994 5507 3011 5534 ,
3050 5466 3321 5522 volentem

1804 5648 1820 5680 ι
1856 5650 1997 5715 Juxta
2015 5643 2290 5715 ﬂuctuet.
2312 5642 2450 5715 savii.
2497 5642 2567 5691 sic
2582 5641 2859 5715 legendum
2877 5650 2994 5715 nest,
3121 5650 3320 5715 scopum

1738 5707 1983 5771 exquiras,
1997 5706 2109 5768 jam
2129 5703 2611 5776 tibidicendumerit
2654 5703 2981 5765 patriarcham
3016 5717 3117 5755 esse
3130 5703 3222 5766 ﬁlii
3242 5703 3317 5752 in-

1742 5772 2057 5833 terfectorem,
2074 5772 2121 5818 et
2145 5767 2367 5819 t’hmeem
2384 5765 2687 5817 hovmadam.
