3730 6260
436 300 540 355 467

420 413 605 503 Ιῐὶοιιῐιι
633 413 1029 484 praedictionem
1060 410 1304 483 impleri,
1331 413 1506 467 omnia
1521 421 1576 467 ut
1592 413 1668 468 sic
1687 412 1877 467 tierent
1898 411 2012 466 dis-

437 504 762 574 pensavisse.
787 504 852 558 Et
874 514 929 557 ut
960 504 1098 558 scias
1118 503 1283 557 Deum
1314 503 1491 557 omnia
1512 502 1680 557 facilia
1696 502 2011 568 reddidisse,

437 582 595 650 etiam
617 610 677 650 ea
699 611 815 665 qum
835 594 1065 648 dillicilia
1092 602 1241 649 erant
1261 611 1275 649 :
1296 593 1415 648 vide
1434 593 1698 664 quomodo
1713 593 1887 663 justus
1908 608 2012 647 non

439 689 673 756 potuerit
703 688 959 756 suspicari
1001 686 1239 741 fraudem
1262 728 1276 750 ,
1325 685 1417 740 sed
1459 700 1740 755 persuasus
1768 686 1834 739 sit
1861 684 2015 739 dictis

437 780 602 834 Jacob
620 820 634 844 ,
665 787 852 834 etcum
876 778 1048 833 edulia
1073 779 1170 832 ista
1193 778 1530 845 comedisset,
1557 775 2013 833 benedictionibus

437 883 560 923 eum
604 879 927 924 remaneret.
1000 867 1068 922 Et
1113 883 1219 922 non
1268 868 1411 937 prius
1459 882 1488 920 a
1534 867 1813 921 venatione
1859 866 2016 921 rediit

438 960 577 1014 Esau
601 999 617 1025 ,
658 973 816 1029 quam
869 958 1043 1013 omnia
1094 968 1272 1013 essent
1320 958 1534 1028 impleta
1564 974 1576 1011 :
1605 966 1664 1011 ut
1705 971 1799 1027 per
1837 956 2012 1010 omnia

437 1053 690 1117 sciamus,
730 1052 1000 1106 voluntate
1041 1052 1132 1105 Dci
1181 1050 1294 1106 lucc
1332 1061 1477 1120 gesta
1516 1052 1699 1105 fuisse.
1737 1048 1821 1103 20.
1872 1048 2016 1101 Dixit

433 1151 623 1209 autem,
655 1142 851 1212 inquit,
895 1142 1046 1196 Isaac
1069 1158 1089 1197 :
1116 1142 1253 1209 Quid
1281 1144 1405 1209 hoc,
1445 1142 1579 1213 quod
1608 1152 1708 1194 tam
1737 1141 1835 1194 cito
1872 1141 2013 1194 inve-

434 1234 590 1301 nisti,
619 1233 740 1303 ﬁli?
777 1234 878 1289 Ille
908 1245 1077 1290 autem
1117 1235 1243 1290 dixit
1276 1250 1295 1289 :
1325 1235 1474 1301 Quod
1515 1234 1719 1287 tradidit
1768 1232 2016 1287 Dominus

439 1325 577 1380 Deus
600 1340 715 1381 tuus
740 1343 910 1381 coram
938 1344 1033 1382 me.
1058 1326 1245 1383 Adhuc
1272 1328 1322 1381 in
1354 1328 1604 1395 angustiis
1629 1324 1801 1379 stabat
1828 1324 2011 1389 laettb,

437 1417 832 1487 augebaturque
851 1417 1134 1487 plurimum
1157 1418 1320 1471 timor
1337 1418 1450 1486 ejus
1470 1435 1484 1471 :
1504 1432 1685 1471 verum
1708 1416 1821 1470 htec
1837 1416 2013 1469 omnia

438 1519 723 1580 propterea
754 1509 884 1563 facta
916 1519 1068 1575 sunt,
1102 1518 1161 1564 ut
1196 1510 1457 1564 discamus
1486 1507 1645 1563 rebus
1675 1507 1802 1576 ipsis
1832 1506 2013 1560 Domi-

440 1614 567 1653 num
612 1615 715 1653 non
747 1599 1058 1669 simpliciter
1101 1614 1249 1653 suam
1296 1598 1568 1653 declarare
1608 1596 2013 1650 sollicitudinem

438 1698 494 1744 et
541 1689 923 1758 providentiam
950 1730 962 1754 ,
1007 1689 1107 1744 nisi
1149 1688 1335 1743 viderit
1383 1699 1436 1743 et
1475 1695 1712 1742 nostrum
1763 1685 2015 1740 accedere

438 1779 721 1835 fervorem.
767 1779 846 1835 Ne
885 1781 1026 1835 enim
1072 1788 1356 1848 prtetercas
1387 1779 1559 1833 obiter
1588 1778 1724 1834 hunc
1753 1791 2011 1847 agonem,

438 1869 658 1935 dilecte,
691 1870 784 1925 sed
811 1870 1115 1924 consideres
1144 1872 1211 1924 de
1237 1884 1412 1925 rerum
1444 1884 1647 1925 summa
1680 1868 1842 1923 fuisse
1872 1866 2013 1937 peri-

439 1960 616 2015 culum
643 1979 656 2015 :
679 1976 907 2030 eumque
935 1962 1124 2015 timore
1150 1975 1212 2016 ac
1240 1969 1471 2016 tremore
1497 1960 1710 2029 plenum
1740 1960 1922 2027 fuisse,
1949 1972 2016 2013 ne

440 2059 658 2120 promer
703 2051 1126 2106 benedictionem
1169 2052 1320 2107 fieret
1348 2052 1492 2106 omni
1534 2049 1888 2107 malediCtioni
1916 2049 2015 2104 ob-

440 2143 651 2198 noxius.
694 2143 898 2198 Deinde
924 2143 1095 2213 inquit
1115 2185 1130 2208 ,
1148 2142 1250 2198 91.
1277 2142 1420 2197 Dixit
1448 2142 1599 2197 Isaac
1617 2156 1637 2196 :
1654 2142 2016 2212 Appropinqua

438 2236 584 2302 mihi,
625 2244 674 2290 et
701 2236 1013 2290 contrectabo
1054 2245 1131 2303 te,
1168 2237 1276 2304 ﬁli,
1317 2252 1383 2289 an
1428 2236 1497 2291 sis
1525 2234 1661 2303 ﬁlius
1689 2251 1827 2290 meus
1850 2234 2011 2302 Esat't,

440 2325 519 2380 vel
542 2342 661 2380 non.
693 2325 902 2380 Etenim
926 2326 996 2381 ob
1016 2341 1199 2382 vocem
1221 2326 1491 2396 paululum
1513 2327 1784 2382 dubitabat
1803 2327 1975 2396 justus
1999 2344 2013 2382 :

444 2416 537 2471 sed
560 2417 678 2485 quia
696 2416 1019 2486 diSpcnsatio
1041 2417 1306 2486 implenda
1331 2427 1465 2484 erat,
1491 2432 1594 2473 non
1619 2417 1857 2487 permisit
1879 2417 2016 2473 Dens

446 2516 505 2563 ut
550 2508 705 2564 dolus
744 2509 1049 2565 sentiretur.
1101 2510 1192 2563 22.
1242 2510 1673 2581 Appropinqnavit
1716 2518 1918 2576 autem,
1971 2517 2017 2562 et

443 2600 764 2655 contrectauit
787 2616 921 2666 eum,
953 2610 999 2653 et
1028 2600 1192 2654 dixit:
1221 2599 1331 2654 Vox
1358 2600 1557 2670 quidem
1580 2616 1674 2654 vox
1696 2599 1877 2666 Jacob,
1905 2615 2016 2652 ma-

441 2707 536 2745 nus
559 2701 723 2745 autem
745 2707 921 2746 manus
946 2685 1086 2745 Esat't
1110 2708 1127 2745 :
1147 2700 1192 2745 et
1218 2708 1316 2745 non
1344 2692 1544 2762 agnovit
1572 2707 1703 2745 cum.
1730 2689 1864 2745 Vide
1888 2704 2020 2760 quo-

443 2783 604 2837 modo
641 2783 888 2839 ostendat
933 2793 1098 2838 totum
1142 2800 1172 2838 a
1220 2784 1311 2839 Dei
1360 2784 1529 2854 gratia
1582 2797 1868 2839 manasse:
1897 2797 2016 2852 qua:

440 2872 709 2928 efﬁciebat
730 2913 746 2937 ,
786 2880 845 2928 ut
872 2875 985 2943 ipse
1015 2873 1145 2928 nihil
1171 2872 1361 2929 horum
1387 2881 1729 2944 agnosceret,
1763 2883 1818 2929 et
1852 2872 2017 2929 Jacob

441 2974 659 3034 paterna
692 2964 955 3021 frueretur
991 2965 1377 3020 benedictione.
1411 2965 1475 3018 Et
1507 2982 1605 3019 non
1635 2964 1837 3035 agnovit
1864 2980 2009 3029 eum,

441 3055 637 3124 inquit;
676 3064 816 3109 erant
841 3057 973 3110 enim
1010 3073 1189 3111 manus
1217 3057 1325 3126 ejus
1366 3057 1493 3110 sicut
1520 3072 1698 3110 manus
1740 3053 1897 3110 Esat'i.
1920 3055 2011 3110 24.

442 3144 511 3198 Et
540 3146 687 3211 dixit,
719 3145 857 3201 Tune
879 3163 932 3201 es
959 3148 1096 3215 ﬁlius
1125 3164 1265 3202 meus
1287 3147 1460 3202 Esau?
1479 3148 1607 3203 Vide
1636 3147 1847 3211 iterum,
1877 3163 2015 3217 quo-

442 3237 605 3292 modo
619 3238 843 3294 ostendit
862 3238 1036 3293 divina
1049 3240 1338 3309 Scriptura,
1360 3239 1499 3309 quod
1521 3240 1810 3295 dubitasset
1819 3239 2011 3309 justus.

443 3326 588 3381 Dixit
612 3328 753 3382 enim
773 3371 788 3396 ,
836 3330 1037 3399 inquit,
1073 3330 1210 3383 Nunt
1240 3340 1293 3384 tu
1330 3346 1379 3385 es
1423 3331 1559 3400 ﬁlius
1586 3346 1725 3385 meus
1756 3330 1932 3385 Esau?
1958 3339 2017 3385 ut

441 3431 507 3471 ex
532 3432 598 3472 eo
620 3433 832 3489 quoque
854 3421 1082 3475 sciamus
1104 3461 1118 3483 ,
1164 3430 1367 3489 patrem
1394 3421 1586 3477 victum
1623 3421 1847 3476 naturali
1881 3423 2013 3476 atie-

440 3509 616 3564 ctione
641 3515 815 3564 omnia
836 3511 1061 3567 fecisse:
1089 3512 1257 3567 Deum
1286 3522 1482 3578 autem,
1505 3514 1593 3584 qui
1624 3512 1795 3567 futura
1823 3512 2013 3583 prteri-

442 3599 564 3666 det,
610 3609 664 3655 et
710 3600 961 3657 virtutum
998 3612 1117 3658 nota
1158 3618 1345 3659 servos
1385 3618 1511 3659 suos
1548 3602 1800 3674 insignire
1841 3604 2011 3671 solet,

440 3691 616 3745 omnia
642 3691 783 3747 hunc
808 3693 861 3748 in
887 3694 1102 3748 modum
1129 3693 1540 3765 dispensavisse.
1566 3695 1635 3750 Et
1660 3694 1793 3749 dixit
1819 3693 2010 3749 Jacob:

440 3781 575 3851 Ego.
615 3783 899 3855 POStquam
945 3785 1085 3840 enim
1129 3785 1292 3854 dixit,
1330 3784 1471 3839 Num
1513 3796 1565 3840 tu
1607 3802 1659 3840 es
1704 3785 1840 3841 Esau
1878 3787 2014 3855 ﬁlius

437 3873 615 3927 meus?
637 3882 692 3928 et
710 3874 860 3939 dixit,
888 3872 997 3946 Ego
1015 3892 1032 3929 :
1050 3874 1201 3941 dixit,
1229 3876 1319 3930 25.
1349 3876 1489 3943 A/fer
1513 3877 1656 3939 mihi,
1686 3887 1733 3930 et
1758 3877 2014 3931 comedam

439 3964 504 4017 de
541 3965 798 4021 venatione
826 3976 915 4019 tua
933 4008 949 4033 ,
992 3967 1091 4037 ﬁli,
1121 3977 1175 4021 ut
1208 3968 1463 4022 benedicat
1491 3979 1539 4022 te
1561 3970 1731 4022 anima
1755 3985 1865 4022 mea
1889 3984 1906 4022 :
1927 3969 2012 4023 vix

438 4055 649 4109 tandem
675 4071 703 4110 a
728 4072 852 4112 cura
881 4059 1105 4113 solvitur
1128 4060 1321 4125 Jacob,
1360 4070 1408 4113 et
1448 4062 1616 4115 attulit
1644 4063 1773 4132 patri
1804 4062 1972 4116 edulia
1992 4102 2012 4131 ,

435 4148 700 4217 attulitque
725 4150 928 4215 vinum,
969 4159 1016 4203 et
1059 4150 1196 4205 bibit.
1227 4151 1315 4206 26.
1345 4152 1412 4204 Et
1454 4153 1583 4206 dixit
1608 4154 1653 4205 ei
1683 4168 1703 4206 :
1730 4154 1922 4207 Accede
1946 4154 2015 4207 ad

436 4251 547 4301 me,
573 4246 621 4291 et
648 4237 877 4293 osculare
902 4256 983 4293 me
1000 4280 1016 4306 ,
1051 4241 1146 4309 ﬁli.
1185 4241 1277 4296 27.
1306 4241 1369 4295 Et
1392 4242 1632 4296 accedens
1658 4244 1908 4297 osculatus
1941 4252 2013 4297 est

434 4343 586 4394 eum;
632 4338 678 4382 et
724 4330 963 4386 odoratus
1001 4342 1073 4387 est
1115 4334 1317 4387 odorem
1364 4334 1763 4388 vestimentorum
1791 4335 1931 4403 eius,
1964 4344 2013 4389 et

435 4418 685 4473 benedixit
710 4437 821 4474 eum
839 4464 854 4488 ,
882 4438 941 4476 ac
969 4424 1114 4478 dixit.
1144 4424 1276 4478 Vide
1300 4424 1492 4480 divina)
1517 4424 1800 4494 Scripturte
1828 4426 2013 4481 obser-

434 4510 722 4564 vationem.
752 4510 1036 4583 Postquam
1065 4513 1442 4585 interrogavit,
1476 4514 1615 4569 Num
1657 4525 1712 4569 tu
1751 4533 1802 4571 es
1831 4515 1967 4569 Esaii
1988 4517 2013 4569 ?

435 4607 488 4654 et
514 4599 667 4666 dixit,
695 4600 807 4673 Ego
828 4618 848 4656 :
868 4604 1060 4659 iterum
1087 4607 1435 4661 cont-rectavit
1458 4621 1602 4674 eum,
1628 4617 1682 4661 et
1705 4606 2012 4662 subdubita-

433 4689 546 4757 bst,
575 4706 695 4747 cum
722 4707 787 4748 ex
814 4708 946 4750 voce
964 4709 1099 4764 pene
1119 4697 1510 4752 simulationem
1537 4696 2007 4766 deprehendisset:

429 4790 486 4836 et
514 4781 707 4837 iterum
751 4783 1126 4855 interrogavit,
1171 4785 1312 4840 Num
1340 4796 1393 4841 tu
1418 4803 1470 4841 es
1497 4787 1635 4856 ﬁlius
1662 4804 1800 4842 meus
1835 4786 2012 4842 Esau?

429 4881 489 4928 et
514 4872 666 4941 dixit,
691 4874 839 4947 Ego:
857 4885 912 4932 et
938 4885 1121 4946 postea
1160 4877 1336 4933 attulit
1362 4877 1412 4935 ei
1432 4919 1447 4944 ,
1478 4887 1533 4933 et
1559 4877 1790 4935 comedit
1813 4896 1827 4933 :
1850 4887 2005 4944 tunc,

425 4966 634 5036 inquit,
686 4966 957 5024 Osculatus
999 4979 1071 5025 est
1107 4987 1244 5039 eunt.
1270 4980 1317 5025 et
1366 4970 1611 5025 benedixit
1654 4986 1788 5024 eum.
1828 4970 1896 5027 Ut
1941 4985 2009 5027 ne

428 5058 553 5123 quis
576 5058 824 5125 opinetur
845 5074 967 5114 eum
998 5062 1048 5115 in
1083 5076 1365 5131 personam
1403 5062 1547 5116 Esau
1583 5061 2004 5118 benedictionem

426 5147 651 5216 fecisse,
682 5152 775 5206 sed
820 5151 874 5207 in
920 5153 1069 5213 illum
1104 5171 1260 5225 quem
1296 5155 1564 5211 osculatus
1587 5162 1670 5209 est
1692 5172 1705 5209 :
1727 5162 2003 5224 propterea

426 5252 812 5296 commemorat
831 5244 1007 5298 divina
1036 5245 1325 5315 Scriptura,
1359 5245 1499 5316 quod
1529 5245 1798 5301 osculatus
1822 5255 1923 5307 est,
1951 5254 2007 5299 ct

426 5329 697 5388 benedixit
742 5335 923 5402 illum,
967 5351 1126 5405 quem
1179 5339 1446 5391 osculatus
1490 5345 1591 5391 est.
1640 5335 1891 5389 Oderatus
1932 5345 2004 5388 est

426 5422 557 5473 enim
583 5423 786 5477 odorem
823 5427 1222 5481 vestimentorum
1267 5431 1376 5499 ejus
1417 5435 1464 5480 et
1504 5426 1752 5480 benedixit
1785 5441 1896 5479 eum
1916 5467 1931 5489 ,
1959 5436 2004 5479 et

420 5511 497 5563 dia
510 5512 546 5564 it
576 5528 593 5565 :
624 5512 752 5566 Ecce
778 5515 903 5568 odor
927 5517 1022 5584 ﬁlii
1046 5518 1140 5570 mei
1162 5560 1176 5583 ,
1213 5519 1338 5571 sicut
1375 5516 1501 5571 odor
1527 5517 1639 5588 agri
1667 5516 1799 5585 pleni
1818 5557 1832 5582 ,
1860 5532 2003 5584 quem

420 5603 672 5657 benedixit
700 5605 965 5661 Dominus.
989 5608 1078 5663 ‘28.
1114 5609 1176 5662 Et
1206 5610 1343 5662 dabit
1364 5610 1450 5662 tibi
1483 5609 1615 5664 Deus
1639 5610 1701 5663 de
1731 5625 1843 5661 rore
1868 5609 1998 5674 (teli,

423 5700 469 5744 et
495 5693 556 5744 de
580 5694 879 5763 pinguedine
905 5707 1070 5765 terrm,
1098 5710 1143 5753 ct
1170 5699 1536 5765 multitudinem
1553 5699 1788 5770 frumenti
1809 5708 1855 5754 et
1878 5699 1995 5753 vini.

1155 296 1213 355 S.
1251 297 1529 355 JOANNIS'
1561 294 2028 354 CllRVSOSTOMl
2067 295 2386 353 ARCHIEP.
2424 296 2959 361 CONSTANTINOP.
3588 310 3654 367 ιει

2127 410 2225 465 Det
2244 451 2259 477 ,
2290 410 2496 481 inquit,
2527 412 2784 469 Dominus
2806 414 2945 471 Deus
2970 399 3103 481 tibi,
3128 416 3219 486 qui
3244 414 3434 471 edulia
3461 422 3658 489 attulisti,

2122 503 2209 571 qui
2250 517 2281 556 a
2330 518 2415 559 me
2446 505 2686 560 osculum
2734 508 2982 576 accepisti
3006 524 3020 561 :
3041 507 3109 561 Et
3149 510 3379 562 serviant
3416 511 3499 562 tibi
3522 528 3658 580 genus.

2125 591 2259 648 Vide
2300 595 2569 663 quomodo
2614 599 3035 652 necessariorum
3076 600 3285 669 copiam
3325 601 3430 669 ipsi
3475 615 3662 671 precatus

2102 685 2232 751 sit,
2260 685 2452 741 deinde
2480 688 2829 757 principatum
2856 690 3089 760 gentium
3112 731 3129 757 ,
3162 691 3476 761 prxdicens
3500 695 3663 751 etiam-

2120 792 2232 833 ram
2261 778 2375 848 ejus
2403 782 2806 849 prosperitatem
2827 789 2882 836 et
2902 796 3085 837 eorum
3112 783 3198 853 qui
3229 784 3302 838 ab
3336 800 3406 838 eo
3431 798 3664 843 nascuntur

2120 867 2523 923 incrementum.
2557 869 2625 923 Et
2649 872 2860 926 adorent
2899 881 2948 926 te
2981 873 3251 943 principes.
3299 873 3427 928 Non
3472 890 3615 931 so-t.-.n
3635 883 3682 967 ei.

2120 968 2439 1027 apprecatur
2465 961 2699 1029 gentium
2736 962 3151 1032 subjectionem,
3186 964 3283 1019 sed
3326 966 3491 1019 etiam
3514 968 3664 1035 νήπιά-

2122 1063 2268 1118 pum.
2300 1048 2367 1103 Et
2392 1051 2464 1104 sis
2488 1052 2719 1107 dominus
2750 1053 2926 1121 fratris
2955 1054 3046 1106 tui.
3074 1053 3210 1109 Vide
3244 1056 3524 1124 quomodo
3545 1062 3665 1113 servit

2115 1139 2310 1208 justus,
2339 1142 2498 1196 etiam
2543 1144 2828 1212 ignorans,
2880 1145 2973 1199 Dei
3012 1144 3299 1199 voluntati.
3346 1146 3533 1202 Omnia
3566 1152 3663 1201 enim

2122 1230 2237 1285 htcc
2262 1240 2480 1301 propter
2507 1232 2609 1288 hoc
2635 1233 3081 1303 dispensabantur
3101 1276 3116 1300 ,
3143 1244 3204 1289 ut
3232 1235 3329 1289 hic
3357 1248 3570 1304 promer
3592 1242 3665 1293 vir-

2121 1329 2287 1376 tutem
2317 1321 2507 1392 dignus
2528 1362 2542 1389 ,
2572 1324 2794 1393 recipiat
2831 1324 3278 1380 benedictionem.
3334 1326 3405 1379 Et
3438 1328 3666 1381 adoratis:

2121 1422 2168 1468 te
2207 1414 2302 1483 ﬁlii
2343 1416 2502 1485 patris
2540 1418 2630 1469 tui.
2672 1416 2838 1472 Filios
2877 1418 3150 1472 consuevit
3197 1418 3489 1487 Scriptura
3523 1435 3667 1475 voc-are

2119 1517 2334 1559 omnem
2364 1508 2759 1575 generationem
2786 1523 2800 1560 :
2825 1507 2961 1561 sicut
2985 1516 3037 1561 et
3063 1507 3149 1563 hic
3173 1548 3188 1572 ,
3236 1509 3386 1563 ﬁlios
3413 1510 3567 1578 patris
3590 1515 3665 1565 tui:

2119 1608 2183 1649 ac
2211 1596 2254 1650 si
2283 1594 2402 1665 quis
2422 1595 2625 1652 diceret
2644 1612 2735 1652 eos
2758 1598 2845 1667 qui
2866 1615 2932 1653 ex
2953 1599 3157 1655 semine
3187 1599 3339 1654 Esat't
3361 1600 3519 1655 ﬁtturi
3540 1615 3665 1656 erant.

2120 1681 2237 1739 Non
2264 1685 2406 1739 enim
2435 1685 2568 1741 alios
2608 1685 2745 1741 filios
2778 1686 2963 1741 habuit
3007 1688 3186 1754 Isaac,
3224 1704 3394 1759 quam
3443 1690 3536 1743 hos
3572 1694 3665 1743 dum

2119 1774 2290 1830 solos.
2316 1774 2417 1842 Qui
2456 1777 2710 1831 maledicit
2749 1787 2827 1844 te,
2864 1779 2930 1833 sit
2962 1779 3261 1833 maledictus
3288 1796 3307 1833 :
3338 1780 3435 1848 qui
3476 1783 3668 1835 bendi-it

2122 1870 2195 1929 te,
2218 1865 2283 1919 sit
2310 1864 2614 1921 benedictus.
2643 1867 2787 1923 Ecce
2806 1868 3113 1924 coronidem
3138 1867 3555 1935 benedictionis,
3580 1887 3669 1927 crte

2120 1969 2383 2011 summam
2412 1956 2647 2013 omnium
2669 1958 2949 2026 bonorum,
2981 1974 3101 2016 esse
3126 1960 3501 2017 benedictum.
3527 1963 3668 2019 γῆξεεί

2124 2047 2216 2102 Dei
2243 2048 2621 2105 clementiam?
2657 2049 2757 2118 Qui
2786 2050 3034 2106 timuerat
3060 2066 3128 2107 ne
3153 2052 3587 2108 maledictionem
3609 2071 3669 2108 se-

2120 2138 2323 2208 eiperet
2346 2154 2444 2210 pro
2467 2140 2855 2207 benedictione,
2884 2157 2989 2197 non
3017 2142 3192 2197 solum
3215 2156 3346 2198 cum
3375 2152 3520 2198 tanta
3550 2146 3667 2215 largi-

2122 2238 2230 2283 tate
2250 2228 2646 2286 benedictiones
2665 2246 2695 2286 a
2717 2242 2865 2300 patre
2885 2240 3120 2301 reportat
3142 2231 3275 2288 :sed
3298 2241 3358 2287 et
3386 2233 3465 2291 illi
3492 2235 3666 2288 maledi—

2119 2328 2332 2384 euntur,
2352 2320 2442 2389 qui
2462 2328 2727 2377 attentam
2750 2336 2871 2378 eum
2896 2321 3235 2379 maledicere.
3259 2323 3407 2379 Hine
3428 2324 3665 2389 discamus.

2119 2408 2260 2478 quod
2287 2410 2499 2480 quando
2523 2413 2645 2482 quis
2679 2412 2973 2470 secundum
2997 2413 3335 2470 voluntatem
3363 2416 3460 2471 Dei
3480 2430 3566 2471 sua
3589 2419 3666 2471 die

2124 2515 2346 2569 pensare
2387 2502 2529 2567 vult,
2578 2512 2724 2557 tanto
2752 2518 2984 2574 superno
3042 2504 3288 2560 subsidio
3312 2504 3669 2575 adjuvatar,ut

2122 2591 2225 2648 hoc
2256 2592 2413 2662 plane
2444 2595 2619 2665 reipsa
2646 2596 2970 2665 experiatur.
2999 2595 3130 2663 Quis
3158 2596 3307 2651 enim
3340 2612 3455 2651 non
3483 2597 3669 2652 admire-

2123 2689 2207 2737 tur
2245 2690 2302 2737 et
2341 2683 2682 2753 Obstupescat
2723 2686 2815 2741 Dei
2860 2685 3179 2742 ineffabilem
3227 2686 3671 2757 dispensationem.

2121 2772 2260 2842 quod
2298 2788 2403 2830 non
2444 2774 2590 2845 prius
2622 2775 2766 2832 Esau
2792 2778 2861 2833 de
2890 2778 3171 2834 venatione
3204 2777 3529 2847 advenerit,
3556 2796 3672 2850 quam

2120 2865 2417 2931 solveretur
2441 2865 2635 2923 fabula:
2662 2868 2806 2924 illius
2832 2879 3198 2941 argumentum
3219 2911 3237 2939 ,
3284 2880 3339 2926 et
3383 2872 3592 2942 quando
3614 2872 3674 2924 ille

2119 2966 2332 3027 accepta
2357 2958 2726 3016 benedictione
2752 2975 2781 3016 a
2810 2970 2960 3030 patre
2982 2961 3268 3019 discessit?
3291 2963 3419 3020 Hoc
3444 2963 3581 3019 enim
3607 2978 3676 3016 nos

2119 3045 2313 3113 docere
2332 3049 2519 3109 volens
2544 3049 2732 3106 beatus
2759 3051 2931 3108 Moses
2960 3053 3177 3123 adjicit:
3196 3055 3290 3111 30.
3316 3054 3399 3108 Et
3428 3060 3608 3125 factum
3626 3066 3675 3107 est

2119 3148 2384 3209 postquam
2406 3141 2613 3201 cessavit
2643 3140 2793 3197 Isaac
2818 3142 3109 3199 benedicere
3129 3144 3291 3200 Iacob
3323 3147 3504 3213 ﬁlius:
3527 3161 3676 3200 saxa:

2118 3241 2165 3293 et
2195 3232 2385 3301 factum
2422 3242 2493 3288 est
2533 3234 2738 3304 quando
2762 3236 2911 3290 exivit
2935 3234 3094 3290 Jacob
3135 3254 3168 3291 a
3205 3238 3342 3308 facie
3369 3237 3533 3293 Isaac
3556 3236 3677 3307 patri:

2117 3322 2217 3388 sui,
2246 3337 2358 3376 ecce
2382 3321 2523 3378 Esau
2550 3328 2708 3395 frater
2732 3341 2855 3381 suus
2881 3328 3013 3381 venit
3033 3328 3098 3381 de
3115 3329 3410 3382 venatione.

2187 3410 2244 3466 4.
2273 3410 2529 3480 Quidquid
2557 3423 2815 3482 peractum
2841 3415 2938 3481 sit,
2967 3426 3078 3486 post
3102 3418 3382 3472 “unum
3410 3418 3570 3485 Emi,
3592 3435 3678 3468 u-

2118 3512 2197 3556 rat
2252 3505 2633 3562 contmentando
2686 3506 3102 3577 Chrysostomus;
3148 3510 3529 3565 benedictionis
3575 3509 3680 3564 Etsi

2117 3594 2384 3663 explicatio
2429 3612 2690 3653 nunerum
2729 3599 2938 3655 claudit.
2971 3630 3043 3649 —
3081 3600 3214 3657 Vide
3258 3604 3550 3672 quomodo
3596 3612 3681 3670 pust

2118 3685 2260 3749 illius
2292 3686 2498 3742 exitum
2534 3687 2668 3744 alter
2703 3691 2881 3747 statim
2921 3690 3157 3747 advenit.
3199 3691 3316 3747 Non
3364 3694 3480 3748 hoc
3518 3693 3681 3761 absque

2117 3784 2275 3827 causa
2300 3770 2382 3826 vel
2422 3780 2631 3828 temere.
2658 3772 2874 3839 factum,
2897 3774 2991 3830 sed
3021 3786 3077 3840 ut
3106 3778 3363 3847 ignorans
3407 3778 3621 3834 atl‘erret
3646 3788 3681 3829 τι

2119 3861 2234 3931 ipse
2253 3861 2447 3930 edulia,
2476 3873 2530 3921 et
2553 3880 2582 3919 a
2614 3876 2762 3935 patre
2789 3866 3087 3931 addiscerct
3125 3884 3239 3923 rem
3280 3878 3465 3924 totam
3506 3879 3567 3927 ut
3596 3879 3683 3923 seu

2120 3963 2254 4008 erat.
2286 3953 2418 4010 Nam
2445 3955 2489 4009 si
2516 3956 2568 4010 in
2599 3956 2815 4015 fratrem
2844 3957 3134 4025 incidisset,
3172 3959 3401 4019 forsitan
3444 3971 3503 4015 et
3546 3962 3683 4029 ipsum

2117 4044 2492 4112 interemisset,
2524 4046 2694 4103 victus
2721 4048 2796 4102 ira
2826 4065 2839 4101 :
2868 4048 2959 4119 qui
2988 4049 3128 4105 enim
3160 4049 3262 4104 hoc
3282 4060 3487 4118 postea
3517 4049 3683 4105 delibe-

2117 4138 2272 4204 ravit,
2297 4138 2467 4193 multo
2491 4140 2657 4210 magis
2672 4139 2810 4211 dum
2837 4150 3084 4210 ageretur
3111 4142 3418 4211 negotium,
3452 4144 3508 4197 id
3536 4152 3683 4197 attes-

2119 4237 2301 4285 tasset.
2327 4228 2432 4287 Sed
2462 4244 2653 4291 manus
2692 4230 2786 4287 Dei
2826 4240 2960 4298 erat,
2999 4246 3117 4300 qua:
3149 4245 3378 4299 puerum
3413 4232 3682 4287 servabat:

2116 4327 2170 4374 et
2217 4320 2357 4375 hunc
2405 4318 2619 4390 quidem
2674 4319 2889 4392 dignum
2935 4320 3307 4379 benedictione
3364 4322 3593 4388 enecit,
3639 4324 3686 4375 il-

2118 4411 2223 4465 lum
2278 4420 2454 4467 autem
2473 4426 2528 4472 et
2554 4413 3175 4484 benedictioneprivavit
3191 4426 3247 4469 et
3259 4414 3684 4484 primogenitnra.

2116 4505 2205 4558 3i.
2256 4504 2323 4560 Ut
2369 4514 2536 4560 autem
2579 4504 2799 4570 advenit,
2847 4506 3037 4576 inquit,
3085 4507 3200 4578 fecit
3244 4515 3295 4559 et
3345 4507 3473 4577 ipse
3521 4508 3686 4569 edulis.

2116 4605 2164 4649 et
2203 4597 2369 4650 attulit
2407 4597 2540 4663 patri
2579 4612 2692 4663 suo,
2732 4605 2780 4653 et
2817 4597 2990 4651 dixit:
3017 4599 3207 4668 Surget
3247 4607 3402 4668 pater
3441 4616 3622 4665 mas,
3655 4609 3687 4649 cl

2116 4688 2340 4741 comedat
2372 4689 2434 4742 de
2475 4689 2734 4745 venatione
2757 4689 2854 4757 ﬁlii
2888 4689 2986 4756 sui,
3018 4699 3073 4740 ut
3109 4687 3376 4743 benedicat
3419 4705 3510 4747 me
3546 4692 3691 4744 enim

2117 4791 2221 4834 tua.
2250 4779 2399 4845 Vide,
2416 4781 2660 4848 obsecro,
2682 4779 2871 4836 iterum
2885 4780 3086 4851 justum
3108 4778 3437 4849 perturbari,
3459 4790 3518 4837 et
3540 4790 3689 4834 mente

2114 4872 2359 4928 cruciari.
2402 4871 2534 4927 Nam
2578 4880 2637 4927 ut
2672 4872 2893 4938 audivit,
2917 4872 3005 4928 52.
3036 4870 3181 4937 Dixit
3209 4887 3224 4924 :
3252 4870 3385 4938 Quis
3404 4889 3471 4933 es
3493 4873 3588 4926 tu!
3616 4871 3691 4924 ιω

2113 4974 2280 5019 autent
2320 4964 2446 5017 dixit
2475 4978 2495 5016 :
2524 4962 2633 5032 Ego
2662 4978 2775 5016 sum
2813 4963 2951 5031 ﬁlius
2986 4972 3101 5017 tuus
3138 4962 3520 5031 primogenita
3549 4960 3685 5015 Emi

2116 5055 2245 5111 Vide
2269 5053 2535 5125 quomodo
2563 5052 2789 5122 superbe
2817 5067 2877 5108 se
2904 5061 3052 5121 gerat
3079 5052 3128 5105 in
3156 5066 3215 5106 re
3244 5054 3512 5120 praesenti
3554 5070 3569 5105 :
3606 5064 3688 5103 nos

2111 5146 2242 5201 satis
2260 5144 2357 5216 ipsi
2394 5143 2490 5199 fuit
2514 5143 2712 5209 dicere,
2740 5142 2850 5214 Ego
2877 5159 2987 5197 sum
3012 5141 3152 5197 Esau
3172 5158 3191 5196 :
3210 5141 3303 5197 sed
3320 5140 3564 5204 addidit,
3596 5140 3689 5193 Pn—

2112 5238 2410 5310 mogenilus.
2460 5237 2549 5291 33.
2598 5235 2865 5306 Obstupuit
2903 5244 3072 5288 autem
3106 5232 3255 5288 Isaac
3294 5242 3523 5302 stupore
3564 5236 3687 5284 ecbe-

2111 5329 2285 5391 ntenti,
2308 5338 2356 5381 et
2382 5326 2509 5380 dixit
2531 5341 2550 5379 :
2571 5324 2696 5390 Quis
2721 5326 2875 5394 igitur
2902 5332 3106 5377 venatus
3126 5332 3197 5377 est
3216 5322 3343 5376 mihi
3365 5323 3687 5376 venationi-ut.

2110 5428 2157 5473 et
2182 5417 2351 5471 attulit
2378 5416 2523 5482 mihi,
2551 5425 2597 5470 et
2622 5415 2817 5468 comedi
2840 5414 2904 5468 de
2932 5413 3161 5469 omnibus
3187 5421 3469 5479 antequam
3493 5421 3551 5463 tu
3572 5409 3688 5462 teni-

2108 5528 2188 5566 res
2218 5528 2233 5566 :
2261 5520 2307 5564 et
2336 5509 2565 5564 benedixi
2595 5524 2727 5574 eum,
2756 5517 2802 5562 et
2827 5508 2890 5561 sit
2909 5489 3234 5561 benedictus?
3262 5502 3397 5558 Vide
3428 5501 3689 5572 quomodo

2111 5606 2162 5660 in
2193 5603 2539 5675 perplexitate
2574 5600 2892 5656 constitutus
2925 5600 3120 5667 justus,
3142 5605 3198 5653 et
3223 5610 3450 5651 narrans
3478 5594 3688 5651 factum,

2115 5694 2317 5751 addidit
2355 5704 2529 5750 tamen
2567 5693 2797 5763 graviter
2836 5691 2973 5746 illius
3012 5688 3248 5744 animum
3273 5686 3573 5744 vulnenns
3597 5701 3611 5738 :
3639 5681 3690 5735 ει
