3730 6252
405 266 512 324 469

407 378 628 454 καιρίαν
659 379 849 450 ἐκείνῳ
870 379 1042 444 διδοὺς
1062 379 1160 454 τὴν
1191 379 1426 451 πληγὴν,
1445 379 1528 444 τὸ,
1557 379 1662 434 Καὶ
1686 380 1988 449 εὐλόγηκα

405 452 614 527 αὑτὸν,
645 465 745 518 καί
781 452 1187 532 εὐλογημένος
1213 462 1391 516 ἔστω.
1428 463 1600 516 Τοῦτο
1634 463 1692 516 δέ
1738 465 1912 518 ἐποίει
1959 465 1989 516 6

406 545 616 609 δίκαιος
663 545 761 615 τῆς
800 544 893 599 τοῦ
941 545 1077 598 Θεοῦ
1127 545 1322 615 σοφίας
1357 545 1658 617 ὁδηγούσης
1687 546 1851 601 αὐτοῦ
1889 547 1989 618 τὴν

407 627 673 698 γλῶτταν,
716 629 800 680 ἱνα
845 630 1021 683 πάντα
1065 629 1206 699 μετά
1250 629 1534 701 ἀκριϐείας
1569 631 1774 695 ἐκεῖνος
1803 631 1988 702 μαθὼν

407 709 604 764 ειδέναι
629 711 750 782 ἐχῃ,
777 710 852 776 ὡς
869 712 1022 766 οὐδὲν
1054 712 1202 784 αὐτῷ
1230 712 1390 767 πλέον
1412 712 1564 768 ἔσται
1594 711 1717 767 οὐτε
1748 713 1855 767 ἀπὸ
1879 715 1988 768 τῶν

409 794 791 863 πρωτοτοκίων
825 806 873 859 ι,
911 793 1032 849 οὐτε
1062 795 1169 849 ἀπὸ
1206 796 1306 867 τῆς
1339 795 1531 868 θήρας.
1581 797 1864 862 Ἀκούσας
1896 797 1986 862 δὲ,

409 876 592 951 φησιν,
636 875 818 930 Ἡσαῦ
867 877 1161 946 ἀνεϐόησε
1194 877 1406 948 φωνὴν
1449 878 1726 948 μεγάλην
1752 880 1989 948 σφόδρα

409 960 507 1013 καὶ
536 959 775 1026 πικράν.
805 960 871 1012 Τί
905 961 1042 1028 ἐστι,
1078 961 1291 1028 Φωνὴν
1317 963 1592 1032 μεγάλην
1627 963 1862 1034 σφόδρα
1888 967 1989 1018 καὶ

375 1109 380 1114 ,
407 1043 664 1112 πικρὰν;
687 1044 790 1098 Τὸν
810 1043 978 1115 θυμὸν
999 1044 1219 1116 ᾐνίξατο
1240 1045 1329 1099 διὰ
1356 1046 1449 1099 τοῦ
1481 1048 1744 1118 ῥήματος,
1774 1047 1988 1118 καὶτῆς

405 1127 597 1198 ὀργῆς,
652 1122 720 1197 ἦς
769 1127 1010 1199 ἐπλήσθη
1060 1127 1232 1182 ταῦτα
1275 1127 1480 1199 μαθὼν,
1517 1131 1616 1200 τὴν
1659 1130 1982 1202 ὑπερϐολήν.

405 1209 518 1265 Καὶ
545 1205 734 1274 εἶπεν,
768 1211 1128 1280 Εὺλόγησον
1169 1210 1247 1279 δὴ
1288 1211 1460 1282 κάμὲ,
1491 1212 1694 1281 πάτερ.
1738 1209 1885 1268 Εἷπε
1916 1213 1986 1267 δὲ

404 1292 584 1359 αὐτῷ·
635 1293 860 1348 Ἐλθὼν
893 1297 925 1349 ό
959 1294 1218 1364 ἀδελφός
1245 1309 1362 1350 σου
1389 1297 1537 1366 μετὰ
1563 1295 1770 1360 δόλου,
1807 1297 1986 1353 ἔλαϐε

405 1376 522 1445 τὴν
540 1377 826 1445 εὐλογίαν
856 1392 992 1430 σου.
1018 1377 1330 1448 Προλαϐὼν,
1357 1379 1542 1450 φησὶν,
1571 1381 1601 1434 6
1633 1380 1859 1449 ἀδελφός
1888 1397 1981 1434 σου

404 1459 505 1530 τὴν
526 1459 774 1528 εὐλογίαν
795 1460 974 1513 πᾶσαν
1003 1461 1352 1530 ἐπεσπάσατο
1379 1462 1521 1533 μετά
1546 1461 1746 1534 πολλῆς
1773 1464 1871 1535 τῆς
1896 1464 1982 1518 6a-

403 1541 636 1609 ψιλείας.
677 1542 785 1594 Καὶ
818 1543 905 1597 ἵνα
930 1543 1093 1614 γνῷς,
1128 1544 1210 1598 ὅτι
1241 1547 1274 1615 ἡ
1307 1544 1512 1600 ἀνωθεν
1541 1547 1701 1619 χάρις
1722 1542 1792 1618 ἦν
1824 1550 1856 1617 ή
1890 1546 1982 1602 τὸν

404 1625 612 1678 δίκαιον
667 1625 1011 1696 ἀπατηθῆναι
1050 1629 1454 1699 συνεργήσασα,
1495 1629 1599 1700 ὅρα
1645 1629 1760 1693 πῶς
1821 1630 1982 1694 αὐτὸς

404 1706 562 1760 τοῦτο
587 1707 838 1778 ὁμολογεῖ
871 1707 1063 1776 λέγων,
1105 1710 1325 1766 Ἐλθὼν
1358 1715 1391 1766 ό
1410 1712 1674 1782 ἀδελφός
1692 1728 1810 1767 σου
1831 1714 1982 1781 μετὰ

404 1789 613 1852 δόλου,
650 1791 929 1861 μονονουχὶ
953 1791 1387 1864 ἀπολογούμενος
1413 1795 1489 1865 τῷ
1511 1794 1684 1859 παιδὶ,
1711 1795 1806 1849 καὶ
1835 1795 1982 1850 διδά-

406 1889 553 1926 σκων
602 1873 784 1942 αὐτὸν,
834 1874 915 1927 ὅτι
940 1875 1172 1945 ’Δγνοῶν
1221 1878 1306 1929 ἐπ’
1342 1879 1546 1931 ἐκεῖνον
1600 1878 1700 1941 τὰς
1737 1877 1982 1947 εὐλογίας

402 1956 769 2026 ἐποιησάμην,
822 1957 917 2010 καὶ
964 1959 1046 2012 δτι
1079 1959 1172 2022 Εἰς
1227 1959 1289 2012 σὲ
1339 1959 1540 2024 ταύτας
1584 1959 1798 2031 ἕτοιμος
1834 1963 1982 2032 ῆμην

403 2038 748 2111 ποιήσασθαι·
769 2040 884 2093 ἀλλ’
900 2042 1130 2108 ἐκεῖνος,
1155 2041 1382 2096 Ἐλθὼν
1397 2042 1549 2113 μετὰ
1576 2042 1782 2107 δόλου,
1805 2045 1983 2099 ἔλαϐε

402 2122 519 2190 τὴν
542 2124 827 2193 εὐλογίαν
846 2141 986 2179 σου·
1018 2125 1088 2180 τὰ
1117 2125 1201 2178 σοὶ
1228 2127 1748 2198 παρασκευασθέντα
1777 2129 1981 2192 ἐκεῖνος

402 2208 639 2273 ἐδέξατο·
661 2209 724 2261 οὐ
756 2207 906 2278 παρὰ
935 2208 1034 2279 τὴν
1065 2208 1205 2280 ἐμὴν
1236 2207 1294 2262 δὲ
1320 2210 1499 2263 αἰτίαν
1527 2209 1737 2278 γέγονε.
1761 2213 1870 2267 Καὶ
1898 2206 1981 2264 εἷ-

400 2306 500 2356 πε,
529 2293 714 2364 φησὶν,
745 2291 948 2345 Ἠσαῦ·
978 2293 1226 2358 Δικαίως
1251 2293 1558 2362 ἐπεκλήθη
1590 2294 1657 2347 τὸ
1677 2294 1866 2363 ὄνομα
1883 2297 1985 2348 αὐ-

400 2374 511 2428 τοῦ
537 2374 749 2429 Ἰακώϐ·
778 2373 1087 2443 ἐπτέρνικε
1114 2373 1226 2444 γάρ
1243 2392 1320 2444 με
1339 2375 1455 2444 ἤδη
1482 2375 1761 2444 δεύτερον
1783 2377 1979 2432 τοῦτο·

401 2456 478 2511 τά
527 2474 590 2510 τε
627 2455 992 2524 πρωτοτόκια
1030 2475 1149 2527 μου
1180 2457 1432 2528 ειλήφει,
1482 2459 1579 2514 καί
1621 2459 1737 2514 νῦν
1771 2460 1984 2528 εἴληφε

401 2539 517 2608 τὴν
537 2541 824 2611 εὐλογίαν
847 2558 980 2607 μου.
1016 2541 1091 2593 Οὐ
1123 2541 1322 2611 μάτην,
1365 2543 1518 2614 φησι,
1573 2542 1671 2614 τῆς
1709 2560 1984 2614 προσηγο-

403 2621 526 2692 ρίας
551 2621 754 2695 ταύτης
781 2622 1011 2693 ⁴ἠξιώθη·
1037 2623 1365 2695 πτερνισμὺς
1389 2624 1497 2696 γὰρ
1529 2625 1890 2696 ἑρμηνεύεται
1918 2626 1985 2679 τὸ

401 2706 572 2778 ὄνομα
614 2707 800 2774 αὐτοῦ,
850 2709 988 2780 ὅπερ
1037 2703 1190 2772 οὗτος
1239 2711 1319 2772 είς
1368 2709 1468 2780 ἐμὲ
1520 2709 1852 2774 ἐπεδείξατο,
1889 2710 1984 2763 καὶ

401 2791 511 2844 τῶν
563 2791 946 2862 πρωτοτοκίων
994 2793 1375 2865 ἀποστερήσας
1416 2794 1512 2847 καὶ
1552 2794 1652 2864 τῆς
1709 2794 1980 2864 εὐλογίας.

402 2876 467 2929 Τί
496 2872 589 2930 οὖν
608 2880 637 2930 6
671 2876 841 2931 Ἡσαῦ
871 2878 1007 2950 πρὸς
1050 2879 1262 2943 Ίσαάκς
1297 2880 1419 2948 Οὐχ
1446 2879 1748 2934 ὐπελίπου
1764 2898 1867 2948 μοι
1896 2882 1985 2934 εὐ-

401 2961 637 3031 λογίαν,
668 2962 896 3030 πιίτερ;
943 2962 1302 3030 Ἀποκριθεὶς
1339 2962 1408 3016 δὲ
1440 2965 1637 3019 Ἰσαὰκ
1680 2961 1852 3019 εἷπεν
1875 2967 1983 3019 αὐ-

403 3043 502 3110 τῷ·
526 3044 800 3108 Μάνθανε,
828 3045 1012 3115 φησὶν,
1040 3046 1121 3099 ὃτι
1160 3047 1340 3109 πάσας
1365 3048 1446 3110 εἰς
1467 3047 1626 3100 αὐτὸν
1657 3047 1856 3118 ἐξέχεα
1887 3047 1985 3110 τὰς

402 3128 672 3199 εὐλογίας,
695 3130 766 3182 El
786 3130 995 3198 κύριον
1010 3129 1198 3184 αὐτὸν
1221 3130 1482 3198 ἐποίησά
1514 3147 1653 3186 σου.
1687 3132 1830 3202 Ὅρα
1867 3131 1986 3195 πῶς

403 3213 608 3276 εὐθέως
640 3212 748 3266 ἀπὸ
779 3211 968 3266 τούτου
1008 3212 1256 3283 ἄρχεται,
1288 3214 1384 3268 καὶ
1415 3214 1566 3270 οὐδὲν
1590 3215 1791 3286 ἕτερον·
1813 3214 1983 3284 λέγει,

403 3298 539 3351 ἀλλά
563 3298 663 3369 τὴν
695 3297 939 3351 δουλείαν
973 3298 1121 3369 αὐτῷ
1147 3299 1403 3371 σημαίνει
1427 3300 1522 3353 καὶ
1550 3301 1651 3371 τήν
1683 3301 1982 3372 ὐποταγήν·

385 3380 500 3438 ,καί
551 3397 735 3452 φησιν,
786 3383 857 3434 El
901 3381 1108 3448 κύριον
1162 3382 1350 3437 αὐτόν
1387 3381 1648 3450 ἐποίησὰ
1693 3399 1832 3447 σου,
1887 3383 1984 3437 καὶ

405 3464 638 3530 πάντας
678 3463 817 3530 τοὺς
856 3463 1159 3532 ἀδελφοὺς
1191 3466 1377 3521 αὐτοῦ
1415 3464 1674 3532 οἰκέτας,
1711 3467 1860 3534 σίτῳ
1887 3466 1986 3521 καὶ

405 3547 550 3614 οἴνῳ
581 3547 871 3616 ἐστήριξα
898 3547 1103 3603 αὐτόν·
1134 3549 1234 3603 σοὶ
1260 3548 1328 3602 δὲ
1362 3548 1419 3602 τί
1441 3549 1696 3615 ποιήσω,
1736 3549 1954 3604 τέκνον
1965 3566 1986 3615 ;

406 3632 574 3686 Οὐδὲν
595 3633 680 3686 ἐτε
691 3649 781 3704 ρον
809 3633 994 3688 λοιπὸν
1025 3632 1426 3686 ὑπολέλειπται·
1459 3635 1506 3686 εί
1532 3633 1800 3704 δεσπότην
1827 3633 1989 3687 αὐτὸν

405 3716 637 3787 ἐποίησά
674 3733 788 3778 σου,
838 3718 932 3770 καὶ
964 3715 1172 3780 πάντας
1209 3715 1373 3771 αὐτοῦ
1407 3716 1624 3781 οἰκέτας
1657 3719 1784 3780 τοὺς
1829 3717 1986 3770 ἀδελ-

405 3801 560 3869 sco-22;,
580 3801 673 3853 καὶ
689 3799 838 3873 [520]
859 3803 967 3856 τῶν
983 3801 1298 3869 ἀναγκαίων
1319 3800 1467 3872 αὐτῷ
1491 3802 1591 3874 τὴν
1612 3801 1874 3871 ἀφθονίαν
1891 3803 1988 3856 ἐπ-

403 3883 678 3956 ηὐξάμην,
705 3884 758 3938 τί
791 3883 976 3938 λοιπὸν
998 3883 1186 3955 ἕτερον
1216 3884 1462 3938 λείπεται
1482 3902 1496 3949 ;
1520 3882 1668 3940 Εἷπε
1691 3884 1760 3938 δὲ
1794 3885 1986 3941 Ἡσαῦ

406 3969 558 4037 πρὸς
604 3969 711 4023 τὸν
759 3969 987 4038 πατέρα
1031 3969 1238 4024 αὐτοῦ·
1289 3969 1386 4037 Μὴ
1430 3969 1677 4038 εὐλογία
1730 3970 1836 4037 μία
1884 3970 1988 4024 σοί

406 4051 558 4114 ἐστι,
587 4050 770 4120 πάτερ
787 4068 806 4117 ;
833 4053 1190 4122 Εὐλόγησον
1221 4051 1298 4119 δὴ
1330 4051 1500 4119 κάμέ.
1543 4052 1758 4124 Ἐπειδὴ
1783 4053 1984 4124 ῆκουσε

406 4133 502 4189 τοῦ
545 4134 746 4205 πατρὸς
801 4135 1068 4200 εἰπόντος,
1122 4135 1229 4189 Καὶ
1285 4137 1595 4205 εὐλόγησα
1641 4136 1846 4202 αὐτὸν,
1887 4136 1988 4190 καὶ

408 4216 813 4287 εὐλογημένος
853 4217 1045 4282 ἔσται,
1103 4212 1223 4271 εἶτα
1272 4221 1368 4273 καὶ
1414 4219 1514 4290 τὴν
1548 4219 1800 4288 εὐλογίαν
1839 4220 1988 4291 αὐτῷ

410 4303 590 4355 πᾶσαν
627 4301 793 4372 δήλην
837 4301 1080 4372 ἐποίησε,
1126 4301 1246 4356 τότε
1289 4303 1472 4371 φησὶν,
1521 4305 1877 4373 Εὐλόγησον
1909 4303 1989 4373 δὴ

410 4386 584 4454 κάμὲ,
611 4385 814 4454 πάτερ·
837 4385 924 4455 μὴ
962 4387 1072 4457 γὰρ
1109 4388 1220 4457 μία
1258 4387 1359 4440 σοί
1391 4388 1562 4442 ἐστιν
1589 4389 1867 4457 εὐλογία;
1897 4389 1988 4461 Μὴ

410 4472 520 4540 γάρ
543 4470 642 4540 οὐχ
677 4469 862 4533 ίκανδς
902 4469 965 4522 σὺ
1005 4470 1151 4540 κάμὲ
1169 4470 1401 4537 ἀξιῶσαι
1429 4474 1527 4542 τῆς
1549 4470 1699 4542 παρά
1727 4470 1820 4525 σοῦ
1848 4471 1989 4524 εὐλο-

411 4555 557 4623 γίας,
591 4555 682 4608 τὸν
713 4553 856 4606 οὖτω
880 4551 1032 4623 παρὰ
1065 4552 1158 4605 σοῦ
1186 4554 1564 4624 ἀγαπώμενον,
1594 4553 1685 4606 τὸν
1718 4555 1991 4624 πρωτότο-

413 4655 528 4701 κον,
558 4636 648 4691 τδν
675 4625 764 4690 διὰ
792 4636 890 4707 τὴν
916 4635 1087 4706 θήραν
1117 4637 1266 4707 παρά
1293 4637 1386 4690 σού
1413 4638 1814 4703 άποσταλέντα;
1855 4639 1991 4690 Συν-

413 4723 534 4792 έχεε
574 4720 661 4773 διὰ
691 4720 798 4772 τῶν
832 4719 1089 4789 ῥημάτων
1118 4719 1209 4773 τὸν
1239 4720 1472 4790 πατέρα.
1501 4720 1993 4789 Κατανυχθέντος

412 4805 544 4875 γὰρ,
589 4805 772 4876 φησὶν,
831 4802 1028 4857 Ἰσαὰκ
1070 4803 1368 4870 ἀνεϐόησε
1421 4803 1591 4872 φωνῇ
1645 4804 1847 4866 Ἠσαῦ,
1895 4804 1993 4858 καὶ

411 4891 737 4945 ἔκλαυσεν.
765 4884 886 4941 Εῐδε
915 4888 1008 4941 τὸν
1037 4887 1248 4959 πατέρα
1269 4889 1326 4944 ἐν
1357 4888 1635 4960 ἀμηχανίᾳ
1659 4889 1991 4962 ὐπάρχοντα,

411 4974 508 5029 καὶ
538 4974 599 5026 οὐ
626 4973 942 5042 δυνάμενον,
970 4971 1088 5024 οὐδὲ
1113 4971 1439 5042 ἀνεχόμενον
1465 4971 1767 5043 ἀνατρέψαι
1795 4972 1864 5024 τὰ
1891 4973 1992 5045 ῆδη

413 5055 694 5124 γεγονότα·
736 5055 832 5108 καὶ
860 5056 890 5108 6
930 5055 1027 5125 μὲν
1055 5056 1120 5125 τῇ
1155 5054 1248 5126 βοῇ
1291 5054 1383 5108 καὶ
1415 5054 1690 5124 κλαυθμὸν
1721 5055 1992 5126 προσέθη-

415 5156 531 5204 κεν,
589 5140 669 5202 είς
718 5138 939 5194 πλείονα
987 5139 1330 5209 συμπάθειαν
1381 5138 1607 5206 ἀγαγεῖν
1651 5139 1742 5191 τὸν
1783 5140 1996 5211 πατέρα

418 5222 756 5294 βουλόμενος.
784 5221 1073 5293 υίκτείρας
1094 5222 1150 5275 δὲ
1172 5221 1333 5278 αὐτὸν
1358 5223 1386 5275 6
1419 5222 1622 5284 Ἰσαὰκ,
1652 5218 1803 5277 εἶπεν
1823 5223 1992 5294 αὐτῷ·

427 5304 576 5360 Ἰδοὺ
621 5307 740 5361 ἀπὸ
790 5305 902 5374 τῆς
947 5306 1227 5374 πιότητος
1266 5304 1377 5374 τῆς
1424 5303 1535 5372 γῆς
1578 5305 1748 5358 ἔσται
1779 5306 1816 5373 ἡ
1855 5325 1996 5360 κατ-

380 5433 386 5438 .
418 5389 660 5456 οίκησίς
711 5406 847 5456 σου,
903 5389 1001 5443 καὶ
1045 5390 1163 5445 ἀπὸ
1199 5388 1306 5457 τῆς
1346 5389 1570 5458 δρόσου
1600 5389 1708 5443 τοῦ
1737 5391 1998 5458 οὐρανοῦ

417 5471 669 5537 ἄνωθεν,
708 5474 806 5529 καὶ
847 5474 947 5529 ἐπὶ
995 5472 1070 5542 τῇ
1111 5474 1378 5543 μαχαίρᾳ
1427 5489 1545 5527 σου
1587 5472 1761 5542 ζήσῃ,
1789 5472 1889 5528 καὶ
1919 5473 1999 5540 τῷ

419 5551 661 5621 ἀδελφῷ
693 5568 807 5607 σου
840 5555 1215 5620 δουλεύσεις·
1242 5554 1413 5608 ἔσται
1441 5553 1509 5607 δὲ
1546 5554 1726 5620 ἡνίκα
1750 5553 1829 5609 ἂν
1857 5557 1998 5608 καθ-

420 5631 570 5700 έλῃς
599 5631 698 5685 καί
722 5633 994 5702 ἐκλύσης
1023 5633 1131 5688 τὸν
1155 5632 1332 5702 ζυγὸν
1364 5635 1549 5689 αὐτοῦ
1574 5637 1692 5690 ἀπὸ
1732 5634 1840 5689 τοῦ
1868 5651 2001 5701 τρα-

421 5710 620 5783 χήλου
645 5728 780 5766 σου.
816 5713 1051 5782 Ἐπειδὴ.
1077 5713 1232 5784 φησὶ,
1271 5714 1364 5767 καὶ
1391 5714 1552 5776 αὐτὸς
1579 5715 1676 5784 τῆς
1701 5715 1832 5783 παρ’
1865 5713 1998 5782 ἐμοῦ

427 5791 676 5862 εὐλογίας
711 5792 1016 5845 ἀπολαῦσαι
1058 5793 1363 5862 ἐπιθυμεῖς,
1388 5793 1624 5862 μάνθανε
1651 5795 1735 5846 ὅτι
1761 5794 1861 5864 οὐχ
1886 5789 1999 5848 οἶόν

488 5877 514 5909 ⁸
532 5878 796 5951 βειπηες.
828 5886 877 5928 οι
901 5879 1011 5928 Sav.
1040 5879 1374 5939 πρωτοτόκων.
1411 5877 1583 5930 Morel.
1611 5878 1790 5929 melius
1813 5893 1998 5941 πρωτο-

433 5951 631 5990 τοκιων.

1105 264 1163 320 S.
1201 261 1485 322 JOANNIS
1521 259 1998 321 CHRYSOSTOMI
2034 261 2356 320 ARCHIEP.
2394 259 2943 324 CONS'I'ANTINOP.
3595 269 3676 322 $70

2089 393 2149 446 τέ
2175 410 2242 464 με
2271 395 2490 449 ἐναντία
2514 399 2580 469 τῇ
2603 396 2699 450 τοῦ
2729 397 2865 451 Θεοῦ
2880 396 3073 469 γνώμῃ
3094 395 3558 470 διαπρξασθαι·

2087 475 2182 531 καὶ
2203 477 2287 530 σοὶ
2319 478 2420 548 μὲν
2447 480 2749 551 ἐπεύχομαι
2775 482 2876 550 τὴν
2903 481 3010 534 ἀπὸ
3038 481 3139 552 τῆς
3161 481 3376 552 δρόσου
3418 479 3526 532 τοῦ
3546 481 3679 549 οὐρα·

2085 558 2180 612 νοῦ
2205 560 2527 615 ἀπόλαυσιν·
2547 562 2656 616 ίσθι
2683 562 2742 616 δὲ
2767 561 2975 632 μέλλων
2999 563 3309 634 πολεμικὸν
3330 562 3682 628 ἀναδέξαήα

2089 639 2223 710 βίον·
2275 643 2405 696 Ἐπὶ
2458 643 2536 712 τῇ
2579 645 2846 714 μαχαίρᾳ
2887 646 2996 715 γάρ
3039 663 3156 701 σου
3211 645 3428 715 ζήσῃ,
3489 647 3588 698 καί
3625 647 3680 711 τᾷ

2087 722 2324 793 ἀδελφῷ
2353 739 2471 780 σου
2496 726 2876 793 δουλεύσεις.

2157 813 2218 858 ε’.
2237 806 2398 860 Ἀλλά
2419 807 2610 878 μηδεὶς
2627 809 2841 862 ἀκούων
2854 809 3026 864 ταῦτα
3044 809 3218 876 ξενιζέ
3227 810 3377 873 σθω,
3397 807 3558 880 ὁρῶν
3571 815 3685 878 μετέ

2085 889 2260 942 ταῦτα
2295 891 2388 945 τὸν
2425 890 2652 961 ἀδελφὺν
2693 893 2902 964 ἀλήτην
2933 895 3226 965 γενόμενον
3281 893 3386 947 διὰ
3417 891 3520 945 τὸν
3559 894 3684 961 παρὰ

2085 971 2274 1026 τούτου
2302 972 2489 1043 φόϐον,
2511 973 2605 1027 καὶ
2626 975 2706 1037 είς
2725 975 2824 1044 τὴν
2846 975 3131 1047 ἀλλοτρίαν
3151 977 3568 1046 ἐπειγόμενον,
3600 992 3680 1044 μη-

2083 1057 2142 1112 δὲ
2165 1060 2277 1122 τοῖς
2306 1059 2613 1130 προοιμίοις
2633 1059 2934 1130 προσέχων,
2953 1061 3225 1129 νομιζέτω
3251 1059 3595 1114 διαπίπτειν
3608 1061 3678 1129 τήι

2086 1141 2409 1214 πρόρρησιν.
2445 1143 2611 1196 Ὅταν
2641 1141 2752 1214 γάρ
2780 1144 2810 1197 6
2829 1145 3107 1214 Δεσπότης
3132 1162 3187 1199 τι
3223 1144 3691 1214 ὐειτεόινκνγται,κᾶε.¹

2083 1225 2303 1279 ἐναντία
2343 1225 2451 1279 τῶν
2486 1225 2835 1296 ὑποσχέσεων
2880 1227 3078 1298 ίδωμεν
3109 1231 3168 1282 ἐν
3213 1232 3342 1292 τοῖς
3385 1230 3680 1299 προοιμίοις

2085 1307 2425 1371 ἐκϐαίνοντα,
2459 1309 2534 1380 μὴ
2567 1308 2949 1381 θορυϐὠμεθα·
2977 1311 3036 1364 οὐ
3061 1311 3170 1383 γὰρ
3196 1309 3323 1366 οἷόν
3343 1312 3421 1365 τέ
3448 1328 3585 1363 ποτε
3607 1312 3682 1379 μέ-

2085 1407 2178 1461 χρι
2207 1391 2394 1456 τέλους
2421 1390 2762 1464 διαμαρτεῖν.
2786 1393 2958 1448 Τοῦτο
2974 1394 3030 1448 δὲ
3057 1395 3298 1464 γίνεται,
3335 1396 3439 1449 ἴνα
3462 1395 3682 1464 λαμπρό-

2084 1491 2231 1544 τεροι
2266 1473 2354 1528 διὰ
2387 1475 2602 1528 πάντων
2629 1476 2680 1528 οί
2704 1476 2903 1530 δίκαιοι
2934 1477 3307 1546 δεικνύμενοι,
3341 1479 3462 1549 τήν
3493 1495 3682 1548 περιου-

2086 1555 2206 1609 σίαν
2236 1557 2338 1627 τῆς
2372 1555 2468 1611 τοῦ
2509 1557 2645 1611 Θεοῦ
2685 1558 2969 1630 δυνάμεως
2997 1560 3313 1631 κατάδηλον
3344 1561 3498 1631 ἡμῖν
3535 1559 3680 1613 ἄεσα

2082 1639 2335 1708 γενέσθαι
2386 1640 2867 1711 παρασκευάσωσι.
2899 1643 3013 1697 Καὶ
3057 1644 3144 1712 ἐφ’
3181 1643 3448 1697 ἐκάστου
3486 1642 3595 1696 τῶν
3620 1643 3680 1694 διο

2083 1723 2255 1776 καίων
2281 1721 2442 1776 τοῦτο
2485 1723 2760 1794 εὑρήσεις,
2806 1726 2855 1779 εί
2907 1725 3234 1797 βουληθείης
3283 1729 3534 1789 ἁπάσας
3565 1728 3680 1798 μετὰ

2082 1805 2368 1876 ἀκριϐείας
2394 1807 2631 1860 κατιδεῖν
2657 1807 2756 1872 τὰς
2793 1809 3053 1881 ίστορίας,
3083 1811 3112 1862 ὃ
3146 1810 3211 1881 δὴ
3251 1811 3354 1863 καὶ
3392 1808 3502 1863 νῦν
3540 1812 3677 1877 γεγέο

2081 1904 2260 1957 νηται.
2302 1888 2394 1960 Μὴ
2425 1888 2532 1962 γάρ
2562 1889 2626 1962 δὴ
2648 1889 2808 1944 τοῦτο
2838 1891 2976 1962 ίδης,
3001 1893 3082 1946 ὅτι
3117 1892 3214 1947 νῦν
3254 1892 3486 1955 εὐθέως
3526 1893 3678 1962 φυγᾶς

2082 1971 2310 2039 ἐγίνετο,
2342 1971 2480 2040 ἀλλά
2512 1973 2610 2043 τῆν
2651 1973 2789 2044 μετά
2823 1973 2994 2027 ταῦτα
3027 1975 3412 2045 περιφάνειαν
3461 1976 3677 2042 λογίζου,

2082 2053 2178 2106 καὶ
2198 2053 2279 2106 ὅτι
2297 2051 2389 2106 τοῦ
2410 2053 2604 2123 χρόνου
2627 2055 3075 2127 παραδραμόντος
3103 2056 3276 2120 αὐτὸς
3303 2052 3480 2120 οὗτος
3502 2059 3530 2111 6
3550 2057 3676 2125 φοϐέο

2084 2136 2176 2205 ρὺς
2199 2135 2346 2206 αὐτῷ
2373 2135 2613 2205 γεγονὼς
2639 2137 2910 2208 τοσαύτην
2938 2139 3066 2208 mp1
3088 2139 3270 2192 ἀὐτὸν
3305 2140 3674 2194 ἐπιδείκνυται

2082 2221 2182 2290 τὴν
2213 2219 2365 2284 αίδὼ,
2400 2221 2495 2274 καὶ
2518 2221 2601 2274 ὅτι
2639 2223 2720 2285 εἰς
2746 2221 3014 2292 τοσαύτην
3045 2219 3176 2294 ἦλθε
3206 2223 3390 2287 δόξαν
3427 2225 3572 2293 μετά
3595 2227 3673 2294 τῇ

2083 2303 2176 2356 ἐπὶ
2219 2305 2319 2374 τῆς
2361 2300 2517 2373 ξένης
2565 2302 2954 2376 ταλαιπωρίαν,
2983 2305 3060 2367 ὡς
3087 2306 3183 2359 καὶ
3231 2310 3374 2370 τοὺς
3424 2306 3491 2372 ἐξ
3531 2308 3671 2360 uim-5

2080 2384 2370 2454 τεχθέντας
2391 2387 2470 2450 είς
2497 2385 2725 2458 ἄπειρον
2757 2385 2962 2455 πλῆθος
2985 2388 3310 2458 ἐκταθῆναι,
3345 2391 3456 2443 καὶ
3485 2390 3571 2443 διὰ
3594 2395 3676 2460 τῆς

2080 2467 2273 2541 τούτου
2303 2468 2676 2541 προσηγορίας
2699 2469 2846 2524 ἆπαν
2875 2469 2937 2523 τὸ
2961 2470 3110 2534 ἔθνος
3137 2472 3672 2543 χαρακτηρίζεσθιι.

2082 2553 2221 2606 Νυνὶ
2257 2552 2313 2606 δὲ
2345 2551 2672 2607 διδάσκουσα
2696 2553 2844 2624 ἡμᾶς
2879 2555 2912 2624 ή
2944 2553 3063 2607 θεία
3086 2554 3288 2627 Γραφὴ
3318 2556 3432 2609 τοῦ
3463 2557 3672 2624 ἀδελφοῦ

2079 2637 2171 2690 τὸν
2196 2636 2386 2708 θυμὸν,
2423 2636 2517 2692 καὶ
2549 2637 2630 2690 δτι
2666 2637 2804 2709 πρὸς
2831 2637 2991 2706 φόνον
3023 2638 3336 2703 ἀπέϐλεπε,
3389 2640 3553 2711 φησί·
3583 2643 3673 2694 Kal

2081 2719 2343 2774 ἐνεκότει
2375 2718 2560 2774 Ἠσαῦ
2599 2718 2684 2784 τῷ
2714 2718 2916 2774 Ἰακὼϐ
2940 2719 3072 2789 περὶ
3100 2720 3213 2789 τῆς
3246 2723 3577 2791 εὐλογίας,
3615 2719 3675 2793 ἧς

2083 2803 2436 2872 ηὐλόγησεν
2458 2803 2646 2857 αὐτόν
2674 2804 2708 2857 ό
2737 2803 2934 2873 πατὴρ
2965 2803 3173 2858 αὑτοῦ.
3218 2805 3335 2858 Καὶ
3371 2806 3469 2859 ἵνα
3511 2809 3674 2877 μάθω-

2085 2904 2206 2957 μεν,
2253 2887 2335 2941 ὄτι
2381 2887 2478 2957 οὐχ
2516 2886 2700 2951 ἁπλῶς
2733 2886 2870 2958 ὀργὴ
2901 2883 2969 2958 ῆν
2999 2886 3341 2960 πρόσκαιρος
3388 2889 3575 2955 τοῦτο,
3605 2891 3675 2944 διὰ

2081 2971 2184 3038 τῆς
2232 2969 2430 3034 λέξεως
2479 2971 2752 3040 ἐσήμανεν
2805 2970 2937 3040 ημῖν
2987 2969 3090 3040 τῆς
3134 2971 3344 3035 κακίας
3382 2973 3562 3026 αὐτοῦ
3594 2975 3677 3044 τὴν

2084 3054 2410 3126 ὑπερϐολήν.
2449 3054 2740 3108 Ἐνεκότει
2760 3053 2893 3126 γὰρ,
2915 3055 3099 3126 φησὶν,
3121 3054 3246 3109 ἀντὶ
3269 3055 3401 3119 τοῦ,
3427 3057 3674 3118 ἐνέκειτο,

2083 3138 2370 3209 ἐπέμενεν.
2405 3135 2483 3201 ὡς
2514 3137 2609 3191 καὶ
2640 3135 2728 3190 διὰ
2760 3137 2870 3192 τῶν
2901 3137 3164 3208 ῥημάτων
3189 3137 3292 3209 τὴν
3329 3141 3397 3192 ἐν
3425 3140 3514 3211 τῷ
3543 3141 3677 3209 βάθει

2084 3218 2466 3293 κρυπτομένην
2487 3217 2712 3290 γνώμην
2735 3219 2973 3291 φανεράν
2993 3223 3361 3293 καταστῆσαι.
3391 3220 3551 3277 Εἴπε
3564 3227 3678 3292 γὰρ.

2085 3304 2272 3373 φησιν,
2323 3303 2396 3357 ἐν
2438 3301 2514 3372 τῇ
2555 3302 2815 3371 διανοίᾳ·
2862 3303 3311 3373 Ἐγγισάτωσαν
3367 3309 3436 3359 αι
3477 3309 3678 3376 ἡμέραι

2084 3388 2191 3442 τοῦ
2227 3386 2488 3454 πένθους
2518 3387 2626 3442 τοῦ
2647 3389 2874 3455 πατρός
2891 3405 3033 3456 μου,
3067 3388 3170 3442 ἵνα
3197 3388 3563 3444 ἀποκτείνω
3595 3392 3678 3445 ‘la-

2085 3471 2210 3526 κὼϐ
2237 3472 2346 3526 τόν
2376 3471 2647 3540 ἀδελφόν
2665 3487 2800 3541 μου.
2831 3470 3040 3533 Ὄντως
3072 3469 3183 3541 ἀρα
3217 3472 3316 3524 καὶ
3346 3473 3469 3527 τῶν
3505 3491 3679 3544 pam-

2089 3555 2265 3623 μένων
2289 3553 2468 3608 αὐτῶν
2504 3553 2606 3606 οὐκ
2651 3552 2873 3607 ἔλαττον
2908 3554 2937 3606 6
2971 3552 3314 3624 θυμούμενος
3351 3559 3675 3628 παραπαίει.

2086 3637 2290 3692 Σκόπει
2322 3635 2474 3708 [521]
2503 3635 2634 3707 γὰρ,
2675 3636 2826 3700 ὅπως
2854 3634 3102 3707 καθάπερ
3144 3637 3272 3700 τοὺς
3313 3639 3678 3709 μαινομένους

2085 3722 2115 3774 ὁ
2155 3720 2364 3792 δαίμων
2413 3720 2620 3782 ἐκεῖνος
2671 3716 2998 3773 ἐπεισελθὼν
3037 3717 3311 3789 ἔκφρονας
3364 3720 3679 3792 ἐργάζεται,

2088 3805 2184 3858 καὶ
2218 3802 2437 3858 ἐναντία
2457 3805 2568 3865 τοῖς
2591 3801 2889 3872 δρωμένοις
2915 3801 3346 3873 διαπράττεσθαι
3374 3805 3676 3858 autumat.

2088 3890 2164 3942 Οὐ
2195 3887 2303 3960 γάρ
2340 3887 2539 3958 δρῶσιν
2572 3884 2762 3954 ὐγιῶς,
2797 3883 2920 3938 οὐτε
2953 3885 3141 3956 ἕτερόν
3172 3904 3225 3940 τι
3254 3887 3678 3959 διαπράττονται

2087 3970 2197 4024 τῶν
2219 3970 2526 4042 χρησίμων,
2554 3967 2690 4022 ἀλλά
2722 3967 2970 4039 καθάπερ
2989 3968 3088 4032 τάς
3109 3967 3402 4040 αίσθήσεις
3431 3988 3682 4042 nem-‘9»

2092 4055 2265 4124 μένοι,
2330 4053 2423 4106 καὶ
2473 4051 2537 4105 τὸ
2602 4051 2938 4122 διακριτικὸν
3000 4051 3443 4122 διαφθείραντες,
3519 4054 3681 4115 οὕτως

2091 4137 2304 4193 ἅπαντα
2331 4133 2670 4208 ἐργάζονται.
2697 4133 2853 4188 Οὕτω
2877 4135 2970 4188 καὶ
3007 4136 3054 4188 οί
3083 4135 3450 4205 θυμούμενοι,
3480 4138 3548 4190 οὐ
3568 4140 3682 4199 :55;

2091 4222 2363 4291 παρόντας
2397 4218 2870 4287 ἐπιγινώσκουσιν,
2902 4217 2962 4270 οὐ
2996 4218 3316 4285 συγγενείας
3349 4219 3680 4290 μέμνηνται,

2089 4303 2151 4357 οὐ
2180 4303 2382 4373 φιλίας,
2419 4302 2482 4355 οὐ
2515 4299 2826 4371 συνηθείας,
2861 4300 2960 4353 οὐκ
2999 4299 3334 4370 ἀξιώματος,
3381 4303 3490 4355 οὐκ
3531 4304 3682 4357 ἄλλα.»

2091 4387 2234 4452 τινὸς
2269 4385 2477 4439 ἔννοιαν
2511 4382 2901 4454 λαμϐάνουσιν,
2934 4382 3050 4436 ἀλλ’
3086 4383 3198 4437 ὅλοι
3239 4383 3350 4438 ὐπὸ
3378 4385 3482 4437 τοῦ
3517 4386 3681 4457 θυμοῦ

2089 4467 2510 4543 τυραννούμενοι
2533 4467 2671 4521 κατά
2691 4467 2949 4539 κρημνῶν
2973 4469 3247 4538 φέρονται.
3275 4468 3345 4522 Τί
3380 4464 3482 4522 οὖν
3515 4469 3581 4523 ἂν
3604 4474 3681 4537 εἴη

2089 4556 2198 4609 τῶν
2222 4553 2479 4608 τοιούτων
2509 4551 2888 4622 ἐλεεινότερον,
2918 4552 3046 4605 ὅταν
3074 4552 3293 4616 ἁλόντες
3319 4553 3429 4605 ὐπδ
3458 4553 3561 4606 τοῦ
3590 4556 3684 4607 πά-

2094 4638 2241 4702 θους,
2278 4637 2372 4691 καὶ
2401 4634 2734 4706 αἰχμάλωτοι
2754 4633 3057 4704 γενόμενοι,
3095 4635 3188 4687 καὶ
3223 4635 3364 4705 πρὸς
3401 4637 3573 4703 φόνον
3597 4637 3682 4688 ἐπ-

2095 4722 2365 4790 είγονται;
2396 4719 2494 4771 Διά
2537 4717 2693 4770 τοῦτο
2737 4719 2766 4770 6
2811 4717 3079 4788 μακάριος
3121 4717 3337 4781 Παῦλος
3388 4720 3500 4790 τὴν
3537 4721 3683 4790 ῥίζαν

2094 4804 2410 4860 ἀποσπάσαι
2435 4801 2756 4872 βουλόμενος
2795 4799 2889 4852 τοῦ
2930 4798 3123 4853 κακοῦ.
3151 4800 3385 4871 γράφων
3427 4803 3682 4873 παρῄνει,

2093 4888 2235 4942 οὕτω
2255 4887 2452 4955 λέγων,
2485 4883 2659 4940 Πᾶσα
2682 4881 2828 4952 ὀργὴ
2854 4883 2954 4936 καὶ
2987 4883 3174 4952 θυμὸς
3202 4884 3299 4937 καὶ
3332 4888 3577 4954 κραυγὴ
3601 4889 3684 4953 ἁρ-

2094 4974 2251 5038 θήτω
2281 4972 2381 5040 ἀφ’
2409 4968 2578 5039 ὑμῶν
2613 4966 2737 5020 σὺν
2761 4966 2929 5035 πάσῃ
2957 4968 3153 5035 κακίᾳ.
3185 4969 3259 5022 Οὐ
3295 4969 3491 5038 μόνον,
3528 4973 3674 5040 φησι,

2095 5055 2398 5129 θυμοῦσθαι
2444 5053 2588 5123 ὑμᾶς
2628 5051 2689 5106 οὐ
2736 5049 3016 5120 βούλομαι,
3060 5050 3181 5103 οὐδὲ
3229 5052 3302 5123 μὴ
3336 5052 3682 5122 ὀργίζεσθαι,

2096 5140 2232 5195 ἀλλά
2264 5138 2400 5210 μηδέ
2431 5138 2569 5208 μετά
2599 5137 2847 5206 κραυγῆς
2884 5137 2998 5197 τοῖς
3038 5135 3263 5204 πλησίον
3306 5135 3680 5204 διαλέγεσθαι,

2097 5225 2347 5298 κραυγὴν
2375 5220 2608 5275 ἐνταῦθα
2641 5219 2836 5287 λέγων,
2863 5219 2963 5288 τὴν
2991 5219 3096 5271 ὐπὸ
3116 5217 3213 5271 τοῦ
3256 5218 3438 5288 θυμοῦ
3471 5219 3682 5288 γινομέ-

2098 5326 2216 5380 νην.
2251 5308 2420 5359 Ὅταν
2447 5303 2556 5375 γὰρ
2584 5303 2644 5356 τὸ
2679 5303 2847 5366 πάθος
2877 5301 3088 5356 ἔνδοθεν
3129 5301 3501 5371 διεγείρηται,
3542 5304 3680 5367 καλή

2100 5401 2297 5477 καρδία
2344 5398 2572 5470 οἱδαίνῃ,
2616 5397 2717 5449 οὐκ
2770 5395 2850 5448 ἔτι
2899 5395 3084 5448 λοιπὸν
3141 5396 3174 5463 ἡ
3227 5393 3459 5461 γλῶσσα
3512 5397 3681 5464 ἡρέμα

2101 5493 2436 5566 φθέγγεσθαι
2462 5489 2736 5561 ἀνέχεται,
2766 5487 2903 5542 ἀλλά
2932 5488 3030 5560 τῆν
3060 5487 3299 5541 διάθεσιν
3332 5487 3436 5557 τῆς
3466 5489 3684 5558 uulgaria;

2101 5587 2437 5659 ἐμφαίνουσα
2457 5625 2472 5649 ,
2508 5582 2644 5654 μετά
2673 5581 2920 5653 κραυγῆς
2962 5580 3042 5650 τῷ
3083 5579 3307 5650 πλησίον
3340 5577 3681 5649 διαλέγεσθαι

2103 5678 2534 5752 παρασκευάζει.
2588 5675 2918 5745 Βουλόμενος
2979 5670 3073 5729 οὗν
3123 5677 3183 5728 ἐν
3224 5675 3444 5752 γαλήνῃ
3485 5676 3682 5741 διάγειν

2101 5749 2340 5835 διηνεκεῖ
2365 5763 2489 5824 τοὺς
2515 5758 2664 5829 αὐτῴ
2688 5757 3042 5828 πειθομένους
3060 5760 3089 5809 6
3117 5749 3393 5829 μακάριος
3415 5754 3594 5821 οὗτος,
3614 5757 3679 5807 εἰ·

2109 5848 2246 5910 πὼν,
2279 5843 2452 5899 Πᾶσα
2481 5841 2652 5912 ὀργὴ,
2701 5841 2868 5907 ἔδειξε
2891 5842 2945 5895 τί
2991 5844 3110 5895 ἐστι
3132 5840 3309 5897 Πᾶσα
3339 5841 3517 5912 ὁρτὴ,
3541 5843 3572 5910 ἡ
3598 5840 3676 5904 ἀφ’

2108 5933 2223 5988 οἵου
2253 5929 2318 6002 δή
2347 5945 2474 5982 ποτε
2506 5928 2827 6000 πράγματος
2872 5928 3186 5998 κινουμένη’
3216 5927 3315 5981 καὶ
3356 5930 3469 5992 πᾶς
3510 5925 3673 5994 θυμὸς

3011 6223 3026 6226 -
3173 6222 3206 6226 ﬁ
3317 6223 3340 6226 —
3430 6223 3478 6230 ——
3536 6221 3590 6232 ἡ
3618 6221 3625 6223 -

3686 6203 3728 6224 ...Α
