3782 6254
185 307 305 364 669

179 423 423 478 benedixi
446 439 577 488 eum,
610 430 656 477 et
683 422 749 477 sit
771 420 1071 476 benedictus.
1100 402 1215 474 illoc
1236 428 1415 475 autem
1444 419 1671 477 faciebat
1692 422 1777 491 ju-

178 524 329 581 stus,
359 514 616 584 sapientia
662 513 753 568 Dei
794 512 933 569 illius
980 514 1207 583 linguam
1244 515 1540 585 dirigente,
1569 521 1628 568 ut
1654 528 1777 569 cum

184 605 285 659 ille
315 606 493 659 omnia
521 605 803 675 diligenter
825 604 1135 669 didicisset,
1176 606 1318 661 scire
1365 613 1545 675 posset
1573 604 1704 659 nihil
1729 606 1777 660 ei

179 694 405 763 profore
433 696 516 749 vel
549 694 1039 764 primogenifuram,
1065 695 1150 750 vel
1171 696 1527 751 venationem.
1553 695 1643 750 34.
1672 694 1778 747 An-

178 786 313 842 Jitis
346 786 659 843 sermonibus
692 787 871 856 patris,
902 786 1043 841 Esaii
1083 788 1318 841 clamavit
1358 803 1478 842 voce
1508 804 1696 859 magna
1734 796 1781 841 et

176 879 391 932 acerba.
430 876 567 945 Quid
598 887 723 944 est,
771 875 898 931 Voce
923 893 1107 947 magna
1134 886 1182 931 et
1207 878 1424 933 acerba?
1458 878 1779 949 Indignatio-

180 984 318 1024 nem
363 967 682 1039 significavit
723 982 821 1038 per
859 968 1101 1035 verbum,
1128 976 1186 1025 et
1224 970 1356 1024 iram
1399 984 1644 1041 magnam
1676 984 1779 1039 qua

178 1072 484 1114 succensus
506 1067 592 1113 est
628 1073 749 1113 cum
781 1057 896 1113 haec
920 1057 1215 1114 didicisset.
1246 1055 1316 1113 Et
1339 1059 1497 1125 dixit,
1524 1058 1744 1114 Benedic
1762 1099 1780 1124 ,

179 1150 419 1216 obsecro,
443 1158 616 1215 etme,
649 1160 810 1218 pater.
848 1148 939 1205 55.
978 1147 1124 1203 Dixit
1147 1158 1314 1203 autem
1344 1150 1429 1205 ei:
1455 1148 1642 1204 Frater
1664 1158 1783 1204 tuus

182 1242 327 1296 venit
352 1256 467 1295 cum
506 1240 646 1306 dolo,
680 1248 729 1294 et
764 1240 956 1310 accepit
994 1240 1383 1296 benedictionem
1413 1249 1572 1295 tuam.
1602 1238 1772 1305 Prior,

181 1330 385 1401 lnquit,
422 1329 588 1385 frater
620 1338 741 1385 tuus
774 1329 1196 1385 benedictionem
1225 1346 1438 1386 omnem
1465 1329 1694 1386 ubertim
1722 1338 1777 1385 et

180 1421 409 1490 copiose
433 1420 681 1490 abripuit.
717 1418 787 1477 Et
806 1427 864 1476 ut
879 1420 1026 1479 scias
1035 1414 1565 1491 supernamgratiam
1588 1420 1657 1477 ad
1676 1420 1779 1476 hoc

184 1509 359 1564 fuisse
384 1518 721 1578 cooperatatn
741 1549 757 1577 ,
802 1517 862 1564 ut
898 1508 1073 1579 justus
1109 1509 1464 1580 deciperetur,
1491 1510 1613 1566 vide
1642 1523 1780 1581 quo-

185 1598 359 1654 modo
384 1599 499 1668 ipse
528 1598 630 1653 hoc
654 1598 881 1654 fateatur
903 1598 1088 1654 dicens
1115 1615 1130 1653 :
1171 1598 1318 1655 Venit
1346 1600 1506 1671 frater
1524 1610 1641 1655 tuus
1664 1617 1779 1655 cum

185 1691 318 1745 dolo
339 1705 359 1744 :
380 1690 531 1761 quasi
560 1700 779 1747 excuset
805 1706 865 1748 se
892 1692 1031 1763 apud
1068 1692 1231 1748 filium
1254 1735 1271 1760 ,
1310 1702 1366 1749 et
1407 1693 1555 1749 illum
1592 1694 1781 1751 doceat

186 1782 402 1848 dicens,
443 1781 696 1851 ignorans
722 1782 797 1836 illi
824 1782 1225 1839 benedictiones
1250 1782 1506 1854 impendi,
1531 1792 1587 1840 et
1621 1798 1778 1855 para-

187 1882 284 1929 tus
311 1887 459 1929 eram
501 1872 594 1928 tibi
629 1888 723 1929 cas
763 1874 943 1945 largiri
971 1892 986 1929 :
1013 1874 1108 1930 sed
1133 1875 1224 1931 ille
1261 1874 1403 1931 Venit
1426 1892 1541 1930 cum
1569 1876 1710 1941 dolo,
1732 1885 1781 1930 et

186 1964 390 2033 accepit
417 1964 809 2019 benedictionem
829 1974 967 2020 tuam
984 1984 1004 2031 ;
1024 1981 1145 2036 quae
1164 1966 1259 2023 tibi
1284 1977 1578 2038 praeparata
1604 1978 1775 2034 erant,

188 2054 290 2109 ille
314 2054 587 2125 praeripuit
612 2073 627 2109 :
654 2069 761 2109 non
788 2054 890 2111 hoc
913 2070 1033 2111 mea
1056 2056 1212 2126 culpa
1240 2056 1563 2114 factum'est.
1590 2059 1679 2115 '56.
1709 2058 1777 2113 Et

188 2148 349 2215 dixit,
376 2148 583 2219 inquit,
612 2146 756 2204 Esau
782 2163 801 2203 :
824 2149 979 2205 Recte
1004 2158 1230 2203 vocatum
1251 2159 1324 2204 est
1352 2166 1534 2205 nomen
1556 2156 1665 2219 ejus
1688 2150 1784 2203 .Ia-

188 2238 323 2305 cob;
343 2239 682 2309 supplantat-it
709 2240 840 2294 enim
868 2256 945 2293 me
961 2241 1075 2310 jam
1100 2241 1318 2295 secundo
1340 2255 1360 2295 :
1383 2251 1431 2296 et
1450 2242 1783 2313 primogenita

191 2347 312 2385 mea
336 2333 553 2397 tulerat,
578 2342 624 2385 et
647 2349 778 2386 nunc
802 2333 993 2402 accepit
1022 2332 1414 2387 benedictionem
1442 2350 1624 2388 meam.
1664 2332 1782 2389 Non

190 2409 254 2477 in
285 2436 501 2490 vanum,
526 2422 714 2493 inquit,
746 2439 939 2480 nomen
962 2425 1071 2480 hoc
1094 2423 1310 2480 sortitus
1337 2436 1416 2480 est
1443 2425 1783 2495 :supplanta-

190 2516 398 2571 tionem
416 2515 560 2571 enim
581 2516 985 2587 interpretamur
1000 2532 1193 2573 nomen
1213 2517 1328 2587 ejus
1344 2516 1451 2589 (a):
1478 2516 1529 2572 id
1544 2517 1684 2587 quod
1698 2515 1783 2573 hic

193 2606 253 2661 in
279 2621 366 2660 me
384 2606 691 2671 declaravit,
716 2616 769 2661 et
793 2608 1205 2678 primogenitum
1228 2617 1283 2663 et
1300 2608 1671 2663 benedictione
1694 2621 1782 2663 me

195 2698 436 2767 privans.
474 2697 609 2763 Quid
643 2698 799 2767 igitur
817 2698 883 2753 ad
916 2698 1062 2753 Isaac
1089 2698 1230 2753 Esaia
1256 2715 1269 2752 :
1300 2697 1422 2753 Non
1448 2700 1710 2753 reseruasti
1734 2709 1782 2753 et

194 2787 327 2840 mihi
354 2788 761 2854 benedictionem,
785 2790 963 2859 pater?
985 2789 1074 2843 57.
1099 2789 1378 2859 Respondit
1412 2798 1578 2843 autem
1606 2788 1779 2854 Isaac,

193 2888 245 2932 et
271 2878 403 2932 dixit
428 2879 569 2933 Esau
595 2895 613 2933 :
641 2880 814 2944 Disce,
842 2880 1029 2949 inquit,
1057 2880 1199 2950 quod
1234 2895 1423 2935 omnes
1456 2879 1783 2935 benedictio-

193 2984 301 3023 ποθ
331 2968 385 3024 in
414 2984 537 3025 eum
562 2969 746 3035 effudi,
774 2970 901 3025 Cum
937 2987 1050 3024 eum
1088 2970 1291 3041 fecerim
1329 2971 1590 3025 dominum
1616 2980 1778 3023 tuum.

197 3059 338 3115 Vide
356 3059 624 3130 quomodo
649 3062 827 3116 statim
853 3063 920 3115 ab
950 3061 1050 3116 hoc
1078 3060 1370 3127 exorditur,
1396 3069 1452 3117 et
1479 3060 1611 3116 nihil
1637 3060 1781 3116 aliud

194 3151 249 3207 ei
276 3166 437 3222 quam
462 3152 770 3207 servitutem
798 3153 1058 3222 significat
1086 3162 1141 3208 et
1164 3152 1546 3223 subjectionem
1572 3169 1585 3205 :
1614 3167 1677 3207 ac
1702 3151 1784 3206 di-

192 3242 275 3297 cit
301 3260 314 3295 :
337 3242 397 3296 Si
422 3258 536 3295 eum
574 3242 671 3314 feci
709 3243 967 3297 dominum
1002 3254 1161 3309 tuum,
1187 3253 1236 3298 et
1259 3259 1430 3299 omnes
1464 3248 1645 3315 fratres
1671 3244 1782 3314 ejus

192 3347 387 3398 seruos,
409 3331 658 3400 frumento
692 3342 739 3386 et
772 3333 886 3387 vino
914 3333 1129 3387 stabilivi
1163 3349 1277 3388 eum
1300 3350 1319 3389 :
1345 3334 1433 3389 tibi
1468 3346 1637 3389 autem
1661 3334 1783 3405 quid

197 3423 411 3494 faciam,
434 3423 548 3491 liti?
568 3422 709 3477 Nihil
736 3424 875 3478 aliud
902 3425 1038 3479 ultra
1065 3426 1305 3480 relictum
1325 3434 1410 3481 est
1430 3444 1444 3481 :
1466 3441 1587 3482 cum
1608 3424 1784 3481 domi-

195 3531 329 3570 num
355 3531 477 3571 eum
508 3516 717 3571 fecerim
745 3524 915 3583 tuum,
942 3529 996 3572 et
1023 3533 1209 3573 omnes
1232 3517 1423 3574 fratres
1450 3519 1696 3587 famulos,
1728 3527 1785 3575 et

193 3621 381 3660 rerum
407 3620 822 3662 necessariarum
851 3610 1143 3664 ubertatem
1174 3619 1418 3679 precatus
1437 3611 1486 3667 ei
1512 3612 1635 3679 sim,
1653 3612 1780 3681 quid

194 3697 505 3751 alind‘ultra
532 3697 773 3753 relictum
802 3700 921 3753 est?
950 3699 1037 3755 58.
1062 3699 1202 3754 Dixit
1226 3711 1391 3755 autem
1429 3701 1568 3756 Esar't
1594 3704 1662 3755 ad
1690 3719 1781 3772 pa-

192 3800 325 3843 trem
348 3805 496 3843 suunt
517 3804 537 3844 :
558 3789 611 3843 Ν
615 3808 698 3844 um
731 3792 1005 3846 benedictio
1033 3809 1133 3846 una
1164 3794 1253 3846 tibi
1279 3802 1373 3861 est,
1400 3795 1579 3864 pater?
1613 3794 1778 3849 Bene-

193 3882 302 3945 dic,
322 3880 544 3948 obsecro,
566 3891 731 3937 etme.
753 3870 1015 3951 Qudniam
1037 3883 1234 3938 audivit
1252 3894 1455 3953 patrem
1472 3886 1737 3940 dicentem
1762 3904 1775 3939 :

196 3972 265 4026 Et
302 3973 531 4028 benedixi
562 3990 695 4039 eum,
721 3983 769 4029 et
806 3975 1091 4029 benedictus
1116 3977 1228 4043 erit,
1257 3985 1418 4046 atque
1452 3991 1664 4031 omnem
1704 3977 1778 4032 illi

190 4067 392 4120 deinde
417 4067 839 4122 benedictionem
869 4066 1224 4123 manifestarit
1253 4083 1269 4122 :
1302 4077 1427 4123 tunc
1460 4067 1649 4138 inquit,
1674 4068 1778 4123 Be-

192 4160 365 4225 nedic,
387 4160 663 4227 obsecro,et
677 4170 933 4230 me,pater
954 4175 974 4215 :
990 4176 1110 4213 num
1135 4177 1240 4214 una
1267 4160 1354 4214 tibi
1371 4160 1644 4215 benedictio
1664 4172 1736 4216 est
1752 4162 1779 4215 ?

189 4250 314 4307 Non
344 4261 495 4321 potes
518 4260 573 4307 et
595 4251 724 4307 mihi
757 4259 900 4306 tuam
930 4252 1351 4309 benedictionem
1381 4254 1655 4324 impartiri,
1686 4256 1775 4324 qui

191 4342 265 4395 ita
290 4350 395 4397 ate
413 4342 625 4412 diligor,
654 4342 743 4411 qui
773 4343 1172 4413 primogenitus,
1196 4345 1286 4413 qui
1314 4361 1343 4398 a
1377 4353 1427 4399 te
1457 4346 1509 4398 in
1534 4347 1775 4401 venatio-

192 4447 319 4486 nem
362 4431 557 4488 missus
591 4434 749 4487 sum?
786 4433 1141 4489 Conturbavit
1179 4446 1381 4503 patrem
1407 4436 1600 4491 verbis.
1629 4438 1778 4491 Com-

190 4533 380 4593 puncto
398 4509 571 4579 autem
594 4523 766 4593 Isaac,
792 4525 978 4595 inquit,
996 4526 1228 4579 clamavit
1254 4542 1371 4580 voce
1397 4545 1579 4598 magna
1610 4529 1771 4595 Esau,

186 4630 237 4675 et
286 4620 442 4687 ﬂevit.
486 4619 629 4674 Vidit
674 4628 875 4688 patrem
913 4620 1136 4675 consilio
1175 4620 1486 4675 destitutum
1510 4664 1526 4689 ,
1574 4634 1628 4677 ct
1666 4639 1773 4678 non

189 4725 372 4781 posse,
404 4726 577 4779 neque
615 4711 753 4766 velle
790 4726 1041 4766 revocare
1069 4728 1187 4780 qua:
1212 4711 1348 4767 facta
1372 4724 1497 4767 sunt
1526 4732 1540 4767 :
1569 4724 1624 4767 et
1658 4715 1770 4769 cla-

186 4801 331 4856 mori
356 4801 515 4855 etiam
542 4801 738 4869 adjecit
770 4801 1063 4870 ploratum,
1092 4812 1150 4857 ut
1172 4802 1239 4857 ad
1264 4803 1518 4873 majorem
1545 4804 1770 4859 commi-

185 4892 514 4947 serationem
570 4905 775 4961 patrem
828 4894 1083 4949 flecteret.
1137 4894 1384 4949 Misertus
1434 4896 1611 4966 itaque
1655 4897 1770 4967 ejus

186 4983 342 5039 Isaac
363 4983 495 5037 dixit
524 4984 573 5038 ei
606 5001 621 5037 :
649 4984 737 5040 59.
766 4984 899 5039 Ecce
926 4986 989 5040 de
1017 4986 1320 5056 pinguedine
1341 4996 1486 5042 terras
1511 4990 1604 5043 erit
1632 4990 1774 5045 babi-

184 5076 318 5130 tatio
351 5085 458 5141 tua,
492 5086 540 5129 et
577 5076 639 5129 de
676 5093 791 5131 rore
826 5078 936 5132 caeli
971 5078 1204 5148 desuper,
1226 5080 1315 5135 40.
1339 5085 1464 5135 etin
1488 5082 1659 5151 gladio
1687 5093 1771 5137 tuo

181 5166 341 5231 vives,
374 5175 421 5219 e:
465 5167 613 5235 fratri
641 5177 726 5221 tuo
753 5168 935 5222 servies
965 5184 984 5221 :
1010 5170 1100 5221 erit
1129 5179 1300 5223 autem
1324 5171 1526 5240 quando
1553 5172 1772 5241 depones

178 5267 232 5309 et
257 5256 484 5311 exsolves
501 5258 686 5327 jugum
711 5258 822 5327 ejus
845 5275 876 5311 a
898 5260 1029 5313 collo
1054 5270 1160 5313 tuo.
1187 5260 1468 5327 Quoniam,
1499 5262 1687 5333 inquit,
1716 5272 1772 5318 et

184 5348 307 5417 ipse
336 5363 507 5403 meam
535 5348 958 5406 benedictionem
984 5352 1278 5415 desideras.
1317 5355 1462 5411 disce
1504 5372 1609 5410 non
1650 5371 1771 5411 esse

181 5438 442 5507 possibile
471 5448 529 5493 ut
554 5453 707 5510 agam
730 5456 849 5511 quae
871 5442 1062 5499 divina:
1086 5446 1340 5500 voluntati
1366 5446 1588 5502 adversa
1614 5457 1765 5512 sunt;

177 5528 281 5583 sed
301 5537 356 5583 et
381 5527 472 5583 tibi
496 5530 711 5600 quidem
733 5547 1009 5603 apprecor,
1024 5544 1081 5589 ut
1101 5551 1222 5591 rore
1239 5537 1354 5592 θωιὶ
1379 5537 1571 5593 fruaris
1594 5556 1609 5592 :
1628 5539 1768 5593 scias

254 5642 333 5711 (a)
524 5650 649 5704 Ekeb
668 5656 883 5706 Hebraeis
901 5665 978 5709 est
993 5656 1156 5722 planta
1177 5657 1333 5723 pedis,
1356 5659 1462 5711 sive
1489 5662 1635 5712 etiam
1651 5672 1766 5725 sup-

174 5724 434 5789 plantatio,
444 5727 577 5780 unde
586 5726 762 5781 factum
778 5725 933 5806 api”.

1190 304 1255 361 IN
1292 306 1443 363 esp.
1483 306 1696 365 xxvu.
1738 304 1983 366 cenes.
2024 309 2253 366 HOMIL.
2294 270 2427 365 Ltu.

3368 310 3472 363 £70

1884 432 2062 479 autem
2093 431 2144 478 te
2170 423 2452 479 militarem
2478 422 2641 477 vitam
2667 429 2907 477 acturum
2940 436 3060 477 esse
3085 438 3099 476 :
3124 438 3246 477 nam
3276 421 3340 477 In
3357 425 3471 494 gla-

1883 513 1969 567 dio
1995 521 2079 567 tuo
2098 513 2247 576 vives,
2270 522 2317 567 et
2339 513 2489 584 fratri
2512 521 2599 567 tuo
2619 513 2820 567 seruies.

1953 604 2008 658 5.
2046 602 2313 659 Caeterum
2353 604 2530 658 nullus
2569 603 2684 657 hac
2725 603 2948 657 audiens
2992 604 3233 668 miretur,
3278 601 3467 658 videns

1885 703 2007 763 post
2034 693 2149 748 haec
2178 694 2395 748 fratrem
2427 694 2544 763 ejus
2571 704 2845 764 vagantem
2875 694 2944 748 ob
2971 693 3113 748 illius
3139 702 3339 748 metum
3365 735 3381 759 ,
3410 705 3465 749 et

1882 787 1935 841 in
1966 796 2163 841 terram
2189 786 2418 840 alienam
2445 786 2854 840 contendentem
2883 804 2895 839 ε
2930 800 3101 855 neque
3126 784 3274 840 initia
3297 793 3472 839 atten-

1882 877 2035 942 dens,
2057 876 2327 932 existimet
2339 875 2647 930 vaticinium
2664 876 2935 932 excidere.
2964 875 3098 929 Nam
3124 876 3338 946 quando
3367 875 3471 929 Do-

1880 968 2061 1022 minus
2087 966 2289 1035 aliquid
2317 966 2593 1035 pollicetur
2612 1007 2628 1030 ,
2655 967 2758 1021 etsi
2784 966 3141 1021 contrariaiis
3167 982 3287 1036 qua:
3315 966 3468 1034 polli-

1881 1067 2032 1112 cetur
2056 1056 2330 1112 videamus
2362 1057 2415 1110 in
2445 1056 2705 1126 principio
2734 1058 2947 1113 evenire
2967 1097 2981 1121 ,
3012 1072 3115 1112 non
3149 1058 3419 1112 turbemur
3454 1075 3467 1110 :

1882 1163 2056 1217 neque
2084 1148 2229 1204 enim
2261 1147 2510 1217 possibile
2538 1155 2624 1203 est
2650 1160 2708 1203 ut
2734 1148 2800 1202 ad
2826 1150 2983 1203 finem
3008 1163 3174 1218 usque
3201 1148 3465 1218 promissa

1883 1238 2152 1295 excidant.
2188 1237 2300 1294 Hoc
2322 1248 2503 1294 autem
2532 1239 2621 1305 tit,
2654 1248 2710 1293 ut
2737 1238 2864 1293 dum
2887 1239 3012 1308 justi
3040 1254 3133 1308 per
3159 1239 3336 1294 omnia
3361 1238 3468 1293 ful-

1882 1331 2113 1401 gidiores
2136 1330 2431 1386 redduntur
2448 1371 2462 1394 ,
2487 1330 2864 1386 abundantiam
2883 1331 3095 1385 virtutis
3121 1330 3212 1384 Dei
3238 1329 3463 1385 manife-

1883 1431 2020 1478 stam
2039 1422 2192 1477 nobis
2212 1423 2456 1478 omnibus
2472 1422 2685 1477 faciant.
2712 1422 2782 1476 Et
2802 1423 2853 1475 in
2867 1436 3186 1490 unoquoque
3194 1420 3463 1490 justorum

1885 1511 1989 1568 hoc
2018 1513 2288 1577 invenies,
2317 1513 2363 1567 si
2389 1512 2619 1569 volueris
2652 1512 2902 1567 historias
2925 1512 3159 1582 singulas
3186 1512 3470 1581 diligenter

1880 1604 2327 1671 animadvertere,
2356 1604 2498 1675 quod
2544 1618 2672 1658 sane
2712 1618 2853 1657 nime
2893 1618 3103 1672 quoque
3140 1604 3334 1655 factum
3360 1608 3465 1656 est.

1882 1695 1960 1751 Ne
1989 1695 2089 1751 hoc
2109 1696 2373 1760 attendas,
2397 1695 2539 1766 quod
2569 1710 2710 1750 nunc
2728 1694 2904 1749 statim
2937 1695 3191 1764 profugus
3219 1693 3327 1758 sit,
3371 1694 3465 1747 sed

1881 1788 2053 1858 cogita
2100 1789 2324 1859 gloriam
2361 1803 2481 1859 quae
2510 1787 2730 1857 posthac
2763 1796 3045 1857 sequetur;
3098 1797 3156 1841 ut
3200 1786 3470 1857 quomodo

1884 1880 2139 1949 temporis
2180 1893 2433 1949 processu
2478 1879 2565 1933 hic
2604 1879 2719 1949 ipse
2763 1880 2842 1933 sic
2881 1877 3134 1932 terribilis
3170 1877 3244 1931 illi
3279 1879 3467 1940 factus,

1882 1979 2085 2026 tantam
2127 1986 2250 2041 erga
2294 1985 2417 2025 eum
2456 1969 2689 2024 declaret
2731 1968 3090 2023 reverentiam
3138 1985 3152 2021 :
3200 1967 3469 2035 quomodo

1882 2064 2010 2119 item
2032 2063 2085 2118 in
2111 2072 2313 2116 tantam
2335 2061 2535 2116 venerit
2561 2060 2786 2131 gloriam
2808 2068 2930 2129 post
2951 2074 3236 2124 mrumnas,
3258 2072 3390 2127 quas
3412 2058 3465 2110 in

1884 2166 2024 2212 terra
2053 2155 2223 2210 aliena
2247 2154 2387 2219 tulit,
2415 2163 2473 2208 ut
2500 2153 2588 2223 qui
2615 2167 2680 2207 ex
2707 2152 2822 2221 ipso
2851 2152 2959 2205 nati
2984 2160 3129 2217 sunt,
3153 2150 3207 2204 in
3238 2150 3465 2204 immen-

1883 2262 1999 2303 sam
2025 2244 2415 2301 multitudinem
2456 2248 2815 2314 pr'opagentur
2838 2281 2857 2309 ,
2886 2248 2941 2297 et
2967 2241 3085 2312 ejus
3112 2240 3328 2295 nomine
3357 2248 3464 2295 tota

1881 2352 2015 2409 gens
2040 2336 2441 2407 cognominetur
2459 2344 2515 2390 et
2534 2334 2865 2405 insigniatur.
2896 2333 3045 2387 Nunc
3069 2341 3249 2387 autem
3272 2332 3468 2386 docens

1884 2445 1983 2485 nos
2018 2429 2195 2484 divina
2234 2426 2509 2497 Scriptura
2555 2428 2734 2482 fratris
2767 2425 3215 2496 indignationem,
3260 2425 3468 2503 quaad

1884 2522 2227 2577 homicidium
2260 2520 2562 2590 spectabat,
2595 2520 2767 2589 inquit
2799 2536 2812 2573 :
2844 2521 2931 2575 41.
2961 2518 3031 2572 Et
3050 2518 3168 2571 odio
3187 2518 3327 2589 graui
3348 2532 3471 2587 pro.

1882 2614 2180 2685 sequebatur
2214 2613 2357 2668 Esau
2394 2612 2557 2667 Iacob
2591 2623 2794 2683 propter
2820 2612 3234 2675 benedictionem,
3257 2628 3356 2681 qua
3379 2628 3467 2664 oe-

1882 2709 2144 2763 nedixerat
2183 2723 2299 2761 eum
2332 2716 2473 2776 pater
2512 2723 2655 2760 suns.
2697 2706 2763 2760 Et
2804 2714 2862 2759 ut
2902 2705 3133 2759 sciamus
3162 2718 3267 2758 non
3306 2702 3469 2758 fuisse

1881 2798 2178 2869 simplicem
2207 2796 2540 2853 subitaneam
2575 2796 2708 2850 iram
2726 2836 2741 2860 ,
2772 2810 2868 2865 per
2895 2794 3184 2849 dictionem
3214 2794 3367 2849 nobis
3389 2794 3467 2847 si-

1880 2889 2152 2960 gnificavit
2171 2888 2390 2943 malitiae
2414 2886 2530 2957 ejus
2556 2901 2855 2941 excessum.
2886 2884 3040 2941 Gravi
3059 2886 3176 2939 odio
3206 2900 3467 2955 proseque-

1883 2981 2052 3047 batur,
2079 2978 2209 3034 dicit
2237 2994 2252 3032 :
2279 2976 2380 3032 hoc
2398 2986 2500 3042 est,
2528 2976 2757 3032 instabat
2778 2983 2835 3031 et
2860 2975 3236 3045 perseverabat
3258 2973 3461 3037 odium,

1884 3074 1956 3128 ita
1985 3082 2042 3128 ut
2068 3079 2125 3127 et
2150 3077 2383 3126 mentem
2408 3072 2459 3123 in
2488 3067 2750 3139 profundo
2788 3068 3041 3124 latentem
3077 3082 3172 3138 per
3196 3066 3352 3122 verba
3394 3066 3466 3120 si-

1881 3164 2179 3236 gniﬁcaret.
2208 3162 2353 3217 Dixit
2372 3161 2506 3217 enim
2533 3162 2587 3216 in
2610 3162 2761 3216 corde
2778 3177 2869 3217 suo
2890 3176 2909 3214 :
2929 3160 3339 3231 Appropinqnent
3358 3158 3466 3212 dies

1884 3256 2049 3311 luctus
2093 3254 2251 3325 patris
2289 3254 2414 3319 mei,
2452 3262 2508 3307 ut
2552 3253 2779 3307 occidam
2822 3251 2983 3306 Jacob
3025 3253 3232 3321 fratrem
3278 3265 3463 3303 meum.

1884 3345 2022 3402 Vere
2045 3345 2263 3402 omnino
2292 3345 2338 3400 is
2369 3343 2458 3414 qui
2493 3343 2737 3399 irascitur
2778 3358 2884 3398 non
2929 3342 3105 3401 minus
3128 3356 3288 3412 quam
3316 3341 3350 3394 ii
3374 3341 3465 3410 qui

1884 3437 2069 3494 furiosi
2092 3445 2239 3502 sunt,
2257 3436 2469 3491 insanit.
2498 3434 2785 3491 Considera
2807 3432 2951 3489 enim
2969 3432 3237 3503 quomodo
3256 3431 3464 3486 daimon

1884 3530 1978 3586 ille
2020 3529 2159 3585 sicut
2198 3528 2521 3583 insanientes
2565 3525 2972 3596 subingressus,
3012 3533 3191 3579 mente
3228 3522 3469 3579 destituit

1883 3637 2017 3691 quos
2040 3621 2295 3690 corripit,
2322 3629 2378 3674 et
2401 3618 2590 3674 suadet
2616 3627 2671 3672 ut
2699 3618 2855 3685 plane
2886 3615 3153 3671 contraria
3180 3614 3376 3669 faciant
3402 3614 3468 3668 iis

1882 3728 2002 3782 qua:
2038 3711 2206 3765 oculis
2251 3709 2516 3764 videntur.
2561 3708 2742 3777 Neque
2785 3708 2924 3762 enim
2971 3714 3112 3762 recte
3137 3704 3320 3759 vident
3355 3705 3463 3766 illi,

1884 3818 2059 3872 neque
2106 3800 2246 3854 aliud
2290 3797 2538 3868 quiddam
2586 3796 2787 3851 faciunt
2820 3815 2833 3851 :
2869 3796 2963 3851 sed
3006 3794 3158 3864 quasi
3201 3792 3467 3848 hebetatis

1881 3895 2146 3958 sensibus,
2188 3902 2243 3948 et
2281 3891 2552 3962 judicandi
2586 3892 2636 3946 vi
2675 3892 2890 3955 amissa,
2933 3890 3133 3945 faciunt
3160 3889 3355 3944 omnia.
3390 3887 3464 3943 Ita

1881 4004 2011 4044 sane
2035 3997 2092 4044 et
2109 3985 2200 4057 qui
2227 3986 2548 4052 irascuntur,
2568 4000 2674 4041 non
2702 3992 2992 4055 agnoscunt
3020 3995 3332 4055 praesentes,
3358 3997 3463 4037 non

1882 4095 2152 4137 memores
2185 4088 2312 4135 sunt
2347 4077 2699 4148 cognationis,
2724 4093 2829 4132 non
2858 4076 3166 4143 amicitiam,
3197 4092 3305 4131 non
3330 4092 3461 4131 cnu-

1881 4172 2237 4236 suetudinem,
2260 4184 2369 4226 non
2393 4169 2724 4240 dignitatem,
2745 4184 2916 4236 neque
2940 4166 3226 4237 quidquam
3246 4167 3390 4221 aliud
3409 4168 3462 4221 in

1881 4274 2114 4320 mentem
2138 4261 2453 4327 admittunt,
2482 4259 2578 4316 sed
2606 4259 2697 4314 ira;
2722 4259 2769 4313 vi
2798 4260 2988 4330 pressi,
3017 4260 3071 4314 in
3101 4274 3338 4328 praeceps
3363 4260 3464 4313 mi-

1880 4353 2175 4411 serabiliter
2199 4354 2457 4407 feruntur.
2505 4350 2642 4418 Quid
2671 4350 2830 4419 igitur
2858 4350 2961 4404 illis
2989 4350 3237 4406 miserius
3265 4349 3427 4404 fuerit
3448 4391 3463 4411 ,

1879 4446 2093 4514 quando
2132 4445 2258 4499 victi
2300 4452 2355 4499 et
2396 4444 2535 4512 capti
2575 4441 2644 4496 ab
2681 4441 2991 4509 mgritndine
3016 4442 3178 4496 animi
3206 4442 3366 4496 etiam
3396 4442 3462 4495 ad

1881 4534 2224 4589 homicidium
2253 4534 2541 4589 festinant?
2571 4532 2856 4601 Propterea
2885 4533 3072 4586 beatus
3097 4531 3292 4585 Paulus
3319 4532 3463 4585 radi-

1878 4642 1994 4682 cem
2022 4626 2177 4695 hujus
2204 4624 2327 4678 mali
2357 4625 2539 4679 volens
2559 4624 2855 4691 exstirpare
2876 4662 2889 4686 ,
2922 4622 3189 4687 admonet,
3222 4622 3298 4676 sic
3322 4622 3458 4675 scri-

1879 4717 2048 4771 bens:
2082 4716 2259 4771 Omnis
2286 4717 2366 4770 ira
2398 4727 2444 4769 ct
2475 4715 2757 4785 indignatio
2777 4754 2793 4781 ,
2834 4723 2881 4767 et
2921 4714 3111 4766 clamor
3146 4712 3461 4781 anferaturu

1878 4809 2013 4861 vobis
2035 4823 2149 4861 cunt
2175 4808 2311 4861 omni
2338 4806 2532 4860 malitia
2557 4793 2771 4876 (Ep/tes.
2795 4804 2847 4858 4.
2877 4804 2989 4875 5i).
3018 4803 3133 4857 Non
3158 4803 3353 4868 solum,
3379 4803 3459 4856 in-

1876 4899 2011 4968 quit,
2039 4898 2164 4953 nolo
2194 4913 2289 4953 vos
2322 4912 2640 4953 succensere
2682 4904 2738 4950 et
2775 4895 3053 4963 indignari,
3082 4903 3136 4947 et
3161 4892 3342 4959 irasci,
3362 4892 3458 4946 sed

1877 5005 2050 5060 neque
2067 5004 2187 5045 cum
2210 4988 2443 5043 clamore
2471 4987 2724 5057 proximis
2746 4986 2885 5055 loqui
2916 5002 2928 5038 :
2954 4984 3241 5039 clamorem
3268 4982 3354 5036 hic
3372 4982 3456 5036 di-

1875 5097 2002 5138 cens
2023 5122 2038 5148 ,
2074 5081 2163 5149 qui
2194 5079 2262 5133 ab
2302 5079 2376 5134 ira
2420 5078 2672 5132 nascitur.
2700 5075 2923 5144 Quando
2949 5074 3090 5129 enim
3119 5074 3339 5128 morbus
3369 5073 3457 5128 hic

1876 5174 2195 5231 intrinsecus
2232 5170 2492 5223 excitatur
2533 5177 2585 5222 et
2629 5182 2723 5222 cor
2763 5174 2960 5233 tumet,
2988 5180 3093 5219 non
3114 5164 3222 5234 jam
3250 5166 3377 5220 sinit
3403 5176 3462 5220 ut

1876 5266 2050 5335 lingua
2092 5262 2295 5333 placide
2338 5262 2612 5330 loquatur;
2658 5260 2753 5313 sed
2787 5258 3124 5314 affectionem
3153 5258 3331 5313 cordis
3359 5258 3455 5314 de-

1876 5362 2179 5409 monstrans
2199 5392 2214 5417 ,
2246 5350 2405 5406 efficit
2429 5360 2486 5404 ut
2513 5349 2748 5403 clamose
2773 5364 2893 5402 cum
2920 5349 3163 5418 proximo
3188 5349 3456 5417 loquatur.

1879 5445 2072 5499 Volens
2102 5444 2258 5513 igitur
2283 5443 2467 5498 beatus
2498 5442 2585 5496 ille
2611 5442 2709 5496 sibi
2740 5441 3169 5510 obtemperantes
3194 5439 3245 5494 in
3277 5454 3458 5508 perpe-

1876 5546 1963 5591 tua
1985 5537 2182 5590 versari
2207 5534 2601 5604 tranquillitate,
2630 5533 2761 5587 dixit
2788 5551 2799 5586 :
2838 5532 3015 5587 Omnis
3039 5532 3118 5586 ira
3150 5534 3274 5602 (hoc
3296 5542 3399 5596 est,
3422 5548 3454 5586 a

1874 5630 2242 5699 qualicumque
2286 5642 2445 5683 causa
2487 5626 2804 5697 moveatur),
2833 5639 2877 5682 et
2900 5628 3074 5683 omnis
3100 5627 3379 5698 indignatio
3409 5636 3455 5682 ct

1875 5723 2047 5780 omnis
2084 5721 2273 5778 clamor
2317 5722 2523 5778 tollatur
2555 5738 2587 5775 a
2617 5719 2749 5777 vobis
2777 5720 3008 5778 :dcindc
3032 5720 3269 5777 radicem
3293 5718 3454 5788 hujus
