3730 6248
385 279 485 334 171

382 392 508 445 mali
548 389 732 445 volens
777 387 1068 450 arefacere.
1117 396 1172 441 et
1212 385 1455 440 inutilem
1501 380 1751 445 reddere,
1792 378 1969 436 dicit:

387 481 517 536 Cum
542 481 680 536 omni
712 481 925 533 malitia.
963 476 1099 534 Nam
1139 477 1230 547 qui
1273 476 1354 531 sic
1382 473 1645 541 afficitur,
1673 486 1888 543 semper
1915 470 1971 526 in

383 583 539 644 portu
570 573 721 628 sedet
738 589 770 627 a
793 570 1018 626 terrenis
1037 569 1284 624 ﬂuctibus
1306 567 1475 634 liber;
1498 575 1558 623 et
1574 576 1973 636 nequertempe-

384 673 579 717 statem
604 664 774 728 timet,
803 677 977 731 neque
999 660 1369 730 naufragium;
1412 659 1507 716 sed
1544 658 1695 729 quasi
1735 658 1791 713 in
1819 664 1971 713 tran-

382 753 648 825 quillitate
693 753 981 823 navigans,
1012 751 1096 808 vel
1122 752 1175 807 in
1205 751 1414 822 placido
1442 758 1599 821 portu
1634 749 1859 815 sedens,
1895 748 1971 804 ita

387 851 704 913 prtesentem
726 843 890 898 vitam
913 842 1095 911 trahit,
1122 857 1229 898 non
1254 842 1429 897 solum
1459 840 1538 897 ab
1571 840 1719 897 omni
1748 848 1971 909 :pertur-

383 935 604 991 batione
629 935 787 1001 liber,
810 935 905 990 sed
928 944 983 991 et
1008 934 1382 990 immortalium
1413 943 1468 989 et
1502 933 1845 990 ineﬂ‘abilium
1872 931 1970 991 bo-

384 1040 575 1082 norum
600 1025 803 1081 fructus
837 1026 938 1081 sibi
982 1041 1079 1096 per
1114 1027 1294 1082 omnia
1319 1026 1610 1082 concilians
1641 1042 1655 1079 :
1686 1026 1778 1096 qui
1817 1024 1971 1081 nobis

384 1119 634 1175 omnibus
659 1119 1023 1175 concedantur
1042 1160 1057 1185 ,
1084 1121 1254 1190 gratia
1278 1128 1335 1175 et
1365 1118 1732 1176 misericordia
1760 1116 1971 1173 Domini

383 1210 553 1265 nostri
594 1210 723 1266 Jesu
759 1209 976 1278 Christi,
1007 1211 1222 1282 quicum
1247 1212 1412 1279 Patri,
1444 1221 1500 1268 et
1532 1219 1721 1268 sancto
1749 1208 1972 1281 Spiritui

381 1303 453 1357 sit
474 1302 679 1373 gloria,
723 1302 928 1367 honor.
969 1303 1282 1373 imperium,
1323 1318 1466 1359 nunc
1492 1312 1548 1359 et
1574 1316 1807 1373 semper,
1836 1302 1969 1358 etin

383 1395 583 1451 stecula
600 1395 946 1452 seculorum.
973 1399 1167 1452 Amen.

946 1527 1230 1599 llOMILlA
1268 1526 1405 1585 Ltv.

526 1639 753 1696 Rebecca
780 1651 947 1696 autent
973 1651 1146 1697 vocato
1174 1644 1284 1712 [ilio
1301 1659 1393 1698 suo
1406 1620 1613 1714 juniore
1634 1643 1762 1699 dixit
1782 1643 1827 1699 ei

970 1732 1122 1805 (Gen.
1144 1733 1236 1788 27.
1269 1733 1386 1806 42).

455 1842 510 1896 Ι.
538 1841 730 1897 Gratia:
749 1843 933 1899 divina
954 1845 1221 1900 auxilium.
1257 1844 1574 1902 Conscientia
1593 1847 1841 1919 sufficiens
1860 1864 1971 1902 ma-

381 1932 849 2002 giatcr.—Vidistis
870 1933 983 1990 heri
995 1936 1271 2005 publicani
1293 1936 1431 1993 bene
1450 1937 1695 1994 affectum
1708 1940 1965 2008 animum,

384 2031 437 2077 et
458 2022 667 2078 Domini
691 2023 1007 2082 ineffabilem
1023 2026 1462 2095 misericordiam,
1480 2029 1849 2087 etJudaeorum
1865 2040 1972 2087 stu-

382 2112 659 2183 piditatem
680 2113 995 2171 immensam
1010 2117 1094 2188 (α)
1109 2118 1132 2171 ?
1158 2116 1371 2175 Vidistis
1384 2122 1658 2190 quomodo
1670 2137 1968 2180 omnes-nos

381 2206 639 2262 erudierit
665 2207 849 2263 beatus
869 2208 1167 2275 Matthteus,
1186 2211 1364 2269 statim
1387 2215 1664 2282 obediens,
1686 2225 1744 2273 et
1765 2227 1966 2273 tantam

383 2311 592 2354 morum
617 2299 965 2355 mutationem
990 2316 1101 2371 prae
1126 2318 1187 2359 se
1214 2304 1393 2362 ferens
1421 2321 1436 2364 :
1463 2307 1589 2378 quia
1615 2308 1669 2363 in
1695 2309 1967 2365 voluntate

383 2400 591 2459 nostra,
620 2401 741 2461 post
765 2407 1050 2464 supernam
1070 2398 1317 2468 gratiam,
1343 2400 1463 2456 sitae
1485 2410 1609 2456 sunt
1632 2412 1689 2458 et
1710 2403 1932 2469 virtutes
1946 2445 1964 2473 ,

385 2491 443 2538 et
470 2484 634 2539 vitiat:
664 2494 721 2540 et
747 2488 870 2558 quia
894 2489 1075 2546 studio
1101 2500 1286 2548 nostro
1310 2507 1593 2563 possumus
1614 2495 1729 2551 ﬁeri
1759 2497 1968 2553 virtuti-

380 2574 485 2631 bus
508 2578 813 2648 conspicui;
843 2590 897 2636 et
921 2593 1108 2639 contra
1134 2584 1347 2642 desides
1370 2586 1517 2657 facti,
1538 2589 1589 2644 in
1611 2591 1814 2659 peccati
1837 2606 1968 2661 prte-

380 2667 618 2736 cipitium
644 2669 877 2727 deferri?
918 2673 1029 2729 Hoc
1067 2675 1211 2731 enim
1246 2687 1328 2733 est
1359 2695 1465 2750 quo
1489 2695 1520 2735 a
1550 2681 1721 2736 brutis
1758 2681 1964 2737 ditiori-

374 2778 519 2832 nius,
542 2765 662 2835 quia
692 2768 898 2824 ratione
918 2770 1150 2841 insigniti
1178 2786 1361 2829 sumus
1376 2787 1410 2827 a
1429 2773 1660 2844 benigno
1686 2775 1817 2842 Deo,
1836 2783 1891 2831 et
1910 2775 1965 2831 in

384 2868 569 2913 natura
597 2870 781 2915 nostra
809 2862 965 2918 insita
1004 2874 1087 2920 est
1119 2864 1344 2921 scientia
1373 2868 1497 2923 boni
1520 2878 1576 2924 et
1600 2870 1749 2924 mali.
1778 2868 1965 2925 Nullus

376 2966 507 3021 ergo
531 2962 815 3021 praetexat,
855 2969 917 3011 se
958 2970 1027 3011 ex
1068 2958 1363 3028 ignorantia
1393 2962 1642 3015 virtutem
1671 2963 1960 3033 negligere,

378 3043 463 3096 vel
486 3044 611 3112 quia
643 3046 845 3101 nullum
872 3046 1066 3104 habeat
1094 3050 1192 3104 viae
1208 3050 1492 3106 ducemet
1511 3062 1962 3110 comnmostrato-

377 3146 513 3187 rem.
533 3133 1060 3193 Sufficientemenim
1078 3142 1391 3211 magistrum
1406 3141 1668 3199 habemus
1687 3146 1963 3201 conscien-

377 3223 529 3287 tiam,
551 3234 605 3278 et
632 3225 747 3281 ﬁeri
770 3242 877 3285 non
899 3238 1093 3297 potest,
1116 3239 1176 3285 ut
1199 3233 1319 3301 quis
1340 3233 1434 3287 illo
1454 3233 1764 3304 adjumeuto
1786 3236 1961 3306 prive-

379 3322 486 3367 tur.
516 3313 648 3369 Nam
666 3316 838 3372 simul
862 3334 983 3373 cum
1009 3320 1325 3378 formatione
1349 3323 1579 3380 hominis
1599 3326 1753 3381 insita
1781 3336 1861 3382 est
1883 3326 1961 3383 illi

374 3405 598 3460 scientia
619 3406 1003 3480 faciendorum,
1024 3420 1083 3467 ut
1100 3422 1303 3469 rectum
1331 3431 1485 3470 suum
1515 3417 1749 3473 animum
1777 3419 1959 3475 decla-

374 3511 503 3552 rans
529 3498 581 3553 in
607 3501 856 3568 praesenti
877 3502 1004 3571 vita,
1023 3505 1173 3573 quasi
1196 3505 1255 3560 in
1281 3507 1527 3576 palaestra
1551 3509 1777 3579 quadam
1806 3525 1962 3567 exer-

379 3589 574 3645 citatus
613 3590 680 3645 ad
720 3592 972 3648 virtutum
1034 3595 1243 3653 labores
1270 3637 1286 3664 ,
1327 3599 1608 3668 probitatis
1644 3602 1961 3674 virtutisque

374 3683 591 3751 praemia
621 3695 894 3754 reportet,
937 3698 992 3744 et
1029 3689 1176 3744 brevi
1217 3701 1455 3762 tempore
1481 3694 1535 3748 in
1563 3695 1833 3753 laboribus
1856 3699 1957 3753 de-

323 3786 332 3793 ‘
369 3789 549 3838 curse,
574 3788 856 3848 perpetuas
875 3795 1101 3840 coronas
1130 3794 1414 3855 mereatur,
1436 3797 1594 3859 atque
1616 3790 1668 3844 iu
1688 3791 1836 3846 ﬂuxo
1857 3791 1959 3847 hoc

369 3869 567 3924 smculo
586 3872 837 3928 virtutem
859 3876 1217 3946 amplexatus,
1244 3880 1459 3937 aeternis
1484 3881 1643 3938 bouis
1668 3883 1721 3938 in
1749 3884 1957 3941 infinita

371 3960 565 4013 anicula
592 3960 815 4019 fruatur.
859 3963 914 4018 Id
942 3980 1073 4022 sane
1099 3969 1350 4036 scientes,
1368 3970 1588 4039 fratres,
1608 3985 1856 4031 nostram
1887 3993 1958 4034 ne

368 4050 658 4119 perdamus
676 4055 1040 4125 nobilitatem,
1074 4074 1141 4114 ne
1169 4060 1338 4116 simus
1369 4074 1488 4133 post
1514 4073 1714 4121 tantam
1752 4066 1955 4123 benefi-

368 4141 601 4197 centiam
648 4144 860 4214 ingrati,
903 4163 970 4202 ne
1009 4160 1277 4205 sectemur
1322 4154 1638 4224 voluptates,
1688 4174 1810 4229 quae
1847 4170 1954 4215 tam

370 4231 522 4288 brevi
554 4244 797 4305 tempore
820 4238 1041 4307 durant,
1076 4255 1386 4312 perpetuum
1416 4246 1655 4303 dolorem
1685 4251 1839 4307 nobis
1861 4266 1954 4308 ac-

368 4332 640 4379 cerseutes
670 4344 684 4379 :
716 4327 812 4382 sed
860 4337 984 4385 ante
1029 4346 1127 4386 nos
1174 4347 1387 4404 semper
1432 4336 1698 4395 intuentes
1742 4342 1951 4397 oculum

368 4412 516 4468 illum
542 4416 633 4485 qui
661 4432 948 4489 numquam
975 4423 1211 4492 sopitur,
1242 4425 1331 4495 qui
1355 4435 1409 4481 et
1436 4428 1748 4487 abscondita
1776 4434 1953 4489 cordis

369 4511 537 4577 novit,
570 4526 655 4568 res
680 4526 891 4573 nostras
921 4518 989 4572 ita
1021 4520 1360 4577 instituamus
1398 4534 1451 4579 ct
1488 4527 1858 4593 moderemur,
1899 4538 1953 4585 et

368 4603 559 4656 muniti
583 4604 748 4661 armis
764 4605 996 4677 Spiritus
1018 4610 1154 4668 bene
1178 4612 1423 4669 ali‘ectum
1446 4618 1681 4674 animum
1701 4621 1953 4675 exhibea-

365 4707 508 4760 mus,
540 4705 598 4750 ut
622 4712 855 4767 superno
887 4701 1119 4758 fruentes
1151 4706 1382 4773 auxilio,
1414 4707 1621 4763 devicto
1660 4710 1816 4767 hoste
1859 4713 1951 4767 illo

365 4794 418 4840 et
444 4786 752 4845 adversario
792 4802 972 4849 nostro
992 4835 1007 4861 ,
1036 4795 1262 4865 ejusque
1290 4799 1728 4858 machinamentis
1751 4803 1951 4859 inutili-

364 4878 465 4934 bus
506 4881 753 4949 rcdditis,
780 4885 935 4941 bonis
974 4888 1078 4942 illis
1117 4888 1221 4944 frui
1251 4890 1539 4958 valeamus,
1568 4906 1686 4963 qua:
1708 4897 1952 4964 promisit

365 4968 624 5027 Dominus
658 4971 1005 5043 diligentibus
1031 4992 1109 5033 se.
1144 4977 1221 5033 Ne
1247 4995 1374 5051 ergo
1402 4983 1521 5052 quis
1546 4994 1752 5052 spectet
1776 4985 1841 5040 ad
1869 4987 1945 5041 la~

358 5060 547 5117 borem
587 5064 879 5134 virtutum,
915 5069 1009 5124 sed
1050 5070 1253 5127 lucrum
1296 5073 1419 5129 inde
1462 5084 1668 5145 partum
1710 5078 1951 5148 cogitans

360 5163 605 5222 prompte
632 5156 845 5214 labores
874 5161 1146 5231 suscipiat.
1172 5164 1303 5219 Nam
1346 5167 1389 5221 si
1430 5168 1466 5222 ii
1503 5170 1592 5238 qui
1632 5169 1685 5225 in
1721 5174 1949 5228 terrenis

364 5253 645 5301 versantur
674 5252 917 5319 negotiis,
948 5262 1002 5308 et
1028 5253 1095 5309 ad
1122 5256 1449 5326 colligendas
1479 5275 1608 5331 opes
1639 5261 1906 5319 insaniunt
1930 5308 1944 5332 ,

412 5440 502 5528 1‘32
530 5444 614 5528 ’1‘?
636 5452 1280 5528 £39919}???th380W"?
1325 5456 1407 5507 ubi
1429 5458 1493 5509 de
1518 5461 1773 5528 ρυωίωηο
1796 5468 1950 5528 Poeni-

359 5506 900 5587 9.29:9:‘§9_12D‘IFDFDIIi
923 5506 1405 5587 stupidi_tate,_dequ_e
1419 5506 1947 5587 uitatiéi'i'ﬁagidﬁii

361 5563 553 5641 ealigne
577 5569 812 5641 agebatur
835 5585 847 5621 :
873 5585 936 5641 an
960 5563 1944 5641 véro’hsé'ﬂdniaia'éiéuiuiiiﬁiﬁéi

362 5627 751 5705 rositﬂioudum
777 5633 1035 5693 explorare
1059 5641 1217 5703 potui;
1242 5627 1943 5705 stispioifuﬁéféfaiiﬁl

354 5696 469 5735 tum
489 5701 696 5739 numero
718 5704 846 5742 (3831:.

1092 275 1150 331 S.
1191 272 1472 330 JOANNIS
1508 261 1990 325 CHRYSOSTOIII
2035 262 2351 322 ARCHIEP.
2387 264 2921 327 OONSTANTINOP.

3552 272 3641 327 472

2073 380 2251 437 omnia
2282 391 2525 451 prompte
2560 383 2859 452 suscipiunt
2886 381 3155 448 facienda;
3184 391 3239 438 et
3264 382 3518 453 perlcula
3546 400 3645 438 nia-

2074 471 2166 534 ris,
2191 470 2484 541 naufragia,
2517 473 2805 542 piratarum
2848 470 3069 528 insidias
3107 471 3516 542 prospicientes
3553 490 3648 527 non

2073 562 2405 632 franguntur,
2426 578 2528 619 nec
2548 564 2829 634 segniores
2856 563 3007 629 fiunt,
3023 566 3265 633 quamvis
3286 565 3362 617 de
3390 565 3505 617 line
3532 565 3649 618 nihil

2069 656 2203 710 certi
2232 654 2466 710 habeant
2487 672 2502 709 :
2523 657 2735 725 qualem
2765 668 2865 710 nos
2889 654 3124 710 habituri
3152 670 3348 710 sumus
3378 654 3650 710 defensio-

2070 761 2220 811 nem,
2244 748 2290 801 si
2320 762 2426 802 non
2442 749 2597 802 somni
2624 748 2809 803 studio
2833 758 2890 803 et
2910 748 3186 805 alacritate
3208 749 3573 818 accingamur
3595 748 3651 804 ad

2074 837 2326 893 virtutum
2346 837 2520 893 studia
2548 846 2603 893 et
2626 852 2847 907 agOues,
2866 847 3091 907 propter
3128 848 3338 893 interm
3366 838 3467 893 illa
3497 838 3655 893 bona?

2070 928 2251 997 Quare
2278 928 2348 983 ita
2376 929 2567 997 ingrati
2602 942 2788 985 sumus
2808 928 3135 985 benefactori
3158 937 3474 994 nostro,et
3500 945 3655 997 neque

2071 1038 2195 1094 quae
2206 1022 2322 1088 tiam
2344 1024 2538 1083 donata
2551 1036 2682 1082 sunt
2693 1040 2971 1084 versamus
2985 1025 3186 1092 animo,
3199 1038 3388 1093 neque
3402 1022 3656 1091 promissa

2066 1114 2397 1185 cogitamus;
2424 1118 2517 1173 sed
2538 1119 2785 1173 omnium
2818 1117 3209 1185 propemodum
3253 1115 3452 1180 obliti,
3478 1114 3652 1169 frusta

2064 1182 2197 1262 etin
2220 1221 2439 1268 vanum,
2456 1207 2612 1276 quasi
2630 1182 2888 1274 pecudes.
2909 1182 3066 1261 vitam
3088 1215 3254 1269 totam
3279 1182 3671 1273 transigimus?

2065 1287 2265 1342 animae
2289 1286 2506 1357 quidem
2536 1285 2737 1343 nullam
2761 1286 3021 1343 habentes
3046 1300 3266 1355 curam,
3302 1294 3568 1343 ventrem
3590 1302 3657 1340 at

2073 1385 2182 1433 tcta
2216 1378 2406 1441 solm
2432 1378 2807 1449 dirumpentes
2845 1378 3001 1445 cibis,
3029 1390 3192 1451 atque
3230 1378 3412 1435 etiam
3460 1391 3661 1449 propter

2072 1466 2177 1525 hoc
2218 1469 2418 1524 misero
2447 1469 2671 1540 corpori
2710 1469 3004 1539 perniciem
3037 1479 3316 1540 parantes,
3346 1483 3423 1525 ac
3463 1480 3659 1539 propter

2071 1561 2535 1633 intemperantiam
2557 1570 2614 1617 et
2640 1561 2929 1633 ingluviem
2947 1562 3237 1618 innumera
3262 1560 3440 1617 nobis
3469 1562 3660 1633 negotia

2071 1651 2295 1710 facimus
2317 1662 2375 1709 et
2392 1653 2738 1720 accersimus,
2759 1654 2885 1708 dum
2909 1653 3140 1709 animam
3170 1653 3317 1710 fame

2070 1746 2230 1802 mus?
2266 1744 2479 1801 tametsi
2509 1744 2848 1815 praestantior
2869 1744 3046 1799 anima
3070 1745 3136 1800 sit
3161 1760 3332 1815 quam
3349 1758 3596 1815 corpus,
3618 1754 3661 1799 et

2066 1837 2244 1895 ablata
2292 1836 2382 1893 illa
2405 1877 2421 1903 ,
2468 1838 2576 1895 hoc
2615 1845 2883 1901 mortuum
2924 1837 3283 1907 relinquatur.
3329 1837 3484 1893 Cum
3518 1837 3662 1907 583W

2067 1935 2343 1999 oporteret
2382 1936 2439 1984 et
2474 1926 2598 1983 huic
2633 1936 2792 1998 atque
2827 1927 2906 1983 illi
2934 1942 3175 1998 congrua
3200 1938 3262 1985 et
3278 1929 3662 1984 convenientia

2064 2019 2313 2090 promere
2336 2019 2609 2086 alimenta,
2633 2019 2852 2076 modum
2881 2035 3055 2091 neque
3072 2020 3185 2085 hic,
3212 2037 3400 2091 neque
3432 2021 3549 2076 illic
3571 2036 3662 2076 aa-

2067 2124 2275 2181 vantes,
2308 2113 2519 2184 utrique
2541 2127 2801 2169 uocemus
2832 2112 2975 2169 :hoc
3004 2112 3122 2183 plus
3151 2128 3316 2183 utinm
3344 2122 3575 2183 oportet
3597 2128 3661 2168 9-

2065 2203 2343 2273 ginantes,
2373 2203 2520 2259 illam
2544 2212 2728 2258 autem
2754 2203 2896 2259 fame
2924 2203 3101 2273 perire
3121 2212 3411 2273 cogentes.
3444 2203 3508 2259 Id
3537 2204 3659 2274 quod

2066 2296 2445 2355 universorum
2494 2297 2754 2353 Dominus
2807 2297 2929 2354 loco
2978 2298 3226 2353 maxima:
3278 2298 3657 2369 indignationis

2043 2377 2357 2459 aliquando
2381 2388 2755 2445 interminatus
2773 2397 2858 2445 est
2876 2388 3185 2445 Judteorum
3205 2391 3424 2460 populo
3452 2390 3657 2447 dicens:

2064 2476 2214 2535 Dabo
2238 2479 2375 2534 nobis
2402 2496 2504 2535 non
2528 2485 2715 2551 famem
2744 2480 2912 2549 panis,
2937 2497 3098 2549 neque
3119 2481 3259 2535 sitim
3277 2498 3463 2551 aqua,
3486 2484 3576 2537 sed
3591 2488 3656 2553 fa-

2065 2585 2196 2625 mem
2212 2569 2454 2625 audiendi
2482 2586 2763 2625 sermonem
2780 2568 2987 2625 Domini
3004 2572 3190 2641 (Amos
3212 2571 3269 2627 8.
3298 2572 3400 2642 11)
3422 2588 3441 2635 ;
3473 2572 3655 2629 docens

2065 2675 2185 2724 nos,
2209 2660 2355 2717 illam
2376 2661 2591 2733 quidem
2612 2660 2807 2718 famem
2828 2676 3023 2732 corpus
3041 2662 3397 2718 macilentam
3422 2665 3654 2729 reddere,

2064 2751 2205 2809 hanc
2227 2761 2405 2808 autem
2437 2753 2670 2807 animam
2704 2762 2981 2809 attenuare
3012 2771 3025 2807 :
3059 2753 3293 2823 idipsum
3314 2794 3331 2820 ,
3366 2756 3524 2825 quod
3565 2756 3656 2812 Do-

2064 2843 2244 2900 minus
2283 2852 2409 2899 tunc
2447 2844 2693 2915 supplicii
2725 2845 2845 2900 loco
2882 2845 2991 2900 illis
3027 2846 3357 2913 minabatur,
3392 2864 3543 2905 nunc
3571 2864 3656 2903 nos

2062 2942 2255 3004 sponte
2291 2934 2445 2991 nobis
2477 2934 2826 3001 attrahimus;
2859 2935 3019 3006 idque
3047 2946 3333 3007 postquam
3366 2939 3519 2993 Deus
3544 2949 3654 2994 tan-

2064 3032 2171 3081 tam
2201 3025 2371 3083 nostri
2397 3040 2580 3083 curam
2608 3025 2900 3082 declaravit
2922 3068 2939 3095 ,
2969 3036 3025 3082 et
3048 3026 3391 3097 dispensavit
3412 3068 3430 3095 ,
3460 3040 3526 3083 ut
3544 3045 3653 3083 cum

2061 3130 2333 3174 sacrarum
2358 3117 2753 3189 Scripturarum
2774 3118 3004 3175 lectione
3026 3121 3318 3177 habeamus
3338 3130 3404 3178 et
3424 3136 3458 3178 a
3478 3121 3653 3178 dodo-

2062 3202 2211 3265 ribus
2224 3213 2648 3269 .adnionitioncs.

2132 3302 2258 3357 Cuia
2294 3302 2508 3360 lectione
2552 3304 2836 3375 Scriptura:
2871 3305 3065 3359 monita
3100 3303 3415 3360 Doctorum.
3437 3336 3516 3347 —
3545 3306 3656 3361 Ideo

2056 3408 2156 3449 oro
2183 3405 2413 3452 vestram
2439 3395 2741 3462 caritatem,
2766 3403 2826 3451 ut
2858 3410 3085 3451 excussa
3123 3395 3337 3453 desidia
3382 3399 3652 3467 paululum

2060 3485 2502 3555 expergiscamiui
2530 3526 2546 3553 ,
2571 3497 2625 3542 et
2647 3486 2885 3543 studium
2912 3501 3073 3543 omne
3101 3488 3156 3543 in
3184 3488 3390 3543 animm
3430 3490 3651 3545 salutem

2062 3577 2410 3632 transferatis.
2452 3578 2541 3633 Sic
2578 3578 2725 3634 enim
2752 3588 2808 3634 et
2836 3594 2866 3633 a
2903 3578 3016 3634 Deo
3054 3577 3497 3635 benevolentiam
3535 3582 3653 3635 ube-

2057 3685 2175 3726 rem
2202 3670 2482 3727 attrahetis
2503 3712 2521 3738 ,
2560 3686 2766 3740 nosque
2803 3671 3091 3728 alacriores
3118 3671 3186 3726 ad
3215 3672 3543 3728 docendum
3567 3691 3651 3728 vus

2057 3765 2280 3831 erimus,
2309 3779 2443 3835 quos
2469 3763 2765 3821 videbimus
2790 3766 3015 3822 consilio
3044 3775 3233 3821 nostro
3259 3782 3482 3836 parere.
3516 3769 3653 3835 Quo-

2058 3855 2202 3911 niam
2226 3864 2282 3911 et
2306 3856 2558 3927 agricola,
2574 3856 2795 3927 quando
2815 3846 2961 3913 vide}
2986 3866 3181 3912 term
3206 3858 3529 3927 kmndam,
3556 3862 3653 3915 cnl-

2048 3955 2194 4003 ωιτη
2233 3946 2482 4004 idoneam
2526 3948 2903 4019 fructuumque
2938 3948 3190 4012 feracem,
3220 3958 3379 4018 parat
3400 3966 3467 4005 se
3494 3952 3649 4006 etiam

2058 4038 2171 4109 ipse
2197 4048 2256 4094 ut
2280 4040 2470 4111 majori
2497 4040 2674 4095 studio
2693 4041 2838 4096 illam
2857 4041 3035 4097 colat:
3062 4040 3250 4097 eodem
3278 4042 3449 4096 modo
3480 4052 3540 4097 et
3564 4058 3653 4097 nos

2055 4132 2100 4188 si
2126 4133 2419 4189 viderimus
2447 4143 2683 4189 vestrum
2709 4134 2763 4189 in
2793 4134 2987 4190 divinis
3016 4135 3346 4205 profectum,
3377 4143 3436 4189 et
3466 4150 3571 4189 vos
3597 4151 3651 4189 ea

2053 4239 2173 4294 quae
2195 4238 2226 4278 a
2253 4224 2406 4280 nobis
2433 4224 2700 4291 dicuntur,
2735 4225 2888 4280 factis
2921 4225 3161 4281 studiose
3191 4225 3444 4294 implete,
3480 4226 3651 4295 majo—

2053 4328 2168 4370 rem
2192 4315 2421 4371 docendi
2451 4316 2687 4372 laborem
2713 4316 3083 4371 exbibebimus
3114 4334 3128 4371 :
3162 4324 3350 4385 utpote
3376 4318 3651 4379 scientes.

2054 4420 2153 4462 nos
2175 4420 2279 4463 non
2306 4408 2360 4463 in
2388 4408 2554 4478 petris
2574 4409 2862 4477 seminare,
2883 4408 2981 4464 sed
3007 4408 3062 4463 in
3088 4408 3265 4478 pingui
3288 4416 3348 4463 et
3374 4408 3653 4478 profunda

2056 4510 2217 4555 terra.

2120 4594 2175 4648 2.
2211 4594 2510 4660 Utilitath
2530 4610 2630 4649 non
2650 4595 2860 4666 plausus
2874 4595 3189 4665 auditorum,
3216 4599 3402 4667 quierit
3420 4597 3649 4671 Chr-gas.

2052 4702 2263 4747 stomus.
2288 4691 2462 4746 Radix
2490 4694 2750 4749 homicidii
2781 4695 3067 4750 inuidia.-——
3087 4696 3165 4752 Ea
3201 4699 3346 4753 enim
3383 4700 3461 4755 de
3492 4717 3652 4756 causa

2050 4782 2291 4851 quotidie
2318 4782 2471 4838 vobis
2492 4785 2899 4852 concionamur,
2950 4796 3009 4841 ut
3051 4786 3251 4857 aliquid
3291 4788 3432 4843 lucri
3487 4792 3653 4845 facta-

2052 4873 2148 4939 tis,
2178 4883 2232 4943 et
2256 4872 2486 4929 virtutes
2505 4884 2698 4930 vestra:
2720 4887 3005 4943 crescant,
3036 4893 3240 4948 nosque
3269 4880 3534 4937 laetemur
3559 4898 3652 4937 ve-

2050 4973 2220 5018 strum
2259 4964 2503 5021 videntes
2532 4967 2851 5037 profectum.
2888 4970 3152 5041 Numquid
3178 4973 3326 5027 enim
3356 4983 3578 5029 temere
3604 4985 3655 5029 et

2051 5054 2104 5108 in
2131 5070 2325 5111 vanum
2351 5057 2534 5114 dicere
2561 5060 2829 5127 volumus,
2858 5072 2916 5115 ut
2940 5076 2970 5115 a
3004 5063 3158 5117 vobis
3183 5063 3400 5117 laudum
3437 5064 3652 5119 fructus

2049 5147 2391 5218 recipiamus,
2422 5158 2477 5205 et
2502 5160 2560 5205 ut
2586 5151 2902 5220 plaudentes
2921 5153 3167 5209 manibus
3196 5153 3515 5209 recedatis?
3537 5156 3649 5209 Non

2051 5239 2155 5296 hoc
2180 5250 2514 5310 spectamus;
2545 5242 2688 5298 absit
2718 5261 2737 5297 :,
2771 5244 2866 5300 sed
2907 5252 3138 5299 vestram
3178 5244 3500 5300 utilitatem.
3537 5246 3648 5300 Ila

2050 5336 2282 5389 maxima
2317 5336 2432 5391 laus
2457 5345 2540 5392 est
2568 5347 2623 5392 et
2650 5351 2895 5392 summus
2937 5337 3185 5407 plausus,
3212 5336 3258 5390 si
3285 5338 3409 5405 quis
3439 5352 3475 5391 a
3506 5339 3650 5391 vitiis

2050 5427 2117 5482 ad
2146 5428 2398 5483 virtutem
2440 5439 2801 5496 convertatur,
2832 5431 2877 5485 si
2903 5433 3024 5502 quis
3052 5440 3208 5485 antea
3228 5430 3427 5497 deses,
3458 5443 3648 5485 nostra

2049 5519 2422 5577 adhortatione
2441 5521 2711 5577 studiosus
2737 5524 2827 5577 flat
2845 5543 2860 5581 :
2880 5524 2983 5579 hoc
3000 5533 3053 5579 et
3070 5522 3200 5577 mihi
3228 5522 3538 5576 maximum
3566 5524 3647 5575 af-

2048 5612 2154 5668 fert
2178 5612 2426 5669 solatium
2454 5624 2510 5668 et
2538 5614 2771 5683 laudem,
2800 5625 2856 5672 et
2879 5616 3030 5672 vobis
3069 5617 3276 5671 lucrum
3320 5624 3383 5671 et
3425 5614 3645 5669 divitias

2051 5704 2374 5776 spirituales.
2408 5708 2513 5767 Sed
2544 5726 2648 5765 non
2675 5711 2905 5782 ambige,
2936 5710 3062 5780 quin
3084 5708 3323 5765 multum
3344 5707 3525 5763 studii
3548 5722 3642 5762 ex-
