3782 6300
164 339 262 398 471

153 450 251 506 καὶ
281 451 429 505 πᾶσα
457 450 688 520 κραυγὴ
717 449 949 518 ἀρθήτω
968 451 1258 521 ἀφ’ὐμῶν·
1290 452 1408 508 εἶτα
1436 455 1607 527 αὐτὴν
1630 457 1730 528 τὴν

154 535 306 606 ῥίζαν
334 534 434 604 τῆς
467 532 667 597 κακίας
699 533 932 607 ξηρᾶναι
971 533 1294 605 βουλόμενος
1338 537 1435 590 καὶ
1480 539 1730 608 ἄκαρπον

151 617 510 686 ἐργάσασθαι,
551 618 706 687 φησὶ,
745 617 872 671 Σὺν
896 618 1065 685 πάσῃ
1096 620 1296 684 κακίᾳ.
1346 619 1404 671 '0
1444 619 1551 690 γὰρ
1589 619 1732 672 οὕτω

149 702 488 771 διακείμενος
517 700 779 771 διηνεκῶς
795 703 854 753 ἐν
880 701 1058 771 λιμένι
1083 700 1342 770 κάθηται,
1372 701 1480 754 τῶν
1498 701 1607 753 ἀπὸ
1630 704 1731 773 τῆς

150 785 255 854 γῆς
286 784 551 852 κυμάτων
591 784 1030 854 ἀπηλλαγμένος,
1077 786 1170 837 καὶ
1206 783 1330 836 οὔτε
1369 784 1614 854 χειμῶνα
1640 784 1727 837 δέ-

147 869 347 933 δοικεν,
399 866 524 921 οὔτε
584 869 862 936 ναυάγιον,
911 867 1048 920 ἀλλὰ
1106 866 1357 937 καθάπερ
1405 869 1463 919 ἐν
1517 866 1731 937 γαλήνῃ

146 951 327 1004 πλέων
355 949 387 1021 ἡ
413 951 471 1004 ἐν
501 951 660 1021 εὑδίῳ
689 950 867 1020 λιμένι
895 948 1221 1021 καθήμενος,
1261 949 1430 1013 οὑτως
1455 949 1603 1002 ἐλκει
1637 949 1729 1002 τὸν

150 1037 395 1108 παρόντα
420 1035 535 1105 βίον
560 1035 739 1106 πάσης
762 1035 1005 1103 ταραχῆς
1033 1033 1191 1095 ἐκτὸς
1220 1032 1294 1085 ῶν
1319 1045 1368 1098 ο,
1402 1032 1495 1085 καὶ
1531 1032 1591 1085 οὑ
1628 1032 1727 1101 μό-

148 1138 241 1175 νον
270 1120 449 1185 τοῦτο,
490 1117 625 1172 ἀλλά
661 1119 755 1171 καὶ
790 1117 899 1169 τῶν
938 1116 1221 1170 ἀθανάτων
1267 1116 1362 1168 καὶ
1401 1116 1728 1187 ἀπορρήτων

150 1204 370 1273 ἀγαθῶν
402 1204 502 1273 τὴν
539 1201 834 1254 ἀπόλαυσιν
866 1197 1043 1269 ἐαυτῷ
1073 1198 1161 1251 διὰ
1203 1198 1418 1251 πάντων
1454 1198 1723 1269 προξενεῖ·

150 1282 230 1343 ὧν
260 1288 476 1355 γένοιτο
513 1285 719 1348 πάντας
757 1285 904 1355 ἡμᾶς
930 1284 1227 1352 ἐπιτυχεῖν,
1258 1281 1439 1351 χάριτι
1482 1282 1576 1335 καὶ
1609 1280 1727 1350 φιλ-

148 1371 437 1444 ανθρωπίᾳ
464 1368 558 1424 τοῦ
588 1369 794 1440 Κυρίου
822 1366 977 1438 ἡμῶν
1016 1363 1191 1435 Ἰησοῦ
1226 1363 1487 1436 Χριστοῦ,
1518 1363 1639 1435 μεθ’
1664 1359 1725 1420 οῦ

146 1458 229 1530 τῷ
268 1457 464 1527 Πατρὶ,
510 1455 625 1526 ἅμα
676 1452 755 1524 τῷ
793 1450 932 1522 ἁγίῳ
970 1448 1270 1520 Πνεύματι,
1314 1450 1461 1514 δόξα,
1502 1451 1722 1523 κράτος,

148 1542 306 1613 τιμὴ,
345 1540 441 1596 νῦν
474 1541 568 1595 καὶ
594 1538 702 1604 ἀεὶ,
727 1537 824 1592 καλ⁸
859 1536 940 1599 είς
965 1534 1091 1597 τοὺς
1115 1533 1318 1600 αἰῶνας
1350 1533 1458 1589 τῶν
1489 1536 1722 1591 αἰώνων.

165 1627 358 1698 Ἀμήν.

736 1707 981 1761 OMIAIA
1011 1707 1136 1765 NA'.

147 1792 479 1849 Καλέσασα
510 1790 578 1844 δὲ
622 1788 907 1862 Ῥεϐέκκα,
933 1790 1039 1844 τὸν
1065 1791 1211 1862 υίὸις
1224 1786 1415 1862 αὐτῆς
1438 1792 1547 1847 τὸν
1582 1790 1725 1846 νεώ-

640 1877 834 1927 τερον,
862 1861 1030 1935 εἶπεν
1059 1858 1240 1925 αὐτῷ.

207 1952 277 2001 α’.
290 1944 474 1998 Είδετε
487 1942 617 2014 χθὲς
638 1944 732 1997 καὶ
750 1941 846 1995 τοῦ
865 1942 1097 1997 τελώνου
1119 1943 1221 2014 τὴν
1241 1942 1443 2015 πολλὴν
1456 1943 1725 2013 εὐγνωμο-

146 2028 337 2098 σύνην,
362 2029 456 2081 καὶ
494 2025 590 2080 τοῦ
625 2026 897 2080 Δεσπότου
920 2026 1019 2098 τὴν
1046 2026 1254 2095 ἄφατον
1290 2025 1720 2098 φιλανθρωπίαν,

145 2114 245 2168 καὶ
280 2114 391 2166 τῶν
425 2112 692 2166 Ἰουδαίων
719 2113 819 2183 την
848 2110 1288 2181 ὑπερϐάλλουσαν
1324 2111 1719 2182 ἀναισθησίανς

145 2197 305 2269 [522]
322 2197 502 2264 Εῖδετε
519 2196 637 2259 πῶς
657 2196 945 2266 ἃπανταςὴ
956 2197 1063 2266 μᾶς
1083 2196 1400 2249 ἐπαίδευσεν
1412 2198 1440 2248 6
1454 2196 1723 2266 μακάριος

142 2281 447 2344 Ματθαῖος,
500 2279 568 2333 δι’
607 2273 682 2333 ὧν
731 2277 878 2333 οὕτω
904 2279 1115 2351 ταχέως
1169 2279 1478 2351 ὑπήκουσε,
1529 2280 1592 2333 δι’
1645 2274 1722 2335 ὧν

139 2364 419 2433 τοσαύτην
446 2362 762 2429 ἐπεδείξατο
795 2363 892 2434 τὴν
923 2361 1245 2434 μεταϐολὴν,
1278 2363 1361 2416 ὅτι
1398 2364 1456 2415 ἐν
1491 2364 1558 2433 τῇ
1596 2381 1724 2433 προ-

139 2449 357 2521 αιρέσει
378 2450 554 2505 κεῖται
574 2450 640 2519 τῇ
666 2446 930 2518 ἡμετέρα,
957 2446 1093 2518 μετά
1117 2447 1216 2516 τὴν
1234 2447 1440 2501 ἀνωθεν
1457 2447 1723 2518 χάριν,τά

136 2534 247 2604 τῆς
270 2532 469 2603 ἀρετῆς
502 2531 598 2585 καὶ
630 2533 730 2600 τῆς
762 2530 992 2593 κακίας⁸
1024 2530 1118 2583 καὶ⁵
1148 2530 1229 2583 ὅτι
1259 2529 1355 2583 καὶ
1388 2529 1722 2585 σπουδάσαν-

134 2632 237 2679 τες
283 2614 557 2685 δυνάμεθα
586 2611 841 2681 γενέσθαι
872 2612 1138 2682 ἐνάρετοι,
1175 2612 1270 2665 καὶ
1307 2612 1722 2683 ρᾳθυμὴσαντες

134 2699 308 2753 πάλιν
337 2699 417 2761 είς
450 2698 541 2750 τὸν
565 2699 665 2768 τῆς
686 2694 967 2766 ἁμαρτίας
989 2694 1233 2765 κρημνὸν
1262 2694 1717 2764 καταφερόμεθα;

135 2784 317 2840 τοῦτο
339 2783 448 2855 γάρ
469 2782 615 2835 ἐστιν
646 2774 691 2849 ᾧ
722 2780 829 2833 τῶν
862 2778 1070 2847 ἀλόγων
1096 2777 1475 2848 διεστήκαμεν,
1498 2777 1559 2829 τὸ
1578 2778 1721 2848 λόγῳ

132 2866 469 2938 τετιμῆσθαι
507 2866 654 2936 ἡμᾶς
687 2864 834 2935 παρά
866 2862 963 2916 τοῦ
998 2860 1378 2930 φιλανθρώπου
1422 2859 1577 2928 Θεοῦ,
1625 2862 1721 2915 καὶ

134 2952 204 3003 ἐν
224 2950 294 3021 τῇ
327 2945 487 3016 φύσει
510 2946 575 3015 τῇ
601 2943 843 3014 ἡμετέρᾳ
868 2938 1253 2995 ἐναποκεῖσθαι
1279 2939 1378 3010 τὴν
1398 2938 1599 3008 γνῶσιν
1625 2938 1719 3021 τοῦ

132 3029 311 3086 καλοῦ
336 3030 431 3082 καὶ
453 3025 548 3081 τοῦ
579 3025 838 3095 πονηροῦ.
869 3022 1076 3093 Μηδεὶς
1099 3022 1279 3074 τοίνυν
1301 3020 1720 3092 προφασιζέσθω

124 3113 217 3178 ὡς
245 3113 313 3166 δι’
348 3111 571 3180 ἄγνοιαν
595 3111 795 3180 ἀρετῆς
829 3106 1068 3177 ἀμελῶν,
1102 3105 1135 3176 ἡ
1160 3105 1247 3158 διὰ
1267 3105 1327 3158 τὸ
1362 3106 1437 3176 μὴ
1464 3104 1606 3175 ἔχειν
1627 3105 1720 3159 τὸν

132 3196 534 3253 ὑποδεικνύντα
569 3194 669 3264 τὴν
711 3192 916 3261 ταύτης
961 3191 1099 3246 όδόν.
1147 3189 1442 3259 Ἀρκοῦντα
1467 3189 1575 3259 γὰρ
1604 3189 1721 3259 ἔχο.

134 3299 245 3356 μεν
273 3278 592 3333 διδάσκαλον
618 3276 678 3329 τὸ
704 3274 958 3337 συνειδὸς,
984 3274 1078 3326 καὶ
1105 3272 1202 3342 οὑχ
1226 3266 1337 3356 οἶόν
1358 3273 1420 3325 τέ
1454 3289 1577 3325 τινα
1610 3273 1722 3356 ἀπ-

128 3353 471 3435 εστερῆσθαι
498 3364 596 3431 τῆς
625 3357 833 3412 ἐκεῖθεν
878 3356 1149 3427 βοηθείας.
1192 3353 1300 3408 καὶ
1336 3356 1445 3426 γάρ
1492 3356 1609 3427 ἅμα
1651 3354 1717 3427 τῇ

128 3450 342 3502 πλάσει
385 3445 477 3499 τοῦ
520 3441 807 3515 ἀνθρώπου
854 3441 949 3494 καὶ
990 3439 1255 3511 ἡγνῶσις
1278 3439 1387 3491 τῶν
1432 3439 1721 3511 πρακτέων

127 3532 295 3601 αὑτῷ
322 3529 645 3598 ἐναπετέθη,
679 3528 767 3580 ἵνα
793 3526 890 3596 τὴν
914 3524 1118 3578 οἰκείαν
1146 3524 1568 3595 εὐγνωμοσύνην
1602 3525 1721 3579 ἐπι-

126 3616 477 3684 δειξάμενος,
510 3610 759 3680 καθάπερ
798 3606 1196 3677 ὲν-παλαίστρᾳ
1221 3605 1356 3668 τινὶ,
1384 3604 1462 3676 τῷ
1494 3608 1720 3676 παρόντι

128 3700 243 3770 βίῳ
288 3694 776 3767 ἐγγυμνασάμενος
811 3691 945 3762 πρὸς
988 3690 1113 3751 τοὺς
1145 3690 1243 3759 τῆς
1269 3690 1469 3760 ἀρετῆς
1506 3689 1716 3755 πόνους,

106 3784 205 3836 -τὰ
230 3783 373 3851 ὑπὲρ
391 3783 491 3850 τῆς
519 3779 719 3848 ἀρετῆς
749 3773 975 3846 βραϐεῖα
993 3771 1304 3841 κομίσηται,
1330 3772 1424 3824 καὶ
1445 3773 1503 3824 ἐν
1528 3772 1723 3844 βραχεῖ

124 3866 321 3937 χρόνῳ
354 3863 611 3933 πονήσας,
642 3861 698 3911 ἐν
736 3858 975 3937 διηνεκεῖ
998 3854 1074 3921 τῶ
1109 3852 1264 3907 αίῶνι
1302 3852 1409 3907 τῶν
1441 3855 1722 3924 στεφάνων

124 3922 424 4017 ἀξιωθείη,
456 3922 549 3999 κα)⁸
572 3922 629 3997 ἐν
654 3942 730 4014 τῷ
754 3922 918 4011 ἐπιῖιή
929 3957 1006 4011 ρῳ
1026 3938 1200 4007 τούτῳ
1227 3937 1383 3991 αίῶνι
1400 3937 1501 4009 τὴν
1520 3922 1721 4010 ἀρετὴν

125 4032 419 4102 ἐλόμενος,
476 4030 533 4081 ἐν
579 4028 691 4089 τοῖς
745 4024 994 4094 ἀπείροις
1043 4023 1135 4076 καὶ
1182 4020 1372 4084 62810:;
1417 4022 1577 4075 αίῶσι
1613 4024 1722 4078 τῶν

124 4115 429 4169 ἀθανάτων
458 4109 679 4179 ἀγαθῶν
727 4106 995 4178 ἀπολαύῃ.
1030 4106 1208 4175 Ὅπερ
1240 4104 1465 4170 εἰδότες,
1505 4105 1723 4178 ἀγαπη-

121 4199 244 4261 τοὶ,
280 4196 356 4267 μὴ
377 4193 660 4265 προδῶμεν
688 4190 843 4263 ἡμῶν
862 4190 961 4260 τὴν
987 4188 1285 4257 εὐγένειαν,
1311 4187 1390 4259 μὴ
1410 4186 1722 4258 ἀγνώμονες

124 4282 276 4353 περὶ
321 4280 421 4350 τὴν
458 4276 727 4345 τοσαύτην
780 4272 1101 4344 εὐεργεσίαν
1139 4270 1448 4340 γενώμεθα,
1494 4271 1633 4353 μηδὲ
1661 4271 1722 4325 τὸ

123 4352 479 4436 πρόσκαιρον
529 4360 629 4429 τῆς
688 4356 948 4425 δοκούσης
1014 4355 1206 4426 ἡδονῆς
1272 4352 1719 4424 μεταδιώξαντες,

120 4448 366 4517 διηνεκῆ
409 4444 508 4515 τὴν
543 4443 737 4512 ὀδύνην
772 4442 982 4503 ἑαυτοῖς
1019 4437 1540 4507 κατασκευάσωμεν·
1588 4438 1723 4492 άλλά

121 4533 229 4585 τὸν
253 4528 553 4597 ἀκοίμητον
573 4523 847 4594 ὀφθαλμὸν
871 4521 958 4575 τὸν
974 4520 1041 4573 τὰ
1063 4520 1349 4591 ἀπόρρητα
1368 4520 1466 4589 τῆς
1486 4519 1723 4583 διανοίας

122 4611 508 4680 ἐπιστάμενον
553 4607 814 4680 διηνεκῶς
853 4601 1249 4676 προορώμενοι,
1288 4601 1459 4665 οὕτως
1506 4601 1722 4655 ἅπαντα

119 4698 206 4750 τὰ
259 4693 385 4748 καθ’
424 4692 650 4754 ἐαυτους
699 4686 1088 4758 οίκονομῶμεν,
1128 4685 1223 4737 καὶ
1252 4687 1366 4748 τοῖς
1414 4684 1596 4747 ὅπλοις
1626 4682 1720 4737 τοῦ

120 4778 459 4847 Πνεύματος
491 4774 844 4845 φραξάμενοι,
874 4771 967 4824 καλ⁵
1005 4771 1105 4840 τὴν
1135 4768 1342 4822 οίκείαν
1375 4767 1723 4837 εὐγνωμοσύ⁹

120 4881 237 4930 νην
266 4858 686 4927 ἐπιδειξάμενοι,
709 4852 1144 4924 ἐπισπασώμεθα
1166 4853 1265 4921 τὴν
1292 4851 1498 4905 ἀνωθεν
1526 4850 1719 4922 ῥοπὴν,

122 4948 226 5001 ἴνα
290 4945 390 5015 τῆς
442 4941 653 4996 ἐκεῖθεν
695 4938 1060 5001 ἀπολαύοντες
1108 4936 1445 5008 συμμαχίας,
1493 4938 1587 4990 καὶ
1626 4934 1721 4988 τοῦ

117 5026 341 5099 ἐχθροῦ
369 5027 462 5079 καὶ
486 5023 745 5094 πολεμίου
771 5022 1203 5094 περιγενόμενοι,
1233 5021 1328 5073 καὶ
1348 5021 1532 5090 ἄκυρα
1556 5018 1721 5073 αὑτοῦ

117 5112 584 5181 καταστήσαντες
627 5107 697 5162 :6
737 5106 1129 5178 μηχανήματα,
1169 5105 1277 5159 τῶν
1313 5106 1533 5174 ἀγαθῶν
1579 5105 1722 5158 ἐκεί-

115 5216 243 5251 νων
304 5192 609 5246 ἀπολαῦσαι
671 5191 1009 5261 δυνηθῶμεν,
1067 5184 1143 5244 ὧν
1193 5192 1558 5262 ἐπηγγείλατο
1608 5192 1722 5253 τοῖς

113 5277 428 5347 ἀγαπῶσιν
450 5276 611 5329 αὑτὸν
641 5275 669 5327 6
696 5275 919 5347 Κύριος.
950 5276 1043 5346 Μὴ
1065 5274 1257 5328 τοίνυν
1279 5275 1412 5345 πρὸς
1440 5276 1531 5339 τὸν
1560 5274 1721 5327 πόνον

113 5379 215 5425 τις
250 5361 439 5431 δράτω
481 5360 580 5429 τῆς
615 5359 836 5431 ἀρετῆς,
869 5358 1002 5412 ἀλλά
1034 5360 1095 5411 τὸ
1128 5358 1376 5413 ἐντεῦθεν
1411 5360 1600 5431 κέρδος
1631 5359 1720 5411 λο-

115 5446 428 5516 γιζόμενος
462 5445 693 5513 ἑτοίμως
732 5444 857 5507 τοὺς
904 5444 1043 5513 ὑπὲρ
1086 5443 1288 5513 ταύτης
1323 5444 1516 5506 πόνους
1552 5436 1719 5496 καταὲ

112 5528 397 5599 ὼχέσθω.
443 5528 506 5579 Et
552 5527 661 5598 γάρ
699 5528 747 5580 οἱ
800 5527 928 5597 περὶ
964 5527 1030 5580 τά
1070 5520 1296 5597 βιωτικὰ
1345 5528 1719 5599 στρεφόμενοι,

115 5615 226 5667 καὶ
281 5612 412 5683 περὶ
456 5611 554 5681 τὴν
600 5612 710 5664 τῶν
750 5611 1047 5682 χρημάτων
1093 5610 1353 5683 συλλογὴν
1394 5612 1717 5684 μεμηνότες,

114 5697 357 5752 ἅπαντα
396 5692 691 5765 προθύμως
726 5694 1131 5765 καταδέχονται,
1172 5697 1265 5749 καὶ
1296 5695 1417 5759 τοὺς
1451 5695 1590 5749 κατά
1626 5694 1719 5748 06-

188 5863 218 5893 ⁸
247 5862 353 5911 Sc:
384 5875 499 5912 mss.
544 5870 747 5926 ταραχῆς
770 5864 1003 5927 ἐλεύθερος
1027 5865 1107 5911 ῶν.

1180 341 1255 399 ἸΝ
1282 341 1448 401 ίϐΔΡ.
1484 341 1677 398 XXVII
1712 337 1957 400 GENES.
1998 342 2235 402 BOIIIL.
2270 346 2413 404 LW.

1838 455 2038 510 λατταν
2069 459 2368 525 κινδύνους,
2407 463 2502 515 καὶ
2526 464 2597 517 τὰ
2624 464 2885 534 ναυάγια,
2907 468 3000 521 καὶ
3036 470 3134 534 τὰς
3154 472 3262 526 τῶν
3290 491 3419 530 πειο

1840 538 2017 628 ρατῶν
2043 540 2266 628 ἐφόδους
2302 544 2663 628 προορῶντες,
2704 548 2825 601 οὑδὲ
2858 550 3030 614 οῦτως
3065 553 3412 628 ὀκνηρότεροι

1834 621 2094 687 γίνονται,
2120 624 2219 677 καὶ
2235 624 2408 678 ταῦτα
2430 627 2549 680 οὐδὲ
2580 628 2801 701 θαρρεῖν
2821 634 2952 701 περὶ
2976 635 3071 687 τοῦ
3100 621 3286 701 τέλους
3310 621 3409 691 δυ-

1836 704 2077 774 νάμενοι·
2108 707 2265 760 ποίαν
2297 711 2461 779 ἡμεῖς
2496 710 2687 782 ἕξομεν
2724 715 3037 785 ἀπολογίαν,
3074 720 3179 773 τῶν
3211 722 3411 777 ἀθανάο

1834 802 1942 871 των
1992 787 2215 871 ἐκείνων
2257 790 2441 844 ἕνεκεν
2472 794 2609 864 πρὸς
2656 798 2779 858 τοὺς
2825 798 2926 867 τῆς
2955 799 3157 871 ἀρετῆς
3194 804 3413 871 ἀγῶνας

1839 867 1914 953 μὴ
1946 869 2102 953 ’πάιν-’ξιΔ
2124 872 2327 943 σπουδῇ
2375 876 2469 927 καὶ
2517 878 2791 949 προθυμίᾳ
2826 867 3213 953 ἀποδυόμενοι;
3243 867 3410 953 νΤίνος

1834 949 2218 1039 ἐνεκεν-οὑτως
2244 954 2559 1039 ἀγνώμονες
2587 960 2718 1029 περι
2748 961 2845 1014 τὸν
2868 949 3162 1037 εὐεργέτην
3192 949 3411 1039 γινόμελ

1835 1031 1923 1118 θα,
1956 1035 2057 1118 καῖ
2088 1035 2211 1088 οὑτε
2242 1037 2310 1090 τά
2334 1038 2433 1109 ἤδη
2462 1039 2771 1112 δωρηθέντα
2796 1031 3142 1118 λογιζόμεθα,
3185 1031 3411 1108 οὕτε-τὰ

1833 1116 2243 1199 ἐπαγγελθέντα
2296 1121 2601 1192 ἐννοοῦμεν,
2644 1124 2778 1179 ἀλλά
2815 1116 3052 1194 πάντων,
3097 1133 3172 1196 ὡς
3213 1136 3405 1199 εἰπεῖν,

1834 1197 2413 1285 λήθηνποιησάμενοι,
2441 1204 2629 1269 ἁπλῶς
2666 1210 2758 1260 καὶ
2783 1210 2907 1280 είκῆ
2941 1212 3297 1285 βοσκημάτων
3327 1197 3407 1271 δίέ

1832 1298 1937 1372 κην
1958 1281 2083 1372 βίον
2110 1282 2327 1372 ἅπαντα
2352 1288 2788 1372 παρατρέχομεν,
2816 1292 2917 1363 τῆς
2943 1296 3040 1364 μὲν
3060 1281 3235 1372 ψυχῆς
3259 1300 3410 1353 οὑδε-

1837 1366 1984 1453 μίανΔ
2010 1366 2329 1453 ἐπιμέλειαν
2368 1369 2700 1453 ποιούμενοι,
2732 1374 2832 1445 τὴν
2872 1376 2929 1429 δέ
2963 1366 3200 1448 γαστέρα
3241 1382 3416 1453 μόνην

1831 1448 2274 1537 διαρρηγνύντες,
2302 1452 2400 1537 καί
2421 1452 2621 1537 πολλὴν
2645 1456 2732 1508 διὰ
2754 1458 2959 1526 ταύτης
2982 1461 3059 1531 τῷ
3079 1448 3417 1537 ταλαιπώρω

1830 1531 2007 1603 τούτῳ
2032 1531 2245 1603 σώματι
2268 1534 2370 1605 τὴν
2389 1534 2566 1608 λύμην
2586 1542 3104 1609 κατασκευάζοντες,
3132 1547 3227 1600 καὶ
3253 1531 3417 1603 τοῦτο

1834 1614 2055 1699 μὲνδιά
2085 1615 2189 1686 τῆς
2231 1617 2516 1689 ἀμετρίας,
2564 1622 2661 1675 καὶ
2712 1624 2810 1694 τῆς
2856 1626 3061 1697 πολλῆς
3098 1628 3409 1699 ἀδηφαγίας

1835 1698 2005 1771 μυρία
2042 1699 2343 1782 πράγματα
2373 1704 2802 1769 κατασκευάζειν
2827 1710 2962 1779 ἡμῖν
3000 1698 3412 1782 παρασκευάζο-

1826 1796 1981 1866 μεν,
2009 1781 2109 1853 τὴν
2151 1783 2208 1835 δὲ
2241 1783 2442 1866 γψυχὴν
2487 1786 2631 1858 λιμῷ
2689 1790 2946 1861 τήκεσθαι
2988 1781 3407 1866 συγχωροῦμενς

1832 1863 1984 1949 [525]
2013 1866 2190 1949 καίτοι
2221 1865 2365 1938 ψυχὴ
2397 1868 2648 1939 σώματος
2674 1873 3026 1945 κυριώτερον,
3068 1879 3161 1931 καὶ
3184 1863 3409 1949 ἐκείνης

1828 1945 2195 2018 ἀπειρηκυίας
2250 1951 2443 2021 νεκρὸν
2486 1951 2647 2004 τοῦτο
2698 1955 3105 2013 καταλείπεται.
3143 1959 3271 2014 Δέον
3314 1945 3412 2015 οῦν

1830 2032 2060 2103 κάκείνῃ
2103 2031 2202 2103 τὴν
2240 2034 2576 2106 κατάλληλον
2607 2035 2701 2089 καὶ
2734 2038 3110 2115 ἁρμόττουσαν
3143 2044 3411 2115 παρέχειν

1826 2115 2038 2197 τροφὴν
2068 2117 2237 2185 ἡμᾶς,
2262 2117 2554 2184 ἑκατέροις
2584 2119 2972 2190 λυμαινόμεθα,
3010 2125 3279 2197 ἀμετρίαν
3312 2129 3407 2181 καὶ

1830 2195 2065 2279 ἐνταῦθα
2111 2199 2274 2252 κάκεῖ
2329 2201 2530 2271 πολλὴν
2572 2202 3035 2274 ἐπιδεικνύμενοι,
3078 2195 3171 2260 καῖ
3210 2208 3272 2261 τδ
3307 2210 3413 2279 μὲν

1829 2278 1973 2348 ὑπὲρ
2004 2281 2106 2350 τὴν
2148 2280 2339 2351 χρείαν
2379 2284 2703 2347 πιαίνοντες,
2742 2285 2842 2356 τὴν
2878 2285 2937 2339 δὲ
2971 2288 3075 2341 ὑπὸ
3111 2289 3270 2359 λιμοῦ
3299 2278 3409 2345 δια-

1820 2361 2149 2432 φθείρεσθαι
2186 2364 2715 2435 καταναγκάζοντες.
2750 2366 2860 2420 Καὶ
2901 2368 3038 2440 ὅπερ
3078 2374 3107 2426 6
3133 2373 3241 2427 τῶν
3271 2374 3412 2429 ὅλων

1829 2444 2106 2530 Δεσπότης
2136 2446 2196 2530 ἐν
2223 2442 2372 2511 τάξει
2406 2450 2668 2521 μεγίστης
2694 2452 3121 2524 ἀγανακτήσεως
3145 2458 3408 2530 ἠπείλησε

1828 2544 1959 2581 ποτε
1993 2527 2070 2597 τῷ
2098 2528 2206 2581 τῶν
2240 2530 2507 2584 Ἰουδαίων
2532 2531 2708 2603 δήμῳ,
2729 2533 2923 2603 λέγων,
2958 2535 3133 2591 Δώσω
3160 2543 3305 2610 ὑμῖν
3330 2527 3412 2598 ὀὐ

1827 2611 2006 2680 λιμὸν
2036 2611 2239 2680 ἄρτου,
2265 2612 2409 2666 οὐδέ
2437 2613 2629 2682 δίψαν
2654 2615 2891 2683 ὕδατος,
2919 2619 3082 2674 ἀλλὰ
3102 2623 3284 2691 λιμὸν
3300 2625 3408 2678 τοῦ

1828 2695 2086 2749 ἀκοῦσαι
2122 2696 2308 2764 λόγον
2342 2698 2582 2763 Κυρίου,
2613 2697 2878 2753 διδάσκων
2905 2704 3052 2771 ἡμᾶς
3089 2704 3171 2758 ὅτι
3202 2706 3408 2772 ἐκεῖνος

1832 2778 1930 2846 μὲν
1964 2778 1993 2829 6
2017 2778 2175 2848 λιμὸς
2201 2779 2263 2832 τὸ
2287 2780 2447 2850 σῶμα
2476 2782 2814 2835 κατατείνειν
2839 2783 3081 2848 δύναται,
3110 2783 3263 2852 οὗτος
3291 2788 3345 2843 δὲ
3378 2791 3411 2843 6

1827 2858 1985 2929 λιμὸς
2018 2862 2189 2931 αὑτῆς
2220 2862 2557 2916 καθικνεῖται
2582 2865 2683 2934 τῆς
2709 2865 2910 2936 ψυχῆς
2940 2867 3083 2922 τοῦτ’
3122 2870 3253 2922 αὐτὸ
3289 2871 3405 2936 νῦν,

1827 2943 1964 3014 ὅπερ
1993 2943 2112 2998 ἀντὶ
2135 2945 2405 3017 τιμωρίας
2432 2947 2661 3012 ἐκείνοις
2689 2950 2913 3017 ἐπάγειν
2957 2951 3075 3003 τότε
3113 2952 3411 3023 ἠπείλησεν

1827 3028 1856 3079 6
1872 3027 2165 3096 Δεσπότης,
2188 3030 2350 3098 ἡμεῖς
2367 3029 2586 3092 ἑκόντες
2609 3030 2990 3102 ἐπισπώμεθα,
3016 3033 3108 3086 καὶ
3124 3034 3295 3087 ταῦτα
3312 3035 3409 3087 τοῦ

1826 3106 1961 3161 Θεοῦ
1973 3109 2240 3180 τοσαύτην
2251 3128 2317 3163 πε
2326 3111 2378 3181 ρ).
2389 3112 2535 3180 ἡμᾶς
2550 3111 2873 3182 κηδεμονίαν
2887 3114 3408 3185 ἐπιδειξαμένου,καὶ

1826 3193 2272 3263 οίκονομήσαντος
2289 3195 2424 3263 μετά
2435 3195 2531 3265 τῆς
2546 3195 2654 3248 ἀπὸ
2664 3195 2771 3248 τῶν
2784 3196 3015 3268 Γραφῶν
3031 3199 3406 3266 ἀναγνώσεως,

1828 3275 1970 3346 ἔχειν
1992 3277 2141 3345 ἡμᾶς
2178 3277 2269 3330 καὶ
2309 3276 2407 3346 τὴν
2455 3278 2565 3330 ἀπὸ
2604 3278 2715 3331 τῶν
2744 3278 3076 3333 διδασκάλων
3106 3282 3408 3336 νουθεσίαν.

1899 3358 1977 3411 Δι’
2018 3359 2046 3410 6
2095 3359 2397 3430 παρακαλῶ
2440 3360 2538 3430 τὴν
2600 3361 2868 3431 ὑμετέραν
2922 3362 3162 3434 ἀγάπην,
3233 3365 3415 3418 πᾶσαν

1830 3439 2100 3511 ρᾳθυμίαν
2162 3442 2584 3507 ἀποτινάξασθαι
2650 3444 2743 3496 καὶ
2793 3444 3132 3516 διεγερθῆναι
3192 3446 3407 3517 μικρὸν,

1828 3525 1922 3577 καὶ
1978 3525 2157 3576 πᾶσαν
2211 3526 2308 3595 τὴν
2374 3525 2607 3597 σπουδὴν
2666 3526 2981 3596 μεταθεῖναι
3046 3529 3140 3581 ἐπὶ
3188 3529 3287 3600 τὴν
3310 3533 3409 3602 τῆς

1826 3606 2004 3675 ψυχῆς
2040 3606 2327 3677 σωτηρίαν.
2365 3606 2519 3661 Οῦτω
2569 3606 2677 3679 γάρ
2730 3608 2796 3662 ἂν
2837 3611 2931 3662 καὶ
2980 3609 3077 3680 τὴν
3120 3612 3272 3681 παρά
3315 3614 3407 3666 τοῦ

1828 3688 1964 3739 Θεοῦ
1988 3686 2200 3740 εῦνοιαν
2228 3687 2363 3758 μετά
2389 3688 2666 3757 δαψιλείας
2700 3691 3097 3762 ἐπισπάσησθε,
3130 3694 3221 3745 καὶ
3247 3695 3408 3765 ἡμεῖς

1829 3769 2233 3841 προθυμότερον
2271 3770 2370 3841 τὴν
2412 3769 2551 3840 πρὸς
2592 3771 2736 3840 ὑμᾶς
2774 3772 3121 3827 διδασκαλίαν
3170 3778 3409 3846 ποιησώ-

1832 3852 1992 3922 μεθα,
2013 3852 2246 3922 ὁρῶντες
2268 3854 2348 3915 είς
2377 3852 2537 3923 ἔργον
2569 3853 2724 3923 ἡμῶν
2759 3855 3117 3910 ἐκϐαίνουσαν
3138 3857 3234 3929 τὴν
3270 3876 3409 3930 συμ-

1829 3935 2046 4007 ϐουλήν.
2084 3934 2236 3989 Ἐπεὶ
2267 3936 2360 3989 καὶ
2397 3936 2659 4006 γεωργὸς,
2696 3937 2914 3991 ἐπειδάν
2943 3938 3025 4011 ἴδῃ
3058 3940 3158 4009 τῆς
3179 3940 3282 4011 γῆς
3307 3943 3407 4010 τὴν

1830 4019 2239 4090 ἐπιτηδειότητα
2263 4018 2462 4089 πολλὴν
2489 4019 2836 4091 παρέχουσαν
2868 4018 3012 4091 αὐτῷ
3044 4022 3152 4075 τῶν
3179 4025 3409 4095 καρπῶν

1829 4104 1927 4175 τὴν
1959 4103 2151 4173 φορὰν,
2190 4103 2284 4156 καὶ
2327 4102 2488 4165 αὑτὸς
2541 4101 2680 4172 μετὰ
2732 4102 2976 4166 πλείονος
3020 4108 3121 4175 τῆς
3169 4108 3405 4177 σπουδῆς

1830 4187 1967 4259 πρὸς
2014 4186 2138 4248 τοὺς
2185 4185 2282 4255 τῆς
2326 4184 2599 4256 γεωργίας
2641 4186 2835 4249 πόνους
2882 4188 3263 4242 ἐπαποδύεται·
3315 4191 3409 4244 τὸν

1830 4271 1993 4346 αὑτὸν
2034 4270 2098 4341 δὴ
2132 4269 2332 4341 τρόπον
2367 4270 2460 4322 καὶ
2500 4269 2659 4340 ἡμεῖς
2697 4268 2763 4322 ἂν
2792 4269 3118 4340 θεασοίμεθα
3145 4272 3244 4342 τὴν
3268 4273 3409 4328 κατά

1823 4354 1961 4408 Θεὸν
1994 4352 2149 4424 ὑμῶν
2175 4353 2479 4422 προκοπὴν,
2506 4352 2600 4406 καὶ
2624 4352 2704 4404 ὅτι
2721 4351 2789 4405 τά
2812 4353 2942 4423 παρ’
2971 4354 3124 4424 ἡμῶν
3144 4354 3409 4425 λεγόμενα

1829 4438 1915 4491 διὰ
1940 4437 2046 4489 τῶν
2073 4436 2250 4508 ἔργων
2277 4435 2645 4488 ἐνδείκνυσθαι
2675 4434 3024 4498 σπουδάζετε,
3063 4436 3281 4489 πλείονα
3314 4440 3410 4492 καὶ

1828 4520 1983 4575 αὐτοὶ
2030 4520 2120 4572 τὸν
2158 4518 2318 4572 πόνον
2346 4517 2433 4570 τὸν
2462 4516 2837 4570 διδασκαλικὸν
2870 4516 3266 4588 ἐπιδειξόμεθα·
3311 4520 3408 4572 ἆτε

1830 4603 2031 4666 εἰδότες
2063 4603 2144 4655 ὅτι
2163 4601 2223 4654 οὑ
2254 4600 2395 4654 κατά
2422 4598 2636 4669 πετρῶν
2659 4599 2973 4669 σπείρομεν,
3003 4600 3118 4653 ἀλλ’
3138 4603 3221 4663 εἰς
3244 4601 3409 4657 λιπα-

1822 4687 1933 4759 ρὰν
1964 4691 2057 4739 καὶ
2083 4684 2364 4755 βαθύγεων
2392 4682 2804 4752 καταϐάλλομεν
2828 4683 2897 4735 :6
2918 4684 3229 4755 σπέρματα.

1826 4828 1829 4833 ς
1882 4770 1946 4839 β’.
1964 4768 2063 4822 Διά
2078 4769 2187 4841 γάρ
2200 4769 2358 4822 τοῦτο
2376 4768 2498 4821 καθ’
2516 4767 2755 4836 ἑκάστην
2768 4765 2980 4836 ἡμέραν
3000 4767 3099 4835 την
3117 4766 3251 4837 πρὸς
3267 4766 3409 4836 ὑμᾶς

1824 4852 2174 4907 διδασκαλίαν
2210 4849 2535 4922 ποιούμεθα,
2564 4850 2651 4901 ἵνα
2678 4848 2770 4900 καὶ
2801 4849 2958 4917 ὑμεῖς
2982 4848 3333 4918 κερδάναντές
3355 4865 3409 4900 τι

1827 4937 2100 5007 χρήσιμον
2126 4934 2376 4989 ἐντεῦθεν
2400 4933 2695 5001 ἀπέλθητε,
2719 4932 2811 4984 καὶ
2841 4930 2910 4983 τὰ
2935 4930 3036 5000 τῆς
3056 4931 3259 5003 ἀρετῆς
3280 4932 3413 4999 ὑμῖν

1828 5019 2145 5091 αὐξάνηται,
2176 5019 2272 5072 καὶ
2308 5019 2471 5087 ἡμεῖς
2512 5015 2750 5084 ὁρῶντες
2789 5013 2944 5081 ὑμῶν
2985 5012 3085 5083 τὴν
3125 5013 3411 5082 προκοπὴν

1829 5100 2270 5172 εὐφραινώμεθα.
2291 5092 2525 5168 Μὴ-γάρ
2542 5095 2726 5158 ἀπλῶς
2742 5095 2836 5147 καὶ
2865 5095 2987 5164 είκῆ
3020 5093 3198 5162 λέγειν
3222 5093 3407 5163 βουλό-

1834 5184 1994 5253 μεθα,
2014 5184 2155 5236 ὥστε
2178 5184 2270 5235 τὸν
2292 5182 2423 5251 παρ’
2449 5179 2602 5253 ὑμῶν
2633 5177 2856 5230 ἔπαινον
2879 5174 3296 5246 καρπώσασθαι,
3315 5175 3403 5230 καὶ

1831 5250 1916 5321 ῖνα
1937 5250 2306 5338 κροτήσαντες
2338 5250 2494 5335 ὑμεῖς
2520 5250 2946 5332 ἀναχωρὴσητε;
2982 5260 3057 5313 Οὑ
3104 5258 3192 5312 διὰ
3225 5258 3408 5339 τοῦτο,

1832 5353 1907 5423 μὴ
1933 5351 2163 5420 γένοιτο,
2199 5344 2338 5403 ἀλλὰ
2388 5347 2475 5400 διὰ
2502 5344 2613 5424 τὴν
2662 5344 2929 5413 ὠφέλειαν
2970 5342 3068 5414 τὴν
3117 5343 3407 5416 ὑμετέραν.

1844 5436 1995 5505 Ἐμοὶ
2032 5435 2284 5504 μέγιστος
2319 5431 2537 5493 ἔπαινος
2576 5428 2669 5481 καὶ
2700 5426 2948 5498 ἀρκετὸς,
2977 5426 3031 5479 εἴ
3058 5444 3142 5490 τις
3174 5428 3283 5480 ἀπὸ
3312 5424 3410 5498 τῆς

1829 5508 2029 5580 κακίας
2049 5516 2141 5569 ἐπὶ
2165 5516 2262 5586 τὴν
2291 5513 2490 5586 ἀρετὴν
2529 5510 2934 5582 μεταϐάλλοιτο,
2960 5510 3013 5563 εῖ
3035 5527 3119 5572 τις
3156 5509 3262 5581 πρὸ
3286 5509 3411 5563 τού-

1828 5619 1923 5654 του
1954 5602 2196 5673 ρᾴθυμος
2227 5598 2321 5662 ὢν,
2360 5597 2643 5673 σπουδαῖος
2670 5595 2734 5648 ἐκ
2780 5594 2879 5665 τῆς
2918 5595 3048 5665 παρ’
3085 5594 3241 5663 ἡμῶν
3282 5595 3412 5647 ὑπο-

1832 5672 2082 5757 μνήσεως
2110 5684 2363 5754 γένηται·
2396 5672 2554 5735 τοῦτο
2582 5680 2675 5732 καὶ
2700 5679 2823 5748 ἐμοὶ
2855 5678 3110 5748 μέγιστον
3142 5678 3297 5747 φέρει
3319 5678 3410 5731 τὸν

1830 5770 2049 5823 ἔπαινον
2076 5768 2168 5821 καὶ
2192 5767 2290 5838 τὴν
2318 5763 2692 5837 παραμυθίαν,
2708 5764 2802 5816 καὶ
2824 5762 2952 5831 ὑμῖν
2979 5760 3114 5813 πολὺ
3139 5760 3198 5814 :6
3222 5760 3409 5831 κέρδος

1834 5852 1930 5905 καὶ
1960 5852 2053 5905 τὸν
2075 5850 2301 5904 πλοῦτον
2329 5849 2419 5904 τὸν
2450 5846 2836 5916 πνευματικόν.
2870 5844 3032 5899 Ἀλλά
3070 5843 3164 5896 καὶ
3199 5853 3281 5907 ὅτι
3312 5854 3411 5913 μὲν
