  <div class='ocr_page' id='page_1' title='image "/cluster/home/n/w/nwhite01/storage/ocr_20150623/53-54/hvd.32044012465829/479.png"; bbox 0 0 3782 6254; ppageno 0'>
   <div class='ocr_carea' id='block_1_1' title="bbox 395 296 501 355">
    <p class='ocr_par' dir='ltr' id='par_1_1' title="bbox 395 296 501 355">
     <span class='ocr_line' id='line_1_1' title="bbox 395 296 501 355; baseline -0.028 0"><span class='ocrx_word' id='word_1_1' title='bbox 395 296 501 355; x_wconf 65' lang='lat'>673</span> 
     </span>
    </p>
   </div>
   <div class='ocr_carea' id='block_1_2' title="bbox 398 398 1959 482">
    <p class='ocr_par' dir='ltr' id='par_1_2' title="bbox 398 398 1959 482">
     <span class='ocr_line' id='line_1_2' title="bbox 398 398 1959 482; baseline -0.013 -15"><span class='ocrx_word' id='word_1_2' title='bbox 398 410 602 482; x_wconf 73' lang='grc' dir='ltr'>πολλὴν</span> <span class='ocrx_word' id='word_1_3' title='bbox 642 405 969 472; x_wconf 78' lang='grc' dir='ltr'>ἐπιδείξεσθε</span> <span class='ocrx_word' id='word_1_4' title='bbox 1012 404 1112 476; x_wconf 79' lang='grc' dir='ltr'>τὴν</span> <span class='ocrx_word' id='word_1_5' title='bbox 1147 403 1386 475; x_wconf 80' lang='grc' dir='ltr'>σπουδὴν</span> <span class='ocrx_word' id='word_1_6' title='bbox 1407 442 1423 465; x_wconf 91' lang='grc'>,</span> <span class='ocrx_word' id='word_1_7' title='bbox 1455 402 1557 456; x_wconf 88' lang='grc' dir='ltr'>οὐκ</span> <span class='ocrx_word' id='word_1_8' title='bbox 1602 398 1959 471; x_wconf 82' lang='grc' dir='ltr'>ἀμφιϐάλλω·</span> 
     </span>
    </p>
   </div>
   <div class='ocr_carea' id='block_1_3' title="bbox 400 483 1967 562">
    <p class='ocr_par' dir='ltr' id='par_1_3' title="bbox 400 483 1967 562">
     <span class='ocr_line' id='line_1_3' title="bbox 400 483 1967 562; baseline -0.01 -13"><span class='ocrx_word' id='word_1_9' title='bbox 400 491 520 549; x_wconf 78' lang='grc' dir='ltr'>οῖδα</span> <span class='ocrx_word' id='word_1_10' title='bbox 546 492 654 562; x_wconf 84' lang='grc' dir='ltr'>γὰρ</span> <span class='ocrx_word' id='word_1_11' title='bbox 673 492 754 545; x_wconf 84' lang='lat'>6::</span> <span class='ocrx_word' id='word_1_12' title='bbox 795 488 1121 543; x_wconf 86' lang='grc' dir='ltr'>θεοδίδακτοί</span> <span class='ocrx_word' id='word_1_13' title='bbox 1160 489 1304 551; x_wconf 85' lang='grc' dir='ltr'>ἐστε,</span> <span class='ocrx_word' id='word_1_14' title='bbox 1334 486 1621 555; x_wconf 88' lang='grc' dir='ltr'>δυνάμενοι</span> <span class='ocrx_word' id='word_1_15' title='bbox 1647 484 1740 538; x_wconf 72' lang='grc' dir='ltr'>καὶ</span> <span class='ocrx_word' id='word_1_16' title='bbox 1775 483 1967 544; x_wconf 77' lang='grc' dir='ltr'>ἀλλους</span> 
     </span>
    </p>
   </div>
   <div class='ocr_carea' id='block_1_4' title="bbox 402 562 1968 639">
    <p class='ocr_par' dir='ltr' id='par_1_4' title="bbox 402 562 1968 639">
     <span class='ocr_line' id='line_1_4' title="bbox 402 562 1968 639; baseline -0.011 -8"><span class='ocrx_word' id='word_1_17' title='bbox 402 576 691 631; x_wconf 88' lang='grc' dir='ltr'>νουθετεῖν.</span> <span class='ocrx_word' id='word_1_18' title='bbox 738 572 835 626; x_wconf 88' lang='grc' dir='ltr'>Διά</span> <span class='ocrx_word' id='word_1_19' title='bbox 870 571 1028 624; x_wconf 87' lang='grc' dir='ltr'>τοῦτο</span> <span class='ocrx_word' id='word_1_20' title='bbox 1057 568 1290 623; x_wconf 84' lang='grc' dir='ltr'>ἐνταῦθα</span> <span class='ocrx_word' id='word_1_21' title='bbox 1319 570 1524 639; x_wconf 85' lang='grc' dir='ltr'>στήσας</span> <span class='ocrx_word' id='word_1_22' title='bbox 1560 567 1657 636; x_wconf 75' lang='grc' dir='ltr'>τὴν</span> <span class='ocrx_word' id='word_1_23' title='bbox 1690 564 1820 636; x_wconf 77' lang='grc' dir='ltr'>περὶ</span> <span class='ocrx_word' id='word_1_24' title='bbox 1845 562 1968 615; x_wconf 83' lang='grc' dir='ltr'>τού-</span> 
     </span>
    </p>
   </div>
   <div class='ocr_carea' id='block_1_5' title="bbox 401 646 1969 725">
    <p class='ocr_par' dir='ltr' id='par_1_5' title="bbox 401 646 1969 725">
     <span class='ocr_line' id='line_1_5' title="bbox 401 646 1969 725; baseline -0.009 -14"><span class='ocrx_word' id='word_1_25' title='bbox 401 676 497 713; x_wconf 83' lang='grc' dir='ltr'>του</span> <span class='ocrx_word' id='word_1_26' title='bbox 524 654 852 725; x_wconf 79' lang='grc' dir='ltr'>συμϐουλὴν,</span> <span class='ocrx_word' id='word_1_27' title='bbox 884 653 981 723; x_wconf 86' lang='grc' dir='ltr'>τῆς</span> <span class='ocrx_word' id='word_1_28' title='bbox 1009 651 1273 721; x_wconf 77' lang='grc' dir='ltr'>συνήθους</span> <span class='ocrx_word' id='word_1_29' title='bbox 1298 651 1505 722; x_wconf 74' lang='grc' dir='ltr'>ἅψομαι</span> <span class='ocrx_word' id='word_1_30' title='bbox 1539 646 1885 708; x_wconf 75' lang='grc' dir='ltr'>διδασκαλίας</span> <span class='ocrx_word' id='word_1_31' title='bbox 1904 646 1969 697; x_wconf 88' lang='grc' dir='ltr'>ἐκ</span> 
     </span>
    </p>
   </div>
   <div class='ocr_carea' id='block_1_6' title="bbox 402 727 1970 807">
    <p class='ocr_par' dir='ltr' id='par_1_6' title="bbox 402 727 1970 807">
     <span class='ocr_line' id='line_1_6' title="bbox 402 727 1970 807; baseline -0.008 -14"><span class='ocrx_word' id='word_1_32' title='bbox 402 743 512 795; x_wconf 84' lang='grc' dir='ltr'>τῶν</span> <span class='ocrx_word' id='word_1_33' title='bbox 533 739 627 792; x_wconf 88' lang='grc' dir='ltr'>τοῦ</span> <span class='ocrx_word' id='word_1_34' title='bbox 659 732 928 807; x_wconf 80' lang='grc' dir='ltr'>μακαρίου</span> <span class='ocrx_word' id='word_1_35' title='bbox 954 736 1231 798; x_wconf 82' lang='grc' dir='ltr'>Μωύσέως</span> <span class='ocrx_word' id='word_1_36' title='bbox 1258 735 1535 807; x_wconf 81' lang='grc' dir='ltr'>ῥημάτων,</span> <span class='ocrx_word' id='word_1_37' title='bbox 1561 730 1759 802; x_wconf 76' lang='grc' dir='ltr'>μᾶλλον</span> <span class='ocrx_word' id='word_1_38' title='bbox 1782 728 1840 782; x_wconf 82' lang='grc' dir='ltr'>δὲ</span> <span class='ocrx_word' id='word_1_39' title='bbox 1861 727 1970 780; x_wconf 88' lang='grc' dir='ltr'>τῶν</span> 
     </span>
    </p>
   </div>
   <div class='ocr_carea' id='block_1_7' title="bbox 403 810 1970 892">
    <p class='ocr_par' dir='ltr' id='par_1_7' title="bbox 403 810 1970 892">
     <span class='ocr_line' id='line_1_7' title="bbox 403 810 1970 892; baseline -0.007 -17"><span class='ocrx_word' id='word_1_40' title='bbox 403 821 559 892; x_wconf 89' lang='grc' dir='ltr'>παρά</span> <span class='ocrx_word' id='word_1_41' title='bbox 578 818 672 873; x_wconf 90' lang='grc' dir='ltr'>τοῦ</span> <span class='ocrx_word' id='word_1_42' title='bbox 698 820 854 887; x_wconf 87' lang='grc' dir='ltr'>ἁγίου</span> <span class='ocrx_word' id='word_1_43' title='bbox 878 816 1015 871; x_wconf 83' lang='grc' dir='ltr'>Πνεύ</span> <span class='ocrx_word' id='word_1_44' title='bbox 1025 835 1189 887; x_wconf 89' lang='grc' dir='ltr'>ματος</span> <span class='ocrx_word' id='word_1_45' title='bbox 1209 817 1273 870; x_wconf 84' lang='grc' dir='ltr'>δι’</span> <span class='ocrx_word' id='word_1_46' title='bbox 1299 816 1464 873; x_wconf 86' lang='grc' dir='ltr'>αὐτοῦ</span> <span class='ocrx_word' id='word_1_47' title='bbox 1490 818 1621 885; x_wconf 89' lang='grc' dir='ltr'>ήμῖν</span> <span class='ocrx_word' id='word_1_48' title='bbox 1644 810 1970 883; x_wconf 77' lang='grc' dir='ltr'>εἰρημένων,</span> 
     </span>
    </p>
   </div>
   <div class='ocr_carea' id='block_1_8' title="bbox 409 893 1973 975">
    <p class='ocr_par' dir='ltr' id='par_1_8' title="bbox 409 893 1973 975">
     <span class='ocr_line' id='line_1_8' title="bbox 409 893 1973 975; baseline -0.006 -20"><span class='ocrx_word' id='word_1_49' title='bbox 409 903 582 975; x_wconf 87' lang='grc' dir='ltr'>μικρά</span> <span class='ocrx_word' id='word_1_50' title='bbox 614 919 737 955; x_wconf 87' lang='grc' dir='ltr'>τινα</span> <span class='ocrx_word' id='word_1_51' title='bbox 764 903 843 964; x_wconf 91' lang='grc' dir='ltr'>εἰς</span> <span class='ocrx_word' id='word_1_52' title='bbox 864 901 926 953; x_wconf 82' lang='lat'>:6</span> <span class='ocrx_word' id='word_1_53' title='bbox 958 900 1124 969; x_wconf 83' lang='grc' dir='ltr'>μέσον</span> <span class='ocrx_word' id='word_1_54' title='bbox 1154 900 1441 969; x_wconf 73' lang='grc' dir='ltr'>προσθεὶς,</span> <span class='ocrx_word' id='word_1_55' title='bbox 1473 896 1683 950; x_wconf 87' lang='grc' dir='ltr'>ἐκεῖθεν</span> <span class='ocrx_word' id='word_1_56' title='bbox 1709 895 1837 963; x_wconf 84' lang='grc' dir='ltr'>ὑμῖν</span> <span class='ocrx_word' id='word_1_57' title='bbox 1877 893 1973 975; x_wconf 83' lang='grc' dir='ltr'>σή-</span> 
     </span>
    </p>
   </div>
   <div class='ocr_carea' id='block_1_9' title="bbox 410 974 1972 1057">
    <p class='ocr_par' dir='ltr' id='par_1_9' title="bbox 410 974 1972 1057">
     <span class='ocr_line' id='line_1_9' title="bbox 410 974 1972 1057; baseline -0.008 -17"><span class='ocrx_word' id='word_1_58' title='bbox 410 974 575 1057; x_wconf 89' lang='grc' dir='ltr'>μερον</span> <span class='ocrx_word' id='word_1_59' title='bbox 609 986 706 1057; x_wconf 80' lang='grc' dir='ltr'>τὴν</span> <span class='ocrx_word' id='word_1_60' title='bbox 730 985 973 1037; x_wconf 80' lang='grc' dir='ltr'>ἑστίασιν</span> <span class='ocrx_word' id='word_1_61' title='bbox 1007 984 1417 1053; x_wconf 82' lang='grc' dir='ltr'>παραθήσομαι.</span> <span class='ocrx_word' id='word_1_62' title='bbox 1455 980 1755 1035; x_wconf 79' lang='grc' dir='ltr'>Ἠκούσατε</span> <span class='ocrx_word' id='word_1_63' title='bbox 1781 974 1972 1049; x_wconf 78' lang='grc' dir='ltr'>πρώην</span> 
     </span>
    </p>
   </div>
   <div class='ocr_carea' id='block_1_10' title="bbox 408 1061 1975 1137">
    <p class='ocr_par' dir='ltr' id='par_1_10' title="bbox 408 1061 1975 1137">
     <span class='ocr_line' id='line_1_10' title="bbox 408 1061 1975 1137; baseline -0.007 -15"><span class='ocrx_word' id='word_1_64' title='bbox 408 1071 555 1132; x_wconf 81' lang='grc' dir='ltr'>ὅπως</span> <span class='ocrx_word' id='word_1_65' title='bbox 588 1066 731 1121; x_wconf 89' lang='grc' dir='ltr'>κατά</span> <span class='ocrx_word' id='word_1_66' title='bbox 780 1065 880 1137; x_wconf 86' lang='grc' dir='ltr'>τὴν</span> <span class='ocrx_word' id='word_1_67' title='bbox 929 1064 1236 1137; x_wconf 81' lang='grc' dir='ltr'>συμϐουλήν</span> <span class='ocrx_word' id='word_1_68' title='bbox 1279 1064 1379 1134; x_wconf 86' lang='grc' dir='ltr'>τῆς</span> <span class='ocrx_word' id='word_1_69' title='bbox 1419 1063 1713 1124; x_wconf 81' lang='grc' dir='ltr'>Ῥεϐέκκας</span> <span class='ocrx_word' id='word_1_70' title='bbox 1759 1061 1975 1114; x_wconf 74' lang='grc' dir='ltr'>ἅπαντα</span> 
     </span>
    </p>
   </div>
   <div class='ocr_carea' id='block_1_11' title="bbox 409 1140 1976 1221">
    <p class='ocr_par' dir='ltr' id='par_1_11' title="bbox 409 1140 1976 1221">
     <span class='ocr_line' id='line_1_11' title="bbox 409 1140 1976 1221; baseline -0.007 -16"><span class='ocrx_word' id='word_1_71' title='bbox 409 1150 847 1221; x_wconf 79' lang='grc' dir='ltr'>διαπραξάμενος</span> <span class='ocrx_word' id='word_1_72' title='bbox 869 1150 900 1201; x_wconf 98' lang='lat'>6</span> <span class='ocrx_word' id='word_1_73' title='bbox 938 1146 1150 1211; x_wconf 84' lang='grc' dir='ltr'>Ἰακὼϐ,</span> <span class='ocrx_word' id='word_1_74' title='bbox 1180 1146 1277 1218; x_wconf 85' lang='grc' dir='ltr'>τήν</span> <span class='ocrx_word' id='word_1_75' title='bbox 1302 1146 1453 1217; x_wconf 86' lang='grc' dir='ltr'>παρά</span> <span class='ocrx_word' id='word_1_76' title='bbox 1480 1146 1573 1199; x_wconf 86' lang='grc' dir='ltr'>τοῦ</span> <span class='ocrx_word' id='word_1_77' title='bbox 1598 1142 1749 1217; x_wconf 72' lang='grc'><strong>[524]</strong></span> <span class='ocrx_word' id='word_1_78' title='bbox 1771 1140 1976 1212; x_wconf 84' lang='grc' dir='ltr'>πατρὸς</span> 
     </span>
    </p>
   </div>
   <div class='ocr_carea' id='block_1_12' title="bbox 410 1223 1978 1302">
    <p class='ocr_par' dir='ltr' id='par_1_12' title="bbox 410 1223 1978 1302">
     <span class='ocr_line' id='line_1_12' title="bbox 410 1223 1978 1302; baseline -0.007 -15"><span class='ocrx_word' id='word_1_79' title='bbox 410 1234 659 1301; x_wconf 77' lang='grc' dir='ltr'>εὐλογίαν</span> <span class='ocrx_word' id='word_1_80' title='bbox 689 1232 1055 1295; x_wconf 73' lang='grc' dir='ltr'>ἐπεσπάσατο,</span> <span class='ocrx_word' id='word_1_81' title='bbox 1087 1230 1187 1302; x_wconf 79' lang='grc' dir='ltr'>τὴν</span> <span class='ocrx_word' id='word_1_82' title='bbox 1216 1228 1502 1300; x_wconf 82' lang='grc' dir='ltr'>ἐπαινετὴν</span> <span class='ocrx_word' id='word_1_83' title='bbox 1530 1226 1743 1296; x_wconf 78' lang='grc' dir='ltr'>ἐκείνην</span> <span class='ocrx_word' id='word_1_84' title='bbox 1773 1223 1978 1295; x_wconf 80' lang='grc' dir='ltr'>κλοπήν</span> 
     </span>
    </p>
   </div>
   <div class='ocr_carea' id='block_1_13' title="bbox 411 1308 1976 1386">
    <p class='ocr_par' dir='ltr' id='par_1_13' title="bbox 411 1308 1976 1386">
     <span class='ocr_line' id='line_1_13' title="bbox 411 1308 1976 1386; baseline -0.007 -17"><span class='ocrx_word' id='word_1_85' title='bbox 411 1315 840 1386; x_wconf 81' lang='grc' dir='ltr'>ἐπιδειξάμενος,</span> <span class='ocrx_word' id='word_1_86' title='bbox 868 1314 934 1367; x_wconf 82' lang='grc' dir='ltr'>δι’</span> <span class='ocrx_word' id='word_1_87' title='bbox 958 1314 987 1367; x_wconf 87' lang='lat'>6</span> <span class='ocrx_word' id='word_1_88' title='bbox 1023 1312 1120 1367; x_wconf 73' lang='grc' dir='ltr'>καὶ</span> <span class='ocrx_word' id='word_1_89' title='bbox 1147 1313 1247 1383; x_wconf 86' lang='grc' dir='ltr'>τῆς</span> <span class='ocrx_word' id='word_1_90' title='bbox 1276 1312 1429 1381; x_wconf 88' lang='grc' dir='ltr'>παρά</span> <span class='ocrx_word' id='word_1_91' title='bbox 1466 1308 1562 1364; x_wconf 87' lang='grc' dir='ltr'>τοῦ</span> <span class='ocrx_word' id='word_1_92' title='bbox 1605 1308 1741 1362; x_wconf 86' lang='grc' dir='ltr'>Θεοῦ</span> <span class='ocrx_word' id='word_1_93' title='bbox 1785 1322 1976 1376; x_wconf 83' lang='grc' dir='ltr'>συνερ-</span> 
     </span>
    </p>
   </div>
   <div class='ocr_carea' id='block_1_14' title="bbox 410 1389 1980 1467">
    <p class='ocr_par' dir='ltr' id='par_1_14' title="bbox 410 1389 1980 1467">
     <span class='ocr_line' id='line_1_14' title="bbox 410 1389 1980 1467; baseline -0.007 -16"><span class='ocrx_word' id='word_1_94' title='bbox 410 1400 537 1466; x_wconf 83' lang='grc' dir='ltr'>γίας</span> <span class='ocrx_word' id='word_1_95' title='bbox 567 1398 867 1467; x_wconf 82' lang='grc' dir='ltr'>ἀπήλαυσε,</span> <span class='ocrx_word' id='word_1_96' title='bbox 892 1396 987 1449; x_wconf 77' lang='grc' dir='ltr'>καὶ</span> <span class='ocrx_word' id='word_1_97' title='bbox 1017 1397 1097 1458; x_wconf 88' lang='grc' dir='ltr'>είς</span> <span class='ocrx_word' id='word_1_98' title='bbox 1122 1394 1281 1464; x_wconf 83' lang='grc' dir='ltr'>έργον</span> <span class='ocrx_word' id='word_1_99' title='bbox 1304 1392 1528 1463; x_wconf 86' lang='grc' dir='ltr'>ἐξῆλθεν</span> <span class='ocrx_word' id='word_1_100' title='bbox 1556 1390 1707 1460; x_wconf 87' lang='grc' dir='ltr'>αὐτῷ</span> <span class='ocrx_word' id='word_1_101' title='bbox 1730 1389 1793 1443; x_wconf 82' lang='lat'>:6</span> <span class='ocrx_word' id='word_1_102' title='bbox 1816 1403 1980 1441; x_wconf 86' lang='grc' dir='ltr'>σπου-</span> 
     </span>
    </p>
   </div>
   <div class='ocr_carea' id='block_1_15' title="bbox 412 1470 1980 1550">
    <p class='ocr_par' dir='ltr' id='par_1_15' title="bbox 412 1470 1980 1550">
     <span class='ocr_line' id='line_1_15' title="bbox 412 1470 1980 1550; baseline -0.008 -15"><span class='ocrx_word' id='word_1_103' title='bbox 412 1482 704 1550; x_wconf 76' lang='grc' dir='ltr'>δαζόμενον</span> <span class='ocrx_word' id='word_1_104' title='bbox 720 1497 735 1512; x_wconf 77' lang='grc' dir='ltr'><strong>ο</strong></span> <span class='ocrx_word' id='word_1_105' title='bbox 762 1478 875 1531; x_wconf 84' lang='grc' dir='ltr'>ἀλλ’</span> <span class='ocrx_word' id='word_1_106' title='bbox 898 1477 1081 1547; x_wconf 83' lang='grc' dir='ltr'>ἐπειδὴ</span> <span class='ocrx_word' id='word_1_107' title='bbox 1107 1477 1354 1530; x_wconf 86' lang='grc' dir='ltr'>ἐντεῦθεν</span> <span class='ocrx_word' id='word_1_108' title='bbox 1374 1475 1521 1545; x_wconf 85' lang='grc' dir='ltr'>αὐτῷ</span> <span class='ocrx_word' id='word_1_109' title='bbox 1548 1473 1715 1536; x_wconf 77' lang='grc' dir='ltr'>πολὺς</span> <span class='ocrx_word' id='word_1_110' title='bbox 1735 1474 1764 1525; x_wconf 90' lang='lat'>6</span> <span class='ocrx_word' id='word_1_111' title='bbox 1790 1470 1980 1539; x_wconf 85' lang='grc' dir='ltr'>φθόνος</span> 
     </span>
    </p>
   </div>
   <div class='ocr_carea' id='block_1_16' title="bbox 413 1552 1981 1633">
    <p class='ocr_par' dir='ltr' id='par_1_16' title="bbox 413 1552 1981 1633">
     <span class='ocr_line' id='line_1_16' title="bbox 413 1552 1981 1633; baseline -0.009 -15"><span class='ocrx_word' id='word_1_112' title='bbox 413 1566 655 1618; x_wconf 73' lang='grc' dir='ltr'>ἐτίκτετο</span> <span class='ocrx_word' id='word_1_113' title='bbox 695 1560 844 1633; x_wconf 89' lang='grc' dir='ltr'>παρά</span> <span class='ocrx_word' id='word_1_114' title='bbox 876 1560 971 1613; x_wconf 89' lang='grc' dir='ltr'>τοῦ</span> <span class='ocrx_word' id='word_1_115' title='bbox 1015 1558 1221 1624; x_wconf 84' lang='grc' dir='ltr'>Ἠσαῦ,</span> <span class='ocrx_word' id='word_1_116' title='bbox 1271 1558 1364 1612; x_wconf 75' lang='grc' dir='ltr'>καί⁵</span> <span class='ocrx_word' id='word_1_117' title='bbox 1408 1558 1546 1628; x_wconf 82' lang='grc' dir='ltr'>πρὸς</span> <span class='ocrx_word' id='word_1_118' title='bbox 1586 1556 1746 1625; x_wconf 88' lang='grc' dir='ltr'>φόνον</span> <span class='ocrx_word' id='word_1_119' title='bbox 1796 1552 1981 1606; x_wconf 84' lang='grc' dir='ltr'>λοιπὸν</span> 
     </span>
    </p>
   </div>
   <div class='ocr_carea' id='block_1_17' title="bbox 416 1633 1981 1717">
    <p class='ocr_par' dir='ltr' id='par_1_17' title="bbox 416 1633 1981 1717">
     <span class='ocr_line' id='line_1_17' title="bbox 416 1633 1981 1717; baseline -0.008 -18"><span class='ocrx_word' id='word_1_120' title='bbox 416 1644 855 1717; x_wconf 73' lang='grc' dir='ltr'>παρεσκευάζετο</span> <span class='ocrx_word' id='word_1_121' title='bbox 877 1654 928 1683; x_wconf 75' lang='grc' dir='ltr'>ι’</span> <span class='ocrx_word' id='word_1_122' title='bbox 945 1641 1181 1695; x_wconf 87' lang='grc' dir='ltr'>τοιοῦτον</span> <span class='ocrx_word' id='word_1_123' title='bbox 1210 1640 1318 1711; x_wconf 89' lang='grc' dir='ltr'>γάρ</span> <span class='ocrx_word' id='word_1_124' title='bbox 1353 1638 1505 1693; x_wconf 83' lang='grc' dir='ltr'>τουτί</span> <span class='ocrx_word' id='word_1_125' title='bbox 1521 1638 1581 1692; x_wconf 82' lang='lat'>:6</span> <span class='ocrx_word' id='word_1_126' title='bbox 1607 1635 1846 1705; x_wconf 84' lang='grc' dir='ltr'>ὀλέθριον</span> <span class='ocrx_word' id='word_1_127' title='bbox 1873 1633 1981 1717; x_wconf 84' lang='grc' dir='ltr'>πά-</span> 
     </span>
    </p>
   </div>
   <div class='ocr_carea' id='block_1_18' title="bbox 416 1716 1985 1797">
    <p class='ocr_par' dir='ltr' id='par_1_18' title="bbox 416 1716 1985 1797">
     <span class='ocr_line' id='line_1_18' title="bbox 416 1716 1985 1797; baseline -0.008 -15"><span class='ocrx_word' id='word_1_128' title='bbox 416 1716 534 1793; x_wconf 80' lang='grc' dir='ltr'>θος’</span> <span class='ocrx_word' id='word_1_129' title='bbox 568 1728 631 1781; x_wconf 89' lang='grc' dir='ltr'>οὐ</span> <span class='ocrx_word' id='word_1_130' title='bbox 661 1726 922 1797; x_wconf 85' lang='grc' dir='ltr'>πρότερον</span> <span class='ocrx_word' id='word_1_131' title='bbox 945 1725 1179 1785; x_wconf 83' lang='grc' dir='ltr'>ἵσταται,</span> <span class='ocrx_word' id='word_1_132' title='bbox 1205 1722 1398 1793; x_wconf 82' lang='grc' dir='ltr'><strong>μέχρις</strong></span> <span class='ocrx_word' id='word_1_133' title='bbox 1419 1722 1485 1776; x_wconf 82' lang='grc' dir='ltr'>ἂν</span> <span class='ocrx_word' id='word_1_134' title='bbox 1518 1721 1609 1774; x_wconf 82' lang='grc' dir='ltr'>τὸν</span> <span class='ocrx_word' id='word_1_135' title='bbox 1632 1718 1736 1772; x_wconf 77' lang='grc' dir='ltr'>ὑπὸ</span> <span class='ocrx_word' id='word_1_136' title='bbox 1762 1717 1856 1770; x_wconf 86' lang='grc' dir='ltr'>τοῦ</span> <span class='ocrx_word' id='word_1_137' title='bbox 1885 1716 1985 1771; x_wconf 85' lang='grc' dir='ltr'>πά-</span> 
     </span>
    </p>
   </div>
   <div class='ocr_carea' id='block_1_19' title="bbox 418 1799 1980 1879">
    <p class='ocr_par' dir='ltr' id='par_1_19' title="bbox 418 1799 1980 1879">
     <span class='ocr_line' id='line_1_19' title="bbox 418 1799 1980 1879; baseline -0.008 -15"><span class='ocrx_word' id='word_1_138' title='bbox 418 1812 543 1875; x_wconf 85' lang='grc' dir='ltr'>θους</span> <span class='ocrx_word' id='word_1_139' title='bbox 569 1810 759 1865; x_wconf 83' lang='grc' dir='ltr'>ἁλόντα</span> <span class='ocrx_word' id='word_1_140' title='bbox 787 1809 929 1862; x_wconf 88' lang='grc' dir='ltr'>κατά</span> <span class='ocrx_word' id='word_1_141' title='bbox 960 1806 1222 1879; x_wconf 83' lang='grc' dir='ltr'>κρημνῶν</span> <span class='ocrx_word' id='word_1_142' title='bbox 1250 1805 1532 1875; x_wconf 77' lang='grc' dir='ltr'>ἐνεχθῆναι</span> <span class='ocrx_word' id='word_1_143' title='bbox 1566 1799 1980 1873; x_wconf 80' lang='grc' dir='ltr'>παρασκευάσῃ,</span> 
     </span>
    </p>
   </div>
   <div class='ocr_carea' id='block_1_20' title="bbox 418 1881 1986 1961">
    <p class='ocr_par' dir='ltr' id='par_1_20' title="bbox 418 1881 1986 1961">
     <span class='ocr_line' id='line_1_20' title="bbox 418 1881 1986 1961; baseline -0.007 -15"><span class='ocrx_word' id='word_1_144' title='bbox 418 1893 511 1947; x_wconf 81' lang='grc' dir='ltr'>καί</span> <span class='ocrx_word' id='word_1_145' title='bbox 546 1891 680 1961; x_wconf 80' lang='grc' dir='ltr'>πρὸς</span> <span class='ocrx_word' id='word_1_146' title='bbox 721 1890 820 1961; x_wconf 77' lang='grc' dir='ltr'>τὴν</span> <span class='ocrx_word' id='word_1_147' title='bbox 847 1888 941 1943; x_wconf 89' lang='grc' dir='ltr'>τοῦ</span> <span class='ocrx_word' id='word_1_148' title='bbox 970 1888 1130 1957; x_wconf 84' lang='grc' dir='ltr'>φόνου</span> <span class='ocrx_word' id='word_1_149' title='bbox 1168 1886 1513 1959; x_wconf 78' lang='grc' dir='ltr'>παρανομίαν</span> <span class='ocrx_word' id='word_1_150' title='bbox 1549 1886 1792 1956; x_wconf 81' lang='grc' dir='ltr'>δραμεῖν.</span> <span class='ocrx_word' id='word_1_151' title='bbox 1832 1881 1986 1945; x_wconf 79' lang='grc' dir='ltr'>Ῥίζα</span> 
     </span>
    </p>
   </div>
   <div class='ocr_carea' id='block_1_21' title="bbox 419 1964 1984 2047">
    <p class='ocr_par' dir='ltr' id='par_1_21' title="bbox 419 1964 1984 2047">
     <span class='ocr_line' id='line_1_21' title="bbox 419 1964 1984 2047; baseline -0.008 -17"><span class='ocrx_word' id='word_1_152' title='bbox 419 1977 529 2047; x_wconf 79' lang='grc' dir='ltr'>γὰρ</span> <span class='ocrx_word' id='word_1_153' title='bbox 558 1974 651 2029; x_wconf 84' lang='grc' dir='ltr'>τοῦ</span> <span class='ocrx_word' id='word_1_154' title='bbox 685 1974 845 2043; x_wconf 87' lang='grc' dir='ltr'>φόνου</span> <span class='ocrx_word' id='word_1_155' title='bbox 869 1974 898 2027; x_wconf 90' lang='lat'>6</span> <span class='ocrx_word' id='word_1_156' title='bbox 917 1972 1128 2042; x_wconf 88' lang='grc' dir='ltr'>φθόνος.</span> <span class='ocrx_word' id='word_1_157' title='bbox 1152 1971 1308 2028; x_wconf 80' lang='grc' dir='ltr'>Οῡτω</span> <span class='ocrx_word' id='word_1_158' title='bbox 1335 1973 1427 2025; x_wconf 87' lang='grc' dir='ltr'>κα“ι</span> <span class='ocrx_word' id='word_1_159' title='bbox 1457 1970 1519 2035; x_wconf 87' lang='grc' dir='ltr'>ἐξ</span> <span class='ocrx_word' id='word_1_160' title='bbox 1547 1969 1724 2039; x_wconf 84' lang='grc' dir='ltr'>ἀρχῆς</span> <span class='ocrx_word' id='word_1_161' title='bbox 1761 1966 1856 2020; x_wconf 76' lang='grc' dir='ltr'>ἐπὶ</span> <span class='ocrx_word' id='word_1_162' title='bbox 1890 1964 1984 2019; x_wconf 86' lang='grc' dir='ltr'>τοῦ</span> 
     </span>
    </p>
   </div>
   <div class='ocr_carea' id='block_1_22' title="bbox 420 2050 1988 2125">
    <p class='ocr_par' dir='ltr' id='par_1_22' title="bbox 420 2050 1988 2125">
     <span class='ocr_line' id='line_1_22' title="bbox 420 2050 1988 2125; baseline -0.008 -12"><span class='ocrx_word' id='word_1_163' title='bbox 420 2060 561 2113; x_wconf 87' lang='grc' dir='ltr'>Κάῖν</span> <span class='ocrx_word' id='word_1_164' title='bbox 603 2059 696 2112; x_wconf 76' lang='grc' dir='ltr'>καὶ</span> <span class='ocrx_word' id='word_1_165' title='bbox 731 2057 825 2109; x_wconf 74' lang='grc' dir='ltr'>ἐπὶ</span> <span class='ocrx_word' id='word_1_166' title='bbox 875 2056 971 2109; x_wconf 87' lang='grc' dir='ltr'>τοῦ</span> <span class='ocrx_word' id='word_1_167' title='bbox 1007 2055 1172 2110; x_wconf 79' lang='grc' dir='ltr'>Ἀϐελ</span> <span class='ocrx_word' id='word_1_168' title='bbox 1211 2056 1455 2125; x_wconf 87' lang='grc' dir='ltr'>γέγονεν.</span> <span class='ocrx_word' id='word_1_169' title='bbox 1490 2054 1659 2109; x_wconf 80' lang='grc' dir='ltr'>Οὐδὲν</span> <span class='ocrx_word' id='word_1_170' title='bbox 1701 2052 1811 2122; x_wconf 85' lang='grc' dir='ltr'>γὰρ</span> <span class='ocrx_word' id='word_1_171' title='bbox 1849 2050 1988 2120; x_wconf 75' lang='grc' dir='ltr'>ἔχων</span> 
     </span>
    </p>
   </div>
   <div class='ocr_carea' id='block_1_23' title="bbox 420 2132 1989 2210">
    <p class='ocr_par' dir='ltr' id='par_1_23' title="bbox 420 2132 1989 2210">
     <span class='ocr_line' id='line_1_23' title="bbox 420 2132 1989 2210; baseline -0.006 -15"><span class='ocrx_word' id='word_1_172' title='bbox 420 2142 542 2196; x_wconf 87' lang='grc' dir='ltr'>οὐδέ</span> <span class='ocrx_word' id='word_1_173' title='bbox 607 2143 810 2203; x_wconf 85' lang='grc' dir='ltr'>ἐκεῖνος</span> <span class='ocrx_word' id='word_1_174' title='bbox 834 2180 849 2201; x_wconf 90' lang='grc'>,</span> <span class='ocrx_word' id='word_1_175' title='bbox 883 2140 945 2193; x_wconf 88' lang='grc' dir='ltr'>οὐ</span> <span class='ocrx_word' id='word_1_176' title='bbox 996 2139 1226 2210; x_wconf 78' lang='grc' dir='ltr'>μικρὸν,</span> <span class='ocrx_word' id='word_1_177' title='bbox 1276 2140 1339 2193; x_wconf 90' lang='grc' dir='ltr'>οὐ</span> <span class='ocrx_word' id='word_1_178' title='bbox 1395 2138 1541 2207; x_wconf 82' lang='grc' dir='ltr'>μέγα</span> <span class='ocrx_word' id='word_1_179' title='bbox 1587 2134 1880 2205; x_wconf 76' lang='grc' dir='ltr'>ἐγκαλέσαι</span> <span class='ocrx_word' id='word_1_180' title='bbox 1910 2132 1989 2204; x_wconf 84' lang='grc' dir='ltr'>τῷ</span> 
     </span>
    </p>
   </div>
   <div class='ocr_carea' id='block_1_24' title="bbox 421 2216 1990 2293">
    <p class='ocr_par' dir='ltr' id='par_1_24' title="bbox 421 2216 1990 2293">
     <span class='ocr_line' id='line_1_24' title="bbox 421 2216 1990 2293; baseline -0.005 -16"><span class='ocrx_word' id='word_1_181' title='bbox 421 2223 655 2293; x_wconf 80' lang='grc' dir='ltr'>ἀδελφῷ,</span> <span class='ocrx_word' id='word_1_182' title='bbox 686 2223 872 2292; x_wconf 76' lang='grc' dir='ltr'>ἐπειδὴ</span> <span class='ocrx_word' id='word_1_183' title='bbox 899 2219 1038 2276; x_wconf 87' lang='grc' dir='ltr'>είδεν</span> <span class='ocrx_word' id='word_1_184' title='bbox 1069 2221 1457 2293; x_wconf 75' lang='grc' dir='ltr'>εὐδοκιμοῦντα</span> <span class='ocrx_word' id='word_1_185' title='bbox 1488 2220 1637 2290; x_wconf 85' lang='grc' dir='ltr'>παρά</span> <span class='ocrx_word' id='word_1_186' title='bbox 1657 2216 1990 2289; x_wconf 81' lang='grc' dir='ltr'>τῷΔεσπότῃ</span> 
     </span>
    </p>
   </div>
   <div class='ocr_carea' id='block_1_25' title="bbox 421 2297 1992 2374">
    <p class='ocr_par' dir='ltr' id='par_1_25' title="bbox 421 2297 1992 2374">
     <span class='ocr_line' id='line_1_25' title="bbox 421 2297 1992 2374; baseline -0.004 -16"><span class='ocrx_word' id='word_1_187' title='bbox 421 2306 530 2360; x_wconf 86' lang='grc' dir='ltr'>τῶν</span> <span class='ocrx_word' id='word_1_188' title='bbox 549 2306 685 2359; x_wconf 77' lang='grc' dir='ltr'>ὅλων</span> <span class='ocrx_word' id='word_1_189' title='bbox 702 2304 810 2360; x_wconf 84' lang='grc' dir='ltr'>ἀπὸ</span> <span class='ocrx_word' id='word_1_190' title='bbox 827 2303 926 2374; x_wconf 81' lang='grc' dir='ltr'>τῆς</span> <span class='ocrx_word' id='word_1_191' title='bbox 950 2303 1320 2374; x_wconf 84' lang='grc' dir='ltr'>προσκομιδῆς</span> <span class='ocrx_word' id='word_1_192' title='bbox 1337 2303 1448 2356; x_wconf 85' lang='grc' dir='ltr'>τῶν</span> <span class='ocrx_word' id='word_1_193' title='bbox 1464 2302 1671 2373; x_wconf 85' lang='grc' dir='ltr'>δώρων.</span> <span class='ocrx_word' id='word_1_194' title='bbox 1690 2301 1786 2355; x_wconf 73' lang='grc' dir='ltr'>καὶ</span> <span class='ocrx_word' id='word_1_195' title='bbox 1804 2297 1992 2353; x_wconf 81' lang='grc' dir='ltr'>ἐαυτὸν</span> 
     </span>
    </p>
   </div>
   <div class='ocr_carea' id='block_1_26' title="bbox 422 2383 1992 2459">
    <p class='ocr_par' dir='ltr' id='par_1_26' title="bbox 422 2383 1992 2459">
     <span class='ocr_line' id='line_1_26' title="bbox 422 2383 1992 2459; baseline -0.006 -15"><span class='ocrx_word' id='word_1_196' title='bbox 422 2388 726 2459; x_wconf 71' lang='grc' dir='ltr'>ἀπόϐλητον</span> <span class='ocrx_word' id='word_1_197' title='bbox 752 2386 1224 2458; x_wconf 83' lang='grc' dir='ltr'>γεγενημένονδιὰ</span> <span class='ocrx_word' id='word_1_198' title='bbox 1243 2386 1341 2457; x_wconf 80' lang='grc' dir='ltr'>τὴν</span> <span class='ocrx_word' id='word_1_199' title='bbox 1362 2386 1570 2439; x_wconf 80' lang='grc' dir='ltr'>οἰκείαν</span> <span class='ocrx_word' id='word_1_200' title='bbox 1598 2384 1887 2455; x_wconf 77' lang='grc' dir='ltr'>ρᾳθυμίαν,</span> <span class='ocrx_word' id='word_1_201' title='bbox 1912 2383 1992 2445; x_wconf 89' lang='grc' dir='ltr'>εἰς</span> 
     </span>
    </p>
   </div>
   <div class='ocr_carea' id='block_1_27' title="bbox 423 2467 1995 2542">
    <p class='ocr_par' dir='ltr' id='par_1_27' title="bbox 423 2467 1995 2542">
     <span class='ocr_line' id='line_1_27' title="bbox 423 2467 1995 2542; baseline -0.005 -17"><span class='ocrx_word' id='word_1_202' title='bbox 423 2473 617 2541; x_wconf 77' lang='grc' dir='ltr'>φθόνον</span> <span class='ocrx_word' id='word_1_203' title='bbox 640 2471 801 2534; x_wconf 77' lang='grc' dir='ltr'>εὐθὺς</span> <span class='ocrx_word' id='word_1_204' title='bbox 820 2470 1149 2542; x_wconf 82' lang='grc' dir='ltr'>διηγείρετο,</span> <span class='ocrx_word' id='word_1_205' title='bbox 1172 2469 1268 2523; x_wconf 77' lang='grc' dir='ltr'>καὶ</span> <span class='ocrx_word' id='word_1_206' title='bbox 1287 2469 1386 2539; x_wconf 85' lang='grc' dir='ltr'>τὴν</span> <span class='ocrx_word' id='word_1_207' title='bbox 1416 2468 1572 2539; x_wconf 75' lang='grc' dir='ltr'>ῥίζαν</span> <span class='ocrx_word' id='word_1_208' title='bbox 1604 2467 1698 2520; x_wconf 91' lang='grc' dir='ltr'>τοῦ</span> <span class='ocrx_word' id='word_1_209' title='bbox 1726 2467 1887 2536; x_wconf 89' lang='grc' dir='ltr'>φόνου</span> <span class='ocrx_word' id='word_1_210' title='bbox 1915 2481 1995 2518; x_wconf 90' lang='grc' dir='ltr'>τε-</span> 
     </span>
    </p>
   </div>
   <div class='ocr_carea' id='block_1_28' title="bbox 426 2550 1996 2625">
    <p class='ocr_par' dir='ltr' id='par_1_28' title="bbox 426 2550 1996 2625">
     <span class='ocr_line' id='line_1_28' title="bbox 426 2550 1996 2625; baseline -0.007 -14"><span class='ocrx_word' id='word_1_211' title='bbox 426 2556 536 2611; x_wconf 83' lang='grc' dir='ltr'>κὼν</span> <span class='ocrx_word' id='word_1_212' title='bbox 554 2557 612 2609; x_wconf 80' lang='grc' dir='ltr'>ἐν</span> <span class='ocrx_word' id='word_1_213' title='bbox 634 2557 701 2625; x_wconf 79' lang='grc' dir='ltr'>τῇ</span> <span class='ocrx_word' id='word_1_214' title='bbox 724 2554 949 2625; x_wconf 72' lang='grc' dir='ltr'>διανοίᾳ,</span> <span class='ocrx_word' id='word_1_215' title='bbox 967 2553 1309 2625; x_wconf 83' lang='grc' dir='ltr'>παραχρῆμα</span> <span class='ocrx_word' id='word_1_216' title='bbox 1329 2551 1423 2606; x_wconf 74' lang='grc' dir='ltr'>καὶ</span> <span class='ocrx_word' id='word_1_217' title='bbox 1450 2552 1540 2606; x_wconf 83' lang='grc' dir='ltr'>τὸν</span> <span class='ocrx_word' id='word_1_218' title='bbox 1564 2550 1771 2623; x_wconf 84' lang='grc' dir='ltr'>καρπὸν</span> <span class='ocrx_word' id='word_1_219' title='bbox 1792 2550 1996 2603; x_wconf 85' lang='grc' dir='ltr'>ἐκεῖνον</span> 
     </span>
    </p>
   </div>
   <div class='ocr_carea' id='block_1_29' title="bbox 424 2632 1997 2710">
    <p class='ocr_par' dir='ltr' id='par_1_29' title="bbox 424 2632 1997 2710">
     <span class='ocr_line' id='line_1_29' title="bbox 424 2632 1997 2710; baseline -0.007 -16"><span class='ocrx_word' id='word_1_220' title='bbox 424 2641 514 2694; x_wconf 80' lang='grc' dir='ltr'>τὸν</span> <span class='ocrx_word' id='word_1_221' title='bbox 536 2639 777 2710; x_wconf 80' lang='grc' dir='ltr'>ὀλέθριον</span> <span class='ocrx_word' id='word_1_222' title='bbox 803 2635 1134 2702; x_wconf 83' lang='grc' dir='ltr'>ἐπεδείξατο,</span> <span class='ocrx_word' id='word_1_223' title='bbox 1153 2636 1249 2690; x_wconf 71' lang='grc' dir='ltr'>καὶ</span> <span class='ocrx_word' id='word_1_224' title='bbox 1273 2635 1363 2689; x_wconf 80' lang='grc' dir='ltr'>τὸν</span> <span class='ocrx_word' id='word_1_225' title='bbox 1386 2635 1545 2704; x_wconf 88' lang='grc' dir='ltr'>φόνον</span> <span class='ocrx_word' id='word_1_226' title='bbox 1572 2636 1652 2697; x_wconf 81' lang='grc' dir='ltr'>είς</span> <span class='ocrx_word' id='word_1_227' title='bbox 1679 2632 1838 2704; x_wconf 80' lang='grc' dir='ltr'>ἔργον</span> <span class='ocrx_word' id='word_1_228' title='bbox 1861 2632 1997 2701; x_wconf 79' lang='grc' dir='ltr'>ῆγα-</span> 
     </span>
    </p>
   </div>
   <div class='ocr_carea' id='block_1_30' title="bbox 426 2712 1996 2791">
    <p class='ocr_par' dir='ltr' id='par_1_30' title="bbox 426 2712 1996 2791">
     <span class='ocr_line' id='line_1_30' title="bbox 426 2712 1996 2791; baseline -0.006 -15"><span class='ocrx_word' id='word_1_229' title='bbox 426 2741 543 2791; x_wconf 88' lang='grc' dir='ltr'>γεν.</span> <span class='ocrx_word' id='word_1_230' title='bbox 562 2720 719 2775; x_wconf 87' lang='grc' dir='ltr'>Οῦτω</span> <span class='ocrx_word' id='word_1_231' title='bbox 754 2721 819 2791; x_wconf 78' lang='grc' dir='ltr'>δὴ</span> <span class='ocrx_word' id='word_1_232' title='bbox 849 2720 943 2774; x_wconf 75' lang='grc' dir='ltr'>καὶ</span> <span class='ocrx_word' id='word_1_233' title='bbox 969 2718 1063 2773; x_wconf 89' lang='grc' dir='ltr'>νῦν</span> <span class='ocrx_word' id='word_1_234' title='bbox 1091 2719 1120 2771; x_wconf 91' lang='lat'>6</span> <span class='ocrx_word' id='word_1_235' title='bbox 1150 2717 1323 2772; x_wconf 84' lang='grc' dir='ltr'>Ἡσαῦ</span> <span class='ocrx_word' id='word_1_236' title='bbox 1356 2715 1480 2771; x_wconf 89' lang='grc' dir='ltr'>ἰδὼν</span> <span class='ocrx_word' id='word_1_237' title='bbox 1517 2717 1608 2770; x_wconf 81' lang='grc' dir='ltr'>τὸν</span> <span class='ocrx_word' id='word_1_238' title='bbox 1640 2714 1869 2783; x_wconf 79' lang='grc' dir='ltr'>ἀδελφὸν</span> <span class='ocrx_word' id='word_1_239' title='bbox 1898 2712 1996 2777; x_wconf 80' lang='grc' dir='ltr'>τάς</span> 
     </span>
    </p>
   </div>
   <div class='ocr_carea' id='block_1_31' title="bbox 427 2794 1998 2876">
    <p class='ocr_par' dir='ltr' id='par_1_31' title="bbox 427 2794 1998 2876">
     <span class='ocr_line' id='line_1_31' title="bbox 427 2794 1998 2876; baseline -0.006 -18"><span class='ocrx_word' id='word_1_240' title='bbox 427 2805 680 2873; x_wconf 77' lang='grc' dir='ltr'>εὐλογίας</span> <span class='ocrx_word' id='word_1_241' title='bbox 719 2802 870 2876; x_wconf 82' lang='grc' dir='ltr'>παρὰ</span> <span class='ocrx_word' id='word_1_242' title='bbox 902 2802 997 2857; x_wconf 89' lang='grc' dir='ltr'>τοῦ</span> <span class='ocrx_word' id='word_1_243' title='bbox 1028 2802 1233 2875; x_wconf 82' lang='grc' dir='ltr'>πατρὸς</span> <span class='ocrx_word' id='word_1_244' title='bbox 1254 2799 1590 2870; x_wconf 81' lang='grc' dir='ltr'>δεξάμενον,</span> <span class='ocrx_word' id='word_1_245' title='bbox 1627 2800 1721 2853; x_wconf 79' lang='grc' dir='ltr'>καὶ</span> <span class='ocrx_word' id='word_1_246' title='bbox 1773 2796 1874 2871; x_wconf 80' lang='grc' dir='ltr'>ὐπὸ</span> <span class='ocrx_word' id='word_1_247' title='bbox 1902 2794 1998 2849; x_wconf 88' lang='grc' dir='ltr'>τοῦ</span> 
     </span>
    </p>
   </div>
   <div class='ocr_carea' id='block_1_32' title="bbox 428 2881 2002 2958">
    <p class='ocr_par' dir='ltr' id='par_1_32' title="bbox 428 2881 2002 2958">
     <span class='ocr_line' id='line_1_32' title="bbox 428 2881 2002 2958; baseline -0.004 -17"><span class='ocrx_word' id='word_1_248' title='bbox 428 2887 602 2958; x_wconf 89' lang='grc' dir='ltr'>θυμοῦ</span> <span class='ocrx_word' id='word_1_249' title='bbox 628 2886 725 2941; x_wconf 71' lang='grc' dir='ltr'>καὶ</span> <span class='ocrx_word' id='word_1_250' title='bbox 748 2887 848 2956; x_wconf 73' lang='grc' dir='ltr'>&gt;τῆς</span> <span class='ocrx_word' id='word_1_251' title='bbox 875 2884 1173 2955; x_wconf 81' lang='grc' dir='ltr'>βασκανίας</span> <span class='ocrx_word' id='word_1_252' title='bbox 1200 2885 1281 2949; x_wconf 85' lang='grc' dir='ltr'>εἰς</span> <span class='ocrx_word' id='word_1_253' title='bbox 1310 2883 1470 2954; x_wconf 89' lang='grc' dir='ltr'>φόνον</span> <span class='ocrx_word' id='word_1_254' title='bbox 1488 2884 1516 2924; x_wconf 72' lang='grc' dir='ltr'>δ</span> <span class='ocrx_word' id='word_1_255' title='bbox 1540 2881 1863 2953; x_wconf 68' lang='grc' dir='ltr'>ἐξενεχθεὶς,</span> <span class='ocrx_word' id='word_1_256' title='bbox 1881 2882 2002 2951; x_wconf 84' lang='grc' dir='ltr'>ἐμε-</span> 
     </span>
    </p>
   </div>
   <div class='ocr_carea' id='block_1_33' title="bbox 428 2968 1443 3038">
    <p class='ocr_par' dir='ltr' id='par_1_33' title="bbox 428 2968 1443 3038">
     <span class='ocr_line' id='line_1_33' title="bbox 428 2968 1443 3038; baseline -0.003 -14"><span class='ocrx_word' id='word_1_257' title='bbox 428 2970 562 3026; x_wconf 89' lang='grc' dir='ltr'>λέτα</span> <span class='ocrx_word' id='word_1_258' title='bbox 591 2971 687 3024; x_wconf 86' lang='grc' dir='ltr'>τοῦ</span> <span class='ocrx_word' id='word_1_259' title='bbox 729 2968 961 3038; x_wconf 86' lang='grc' dir='ltr'>ἀδελφοῦ</span> <span class='ocrx_word' id='word_1_260' title='bbox 1003 2969 1104 3038; x_wconf 77' lang='grc' dir='ltr'>τήν</span> <span class='ocrx_word' id='word_1_261' title='bbox 1143 2968 1443 3037; x_wconf 88' lang='grc' dir='ltr'>ἀναίρεσιν.</span> 
     </span>
    </p>
   </div>
   <div class='ocr_carea' id='block_1_34' title="bbox 510 3045 2003 3121">
    <p class='ocr_par' dir='ltr' id='par_1_34' title="bbox 510 3045 2003 3121">
     <span class='ocr_line' id='line_1_34' title="bbox 510 3045 2003 3121; baseline -0.005 -14"><span class='ocrx_word' id='word_1_262' title='bbox 510 3052 696 3121; x_wconf 80' lang='grc' dir='ltr'>⁹Αλλ’ή</span> <span class='ocrx_word' id='word_1_263' title='bbox 715 3050 991 3121; x_wconf 89' lang='grc' dir='ltr'>θαυμασία</span> <span class='ocrx_word' id='word_1_264' title='bbox 1005 3052 1187 3121; x_wconf 83' lang='grc' dir='ltr'>μήτηρ</span> <span class='ocrx_word' id='word_1_265' title='bbox 1216 3050 1373 3103; x_wconf 85' lang='grc' dir='ltr'>τοῦτο</span> <span class='ocrx_word' id='word_1_266' title='bbox 1388 3048 1705 3118; x_wconf 83' lang='grc' dir='ltr'>αἰσθομένη,</span> <span class='ocrx_word' id='word_1_267' title='bbox 1725 3045 1887 3102; x_wconf 80' lang='grc' dir='ltr'>πάλιν</span> <span class='ocrx_word' id='word_1_268' title='bbox 1907 3045 2003 3117; x_wconf 75' lang='grc' dir='ltr'>τὴν</span> 
     </span>
    </p>
   </div>
   <div class='ocr_carea' id='block_1_35' title="bbox 433 3130 2006 3207">
    <p class='ocr_par' dir='ltr' id='par_1_35' title="bbox 433 3130 2006 3207">
     <span class='ocr_line' id='line_1_35' title="bbox 433 3130 2006 3207; baseline -0.004 -19"><span class='ocrx_word' id='word_1_269' title='bbox 433 3136 706 3207; x_wconf 81' lang='grc' dir='ltr'>μητρικὴν</span> <span class='ocrx_word' id='word_1_270' title='bbox 721 3132 1101 3204; x_wconf 88' lang='grc' dir='ltr'>φιλοστοργίαν</span> <span class='ocrx_word' id='word_1_271' title='bbox 1114 3149 1181 3185; x_wconf 85' lang='grc' dir='ltr'>πε</span> <span class='ocrx_word' id='word_1_272' title='bbox 1189 3131 1241 3202; x_wconf 76' lang='grc' dir='ltr'>ρὶ</span> <span class='ocrx_word' id='word_1_273' title='bbox 1251 3132 1340 3185; x_wconf 85' lang='grc' dir='ltr'>τὸν</span> <span class='ocrx_word' id='word_1_274' title='bbox 1355 3132 1519 3185; x_wconf 80' lang='grc' dir='ltr'>παῖδα</span> <span class='ocrx_word' id='word_1_275' title='bbox 1531 3130 1894 3184; x_wconf 80' lang='grc' dir='ltr'>ἐπιδείκνυται</span> <span class='ocrx_word' id='word_1_276' title='bbox 1910 3131 2006 3183; x_wconf 77' lang='grc' dir='ltr'>καὶ</span> 
     </span>
    </p>
   </div>
   <div class='ocr_carea' id='block_1_36' title="bbox 432 3212 2005 3287">
    <p class='ocr_par' dir='ltr' id='par_1_36' title="bbox 432 3212 2005 3287">
     <span class='ocr_line' id='line_1_36' title="bbox 432 3212 2005 3287; baseline -0.003 -17"><span class='ocrx_word' id='word_1_277' title='bbox 432 3236 498 3270; x_wconf 93' lang='grc' dir='ltr'>συ</span> <span class='ocrx_word' id='word_1_278' title='bbox 505 3215 741 3287; x_wconf 84' lang='grc' dir='ltr'>μϐουλήν</span> <span class='ocrx_word' id='word_1_279' title='bbox 758 3215 965 3281; x_wconf 91' lang='grc' dir='ltr'>εἰσάγει</span> <span class='ocrx_word' id='word_1_280' title='bbox 976 3214 1074 3283; x_wconf 78' lang='grc' dir='ltr'>τὴν</span> <span class='ocrx_word' id='word_1_281' title='bbox 1087 3212 1390 3283; x_wconf 81' lang='grc' dir='ltr'>δυναμένην</span> <span class='ocrx_word' id='word_1_282' title='bbox 1406 3213 1568 3267; x_wconf 82' lang='grc' dir='ltr'>αὐτὸν</span> <span class='ocrx_word' id='word_1_283' title='bbox 1583 3212 1886 3281; x_wconf 78' lang='grc' dir='ltr'>ἐξαρπάσαι</span> <span class='ocrx_word' id='word_1_284' title='bbox 1898 3212 2005 3266; x_wconf 87' lang='grc' dir='ltr'>τῶν</span> 
     </span>
    </p>
   </div>
   <div class='ocr_carea' id='block_1_37' title="bbox 431 3290 2009 3364">
    <p class='ocr_par' dir='ltr' id='par_1_37' title="bbox 431 3290 2009 3364">
     <span class='ocr_line' id='line_1_37' title="bbox 431 3290 2009 3364; baseline -0.003 -14"><span class='ocrx_word' id='word_1_285' title='bbox 431 3296 524 3350; x_wconf 83' lang='grc' dir='ltr'>τοῦ</span> <span class='ocrx_word' id='word_1_286' title='bbox 540 3294 769 3364; x_wconf 88' lang='grc' dir='ltr'>ἀδελφοῦ</span> <span class='ocrx_word' id='word_1_287' title='bbox 782 3291 1000 3364; x_wconf 89' lang='grc' dir='ltr'>χειρῶν.</span> <span class='ocrx_word' id='word_1_288' title='bbox 1013 3292 1337 3346; x_wconf 79' lang='grc' dir='ltr'>Καλέσασα</span> <span class='ocrx_word' id='word_1_289' title='bbox 1349 3290 1637 3363; x_wconf 74' lang='grc' dir='ltr'>γὰρ,φησί,</span> <span class='ocrx_word' id='word_1_290' title='bbox 1650 3290 1758 3344; x_wconf 87' lang='grc' dir='ltr'>τὸν</span> <span class='ocrx_word' id='word_1_291' title='bbox 1770 3292 2009 3346; x_wconf 78' lang='grc' dir='ltr'>υιόναὺ-</span> 
     </span>
    </p>
   </div>
   <div class='ocr_carea' id='block_1_38' title="bbox 431 3367 2007 3445">
    <p class='ocr_par' dir='ltr' id='par_1_38' title="bbox 431 3367 2007 3445">
     <span class='ocr_line' id='line_1_38' title="bbox 431 3367 2007 3445; baseline -0.003 -16"><span class='ocrx_word' id='word_1_292' title='bbox 431 3377 544 3445; x_wconf 82' lang='grc' dir='ltr'>τῆς</span> <span class='ocrx_word' id='word_1_293' title='bbox 560 3375 666 3429; x_wconf 79' lang='grc' dir='ltr'>τὸν</span> <span class='ocrx_word' id='word_1_294' title='bbox 680 3374 990 3440; x_wconf 80' lang='grc' dir='ltr'>νεώτερον,</span> <span class='ocrx_word' id='word_1_295' title='bbox 1006 3367 1175 3425; x_wconf 75' lang='grc' dir='ltr'>εἶπεν</span> <span class='ocrx_word' id='word_1_296' title='bbox 1188 3370 1366 3433; x_wconf 85' lang='grc' dir='ltr'>αὐτῷ·</span> <span class='ocrx_word' id='word_1_297' title='bbox 1402 3369 1557 3425; x_wconf 83' lang='grc' dir='ltr'>ἰδοὺ</span> <span class='ocrx_word' id='word_1_298' title='bbox 1581 3370 1763 3445; x_wconf 80' lang='grc' dir='ltr'>Ἡσαῦ</span> <span class='ocrx_word' id='word_1_299' title='bbox 1779 3373 1811 3425; x_wconf 86' lang='grc' dir='ltr'><strong><em>ό</em></strong></span> <span class='ocrx_word' id='word_1_300' title='bbox 1832 3370 2007 3426; x_wconf 68' lang='grc' dir='ltr'>ἀδελ-</span> 
     </span>
    </p>
   </div>
   <div class='ocr_carea' id='block_1_39' title="bbox 432 3444 2007 3524">
    <p class='ocr_par' dir='ltr' id='par_1_39' title="bbox 432 3444 2007 3524">
     <span class='ocr_line' id='line_1_39' title="bbox 432 3444 2007 3524; baseline -0.003 -17"><span class='ocrx_word' id='word_1_301' title='bbox 432 3444 548 3524; x_wconf 73' lang='grc' dir='ltr'>φός</span> <span class='ocrx_word' id='word_1_302' title='bbox 570 3469 687 3508; x_wconf 90' lang='grc' dir='ltr'>σου</span> <span class='ocrx_word' id='word_1_303' title='bbox 713 3450 951 3507; x_wconf 70' lang='grc' dir='ltr'>ἀπειλεῖ</span> <span class='ocrx_word' id='word_1_304' title='bbox 960 3466 1057 3505; x_wconf 86' lang='grc' dir='ltr'>σοι</span> <span class='ocrx_word' id='word_1_305' title='bbox 1078 3449 1425 3503; x_wconf 80' lang='grc' dir='ltr'>ἀποκτεῖναί</span> <span class='ocrx_word' id='word_1_306' title='bbox 1445 3448 1675 3505; x_wconf 86' lang='grc' dir='ltr'>σε.Νῦν</span> <span class='ocrx_word' id='word_1_307' title='bbox 1693 3444 1806 3503; x_wconf 86' lang='grc' dir='ltr'>οὖν</span> <span class='ocrx_word' id='word_1_308' title='bbox 1825 3450 2007 3503; x_wconf 77' lang='grc' dir='ltr'>ἄκου-</span> 
     </span>
    </p>
   </div>
   <div class='ocr_carea' id='block_1_40' title="bbox 433 3531 2006 3605">
    <p class='ocr_par' dir='ltr' id='par_1_40' title="bbox 433 3531 2006 3605">
     <span class='ocr_line' id='line_1_40' title="bbox 433 3531 2006 3605; baseline -0.004 -15"><span class='ocrx_word' id='word_1_309' title='bbox 433 3539 554 3590; x_wconf 83' lang='grc' dir='ltr'>σόν</span> <span class='ocrx_word' id='word_1_310' title='bbox 574 3553 695 3605; x_wconf 81' lang='grc' dir='ltr'>μου</span> <span class='ocrx_word' id='word_1_311' title='bbox 725 3534 834 3601; x_wconf 84' lang='grc' dir='ltr'>τῆς</span> <span class='ocrx_word' id='word_1_312' title='bbox 863 3531 1087 3602; x_wconf 72' lang='grc' dir='ltr'>φωνῆς.</span> <span class='ocrx_word' id='word_1_313' title='bbox 1115 3531 1181 3584; x_wconf 83' lang='grc' dir='ltr'><em>Ἣ</em></span> <span class='ocrx_word' id='word_1_314' title='bbox 1202 3532 1368 3602; x_wconf 88' lang='grc' dir='ltr'>πεῖρά</span> <span class='ocrx_word' id='word_1_315' title='bbox 1393 3548 1452 3585; x_wconf 90' lang='grc' dir='ltr'>σε</span> <span class='ocrx_word' id='word_1_316' title='bbox 1480 3532 1795 3594; x_wconf 85' lang='grc' dir='ltr'>διδασκέτω,</span> <span class='ocrx_word' id='word_1_317' title='bbox 1824 3533 2006 3603; x_wconf 71' lang='grc' dir='ltr'>φησὶν,</span> 
     </span>
    </p>
   </div>
   <div class='ocr_carea' id='block_1_41' title="bbox 434 3614 2010 3687">
    <p class='ocr_par' dir='ltr' id='par_1_41' title="bbox 434 3614 2010 3687">
     <span class='ocr_line' id='line_1_41' title="bbox 434 3614 2010 3687; baseline -0.003 -15"><span class='ocrx_word' id='word_1_318' title='bbox 434 3620 517 3672; x_wconf 81' lang='grc' dir='ltr'>ὅτι</span> <span class='ocrx_word' id='word_1_319' title='bbox 537 3619 605 3673; x_wconf 80' lang='grc' dir='ltr'>τὰ</span> <span class='ocrx_word' id='word_1_320' title='bbox 630 3616 880 3684; x_wconf 85' lang='grc' dir='ltr'>λυσιτελῆ</span> <span class='ocrx_word' id='word_1_321' title='bbox 900 3632 980 3668; x_wconf 92' lang='grc' dir='ltr'>σοι</span> <span class='ocrx_word' id='word_1_322' title='bbox 1002 3614 1372 3685; x_wconf 88' lang='grc' dir='ltr'>συμϐουλεύω,</span> <span class='ocrx_word' id='word_1_323' title='bbox 1395 3615 1488 3668; x_wconf 77' lang='grc' dir='ltr'>καὶ</span> <span class='ocrx_word' id='word_1_324' title='bbox 1515 3616 1763 3687; x_wconf 89' lang='grc' dir='ltr'>καθάπερ</span> <span class='ocrx_word' id='word_1_325' title='bbox 1783 3615 1886 3686; x_wconf 86' lang='grc' dir='ltr'>ήδη</span> <span class='ocrx_word' id='word_1_326' title='bbox 1910 3617 2010 3686; x_wconf 89' lang='grc' dir='ltr'>τῆς</span> 
     </span>
    </p>
   </div>
   <div class='ocr_carea' id='block_1_42' title="bbox 436 3696 2010 3772">
    <p class='ocr_par' dir='ltr' id='par_1_42' title="bbox 436 3696 2010 3772">
     <span class='ocr_line' id='line_1_42' title="bbox 436 3696 2010 3772; baseline -0.003 -17"><span class='ocrx_word' id='word_1_327' title='bbox 436 3704 575 3772; x_wconf 84' lang='grc' dir='ltr'>ἐμῆς</span> <span class='ocrx_word' id='word_1_328' title='bbox 604 3700 787 3769; x_wconf 81' lang='grc' dir='ltr'>φωνῆς</span> <span class='ocrx_word' id='word_1_329' title='bbox 825 3698 1087 3762; x_wconf 87' lang='grc' dir='ltr'>ἀκούσας,</span> <span class='ocrx_word' id='word_1_330' title='bbox 1117 3696 1217 3755; x_wconf 81' lang='grc' dir='ltr'>τὰς</span> <span class='ocrx_word' id='word_1_331' title='bbox 1246 3697 1486 3767; x_wconf 86' lang='grc' dir='ltr'>μεγάλας</span> <span class='ocrx_word' id='word_1_332' title='bbox 1516 3699 1730 3761; x_wconf 89' lang='grc' dir='ltr'>ἐκείνας</span> <span class='ocrx_word' id='word_1_333' title='bbox 1764 3698 2010 3767; x_wconf 85' lang='grc' dir='ltr'>εὐλογίας</span> 
     </span>
    </p>
   </div>
   <div class='ocr_carea' id='block_1_43' title="bbox 436 3780 2011 3854">
    <p class='ocr_par' dir='ltr' id='par_1_43' title="bbox 436 3780 2011 3854">
     <span class='ocr_line' id='line_1_43' title="bbox 436 3780 2011 3854; baseline -0.001 -15"><span class='ocrx_word' id='word_1_334' title='bbox 436 3784 730 3839; x_wconf 73' lang='grc' dir='ltr'>ἐπεσπάσω</span> <span class='ocrx_word' id='word_1_335' title='bbox 752 3783 901 3854; x_wconf 83' lang='grc' dir='ltr'>παρὰ</span> <span class='ocrx_word' id='word_1_336' title='bbox 922 3781 1014 3835; x_wconf 87' lang='grc' dir='ltr'>τοῦ</span> <span class='ocrx_word' id='word_1_337' title='bbox 1036 3781 1263 3853; x_wconf 82' lang='grc' dir='ltr'>πατρὸς,</span> <span class='ocrx_word' id='word_1_338' title='bbox 1290 3780 1433 3836; x_wconf 79' lang='grc' dir='ltr'>οῦτω</span> <span class='ocrx_word' id='word_1_339' title='bbox 1457 3783 1522 3852; x_wconf 82' lang='grc' dir='ltr'>δὴ</span> <span class='ocrx_word' id='word_1_340' title='bbox 1552 3783 1646 3836; x_wconf 75' lang='grc' dir='ltr'>καὶ</span> <span class='ocrx_word' id='word_1_341' title='bbox 1665 3781 1758 3835; x_wconf 87' lang='grc' dir='ltr'>νῦν</span> <span class='ocrx_word' id='word_1_342' title='bbox 1779 3782 2011 3839; x_wconf 79' lang='grc' dir='ltr'>ἄκουσόν</span> 
     </span>
    </p>
   </div>
   <div class='ocr_carea' id='block_1_44' title="bbox 439 3859 2010 3934">
    <p class='ocr_par' dir='ltr' id='par_1_44' title="bbox 439 3859 2010 3934">
     <span class='ocr_line' id='line_1_44' title="bbox 439 3859 2010 3934; baseline -0.002 -18"><span class='ocrx_word' id='word_1_343' title='bbox 439 3881 542 3934; x_wconf 87' lang='grc' dir='ltr'>μου</span> <span class='ocrx_word' id='word_1_344' title='bbox 579 3862 677 3932; x_wconf 89' lang='grc' dir='ltr'>τῆς</span> <span class='ocrx_word' id='word_1_345' title='bbox 705 3865 909 3931; x_wconf 82' lang='grc' dir='ltr'>φωνῆς,</span> <span class='ocrx_word' id='word_1_346' title='bbox 935 3861 1020 3913; x_wconf 83' lang='grc' dir='ltr'>ἵνα</span> <span class='ocrx_word' id='word_1_347' title='bbox 1052 3860 1337 3928; x_wconf 79' lang='grc' dir='ltr'>διαφυγεῖν</span> <span class='ocrx_word' id='word_1_348' title='bbox 1361 3861 1597 3932; x_wconf 78' lang='grc' dir='ltr'>δυνηθῇς</span> <span class='ocrx_word' id='word_1_349' title='bbox 1638 3861 1735 3914; x_wconf 85' lang='grc' dir='ltr'>τοῦ</span> <span class='ocrx_word' id='word_1_350' title='bbox 1778 3859 2010 3930; x_wconf 88' lang='grc' dir='ltr'>ἀδελφοῦ</span> 
     </span>
    </p>
   </div>
   <div class='ocr_carea' id='block_1_45' title="bbox 435 3937 2013 4012">
    <p class='ocr_par' dir='ltr' id='par_1_45' title="bbox 435 3937 2013 4012">
     <span class='ocr_line' id='line_1_45' title="bbox 435 3937 2013 4012; baseline -0.001 -17"><span class='ocrx_word' id='word_1_351' title='bbox 435 3943 535 4005; x_wconf 85' lang='grc' dir='ltr'>τάς</span> <span class='ocrx_word' id='word_1_352' title='bbox 560 3943 766 4012; x_wconf 81' lang='grc' dir='ltr'>χεῖρας.</span> <span class='ocrx_word' id='word_1_353' title='bbox 800 3940 954 3993; x_wconf 75' lang='grc' dir='ltr'>Οὕτω</span> <span class='ocrx_word' id='word_1_354' title='bbox 980 3937 1088 4008; x_wconf 79' lang='grc' dir='ltr'>γάρ</span> <span class='ocrx_word' id='word_1_355' title='bbox 1128 3939 1318 3992; x_wconf 78' lang='grc' dir='ltr'>ἑαυτὸν</span> <span class='ocrx_word' id='word_1_356' title='bbox 1346 3938 1730 4010; x_wconf 75' lang='grc' dir='ltr'>ἐλευθερώσεις</span> <span class='ocrx_word' id='word_1_357' title='bbox 1759 3939 1867 3992; x_wconf 88' lang='grc' dir='ltr'>τῶν</span> <span class='ocrx_word' id='word_1_358' title='bbox 1900 3957 2013 3993; x_wconf 89' lang='grc' dir='ltr'>κιν-</span> 
     </span>
    </p>
   </div>
   <div class='ocr_carea' id='block_1_46' title="bbox 437 4015 2013 4087">
    <p class='ocr_par' dir='ltr' id='par_1_46' title="bbox 437 4015 2013 4087">
     <span class='ocr_line' id='line_1_46' title="bbox 437 4015 2013 4087; baseline -0.002 -14"><span class='ocrx_word' id='word_1_359' title='bbox 437 4020 630 4081; x_wconf 82' lang='grc' dir='ltr'>δύνων,</span> <span class='ocrx_word' id='word_1_360' title='bbox 660 4018 805 4086; x_wconf 75' lang='grc' dir='ltr'>κάμὲ</span> <span class='ocrx_word' id='word_1_361' title='bbox 830 4016 925 4069; x_wconf 86' lang='grc' dir='ltr'>τοῦ</span> <span class='ocrx_word' id='word_1_362' title='bbox 950 4015 1194 4079; x_wconf 84' lang='grc' dir='ltr'>πένθους.</span> <span class='ocrx_word' id='word_1_363' title='bbox 1218 4017 1377 4079; x_wconf 76' lang='grc' dir='ltr'>Εἰκὸς</span> <span class='ocrx_word' id='word_1_364' title='bbox 1401 4018 1510 4087; x_wconf 77' lang='grc' dir='ltr'>γὰρ</span> <span class='ocrx_word' id='word_1_365' title='bbox 1536 4019 1761 4079; x_wconf 88' lang='grc' dir='ltr'>ἐκεῖνον,</span> <span class='ocrx_word' id='word_1_366' title='bbox 1787 4018 1836 4069; x_wconf 90' lang='grc' dir='ltr'>εἰ</span> <span class='ocrx_word' id='word_1_367' title='bbox 1860 4016 2013 4070; x_wconf 88' lang='grc' dir='ltr'>τοῦτο</span> 
     </span>
    </p>
   </div>
   <div class='ocr_carea' id='block_1_47' title="bbox 437 4093 2014 4167">
    <p class='ocr_par' dir='ltr' id='par_1_47' title="bbox 437 4093 2014 4167">
     <span class='ocr_line' id='line_1_47' title="bbox 437 4093 2014 4167; baseline -0.002 -17"><span class='ocrx_word' id='word_1_368' title='bbox 437 4098 752 4167; x_wconf 84' lang='grc' dir='ltr'>τολμήσειε,</span> <span class='ocrx_word' id='word_1_369' title='bbox 787 4094 940 4161; x_wconf 85' lang='grc' dir='ltr'>δίκην</span> <span class='ocrx_word' id='word_1_370' title='bbox 970 4093 1368 4165; x_wconf 87' lang='grc' dir='ltr'>άπαιτηθῆναι,</span> <span class='ocrx_word' id='word_1_371' title='bbox 1397 4095 1490 4146; x_wconf 77' lang='grc' dir='ltr'>καὶ</span> <span class='ocrx_word' id='word_1_372' title='bbox 1521 4094 1858 4164; x_wconf 76' lang='grc' dir='ltr'>πανταχόθεν</span> <span class='ocrx_word' id='word_1_373' title='bbox 1890 4096 2014 4165; x_wconf 78' lang='grc' dir='ltr'>ἐμοὶ</span> 
     </span>
    </p>
   </div>
   <div class='ocr_carea' id='block_1_48' title="bbox 438 4171 2014 4245">
    <p class='ocr_par' dir='ltr' id='par_1_48' title="bbox 438 4171 2014 4245">
     <span class='ocr_line' id='line_1_48' title="bbox 438 4171 2014 4245; baseline -0.001 -17"><span class='ocrx_word' id='word_1_374' title='bbox 438 4176 543 4245; x_wconf 86' lang='grc' dir='ltr'>τῆς</span> <span class='ocrx_word' id='word_1_375' title='bbox 584 4174 777 4242; x_wconf 79' lang='grc' dir='ltr'>ὀδύνης</span> <span class='ocrx_word' id='word_1_376' title='bbox 816 4171 914 4240; x_wconf 83' lang='grc' dir='ltr'>τὴν</span> <span class='ocrx_word' id='word_1_377' title='bbox 947 4171 1197 4225; x_wconf 83' lang='grc' dir='ltr'>ἐπίτασιν</span> <span class='ocrx_word' id='word_1_378' title='bbox 1249 4171 1532 4236; x_wconf 77' lang='grc' dir='ltr'>αθξεσθαι.</span> <span class='ocrx_word' id='word_1_379' title='bbox 1568 4174 1873 4226; x_wconf 73' lang='grc' dir='ltr'>’Ἄκουσον</span> <span class='ocrx_word' id='word_1_380' title='bbox 1902 4172 2014 4229; x_wconf 85' lang='grc' dir='ltr'>οὖν</span> 
     </span>
    </p>
   </div>
   <div class='ocr_carea' id='block_1_49' title="bbox 437 4248 2015 4323">
    <p class='ocr_par' dir='ltr' id='par_1_49' title="bbox 437 4248 2015 4323">
     <span class='ocr_line' id='line_1_49' title="bbox 437 4248 2015 4323; baseline -0.001 -17"><span class='ocrx_word' id='word_1_381' title='bbox 437 4270 558 4323; x_wconf 80' lang='grc' dir='ltr'>μου</span> <span class='ocrx_word' id='word_1_382' title='bbox 592 4250 703 4318; x_wconf 79' lang='grc' dir='ltr'>τῆς</span> <span class='ocrx_word' id='word_1_383' title='bbox 729 4248 953 4319; x_wconf 70' lang='grc' dir='ltr'>φωνῆς,</span> <span class='ocrx_word' id='word_1_384' title='bbox 981 4249 1078 4302; x_wconf 79' lang='grc' dir='ltr'>καὶ</span> <span class='ocrx_word' id='word_1_385' title='bbox 1103 4248 1375 4314; x_wconf 82' lang='grc' dir='ltr'>ἀναστὰς</span> <span class='ocrx_word' id='word_1_386' title='bbox 1414 4249 1704 4317; x_wconf 82' lang='grc' dir='ltr'>ἀπόδραθι</span> <span class='ocrx_word' id='word_1_387' title='bbox 1732 4251 1881 4318; x_wconf 80' lang='grc' dir='ltr'>πρὸς</span> <span class='ocrx_word' id='word_1_388' title='bbox 1908 4252 2015 4304; x_wconf 85' lang='grc' dir='ltr'>τὸν</span> 
     </span>
    </p>
   </div>
   <div class='ocr_carea' id='block_1_50' title="bbox 441 4327 2013 4399">
    <p class='ocr_par' dir='ltr' id='par_1_50' title="bbox 441 4327 2013 4399">
     <span class='ocr_line' id='line_1_50' title="bbox 441 4327 2013 4399; baseline 0 -15"><span class='ocrx_word' id='word_1_389' title='bbox 441 4329 707 4397; x_wconf 68' lang='grc' dir='ltr'>ἀδελφόν</span> <span class='ocrx_word' id='word_1_390' title='bbox 722 4344 841 4397; x_wconf 81' lang='grc' dir='ltr'>μου</span> <span class='ocrx_word' id='word_1_391' title='bbox 866 4327 1069 4381; x_wconf 79' lang='grc' dir='ltr'>Λάϐαν</span> <span class='ocrx_word' id='word_1_392' title='bbox 1094 4330 1181 4393; x_wconf 81' lang='grc' dir='ltr'>εἰς</span> <span class='ocrx_word' id='word_1_393' title='bbox 1204 4328 1459 4396; x_wconf 78' lang='grc' dir='ltr'>Χαρρὰν,</span> <span class='ocrx_word' id='word_1_394' title='bbox 1480 4328 1577 4382; x_wconf 82' lang='grc' dir='ltr'>καί</span> <span class='ocrx_word' id='word_1_395' title='bbox 1611 4329 1868 4397; x_wconf 84' lang='grc' dir='ltr'>οἵκησον</span> <span class='ocrx_word' id='word_1_396' title='bbox 1885 4333 2013 4399; x_wconf 83' lang='grc' dir='ltr'>μετ’</span> 
     </span>
    </p>
   </div>
   <div class='ocr_carea' id='block_1_51' title="bbox 441 4409 2016 4481">
    <p class='ocr_par' dir='ltr' id='par_1_51' title="bbox 441 4409 2016 4481">
     <span class='ocr_line' id='line_1_51' title="bbox 441 4409 2016 4481; baseline 0.001 -15"><span class='ocrx_word' id='word_1_397' title='bbox 441 4411 629 4466; x_wconf 84' lang='grc' dir='ltr'>αὐτοῦ</span> <span class='ocrx_word' id='word_1_398' title='bbox 672 4409 896 4479; x_wconf 84' lang='grc' dir='ltr'>ἡμέρας</span> <span class='ocrx_word' id='word_1_399' title='bbox 948 4409 1146 4476; x_wconf 83' lang='grc' dir='ltr'>τινὰς,</span> <span class='ocrx_word' id='word_1_400' title='bbox 1191 4410 1301 4476; x_wconf 78' lang='grc' dir='ltr'>ἕως</span> <span class='ocrx_word' id='word_1_401' title='bbox 1352 4411 1458 4465; x_wconf 88' lang='grc' dir='ltr'>τοῦ</span> <span class='ocrx_word' id='word_1_402' title='bbox 1499 4411 1875 4481; x_wconf 72' lang='grc' dir='ltr'>ἀποστρέψαι</span> <span class='ocrx_word' id='word_1_403' title='bbox 1908 4413 2016 4467; x_wconf 87' lang='grc' dir='ltr'>τὸν</span> 
     </span>
    </p>
   </div>
   <div class='ocr_carea' id='block_1_52' title="bbox 443 4487 2012 4557">
    <p class='ocr_par' dir='ltr' id='par_1_52' title="bbox 443 4487 2012 4557">
     <span class='ocr_line' id='line_1_52' title="bbox 443 4487 2012 4557; baseline 0.001 -14"><span class='ocrx_word' id='word_1_404' title='bbox 443 4488 633 4557; x_wconf 84' lang='grc' dir='ltr'>θυμὸν</span> <span class='ocrx_word' id='word_1_405' title='bbox 655 4490 752 4542; x_wconf 82' lang='grc' dir='ltr'>καί</span> <span class='ocrx_word' id='word_1_406' title='bbox 785 4488 900 4555; x_wconf 77' lang='grc' dir='ltr'>τὴν</span> <span class='ocrx_word' id='word_1_407' title='bbox 931 4487 1117 4556; x_wconf 78' lang='grc' dir='ltr'>ὀργὴν</span> <span class='ocrx_word' id='word_1_408' title='bbox 1145 4488 1251 4542; x_wconf 87' lang='grc' dir='ltr'>τοῦ</span> <span class='ocrx_word' id='word_1_409' title='bbox 1284 4487 1552 4556; x_wconf 72' lang='grc' dir='ltr'>ἀδελφοῦ</span> <span class='ocrx_word' id='word_1_410' title='bbox 1580 4505 1697 4543; x_wconf 93' lang='grc' dir='ltr'>σου</span> <span class='ocrx_word' id='word_1_411' title='bbox 1729 4490 1848 4544; x_wconf 82' lang='grc' dir='ltr'>ἀπὸ</span> <span class='ocrx_word' id='word_1_412' title='bbox 1875 4491 2012 4555; x_wconf 85' lang='grc' dir='ltr'>σοῦ,</span> 
     </span>
    </p>
   </div>
   <div class='ocr_carea' id='block_1_53' title="bbox 443 4565 2018 4634">
    <p class='ocr_par' dir='ltr' id='par_1_53' title="bbox 443 4565 2018 4634">
     <span class='ocr_line' id='line_1_53' title="bbox 443 4565 2018 4634; baseline 0 -13"><span class='ocrx_word' id='word_1_413' title='bbox 443 4568 543 4621; x_wconf 77' lang='grc' dir='ltr'>καὶ</span> <span class='ocrx_word' id='word_1_414' title='bbox 569 4566 916 4634; x_wconf 80' lang='grc' dir='ltr'>ἐπιλάθηται</span> <span class='ocrx_word' id='word_1_415' title='bbox 947 4565 985 4619; x_wconf 85' lang='lat' dir='ltr'><strong><em>d</em></strong></span> <span class='ocrx_word' id='word_1_416' title='bbox 1017 4566 1347 4633; x_wconf 78' lang='grc' dir='ltr'>πεποίηκας</span> <span class='ocrx_word' id='word_1_417' title='bbox 1377 4565 1568 4632; x_wconf 81' lang='grc' dir='ltr'>αὐτῷ·</span> <span class='ocrx_word' id='word_1_418' title='bbox 1599 4566 1697 4621; x_wconf 77' lang='grc' dir='ltr'>καὶ</span> <span class='ocrx_word' id='word_1_419' title='bbox 1739 4568 2018 4621; x_wconf 77' lang='grc' dir='ltr'>ἀποστεί-</span> 
     </span>
    </p>
   </div>
   <div class='ocr_carea' id='block_1_54' title="bbox 444 4643 2019 4715">
    <p class='ocr_par' dir='ltr' id='par_1_54' title="bbox 444 4643 2019 4715">
     <span class='ocr_line' id='line_1_54' title="bbox 444 4643 2019 4715; baseline 0 -14"><span class='ocrx_word' id='word_1_420' title='bbox 444 4652 609 4702; x_wconf 75' lang='grc' dir='ltr'>λασα</span> <span class='ocrx_word' id='word_1_421' title='bbox 653 4643 1110 4713; x_wconf 78' lang='grc' dir='ltr'>μεταπέμψομαι</span> <span class='ocrx_word' id='word_1_422' title='bbox 1157 4660 1231 4697; x_wconf 84' lang='grc' dir='ltr'>σε</span> <span class='ocrx_word' id='word_1_423' title='bbox 1280 4645 1507 4700; x_wconf 78' lang='grc' dir='ltr'>ἐκεῖθεν</span> <span class='ocrx_word' id='word_1_424' title='bbox 1527 4685 1542 4706; x_wconf 90' lang='grc'>,</span> <span class='ocrx_word' id='word_1_425' title='bbox 1591 4644 1826 4715; x_wconf 78' lang='grc' dir='ltr'>μήποτε</span> <span class='ocrx_word' id='word_1_426' title='bbox 1882 4647 2019 4701; x_wconf 80' lang='grc' dir='ltr'>ἀτε-</span> 
     </span>
    </p>
   </div>
   <div class='ocr_carea' id='block_1_55' title="bbox 444 4722 2017 4794">
    <p class='ocr_par' dir='ltr' id='par_1_55' title="bbox 444 4722 2017 4794">
     <span class='ocr_line' id='line_1_55' title="bbox 444 4722 2017 4794; baseline 0.001 -15"><span class='ocrx_word' id='word_1_427' title='bbox 444 4722 651 4779; x_wconf 77' lang='grc' dir='ltr'>κνωθῶ</span> <span class='ocrx_word' id='word_1_428' title='bbox 686 4723 755 4776; x_wconf 78' lang='grc' dir='ltr'>ἐκ</span> <span class='ocrx_word' id='word_1_429' title='bbox 788 4722 908 4776; x_wconf 87' lang='grc' dir='ltr'>τῶν</span> <span class='ocrx_word' id='word_1_430' title='bbox 933 4724 1044 4776; x_wconf 82' lang='grc' dir='ltr'>δύο</span> <span class='ocrx_word' id='word_1_431' title='bbox 1076 4722 1243 4792; x_wconf 83' lang='grc' dir='ltr'>ὑμῶν</span> <span class='ocrx_word' id='word_1_432' title='bbox 1291 4724 1362 4777; x_wconf 81' lang='grc' dir='ltr'>ἐν</span> <span class='ocrx_word' id='word_1_433' title='bbox 1402 4724 1593 4793; x_wconf 82' lang='grc' dir='ltr'>ἡμέρᾳ</span> <span class='ocrx_word' id='word_1_434' title='bbox 1636 4723 1761 4794; x_wconf 83' lang='grc' dir='ltr'>μιᾷ.</span> <span class='ocrx_word' id='word_1_435' title='bbox 1804 4727 2017 4793; x_wconf 82' lang='grc' dir='ltr'>Ἄπιθι,</span> 
     </span>
    </p>
   </div>
   <div class='ocr_carea' id='block_1_56' title="bbox 445 4800 2020 4874">
    <p class='ocr_par' dir='ltr' id='par_1_56' title="bbox 445 4800 2020 4874">
     <span class='ocr_line' id='line_1_56' title="bbox 445 4800 2020 4874; baseline 0.004 -19"><span class='ocrx_word' id='word_1_436' title='bbox 445 4802 602 4874; x_wconf 76' lang='grc' dir='ltr'>φησὶ,</span> <span class='ocrx_word' id='word_1_437' title='bbox 631 4800 780 4869; x_wconf 77' lang='grc' dir='ltr'>πρὸς</span> <span class='ocrx_word' id='word_1_438' title='bbox 820 4801 927 4855; x_wconf 84' lang='grc' dir='ltr'>τὸν</span> <span class='ocrx_word' id='word_1_439' title='bbox 974 4801 1243 4871; x_wconf 69' lang='grc' dir='ltr'>ἀδελφόν</span> <span class='ocrx_word' id='word_1_440' title='bbox 1279 4820 1400 4871; x_wconf 81' lang='grc' dir='ltr'>μου</span> <span class='ocrx_word' id='word_1_441' title='bbox 1429 4803 1634 4857; x_wconf 82' lang='grc' dir='ltr'>Λάόαν</span> <span class='ocrx_word' id='word_1_442' title='bbox 1659 4845 1674 4870; x_wconf 95' lang='grc'>,</span> <span class='ocrx_word' id='word_1_443' title='bbox 1725 4804 1826 4858; x_wconf 77' lang='grc' dir='ltr'>καὶ</span> <span class='ocrx_word' id='word_1_444' title='bbox 1868 4806 2020 4861; x_wconf 80' lang='grc' dir='ltr'>οτκει</span> 
     </span>
    </p>
   </div>
   <div class='ocr_carea' id='block_1_57' title="bbox 444 4880 2022 4953">
    <p class='ocr_par' dir='ltr' id='par_1_57' title="bbox 444 4880 2022 4953">
     <span class='ocr_line' id='line_1_57' title="bbox 444 4880 2022 4953; baseline 0.003 -17"><span class='ocrx_word' id='word_1_445' title='bbox 444 4882 571 4937; x_wconf 70' lang='grc' dir='ltr'>ἐκεῖ</span> <span class='ocrx_word' id='word_1_446' title='bbox 586 4884 713 4951; x_wconf 78' lang='grc' dir='ltr'>μετ’</span> <span class='ocrx_word' id='word_1_447' title='bbox 736 4880 941 4935; x_wconf 83' lang='grc' dir='ltr'>αὑτοῦ.</span> <span class='ocrx_word' id='word_1_448' title='bbox 961 4881 1121 4944; x_wconf 82' lang='grc' dir='ltr'>Εἰκὸς</span> <span class='ocrx_word' id='word_1_449' title='bbox 1143 4881 1253 4952; x_wconf 83' lang='grc' dir='ltr'>γὰρ</span> <span class='ocrx_word' id='word_1_450' title='bbox 1280 4882 1373 4935; x_wconf 74' lang='grc' dir='ltr'>καὶ</span> <span class='ocrx_word' id='word_1_451' title='bbox 1398 4881 1490 4935; x_wconf 84' lang='grc' dir='ltr'>τὸν</span> <span class='ocrx_word' id='word_1_452' title='bbox 1512 4882 1790 4953; x_wconf 80' lang='grc' dir='ltr'>χωρισμὸν</span> <span class='ocrx_word' id='word_1_453' title='bbox 1813 4885 2022 4940; x_wconf 72' lang='grc' dir='ltr'>καὶτὸν</span> 
     </span>
    </p>
   </div>
   <div class='ocr_carea' id='block_1_58' title="bbox 443 4958 2022 5037">
    <p class='ocr_par' dir='ltr' id='par_1_58' title="bbox 443 4958 2022 5037">
     <span class='ocr_line' id='line_1_58' title="bbox 443 4958 2022 5037; baseline 0 -20"><span class='ocrx_word' id='word_1_454' title='bbox 443 4965 502 5017; x_wconf 90' lang='grc' dir='ltr'>ἐν</span> <span class='ocrx_word' id='word_1_455' title='bbox 537 4961 687 5034; x_wconf 82' lang='grc' dir='ltr'>μέσῳ</span> <span class='ocrx_word' id='word_1_456' title='bbox 725 4961 913 5032; x_wconf 82' lang='grc' dir='ltr'>χρόνον</span> <span class='ocrx_word' id='word_1_457' title='bbox 950 4958 1165 5037; x_wconf 87' lang='grc' dir='ltr'>ἰσχῦσαί</span> <span class='ocrx_word' id='word_1_458' title='bbox 1191 4978 1244 5013; x_wconf 88' lang='grc' dir='ltr'>τι</span> <span class='ocrx_word' id='word_1_459' title='bbox 1275 4960 1455 5027; x_wconf 81' lang='grc' dir='ltr'>πλέον,</span> <span class='ocrx_word' id='word_1_460' title='bbox 1490 4962 1585 5014; x_wconf 73' lang='grc' dir='ltr'>καὶ</span> <span class='ocrx_word' id='word_1_461' title='bbox 1620 4963 2022 5035; x_wconf 81' lang='grc' dir='ltr'>παραμυθήσα-</span> 
     </span>
    </p>
   </div>
   <div class='ocr_carea' id='block_1_59' title="bbox 447 5039 2022 5114">
    <p class='ocr_par' dir='ltr' id='par_1_59' title="bbox 447 5039 2022 5114">
     <span class='ocr_line' id='line_1_59' title="bbox 447 5039 2022 5114; baseline 0.001 -17"><span class='ocrx_word' id='word_1_462' title='bbox 447 5042 571 5097; x_wconf 89' lang='grc' dir='ltr'>σθαι</span> <span class='ocrx_word' id='word_1_463' title='bbox 599 5043 659 5096; x_wconf 82' lang='lat'>:6</span> <span class='ocrx_word' id='word_1_464' title='bbox 685 5041 876 5105; x_wconf 88' lang='grc' dir='ltr'>πάθος,</span> <span class='ocrx_word' id='word_1_465' title='bbox 891 5042 984 5094; x_wconf 77' lang='grc' dir='ltr'>καὶ</span> <span class='ocrx_word' id='word_1_466' title='bbox 1003 5040 1100 5112; x_wconf 77' lang='grc' dir='ltr'>τὴν</span> <span class='ocrx_word' id='word_1_467' title='bbox 1123 5039 1420 5110; x_wconf 82' lang='grc' dir='ltr'>βασκανίαν</span> <span class='ocrx_word' id='word_1_468' title='bbox 1440 5040 1715 5110; x_wconf 79' lang='grc' dir='ltr'>λωφῆσαι,</span> <span class='ocrx_word' id='word_1_469' title='bbox 1738 5042 1834 5096; x_wconf 77' lang='grc' dir='ltr'>καί</span> <span class='ocrx_word' id='word_1_470' title='bbox 1851 5042 2022 5114; x_wconf 85' lang='grc' dir='ltr'>λήθην</span> 
     </span>
    </p>
   </div>
   <div class='ocr_carea' id='block_1_60' title="bbox 447 5117 2022 5195">
    <p class='ocr_par' dir='ltr' id='par_1_60' title="bbox 447 5117 2022 5195">
     <span class='ocr_line' id='line_1_60' title="bbox 447 5117 2022 5195; baseline 0.001 -21"><span class='ocrx_word' id='word_1_471' title='bbox 447 5121 595 5191; x_wconf 87' lang='grc' dir='ltr'>αὐτῷ</span> <span class='ocrx_word' id='word_1_472' title='bbox 630 5120 876 5188; x_wconf 88' lang='grc' dir='ltr'>γενέσθαι</span> <span class='ocrx_word' id='word_1_473' title='bbox 905 5120 1012 5173; x_wconf 90' lang='grc' dir='ltr'>τῶν</span> <span class='ocrx_word' id='word_1_474' title='bbox 1048 5120 1152 5173; x_wconf 77' lang='lat'><em>61:6</em></span> <span class='ocrx_word' id='word_1_475' title='bbox 1201 5117 1295 5173; x_wconf 89' lang='grc' dir='ltr'>σοῦ</span> <span class='ocrx_word' id='word_1_476' title='bbox 1333 5119 1716 5190; x_wconf 88' lang='grc' dir='ltr'>γεγενημένων</span> <span class='ocrx_word' id='word_1_477' title='bbox 1761 5122 1890 5192; x_wconf 85' lang='grc' dir='ltr'>περί</span> <span class='ocrx_word' id='word_1_478' title='bbox 1924 5122 2022 5195; x_wconf 85' lang='grc' dir='ltr'>τήν</span> 
     </span>
    </p>
   </div>
   <div class='ocr_carea' id='block_1_61' title="bbox 448 5196 2024 5270">
    <p class='ocr_par' dir='ltr' id='par_1_61' title="bbox 448 5196 2024 5270">
     <span class='ocr_line' id='line_1_61' title="bbox 448 5196 2024 5270; baseline 0.003 -19"><span class='ocrx_word' id='word_1_479' title='bbox 448 5201 545 5267; x_wconf 82' lang='grc' dir='ltr'>τῆς</span> <span class='ocrx_word' id='word_1_480' title='bbox 591 5199 839 5266; x_wconf 86' lang='grc' dir='ltr'>εὐλογίας</span> <span class='ocrx_word' id='word_1_481' title='bbox 891 5197 1116 5267; x_wconf 84' lang='grc' dir='ltr'>κλοπήν.</span> <span class='ocrx_word' id='word_1_482' title='bbox 1161 5197 1272 5252; x_wconf 86' lang='lat' dir='ltr'><strong><em>Kal</em></strong></span> <span class='ocrx_word' id='word_1_483' title='bbox 1316 5196 1702 5262; x_wconf 73' lang='grc' dir='ltr'>ἐπιλάθηται,</span> <span class='ocrx_word' id='word_1_484' title='bbox 1745 5199 1931 5270; x_wconf 80' lang='grc' dir='ltr'>φησὶν,</span> <span class='ocrx_word' id='word_1_485' title='bbox 1983 5201 2024 5255; x_wconf 82' lang='lat' dir='ltr'><strong><em>d</em></strong></span> 
     </span>
    </p>
   </div>
   <div class='ocr_carea' id='block_1_62' title="bbox 450 5274 2024 5347">
    <p class='ocr_par' dir='ltr' id='par_1_62' title="bbox 450 5274 2024 5347">
     <span class='ocr_line' id='line_1_62' title="bbox 450 5274 2024 5347; baseline 0.003 -19"><span class='ocrx_word' id='word_1_486' title='bbox 450 5278 785 5343; x_wconf 75' lang='grc' dir='ltr'>πεποίηκας</span> <span class='ocrx_word' id='word_1_487' title='bbox 811 5274 991 5340; x_wconf 81' lang='grc' dir='ltr'>αὐτῷ.</span> <span class='ocrx_word' id='word_1_488' title='bbox 1020 5277 1282 5340; x_wconf 82' lang='grc' dir='ltr'>Εἰκότως,</span> <span class='ocrx_word' id='word_1_489' title='bbox 1333 5277 1520 5346; x_wconf 84' lang='grc' dir='ltr'>φησίν,</span> <span class='ocrx_word' id='word_1_490' title='bbox 1555 5276 1866 5347; x_wconf 77' lang='grc' dir='ltr'>ὀργίζεταιο</span> <span class='ocrx_word' id='word_1_491' title='bbox 1902 5280 1968 5332; x_wconf 80' lang='grc' dir='ltr'>δι’</span> <span class='ocrx_word' id='word_1_492' title='bbox 1995 5279 2024 5331; x_wconf 82' lang='lat'>6</span> 
     </span>
    </p>
   </div>
   <div class='ocr_carea' id='block_1_63' title="bbox 453 5354 2021 5425">
    <p class='ocr_par' dir='ltr' id='par_1_63' title="bbox 453 5354 2021 5425">
     <span class='ocr_line' id='line_1_63' title="bbox 453 5354 2021 5425; baseline 0.001 -19"><span class='ocrx_word' id='word_1_493' title='bbox 453 5356 717 5423; x_wconf 80' lang='grc' dir='ltr'>προσήκει</span> <span class='ocrx_word' id='word_1_494' title='bbox 748 5354 989 5408; x_wconf 84' lang='grc' dir='ltr'>ἐκκλῖναι</span> <span class='ocrx_word' id='word_1_495' title='bbox 1039 5355 1200 5408; x_wconf 81' lang='grc' dir='ltr'>αὐτοῦ</span> <span class='ocrx_word' id='word_1_496' title='bbox 1233 5355 1331 5425; x_wconf 83' lang='grc' dir='ltr'>τὴν</span> <span class='ocrx_word' id='word_1_497' title='bbox 1374 5354 1572 5425; x_wconf 84' lang='grc' dir='ltr'>ὁρμὴν,</span> <span class='ocrx_word' id='word_1_498' title='bbox 1599 5355 1745 5417; x_wconf 82' lang='grc' dir='ltr'>ὅπως</span> <span class='ocrx_word' id='word_1_499' title='bbox 1784 5354 1893 5409; x_wconf 76' lang='grc' dir='ltr'>ἀπὸ</span> <span class='ocrx_word' id='word_1_500' title='bbox 1929 5354 2021 5408; x_wconf 89' lang='grc' dir='ltr'>τοῦ</span> 
     </span>
    </p>
   </div>
   <div class='ocr_carea' id='block_1_64' title="bbox 451 5432 2024 5504">
    <p class='ocr_par' dir='ltr' id='par_1_64' title="bbox 451 5432 2024 5504">
     <span class='ocr_line' id='line_1_64' title="bbox 451 5432 2024 5504; baseline -0.006 -5"><span class='ocrx_word' id='word_1_501' title='bbox 451 5433 641 5502; x_wconf 71' lang='grc' dir='ltr'>χρόνσυ</span> <span class='ocrx_word' id='word_1_502' title='bbox 691 5433 859 5504; x_wconf 80' lang='grc' dir='ltr'>λήθης</span> <span class='ocrx_word' id='word_1_503' title='bbox 901 5434 1261 5504; x_wconf 68' lang='grc' dir='ltr'>ἐγγενομένης</span> <span class='ocrx_word' id='word_1_504' title='bbox 1303 5434 1485 5503; x_wconf 84' lang='grc' dir='ltr'>αὐτῷ,</span> <span class='ocrx_word' id='word_1_505' title='bbox 1536 5432 1676 5502; x_wconf 84' lang='grc' dir='ltr'>μετὰ</span> <span class='ocrx_word' id='word_1_506' title='bbox 1722 5435 2024 5503; x_wconf 85' lang='grc' dir='ltr'>ἀσφαλείας</span> 
     </span>
    </p>
   </div>
   <div class='ocr_carea' id='block_1_65' title="bbox 450 5509 2020 5582">
    <p class='ocr_par' dir='ltr' id='par_1_65' title="bbox 450 5509 2020 5582">
     <span class='ocr_line' id='line_1_65' title="bbox 450 5509 2020 5582; baseline 0.003 -19"><span class='ocrx_word' id='word_1_507' title='bbox 450 5509 635 5563; x_wconf 76' lang='grc' dir='ltr'>λοιπὸν</span> <span class='ocrx_word' id='word_1_508' title='bbox 662 5511 893 5581; x_wconf 82' lang='grc' dir='ltr'>δυνηθῇς</span> <span class='ocrx_word' id='word_1_509' title='bbox 921 5512 1018 5581; x_wconf 80' lang='grc' dir='ltr'>τὴν</span> <span class='ocrx_word' id='word_1_510' title='bbox 1050 5511 1276 5565; x_wconf 81' lang='grc' dir='ltr'>ἐνταῦθα</span> <span class='ocrx_word' id='word_1_511' title='bbox 1301 5512 1513 5581; x_wconf 77' lang='grc' dir='ltr'>οἴκησιν</span> <span class='ocrx_word' id='word_1_512' title='bbox 1540 5513 1886 5582; x_wconf 83' lang='grc' dir='ltr'>ποιήσασθαι.</span> <span class='ocrx_word' id='word_1_513' title='bbox 1915 5515 2020 5567; x_wconf 62' lang='lat' dir='ltr'><strong><em>Kal</em></strong></span> 
     </span>
    </p>
   </div>
   <div class='ocr_carea' id='block_1_66' title="bbox 517 5596 2020 5662">
    <p class='ocr_par' dir='ltr' id='par_1_66' title="bbox 517 5596 2020 5662">
     <span class='ocr_line' id='line_1_66' title="bbox 517 5596 2020 5662; baseline 0.004 -20"><span class='ocrx_word' id='word_1_514' title='bbox 517 5598 544 5625; x_wconf 72' lang='grc'><strong>⁸</strong></span> <span class='ocrx_word' id='word_1_515' title='bbox 571 5596 685 5662; x_wconf 61' lang='grc' dir='ltr'>Ροει</span> <span class='ocrx_word' id='word_1_516' title='bbox 704 5599 1078 5662; x_wconf 75' lang='grc' dir='ltr'>παρεσκευάζετο</span> <span class='ocrx_word' id='word_1_517' title='bbox 1096 5598 1223 5647; x_wconf 84' lang='lat' dir='ltr'>male</span> <span class='ocrx_word' id='word_1_518' title='bbox 1242 5599 1406 5662; x_wconf 77' lang='lat' dir='ltr'>_in_ed.&#39;</span> <span class='ocrx_word' id='word_1_519' title='bbox 1428 5600 1526 5662; x_wconf 43' lang='lat' dir='ltr'>leg:</span> <span class='ocrx_word' id='word_1_520' title='bbox 1541 5601 1566 5645; x_wconf 86' lang='lat'>6</span> <span class='ocrx_word' id='word_1_521' title='bbox 1579 5600 1789 5662; x_wconf 74' lang='grc' dir='ltr'>ἀδελφρς,</span> <span class='ocrx_word' id='word_1_522' title='bbox 1803 5614 1912 5659; x_wconf 67' lang='lat' dir='ltr'>qua:</span> <span class='ocrx_word' id='word_1_523' title='bbox 1929 5615 2020 5649; x_wconf 80' lang='lat' dir='ltr'>vox</span> 
     </span>
    </p>
   </div>
   <div class='ocr_carea' id='block_1_67' title="bbox 454 5656 2024 5733">
    <p class='ocr_par' dir='ltr' id='par_1_67' title="bbox 454 5656 2024 5733">
     <span class='ocr_line' id='line_1_67' title="bbox 454 5656 2024 5733; baseline 0.004 -29"><span class='ocrx_word' id='word_1_524' title='bbox 454 5658 506 5705; x_wconf 78' lang='lat' dir='ltr'>In</span> <span class='ocrx_word' id='word_1_525' title='bbox 516 5656 892 5733; x_wconf 43' lang='lat' dir='ltr'>pmpibuslpep’e</span> <span class='ocrx_word' id='word_1_526' title='bbox 915 5672 1028 5733; x_wconf 56' lang='lat' dir='ltr'><strong>mss}.</strong></span> <span class='ocrx_word' id='word_1_527' title='bbox 1050 5659 1215 5733; x_wconf 54' lang='lat'><em>6003:;</em></span> <span class='ocrx_word' id='word_1_528' title='bbox 1241 5659 1363 5733; x_wconf 60' lang='lat' dir='ltr'><strong><em>Infra</em></strong></span> <span class='ocrx_word' id='word_1_529' title='bbox 1384 5656 1504 5733; x_wconf 51' lang='lat' dir='ltr'>pqsf</span> <span class='ocrx_word' id='word_1_530' title='bbox 1640 5656 1800 5733; x_wconf 54' lang='lat' dir='ltr'>vq&#39;rha.</span> <span class='ocrx_word' id='word_1_531' title='bbox 1819 5656 1918 5733; x_wconf 63' lang='grc' dir='ltr'>ῥίζα</span> <span class='ocrx_word' id='word_1_532' title='bbox 1936 5664 2024 5733; x_wconf 80' lang='grc' dir='ltr'>γὰρ</span> 
     </span>
    </p>
   </div>
   <div class='ocr_carea' id='block_1_68' title="bbox 456 5718 2022 5791">
    <p class='ocr_par' dir='ltr' id='par_1_68' title="bbox 456 5718 2022 5791">
     <span class='ocr_line' id='line_1_68' title="bbox 456 5718 2022 5791; baseline 0.007 -33"><span class='ocrx_word' id='word_1_533' title='bbox 456 5718 542 5791; x_wconf 47' lang='grc' dir='ltr'>τῇ</span> <span class='ocrx_word' id='word_1_534' title='bbox 569 5719 764 5791; x_wconf 33' lang='grc' dir='ltr'>φόνρυνό</span> <span class='ocrx_word' id='word_1_535' title='bbox 786 5718 964 5791; x_wconf 56' lang='grc' dir='ltr'>φθὸχος,</span> <span class='ocrx_word' id='word_1_536' title='bbox 997 5720 1173 5791; x_wconf 47' lang='lat' dir='ltr'>inteﬁp.</span> <span class='ocrx_word' id='word_1_537' title='bbox 1195 5718 1599 5791; x_wconf 32' lang='lat' dir='ltr'>‘legjysg‘videmr</span> <span class='ocrx_word' id='word_1_538' title='bbox 1618 5723 1697 5791; x_wconf 66' lang='grc' dir='ltr'>καί</span> <span class='ocrx_word' id='word_1_539' title='bbox 1714 5718 1897 5791; x_wconf 63' lang='grc' dir='ltr'>καρπρς</span> <span class='ocrx_word' id='word_1_540' title='bbox 1937 5718 2022 5770; x_wconf 72' lang='lat'>:06</span> 
     </span>
    </p>
   </div>
   <div class='ocr_carea' id='block_1_69' title="bbox 460 5777 2024 5844">
    <p class='ocr_par' dir='ltr' id='par_1_69' title="bbox 460 5777 2024 5844">
     <span class='ocr_line' id='line_1_69' title="bbox 460 5777 2024 5844; baseline 0.005 -21"><span class='ocrx_word' id='word_1_541' title='bbox 460 5777 626 5831; x_wconf 64' lang='grc' dir='ltr'>φθόνου</span> <span class='ocrx_word' id='word_1_542' title='bbox 646 5777 836 5844; x_wconf 61' lang='grc' dir='ltr'>ιφάγρς.</span> <span class='ocrx_word' id='word_1_543' title='bbox 859 5777 897 5825; x_wconf 85' lang='grc' dir='ltr'>Ν</span> <span class='ocrx_word' id='word_1_544' title='bbox 897 5791 960 5844; x_wconf 57' lang='lat' dir='ltr'>ge</span> <span class='ocrx_word' id='word_1_545' title='bbox 981 5792 1071 5827; x_wconf 88' lang='lat' dir='ltr'>suo</span> <span class='ocrx_word' id='word_1_546' title='bbox 1091 5777 1240 5828; x_wconf 75' lang='lat' dir='ltr'>Marte</span> <span class='ocrx_word' id='word_1_547' title='bbox 1265 5778 1347 5830; x_wconf 82' lang='lat' dir='ltr'><strong><em>illa</em></strong></span> <span class='ocrx_word' id='word_1_548' title='bbox 1368 5781 1633 5829; x_wconf 77' lang='lat' dir='ltr'>inseruisse</span> <span class='ocrx_word' id='word_1_549' title='bbox 1649 5777 2024 5844; x_wconf 66' lang='lat' dir='ltr'>vidclhriul.,ct</span> 
     </span>
    </p>
   </div>
   <div class='ocr_carea' id='block_1_70' title="bbox 456 5837 1056 5898">
    <p class='ocr_par' dir='ltr' id='par_1_70' title="bbox 456 5837 1056 5898">
     <span class='ocr_line' id='line_1_70' title="bbox 456 5837 1056 5898; baseline -0.003 -11"><span class='ocrx_word' id='word_1_550' title='bbox 456 5846 567 5887; x_wconf 74' lang='lat' dir='ltr'>sunt</span> <span class='ocrx_word' id='word_1_551' title='bbox 592 5850 706 5885; x_wconf 79' lang='lat' dir='ltr'>vere</span> <span class='ocrx_word' id='word_1_552' title='bbox 728 5839 868 5898; x_wconf 79' lang='lat' dir='ltr'><strong>digna</strong></span> <span class='ocrx_word' id='word_1_553' title='bbox 890 5837 1056 5896; x_wconf 75' lang='lat' dir='ltr'>Chrys.</span> 
     </span>
    </p>
   </div>
   <div class='ocr_carea' id='block_1_71' title="bbox 520 5899 1383 5959">
    <p class='ocr_par' dir='ltr' id='par_1_71' title="bbox 520 5899 1383 5959">
     <span class='ocr_line' id='line_1_71' title="bbox 520 5899 1383 5959; baseline -0.002 -10"><span class='ocrx_word' id='word_1_554' title='bbox 520 5902 547 5940; x_wconf 75' lang='grc' dir='ltr'>ι»</span> <span class='ocrx_word' id='word_1_555' title='bbox 569 5899 715 5949; x_wconf 66' lang='lat' dir='ltr'>Sam.</span> <span class='ocrx_word' id='word_1_556' title='bbox 739 5906 791 5947; x_wconf 76' lang='lat' dir='ltr'>et</span> <span class='ocrx_word' id='word_1_557' title='bbox 811 5900 1027 5959; x_wconf 80' lang='lat' dir='ltr'>quinque</span> <span class='ocrx_word' id='word_1_558' title='bbox 1068 5912 1182 5947; x_wconf 84' lang='lat' dir='ltr'>mss.</span> <span class='ocrx_word' id='word_1_559' title='bbox 1206 5899 1383 5959; x_wconf 69' lang='grc' dir='ltr'>φθόνον.</span> 
     </span>
    </p>
   </div>
   <div class='ocr_carea' id='block_1_72' title="bbox 1117 275 2938 346">
    <p class='ocr_par' dir='ltr' id='par_1_72' title="bbox 1117 275 2938 346">
     <span class='ocr_line' id='line_1_72' title="bbox 1117 275 2938 346; baseline -0.008 -1"><span class='ocrx_word' id='word_1_560' title='bbox 1117 290 1175 345; x_wconf 86' lang='lat' dir='ltr'>S.</span> <span class='ocrx_word' id='word_1_561' title='bbox 1214 285 1497 346; x_wconf 78' lang='lat' dir='ltr'>JOANNIS</span> <span class='ocrx_word' id='word_1_562' title='bbox 1531 280 2015 343; x_wconf 73' lang='lat' dir='ltr'>CHRYSOSTOMI</span> <span class='ocrx_word' id='word_1_563' title='bbox 2046 277 2359 334; x_wconf 78' lang='lat' dir='ltr'>ARCIIIEP.</span> <span class='ocrx_word' id='word_1_564' title='bbox 2395 275 2938 335; x_wconf 77' lang='lat' dir='ltr'>CONSTANTINOP.</span> 
     </span>
    </p>
   </div>
   <div class='ocr_carea' id='block_1_73' title="bbox 3533 272 3634 327">
    <p class='ocr_par' dir='ltr' id='par_1_73' title="bbox 3533 272 3634 327">
     <span class='ocr_line' id='line_1_73' title="bbox 3533 272 3634 327; baseline -0.02 0"><span class='ocrx_word' id='word_1_565' title='bbox 3533 272 3634 327; x_wconf 64' lang='grc'>874</span> 
     </span>
    </p>
   </div>
   <div class='ocr_carea' id='block_1_74' title="bbox 2077 388 3637 466">
    <p class='ocr_par' dir='ltr' id='par_1_74' title="bbox 2077 388 3637 466">
     <span class='ocr_line' id='line_1_74' title="bbox 2077 388 3637 466; baseline -0.005 -20"><span class='ocrx_word' id='word_1_566' title='bbox 2077 395 2163 446; x_wconf 80' lang='grc' dir='ltr'>ἶνα</span> <span class='ocrx_word' id='word_1_567' title='bbox 2197 395 2272 466; x_wconf 81' lang='grc' dir='ltr'>μὴ</span> <span class='ocrx_word' id='word_1_568' title='bbox 2305 393 2456 466; x_wconf 75' lang='lat'>[5‘25]</span> <span class='ocrx_word' id='word_1_569' title='bbox 2494 395 2797 465; x_wconf 88' lang='grc' dir='ltr'>δυσχεράνῃ</span> <span class='ocrx_word' id='word_1_570' title='bbox 2839 396 2870 446; x_wconf 92' lang='lat'>6</span> <span class='ocrx_word' id='word_1_571' title='bbox 2909 394 3038 453; x_wconf 89' lang='grc' dir='ltr'>παῖς</span> <span class='ocrx_word' id='word_1_572' title='bbox 3074 390 3169 442; x_wconf 76' lang='grc' dir='ltr'>ἐπὶ</span> <span class='ocrx_word' id='word_1_573' title='bbox 3208 390 3311 460; x_wconf 78' lang='grc' dir='ltr'>τὴν</span> <span class='ocrx_word' id='word_1_574' title='bbox 3360 388 3637 458; x_wconf 81' lang='grc' dir='ltr'>ἀλλοτρίαν</span> 
     </span>
    </p>
   </div>
   <div class='ocr_carea' id='block_1_75' title="bbox 2072 468 3637 543">
    <p class='ocr_par' dir='ltr' id='par_1_75' title="bbox 2072 468 3637 543">
     <span class='ocr_line' id='line_1_75' title="bbox 2072 468 3637 543; baseline -0.005 -18"><span class='ocrx_word' id='word_1_575' title='bbox 2072 473 2291 527; x_wconf 80' lang='grc' dir='ltr'>ἀπιέναι</span> <span class='ocrx_word' id='word_1_576' title='bbox 2334 474 2881 543; x_wconf 80' lang='grc' dir='ltr'>καταναγκαζόμενος</span> <span class='ocrx_word' id='word_1_577' title='bbox 2902 512 2916 535; x_wconf 90' lang='grc'>,</span> <span class='ocrx_word' id='word_1_578' title='bbox 2950 473 3054 541; x_wconf 82' lang='lat' dir='ltr'><em>69a</em></span> <span class='ocrx_word' id='word_1_579' title='bbox 3085 469 3204 534; x_wconf 86' lang='grc' dir='ltr'>πῶς</span> <span class='ocrx_word' id='word_1_580' title='bbox 3240 468 3637 538; x_wconf 85' lang='grc' dir='ltr'>παραμυθεῖται</span> 
     </span>
    </p>
   </div>
   <div class='ocr_carea' id='block_1_76' title="bbox 2072 547 3640 623">
    <p class='ocr_par' dir='ltr' id='par_1_76' title="bbox 2072 547 3640 623">
     <span class='ocr_line' id='line_1_76' title="bbox 2072 547 3640 623; baseline -0.007 -17"><span class='ocrx_word' id='word_1_581' title='bbox 2072 554 2166 606; x_wconf 80' lang='grc' dir='ltr'>τοῦ</span> <span class='ocrx_word' id='word_1_582' title='bbox 2212 554 2335 607; x_wconf 85' lang='grc' dir='ltr'>νέου</span> <span class='ocrx_word' id='word_1_583' title='bbox 2383 553 2481 623; x_wconf 81' lang='grc' dir='ltr'>τὴν</span> <span class='ocrx_word' id='word_1_584' title='bbox 2520 553 2717 623; x_wconf 76' lang='grc' dir='ltr'>ψυχὴν,</span> <span class='ocrx_word' id='word_1_585' title='bbox 2756 553 2969 622; x_wconf 89' lang='grc' dir='ltr'>πρῶτον</span> <span class='ocrx_word' id='word_1_586' title='bbox 3001 550 3100 620; x_wconf 80' lang='grc' dir='ltr'>μὲν</span> <span class='ocrx_word' id='word_1_587' title='bbox 3144 547 3403 601; x_wconf 89' lang='grc' dir='ltr'>εἰποῦσα·</span> <span class='ocrx_word' id='word_1_588' title='bbox 3445 547 3640 598; x_wconf 73' lang='grc' dir='ltr'>’Δπιθι</span> 
     </span>
    </p>
   </div>
   <div class='ocr_carea' id='block_1_77' title="bbox 2075 623 3641 699">
    <p class='ocr_par' dir='ltr' id='par_1_77' title="bbox 2075 623 3641 699">
     <span class='ocr_line' id='line_1_77' title="bbox 2075 623 3641 699; baseline 0.002 -16"><span class='ocrx_word' id='word_1_589' title='bbox 2075 630 2224 699; x_wconf 77' lang='grc' dir='ltr'>πρὸς</span> <span class='ocrx_word' id='word_1_590' title='bbox 2250 630 2452 684; x_wconf 78' lang='grc' dir='ltr'>Λάϐαν</span> <span class='ocrx_word' id='word_1_591' title='bbox 2473 632 2581 685; x_wconf 85' lang='grc' dir='ltr'>τὸν</span> <span class='ocrx_word' id='word_1_592' title='bbox 2603 631 2871 698; x_wconf 63' lang='grc' dir='ltr'>ἀδελφόν</span> <span class='ocrx_word' id='word_1_593' title='bbox 2889 647 3027 696; x_wconf 81' lang='grc' dir='ltr'>μου.</span> <span class='ocrx_word' id='word_1_594' title='bbox 3068 625 3158 696; x_wconf 81' lang='grc' dir='ltr'>Μὴ</span> <span class='ocrx_word' id='word_1_595' title='bbox 3191 624 3299 695; x_wconf 79' lang='grc' dir='ltr'>γὰρ</span> <span class='ocrx_word' id='word_1_596' title='bbox 3332 624 3468 693; x_wconf 78' lang='grc' dir='ltr'>πρὸς</span> <span class='ocrx_word' id='word_1_597' title='bbox 3499 623 3641 685; x_wconf 75' lang='grc' dir='ltr'>ξένον</span> 
     </span>
    </p>
   </div>
   <div class='ocr_carea' id='block_1_78' title="bbox 2074 700 3643 779">
    <p class='ocr_par' dir='ltr' id='par_1_78' title="bbox 2074 700 3643 779">
     <span class='ocr_line' id='line_1_78' title="bbox 2074 700 3643 779; baseline -0.006 -17"><span class='ocrx_word' id='word_1_598' title='bbox 2074 710 2219 772; x_wconf 78' lang='grc' dir='ltr'>τινὰ,</span> <span class='ocrx_word' id='word_1_599' title='bbox 2246 710 2402 779; x_wconf 74' lang='grc' dir='ltr'>φησί,</span> <span class='ocrx_word' id='word_1_600' title='bbox 2431 711 2742 778; x_wconf 86' lang='grc' dir='ltr'>κατεπείγω</span> <span class='ocrx_word' id='word_1_601' title='bbox 2771 726 2830 761; x_wconf 93' lang='grc' dir='ltr'>σε</span> <span class='ocrx_word' id='word_1_602' title='bbox 2854 708 3141 769; x_wconf 87' lang='grc' dir='ltr'>άπελθεῖν;</span> <span class='ocrx_word' id='word_1_603' title='bbox 3167 704 3321 771; x_wconf 84' lang='grc' dir='ltr'>Πρὸς</span> <span class='ocrx_word' id='word_1_604' title='bbox 3343 703 3451 756; x_wconf 83' lang='grc' dir='ltr'>τὸν</span> <span class='ocrx_word' id='word_1_605' title='bbox 3475 700 3643 779; x_wconf 42' lang='lat' dir='ltr'><em>d661-</em></span> 
     </span>
    </p>
   </div>
   <div class='ocr_carea' id='block_1_79' title="bbox 2077 777 3643 857">
    <p class='ocr_par' dir='ltr' id='par_1_79' title="bbox 2077 777 3643 857">
     <span class='ocr_line' id='line_1_79' title="bbox 2077 777 3643 857; baseline -0.008 -16"><span class='ocrx_word' id='word_1_606' title='bbox 2077 788 2197 856; x_wconf 68' lang='grc' dir='ltr'>φὸν</span> <span class='ocrx_word' id='word_1_607' title='bbox 2223 777 2330 841; x_wconf 75' lang='grc' dir='ltr'>τόν</span> <span class='ocrx_word' id='word_1_608' title='bbox 2353 787 2517 857; x_wconf 83' lang='grc' dir='ltr'>ἐμὸν,</span> <span class='ocrx_word' id='word_1_609' title='bbox 2552 789 2650 841; x_wconf 83' lang='grc' dir='ltr'>καί</span> <span class='ocrx_word' id='word_1_610' title='bbox 2671 777 2819 841; x_wconf 75' lang='grc' dir='ltr'>οἴκει</span> <span class='ocrx_word' id='word_1_611' title='bbox 2843 788 2969 855; x_wconf 83' lang='grc' dir='ltr'>μετ’</span> <span class='ocrx_word' id='word_1_612' title='bbox 3000 782 3185 837; x_wconf 84' lang='grc' dir='ltr'>αὐτοῦ</span> <span class='ocrx_word' id='word_1_613' title='bbox 3214 782 3435 849; x_wconf 73' lang='grc' dir='ltr'>ἡμέρας</span> <span class='ocrx_word' id='word_1_614' title='bbox 3455 777 3643 842; x_wconf 71' lang='grc' dir='ltr'>τινας.</span> 
     </span>
    </p>
   </div>
   <div class='ocr_carea' id='block_1_80' title="bbox 2080 854 3761 939">
    <p class='ocr_par' dir='ltr' id='par_1_80' title="bbox 2080 854 3761 939">
     <span class='ocr_line' id='line_1_80' title="bbox 2080 854 3761 939; baseline -0.007 -20"><span class='ocrx_word' id='word_1_615' title='bbox 2080 854 2313 938; x_wconf 76' lang='grc' dir='ltr'>Βραχὺν,</span> <span class='ocrx_word' id='word_1_616' title='bbox 2349 854 2505 937; x_wconf 67' lang='grc' dir='ltr'>φησὶ,</span> <span class='ocrx_word' id='word_1_617' title='bbox 2535 868 2745 939; x_wconf 87' lang='grc' dir='ltr'>χρόνον,</span> <span class='ocrx_word' id='word_1_618' title='bbox 2770 854 2955 935; x_wconf 86' lang='grc' dir='ltr'>ὀλίγας</span> <span class='ocrx_word' id='word_1_619' title='bbox 2986 865 3217 934; x_wconf 73' lang='grc' dir='ltr'>ἡμέρας,</span> <span class='ocrx_word' id='word_1_620' title='bbox 3248 862 3352 924; x_wconf 74' lang='grc' dir='ltr'>ἕως</span> <span class='ocrx_word' id='word_1_621' title='bbox 3382 860 3481 939; x_wconf 71' lang='grc' dir='ltr'>τοῦ</span> <span class='ocrx_word' id='word_1_622' title='bbox 3513 858 3647 910; x_wconf 67' lang='lat' dir='ltr'>m6-</span> <span class='ocrx_word' id='word_1_623' title='bbox 3760 854 3761 897; x_wconf 55' lang='grc' dir='ltr'><strong>ἰ</strong></span> 
     </span>
    </p>
   </div>
   <div class='ocr_carea' id='block_1_81' title="bbox 2083 937 3761 1017">
    <p class='ocr_par' dir='ltr' id='par_1_81' title="bbox 2083 937 3761 1017">
     <span class='ocr_line' id='line_1_81' title="bbox 2083 937 3761 1017; baseline -0.008 -20"><span class='ocrx_word' id='word_1_624' title='bbox 2083 937 2276 999; x_wconf 84' lang='grc' dir='ltr'>σασθαι</span> <span class='ocrx_word' id='word_1_625' title='bbox 2301 945 2400 1017; x_wconf 82' lang='grc' dir='ltr'>τήν</span> <span class='ocrx_word' id='word_1_626' title='bbox 2425 937 2615 1017; x_wconf 81' lang='grc' dir='ltr'>ὀργήν.</span> <span class='ocrx_word' id='word_1_627' title='bbox 2650 945 2765 997; x_wconf 85' lang='grc' dir='ltr'>Νῦν</span> <span class='ocrx_word' id='word_1_628' title='bbox 2803 944 2912 1015; x_wconf 84' lang='grc' dir='ltr'>γάρ</span> <span class='ocrx_word' id='word_1_629' title='bbox 2952 942 3047 997; x_wconf 72' lang='grc' dir='ltr'>καὶ</span> <span class='ocrx_word' id='word_1_630' title='bbox 3077 940 3311 1009; x_wconf 71' lang='grc' dir='ltr'>ἀκμάζει</span> <span class='ocrx_word' id='word_1_631' title='bbox 3338 937 3511 1008; x_wconf 80' lang='grc' dir='ltr'>αὐτῷ,</span> <span class='ocrx_word' id='word_1_632' title='bbox 3542 954 3647 1006; x_wconf 74' lang='grc' dir='ltr'>φη·-</span> <span class='ocrx_word' id='word_1_633' title='bbox 3760 950 3761 983; x_wconf 47' lang='lat'>1</span> 
     </span>
    </p>
   </div>
   <div class='ocr_carea' id='block_1_82' title="bbox 2082 1018 3761 1095">
    <p class='ocr_par' dir='ltr' id='par_1_82' title="bbox 2082 1018 3761 1095">
     <span class='ocr_line' id='line_1_82' title="bbox 2082 1018 3761 1095; baseline -0.008 -17"><span class='ocrx_word' id='word_1_634' title='bbox 2082 1024 2187 1086; x_wconf 70' lang='grc' dir='ltr'>σὶν,</span> <span class='ocrx_word' id='word_1_635' title='bbox 2204 1027 2234 1077; x_wconf 89' lang='lat'>6</span> <span class='ocrx_word' id='word_1_636' title='bbox 2261 1024 2451 1095; x_wconf 81' lang='grc' dir='ltr'>θυμὸς,</span> <span class='ocrx_word' id='word_1_637' title='bbox 2480 1025 2574 1078; x_wconf 76' lang='grc' dir='ltr'>καὶ</span> <span class='ocrx_word' id='word_1_638' title='bbox 2598 1023 2721 1076; x_wconf 75' lang='grc' dir='ltr'>οὔτε</span> <span class='ocrx_word' id='word_1_639' title='bbox 2753 1023 2848 1075; x_wconf 90' lang='grc' dir='ltr'>τοῦ</span> <span class='ocrx_word' id='word_1_640' title='bbox 2872 1022 3074 1093; x_wconf 78' lang='grc' dir='ltr'>πατρὸς</span> <span class='ocrx_word' id='word_1_641' title='bbox 3099 1018 3232 1072; x_wconf 86' lang='grc' dir='ltr'>αἰδώ</span> <span class='ocrx_word' id='word_1_642' title='bbox 3250 1035 3369 1071; x_wconf 87' lang='grc' dir='ltr'>τινα</span> <span class='ocrx_word' id='word_1_643' title='bbox 3391 1018 3647 1095; x_wconf 76' lang='grc' dir='ltr'>ποιεῖται,</span> <span class='ocrx_word' id='word_1_644' title='bbox 3760 1066 3761 1075; x_wconf 33' lang='grc' dir='ltr'><strong>η</strong></span> 
     </span>
    </p>
   </div>
   <div class='ocr_carea' id='block_1_83' title="bbox 2082 1093 3761 1174">
    <p class='ocr_par' dir='ltr' id='par_1_83' title="bbox 2082 1093 3761 1174">
     <span class='ocr_line' id='line_1_83' title="bbox 2082 1093 3761 1174; baseline -0.007 -19"><span class='ocrx_word' id='word_1_645' title='bbox 2082 1093 2343 1166; x_wconf 80' lang='grc' dir='ltr'>καθάπαξ</span> <span class='ocrx_word' id='word_1_646' title='bbox 2367 1102 2794 1174; x_wconf 88' lang='grc' dir='ltr'>τυραννούμενος</span> <span class='ocrx_word' id='word_1_647' title='bbox 2841 1098 2947 1152; x_wconf 87' lang='lat'><em>61:6</em></span> <span class='ocrx_word' id='word_1_648' title='bbox 2988 1098 3082 1151; x_wconf 82' lang='lat'>:06</span> <span class='ocrx_word' id='word_1_649' title='bbox 3124 1097 3348 1159; x_wconf 87' lang='grc' dir='ltr'>πάθους,</span> <span class='ocrx_word' id='word_1_650' title='bbox 3386 1094 3512 1147; x_wconf 80' lang='grc' dir='ltr'>οὐτε</span> <span class='ocrx_word' id='word_1_651' title='bbox 3552 1093 3649 1159; x_wconf 71' lang='grc' dir='ltr'>τὴν</span> <span class='ocrx_word' id='word_1_652' title='bbox 3760 1108 3761 1169; x_wconf 20' lang='grc' dir='ltr'>ξ</span> 
     </span>
    </p>
   </div>
   <div class='ocr_carea' id='block_1_84' title="bbox 2081 1171 3651 1254">
    <p class='ocr_par' dir='ltr' id='par_1_84' title="bbox 2081 1171 3651 1254">
     <span class='ocr_line' id='line_1_84' title="bbox 2081 1171 3651 1254; baseline -0.006 -20"><span class='ocrx_word' id='word_1_653' title='bbox 2081 1181 2372 1254; x_wconf 81' lang='grc' dir='ltr'>ἀδελφικὴν</span> <span class='ocrx_word' id='word_1_654' title='bbox 2412 1171 2644 1252; x_wconf 77' lang='grc' dir='ltr'>στοργήν</span> <span class='ocrx_word' id='word_1_655' title='bbox 2691 1183 2749 1233; x_wconf 90' lang='grc' dir='ltr'>ἐν</span> <span class='ocrx_word' id='word_1_656' title='bbox 2798 1179 3007 1249; x_wconf 81' lang='grc' dir='ltr'>διανοίᾳ</span> <span class='ocrx_word' id='word_1_657' title='bbox 3049 1177 3348 1247; x_wconf 88' lang='grc' dir='ltr'>λαμϐάνει,</span> <span class='ocrx_word' id='word_1_658' title='bbox 3387 1174 3502 1229; x_wconf 78' lang='grc' dir='ltr'>ἀλλ’</span> <span class='ocrx_word' id='word_1_659' title='bbox 3536 1171 3651 1254; x_wconf 71' lang='grc' dir='ltr'>ἑνὸς</span> 
     </span>
    </p>
   </div>
   <div class='ocr_carea' id='block_1_85' title="bbox 2087 1253 3651 1332">
    <p class='ocr_par' dir='ltr' id='par_1_85' title="bbox 2087 1253 3651 1332">
     <span class='ocr_line' id='line_1_85' title="bbox 2087 1253 3651 1332; baseline -0.006 -18"><span class='ocrx_word' id='word_1_660' title='bbox 2087 1261 2247 1332; x_wconf 85' lang='grc' dir='ltr'>μόνου</span> <span class='ocrx_word' id='word_1_661' title='bbox 2283 1253 2526 1330; x_wconf 86' lang='grc' dir='ltr'>γίνεται,</span> <span class='ocrx_word' id='word_1_662' title='bbox 2563 1259 2656 1314; x_wconf 89' lang='grc' dir='ltr'>τοῦ</span> <span class='ocrx_word' id='word_1_663' title='bbox 2709 1260 2801 1313; x_wconf 84' lang='grc' dir='ltr'>τὸν</span> <span class='ocrx_word' id='word_1_664' title='bbox 2859 1259 3027 1329; x_wconf 84' lang='grc' dir='ltr'>θυμὸν</span> <span class='ocrx_word' id='word_1_665' title='bbox 3072 1255 3489 1328; x_wconf 82' lang='grc' dir='ltr'>ἀποπληρῶσαι.</span> <span class='ocrx_word' id='word_1_666' title='bbox 3542 1253 3651 1306; x_wconf 74' lang='lat' dir='ltr'><strong><em>Kal</em></strong></span> 
     </span>
    </p>
   </div>
   <div class='ocr_carea' id='block_1_86' title="bbox 2085 1333 3652 1409">
    <p class='ocr_par' dir='ltr' id='par_1_86' title="bbox 2085 1333 3652 1409">
     <span class='ocr_line' id='line_1_86' title="bbox 2085 1333 3652 1409; baseline -0.008 -13"><span class='ocrx_word' id='word_1_667' title='bbox 2085 1341 2499 1396; x_wconf 74' lang='grc' dir='ltr'>ἀποστείλασα</span> <span class='ocrx_word' id='word_1_668' title='bbox 2540 1339 3003 1409; x_wconf 71' lang='grc' dir='ltr'>μεταπέμψομαί</span> <span class='ocrx_word' id='word_1_669' title='bbox 3041 1352 3115 1391; x_wconf 87' lang='grc' dir='ltr'>σε</span> <span class='ocrx_word' id='word_1_670' title='bbox 3163 1336 3414 1405; x_wconf 86' lang='grc' dir='ltr'>ταχέως,</span> <span class='ocrx_word' id='word_1_671' title='bbox 3456 1333 3652 1403; x_wconf 75' lang='grc' dir='ltr'>φησὶν,</span> 
     </span>
    </p>
   </div>
   <div class='ocr_carea' id='block_1_87' title="bbox 2084 1414 3653 1487">
    <p class='ocr_par' dir='ltr' id='par_1_87' title="bbox 2084 1414 3653 1487">
     <span class='ocr_line' id='line_1_87' title="bbox 2084 1414 3653 1487; baseline -0.006 -14"><span class='ocrx_word' id='word_1_672' title='bbox 2084 1420 2328 1475; x_wconf 77' lang='grc' dir='ltr'>ἐκεῖθεν.</span> <span class='ocrx_word' id='word_1_673' title='bbox 2348 1421 2414 1474; x_wconf 83' lang='grc' dir='ltr'><strong>Σὲ</strong></span> <span class='ocrx_word' id='word_1_674' title='bbox 2432 1417 2702 1484; x_wconf 79' lang='grc' dir='ltr'>ἐπανάξω.</span> <span class='ocrx_word' id='word_1_675' title='bbox 2728 1418 2915 1471; x_wconf 72' lang='grc' dir='ltr'>’Ἄπιθι</span> <span class='ocrx_word' id='word_1_676' title='bbox 2936 1417 3114 1471; x_wconf 86' lang='grc' dir='ltr'>τοίνυν</span> <span class='ocrx_word' id='word_1_677' title='bbox 3137 1414 3653 1487; x_wconf 70' lang='grc' dir='ltr'>θαρῤῶν,ὂτιἈπο-</span> 
     </span>
    </p>
   </div>
   <div class='ocr_carea' id='block_1_88' title="bbox 2086 1488 3761 1568">
    <p class='ocr_par' dir='ltr' id='par_1_88' title="bbox 2086 1488 3761 1568">
     <span class='ocr_line' id='line_1_88' title="bbox 2086 1488 3761 1568; baseline -0.004 -19"><span class='ocrx_word' id='word_1_678' title='bbox 2086 1500 2381 1551; x_wconf 73' lang='grc' dir='ltr'>στείλασα</span> <span class='ocrx_word' id='word_1_679' title='bbox 2404 1497 2863 1568; x_wconf 72' lang='grc' dir='ltr'>μεταπέμψομαι</span> <span class='ocrx_word' id='word_1_680' title='bbox 2890 1511 2991 1549; x_wconf 85' lang='grc' dir='ltr'>σε’</span> <span class='ocrx_word' id='word_1_681' title='bbox 3035 1495 3165 1564; x_wconf 77' lang='grc' dir='ltr'>περὶ</span> <span class='ocrx_word' id='word_1_682' title='bbox 3195 1494 3304 1564; x_wconf 83' lang='grc' dir='ltr'>γὰρ</span> <span class='ocrx_word' id='word_1_683' title='bbox 3334 1492 3427 1545; x_wconf 88' lang='grc' dir='ltr'>τοῦ</span> <span class='ocrx_word' id='word_1_684' title='bbox 3457 1488 3654 1551; x_wconf 75' lang='grc' dir='ltr'>παντός</span> <span class='ocrx_word' id='word_1_685' title='bbox 3760 1504 3761 1517; x_wconf 78' lang='lat'>‘</span> 
     </span>
    </p>
   </div>
   <div class='ocr_carea' id='block_1_89' title="bbox 2088 1570 3655 1648">
    <p class='ocr_par' dir='ltr' id='par_1_89' title="bbox 2088 1570 3655 1648">
     <span class='ocr_line' id='line_1_89' title="bbox 2088 1570 3655 1648; baseline -0.003 -19"><span class='ocrx_word' id='word_1_686' title='bbox 2088 1577 2206 1630; x_wconf 87' lang='grc' dir='ltr'>ἐστί</span> <span class='ocrx_word' id='word_1_687' title='bbox 2235 1594 2324 1648; x_wconf 91' lang='grc' dir='ltr'>μοι</span> <span class='ocrx_word' id='word_1_688' title='bbox 2356 1580 2385 1630; x_wconf 95' lang='lat'>6</span> <span class='ocrx_word' id='word_1_689' title='bbox 2416 1576 2594 1645; x_wconf 87' lang='grc' dir='ltr'>ἀγὼν,</span> <span class='ocrx_word' id='word_1_690' title='bbox 2628 1577 2719 1629; x_wconf 65' lang='grc' dir='ltr'>καλ⁸</span> <span class='ocrx_word' id='word_1_691' title='bbox 2760 1575 2889 1647; x_wconf 77' lang='grc' dir='ltr'>περί⁵</span> <span class='ocrx_word' id='word_1_692' title='bbox 2922 1574 3248 1644; x_wconf 85' lang='grc' dir='ltr'>ἀμφοτέρων</span> <span class='ocrx_word' id='word_1_693' title='bbox 3284 1571 3520 1633; x_wconf 88' lang='grc' dir='ltr'>δέδοικα,</span> <span class='ocrx_word' id='word_1_694' title='bbox 3554 1570 3655 1648; x_wconf 63' lang='grc' dir='ltr'>μήν</span> 
     </span>
    </p>
   </div>
   <div class='ocr_carea' id='block_1_90' title="bbox 2090 1646 3652 1726">
    <p class='ocr_par' dir='ltr' id='par_1_90' title="bbox 2090 1646 3652 1726">
     <span class='ocr_line' id='line_1_90' title="bbox 2090 1646 3652 1726; baseline -0.006 -18"><span class='ocrx_word' id='word_1_695' title='bbox 2090 1672 2220 1708; x_wconf 88' lang='grc' dir='ltr'>ποτε</span> <span class='ocrx_word' id='word_1_696' title='bbox 2238 1646 2607 1726; x_wconf 16' lang='grc' dir='ltr'>’ἀποστερηθῶ</span> <span class='ocrx_word' id='word_1_697' title='bbox 2639 1646 2985 1724; x_wconf 87' lang='grc' dir='ltr'>ἀμφοτέρων.</span> <span class='ocrx_word' id='word_1_698' title='bbox 3005 1652 3147 1722; x_wconf 87' lang='grc' dir='ltr'>Ὅρα</span> <span class='ocrx_word' id='word_1_699' title='bbox 3181 1650 3390 1704; x_wconf 88' lang='grc' dir='ltr'>σύνεσιν</span> <span class='ocrx_word' id='word_1_700' title='bbox 3420 1646 3652 1719; x_wconf 60' lang='grc' dir='ltr'>μητρός</span> 
     </span>
    </p>
   </div>
   <div class='ocr_carea' id='block_1_91' title="bbox 2090 1727 3658 1803">
    <p class='ocr_par' dir='ltr' id='par_1_91' title="bbox 2090 1727 3658 1803">
     <span class='ocr_line' id='line_1_91' title="bbox 2090 1727 3658 1803; baseline -0.006 -17"><span class='ocrx_word' id='word_1_701' title='bbox 2090 1734 2208 1797; x_wconf 90' lang='grc' dir='ltr'>πῶς</span> <span class='ocrx_word' id='word_1_702' title='bbox 2235 1733 2444 1788; x_wconf 85' lang='grc' dir='ltr'>οῖκοθεν</span> <span class='ocrx_word' id='word_1_703' title='bbox 2470 1733 2782 1803; x_wconf 86' lang='grc' dir='ltr'>κινουμένη,</span> <span class='ocrx_word' id='word_1_704' title='bbox 2804 1731 3002 1803; x_wconf 78' lang='grc' dir='ltr'>μᾶλλον</span> <span class='ocrx_word' id='word_1_705' title='bbox 3026 1731 3083 1783; x_wconf 86' lang='grc' dir='ltr'>δὲ</span> <span class='ocrx_word' id='word_1_706' title='bbox 3113 1732 3180 1799; x_wconf 76' lang='grc' dir='ltr'>τῇ</span> <span class='ocrx_word' id='word_1_707' title='bbox 3210 1727 3303 1783; x_wconf 86' lang='grc' dir='ltr'>τοῦ</span> <span class='ocrx_word' id='word_1_708' title='bbox 3335 1727 3471 1781; x_wconf 85' lang='grc' dir='ltr'>Θεοῦ</span> <span class='ocrx_word' id='word_1_709' title='bbox 3499 1728 3658 1796; x_wconf 71' lang='grc' dir='ltr'>προρ-</span> 
     </span>
    </p>
   </div>
   <div class='ocr_carea' id='block_1_92' title="bbox 2093 1804 3659 1885">
    <p class='ocr_par' dir='ltr' id='par_1_92' title="bbox 2093 1804 3659 1885">
     <span class='ocr_line' id='line_1_92' title="bbox 2093 1804 3659 1885; baseline -0.006 -19"><span class='ocrx_word' id='word_1_710' title='bbox 2093 1815 2250 1885; x_wconf 75' lang='grc' dir='ltr'>ρήσει</span> <span class='ocrx_word' id='word_1_711' title='bbox 2276 1813 2370 1866; x_wconf 76' lang='grc' dir='ltr'>καὶ</span> <span class='ocrx_word' id='word_1_712' title='bbox 2397 1812 2492 1867; x_wconf 91' lang='grc' dir='ltr'>νῦν</span> <span class='ocrx_word' id='word_1_713' title='bbox 2514 1811 2953 1882; x_wconf 78' lang='grc' dir='ltr'>ύπηρετουμένη,</span> <span class='ocrx_word' id='word_1_714' title='bbox 2986 1811 3167 1863; x_wconf 85' lang='grc' dir='ltr'>ἐκεῖνα</span> <span class='ocrx_word' id='word_1_715' title='bbox 3200 1804 3553 1877; x_wconf 83' lang='grc' dir='ltr'>συμϐουλεύει</span> <span class='ocrx_word' id='word_1_716' title='bbox 3584 1804 3659 1874; x_wconf 77' lang='grc' dir='ltr'>τῷ</span> 
     </span>
    </p>
   </div>
   <div class='ocr_carea' id='block_1_93' title="bbox 2093 1884 3660 1961">
    <p class='ocr_par' dir='ltr' id='par_1_93' title="bbox 2093 1884 3660 1961">
     <span class='ocr_line' id='line_1_93' title="bbox 2093 1884 3660 1961; baseline -0.007 -17"><span class='ocrx_word' id='word_1_717' title='bbox 2093 1884 2263 1949; x_wconf 72' lang='grc' dir='ltr'>παιδὶ.</span> <span class='ocrx_word' id='word_1_718' title='bbox 2289 1889 2434 1961; x_wconf 75' lang='grc' dir='ltr'>άπερ</span> <span class='ocrx_word' id='word_1_719' title='bbox 2467 1890 2496 1942; x_wconf 87' lang='lat'>6</span> <span class='ocrx_word' id='word_1_720' title='bbox 2531 1888 2763 1959; x_wconf 84' lang='grc' dir='ltr'>Χριστὸς</span> <span class='ocrx_word' id='word_1_721' title='bbox 2805 1885 3035 1957; x_wconf 81' lang='grc' dir='ltr'>παρῄνει</span> <span class='ocrx_word' id='word_1_722' title='bbox 3066 1888 3177 1947; x_wconf 86' lang='grc' dir='ltr'>τοῖς</span> <span class='ocrx_word' id='word_1_723' title='bbox 3210 1884 3493 1954; x_wconf 78' lang='grc' dir='ltr'>μαθηταῖς,</span> <span class='ocrx_word' id='word_1_724' title='bbox 3526 1900 3660 1950; x_wconf 69' lang='lat' dir='ltr'>cup.-</span> 
     </span>
    </p>
   </div>
   <div class='ocr_carea' id='block_1_94' title="bbox 2094 1961 3661 2038">
    <p class='ocr_par' dir='ltr' id='par_1_94' title="bbox 2094 1961 3661 2038">
     <span class='ocr_line' id='line_1_94' title="bbox 2094 1961 3661 2038; baseline -0.006 -17"><span class='ocrx_word' id='word_1_725' title='bbox 2094 1968 2365 2023; x_wconf 88' lang='grc' dir='ltr'>ϐουλεύων</span> <span class='ocrx_word' id='word_1_726' title='bbox 2399 1968 2473 2038; x_wconf 80' lang='grc' dir='ltr'>μὴ</span> <span class='ocrx_word' id='word_1_727' title='bbox 2514 1968 2677 2038; x_wconf 86' lang='grc' dir='ltr'>ὁμόσε</span> <span class='ocrx_word' id='word_1_728' title='bbox 2720 1968 2920 2036; x_wconf 87' lang='grc' dir='ltr'>χωρεῖν</span> <span class='ocrx_word' id='word_1_729' title='bbox 2946 1965 3057 2027; x_wconf 87' lang='grc' dir='ltr'>τοῖς</span> <span class='ocrx_word' id='word_1_730' title='bbox 3096 1963 3381 2027; x_wconf 85' lang='grc' dir='ltr'>κινδύνοις,</span> <span class='ocrx_word' id='word_1_731' title='bbox 3412 1961 3551 2015; x_wconf 87' lang='grc' dir='ltr'>ἀλλά</span> <span class='ocrx_word' id='word_1_732' title='bbox 3578 1961 3661 2013; x_wconf 68' lang='grc' dir='ltr'>διὰ</span> 
     </span>
    </p>
   </div>
   <div class='ocr_carea' id='block_1_95' title="bbox 2093 2040 3659 2115">
    <p class='ocr_par' dir='ltr' id='par_1_95' title="bbox 2093 2040 3659 2115">
     <span class='ocr_line' id='line_1_95' title="bbox 2093 2040 3659 2115; baseline -0.006 -15"><span class='ocrx_word' id='word_1_733' title='bbox 2093 2046 2195 2115; x_wconf 79' lang='grc' dir='ltr'>τῆς</span> <span class='ocrx_word' id='word_1_734' title='bbox 2245 2047 2646 2115; x_wconf 83' lang='grc' dir='ltr'>ἀναχωρήσεως</span> <span class='ocrx_word' id='word_1_735' title='bbox 2694 2041 3134 2115; x_wconf 87' lang='grc' dir='ltr'>παραμυθεῖσθαι</span> <span class='ocrx_word' id='word_1_736' title='bbox 3168 2040 3263 2093; x_wconf 85' lang='grc' dir='ltr'>τοῦ</span> <span class='ocrx_word' id='word_1_737' title='bbox 3315 2040 3523 2103; x_wconf 86' lang='grc' dir='ltr'>πάθους</span> <span class='ocrx_word' id='word_1_738' title='bbox 3564 2040 3659 2107; x_wconf 72' lang='grc' dir='ltr'>τὴν</span> 
     </span>
    </p>
   </div>
   <div class='ocr_carea' id='block_1_96' title="bbox 2099 2116 3659 2194">
    <p class='ocr_par' dir='ltr' id='par_1_96' title="bbox 2099 2116 3659 2194">
     <span class='ocr_line' id='line_1_96' title="bbox 2099 2116 3659 2194; baseline -0.006 -17"><span class='ocrx_word' id='word_1_739' title='bbox 2099 2123 2319 2194; x_wconf 90' lang='grc' dir='ltr'>μανίαν.</span> <span class='ocrx_word' id='word_1_740' title='bbox 2375 2123 2548 2178; x_wconf 88' lang='grc' dir='ltr'>Τοῦτο</span> <span class='ocrx_word' id='word_1_741' title='bbox 2605 2122 2788 2175; x_wconf 83' lang='grc' dir='ltr'>τοίνυν</span> <span class='ocrx_word' id='word_1_742' title='bbox 2837 2121 2931 2175; x_wconf 77' lang='grc' dir='ltr'>καὶ</span> <span class='ocrx_word' id='word_1_743' title='bbox 2981 2120 3120 2189; x_wconf 84' lang='grc' dir='ltr'>αῦτη</span> <span class='ocrx_word' id='word_1_744' title='bbox 3173 2119 3539 2190; x_wconf 78' lang='grc' dir='ltr'>εἰσηγουμένη</span> <span class='ocrx_word' id='word_1_745' title='bbox 3586 2116 3659 2185; x_wconf 74' lang='grc' dir='ltr'>τῷ</span> 
     </span>
    </p>
   </div>
   <div class='ocr_carea' id='block_1_97' title="bbox 2098 2200 3660 2275">
    <p class='ocr_par' dir='ltr' id='par_1_97' title="bbox 2098 2200 3660 2275">
     <span class='ocr_line' id='line_1_97' title="bbox 2098 2200 3660 2275; baseline -0.004 -17"><span class='ocrx_word' id='word_1_746' title='bbox 2098 2205 2272 2260; x_wconf 80' lang='grc' dir='ltr'>παιδὶ.</span> <span class='ocrx_word' id='word_1_747' title='bbox 2304 2204 2569 2275; x_wconf 86' lang='grc' dir='ltr'>πρότερον</span> <span class='ocrx_word' id='word_1_748' title='bbox 2596 2203 2744 2273; x_wconf 88' lang='grc' dir='ltr'>αὐτῷ</span> <span class='ocrx_word' id='word_1_749' title='bbox 2774 2202 3220 2273; x_wconf 84' lang='grc' dir='ltr'>συμϐουλεύσασα</span> <span class='ocrx_word' id='word_1_750' title='bbox 3246 2202 3341 2255; x_wconf 77' lang='grc' dir='ltr'>καὶ</span> <span class='ocrx_word' id='word_1_751' title='bbox 3384 2200 3660 2269; x_wconf 76' lang='grc' dir='ltr'>παραθαρ-</span> 
     </span>
    </p>
   </div>
   <div class='ocr_carea' id='block_1_98' title="bbox 2101 2280 3661 2353">
    <p class='ocr_par' dir='ltr' id='par_1_98' title="bbox 2101 2280 3661 2353">
     <span class='ocr_line' id='line_1_98' title="bbox 2101 2280 3661 2353; baseline -0.004 -18"><span class='ocrx_word' id='word_1_752' title='bbox 2101 2283 2307 2353; x_wconf 76' lang='grc' dir='ltr'>ρύνασα</span> <span class='ocrx_word' id='word_1_753' title='bbox 2350 2282 2515 2337; x_wconf 85' lang='grc' dir='ltr'>αὐτοῦ</span> <span class='ocrx_word' id='word_1_754' title='bbox 2562 2282 2653 2336; x_wconf 80' lang='grc' dir='ltr'>τὸν</span> <span class='ocrx_word' id='word_1_755' title='bbox 2698 2282 2991 2352; x_wconf 82' lang='grc' dir='ltr'>λογισμὸν,</span> <span class='ocrx_word' id='word_1_756' title='bbox 3022 2282 3163 2336; x_wconf 83' lang='grc' dir='ltr'>ὥστε</span> <span class='ocrx_word' id='word_1_757' title='bbox 3216 2280 3293 2351; x_wconf 80' lang='grc' dir='ltr'>μὴ</span> <span class='ocrx_word' id='word_1_758' title='bbox 3340 2280 3661 2349; x_wconf 73' lang='grc' dir='ltr'>δυσχερᾶναι</span> 
     </span>
    </p>
   </div>
   <div class='ocr_carea' id='block_1_99' title="bbox 2101 2359 3661 2434">
    <p class='ocr_par' dir='ltr' id='par_1_99' title="bbox 2101 2359 3661 2434">
     <span class='ocr_line' id='line_1_99' title="bbox 2101 2359 3661 2434; baseline -0.005 -17"><span class='ocrx_word' id='word_1_759' title='bbox 2101 2363 2237 2434; x_wconf 83' lang='grc' dir='ltr'>πρὸς</span> <span class='ocrx_word' id='word_1_760' title='bbox 2263 2363 2355 2416; x_wconf 73' lang='grc' dir='ltr'>τὸν</span> <span class='ocrx_word' id='word_1_761' title='bbox 2382 2362 2683 2434; x_wconf 86' lang='grc' dir='ltr'>χωρισμὸν,</span> <span class='ocrx_word' id='word_1_762' title='bbox 2703 2362 2824 2415; x_wconf 87' lang='grc' dir='ltr'>τότε</span> <span class='ocrx_word' id='word_1_763' title='bbox 2849 2362 3033 2415; x_wconf 79' lang='grc' dir='ltr'>λοιπὸν</span> <span class='ocrx_word' id='word_1_764' title='bbox 3056 2362 3150 2416; x_wconf 75' lang='grc' dir='ltr'>καὶ</span> <span class='ocrx_word' id='word_1_765' title='bbox 3178 2360 3431 2431; x_wconf 81' lang='grc' dir='ltr'>ἀφορμὴν</span> <span class='ocrx_word' id='word_1_766' title='bbox 3450 2359 3661 2424; x_wconf 78' lang='grc' dir='ltr'>εὐλογον</span> 
     </span>
    </p>
   </div>
   <div class='ocr_carea' id='block_1_100' title="bbox 2100 2436 3663 2512">
    <p class='ocr_par' dir='ltr' id='par_1_100' title="bbox 2100 2436 3663 2512">
     <span class='ocr_line' id='line_1_100' title="bbox 2100 2436 3663 2512; baseline -0.004 -18"><span class='ocrx_word' id='word_1_767' title='bbox 2100 2445 2167 2511; x_wconf 83' lang='grc' dir='ltr'>τῇ</span> <span class='ocrx_word' id='word_1_768' title='bbox 2191 2440 2471 2511; x_wconf 81' lang='grc' dir='ltr'>ἀποδημίᾳ</span> <span class='ocrx_word' id='word_1_769' title='bbox 2498 2440 2798 2512; x_wconf 85' lang='grc' dir='ltr'>περιθεῖναι</span> <span class='ocrx_word' id='word_1_770' title='bbox 2828 2440 3093 2511; x_wconf 85' lang='grc' dir='ltr'>βούλεται,</span> <span class='ocrx_word' id='word_1_771' title='bbox 3115 2439 3252 2493; x_wconf 78' lang='grc' dir='ltr'>ὥστε</span> <span class='ocrx_word' id='word_1_772' title='bbox 3280 2439 3355 2510; x_wconf 78' lang='grc' dir='ltr'>μὴ</span> <span class='ocrx_word' id='word_1_773' title='bbox 3381 2436 3663 2508; x_wconf 73' lang='grc' dir='ltr'>προφανῶς</span> 
     </span>
    </p>
   </div>
   <div class='ocr_carea' id='block_1_101' title="bbox 2101 2516 3663 2589">
    <p class='ocr_par' dir='ltr' id='par_1_101' title="bbox 2101 2516 3663 2589">
     <span class='ocr_line' id='line_1_101' title="bbox 2101 2516 3663 2589; baseline -0.004 -16"><span class='ocrx_word' id='word_1_774' title='bbox 2101 2520 2250 2586; x_wconf 80' lang='grc' dir='ltr'>δόξαι</span> <span class='ocrx_word' id='word_1_775' title='bbox 2291 2519 2379 2572; x_wconf 82' lang='grc' dir='ltr'>διὰ</span> <span class='ocrx_word' id='word_1_776' title='bbox 2427 2518 2526 2589; x_wconf 80' lang='grc' dir='ltr'>τὴν</span> <span class='ocrx_word' id='word_1_777' title='bbox 2572 2518 2666 2572; x_wconf 86' lang='grc' dir='ltr'>τοῦ</span> <span class='ocrx_word' id='word_1_778' title='bbox 2704 2518 2934 2588; x_wconf 85' lang='grc' dir='ltr'>ἀδελφοῦ</span> <span class='ocrx_word' id='word_1_779' title='bbox 2984 2516 3280 2588; x_wconf 86' lang='grc' dir='ltr'>βασκανίαν</span> <span class='ocrx_word' id='word_1_780' title='bbox 3332 2518 3663 2586; x_wconf 84' lang='grc' dir='ltr'>ἀναχωρεῖν,</span> 
     </span>
    </p>
   </div>
   <div class='ocr_carea' id='block_1_102' title="bbox 2106 2594 3666 2669">
    <p class='ocr_par' dir='ltr' id='par_1_102' title="bbox 2106 2594 3666 2669">
     <span class='ocr_line' id='line_1_102' title="bbox 2106 2594 3666 2669; baseline -0.003 -18"><span class='ocrx_word' id='word_1_781' title='bbox 2106 2598 2245 2669; x_wconf 87' lang='grc' dir='ltr'>μηδέ</span> <span class='ocrx_word' id='word_1_782' title='bbox 2286 2598 2380 2652; x_wconf 80' lang='grc' dir='ltr'>τὸν</span> <span class='ocrx_word' id='word_1_783' title='bbox 2419 2597 2633 2667; x_wconf 87' lang='grc' dir='ltr'>πατέρα</span> <span class='ocrx_word' id='word_1_784' title='bbox 2676 2597 2878 2665; x_wconf 90' lang='grc' dir='ltr'>γνῶναι</span> <span class='ocrx_word' id='word_1_785' title='bbox 2902 2598 3001 2669; x_wconf 77' lang='grc' dir='ltr'>τήν</span> <span class='ocrx_word' id='word_1_786' title='bbox 3027 2597 3201 2667; x_wconf 87' lang='grc' dir='ltr'>ἀληθῆ</span> <span class='ocrx_word' id='word_1_787' title='bbox 3228 2596 3327 2665; x_wconf 87' lang='grc' dir='ltr'>τῆς</span> <span class='ocrx_word' id='word_1_788' title='bbox 3366 2594 3666 2665; x_wconf 83' lang='grc' dir='ltr'>ἀποδημίας</span> 
     </span>
    </p>
   </div>
   <div class='ocr_carea' id='block_1_103' title="bbox 2105 2677 3666 2751">
    <p class='ocr_par' dir='ltr' id='par_1_103' title="bbox 2105 2677 3666 2751">
     <span class='ocr_line' id='line_1_103' title="bbox 2105 2677 3666 2751; baseline -0.005 -16"><span class='ocrx_word' id='word_1_789' title='bbox 2105 2678 2303 2744; x_wconf 88' lang='grc' dir='ltr'>αἰτίαν,</span> <span class='ocrx_word' id='word_1_790' title='bbox 2332 2681 2468 2750; x_wconf 87' lang='grc' dir='ltr'>μήτε</span> <span class='ocrx_word' id='word_1_791' title='bbox 2491 2678 2587 2732; x_wconf 88' lang='grc' dir='ltr'>τοῦ</span> <span class='ocrx_word' id='word_1_792' title='bbox 2617 2679 2789 2733; x_wconf 83' lang='grc' dir='ltr'>Ἠσαῦ</span> <span class='ocrx_word' id='word_1_793' title='bbox 2813 2680 2912 2751; x_wconf 79' lang='grc' dir='ltr'>τὴν</span> <span class='ocrx_word' id='word_1_794' title='bbox 2930 2678 3069 2733; x_wconf 84' lang='grc' dir='ltr'>κατά</span> <span class='ocrx_word' id='word_1_795' title='bbox 3090 2678 3254 2734; x_wconf 88' lang='grc' dir='ltr'>αὐτοῦ</span> <span class='ocrx_word' id='word_1_796' title='bbox 3281 2677 3666 2746; x_wconf 81' lang='grc' dir='ltr'>ἀγανάκτησιν.</span> 
     </span>
    </p>
   </div>
   <div class='ocr_carea' id='block_1_104' title="bbox 2104 2760 3669 2833">
    <p class='ocr_par' dir='ltr' id='par_1_104' title="bbox 2104 2760 3669 2833">
     <span class='ocr_line' id='line_1_104' title="bbox 2104 2760 3669 2833; baseline -0.004 -14"><span class='ocrx_word' id='word_1_797' title='bbox 2104 2764 2215 2819; x_wconf 83' lang='lat' dir='ltr'><strong><em>Kal</em></strong></span> <span class='ocrx_word' id='word_1_798' title='bbox 2258 2762 2643 2827; x_wconf 75' lang='grc' dir='ltr'>εἰσελθοῦσα,</span> <span class='ocrx_word' id='word_1_799' title='bbox 2686 2762 2848 2833; x_wconf 78' lang='grc' dir='ltr'>φησί,</span> <span class='ocrx_word' id='word_1_800' title='bbox 2895 2761 3045 2830; x_wconf 83' lang='grc' dir='ltr'>πρὸς</span> <span class='ocrx_word' id='word_1_801' title='bbox 3079 2761 3186 2815; x_wconf 84' lang='grc' dir='ltr'>τὸν</span> <span class='ocrx_word' id='word_1_802' title='bbox 3231 2761 3439 2817; x_wconf 78' lang='grc' dir='ltr'>Ἰσαὰκ</span> <span class='ocrx_word' id='word_1_803' title='bbox 3480 2760 3521 2826; x_wconf 78' lang='grc' dir='ltr'><strong>ἠ</strong></span> <span class='ocrx_word' id='word_1_804' title='bbox 3565 2761 3669 2813; x_wconf 86' lang='grc' dir='ltr'>Ῥε-</span> 
     </span>
    </p>
   </div>
   <div class='ocr_carea' id='block_1_105' title="bbox 2108 2842 3671 2913">
    <p class='ocr_par' dir='ltr' id='par_1_105' title="bbox 2108 2842 3671 2913">
     <span class='ocr_line' id='line_1_105' title="bbox 2108 2842 3671 2913; baseline -0.004 -11"><span class='ocrx_word' id='word_1_805' title='bbox 2108 2846 2289 2902; x_wconf 81' lang='grc' dir='ltr'>ϐέκκα</span> <span class='ocrx_word' id='word_1_806' title='bbox 2311 2842 2440 2901; x_wconf 79' lang='grc' dir='ltr'>εἷπε</span> <span class='ocrx_word' id='word_1_807' title='bbox 2458 2860 2473 2874; x_wconf 88' lang='grc'><strong>·</strong></span> <span class='ocrx_word' id='word_1_808' title='bbox 2510 2842 2903 2913; x_wconf 84' lang='grc' dir='ltr'>Προσώχθισα</span> <span class='ocrx_word' id='word_1_809' title='bbox 2928 2843 3000 2912; x_wconf 76' lang='grc' dir='ltr'>τῇ</span> <span class='ocrx_word' id='word_1_810' title='bbox 3036 2843 3147 2911; x_wconf 83' lang='grc' dir='ltr'>ζωῇ</span> <span class='ocrx_word' id='word_1_811' title='bbox 3170 2862 3289 2913; x_wconf 83' lang='grc' dir='ltr'>μου</span> <span class='ocrx_word' id='word_1_812' title='bbox 3320 2842 3421 2897; x_wconf 82' lang='grc' dir='ltr'>διὰ</span> <span class='ocrx_word' id='word_1_813' title='bbox 3446 2844 3555 2908; x_wconf 78' lang='grc' dir='ltr'>τὰς</span> <span class='ocrx_word' id='word_1_814' title='bbox 3578 2846 3671 2896; x_wconf 87' lang='grc' dir='ltr'>θυ-</span> 
     </span>
    </p>
   </div>
   <div class='ocr_carea' id='block_1_106' title="bbox 2108 2926 3672 3001">
    <p class='ocr_par' dir='ltr' id='par_1_106' title="bbox 2108 2926 3672 3001">
     <span class='ocr_line' id='line_1_106' title="bbox 2108 2926 3672 3001; baseline -0.004 -16"><span class='ocrx_word' id='word_1_815' title='bbox 2108 2929 2362 3001; x_wconf 72' lang='grc' dir='ltr'>γατέρας</span> <span class='ocrx_word' id='word_1_816' title='bbox 2406 2928 2527 2983; x_wconf 87' lang='grc' dir='ltr'>τῶν</span> <span class='ocrx_word' id='word_1_817' title='bbox 2556 2928 2703 2983; x_wconf 75' lang='grc' dir='ltr'>υἱῶν</span> <span class='ocrx_word' id='word_1_818' title='bbox 2743 2928 2876 2982; x_wconf 86' lang='grc' dir='ltr'>Χέτ.</span> <span class='ocrx_word' id='word_1_819' title='bbox 2927 2931 2996 2982; x_wconf 84' lang='grc' dir='ltr'>Εἰ</span> <span class='ocrx_word' id='word_1_820' title='bbox 3022 2928 3281 2995; x_wconf 75' lang='grc' dir='ltr'>λήψεται</span> <span class='ocrx_word' id='word_1_821' title='bbox 3320 2926 3536 2980; x_wconf 80' lang='grc' dir='ltr'>Ἰακὼϐ</span> <span class='ocrx_word' id='word_1_822' title='bbox 3578 2945 3672 2995; x_wconf 73' lang='grc' dir='ltr'>γυ-</span> 
     </span>
    </p>
   </div>
   <div class='ocr_carea' id='block_1_107' title="bbox 2109 3004 3673 3080">
    <p class='ocr_par' dir='ltr' id='par_1_107' title="bbox 2109 3004 3673 3080">
     <span class='ocr_line' id='line_1_107' title="bbox 2109 3004 3673 3080; baseline -0.006 -14"><span class='ocrx_word' id='word_1_823' title='bbox 2109 3009 2290 3066; x_wconf 83' lang='grc' dir='ltr'>ναῖκα</span> <span class='ocrx_word' id='word_1_824' title='bbox 2307 3008 2427 3064; x_wconf 82' lang='grc' dir='ltr'>ἀπὸ</span> <span class='ocrx_word' id='word_1_825' title='bbox 2452 3007 2568 3061; x_wconf 83' lang='grc' dir='ltr'>τῶν</span> <span class='ocrx_word' id='word_1_826' title='bbox 2600 3007 2934 3080; x_wconf 74' lang='grc' dir='ltr'>θυγατέρων</span> <span class='ocrx_word' id='word_1_827' title='bbox 2962 3004 3067 3073; x_wconf 82' lang='grc' dir='ltr'>τῆς</span> <span class='ocrx_word' id='word_1_828' title='bbox 3093 3005 3203 3076; x_wconf 77' lang='grc' dir='ltr'>γῆς</span> <span class='ocrx_word' id='word_1_829' title='bbox 3229 3007 3472 3074; x_wconf 81' lang='grc' dir='ltr'>ταύτης,</span> <span class='ocrx_word' id='word_1_830' title='bbox 3503 3007 3604 3059; x_wconf 76' lang='grc' dir='ltr'>ἶνα</span> <span class='ocrx_word' id='word_1_831' title='bbox 3623 3005 3673 3057; x_wconf 86' lang='grc' dir='ltr'>τί</span> 
     </span>
    </p>
   </div>
   <div class='ocr_carea' id='block_1_108' title="bbox 2110 3086 2490 3160">
    <p class='ocr_par' dir='ltr' id='par_1_108' title="bbox 2110 3086 2490 3160">
     <span class='ocr_line' id='line_1_108' title="bbox 2110 3086 2490 3160; baseline -0.008 -16"><span class='ocrx_word' id='word_1_832' title='bbox 2110 3108 2215 3160; x_wconf 78' lang='grc' dir='ltr'>μοι</span> <span class='ocrx_word' id='word_1_833' title='bbox 2251 3089 2316 3143; x_wconf 87' lang='grc' dir='ltr'>τὸ</span> <span class='ocrx_word' id='word_1_834' title='bbox 2351 3086 2490 3156; x_wconf 70' lang='grc' dir='ltr'>ζῇν;</span> 
     </span>
    </p>
   </div>
   <div class='ocr_carea' id='block_1_109' title="bbox 2181 3182 3677 3265">
    <p class='ocr_par' dir='ltr' id='par_1_109' title="bbox 2181 3182 3677 3265">
     <span class='ocr_line' id='line_1_109' title="bbox 2181 3182 3677 3265; baseline -0.005 -16"><span class='ocrx_word' id='word_1_835' title='bbox 2181 3201 2252 3265; x_wconf 84' lang='grc' dir='ltr'>γ’.</span> <span class='ocrx_word' id='word_1_836' title='bbox 2285 3193 2484 3247; x_wconf 90' lang='grc' dir='ltr'>Σκόπει</span> <span class='ocrx_word' id='word_1_837' title='bbox 2512 3190 2629 3251; x_wconf 82' lang='grc' dir='ltr'>πῶς</span> <span class='ocrx_word' id='word_1_838' title='bbox 2653 3188 3006 3261; x_wconf 83' lang='grc' dir='ltr'>εὐπρόσωπον</span> <span class='ocrx_word' id='word_1_839' title='bbox 3051 3182 3175 3261; x_wconf 68' lang='grc' dir='ltr'>εὗρε</span> <span class='ocrx_word' id='word_1_840' title='bbox 3202 3188 3677 3259; x_wconf 82' lang='grc' dir='ltr'>πρόφασιν.⁹οταν</span> 
     </span>
    </p>
   </div>
   <div class='ocr_carea' id='block_1_110' title="bbox 2113 3268 3678 3345">
    <p class='ocr_par' dir='ltr' id='par_1_110' title="bbox 2113 3268 3678 3345">
     <span class='ocr_line' id='line_1_110' title="bbox 2113 3268 3678 3345; baseline -0.006 -17"><span class='ocrx_word' id='word_1_841' title='bbox 2113 3275 2223 3345; x_wconf 81' lang='grc' dir='ltr'>γὰρ</span> <span class='ocrx_word' id='word_1_842' title='bbox 2248 3274 2381 3343; x_wconf 82' lang='grc' dir='ltr'>ἡμῖν</span> <span class='ocrx_word' id='word_1_843' title='bbox 2408 3274 2441 3341; x_wconf 88' lang='grc' dir='ltr'>ή</span> <span class='ocrx_word' id='word_1_844' title='bbox 2464 3269 2668 3325; x_wconf 80' lang='grc' dir='ltr'>ἀνωθεν</span> <span class='ocrx_word' id='word_1_845' title='bbox 2694 3268 3016 3339; x_wconf 82' lang='grc' dir='ltr'>συμπράττῃ</span> <span class='ocrx_word' id='word_1_846' title='bbox 3033 3268 3201 3335; x_wconf 79' lang='grc' dir='ltr'>δεξιά,</span> <span class='ocrx_word' id='word_1_847' title='bbox 3230 3268 3325 3321; x_wconf 70' lang='grc' dir='ltr'>καί⁸</span> <span class='ocrx_word' id='word_1_848' title='bbox 3352 3268 3425 3320; x_wconf 86' lang='grc' dir='ltr'>τά</span> <span class='ocrx_word' id='word_1_849' title='bbox 3450 3268 3678 3337; x_wconf 79' lang='grc' dir='ltr'>δυσχερῆ</span> 
     </span>
    </p>
   </div>
   <div class='ocr_carea' id='block_1_111' title="bbox 2115 3347 3680 3422">
    <p class='ocr_par' dir='ltr' id='par_1_111' title="bbox 2115 3347 3680 3422">
     <span class='ocr_line' id='line_1_111' title="bbox 2115 3347 3680 3422; baseline -0.005 -11"><span class='ocrx_word' id='word_1_850' title='bbox 2115 3355 2311 3411; x_wconf 78' lang='grc' dir='ltr'>εῠκολα</span> <span class='ocrx_word' id='word_1_851' title='bbox 2340 3354 2568 3422; x_wconf 90' lang='grc' dir='ltr'>γίνεται,</span> <span class='ocrx_word' id='word_1_852' title='bbox 2609 3351 2783 3404; x_wconf 75' lang='grc' dir='ltr'>καὶτὰ</span> <span class='ocrx_word' id='word_1_853' title='bbox 2822 3350 3053 3404; x_wconf 85' lang='grc' dir='ltr'>δύσκολα</span> <span class='ocrx_word' id='word_1_854' title='bbox 3084 3351 3258 3421; x_wconf 77' lang='grc' dir='ltr'>ῥᾴδια.</span> <span class='ocrx_word' id='word_1_855' title='bbox 3300 3352 3452 3403; x_wconf 69' lang='grc' dir='ltr'>Ἐπεὶ</span> <span class='ocrx_word' id='word_1_856' title='bbox 3482 3347 3680 3405; x_wconf 73' lang='grc' dir='ltr'>οὖνκαὶ</span> 
     </span>
    </p>
   </div>
   <div class='ocr_carea' id='block_1_112' title="bbox 2114 3429 3678 3506">
    <p class='ocr_par' dir='ltr' id='par_1_112' title="bbox 2114 3429 3678 3506">
     <span class='ocr_line' id='line_1_112' title="bbox 2114 3429 3678 3506; baseline -0.005 -16"><span class='ocrx_word' id='word_1_857' title='bbox 2114 3434 2254 3506; x_wconf 79' lang='grc' dir='ltr'>αῦτη</span> <span class='ocrx_word' id='word_1_858' title='bbox 2286 3430 2399 3503; x_wconf 72' lang='grc' dir='ltr'>εἶχε</span> <span class='ocrx_word' id='word_1_859' title='bbox 2427 3432 2519 3486; x_wconf 77' lang='grc' dir='ltr'>τὸν</span> <span class='ocrx_word' id='word_1_860' title='bbox 2546 3431 2654 3484; x_wconf 91' lang='grc' dir='ltr'>τῶν</span> <span class='ocrx_word' id='word_1_861' title='bbox 2685 3430 2822 3483; x_wconf 85' lang='grc' dir='ltr'>ὅλων</span> <span class='ocrx_word' id='word_1_862' title='bbox 2857 3430 2988 3483; x_wconf 77' lang='grc' dir='ltr'>Θεὸν</span> <span class='ocrx_word' id='word_1_863' title='bbox 3022 3429 3373 3483; x_wconf 80' lang='grc' dir='ltr'>συναινοῦντα</span> <span class='ocrx_word' id='word_1_864' title='bbox 3413 3430 3587 3497; x_wconf 75' lang='grc' dir='ltr'>αὐτῆς</span> <span class='ocrx_word' id='word_1_865' title='bbox 3618 3432 3678 3499; x_wconf 76' lang='grc' dir='ltr'>τῇ</span> 
     </span>
    </p>
   </div>
   <div class='ocr_carea' id='block_1_113' title="bbox 2116 3513 3680 3589">
    <p class='ocr_par' dir='ltr' id='par_1_113' title="bbox 2116 3513 3680 3589">
     <span class='ocr_line' id='line_1_113' title="bbox 2116 3513 3680 3589; baseline -0.003 -19"><span class='ocrx_word' id='word_1_866' title='bbox 2116 3518 2308 3589; x_wconf 78' lang='grc' dir='ltr'>γνώμῃ</span> <span class='ocrx_word' id='word_1_867' title='bbox 2327 3559 2342 3581; x_wconf 90' lang='grc'>,</span> <span class='ocrx_word' id='word_1_868' title='bbox 2373 3515 2551 3569; x_wconf 88' lang='grc' dir='ltr'>πάντα</span> <span class='ocrx_word' id='word_1_869' title='bbox 2582 3513 2652 3567; x_wconf 86' lang='grc' dir='ltr'>τά</span> <span class='ocrx_word' id='word_1_870' title='bbox 2687 3513 2957 3581; x_wconf 90' lang='grc' dir='ltr'>δυνάμενα</span> <span class='ocrx_word' id='word_1_871' title='bbox 2987 3513 3255 3566; x_wconf 85' lang='grc' dir='ltr'>συντελεῖν</span> <span class='ocrx_word' id='word_1_872' title='bbox 3297 3516 3362 3584; x_wconf 83' lang='grc' dir='ltr'>τῇ</span> <span class='ocrx_word' id='word_1_873' title='bbox 3404 3514 3680 3583; x_wconf 63' lang='grc' dir='ltr'>οἰκονομίᾳ</span> 
     </span>
    </p>
   </div>
   <div class='ocr_carea' id='block_1_114' title="bbox 2115 3590 3681 3669">
    <p class='ocr_par' dir='ltr' id='par_1_114' title="bbox 2115 3590 3681 3669">
     <span class='ocr_line' id='line_1_114' title="bbox 2115 3590 3681 3669; baseline -0.005 -20"><span class='ocrx_word' id='word_1_874' title='bbox 2115 3602 2183 3669; x_wconf 83' lang='grc' dir='ltr'>τῇ</span> <span class='ocrx_word' id='word_1_875' title='bbox 2220 3594 2505 3669; x_wconf 80' lang='grc' dir='ltr'>μελλούσῃ,</span> <span class='ocrx_word' id='word_1_876' title='bbox 2544 3593 2637 3647; x_wconf 76' lang='grc' dir='ltr'>καὶ</span> <span class='ocrx_word' id='word_1_877' title='bbox 2669 3590 2763 3645; x_wconf 89' lang='grc' dir='ltr'>τοῦ</span> <span class='ocrx_word' id='word_1_878' title='bbox 2794 3591 2981 3655; x_wconf 84' lang='grc' dir='ltr'>παιδὸς</span> <span class='ocrx_word' id='word_1_879' title='bbox 3019 3594 3084 3663; x_wconf 81' lang='grc' dir='ltr'>τῇ</span> <span class='ocrx_word' id='word_1_880' title='bbox 3119 3591 3380 3662; x_wconf 74' lang='grc' dir='ltr'>σωτηρίᾳ,</span> <span class='ocrx_word' id='word_1_881' title='bbox 3418 3592 3681 3646; x_wconf 77' lang='grc' dir='ltr'>ὑπέϐαλεν</span> 
     </span>
    </p>
   </div>
   <div class='ocr_carea' id='block_1_115' title="bbox 2118 3669 3683 3748">
    <p class='ocr_par' dir='ltr' id='par_1_115' title="bbox 2118 3669 3683 3748">
     <span class='ocr_line' id='line_1_115' title="bbox 2118 3669 3683 3748; baseline -0.007 -16"><span class='ocrx_word' id='word_1_882' title='bbox 2118 3677 2289 3748; x_wconf 82' lang='grc' dir='ltr'>αὐτῆς</span> <span class='ocrx_word' id='word_1_883' title='bbox 2320 3677 2387 3745; x_wconf 81' lang='grc' dir='ltr'>τῇ</span> <span class='ocrx_word' id='word_1_884' title='bbox 2426 3671 2654 3739; x_wconf 66' lang='grc' dir='ltr'>διανοίᾳ.</span> <span class='ocrx_word' id='word_1_885' title='bbox 2689 3669 3099 3739; x_wconf 76' lang='grc' dir='ltr'>Προσὼχθισα,</span> <span class='ocrx_word' id='word_1_886' title='bbox 3133 3671 3317 3739; x_wconf 73' lang='grc' dir='ltr'>φησὶν,</span> <span class='ocrx_word' id='word_1_887' title='bbox 3350 3670 3426 3736; x_wconf 79' lang='grc' dir='ltr'>τῇ</span> <span class='ocrx_word' id='word_1_888' title='bbox 3453 3669 3567 3739; x_wconf 74' lang='grc' dir='ltr'>ζωῇ</span> <span class='ocrx_word' id='word_1_889' title='bbox 3596 3670 3683 3723; x_wconf 80' lang='grc' dir='ltr'>διὰ</span> 
     </span>
    </p>
   </div>
   <div class='ocr_carea' id='block_1_116' title="bbox 2119 3749 3686 3823">
    <p class='ocr_par' dir='ltr' id='par_1_116' title="bbox 2119 3749 3686 3823">
     <span class='ocr_line' id='line_1_116' title="bbox 2119 3749 3686 3823; baseline -0.004 -13"><span class='ocrx_word' id='word_1_890' title='bbox 2119 3756 2224 3821; x_wconf 85' lang='grc' dir='ltr'>τὰς</span> <span class='ocrx_word' id='word_1_891' title='bbox 2257 3751 2583 3823; x_wconf 75' lang='grc' dir='ltr'>θυγατέρας</span> <span class='ocrx_word' id='word_1_892' title='bbox 2607 3750 2725 3803; x_wconf 85' lang='grc' dir='ltr'>τῶν</span> <span class='ocrx_word' id='word_1_893' title='bbox 2762 3749 2907 3804; x_wconf 84' lang='grc' dir='ltr'>υἱῶν</span> <span class='ocrx_word' id='word_1_894' title='bbox 2924 3749 3054 3803; x_wconf 86' lang='grc' dir='ltr'>Χέτ.</span> <span class='ocrx_word' id='word_1_895' title='bbox 3084 3752 3153 3803; x_wconf 81' lang='lat' dir='ltr'><strong><em>El</em></strong></span> <span class='ocrx_word' id='word_1_896' title='bbox 3192 3751 3451 3818; x_wconf 70' lang='grc' dir='ltr'>λήψεται</span> <span class='ocrx_word' id='word_1_897' title='bbox 3487 3752 3686 3805; x_wconf 73' lang='grc' dir='ltr'>Ἰακὼὸ</span> 
     </span>
    </p>
   </div>
   <div class='ocr_carea' id='block_1_117' title="bbox 2120 3827 3686 3904">
    <p class='ocr_par' dir='ltr' id='par_1_117' title="bbox 2120 3827 3686 3904">
     <span class='ocr_line' id='line_1_117' title="bbox 2120 3827 3686 3904; baseline -0.003 -17"><span class='ocrx_word' id='word_1_898' title='bbox 2120 3833 2380 3904; x_wconf 76' lang='grc' dir='ltr'>γυναῖκα</span> <span class='ocrx_word' id='word_1_899' title='bbox 2410 3830 2528 3885; x_wconf 76' lang='grc' dir='ltr'>ἀπὸ</span> <span class='ocrx_word' id='word_1_900' title='bbox 2557 3829 2674 3883; x_wconf 86' lang='grc' dir='ltr'>τῶν</span> <span class='ocrx_word' id='word_1_901' title='bbox 2701 3829 3034 3897; x_wconf 77' lang='grc' dir='ltr'>θυγατέρων</span> <span class='ocrx_word' id='word_1_902' title='bbox 3057 3829 3165 3896; x_wconf 82' lang='grc' dir='ltr'>τῆς</span> <span class='ocrx_word' id='word_1_903' title='bbox 3191 3827 3300 3896; x_wconf 79' lang='grc' dir='ltr'>γῆς</span> <span class='ocrx_word' id='word_1_904' title='bbox 3325 3831 3575 3897; x_wconf 82' lang='grc' dir='ltr'>ταύτης.</span> <span class='ocrx_word' id='word_1_905' title='bbox 3596 3833 3686 3883; x_wconf 76' lang='grc' dir='ltr'>ἵνα</span> 
     </span>
    </p>
   </div>
   <div class='ocr_carea' id='block_1_118' title="bbox 2121 3906 3688 3981">
    <p class='ocr_par' dir='ltr' id='par_1_118' title="bbox 2121 3906 3688 3981">
     <span class='ocr_line' id='line_1_118' title="bbox 2121 3906 3688 3981; baseline -0.004 -14"><span class='ocrx_word' id='word_1_906' title='bbox 2121 3913 2178 3967; x_wconf 87' lang='grc' dir='ltr'>τι</span> <span class='ocrx_word' id='word_1_907' title='bbox 2204 3929 2306 3981; x_wconf 83' lang='grc' dir='ltr'>μοι</span> <span class='ocrx_word' id='word_1_908' title='bbox 2332 3909 2396 3963; x_wconf 86' lang='grc' dir='ltr'>τὸ</span> <span class='ocrx_word' id='word_1_909' title='bbox 2427 3908 2567 3977; x_wconf 80' lang='grc' dir='ltr'>ζῇν;</span> <span class='ocrx_word' id='word_1_910' title='bbox 2609 3906 2871 3960; x_wconf 86' lang='grc' dir='ltr'>Ἐνταῦθα</span> <span class='ocrx_word' id='word_1_911' title='bbox 2910 3906 3243 3960; x_wconf 88' lang='grc' dir='ltr'>αἰνίττεσθαί</span> <span class='ocrx_word' id='word_1_912' title='bbox 3278 3925 3366 3976; x_wconf 87' lang='grc' dir='ltr'>μοι</span> <span class='ocrx_word' id='word_1_913' title='bbox 3409 3907 3565 3960; x_wconf 82' lang='grc' dir='ltr'>δοκεῖ</span> <span class='ocrx_word' id='word_1_914' title='bbox 3591 3910 3688 3960; x_wconf 75' lang='grc' dir='ltr'>τῶν</span> 
     </span>
    </p>
   </div>
   <div class='ocr_carea' id='block_1_119' title="bbox 2120 3993 3689 4069">
    <p class='ocr_par' dir='ltr' id='par_1_119' title="bbox 2120 3993 3689 4069">
     <span class='ocr_line' id='line_1_119' title="bbox 2120 3993 3689 4069; baseline -0.004 -17"><span class='ocrx_word' id='word_1_915' title='bbox 2120 3997 2395 4069; x_wconf 88' lang='grc' dir='ltr'>γυναικῶν</span> <span class='ocrx_word' id='word_1_916' title='bbox 2437 3995 2531 4050; x_wconf 83' lang='grc' dir='ltr'>τοῦ</span> <span class='ocrx_word' id='word_1_917' title='bbox 2573 3993 2744 4048; x_wconf 79' lang='grc' dir='ltr'>Ἡσαῦ</span> <span class='ocrx_word' id='word_1_918' title='bbox 2776 3994 2835 4047; x_wconf 86' lang='grc' dir='ltr'>τὸ</span> <span class='ocrx_word' id='word_1_919' title='bbox 2878 3993 3207 4065; x_wconf 84' lang='grc' dir='ltr'>δύστροπον,</span> <span class='ocrx_word' id='word_1_920' title='bbox 3248 3996 3342 4049; x_wconf 76' lang='grc' dir='ltr'>καί</span> <span class='ocrx_word' id='word_1_921' title='bbox 3373 3997 3458 4048; x_wconf 77' lang='grc' dir='ltr'>ὅτι</span> <span class='ocrx_word' id='word_1_922' title='bbox 3494 3997 3689 4064; x_wconf 72' lang='grc' dir='ltr'>πολλῆς</span> 
     </span>
    </p>
   </div>
   <div class='ocr_carea' id='block_1_120' title="bbox 2123 4072 3692 4148">
    <p class='ocr_par' dir='ltr' id='par_1_120' title="bbox 2123 4072 3692 4148">
     <span class='ocr_line' id='line_1_120' title="bbox 2123 4072 3692 4148; baseline -0.002 -17"><span class='ocrx_word' id='word_1_923' title='bbox 2123 4078 2315 4148; x_wconf 81' lang='grc' dir='ltr'>ἀηδίας</span> <span class='ocrx_word' id='word_1_924' title='bbox 2344 4076 2528 4138; x_wconf 82' lang='grc' dir='ltr'>αὐτοῖς</span> <span class='ocrx_word' id='word_1_925' title='bbox 2560 4072 2821 4136; x_wconf 81' lang='grc' dir='ltr'>ὑπόθεσις</span> <span class='ocrx_word' id='word_1_926' title='bbox 2850 4073 3121 4141; x_wconf 85' lang='grc' dir='ltr'>γεγόνασι.</span> <span class='ocrx_word' id='word_1_927' title='bbox 3154 4076 3261 4127; x_wconf 75' lang='grc' dir='ltr'>Καὶ</span> <span class='ocrx_word' id='word_1_928' title='bbox 3296 4075 3404 4144; x_wconf 85' lang='grc' dir='ltr'>γάρ</span> <span class='ocrx_word' id='word_1_929' title='bbox 3436 4077 3692 4145; x_wconf 77' lang='grc' dir='ltr'>ἀνωτέρω</span> 
     </span>
    </p>
   </div>
   <div class='ocr_carea' id='block_1_121' title="bbox 2122 4153 3692 4227">
    <p class='ocr_par' dir='ltr' id='par_1_121' title="bbox 2122 4153 3692 4227">
     <span class='ocr_line' id='line_1_121' title="bbox 2122 4153 3692 4227; baseline -0.001 -18"><span class='ocrx_word' id='word_1_930' title='bbox 2122 4157 2419 4227; x_wconf 82' lang='grc' dir='ltr'>διηγήσατο</span> <span class='ocrx_word' id='word_1_931' title='bbox 2445 4155 2577 4225; x_wconf 82' lang='grc' dir='ltr'>ἡμῖν</span> <span class='ocrx_word' id='word_1_932' title='bbox 2608 4154 2642 4221; x_wconf 84' lang='grc' dir='ltr'>ὴ</span> <span class='ocrx_word' id='word_1_933' title='bbox 2689 4153 2812 4206; x_wconf 92' lang='grc' dir='ltr'>θεία</span> <span class='ocrx_word' id='word_1_934' title='bbox 2843 4153 3054 4225; x_wconf 87' lang='grc' dir='ltr'>Γραφὴ,</span> <span class='ocrx_word' id='word_1_935' title='bbox 3090 4156 3171 4207; x_wconf 77' lang='grc' dir='ltr'>ὅτι</span> <span class='ocrx_word' id='word_1_936' title='bbox 3208 4154 3397 4208; x_wconf 78' lang='grc' dir='ltr'>ἔλαϐεν</span> <span class='ocrx_word' id='word_1_937' title='bbox 3438 4157 3553 4209; x_wconf 79' lang='grc' dir='ltr'>ἀπὸ</span> <span class='ocrx_word' id='word_1_938' title='bbox 3592 4158 3692 4209; x_wconf 75' lang='grc' dir='ltr'>τῶν</span> 
     </span>
    </p>
   </div>
   <div class='ocr_carea' id='block_1_122' title="bbox 2122 4240 3690 4310">
    <p class='ocr_par' dir='ltr' id='par_1_122' title="bbox 2122 4240 3690 4310">
     <span class='ocr_line' id='line_1_122' title="bbox 2122 4240 3690 4310; baseline 0.001 -13"><span class='ocrx_word' id='word_1_939' title='bbox 2122 4242 2401 4297; x_wconf 82' lang='grc' dir='ltr'>Χετταίων</span> <span class='ocrx_word' id='word_1_940' title='bbox 2439 4241 2533 4294; x_wconf 75' lang='grc' dir='ltr'>καὶ</span> <span class='ocrx_word' id='word_1_941' title='bbox 2566 4240 2672 4294; x_wconf 77' lang='grc' dir='ltr'>ἀπὸ</span> <span class='ocrx_word' id='word_1_942' title='bbox 2714 4241 2823 4294; x_wconf 88' lang='grc' dir='ltr'>τῶν</span> <span class='ocrx_word' id='word_1_943' title='bbox 2862 4241 3076 4295; x_wconf 82' lang='grc' dir='ltr'>Εὐαίων</span> <span class='ocrx_word' id='word_1_944' title='bbox 3116 4244 3377 4310; x_wconf 85' lang='grc' dir='ltr'>γυναῖκας</span> <span class='ocrx_word' id='word_1_945' title='bbox 3423 4245 3454 4297; x_wconf 91' lang='lat'>6</span> <span class='ocrx_word' id='word_1_946' title='bbox 3499 4244 3690 4308; x_wconf 70' lang='grc' dir='ltr'>Ἠσαῦ,</span> 
     </span>
    </p>
   </div>
   <div class='ocr_carea' id='block_1_123' title="bbox 2124 4318 3692 4392">
    <p class='ocr_par' dir='ltr' id='par_1_123' title="bbox 2124 4318 3692 4392">
     <span class='ocr_line' id='line_1_123' title="bbox 2124 4318 3692 4392; baseline 0.002 -17"><span class='ocrx_word' id='word_1_947' title='bbox 2124 4321 2233 4376; x_wconf 83' lang='lat' dir='ltr'><strong><em>Kal</em></strong></span> <span class='ocrx_word' id='word_1_948' title='bbox 2263 4318 2423 4392; x_wconf 80' lang='grc' dir='ltr'>ἦσαν</span> <span class='ocrx_word' id='word_1_949' title='bbox 2450 4319 2745 4389; x_wconf 75' lang='grc' dir='ltr'>ἐρίζουσαι</span> <span class='ocrx_word' id='word_1_950' title='bbox 2784 4318 2862 4384; x_wconf 81' lang='grc' dir='ltr'>τῷ</span> <span class='ocrx_word' id='word_1_951' title='bbox 2907 4318 3113 4374; x_wconf 83' lang='grc' dir='ltr'>Ἰσαὰκ</span> <span class='ocrx_word' id='word_1_952' title='bbox 3154 4321 3247 4374; x_wconf 79' lang='grc' dir='ltr'>καί</span> <span class='ocrx_word' id='word_1_953' title='bbox 3288 4320 3360 4388; x_wconf 78' lang='grc' dir='ltr'>τῇ</span> <span class='ocrx_word' id='word_1_954' title='bbox 3399 4323 3692 4390; x_wconf 65' lang='grc' dir='ltr'>Ῥεϐέκκα.</span> 
     </span>
    </p>
   </div>
   <div class='ocr_carea' id='block_1_124' title="bbox 2124 4398 3696 4474">
    <p class='ocr_par' dir='ltr' id='par_1_124' title="bbox 2124 4398 3696 4474">
     <span class='ocr_line' id='line_1_124' title="bbox 2124 4398 3696 4474; baseline -0.002 -18"><span class='ocrx_word' id='word_1_955' title='bbox 2124 4400 2294 4457; x_wconf 86' lang='grc' dir='ltr'>Τοῦτο</span> <span class='ocrx_word' id='word_1_956' title='bbox 2338 4398 2430 4453; x_wconf 73' lang='grc' dir='ltr'>οὖν</span> <span class='ocrx_word' id='word_1_957' title='bbox 2458 4400 2590 4454; x_wconf 85' lang='grc' dir='ltr'>αὐτὸ</span> <span class='ocrx_word' id='word_1_958' title='bbox 2622 4400 2929 4470; x_wconf 85' lang='grc' dir='ltr'>ὑπομνῆσαι</span> <span class='ocrx_word' id='word_1_959' title='bbox 2959 4400 3119 4453; x_wconf 84' lang='grc' dir='ltr'>αὐτὸν</span> <span class='ocrx_word' id='word_1_960' title='bbox 3147 4400 3466 4474; x_wconf 82' lang='grc' dir='ltr'>βουλομένη,</span> <span class='ocrx_word' id='word_1_961' title='bbox 3507 4422 3696 4474; x_wconf 67' lang='grc' dir='ltr'>μονον.</span> 
     </span>
    </p>
   </div>
   <div class='ocr_carea' id='block_1_125' title="bbox 2124 4475 3695 4552">
    <p class='ocr_par' dir='ltr' id='par_1_125' title="bbox 2124 4475 3695 4552">
     <span class='ocr_line' id='line_1_125' title="bbox 2124 4475 3695 4552; baseline 0.001 -20"><span class='ocrx_word' id='word_1_962' title='bbox 2124 4483 2243 4550; x_wconf 76' lang='grc' dir='ltr'>ουχὶ</span> <span class='ocrx_word' id='word_1_963' title='bbox 2286 4479 2459 4533; x_wconf 86' lang='grc' dir='ltr'>ταῦτά</span> <span class='ocrx_word' id='word_1_964' title='bbox 2505 4495 2634 4549; x_wconf 90' lang='grc' dir='ltr'>φησι</span> <span class='ocrx_word' id='word_1_965' title='bbox 2684 4478 2819 4548; x_wconf 78' lang='grc' dir='ltr'>πρὸς</span> <span class='ocrx_word' id='word_1_966' title='bbox 2864 4478 3060 4530; x_wconf 86' lang='grc' dir='ltr'>αὐτόν·</span> <span class='ocrx_word' id='word_1_967' title='bbox 3086 4475 3243 4539; x_wconf 80' lang='grc' dir='ltr'>Οἶδας</span> <span class='ocrx_word' id='word_1_968' title='bbox 3268 4480 3421 4543; x_wconf 78' lang='grc' dir='ltr'>ὅπως</span> <span class='ocrx_word' id='word_1_969' title='bbox 3462 4499 3557 4551; x_wconf 81' lang='grc' dir='ltr'>μοι</span> <span class='ocrx_word' id='word_1_970' title='bbox 3604 4486 3695 4552; x_wconf 66' lang='grc' dir='ltr'>τὴν</span> 
     </span>
    </p>
   </div>
   <div class='ocr_carea' id='block_1_126' title="bbox 2126 4557 3695 4632">
    <p class='ocr_par' dir='ltr' id='par_1_126' title="bbox 2126 4557 3695 4632">
     <span class='ocr_line' id='line_1_126' title="bbox 2126 4557 3695 4632; baseline -0.001 -17"><span class='ocrx_word' id='word_1_971' title='bbox 2126 4561 2273 4632; x_wconf 77' lang='grc' dir='ltr'>ζωὴν</span> <span class='ocrx_word' id='word_1_972' title='bbox 2319 4558 2521 4629; x_wconf 89' lang='grc' dir='ltr'>πικράν</span> <span class='ocrx_word' id='word_1_973' title='bbox 2561 4558 2923 4626; x_wconf 85' lang='grc' dir='ltr'>πεποιήκασιν</span> <span class='ocrx_word' id='word_1_974' title='bbox 2971 4557 3028 4608; x_wconf 86' lang='lat' dir='ltr'>al</span> <span class='ocrx_word' id='word_1_975' title='bbox 3075 4558 3311 4626; x_wconf 87' lang='grc' dir='ltr'>γαμεταί</span> <span class='ocrx_word' id='word_1_976' title='bbox 3346 4559 3443 4611; x_wconf 82' lang='grc' dir='ltr'>τοῦ</span> <span class='ocrx_word' id='word_1_977' title='bbox 3489 4562 3695 4622; x_wconf 64' lang='grc' dir='ltr'>Ἠσαῦ,</span> 
     </span>
    </p>
   </div>
   <div class='ocr_carea' id='block_1_127' title="bbox 2125 4635 3697 4709">
    <p class='ocr_par' dir='ltr' id='par_1_127' title="bbox 2125 4635 3697 4709">
     <span class='ocr_line' id='line_1_127' title="bbox 2125 4635 3697 4709; baseline -0.001 -17"><span class='ocrx_word' id='word_1_978' title='bbox 2125 4640 2222 4693; x_wconf 76' lang='grc' dir='ltr'>καὶ</span> <span class='ocrx_word' id='word_1_979' title='bbox 2271 4640 2417 4699; x_wconf 81' lang='grc' dir='ltr'>ὅπως</span> <span class='ocrx_word' id='word_1_980' title='bbox 2455 4637 2545 4690; x_wconf 82' lang='grc' dir='ltr'>διὰ</span> <span class='ocrx_word' id='word_1_981' title='bbox 2586 4635 2685 4705; x_wconf 89' lang='grc' dir='ltr'>τὴν</span> <span class='ocrx_word' id='word_1_982' title='bbox 2737 4635 2939 4688; x_wconf 88' lang='grc' dir='ltr'>τούτων</span> <span class='ocrx_word' id='word_1_983' title='bbox 2975 4635 3270 4705; x_wconf 84' lang='grc' dir='ltr'>μοχθηρίαν</span> <span class='ocrx_word' id='word_1_984' title='bbox 3324 4636 3513 4689; x_wconf 78' lang='grc' dir='ltr'>λοιπον</span> <span class='ocrx_word' id='word_1_985' title='bbox 3569 4641 3697 4709; x_wconf 71' lang='grc' dir='ltr'>πρὸς</span> 
     </span>
    </p>
   </div>
   <div class='ocr_carea' id='block_1_128' title="bbox 2125 4713 3697 4786">
    <p class='ocr_par' dir='ltr' id='par_1_128' title="bbox 2125 4713 3697 4786">
     <span class='ocr_line' id='line_1_128' title="bbox 2125 4713 3697 4786; baseline 0.001 -17"><span class='ocrx_word' id='word_1_986' title='bbox 2125 4718 2307 4779; x_wconf 87' lang='grc' dir='ltr'>πάσας</span> <span class='ocrx_word' id='word_1_987' title='bbox 2344 4715 2595 4786; x_wconf 85' lang='grc' dir='ltr'>ἀπεχθῶς</span> <span class='ocrx_word' id='word_1_988' title='bbox 2636 4714 2745 4785; x_wconf 75' lang='grc' dir='ltr'>ἔχω</span> <span class='ocrx_word' id='word_1_989' title='bbox 2784 4714 2883 4777; x_wconf 81' lang='grc' dir='ltr'>τάς</span> <span class='ocrx_word' id='word_1_990' title='bbox 2912 4713 3216 4785; x_wconf 86' lang='grc' dir='ltr'>θυγατέρας</span> <span class='ocrx_word' id='word_1_991' title='bbox 3245 4713 3355 4765; x_wconf 89' lang='grc' dir='ltr'>τῶν</span> <span class='ocrx_word' id='word_1_992' title='bbox 3389 4716 3529 4768; x_wconf 85' lang='grc' dir='ltr'>υἱῶν</span> <span class='ocrx_word' id='word_1_993' title='bbox 3568 4719 3697 4781; x_wconf 78' lang='grc' dir='ltr'>Χὲτ,</span> 
     </span>
    </p>
   </div>
   <div class='ocr_carea' id='block_1_129' title="bbox 2128 4792 3699 4863">
    <p class='ocr_par' dir='ltr' id='par_1_129' title="bbox 2128 4792 3699 4863">
     <span class='ocr_line' id='line_1_129' title="bbox 2128 4792 3699 4863; baseline -0.001 -13"><span class='ocrx_word' id='word_1_994' title='bbox 2128 4797 2223 4851; x_wconf 73' lang='grc' dir='ltr'>καὶ</span> <span class='ocrx_word' id='word_1_995' title='bbox 2251 4796 2396 4849; x_wconf 79' lang='grc' dir='ltr'>ἀπαν</span> <span class='ocrx_word' id='word_1_996' title='bbox 2438 4795 2499 4847; x_wconf 85' lang='grc' dir='ltr'>τὸ</span> <span class='ocrx_word' id='word_1_997' title='bbox 2546 4794 2695 4857; x_wconf 82' lang='grc' dir='ltr'>έθνος</span> <span class='ocrx_word' id='word_1_998' title='bbox 2723 4793 2789 4845; x_wconf 84' lang='grc' dir='ltr'>δι’</span> <span class='ocrx_word' id='word_1_999' title='bbox 2828 4792 3039 4856; x_wconf 84' lang='grc' dir='ltr'>ἐκείνας</span> <span class='ocrx_word' id='word_1_1000' title='bbox 3069 4793 3366 4863; x_wconf 88' lang='grc' dir='ltr'>μεμίσηκα.</span> <span class='ocrx_word' id='word_1_1001' title='bbox 3415 4794 3480 4848; x_wconf 86' lang='grc' dir='ltr'>Εἰ</span> <span class='ocrx_word' id='word_1_1002' title='bbox 3521 4800 3699 4850; x_wconf 82' lang='grc' dir='ltr'>τοίνυν</span> 
     </span>
    </p>
   </div>
   <div class='ocr_carea' id='block_1_130' title="bbox 2131 4871 3699 4943">
    <p class='ocr_par' dir='ltr' id='par_1_130' title="bbox 2131 4871 3699 4943">
     <span class='ocr_line' id='line_1_130' title="bbox 2131 4871 3699 4943; baseline -0.001 -16"><span class='ocrx_word' id='word_1_1003' title='bbox 2131 4875 2370 4943; x_wconf 85' lang='grc' dir='ltr'>συμϐαίη</span> <span class='ocrx_word' id='word_1_1004' title='bbox 2402 4873 2497 4926; x_wconf 72' lang='grc' dir='ltr'>καὶ</span> <span class='ocrx_word' id='word_1_1005' title='bbox 2532 4872 2621 4926; x_wconf 81' lang='grc' dir='ltr'>τὸν</span> <span class='ocrx_word' id='word_1_1006' title='bbox 2670 4871 2860 4926; x_wconf 84' lang='grc' dir='ltr'>Ἰακὼϐ</span> <span class='ocrx_word' id='word_1_1007' title='bbox 2900 4873 2966 4926; x_wconf 87' lang='grc' dir='ltr'>ἐκ</span> <span class='ocrx_word' id='word_1_1008' title='bbox 3008 4872 3212 4925; x_wconf 87' lang='grc' dir='ltr'>τούτων</span> <span class='ocrx_word' id='word_1_1009' title='bbox 3250 4872 3568 4939; x_wconf 83' lang='grc' dir='ltr'>ἀγαγέσθαι</span> <span class='ocrx_word' id='word_1_1010' title='bbox 3605 4895 3699 4941; x_wconf 83' lang='grc' dir='ltr'>γυ-</span> 
     </span>
    </p>
   </div>
   <div class='ocr_carea' id='block_1_131' title="bbox 2129 4950 3702 5023">
    <p class='ocr_par' dir='ltr' id='par_1_131' title="bbox 2129 4950 3702 5023">
     <span class='ocr_line' id='line_1_131' title="bbox 2129 4950 3702 5023; baseline 0 -15"><span class='ocrx_word' id='word_1_1011' title='bbox 2129 4957 2310 5015; x_wconf 86' lang='grc' dir='ltr'>ναῖκα,</span> <span class='ocrx_word' id='word_1_1012' title='bbox 2341 4952 2468 5006; x_wconf 82' lang='grc' dir='ltr'>ποία</span> <span class='ocrx_word' id='word_1_1013' title='bbox 2508 4969 2598 5023; x_wconf 87' lang='grc' dir='ltr'>μοι</span> <span class='ocrx_word' id='word_1_1014' title='bbox 2635 4951 2819 5004; x_wconf 84' lang='grc' dir='ltr'>λοιπὸν</span> <span class='ocrx_word' id='word_1_1015' title='bbox 2848 4950 2999 5003; x_wconf 76' lang='grc' dir='ltr'>ἔσται</span> <span class='ocrx_word' id='word_1_1016' title='bbox 3039 4951 3309 5021; x_wconf 88' lang='grc' dir='ltr'>σωτηρίας</span> <span class='ocrx_word' id='word_1_1017' title='bbox 3341 4952 3541 5017; x_wconf 83' lang='grc' dir='ltr'>ὲλπίς;</span> <span class='ocrx_word' id='word_1_1018' title='bbox 3575 4956 3702 5008; x_wconf 74' lang='grc' dir='ltr'>Ἵνα</span> 
     </span>
    </p>
   </div>
   <div class='ocr_carea' id='block_1_132' title="bbox 2130 5025 3701 5101">
    <p class='ocr_par' dir='ltr' id='par_1_132' title="bbox 2130 5025 3701 5101">
     <span class='ocr_line' id='line_1_132' title="bbox 2130 5025 3701 5101; baseline -0.002 -15"><span class='ocrx_word' id='word_1_1019' title='bbox 2130 5034 2186 5086; x_wconf 82' lang='grc' dir='ltr'>τί</span> <span class='ocrx_word' id='word_1_1020' title='bbox 2201 5032 2307 5101; x_wconf 91' lang='grc' dir='ltr'>γάρ</span> <span class='ocrx_word' id='word_1_1021' title='bbox 2319 5025 2420 5100; x_wconf 81' lang='grc' dir='ltr'>μοι</span> <span class='ocrx_word' id='word_1_1022' title='bbox 2450 5030 2515 5083; x_wconf 87' lang='grc' dir='ltr'>τὸ</span> <span class='ocrx_word' id='word_1_1023' title='bbox 2536 5029 2675 5096; x_wconf 73' lang='grc' dir='ltr'>ζῇνς</span> <span class='ocrx_word' id='word_1_1024' title='bbox 2709 5027 2859 5099; x_wconf 69' lang='grc'>[5261</span> <span class='ocrx_word' id='word_1_1025' title='bbox 2884 5029 2944 5080; x_wconf 83' lang='grc' dir='ltr'>Εἰ</span> <span class='ocrx_word' id='word_1_1026' title='bbox 2962 5026 3069 5099; x_wconf 87' lang='grc' dir='ltr'>γάρ</span> <span class='ocrx_word' id='word_1_1027' title='bbox 3107 5028 3317 5093; x_wconf 76' lang='grc' dir='ltr'>ἐκείνας</span> <span class='ocrx_word' id='word_1_1028' title='bbox 3332 5030 3587 5096; x_wconf 79' lang='grc' dir='ltr'>ἐνεγκεῖν</span> <span class='ocrx_word' id='word_1_1029' title='bbox 3610 5034 3701 5083; x_wconf 71' lang='grc' dir='ltr'>οὐκ</span> 
     </span>
    </p>
   </div>
   <div class='ocr_carea' id='block_1_133' title="bbox 2134 5101 3701 5181">
    <p class='ocr_par' dir='ltr' id='par_1_133' title="bbox 2134 5101 3701 5181">
     <span class='ocr_line' id='line_1_133' title="bbox 2134 5101 3701 5181; baseline -0.001 -17"><span class='ocrx_word' id='word_1_1030' title='bbox 2134 5111 2411 5181; x_wconf 87' lang='grc' dir='ltr'>ίσχύομεν,</span> <span class='ocrx_word' id='word_1_1031' title='bbox 2456 5110 2504 5161; x_wconf 87' lang='grc' dir='ltr'>εἰ</span> <span class='ocrx_word' id='word_1_1032' title='bbox 2533 5108 2627 5161; x_wconf 77' lang='grc' dir='ltr'>καί.</span> <span class='ocrx_word' id='word_1_1033' title='bbox 2658 5101 2811 5171; x_wconf 72' lang='grc' dir='ltr'>οὗτος</span> <span class='ocrx_word' id='word_1_1034' title='bbox 2849 5107 3041 5175; x_wconf 86' lang='grc' dir='ltr'>φθάσει</span> <span class='ocrx_word' id='word_1_1035' title='bbox 3081 5107 3188 5159; x_wconf 80' lang='grc' dir='ltr'>ἀπὸ</span> <span class='ocrx_word' id='word_1_1036' title='bbox 3229 5106 3339 5159; x_wconf 87' lang='grc' dir='ltr'>τῶν</span> <span class='ocrx_word' id='word_1_1037' title='bbox 3379 5109 3701 5180; x_wconf 75' lang='grc' dir='ltr'>θυγατέρων</span> 
     </span>
    </p>
   </div>
   <div class='ocr_carea' id='block_1_134' title="bbox 2130 5187 3702 5262">
    <p class='ocr_par' dir='ltr' id='par_1_134' title="bbox 2130 5187 3702 5262">
     <span class='ocr_line' id='line_1_134' title="bbox 2130 5187 3702 5262; baseline -0.002 -17"><span class='ocrx_word' id='word_1_1038' title='bbox 2130 5194 2229 5260; x_wconf 86' lang='grc' dir='ltr'>τῆς</span> <span class='ocrx_word' id='word_1_1039' title='bbox 2258 5193 2361 5262; x_wconf 82' lang='grc' dir='ltr'>γῆς</span> <span class='ocrx_word' id='word_1_1040' title='bbox 2399 5188 2599 5259; x_wconf 84' lang='grc' dir='ltr'>ταύτης</span> <span class='ocrx_word' id='word_1_1041' title='bbox 2630 5188 2813 5243; x_wconf 88' lang='grc' dir='ltr'>λαϐεῖν</span> <span class='ocrx_word' id='word_1_1042' title='bbox 2854 5190 3105 5256; x_wconf 86' lang='grc' dir='ltr'>γυναῖκα,</span> <span class='ocrx_word' id='word_1_1043' title='bbox 3138 5189 3207 5240; x_wconf 80' lang='grc' dir='ltr'>τὰ</span> <span class='ocrx_word' id='word_1_1044' title='bbox 3249 5188 3349 5256; x_wconf 81' lang='grc' dir='ltr'>τῆς</span> <span class='ocrx_word' id='word_1_1045' title='bbox 3379 5187 3532 5257; x_wconf 82' lang='grc' dir='ltr'>ζωῆς</span> <span class='ocrx_word' id='word_1_1046' title='bbox 3580 5193 3702 5259; x_wconf 73' lang='grc' dir='ltr'>ἡμῖν</span> 
     </span>
    </p>
   </div>
   <div class='ocr_carea' id='block_1_135' title="bbox 2132 5265 3703 5339">
    <p class='ocr_par' dir='ltr' id='par_1_135' title="bbox 2132 5265 3703 5339">
     <span class='ocr_line' id='line_1_135' title="bbox 2132 5265 3703 5339; baseline -0.001 -17"><span class='ocrx_word' id='word_1_1047' title='bbox 2132 5271 2357 5339; x_wconf 81' lang='grc' dir='ltr'>οἴχεται.</span> <span class='ocrx_word' id='word_1_1048' title='bbox 2398 5267 2661 5328; x_wconf 84' lang='grc' dir='ltr'>Ἀκούσας</span> <span class='ocrx_word' id='word_1_1049' title='bbox 2698 5268 2756 5319; x_wconf 81' lang='grc' dir='ltr'>δὲ</span> <span class='ocrx_word' id='word_1_1050' title='bbox 2802 5266 2971 5321; x_wconf 82' lang='grc' dir='ltr'>ταῦτα</span> <span class='ocrx_word' id='word_1_1051' title='bbox 3003 5268 3032 5319; x_wconf 90' lang='lat'>6</span> <span class='ocrx_word' id='word_1_1052' title='bbox 3080 5265 3282 5330; x_wconf 86' lang='grc' dir='ltr'>Ἰσαὰκ,</span> <span class='ocrx_word' id='word_1_1053' title='bbox 3314 5267 3413 5319; x_wconf 78' lang='grc' dir='ltr'>καὶ</span> <span class='ocrx_word' id='word_1_1054' title='bbox 3452 5269 3537 5330; x_wconf 81' lang='grc' dir='ltr'>εἰς</span> <span class='ocrx_word' id='word_1_1055' title='bbox 3580 5271 3703 5320; x_wconf 67' lang='lat'><em>61:6-</em></span> 
     </span>
    </p>
   </div>
   <div class='ocr_carea' id='block_1_136' title="bbox 2138 5345 3704 5420">
    <p class='ocr_par' dir='ltr' id='par_1_136' title="bbox 2138 5345 3704 5420">
     <span class='ocr_line' id='line_1_136' title="bbox 2138 5345 3704 5420; baseline 0 -19"><span class='ocrx_word' id='word_1_1056' title='bbox 2138 5366 2332 5420; x_wconf 85' lang='grc' dir='ltr'>μνησιν</span> <span class='ocrx_word' id='word_1_1057' title='bbox 2380 5346 2547 5399; x_wconf 78' lang='grc' dir='ltr'>ἐλθὼν</span> <span class='ocrx_word' id='word_1_1058' title='bbox 2595 5347 2693 5415; x_wconf 79' lang='grc' dir='ltr'>τῆς</span> <span class='ocrx_word' id='word_1_1059' title='bbox 2733 5345 2952 5398; x_wconf 84' lang='grc' dir='ltr'>ἐκείνων</span> <span class='ocrx_word' id='word_1_1060' title='bbox 2996 5345 3226 5407; x_wconf 84' lang='grc' dir='ltr'>κακίας,</span> <span class='ocrx_word' id='word_1_1061' title='bbox 3272 5348 3704 5413; x_wconf 55' lang='lat'>119003114506-</span> 
     </span>
    </p>
   </div>
   <div class='ocr_carea' id='block_1_137' title="bbox 2128 5424 3705 5499">
    <p class='ocr_par' dir='ltr' id='par_1_137' title="bbox 2128 5424 3705 5499">
     <span class='ocr_line' id='line_1_137' title="bbox 2128 5424 3705 5499; baseline -0.003 -17"><span class='ocrx_word' id='word_1_1062' title='bbox 2128 5445 2314 5499; x_wconf 81' lang='grc' dir='ltr'>μενος</span> <span class='ocrx_word' id='word_1_1063' title='bbox 2358 5426 2463 5480; x_wconf 83' lang='grc' dir='ltr'>τὸν</span> <span class='ocrx_word' id='word_1_1064' title='bbox 2502 5424 2726 5488; x_wconf 80' lang='grc' dir='ltr'>Ἰακὼϐ,</span> <span class='ocrx_word' id='word_1_1065' title='bbox 2754 5426 3069 5494; x_wconf 70' lang='grc' dir='ltr'>εὐλόγησε,</span> <span class='ocrx_word' id='word_1_1066' title='bbox 3111 5425 3296 5493; x_wconf 79' lang='grc' dir='ltr'>φησὶν,</span> <span class='ocrx_word' id='word_1_1067' title='bbox 3351 5428 3571 5489; x_wconf 73' lang='grc' dir='ltr'>αὐτὸν,</span> <span class='ocrx_word' id='word_1_1068' title='bbox 3619 5428 3705 5478; x_wconf 69' lang='grc' dir='ltr'>καί</span> 
     </span>
    </p>
   </div>
   <div class='ocr_carea' id='block_1_138' title="bbox 2132 5502 3705 5571">
    <p class='ocr_par' dir='ltr' id='par_1_138' title="bbox 2132 5502 3705 5571">
     <span class='ocr_line' id='line_1_138' title="bbox 2132 5502 3705 5571; baseline -0.004 -12"><span class='ocrx_word' id='word_1_1069' title='bbox 2132 5506 2467 5559; x_wconf 74' lang='grc' dir='ltr'>ἐνετείλατο</span> <span class='ocrx_word' id='word_1_1070' title='bbox 2513 5502 2673 5567; x_wconf 85' lang='grc' dir='ltr'>αὐτῷ</span> <span class='ocrx_word' id='word_1_1071' title='bbox 2701 5502 2923 5570; x_wconf 72' lang='grc' dir='ltr'>λέγων·</span> <span class='ocrx_word' id='word_1_1072' title='bbox 2971 5504 3053 5555; x_wconf 86' lang='grc' dir='ltr'>Οὐ</span> <span class='ocrx_word' id='word_1_1073' title='bbox 3079 5503 3249 5571; x_wconf 69' lang='grc' dir='ltr'>λήψῃ</span> <span class='ocrx_word' id='word_1_1074' title='bbox 3292 5504 3557 5571; x_wconf 74' lang='grc' dir='ltr'>γυναῖκα</span> 
     </span>
    </p>
   </div>
   <div class='ocr_carea' id='block_1_139' title="bbox 2121 5581 3707 5653">
    <p class='ocr_par' dir='ltr' id='par_1_139' title="bbox 2121 5581 3707 5653">
     <span class='ocr_line' id='line_1_139' title="bbox 2121 5581 3707 5653; baseline -0.004 -14"><span class='ocrx_word' id='word_1_1075' title='bbox 2121 5585 2251 5653; x_wconf 63' lang='grc' dir='ltr'>,τῶν</span> <span class='ocrx_word' id='word_1_1076' title='bbox 2288 5582 2625 5652; x_wconf 72' lang='grc' dir='ltr'>θυγατέρων</span> <span class='ocrx_word' id='word_1_1077' title='bbox 2674 5581 2792 5634; x_wconf 83' lang='grc' dir='ltr'>τῶν</span> <span class='ocrx_word' id='word_1_1078' title='bbox 2834 5583 3213 5635; x_wconf 80' lang='grc' dir='ltr'>Χαναναίων·</span> <span class='ocrx_word' id='word_1_1079' title='bbox 3258 5583 3399 5635; x_wconf 64' lang='grc' dir='ltr'>ἀλλ’</span> <span class='ocrx_word' id='word_1_1080' title='bbox 3438 5585 3707 5642; x_wconf 70' lang='grc' dir='ltr'>ἀναστὰς</span> 
     </span>
    </p>
   </div>
   <div class='ocr_carea' id='block_1_140' title="bbox 2126 5659 3706 5731">
    <p class='ocr_par' dir='ltr' id='par_1_140' title="bbox 2126 5659 3706 5731">
     <span class='ocr_line' id='line_1_140' title="bbox 2126 5659 3706 5731; baseline -0.004 -14"><span class='ocrx_word' id='word_1_1081' title='bbox 2126 5664 2392 5731; x_wconf 64' lang='grc' dir='ltr'>,πορεύου</span> <span class='ocrx_word' id='word_1_1082' title='bbox 2412 5663 2499 5724; x_wconf 78' lang='grc' dir='ltr'>εἰς</span> <span class='ocrx_word' id='word_1_1083' title='bbox 2537 5659 2649 5725; x_wconf 79' lang='grc' dir='ltr'>τὴν</span> <span class='ocrx_word' id='word_1_1084' title='bbox 2671 5661 3150 5725; x_wconf 65' lang='grc' dir='ltr'>Μεσοποταμίαν,</span> <span class='ocrx_word' id='word_1_1085' title='bbox 3168 5662 3253 5724; x_wconf 85' lang='grc' dir='ltr'>εἰς</span> <span class='ocrx_word' id='word_1_1086' title='bbox 3278 5660 3384 5712; x_wconf 81' lang='grc' dir='ltr'>τὸν</span> <span class='ocrx_word' id='word_1_1087' title='bbox 3408 5662 3589 5714; x_wconf 73' lang='grc' dir='ltr'>οἰκον</span> <span class='ocrx_word' id='word_1_1088' title='bbox 3612 5660 3706 5713; x_wconf 71' lang='grc' dir='ltr'>τςῐν</span> 
     </span>
    </p>
   </div>
   <div class='ocr_carea' id='block_1_141' title="bbox 2134 5736 3706 5808">
    <p class='ocr_par' dir='ltr' id='par_1_141' title="bbox 2134 5736 3706 5808">
     <span class='ocr_line' id='line_1_141' title="bbox 2134 5736 3706 5808; baseline -0.003 -13"><span class='ocrx_word' id='word_1_1089' title='bbox 2134 5741 2356 5808; x_wconf 77' lang='grc' dir='ltr'>πατρὸς</span> <span class='ocrx_word' id='word_1_1090' title='bbox 2384 5738 2492 5806; x_wconf 73' lang='grc' dir='ltr'>τῆς</span> <span class='ocrx_word' id='word_1_1091' title='bbox 2521 5739 2745 5807; x_wconf 83' lang='grc' dir='ltr'>μητρός</span> <span class='ocrx_word' id='word_1_1092' title='bbox 2767 5754 2905 5799; x_wconf 89' lang='grc' dir='ltr'>σου,</span> <span class='ocrx_word' id='word_1_1093' title='bbox 2932 5738 3029 5795; x_wconf 75' lang='grc' dir='ltr'>καὶ</span> <span class='ocrx_word' id='word_1_1094' title='bbox 3056 5736 3199 5791; x_wconf 71' lang='grc' dir='ltr'>,Ιὰὅε</span> <span class='ocrx_word' id='word_1_1095' title='bbox 3223 5739 3465 5803; x_wconf 83' lang='grc' dir='ltr'>σεαυτῷ</span> <span class='ocrx_word' id='word_1_1096' title='bbox 3486 5741 3706 5793; x_wconf 64' lang='grc' dir='ltr'>ἐκεῖθεν</span> 
     </span>
    </p>
   </div>
   <div class='ocr_carea' id='block_1_142' title="bbox 2138 5817 3701 5887">
    <p class='ocr_par' dir='ltr' id='par_1_142' title="bbox 2138 5817 3701 5887">
     <span class='ocr_line' id='line_1_142' title="bbox 2138 5817 3701 5887; baseline -0.001 -17"><span class='ocrx_word' id='word_1_1097' title='bbox 2138 5818 2393 5886; x_wconf 76' lang='grc' dir='ltr'>γυναῖκα</span> <span class='ocrx_word' id='word_1_1098' title='bbox 2422 5817 2488 5870; x_wconf 79' lang='grc' dir='ltr'>ἐκ</span> <span class='ocrx_word' id='word_1_1099' title='bbox 2520 5817 2635 5871; x_wconf 80' lang='grc' dir='ltr'>τῶν</span> <span class='ocrx_word' id='word_1_1100' title='bbox 2660 5820 2993 5887; x_wconf 79' lang='grc' dir='ltr'>θυγατέρων</span> <span class='ocrx_word' id='word_1_1101' title='bbox 3032 5819 3138 5872; x_wconf 85' lang='grc' dir='ltr'>τοῦ</span> <span class='ocrx_word' id='word_1_1102' title='bbox 3159 5818 3430 5887; x_wconf 57' lang='grc' dir='ltr'>ἀδελφοῦ</span> <span class='ocrx_word' id='word_1_1103' title='bbox 3470 5821 3582 5884; x_wconf 74' lang='grc' dir='ltr'>τῆς</span> <span class='ocrx_word' id='word_1_1104' title='bbox 3604 5838 3701 5883; x_wconf 70' lang='grc' dir='ltr'>μη-</span> 
     </span>
    </p>
   </div>
   <div class='ocr_carea' id='block_1_143' title="bbox 2136 5895 3697 5969">
    <p class='ocr_par' dir='ltr' id='par_1_143' title="bbox 2136 5895 3697 5969">
     <span class='ocr_line' id='line_1_143' title="bbox 2136 5895 3697 5969; baseline 0.001 -22"><span class='ocrx_word' id='word_1_1105' title='bbox 2136 5896 2270 5964; x_wconf 78' lang='grc' dir='ltr'>τρός</span> <span class='ocrx_word' id='word_1_1106' title='bbox 2307 5910 2443 5949; x_wconf 83' lang='grc' dir='ltr'>σου.</span> <span class='ocrx_word' id='word_1_1107' title='bbox 2471 5897 2579 5950; x_wconf 66' lang='grc' dir='ltr'>Καὶ</span> <span class='ocrx_word' id='word_1_1108' title='bbox 2605 5897 2702 5951; x_wconf 72' lang='grc' dir='ltr'>οὐκ</span> <span class='ocrx_word' id='word_1_1109' title='bbox 2732 5897 2860 5967; x_wconf 73' lang='grc' dir='ltr'>ἔστη</span> <span class='ocrx_word' id='word_1_1110' title='bbox 2898 5897 3055 5969; x_wconf 78' lang='grc' dir='ltr'>μέχρι</span> <span class='ocrx_word' id='word_1_1111' title='bbox 3104 5896 3315 5967; x_wconf 78' lang='grc' dir='ltr'>τούτου,</span> <span class='ocrx_word' id='word_1_1112' title='bbox 3345 5897 3485 5954; x_wconf 75' lang='grc' dir='ltr'>ἀλλὰ</span> <span class='ocrx_word' id='word_1_1113' title='bbox 3521 5895 3697 5965; x_wconf 65' lang='grc' dir='ltr'>βουλό-</span> 
     </span>
    </p>
   </div>
  </div>
