3730 6254
140 297 240 354 673

138 408 347 463 hibituri
377 409 526 466 silis:
550 411 663 468 seio
679 413 821 468 enim
843 430 938 472 vos
962 432 992 472 a
1015 419 1127 474 Deo
1146 419 1334 476 doctos
1357 437 1498 491 esse,
1521 439 1711 494 posse-

135 515 233 570 qne
274 501 434 555 etiam
478 503 612 559 alios
649 504 964 565 admonere.
992 509 1220 580 Pr0pter
1252 512 1354 568 hoc
1389 513 1477 569 hic
1515 516 1710 572 sistens

136 607 305 646 meum
354 595 658 662 consilium,
703 612 921 670 pergam
961 600 1029 656 ad
1066 604 1278 659 solitam
1314 605 1609 662 doctrinam
1641 626 1704 664 ex

134 683 308 738 verbis
336 683 479 740 beati
516 687 700 752 Mosis,
747 689 857 745 imo
881 692 1111 761 Spiritus
1148 696 1316 750 sancti
1352 712 1448 766 per
1472 692 1593 761 eum
1624 698 1707 755 lo-

142 774 382 843 quentis:
427 786 483 831 et
527 778 616 832 ubi
647 794 814 850 pauca
845 782 1088 851 qumdam
1116 799 1464 855 proposuero,
1495 788 1708 844 hodier—

133 882 254 922 num
284 866 435 923 vobis
463 869 608 924 illinc
642 872 945 927 convivium
966 888 1254 943 apponam.
1278 877 1510 934 Audistis
1537 896 1708 951 nuper

132 959 396 1030 quomodo
420 960 588 1016 Jacob
630 964 809 1018 omnia
852 963 1052 1021 faciens
1091 969 1385 1023 secundum
1416 973 1703 1028 consilium

131 1053 406 1119 Rebeccae,
435 1055 602 1123 patris
630 1054 1054 1114 benedictionem
1084 1061 1390 1129 arripuerit,
1418 1062 1708 1120 laudatum-

128 1159 228 1215 que
264 1144 465 1201 furtum
498 1147 848 1212 commiserit,
877 1148 1000 1206 ideo
1024 1159 1079 1206 et
1106 1163 1507 1221 cooperatorem
1536 1157 1702 1212 Deum

128 1237 327 1304 habuit,
350 1246 405 1294 et
424 1249 648 1295 conatus
667 1241 784 1310 ejus
806 1243 942 1298 bene
968 1248 1266 1301 successit:
1291 1246 1385 1301 sed
1413 1249 1545 1318 quia
1564 1251 1703 1306 Esai't

130 1327 192 1382 ob
219 1327 270 1381 id
296 1328 397 1397 ipsi
427 1328 579 1385 valde
608 1329 906 1399 invidebat,
935 1342 988 1388 et
1018 1349 1077 1390 se
1102 1334 1170 1390 ad
1199 1337 1400 1392 caedem
1426 1355 1701 1411 prmpara-

129 1419 247 1474 bat:
287 1420 358 1474 ita
397 1422 539 1475 enim
579 1438 641 1477 se
666 1423 825 1479 habet
850 1426 992 1481 mala
1022 1426 1140 1483 haec
1166 1428 1411 1496 aﬂ'ectio;
1440 1447 1549 1488 non
1574 1443 1701 1491 ante

123 1509 349 1577 desistit,
378 1511 551 1568 donec
579 1529 609 1568 a
635 1529 697 1570 se
733 1526 945 1586 captum
977 1518 1030 1573 in
1072 1534 1313 1591 praeceps
1352 1522 1591 1593 dejiciat,
1626 1527 1699 1582 ita

124 1613 177 1657 ut
200 1604 266 1659 ad
297 1605 569 1662 homicidii
604 1619 787 1667 currat
810 1612 1005 1669 scelus.
1041 1613 1215 1668 Radix
1250 1615 1394 1670 enim
1426 1618 1695 1674 homicidii

125 1696 311 1751 invidia
356 1697 452 1771 [et
492 1700 695 1756 fructus
742 1703 954 1760 invidize
988 1706 1401 1781 homicidium].
1450 1710 1523 1766 Ita
1559 1720 1615 1767 et
1665 1729 1699 1768 a

121 1789 379 1859 principio
405 1792 500 1846 fuit
524 1792 665 1849 inter
692 1795 823 1851 Cain
858 1805 912 1852 et
938 1798 1090 1854 Abel.
1124 1800 1221 1855 llle
1253 1801 1396 1856 enim
1431 1804 1565 1858 nihil
1606 1803 1698 1859 ha-

126 1878 255 1934 bens
282 1882 366 1937 vel
401 1897 622 1952 parvum
647 1886 733 1941 vel
762 1903 1034 1958 magnum,
1066 1890 1135 1947 de
1155 1908 1264 1961 quo
1285 1904 1560 1950 accusaret
1582 1894 1696 1951 fra-

120 1977 271 2035 trem,
298 1972 385 2026 ubi
413 1972 538 2028 vidit
568 1974 713 2029 illum
743 1977 968 2033 Domino
997 1980 1209 2049 probari
1226 1993 1447 2054 propter
1469 1984 1695 2042 oblatio-

118 2076 236 2115 nem
270 2078 574 2130 munerum,
605 2080 664 2121 se
692 2081 824 2123 vero
847 2068 919 2123 ob
941 2071 1314 2140 negligentiam
1337 2089 1488 2128 suam
1516 2076 1690 2144 rejici,

116 2152 180 2206 ad
209 2153 458 2209 invidiam
486 2157 665 2211 statim
695 2171 1012 2228 provocatus
1039 2171 1159 2218 est:
1188 2173 1242 2219 et
1269 2174 1390 2219 nata
1423 2166 1693 2241 homicidii

117 2244 293 2300 radice
320 2246 371 2300 in
400 2258 579 2304 mente
604 2249 754 2318 ejus,
787 2252 964 2307 statim
1005 2255 1359 2323 perniciosum
1398 2257 1543 2313 illum
1584 2258 1694 2314 frn-

116 2337 482 2420 etum‘attulit,
507 2347 564 2393 et
587 2338 933 2397 homicidium
956 2345 1246 2400 commisit.
1266 2344 1342 2400 Ita
1372 2362 1504 2403 sane
1528 2350 1689 2404 etiam

116 2425 274 2492 Esau,
300 2443 421 2483 cum
446 2429 651 2485 videret
685 2433 960 2502 accepisse
1002 2433 1220 2490 fratrem
1264 2435 1688 2494 benedictionem

113 2531 140 2569 a
180 2526 349 2586 patre,
378 2520 446 2574 ab
486 2520 563 2575 ira
602 2529 658 2576 et
694 2522 891 2579 invidia
927 2523 995 2579 ad
1030 2524 1374 2583 homicidium
1422 2528 1686 2597 inductus,

112 2615 466 2671 meditabatur
483 2628 707 2673 mortem
734 2618 931 2675 fratris.

181 2707 449 2770 Quomodo
476 2707 701 2764 Rebecca
719 2711 871 2765 saluti
884 2712 1109 2784 junioris
1128 2713 1226 2782 ﬁlii
1251 2714 1331 2769 sui
1347 2715 1689 2781 consuluerit;

110 2798 376 2852 consilium
409 2800 473 2854 ab
510 2802 627 2871 ipsa
655 2803 833 2856 datum
871 2804 940 2856 ad
974 2805 1239 2859 consilium
1264 2807 1329 2860 ab
1351 2806 1463 2875 ipso
1490 2806 1689 2862 Christo

111 2888 285 2941 datum
310 2893 543 2960 refertur.
570 2922 642 2933 —
672 2892 869 2948 Verum
899 2894 1226 2951 admirabilis
1261 2895 1347 2950 illa
1394 2906 1564 2953 mater
1588 2897 1689 2954 hoc

108 2980 365 3049 sentiens,
407 2982 599 3038 iterum
639 2991 939 3039 maternum
979 3000 1216 3041 amorem
1248 3001 1373 3058 erga
1405 2987 1569 3042 tilium
1593 2987 1688 3043 de-

108 3070 359 3125 claravit:
387 3080 442 3127 et
465 3073 748 3128 consilium
775 3075 952 3129 attulit
975 3090 1081 3145 quo
1108 3084 1290 3146 posset
1317 3076 1495 3132 fratris
1513 3076 1686 3132 mani-

107 3160 203 3215 bus
250 3161 406 3234 eripi.
445 3163 536 3218 42.
570 3163 761 3219 Vocato
796 3167 948 3233 enim,
988 3167 1177 3238 inquit,
1210 3168 1318 3237 filio
1343 3185 1436 3223 suo
1453 3170 1683 3240 juniore,

105 3253 230 3306 dixit
254 3254 302 3309 ei
332 3270 352 3308 ι
377 3254 510 3310 Ecce
548 3255 689 3311 Esaii
725 3262 883 3327 frater
920 3268 1034 3312 tuus
1064 3260 1289 3314 minatur
1328 3259 1414 3313 tibi
1450 3271 1683 3317 mortem.

103 3344 191 3397 45.
221 3343 375 3400 Nunc
402 3347 556 3415 igitur
591 3349 711 3402 audi
739 3364 906 3404 vocem
928 3366 1111 3405 meam.
1135 3351 1474 3421 Experientia
1501 3362 1555 3409 te
1581 3353 1679 3409 do-

102 3446 218 3490 ceat
256 3454 344 3491 me
386 3438 481 3494 tibi
529 3438 676 3494 utilia
715 3442 1031 3507 consulere;
1075 3452 1132 3497 et
1169 3443 1312 3498 sient
1353 3444 1463 3511 jam
1504 3445 1683 3500 audita

102 3545 233 3586 voce
267 3547 408 3599 mea,
453 3548 670 3603 magnas
707 3534 825 3589 illas
851 3548 882 3587 a
910 3543 1059 3603 patre
1102 3535 1500 3603 benedictiones
1537 3551 1682 3592 asse-

100 3633 300 3689 quutns
335 3639 431 3679 es:
460 3624 531 3679 ita
558 3633 613 3679 et
648 3640 790 3680 nunc
831 3626 952 3680 audi
995 3640 1179 3681 vocem
1219 3642 1413 3691 meam,
1449 3636 1509 3683 ut
1550 3628 1684 3683 effu-

98 3731 222 3785 gere
252 3717 428 3786 possis
461 3716 639 3789 fratris
672 3732 881 3773 manus.
912 3718 1002 3773 Sic
1028 3719 1171 3773 enim
1199 3728 1253 3774 et
1284 3719 1619 3789 temetipsum
1648 3735 1678 3774 a

100 3807 349 3874 periculis
392 3808 613 3863 liberum
655 3808 869 3874 reddes,
909 3817 966 3863 et
1008 3823 1094 3863 tne
1122 3824 1152 3863 a
1184 3808 1345 3863 luctu.
1381 3809 1681 3866 Verisimile

98 3899 237 3953 enim
264 3909 351 3955 est
387 3900 554 3968 illum,
582 3900 625 3954 si
656 3900 758 3956 hoc
792 3916 954 3956 ausus
979 3900 1157 3967 fuerit,
1187 3916 1396 3971 ptenam
1427 3902 1678 3958 daturum

96 4004 236 4058 esse,
269 4002 429 4063 atque
457 3993 528 4047 ita
559 3994 790 4064 undique
811 3993 937 4047 mihi
959 3994 1136 4064 gravis
1155 3993 1308 4048 dolor
1335 4003 1391 4049 et
1415 3994 1677 4050 cruciatus

95 4084 216 4139 crit.
262 4085 398 4139 Audi
420 4086 574 4157 igitur
597 4103 765 4140 vocem
792 4103 976 4154 meam,
1008 4099 1054 4141 et
1068 4103 1234 4158 surge,
1262 4089 1528 4158 statimque
1555 4088 1679 4141 vade

93 4174 161 4227 ad
180 4174 359 4229 Laban
385 4177 591 4244 fratrem
618 4194 784 4232 meum
806 4178 859 4231 in
886 4176 1154 4244 Charram,
1176 4179 1267 4233 M.
1299 4187 1345 4231 et
1366 4178 1534 4231 habita
1561 4194 1673 4230 cum

93 4282 151 4319 eo
172 4267 243 4320 ad
265 4268 458 4337 aliquot
486 4268 615 4333 dies,
645 4285 905 4340 usquequo
926 4278 1180 4323 avertatur
1208 4270 1285 4322 ira
1312 4279 1360 4322 et
1394 4269 1674 4338 indignatio

93 4357 271 4425 fratris
298 4358 374 4411 tui
401 4374 520 4429 erga
553 4368 620 4424 te,
644 4359 733 4414 45.
757 4366 803 4413 et
829 4358 1153 4435 obliviscatur
1174 4374 1288 4429 qua:
1318 4359 1365 4412 ei
1404 4360 1599 4429 fecisti:
1627 4368 1675 4412 et

91 4448 293 4503 mittam
319 4450 621 4504 etreducam
651 4459 697 4503 te
730 4449 868 4516 inde,
907 4465 971 4502 ne
1002 4448 1133 4525 forte
1155 4464 1257 4501 uno
1278 4447 1360 4500 die
1395 4448 1530 4501 vobis
1572 4464 1676 4500 am-

92 4539 249 4595 bobus
270 4542 433 4596 orbcr.
465 4543 578 4605 Abi,
607 4542 795 4614 inquit,
820 4541 889 4593 ad
928 4545 1136 4611 fratrem
1178 4556 1341 4593 meum
1379 4539 1577 4605 Laban,
1612 4548 1660 4594 et

92 4630 264 4686 habita
294 4634 401 4687 illic
425 4651 540 4687 cum
569 4651 649 4688 eo.
685 4633 981 4688 Verisimile
1006 4633 1148 4687 enim
1177 4642 1258 4687 est
1283 4633 1671 4702 separationem

88 4733 145 4779 et
169 4725 429 4794 temporis
450 4739 763 4794 processum
788 4739 944 4794 posse
970 4722 1169 4792 aliquid
1197 4723 1447 4793 amplius,
1476 4737 1672 4793 nempe

88 4814 333 4886 mitigare
362 4816 516 4879 iram,
559 4814 808 4869 invidiam
837 4814 1026 4869 sedare
1048 4821 1104 4870 et
1129 4812 1451 4869 oblivionem
1479 4812 1671 4869 afferre

85 4920 273 4961 eorum
300 4923 419 4978 quae
448 4909 500 4961 in
531 4908 672 4963 furto
697 4907 1081 4963 benedictionis
1098 4914 1247 4977 gesta
1272 4917 1415 4962 sunt.
1448 4906 1514 4961 Et
1537 4907 1670 4962 obli-

84 4999 328 5067 viscatur,
357 5001 548 5070 inquit,
574 5016 689 5070 qua:
712 5002 890 5071 feceris
913 5001 979 5054 ei.
1023 5000 1320 5056 Verisimile
1345 5010 1447 5066 est,
1475 5001 1666 5072 inquit,

83 5106 209 5145 eum
238 5091 398 5147 irasci
430 5093 487 5148 ις
521 5092 642 5149 ideo
679 5108 774 5162 par
797 5102 879 5148 est
916 5104 974 5149 ut
1008 5094 1139 5149 iram
1171 5104 1224 5149 et
1263 5094 1517 5165 impetum
1554 5095 1670 5166 ejus

90 5306 102 5317 ο
147 5248 163 5278 ι
202 5253 251 5317 In
280 5260 458 5317 graeco,
480 5262 648 5317 ειιάτνς,
663 5263 785 5317 “an,
801 5262 995 5317 ἀρτιζιτει.
1016 5252 1079 5300 Ad
1104 5252 1295 5317 literam
1316 5251 1492 5317 melius
1514 5262 1666 5315 esset,

72 5308 191 5374 jure
214 5308 446 5359 irascitur
469 5324 485 5359 .·
510 5318 560 5358 et
586 5308 799 5374 lin-[assis
822 5308 909 5361 hoc
925 5314 1091 5361 dicere
1112 5313 1264 5361 voluit
1288 5308 1664 5374 Cltrysostomus:

79 5373 133 5433 Et
158 5384 299 5429 vero,
315 5379 369 5420 ut
388 5374 549 5420 statim
565 5372 775 5431 videtur,
799 5387 941 5423 causa
956 5374 1122 5422 aderat
1145 5382 1197 5423 ttt
1222 5372 1515 5423 irasceretur
1527 5379 1666 5433 Esau,

79 5431 143 5477 oh
165 5442 443 5493 surreptam
480 5436 569 5482 sibi
596 5433 762 5483 fraude
795 5436 1241 5497 primogenitnratn.
1275 5437 1365 5483 Etsi
1391 5438 1520 5484 enim
1541 5431 1670 5487 dicat

80 5497 391 5558 angustinns,
416 5502 560 5543 'romo
584 5503 654 5555 IV,
676 5508 782 5558 cap.
814 5498 886 5555 10,
936 5504 1041 5557 post
1080 5498 1283 5554 initium,
1331 5497 1377 5543 id
1402 5497 1528 5558 quod
1554 5512 1665 5546 sua-

77 5552 237 5621 dgeute
261 5565 416 5621 matre
453 5558 569 5621 iecit
589 5552 749 5614 Jacob,
776 5552 1006 5606 non-csse
1031 5552 1348 5614 mendacium,
1371 5552 1459 5606 sed
1484 5567 1664 5621 myste-

77 5616 226 5671 rium,
250 5625 303 5664 et
323 5620 428 5678 ipse
447 5619 807 5681 Chrysostomus
827 5631 971 5680 supra
995 5622 1222 5668 Rebeccae
1246 5627 1297 5668 et
1314 5621 1473 5668 Jacobi
1492 5616 1665 5668 factum

79 5681 434 5743 exettsaverit;
448 5682 599 5739 primo
621 5688 783 5743 tamen
806 5683 979 5732 intuitu
1004 5681 1233 5732 fallaciam
1255 5682 1594 5743 conspicimus,
1610 5690 1663 5732 et

78 5739 201 5786 hsais
218 5740 333 5801 jure
356 5741 631 5805 indignatus
654 5741 860 5793 videtur.

920 303 989 362 IN
1022 305 1175 365 CAP.
1212 309 1425 367 XXVII.
1466 312 1554 369 ΕΤ
1589 312 1826 370 XXVIII.
1865 317 2105 379 GENES.
2145 324 2373 384 llOMlL.
2417 328 2529 386 LIV

3293 344 3397 400 47s

1824 431 2083 504 declines,
2111 439 2157 494 si
2198 439 2335 498 forte
2361 459 2460 515 per
2497 456 2703 517 tempus
2736 452 2815 507 rei
2841 461 3003 523 gesta:
3031 457 3391 515 obliviscatur.

1818 532 1875 579 et
1900 536 2081 595 postea
2108 545 2230 585 cum
2252 533 2496 593 libertate
2520 540 2691 607 possis
2711 540 2796 596 ltic
2820 543 3143 600 domicilium
3164 547 3381 603 habere.

1820 615 1890 669 Et
1918 632 1988 673 ne
2016 618 2156 676 filius
2180 621 2297 691 ejus
2324 627 2578 694 gravatim
2608 629 2762 696 ferat,
2784 634 2924 702 quod
2943 645 3162 705 cogatur
3186 637 3239 691 in
3259 638 3389 693 alic-

1816 719 1939 759 nam
1980 715 2173 764 terram
2199 712 2393 780 {abirez
2425 716 2544 772 vide
2576 722 2843 785 quomodo
2880 723 3082 779 soletur
3101 727 3237 780 illius
3262 728 3383 780 ani—

1815 810 1979 850 mam.
2022 798 2254 854 Primum
2300 804 2514 872 quidem
2551 808 2720 864 dixit:
2749 810 2846 865 Abi
2869 813 2937 866 ad
2960 812 3138 868 Laban
3174 819 3383 887 fratrem

1814 902 1998 977 meum.
2027 890 2162 945 Num
2190 892 2258 947 ad
2286 907 2594 952 extraneum
2623 910 2678 955 et
2709 903 2939 958 alienum
2972 905 3051 961 ire
3093 915 3146 961 te
3179 907 3390 977 jubeo?

1812 976 1894 1031 Ad
1912 982 2121 1049 fratrem
2145 1000 2310 1038 meum
2340 986 2443 1053 abi,
2465 998 2511 1043 et
2530 989 2702 1045 habita
2723 1010 2838 1046 cum
2864 1011 2922 1048 eo
2949 996 3018 1049 ad
3036 997 3142 1051 dies
3168 976 3379 1068 aliquot.

1812 1068 2003 1139 Breve,
2034 1073 2219 1143 inquit,
2263 1087 2492 1148 tempus,
2527 1096 2725 1150 paucos
2751 1086 2887 1151 dies,
2930 1103 3205 1158 quousque
3233 1092 3385 1159 quie-

1812 1171 1929 1217 scat
1952 1163 2050 1217 ira.
2078 1164 2227 1221 Nunc
2254 1169 2396 1224 enim
2425 1170 2594 1227 fervet
2618 1173 2908 1242 indignatio
2932 1176 3066 1244 ejus.
3092 1195 3263 1247 neque
3290 1195 3384 1249 pa-

1813 1255 1908 1309 tris
1937 1256 2149 1313 habebit
2174 1262 2524 1317 reverentiam
2562 1264 2639 1319 ira
2676 1267 2843 1322 semel
2872 1266 3180 1335 inundante,
3210 1286 3384 1341 neque

1809 1356 2062 1414 quantum
2105 1348 2351 1405 fraterme
2384 1354 2759 1409 necessitudini
2810 1356 3000 1412 debeat
3048 1359 3101 1412 in
3150 1369 3381 1414 mentem

1807 1438 2064 1506 accipiet:
2104 1440 2197 1495 sed
2235 1457 2398 1495 unum
2448 1443 2549 1499 hoe
2586 1456 2729 1515 aget,
2758 1454 2815 1499 ttt
2848 1446 3080 1501 furorem
3111 1464 3263 1503 suum
3289 1466 3383 1504 ex-

1808 1527 1970 1596 pleat.
1997 1528 2065 1583 Et
2092 1531 2312 1598 mittens,
2342 1534 2518 1588 statim
2560 1535 2677 1590 inde
2709 1537 2949 1589 reducam
2972 1547 3040 1589 te.
3066 1538 3161 1603 Te,
3190 1539 3379 1607 inquit,

1808 1620 2093 1676 revocabo.
2118 1623 2219 1676 Abi
2244 1622 2405 1692 igitur
2430 1624 2566 1679 bona
2593 1641 2713 1680 cum
2743 1626 2933 1681 ﬁducia
2956 1642 2971 1687 ς
3001 1635 3051 1682 te
3075 1629 3213 1683 enim
3240 1644 3380 1683 nun-

1774 1744 1777 1747 μ
1808 1708 1893 1763 tiis
1914 1724 1982 1765 eo
2011 1712 2187 1767 missis
2224 1713 2511 1770 reducam:
2541 1731 2664 1769 nam
2697 1714 2766 1770 de
2802 1726 2913 1770 toto
2942 1717 3071 1771 mihi
3105 1727 3379 1772 certamen

1803 1809 1905 1862 est,
1935 1801 2002 1857 de
2026 1812 2254 1873 utroque
2279 1807 2434 1859 anxia
2460 1821 2601 1872 sum,
2634 1822 2702 1862 ne
2731 1806 2867 1881 forte
2911 1818 3135 1878 utroque
3176 1810 3374 1879 priver.

1802 1892 1937 1948 Vide
1959 1897 2271 1964 sapientiam
2302 1898 2507 1965 matris,
2542 1913 2662 1970 qum
2695 1914 2725 1954 a
2757 1900 2927 1968 seipsa
2955 1910 3120 1966 mota,
3148 1901 3254 1955 imo
3281 1901 3375 1957 Dei

1801 1983 2130 2051 praedictioni
2153 1986 2317 2041 etiam
2346 2003 2488 2042 nunc
2525 1988 2784 2056 serviens,
2826 1989 2915 2043 illa
2952 1990 3184 2046 consulit
3208 2005 3376 2061 puero

1799 2091 1919 2144 qua:
1944 2077 2189 2134 Christus
2223 2078 2499 2151 discipulis
2541 2082 2654 2135 suis
2692 2082 3026 2149 consulebat,
3068 2098 3134 2136 ne
3174 2090 3378 2138 temere

1802 2167 2049 2235 periculis
2078 2183 2138 2223 se
2165 2170 2543 2237 immiscerent,
2576 2170 2669 2226 sed
2698 2186 2911 2226 secessu
2948 2172 3205 2226 insaniam
3236 2172 3377 2228 male

1799 2257 2114 2313 al'fectorum
2152 2258 2537 2315 demulcerent.
2570 2261 2683 2316 Hoc
2730 2263 2887 2332 igitur
2927 2264 3086 2318 etiam
3130 2264 3217 2318 illa
3264 2264 3373 2318 filio

1795 2352 2043 2419 consulit,
2070 2354 2298 2422 primum
2323 2353 2439 2423 ejus
2463 2353 2641 2409 animo
2670 2354 2913 2409 ﬁduciam
2947 2355 3135 2410 indens
3174 2365 3230 2410 ut
3258 2356 3372 2412 dis-

1794 2459 2002 2499 cessum
2040 2460 2144 2500 non
2181 2459 2323 2515 aegre
2363 2444 2560 2509 ferret,
2606 2453 2731 2500 tunc
2766 2445 3018 2515 deinceps
3062 2454 3116 2502 et
3157 2461 3370 2502 causam

1795 2532 2071 2589 honestam
2104 2535 2413 2605 profectioni
2442 2535 2559 2604 ejus
2595 2537 2879 2605 excogitat,
2916 2537 2989 2590 ita
3019 2544 3077 2591 ut
3104 2553 3170 2593 ne
3194 2537 3368 2591 mani-

1793 2625 1927 2681 fcste
1954 2626 2191 2682 videatur
2212 2637 2429 2697 propter
2448 2626 2625 2683 fratris
2646 2627 2893 2683 invidiam
2924 2627 3194 2695 recedere,
3232 2645 3370 2685 neve

1774 2728 1943 2789 pater
1955 2719 2089 2775 sciat
2107 2733 2282 2774 veram
2296 2720 2737 2790 peregrinationis
2754 2733 2988 2787 causam,
3004 2719 3148 2774 Esait
3167 2720 3373 2775 scilicet

1794 2810 2202 2894 indignationem
2228 2819 2411 2866 contra
2430 2812 2595 2865 illum.
2614 2811 2707 2868 46.
2734 2809 2801 2865 Et
2821 2812 3064 2882 ingressa,
3092 2812 3280 2882 inquit,
3300 2812 3369 2865 ad

1793 2901 1943 2956 Isaac
1965 2902 2189 2957 Rebecca
2212 2901 2342 2957 dixit
2358 2918 2378 2958 :
2402 2900 2581 2956 Gravis
2607 2902 2730 2955 mihi
2755 2904 2858 2956 vita
2888 2912 2960 2957 est
2992 2911 3199 2973 propter
3236 2902 3371 2973 ﬁlias

1778 2997 2014 3064 ﬁliorum
2057 2997 2199 3052 Chal.
2240 2996 2301 3051 Si
2344 2996 2589 3066 acceperit
2623 2995 2784 3050 Iacob
2823 3010 3032 3051 uxorem
3068 2998 3132 3050 dc
3162 2996 3366 3065 ﬁliabus

1793 3097 1941 3141 terra:
1962 3087 2124 3153 istius,
2148 3086 2217 3141 ad
2239 3086 2360 3157 quid
2388 3086 2512 3139 mihi
2532 3088 2633 3139 vita
2648 3086 2676 3139 ?

1865 3177 1918 3232 3.
1938 3176 2224 3233 Considera
2248 3175 2514 3245 quomodo
2539 3176 2819 3231 honestum
2849 3176 3048 3232 invmit
3066 3177 3364 3233 obtentum.

1790 3269 2013 3335 Quando
2046 3269 2186 3325 enim
2211 3268 2364 3323 nobis
2384 3283 2611 3338 superna
2635 3269 2801 3339 gratia
2827 3270 3159 3339 cooperatrix
3179 3278 3280 3334 est,
3309 3278 3365 3325 et

1788 3362 2019 3416 dil‘licilia
2036 3360 2208 3416 facilia
2227 3360 2382 3429 liuttt,
2400 3371 2454 3417 et
2472 3361 2650 3432 gravia
2668 3362 2826 3417 levia.
2849 3364 2982 3430 Quia
3005 3364 3163 3434 igitur
3178 3373 3232 3419 et
3249 3364 3364 3418 hate

1789 3452 1975 3508 habuit
2006 3454 2169 3508 Deum
2201 3452 2482 3507 sententiae
2504 3468 2616 3507 suae
2644 3462 2990 3520 annuentetn,
3014 3454 3213 3519 omnia,
3246 3470 3365 3523 quae

1785 3544 1853 3598 ad
1894 3544 2126 3599 futuram
2163 3542 2613 3612 dispensationem
2650 3553 2706 3599 et
2754 3543 2820 3598 ad
2857 3546 3081 3599 salutem
3118 3544 3209 3598 filii
3233 3559 3364 3599 con-

1786 3636 1983 3690 ducere
2024 3642 2289 3703 poterant,
2328 3635 2590 3703 suggessit
2624 3633 2741 3702 ejus
2783 3635 2968 3689 menti.
3004 3633 3183 3688 Gravis
3208 3634 3355 3700 mihi,

1788 3726 1978 3796 inquit,
2006 3736 2078 3778 est
2104 3726 2204 3779 vita
2226 3741 2336 3778 mea
2364 3734 2569 3794 prapter
2592 3724 2727 3794 ﬁlias
2752 3725 2971 3794 ﬁliorum
3002 3725 3147 3780 Cltet.
3174 3726 3236 3780 Si
3271 3740 3364 3778 ac-

1785 3819 1971 3887 ceperit
2002 3816 2163 3871 Iacob
2190 3833 2398 3871 uxorem
2437 3816 2501 3870 de
2527 3815 2730 3886 ﬁliabus
2772 3825 2920 3870 terra:
2947 3816 3118 3888 hujus,
3150 3818 3217 3869 ad
3244 3816 3365 3886 quid

1785 3910 1911 3963 mihi
1935 3910 2038 3962 vita
2059 3908 2085 3962 .9
2114 3907 2211 3962 Hic
2234 3907 2363 3962 mihi
2391 3906 2693 3977 significare
2717 3905 2925 3961 videtur
2950 3907 3209 3976 pessimos
3234 3922 3365 3961 uxo-

1784 4015 1901 4055 rutn
1928 3999 2071 4054 Esaii
2099 4012 2296 4062 mores,
2316 4012 2436 4067 quae
2462 3996 2542 4052 eis
2570 3995 2765 4052 fuerint
2789 3996 2968 4050 multa:
2996 3995 3362 4051 amaritudinis

1781 4105 1962 4147 causa.
1996 4090 2204 4145 Etenim
2246 4089 2314 4145 de
2363 4089 2506 4143 Esau
2551 4087 2793 4157 superius
2821 4088 3055 4141 narravit
3089 4086 3241 4141 nobis
3279 4086 3360 4140 di-

1783 4185 1904 4239 vina
1943 4183 2240 4254 Scriptura,
2279 4181 2419 4251 quod
2457 4180 2723 4250 acceperit
2749 4194 2779 4233 a
2808 4178 3058 4234 Chettmis
3090 4190 3144 4234 et
3182 4178 3360 4233 Evmis

1780 4289 1994 4339 uxores,
2016 4289 2136 4345 qua:
2149 4271 2534 4342 exasperabant
2549 4269 2694 4325 Isaac
2710 4278 2764 4326 et
2780 4269 3073 4325 Rebeccant
3098 4268 3251 4340 (Gen.
3267 4268 3362 4323 26.

1783 4365 1874 4422 54.
1904 4364 2034 4436 35).
2081 4364 2207 4418 llaec
2233 4363 2391 4432 igitur
2432 4362 2485 4416 in
2513 4360 2822 4415 memoriam
2851 4359 2900 4414 ei
2939 4372 3223 4429 suggerere
3262 4373 3360 4414 vo-

1781 4458 1919 4524 lens,
1957 4457 2032 4511 ita
2075 4456 2186 4511 fere
2224 4454 2490 4523 loquitur:
2530 4453 2649 4508 Scis
2684 4452 2949 4522 quontodo
2985 4451 3145 4506 vitam
3183 4466 3355 4506 nteam

1780 4547 2173 4603 cxacerbarunt
2195 4559 2388 4599 uxores
2418 4544 2579 4609 Esai‘t,
2609 4553 2665 4598 et
2687 4547 2954 4613 quomodo
2992 4554 3208 4614 propter
3241 4543 3357 4597 illa-

1779 4654 1896 4693 rum
1937 4638 2189 4692 malitiam
2217 4637 2270 4690 in
2295 4649 2485 4690 omnes
2509 4635 2646 4691 ﬁlias
2673 4634 2897 4691 filiorum
2927 4635 3058 4690 Cbet
3087 4636 3223 4690 male
3243 4635 3359 4688 alti-

1779 4731 1911 4795 cior,
1929 4738 1983 4784 et
2007 4736 2220 4798 propter
2237 4727 2355 4782 illas
2379 4742 2590 4782 omnent
2617 4736 2830 4797 gentem
2859 4743 3077 4782 exesam
3104 4726 3349 4789 habeam;

1778 4821 1822 4876 si
1850 4820 2005 4889 igitur
2032 4819 2306 4889 contingat
2332 4827 2387 4872 et
2408 4817 2573 4873 Iacob
2613 4833 2681 4872 ex
2723 4818 2828 4871 illis
2870 4831 3092 4873 uxorem
3134 4817 3352 4882 ducere,

1776 4927 1895 4982 qua:
1916 4910 2046 4965 mihi
2078 4919 2259 4980 postea
2288 4910 2475 4964 salutis
2497 4909 2659 4977 spes?
2682 4907 2763 4961 Ad
2784 4908 2908 4974 quid
2932 4908 3054 4959 mihi
3082 4914 3193 4959 tum
3227 4906 3354 4958 vita?

1776 5006 1907 5061 Nam
1946 5005 1993 5061 si
2037 5005 2154 5059 illas
2181 5005 2317 5058 ferre
2359 5017 2463 5056 non
2494 5016 2794 5071 possumus,
2824 5000 2869 5052 si
2909 4999 3070 5055 etiam
3093 4997 3257 5052 Jacob
3290 5012 3351 5048 «εκ

1776 5098 1986 5154 filiabus
2025 5107 2180 5152 terra:
2209 5095 2365 5164 hujus
2403 5108 2622 5147 uxorem
2651 5089 2937 5158 acceperit,
2965 5097 3143 5142 actum
3174 5095 3257 5141 est
3284 5087 3352 5140 de

1776 5189 1880 5243 vita
1901 5198 2099 5242 nostra.
2117 5185 2319 5253 Quibus
2337 5182 2533 5237 auditis
2550 5182 2713 5247 Isaac,
2731 5190 2889 5249 atque
2905 5177 3119 5232 malitia:
3141 5176 3350 5230 illarum

1773 5278 2101 5342 recordatus,
2127 5279 2177 5331 l.
2203 5275 2351 5330 Isaac
2382 5273 2630 5327 advocans
2643 5271 2824 5335 Iacob,
2854 5269 3103 5325 benedixit
3122 5284 3254 5330 eum,
3275 5267 3352 5318 in-

1772 5372 1908 5438 quit,
1920 5379 1964 5422 et
1986 5369 2220 5439 praecepit
2239 5368 2285 5421 ei
2291 5409 2306 5433 ,
2324 5367 2493 5419 dicens
2506 5380 2525 5417 :
2538 5363 2658 5417 Non
2674 5380 2846 5418 sumes
2860 5377 3063 5415 umorem
3077 5362 3140 5412 de
3149 5358 3352 5427 ﬁliabus

1775 5463 2208 5524 Chanautcorum;
2238 5458 2292 5511 2.
2315 5457 2402 5511 sed
2420 5472 2588 5526 surge,
2610 5464 2657 5507 et
2684 5453 2809 5505 vade
2833 5452 2886 5506 in
2909 5449 3347 5518 MesOpotamiant,

1773 5554 1825 5606 in
1852 5552 2057 5605 domum
2090 5551 2249 5619 patris
2270 5548 2445 5601 matris
2479 5558 2600 5611 tute,
2633 5556 2680 5599 et
2703 5544 2875 5613 accipe
2892 5542 2977 5595 tibi
3006 5541 3122 5593 inde
3148 5554 3350 5591 uxorem

1770 5643 1833 5696 de
1862 5641 2063 5707 ﬁliabus
2100 5639 2271 5709 fratris
2316 5638 2492 5692 matris
2535 5647 2631 5690 tua:
2669 5634 2826 5707 (Cap.
2868 5632 2995 5703 28).
3042 5630 3220 5697 Neque
3268 5626 3350 5679 his

1770 5742 2053 5788 contentus
2090 5729 2290 5796 verbis,
2330 5728 2496 5783 voluit
2533 5736 2590 5783 ct
2630 5726 2947 5783 alacriorem
2976 5737 3099 5780 eum
3128 5717 3350 5775 reddere
